3976 6222
348 404 383 411 4,,
432 402 494 411 ,ν
577 396 3471 409 “mew-_.

302 400 3555 456 Μ

1004 588 1201 740 ΙΝ
1382 580 2020 739 ΟΡΕΒΑ
2167 584 2841 742 ΡΗΟΤΙΙ

1415 876 1626 941 NUNC
1670 877 1987 941 PRIMUM
2031 877 2449 941 COLLECTA

401 1058 1081 1166 EDITOBUM
1162 1057 2024 1167 PATROLOGUE
2102 1057 2603 1165 GBZECZE
2677 1058 3408 1167 PBIEFATIO.

1742 1257 2137 1270 ..ψ-

1433 1352 1474 1410 l.
1496 1384 1567 1399 -—
1600 1353 1677 1410 De
1706 1371 1933 1425 persona
1971 1363 2021 1410 et
2059 1356 2220 1426 gestis
2256 1353 2458 1409 Photii.

364 1456 598 1514 Photius
633 1458 964 1529 scriptorum
996 1475 1223 1517 suorum
1248 1464 1407 1534 copia
1438 1474 1493 1521 et
1514 1466 1766 1522 doctrina
1796 1465 2047 1534 celebris,
2099 1476 2157 1522 at
2191 1466 2553 1531 facinoribus,
2590 1467 2794 1538 quibus
2824 1467 2916 1521 diu
2950 1466 3249 1523 Ecclesium
3288 1468 3577 1537 perturba-

290 1545 396 1605 vit,
425 1554 483 1599 et
507 1547 849 1601 teterrimum
878 1549 1118 1605 schisma
1158 1552 1530 1623 inauguravit,
1562 1555 1724 1626 longe
1771 1554 2039 1609 celebrior
2067 1555 2259 1611 evasit.
2292 1554 2464 1625 Cujus
2505 1556 2703 1610 indolis
2735 1563 2790 1609 et
2830 1555 3029 1624 agendi
3071 1555 3301 1609 rationis
3330 1554 3576 1609 notitiam

294 1643 353 1687 ut
381 1634 558 1687 lector
583 1634 653 1688 ab
675 1633 834 1689 initio
864 1647 1207 1707 perspectam
1238 1641 1460 1707 habeat,
1498 1651 1651 1712 gesta
1680 1642 1803 1711 ejus
1827 1640 2171 1697 brevissimis
2204 1643 2388 1698 verbis
2418 1643 2823 1697 enarrabimus.
2881 1662 2887 1669 -

365 1719 620 1799 lgnatius
652 1722 935 1777 Michaelis
965 1724 1330 1797 Curopalatae,
1364 1731 1713 1799 imperatoris
1733 1728 2325 1799 ConstantinOpolitani
2370 1730 2539 1794 ﬁlius,
2565 1729 2658 1785 sed
2691 1729 2761 1783 ab
2800 1726 3026 1783 infantia
3064 1743 3094 1782 a
3125 1726 3309 1783 Leone
3338 1727 3579 1782 Armeno

292 1798 812 1878 eviratus,'nejura
851 1812 1005 1882 regni
1046 1814 1148 1868 sibi
1191 1798 1803 1885 unquamivindicaret,
1846 1798 2145 1874 monachus
2193 1818 2254 1873 S.
2305 1817 2485 1888 Satyri
2526 1826 2581 1871 et
2620 1816 2883 1871 sacerdos
2929 1815 3125 1880 factus,
3170 1829 3320 1870 anno
3366 1815 3493 1877 846,
3525 1816 3577 1868 in

291 1896 671 1964 patriarcham
703 1899 1376 1970 (lonstantinopolitanum
1423 1906 1760 1969 electusest,
1786 1916 1842 1960 et
1871 1906 2054 1962 sedem
2100 1905 2521 1975 patriarchalem
2565 1903 2733 1960 Novae
2772 1903 2979 1968 Roma},
3031 1903 3278 1957 omnium
3314 1906 3577 1956 virtutum

287 1984 727 2039 sacerdotalium
760 1987 1052 2055 splendore
1085 1990 1399 2047 illustravit.
1435 1991 1591 2047 Tunc
1618 1994 1881 2063 temporis
1923 1994 2212 2064 imperium
2243 1993 2686 2058 administrabat,
2726 1992 2894 2071 veluti
2934 1990 3031 2045 ﬁlii
3062 1990 3149 2046 sui
3200 1990 3367 2045 tutrix
3402 1990 3581 2044 Theo-

289 2072 453 2136 dora,
483 2071 768 2127 Michaelis
796 2074 937 2129 ebrii
970 2086 1165 2142 mater,
1200 2094 1331 2148 qua:
1348 2095 1494 2133 anno
1544 2081 1670 2144 842,
1717 2082 1967 2138 haeresim
2017 2081 2506 2148 lconoclastarum,
2561 2090 2857 2151 postquam
2901 2095 2998 2151 per
3036 2093 3214 2136 annos
3258 2086 3481 2134 centum
3524 2086 3583 2132 et

289 2158 486 2229 viginti
525 2162 741 2215 vineam
776 2160 995 2217 Domini
1028 2174 1322 2230 vastasset,
1355 2167 1575 2221 tandem
1610 2169 1923 2223 soﬂocavit.

359 2245 623 2312 Michael,
665 2263 790 2302 cum
830 2265 1035 2306 annum
1080 2253 1403 2324 vigesimum
1452 2257 1687 2325 primum
1715 2258 1892 2312 aetatis
1923 2272 2038 2313 suae
2077 2258 2370 2328 attigisset,
2410 2273 2554 2313 anno
2601 2257 2809 2314 scilicet
2852 2256 2979 2323 857,
3026 2270 3195 2311 suasu
3224 2253 3417 2308 Bardae
3446 2252 3569 2307 Cae-

290 2336 464 2401 saris,
514 2346 571 2391 et
622 2339 880 2393 avunculi
931 2341 1039 2409 sui,
1090 2342 1315 2397 tutelam
1363 2344 1556 2399 matris
1603 2346 1865 2411 excussit,
1912 2354 1970 2401 et
2011 2361 2122 2415 quo
2170 2346 2389 2401 facilius
2429 2346 2613 2417 pravis
2650 2346 2768 2401 suis
2805 2343 3199 2415 cupiditatibus
3248 2341 3577 2410 indulgeret,

292 2435 533 2477 matrem
575 2433 630 2479 et
667 2440 888 2483 sorores
932 2429 987 2483 in
1035 2432 1432 2485 monasterium
1482 2432 1699 2488 detrudi
1768 2448 1834 2489 ac
1892 2434 2102 2489 tonderi
2147 2434 2332 2504 jussit.
2374 2436 2444 2488 At
2494 2435 2697 2505 iniqua:
2746 2450 2860 2489 suae
2924 2432 3208 2489 sententia:
3266 2431 3583 2485 consentire

292 2509 478 2563 noluit
507 2509 753 2580 lgnatius
786 2515 1123 2583 patriarcha,
1152 2518 1235 2570 vir
1263 2518 1388 2587 pius
1426 2526 1480 2573 et
1498 2519 1703 2588 justus,
1732 2522 1825 2591 qui
1857 2522 1959 2575 hac
1982 2522 2055 2576 de
2115 2538 2282 2578 causa
2323 2522 2644 2579 Michaelem
2689 2522 3037 2577 vehementer
3058 2519 3285 2575 oll'endit
3312 2526 3367 2571 et
3391 2532 3421 2570 a
3450 2517 3584 2571 sedc

292 2597 681 2666 patriarchali,
706 2600 796 2655 die
822 2601 893 2655 23
920 2602 1246 2660 Novembris
1273 2621 1417 2659 anno
1440 2608 1567 2672 857,
1591 2623 1700 2661 non
1725 2608 1845 2663 sine
1868 2608 1946 2675 vi,
1972 2612 2232 2680 expulsus
2260 2619 2370 2666 est.

364 2684 614 2742 Sceleris
644 2688 809 2758 hujus
843 2691 1101 2760 praecipui
1134 2703 1388 2749 auctores
1423 2694 1645 2750 fuerunt
1676 2695 1881 2751 Bardas
1909 2696 2092 2752 Caesar
2119 2706 2175 2753 et
2196 2696 2430 2752 Michael
2474 2698 2807 2768 imperator;
2839 2706 2894 2751 at
2920 2696 3170 2767 ejusdem
3200 2700 3586 2762 cooperatores

292 2782 463 2826 erant
489 2772 744 2843 Photius,
768 2777 947 2833 adhuc
973 2779 1173 2843 laicus,
1223 2781 1315 2850 qui
1349 2782 1534 2836 sedem
1565 2784 1983 2853 patriarchalem
2012 2786 2276 2849 ambibat,
2307 2796 2359 2838 et
2388 2785 2683 2855 Gregorius
2707 2785 2930 2850 Abeste,
2960 2784 3250 2853 episcopus
3284 2782 3582 2853 Syracusa-

294 2876 423 2927 nus,
456 2877 623 2931 quem
658 2863 924 2932 lgnatius,
954 2882 1044 2920 an.
1075 2866 1205 2931 847,
1231 2870 1302 2924 ob
1339 2868 1584 2925 facinora
1618 2886 1740 2937 sua,
1771 2872 2068 2942 episcopali
2096 2872 2359 2941 dignitate
2383 2874 2732 2941 spoliaverat.
2754 2871 3071 2942 Gregorius,
3097 2871 3255 2940 jussu
3290 2870 3586 2937 imperato-

294 2951 393 3015 ris,
429 2949 693 3006 Photium
720 2952 940 3018 laieum,
968 2955 1002 3009 5
1026 2955 1238 3009 dierum
1262 2957 1439 3027 spatio
1467 2958 1534 3011 ad
1566 2973 1755 3013 sacros
1779 2958 2000 3014 ordines
2030 2968 2083 3014 et
2110 2959 2179 3013 ad
2211 2959 2388 3027 ipsum
2422 2960 2822 3028 episcopatum,
2852 2959 2906 3011 in
2936 2966 3307 3026 contemptum
3342 2954 3449 3009 SS.
3486 2969 3584 3009 ca-

296 3052 538 3106 nonum,
569 3043 864 3108 promovit,
894 3042 969 3095 ita
997 3053 1057 3098 ut
1085 3042 1313 3100 Photius
1341 3045 1430 3100 die
1460 3046 1532 3100 25
1560 3046 1873 3102 Decembris
1889 3047 2133 3117 ejusdem
2166 3046 2293 3101 anni
2318 3046 2423 3099 857
2440 3047 2698 3101 thronum
2729 3044 3150 3115 patriarchalem
3170 3043 3588 3100 conscenderets

364 3124 635 3196 Episcopi
683 3130 980 3197 provinciaa
1026 3130 1645 3203 Constantinopolitanae
1693 3150 1906 3199 omnes,
1953 3136 2199 3205 exceptis
2266 3143 2477 3188 tantum
2525 3134 2716 3203 viginti
2762 3141 2817 3188 et
2860 3148 2992 3198 uno,
3057 3147 3181 3185 mox
3242 3131 3297 3183 in
3354 3130 3584 3184 ecclesia

299 3211 359 3268 S.
418 3212 612 3281 irenes
651 3214 1127 3287 Constantinopoli
1182 3230 1575 3288 convenerunt,
1626 3230 1682 3276 et
1713 3220 1969 3278 Photium
2026 3236 2288 3292 tanquam
2328 3236 2601 3277 canonum
2636 3229 3068 3290 contemptorem
3108 3227 3163 3274 et
3212 3219 3360 3275 sedis
3390 3218 3583 3272 aliena:

299 3303 643 3367 invasorem,
672 3303 1046 3373 deposuerunt
1076 3315 1133 3360 et
1157 3308 1509 3377 anathemate
1538 3320 1953 3379 percusserunt.
3172 3327 3180 3335 ‘

366 3393 449 3445 At
488 3390 721 3449 Photius
773 3396 1101 3452 auctoritate
1142 3396 1331 3452 Bardtc
1351 3408 1407 3453 et
1448 3399 1726 3456 Michaelis
1783 3401 1976 3467 fretus,
2000 3398 2192 3471 viginti
2234 3406 2288 3452 et
2320 3412 2488 3452 unum
2538 3395 2826 3466 episcopos
2856 3396 2959 3452 sibi
2991 3397 3333 3451 adhaerentes
3361 3407 3587 3463 congre-

301 3479 458 3547 gavit
483 3478 540 3532 in
575 3480 777 3549 templo
811 3479 914 3535 SS.
947 3483 1353 3553 Apostolorum,
1386 3494 1440 3539 et
1485 3485 1751 3557 lgnatium
1787 3488 1858 3541 ob
1886 3486 2012 3542 ﬁcta
2046 3487 2279 3542 crimina
2315 3483 2586 3555 deposuit,
2621 3483 2785 3552 eique
2825 3485 3114 3539 anathema
3144 3483 3302 3537 dixit.

370 3566 699 3623 Conventus
731 3568 811 3622 illi
838 3570 971 3633 duo,
995 3585 1141 3625 annuo
1170 3571 1275 3627 859
1295 3572 1551 3627 celebrati
1584 3583 1734 3640 sunt;
1760 3582 1816 3628 at
1841 3574 2036 3629 nedum
2059 3588 2248 3644 pacem
2273 3579 2670 3636 restaurarent,
2703 3571 3033 3628 discordiam
3056 3573 3212 3627 novis
3239 3569 3589 3625 incrementis

304 3667 608 3711 auxerunt.

322 3782 325 3785 -
377 3745 511 3799 Ideo
537 3745 767 3801 Photius
803 3749 1188 3804 auctoritatem
1217 3750 1409 3820 prima:
1437 3751 1583 3806 sedis
1611 3750 1718 3806 sibi
1758 3748 2157 3808 conciliandam
2194 3764 2319 3807 esse
2348 3750 2583 3820 putavit,
2617 3763 2729 3821 quo
2767 3748 2985 3803 tandem
3033 3746 3375 3803 adversarios
3400 3743 3589 3814 oppri»

304 3844 510 3895 meret,
536 3844 592 3888 et
619 3835 804 3903 quiete
833 3850 931 3890 sna
965 3837 1628 3906 usurpatione'frueretur

378 3922 533 3978 Misit
561 3922 747 3991 itaque
779 3924 846 3978 ad
873 3923 1160 3980 Nicolaum
1192 3926 1212 3979 Ι
1240 3925 1550 3981 Romanum
1597 3927 1909 3996 pontiﬁcem
1936 3926 2149 3982 litteras
2183 3927 2576 3994 venerationis,
2612 3924 2946 3981 humilitatis
2986 3936 3049 3978 ac
3086 3921 3445 3991 subjectionis
3475 3921 3588 3988 ple-

308 4026 441 4075 nas,
482 4011 685 4080 quibus
713 4013 1010 4080 postulavit
1040 4022 1101 4068 ut
1128 4029 1383 4070 summus
1424 4015 1672 4084 pontifex
1712 4014 2246 4086 Constantinopolim
2278 4014 2489 4087 legatos
2518 4014 2782 4081 mitteret,
2811 4014 2907 4084 qui
2958 4010 3282 4067 dissidentes
3306 4010 3595 4078 episcopos

311 4099 588 4161 audirent,
612 4110 668 4154 et
693 4102 1067 4169 perturbatam
1109 4118 1298 4172 pacem
1327 4104 1696 4157 restituerent.

382 4186 649 4242 Nicolaus
668 4187 810 4242 votis
834 4186 1011 4243 Photii
1031 4191 1224 4243 annuit
1250 4200 1324 4253 et,
1346 4205 1492 4244 anno
1515 4190 1643 4254 860,
1666 4190 1830 4260 hujus
1860 4191 2061 4262 negetli
2095 4189 2365 4246 tractandi
2390 4204 2556 4245 causa
2583 4185 3117 4254 Constantinopolim
3141 4182 3290 4239 misit
3312 4179 3593 4235 Rhodoal-

312 4277 441 4331 dum
471 4285 524 4330 et
546 4275 868 4330 Zachariam
897 4277 1203 4347 episcopos,
1226 4278 1321 4348 qui
1353 4294 1477 4333 cum
1513 4296 1539 4331 a
1564 4277 1760 4333 Photio
1798 4278 2031 4335 fuissent
2069 4278 2449 4343 circumventi,
2489 4278 2685 4346 partim
2710 4291 2777 4328 ex
2803 4277 3019 4335 timore,
3048 4271 3242 4340 partim
3273 4285 3339 4323 ex
3367 4270 3590 4337 pusilla-

314 4365 586 4425 nimitate,
615 4365 666 4416 in
709 4364 943 4417 concilio
977 4366 1082 4419 518
1102 4367 1482 4436 episcoporum
1505 4382 1645 4437 quos
1665 4365 1889 4421 Photius
1920 4377 2338 4431 eonvocaverat,
2368 4367 2419 4419 iu
2443 4363 2841 4435 depositionem
2864 4360 3059 4431 Ignatii
3098 4367 3518 4414 consenserunt.

387 4453 459 4505 At
490 4450 684 4505 eodem
720 4466 864 4504 anno
893 4451 1018 4515 861,
1043 4453 1323 4519 Nicolaus,
1358 4466 1647 4525 postquam
1676 4458 1977 4528 legatorum
2009 4470 2232 4509 suorum
2255 4453 2756 4524 przevarieationem
2785 4447 3155 4519 cognovisset,
3183 4445 3369 4499 Roma:
3402 4445 3559 4499 conci
3584 4471 3593 4480 ι

318 4539 450 4593 lium
491 4538 821 4593 coadunavit
842 4548 915 4603 et,
945 4555 1131 4594 coram
1163 4542 1341 4609 legato
1368 4542 1647 4599 Michaelis
1676 4544 2025 4614 imperatoris
2058 4542 2189 4606 CP.,
2218 4541 2522 4596 declaravit
2565 4556 2623 4595 se
2652 4552 2785 4594 suos
2815 4539 3020 4607 legatos
3060 4533 3590 4601 Constantinopolim

318 4642 425 4679 non
458 4626 684 4681 misisse
709 4636 765 4679 ut
799 4625 1198 4695 depositionem
1239 4629 1434 4696 lgnatii
1458 4640 1513 4685 et
1542 4633 1950 4701 usurpationem
1980 4632 2162 4686 Photii
2192 4640 2342 4686 ratas
2366 4631 2655 4692 haberent,
2683 4627 2778 4683 sed
2809 4636 2871 4681 ut
2905 4634 3105 4681 statum
3142 4638 3324 4677 rerum
3368 4622 3596 4690 indaga~

282 4727 439 4792 1,rcnt
467 4727 522 4771 et
550 4718 618 4771 de
656 4718 911 4771 remediis
949 4718 1015 4772 ad
1059 4721 1361 4774 sanandam
1411 4722 1545 4775 cleri
1590 4722 1918 4777 discordiam
1962 4723 2104 4793 aptis
2143 4720 2466 4776 sententiam
2518 4716 2847 4787 proferrent.
2892 4746 2963 4755 —
3006 4714 3212 4769 Deinde
3263 4720 3385 4783 post
3439 4712 3592 4765 bien-

321 4806 497 4870 nium,
543 4820 669 4859 eum
716 4804 946 4859 Photius
983 4822 1014 4860 a
1055 4805 1290 4861 fovendo
1319 4810 1616 4865 schismate
1647 4810 2269 4879 Constantinopolitano,
2322 4816 2373 4862 ct
2400 4807 2469 4860 ab
2508 4804 2812 4861 exercenda
2867 4802 3149 4873 tyrannide
3186 4815 3291 4853 non
3328 4807 3590 4861 cessaret,

318 4892 582 4949 Nicolaus
607 4896 650 4958 Ι,
685 4910 775 4949 an.
810 4894 937 4958 863,
967 4896 1023 4950 in
1053 4897 1288 4950 concilio
1314 4896 1583 4965 Romano,
1612 4915 1672 4953 ea
1707 4915 1827 4969 qua:
1846 4916 1936 4953 an.
1966 4898 2062 4951 86l
2098 4908 2284 4950 contra
2334 4894 2599 4965 lgnatium
2635 4902 2754 4947 acta
2785 4892 3001 4945 fuerant
3034 4889 3313 4951 rescindit,
3346 4887 3591 4939 Photium

323 4992 706 5051 usurpatorem
756 4983 951 5036 alienae
992 4984 1139 5039 sedis
1170 4984 1487 5053 declaravit,
1522 4994 1577 5040 et
1615 4986 1823 5057 legatos
1871 5000 2024 5049 suos,
2054 4986 2145 5055 qui
2190 4984 2700 5054 praevaricavcraut,
2757 4981 3074 5050 episcopatu
3126 4987 3179 5032 et
3207 4976 3598 5029 communione

322 5069 693 5123 ecclesiastica
716 5071 972 5138 privavit.

396 5155 605 5211 Nedum
641 5157 866 5213 Photius
890 5173 1162 5228 suprema:
1191 5161 1531 5217 auctoritatis
1557 5147 1786 5231 judicio,
1812 5162 1957 5231 quod
1990 5168 2405 5232 provocaverat,
2429 5158 2823 5229 acquiesceret,
2846 5158 2901 5210 in
2925 5156 3053 5210 illud
3077 5155 3339 5210 audacter
3368 5150 3595 5207 rebella-

325 5246 422 5308 vit,
444 5253 495 5300 et
523 5260 588 5300 eo
619 5248 943 5301 temeritatis
966 5248 1205 5313 devenit,
1238 5259 1296 5304 ut
1334 5250 1558 5320 proprio
1585 5260 1760 5306 marte
1790 5261 1910 5306 acta
1934 5251 2220 5321 cujusdam
2251 5248 2469 5306 concilii
2498 5246 2823 5302 meumeniei
2846 5260 2913 5300 ex
2937 5244 3111 5314 capite
3140 5242 3389 5314 lingeret,
3414 5241 3467 5293 in
3488 5254 3597 5308 quo

329 5331 609 5387 Nicolaum
654 5333 675 5388 l
717 5337 1241 5404 excommunicaret,
1279 5336 1578 5394 Ecclesiam
1639 5339 1887 5394 Latinam
1934 5340 2197 5395 conviciis
2245 5348 2301 5394 et
2343 5335 2635 5393 calumniis
2673 5337 2977 5405 impcteret,
3028 5330 3411 5403 exprobrando
3464 5327 3597 5397 ipsis

334 5425 471 5491 quod
500 5424 823 5495 Symbolum
865 5424 985 5480 ﬁdei
1014 5436 1384 5494 mutaverant,
1429 5437 1738 5501 carteraque
1770 5430 2087 5500 gravamina
2120 5428 2234 5500 jam
2266 5426 2499 5500 prolata,
2552 5424 2955 5495 exaggerando.
2999 5422 3073 5477 De
3115 5420 3312 5476 Photio
3350 5416 3598 5472 scribens

333 5519 655 5573 Anastasius
688 5517 1143 5576 Bibliothecarius
1180 5540 1194 5575 :

407 5609 635 5665 «Verum
657 5612 758 5666 istc
787 5610 1066 5680 falsarius,
1088 5616 1184 5679 ait,
1209 5615 1468 5671 falsorum
1488 5632 1813 5673 excessunm
1829 5615 2095 5671 adversus
2123 5615 2394 5669 insontem
2414 5612 2698 5667 absentem
2723 5619 2776 5665 ct
2804 5608 3090 5673 invictum,
3108 5603 3426 5661 mendacem
3450 5602 3601 5657 codio
3677 5638 3684 5646 -

335 5713 451 5752 ecm
480 5699 761 5761 compilat,
800 5700 948 5755 mille
972 5701 1193 5759 circiter
1228 5703 1539 5761 antistitum
1578 5704 2017 5775 subscriptiones
2048 5704 2215 5760 falsas
2237 5701 2535 5767 interserit,
2555 5700 2660 5757 sibi
2698 5700 2917 5754 nemine
2942 5709 3173 5766 prorsus
3211 5694 3592 5746 Cttltscnltt'nu

531 5795 806 5857 PATROL.
849 5797 963 5857 Ca.
1014 5796 1110 5858 Cl.
3121 5804 3159 5842 α
