3912 6218
391 329 426 370 ll
1464 321 1858 385 PRzEFATlO
1891 321 1972 380 IN
2011 319 2276 383 PHOTII
2310 324 2579 386 OPERA.

385 451 468 506 vel
496 450 881 508 conseribente
928 467 994 507 ex
1025 452 1113 506 illa
1146 466 1439 506 numerosa
1475 453 1864 521 episcoporum
1901 452 2275 518 multitudine,
2315 456 2422 510 nisi
2453 471 2564 510 uno
2601 463 2653 510 et
2696 443 2892 524 viginti
2943 453 3293 524 prtesulibus.
3332 449 3487 505 Unde
3515 449 3627 519 jam

383 539 664 610 profusius
699 541 878 595 sancti
916 540 1133 595 habitus
1165 543 1266 595 viri
1313 556 1438 597 eum
1476 541 1710 610 fugiunt,
1747 550 1802 596 et
1833 541 1990 610 quasi
2027 542 2342 609 squalorem
2377 545 2668 612 quemdam
2704 543 3001 606 declinant,
3047 544 3279 595 alterum
3311 539 3630 593 Dioscorum

383 628 530 681 hunc
570 629 926 697 appellantes,
959 636 1013 682 et
1053 643 1446 698 praecursorem
1479 628 1829 690 Antichristi,
1863 628 1973 682 imo
2020 628 2201 698 ipsum
2233 630 2632 685 Antichristum
2671 630 3072 694 existimantes,
3099 644 3260 697 quem
3296 627 3505 680 scilicet
3536 627 3634 677 ho-

381 715 581 768 minem
615 717 821 784 peccati
851 716 1128 784 liliumque
1158 716 1480 785 perditionis
1506 715 1799 784 Apostolus
1831 715 2179 784 appellasset,
2209 720 2301 787 qui
2335 717 2579 788 profecto
2599 719 2958 774 extolleretur
2987 732 3152 786 supra
3187 729 3348 769 omne
3371 711 3513 783 quod
3551 713 3634 766 di-

381 802 530 855 citur
566 802 707 857 Deus
734 810 828 855 aut
859 803 1004 871 quod
1034 803 1236 856 colitur
1268 802 1300 834 "
1334 803 1429 872 (a).
1452 822 1477 854 -ι

454 891 708 961 Episcopi
734 890 998 957 Orientis,
1034 893 1275 960 exceptis
1307 893 1493 962 viginti
1541 902 1594 946 et
1628 907 1760 956 uno,
1801 902 1993 947 contra
2045 894 2330 948 audaciam
2389 894 2567 948 Photii
2617 894 3000 959 reclamarunt,
3048 893 3291 947 dicentes
3333 888 3636 943 inauditum

380 997 525 1047 esse,
561 999 660 1036 nec
697 983 928 1051 justum,
969 983 1293 1038 sententiam
1334 985 1402 1037 ab
1449 982 1691 1037 inferiori
1733 984 1786 1036 in
1839 986 2174 1053 superiorem
2227 985 2391 1052 ferri;
2439 987 2532 1040 sed
2570 985 2794 1041 Photius
2827 986 2896 1039 ab
2937 985 3186 1052 inemptis
3215 996 3321 1035 non
3354 981 3638 1043 abstinuit,

381 1071 478 1126 sed
504 1071 558 1124 in
589 1071 892 1139 pervicacia
925 1071 1179 1139 perstitit,
1205 1072 1377 1125 donec
1405 1071 1566 1140 paulo
1595 1078 1718 1140 post
1743 1079 1952 1125 mutato
1981 1087 2164 1126 rerum
2213 1082 2382 1136 statu,
2428 1071 2652 1126 Photius
2677 1087 2707 1126 a
2743 1071 2944 1126 Basilio
2975 1069 3269 1124 Macedone
3314 1084 3379 1123 ex
3409 1068 3641 1123 ecclesia

383 1161 488 1216 CP.
540 1161 748 1230 ejectus
796 1171 900 1215 est.
937 1161 1094 1214 Anno
1140 1161 1345 1215 scilicet
1391 1161 1515 1222 867,
1551 1175 1657 1230 quo
1692 1160 1920 1215 Photius
1940 1159 2071 1214 Acta
2094 1161 2512 1230 pseudoconcilii
2571 1161 2825 1225 ﬁnxerat,
2868 1159 3102 1214 Michael
3150 1159 3465 1227 imperator,
3493 1156 3641 1227 gravi

386 1249 700 1318 su5picione
732 1257 932 1314 motus,
963 1247 1193 1302 Bardam
1240 1249 1567 1303 avunculum
1603 1248 1895 1302 trucidavit
1937 1263 2098 1317 opera
2132 1247 2314 1302 Basilii
2356 1247 2686 1311 Macedonis,
2720 1263 2883 1316 quem
2933 1262 3056 1300 cum
3094 1245 3321 1314 imperio
3359 1258 3458 1298 δυο
3489 1257 3643 1298 asso-

383 1337 606 1402 ciasset,
634 1335 1033 1390 interfectorem
1077 1347 1332 1404 expertus
1357 1345 1460 1390 est.
1510 1334 1745 1389 Basilius
1775 1350 1986 1389 summa
2033 1335 2358 1390 auctoritate
2405 1335 2632 1404 potitus,
2673 1334 2928 1389 Photium
2960 1333 3141 1403 ejecit,
3173 1341 3227 1385 et
3275 1331 3541 1402 lgnatium
3573 1330 3644 1384 ab

381 1423 580 1477 essilio
610 1432 920 1476 revocatum
951 1422 1064 1476 sedi
1107 1422 1452 1492 patriarchali
1483 1421 1742 1486 restituit,
1779 1437 2018 1489 moxque
2069 1419 2402 1475 Hadrianum
2437 1421 2499 1488 ll,
2531 1422 2626 1492 qui
2677 1422 2870 1476 eodem
2915 1435 3061 1474 anno
3087 1419 3186 1473 867
3221 1418 3444 1471 Nicolao
3470 1416 3488 1468 I
3513 1432 3640 1472 suc-

383 1518 647 1575 cesserat,
680 1510 832 1573 adiit,
863 1520 924 1562 ut
947 1509 1132 1568 missis
1163 1509 1355 1579 legatis
1394 1517 1594 1562 statum
1628 1508 1875 1562 ecclesia:
1902 1506 2082 1572 C.-P.,
2115 1507 2234 1562 diro
2269 1510 2564 1563 schismate
2595 1507 2994 1578 perturbatum,
3018 1513 3394 1574 componeret.

458 1595 781 1665 Postquam,
817 1605 1115 1650 convocato
1161 1595 1396 1650 concilio
1442 1593 1714 1658 Romano,
1747 1594 2054 1650 Hadrianus
2108 1596 2387 1662 Photium,
2437 1598 2509 1652 ob
2555 1597 2968 1667 pronuntiatum
3014 1596 3069 1648 in
3104 1593 3384 1649 Nicolaum
3430 1593 3473 1658 Ι,
3507 1607 3643 1646 ana-

385 1683 591 1747 thema,
615 1681 845 1736 solemni
873 1683 1141 1736 sententia
1185 1681 1738 1746 exeommunicassel,
1766 1691 1821 1735 et
1866 1697 1931 1736 ea
1971 1697 2094 1752 qua:
2118 1700 2216 1752 pro
2250 1699 2381 1753 pace
2428 1684 2684 1740 Ecclesiae
2736 1682 3359 1750 Constantinopolitanae
3387 1693 3416 1732 a
3457 1688 3646 1731 sancta

384 1769 513 1824 sede
547 1769 845 1838 apostolica
874 1769 1086 1822 decreta
1129 1768 1362 1834 fuerant,
1391 1770 1793 1832 conlirmasset,
1815 1768 2341 1840 Constantinopolim
2379 1772 2583 1842 legatos
2611 1771 2784 1837 misit,
2821 1781 2881 1824 ut
2917 1771 3245 1824 interessent
3282 1773 3475 1821 octavo
3510 1778 3648 1818 con-

381 1856 510 1910 silio
552 1856 912 1917 meumenico,
939 1858 1082 1923 quod
1109 1855 1212 1910 (ΖΡ.
1237 1857 1565 1910 celebratum
1598 1863 1680 1910 est
1710 1872 1738 1908 a
1767 1855 1854 1909 die
1887 1855 1921 1908 5
1947 1857 2197 1912 Octobris
2230 1875 2319 1912 an.
2350 1860 2476 1924 869,
2506 1861 2571 1913 ad
2597 1860 2667 1914 28
2691 1857 2969 1913 Februarii
3008 1871 3098 1910 an.
3130 1855 3257 1909 870.

456 1944 512 1996 In
545 1957 612 1996 eo
641 1943 896 2005 concilio,
922 1943 1075 2011 juxta
1100 1943 1330 1996 formam
1367 1959 1396 1998 a
1426 1944 1602 1998 sacris
1628 1942 1929 1996 canonibus
1959 1946 2348 2013 praescriptam,
2372 1945 2600 2001 Photius
2624 1961 2652 2000 a
2675 1946 3046 2015 patriarchatu
3073 1952 3127 1997 et
3161 1959 3189 1995 a
3221 1939 3525 1996 sacerdotio
3553 1953 3650 1994 so-

381 2028 642 2084 lemniter
678 2029 958 2098 depositus
993 2031 1114 2095 fuit,
1132 2041 1184 2086 et
1201 2030 1267 2084 ad
1289 2031 1728 2084 communionem
1763 2030 2266 2097 Iaicam-redactus,
2294 2032 2590 2087 dummodo
2615 2034 2975 2102 resipisceret.
3003 2033 3136 2085 Cum
3164 2039 3344 2084 autem
3361 2043 3421 2083 se
3453 2038 3650 2082 aucto-

381 2114 533 2170 ritati
567 2117 786 2170 concilii
823 2117 1092 2184 subjicere
1124 2119 1415 2180 renuisset,
1465 2119 1808 2171 anathemate
1835 2119 2121 2188 perculsus
2143 2128 2248 2175 est.
2275 2119 2332 2174 In
2374 2121 2602 2190 singulis
2647 2120 2980 2174 sessionibus
3010 2118 3196 2172 Patres
3227 2117 3328 2186 ipsi
3358 2116 3650 2170 anathema

386 2201 718 2267 lndixerunt,
752 2202 838 2258 his
885 2203 1064 2258 verbis
1093 2220 1108 2259 :
1160 2205 1356 2260 Photio
1389 2204 1646 2266 invasori,
1675 2203 1870 2258 Photio
1917 2206 2165 2260 saeculari
2195 2215 2249 2261 et
2278 2206 2503 2274 forensi,
2554 2207 2748 2261 Photio
2780 2207 3049 2276 ueophyto
3073 2205 3132 2259 et'
3159 2216 3411 2275 tyranno,
3454 2202 3651 2258 Photio

383 2289 736 2344 schismatico
756 2299 811 2345 et
837 2291 1117 2356 damnato,
1136 2292 1328 2347 Photio
1353 2293 1566 2346 moecho
1583 2301 1635 2345 et
1658 2292 1960 2360 parricidae,
1987 2292 2177 2347 Photio
2198 2292 2508 2346 fabricatori
2546 2293 2970 2360 mendaciorum,
2995 2291 3189 2345 Photio
3211 2291 3457 2346 adultero
3477 2300 3532 2346 et
3558 2291 3650 2344 in-

381 2374 684 2438 terfectori,
708 2375 903 2432 Photio
939 2379 1208 2432 inventori
1227 2393 1605 2447 perversorum
1641 2378 2193 2448 dogmatumsPhotio
2230 2394 2370 2433 novo
2394 2378 2674 2445 Dioscoro,
2710 2379 2904 2432 Photio
2937 2393 3081 2433 novo
3114 2376 3286 2444 Judze,
3325 2379 3645 2432 anathema!

457 2462 596 2519 Cum
631 2463 826 2520 Photio
854 2469 1311 2522 excommunicati
1343 2477 1398 2522 et
1431 2468 1662 2538 depositi
1691 2478 1821 2523 sunt
1851 2467 2096 2522 nonnulli
2124 2467 2390 2535 episcopi,
2418 2467 2510 2536 qui
2554 2482 2776 2520 causam
2807 2482 2974 2520 suam
3025 2482 3054 2519 a
3092 2481 3261 2520 causa
3300 2467 3422 2535 ejus
3461 2467 3651 2534 sejun-

395 2567 522 2621 gere
553 2553 880 2621 noluerunt;
911 2555 1002 2609 sed
1035 2572 1136 2624 pax
1175 2557 1382 2610 interea
1414 2557 1668 2611 restituta
1690 2566 1796 2618 est,
1830 2557 2004 2609 donec
2035 2554 2243 2623 lgnatio
2274 2556 2381 2607 vita
2416 2552 2624 2615 functo,
2656 2553 2886 2610 Photius
2930 2555 3090 2610 novis
3142 2555 3362 2609 artibus
3407 2555 3646 2610 benevo-

383 2636 607 2692 lentiam
639 2640 985 2710 imperatoris
1030 2642 1217 2698 Basilii
1245 2644 1504 2712 captavit,
1535 2654 1585 2697 et
1620 2644 1688 2696 ab
1720 2644 1838 2711 ipso
1879 2642 2115 2696 obtinuit
2146 2650 2204 2694 ut
2241 2642 2292 2694 in
2332 2641 2513 2695 sedem
2554 2641 2970 2710 patriarchalem
3007 2643 3406 2695 restitueretur.
3457 2642 3514 2694 Id
3552 2655 3643 2711 an.

387 2724 494 2779 877
531 2728 895 2798 accidit,jam
940 2745 1047 2784 non
1081 2732 1383 2785 obsistente
1415 2730 1626 2786 Joanne
1667 2729 1786 2785 VIII
1826 2729 2074 2786 Romano
2109 2729 2384 2798 pontifice.
2430 2729 2547 2798 qui,
2595 2730 2666 2783 ob
2716 2729 3056 2798 iniquitatem
3113 2739 3418 2798 temporum
3469 2737 3527 2782 tt
3578 2729 3645 2781 ad

385 2815 632 2868 cavenda
665 2815 873 2885 majora
909 2819 1080 2881 mala,
1117 2816 1380 2872 Photium
1414 2819 1624 2873 restitui
1662 2819 1930 2888 permisit,
1961 2835 2026 2872 eo
2071 2825 2252 2870 tamen
2291 2825 2471 2884 pacto,
2504 2826 2561 2870 ut
2593 2816 2992 2884 praneritorum
3031 2815 3332 2869 facinorum
3367 2816 3581 2869 veniam
3614 2831 3645 2869 a

384 2901 624 2956 concilio
657 2914 867 2970 peteret
893 2914 946 2958 et
973 2906 1262 2959 obtineret.
1299 2904 1356 2958 In
1385 2907 1618 2974 genuina
1649 2905 1794 2960 enim
1824 2905 2050 2974 epistola
2083 2917 2246 2972 quam
2270 2901 2508 2957 Joannes
2551 2900 2667 2956 V'Ill
2711 2903 2776 2956 ad
2804 2903 3089 2972 episcopos
3125 2901 3362 2957 Orientis
3406 2903 3644 2972 scripsit,

385 2987 465 3043 ita
505 2998 742 3044 mentem
783 3006 938 3045 suam
975 2992 1192 3061 aperit:
1230 3010 1248 3042 ι
1276 2990 1434 3047 Nunc
1475 2993 1656 3061 itaque
1685 2992 1807 3046 aliis
1841 2991 2188 3060 patriarehis,
2236 2989 2600 3046 Alexandrino
2624 2990 2876 3045 videlicet
2902 2998 2956 3044 et
3001 2989 3341 3044 Antiocheno
3371 2998 3427 3043 et
3456 2988 3646 3044 Hiero-

395 3075 753 3146 solymitano,
793 3085 960 3148 atque
987 3079 1247 3133 omnibus
1281 3079 1708 3148 archiepiscopis
1737 3078 2119 3148 metropolitis,
2150 3077 2422 3147 episcopis
2451 3086 2506 3132 et
2535 3077 2934 3143 sacerdotibus,
2963 3082 3270 3144 cunctaque
3315 3077 3462 3130 clero
3501 3075 3646 3131 Con-

384 3164 882 3232 stantinopolitanai
933 3166 1123 3231 sedis,
1174 3166 1268 3236 qui
1312 3166 1380 3221 de
1421 3166 1768 3220 ordinatione
1817 3166 1992 3220 beatae
2030 3168 2308 3222 memoriae
2357 3167 2612 3222 Methodii
2657 3173 2711 3221 et
2776 3165 3009 3234 lgnatii,
3064 3165 3642 3220 reverendissimorum

381 3250 850 3318 patriarcharum,
886 3252 1183 3316 exsistunt,
1212 3268 1318 3307 una
1351 3254 1649 3318 voluntate,
1687 3253 1916 3323 parique
1957 3264 2086 3310 voto
2117 3256 2610 3319 consentientibus,
2653 3255 2893 3308 eumdem
2937 3253 3184 3308 Photium
3232 3253 3638 3322 satisfaciendo,

385 3339 812 3393 miscricordiam
839 3357 1020 3395 coram
1056 3343 1283 3412 synodo,
1314 3345 1600 3396 secundum
1629 3344 2060 3398 consuetudinem
2089 3342 2477 3412 postulantem,
2522 3343 2573 3395 in
2608 3357 2736 3397 vera
2768 3341 3060 3396 dilectione
3098 3341 3345 3406 fratrem,
3374 3341 3425 3393 in
3459 3343 3643 3409 ponti-

383 3426 528 3479 ficali
571 3426 754 3482 officio
793 3431 1260 3492 comministrum,
1295 3439 1461 3498 atque
1497 3447 1676 3484 coram
1708 3432 1906 3501 synodo
1941 3431 2362 3483 misericordiam
2388 3430 2693 3498 querendo,
2722 3430 2774 3481 in
2806 3429 3068 3496 pastorali
3097 3429 3414 3497 magisterio
3447 3443 3647 3484 consa-

386 3514 692 3579 cerdotem,
725 3529 826 3584 pro
857 3517 1113 3571 Ecclesiae
1146 3517 1239 3570 Dei
1270 3533 1402 3584 pace
1432 3526 1486 3570 et
1511 3517 1743 3572 utilitate
1773 3518 1972 3572 amodo
2005 3516 2227 3574 Christo
2250 3517 2484 3582 favente,
2515 3517 2810 3584 recipimus
2839 3523 2894 3570 et
2929 3515 3194 3569 habemus
3230 3514 3331 3585 (b).
3372 3533 3392 3566 ι

463 3597 720 3666 Photius,
749 3601 903 3670 jussa
940 3601 1169 3658 Romani
1204 3604 1484 3659 Pontificis
1518 3605 1653 3658 nihil
1685 3612 1953 3668 moratus,
1987 3605 2271 3674 epistolam
2325 3603 2554 3658 Joannis
2586 3603 2700 3658 Vlll
2744 3603 3067 3672 suppressit,
3103 3610 3156 3656 ct
3179 3618 3376 3656 novam
3401 3603 3560 3658 ﬁnxit
3593 3605 3644 3658 in

384 3699 494 3756 qua
527 3685 807 3742 Romanus
855 3689 1096 3758 pontifex
1129 3705 1374 3745 summas
1438 3691 1630 3745 laudes
1669 3690 1866 3744 Photio
1901 3691 2114 3755 tribuit,
2153 3701 2412 3759 tanquam
2463 3691 2583 3744 viro
2617 3690 2967 3759 integerrimo
3016 3699 3071 3744 et
3120 3690 3418 3758 inculpalo,
3458 3705 3488 3744 a
3536 3706 3646 3760 quo

389 3775 632 3844 episcopi
697 3775 826 3828 olim
868 3775 1074 3846 lgnatio
1116 3778 1456 3832 adhaerentes
1501 3779 1714 3832 veniam
1759 3789 1944 3848 petere
1994 3778 2213 3844 debent,
2254 3780 2458 3848 quique
2503 3779 2573 3832 ab
2616 3778 2872 3832 omnibus
2917 3778 3085 3833 veluti
3131 3778 3410 3847 legitimus
3458 3789 3647 3847 pastor

383 3862 597 3931 absque
640 3863 968 3933 ambagibus
997 3866 1381 3935 suscipiendus
1417 3875 1519 3920 est.
1567 3866 1775 3922 Deinde
1805 3867 1948 3920 idem
1981 3864 2233 3931 l’hotius,
2275 3882 2399 3921 cum
2448 3865 2645 3921 fuisset
2676 3866 2965 3921 restitutus
2999 3867 3052 3920 in
3089 3866 3270 3921 sedem
3308 3867 3645 3934 patriarcha-

382 3949 492 4005 lem
518 3949 650 4014 ΕΡ..
683 3950 868 4006 denuo
891 3967 957 4006 ex
990 3969 1090 4008 suo
1121 3954 1300 4024 capite
1342 3955 1497 4010 linxit
1530 3963 1652 4010 acta
1697 3954 1892 4025 synodi
1940 3953 2318 4017 meumenicaa,
2359 3968 2426 4008 eo
2471 3961 2683 4006 tantum
2738 3953 2843 4007 line
2889 3963 2950 4007 ut
3001 3954 3384 4008 auctoritatem
3426 3953 3644 4008 concilii

383 4039 716 4094 meumeniei
757 4038 936 4094 octavi
969 4041 1230 4109 aboleret,
1261 4051 1314 4097 et
1345 4043 1527 4098 omnia
1559 4059 1681 4114 quae
1713 4052 1901 4098 contra
1936 4043 2114 4112 ipsum
2148 4041 2278 4093 olim
2310 4039 2577 4094 canonice
2609 4048 2732 4093 aeta
2768 4038 2982 4094 fuerant
3013 4040 3366 4094 rescinderet.
3398 4039 3558 4094 Hune
3590 4043 3642 4095 in

386 4126 550 4179 linem
589 4141 758 4182 ausus
792 4136 878 4182 est
904 4130 1066 4183 etiam
1101 4128 1305 4198 ﬁngere
1337 4131 1785 4186 circumstantias
1811 4145 1932 4199 quae
1965 4144 2075 4184 non
2109 4136 2325 4183 tantum
2394 4143 2424 4180 a
2457 4128 2707 4192 veritate,
2735 4127 2830 4183 sed
2862 4129 3026 4182 etiam
3055 4129 3124 4182 ab
3153 4129 3298 4182 omni
3343 4129 3456 4182 veri
3491 4129 3645 4184 simi-

382 4211 612 4266 litudine
638 4215 832 4270 alienae
855 4225 1009 4271 sunt.
1055 4217 1296 4279 lnduxit,
1327 4218 1562 4287 exempli
1595 4218 1791 4287 gratia,
1832 4217 2042 4287 legatos
2075 4214 2308 4270 Joannis
2342 4214 2456 4269 Vlll
2489 4215 2755 4277 dicentes,
2779 4216 3066 4285 episcopos
3091 4217 3186 4286 qui
3208 4217 3262 4269 in
3298 4217 3642 4272 (ecumenica

382 4303 594 4372 synodo
649 4319 746 4358 vui
801 4305 982 4360 locum
1037 4307 1473 4376 patriarcharum
1507 4305 1886 4369 Alexandrini,
1915 4302 2239 4358 Antiocheni
2275 4313 2330 4358 et
2373 4303 2853 4374 llicrosolymitani
2885 4312 3071 4358 tenere
3100 4304 3487 4366 censebantur,
3531 4319 3641 4358 non

383 4391 452 4443 ab
479 4391 726 4446 ecclesiis
755 4392 850 4448 sed
879 4409 908 4446 a
939 4394 1228 4450 Saracenis
1267 4398 1466 4450 missos
1496 4393 1666 4448 fuisse
1709 4410 1722 4446 :
1776 4391 1941 4461 idque
1982 4392 2186 4447 dictum
2224 4391 2395 4447 fuisse
2451 4392 2608 4446 ﬁnxit
2645 4407 2830 4447 coram
2867 4391 2997 4460 ipsis
3044 4393 3236 4461 legatis
3276 4392 3369 4461 qui
3419 4393 3642 4448 nomine

380 4477 820 4546 patriarcharum
871 4490 1076 4537 octavae
1111 4483 1304 4555 synodi
1356 4479 1746 4536 interfuerant!
1798 4480 2105 4535 Falsarium
2147 4481 2346 4535 Photio
2393 4481 2746 4536 audaciorem
2796 4489 2852 4534 et
2896 4480 3379 4548 impudentiorem,
3428 4479 3637 4534 nullum

381 4576 818 4622 commemorant
847 4568 1105 4625 Ecclesia:
1139 4571 1384 4628 annales.
1435 4568 1570 4622 Acta
1615 4566 1807 4638 synodi
1842 4583 2003 4636 quam
2037 4583 2184 4622 anno
2227 4566 2332 4622 867
2381 4582 2506 4621 cum
2541 4568 2692 4621 mille
2734 4567 3236 4634 subscriptionibus
3275 4567 3642 4636 supposititiis

377 4654 614 4709 ﬁnxerat
633 4664 686 4709 et
711 4657 1009 4712 artiﬁciose
1039 4659 1279 4714 describi
1319 4666 1627 4723 curaverat,
1661 4657 1714 4710 in
1749 4656 1988 4710 concilio
2013 4671 2109 4709 vni
2141 4667 2379 4709 cremata
2407 4664 2534 4708 sunt
2560 4671 2573 4706 :
2595 4654 2685 4708 sed
2717 4665 2837 4708 acta
2869 4655 3300 4725 pseudo-synodi
3338 4670 3461 4723 qua:
3495 4668 3641 4709 anno

383 4739 489 4793 878
525 4756 590 4793 ex
622 4743 800 4812 capite
846 4747 1178 4815 composuit,
1209 4746 1477 4798 hactenus
1513 4743 1818 4810 habentur;
1855 4744 1966 4796 imo
2013 4759 2111 4812 pro
2162 4745 2298 4798 actis
2347 4743 2520 4812 ipsius
2563 4753 2769 4797 octava:
2815 4743 3009 4812 synodi
3057 4742 3447 4810 meumenicae,
3495 4747 3638 4813 apud

379 4825 602 4882 Graecos
632 4829 1016 4887 sehismaticos
1063 4833 1386 4902 plerumque
1434 4831 1801 4901 recipiuntur,
1836 4831 2121 4899 repudiata
2170 4846 2297 4885 vera
2349 4829 2558 4902 synodo
2609 4844 2801 4884 octava
2847 4831 2900 4883 in
2941 4845 3049 4899 qua
3097 4827 3326 4884 Photius
3378 4832 3640 4886 canonice

380 4915 664 4983 depositus
707 4929 762 4974 et
791 4922 1298 4976 exeommunicatus
1330 4930 1434 4978 est.
1491 4920 1663 4977 Porro
1721 4929 1840 4975 acta
1881 4921 1976 4978 illa
2043 4920 2262 4987 legenti,
2330 4919 2371 4972 si
2435 4917 2611 4972 Photii
2659 4917 2931 4972 scribendi
2979 4925 3034 4971 et
3083 4917 3318 4986 ﬁngendi
3370 4918 3636 4972 rationem

383 5016 726 5072 perspectam
766 5008 982 5073 habeat,
1012 5012 1128 5078 ipsa
1160 5010 1347 5064 lictitia
1383 5025 1525 5074 esse,
1558 5013 1678 5080 ipso
1708 5025 1810 5064 suo
1856 5018 2112 5064 contextu
2162 5008 2534 5060 manifestam.
2584 5005 2745 5060 Juvat
2789 5015 2968 5058 tamen
3013 5004 3268 5060 conferre
3311 5007 3636 5060 documenta

382 5095 617 5161 genuina
671 5112 794 5165 quae
838 5107 1076 5162 exstant,
1123 5113 1248 5152 cum
1299 5098 1504 5154 eisdem
1557 5099 1902 5154 documentis
1941 5115 1970 5152 a
2016 5096 2212 5150 Photio
2258 5094 2426 5159 ﬁctis,
2485 5102 2545 5147 ut
2588 5108 2677 5147 ex.
2749 5109 2832 5162 gr.
2891 5092 3176 5162 epistolam
3240 5091 3471 5147 Joannis
3524 5090 3636 5146 VIII

382 5193 592 5246 veram,
627 5198 749 5251 quae
787 5184 975 5239 Latine
1003 5196 1218 5239 servata
1247 5196 1352 5250 est,
1389 5201 1514 5239 cum
1544 5186 1772 5256 epistola
1801 5185 2032 5241 Joannis
2065 5185 2274 5250 flctitia,
2303 5198 2470 5252 quam
2510 5183 2738 5238 Photius
2771 5182 2910 5236 actis
2942 5181 3059 5237 suis
3086 5181 3342 5248 inseruit,
3371 5191 3432 5236 ut
3459 5182 3638 5254 impu-

376 5265 562 5320 dentia
593 5268 796 5325 fals.«rii
831 5272 946 5327 sole
981 5273 1183 5327 clarius
1207 5274 1466 5328 lucescat.

452 5353 534 5408 Ne
555 5367 738 5413 autem
779 5361 1019 5428 partium
1049 5362 1229 5417 studio
1259 5361 1466 5431 abrepti
1496 5361 1800 5428 videamur,
1824 5359 1953 5430 quid
1976 5359 2044 5415 de
2068 5358 2265 5414 Photio
2292 5358 2566 5413 senserint
2598 5357 2860 5412 coaetanei
2890 5366 2944 5412 et
2974 5373 3251 5429 gestoru
3278 5358 3402 5429 ejus
3423 5357 3632 5412 oculati

378 5447 563 5506 testes,
594 5443 646 5498 in
679 5446 857 5500 medio
882 5446 1124 5514 proferre
1156 5450 1434 5504 volumus.
1469 5448 1698 5502 Mentem
1735 5449 1951 5502 concilii
1989 5445 2312 5502 meumeniei
2355 5447 2557 5506 octavi,
2583 5462 2648 5500 ex
2687 5446 3171 5516 imprecationibus
3217 5459 3272 5502 et
3312 5448 3633 5502 anathema—

376 5529 581 5595 tismis,
612 5548 779 5603 supra
815 5534 1125 5603 recensitis,
1159 5538 1539 5609 unusquisque
1569 5537 1853 5607 intelliget.
1888 5539 1955 5588 At
1990 5551 2166 5605 operte
2211 5533 2444 5606 pretium
2485 5544 2570 5589 est
2619 5535 2728 5588 huc
2773 5535 2937 5589 etiam
2988 5536 3258 5591 adducere
3302 5536 3632 5590 sententiain

447 5640 480 5671 *
511 5642 549 5694 Il
579 5643 772 5699 Thess.
809 5659 867 5698 ιι.

447 5737 522 5796 lu)
555 5735 744 5793 Anast.
781 5738 910 5793 bibl.
951 5737 1112 5808 Prw].
1150 5739 1310 5797 Conc.
1343 5755 1527 5794 (rrum.
1583 5737 1709 5791 γη.
1750 5735 1914 5792 llard.
1952 5735 2015 5801 V,
2053 5736 2176 5790 752.
2263 5737 2334 5806 (ὁ)
2391 5737 2502 5792 Art.
2540 5739 2742 5794 Com-il.
2780 5738 2921 5794 VIII
2949 5757 3133 5796 trcutn.
3172 5739 3338 5798 Bard.
3372 5741 3437 5806 ν,
3475 5740 3629 5797 lIG6.
