3976 6222
1379 347 1776 410 PREFATIO
1813 349 1894 410 IN
1929 347 2198 410 PHOTII
2228 328 2502 408 omna.
2903 380 2908 384 .
3512 343 3574 382 ιιι

306 457 511 516 Niceta
539 453 938 526 Paphlagonis,
963 453 1067 510 viri
1103 453 1202 524 pii,
1248 452 1416 516 docti,
1450 454 1718 509 moderati
1769 453 1970 524 ingenii
2011 462 2065 508 et
2117 461 2178 508 ut
2221 453 2437 507 videtur
2477 463 2708 521 prorsus
2751 446 3000 516 ingenui,
3043 445 3158 516 qui,
3204 440 3336 498 dum
3406 437 3578 492 vitam

306 547 631 618 patriarcha
659 543 848 614 lgnatii
875 543 1064 598 sedqu
1087 551 1141 596 et
1171 549 1426 596 accurate
1455 540 1809 606 describeret,
1840 523 1923 597 Vde
1952 543 2163 597 meritis
2197 557 2261 595 ac
2291 541 2440 596 vitiis
2485 538 2662 593 Photii
2699 546 2880 591 tacere
2922 550 3031 589 non
3079 532 3274 602 potuit.
3324 529 3372 582 is
3430 523 3565 596 quid

309 636 515 690 valeret
546 632 776 687 Photius
806 631 1104 693 natalibus,
1135 629 1340 691 studio,
1391 628 1640 683 doctrina
1680 641 1735 685 et
1767 631 2036 693 moribus,
2089 637 2280 699 sponte
2313 633 2559 690 enarrat,
2588 624 2682 679 sed
2714 630 2905 693 postea
2945 621 3109 674 etiam
3141 619 3197 672 in
3239 632 3349 687 quo
3388 627 3584 684 pecca-

313 724 457 776 verit
480 723 697 777 sincere
724 720 968 790 exponit.
1003 717 1272 772 Audiatur
1299 717 1470 786 igitur
1519 717 1609 772 ille
1653 719 1812 774 testis
1845 733 2007 788 quem
2059 732 2162 771 nec
2205 715 2394 770 odium
2442 728 2543 768 nec
2587 725 2761 776 amor,
2811 709 2905 764 sed
2953 707 3204 762 veritatis
3250 701 3587 773 exponenda

313 814 641 870 desiderium
673 815 835 867 unice
867 810 1057 865 movit.

389 928 410 961 ι
449 905 671 976 Ἐπειδὴ
693 905 874 957 τοίνυν
900 903 951 955 οἱ
985 903 1136 972 παρὰ
1170 900 1264 956 τοῦ
1297 901 1558 972 βασιλέως
1584 902 1705 955 τότε
1732 901 1903 955 πολλά

315 1001 712 1086 πειράσαντες,
766 995 827 1048 τὸ
887 993 1024 1065 πρὸς
1086 993 1434 1064 παρανομίαν
1469 993 1750 1064 ἐνδόσιμον
1802 994 1902 1064 οὐχ

315 1083 479 1148 οἷοίτε
506 1077 855 1158 ἐγεγόνεισαν
893 1085 1045 1156 παρὰ
1091 1083 1185 1138 τοῦ
1225 1084 1494 1152 Ἰγνατίου
1546 1084 1750 1151 λαϐεῖν,
1776 1102 1905 1152 γεν-

319 1185 501 1247 ναίαις
533 1180 819 1235 ἐνστάσεσι
859 1175 1302 1248 παραιτήσασθαι
1332 1175 1410 1246 μὴ
1439 1176 1905 1246 καταδεξαμένου,

320 1275 451 1346 παρ’
486 1270 700 1326 ἑαυτῶν
730 1268 924 1322 ἔλαϐον
952 1267 1110 1320 τοῦτο
1139 1266 1328 1332 λοιπόν
1356 1283 1374 1298 ο
1399 1266 1492 1320 καὶ
1533 1266 1764 1320 πλεῖστα
1783 1269 1909 1321 καθ’

321 1366 552 1428 ἑαυτοὺς
580 1361 1005 1432 συσκεψάμενοι,
1048 1359 1145 1414 καὶ
1182 1359 1364 1412 πᾶσαν
1395 1361 1750 1426 κεκινηκότες
1783 1359 1911 1430 βου-

321 1456 440 1528 λὴν,
485 1454 690 1508 Φὼτιον
720 1449 1219 1522 πρωτοσπαθάριόν
1253 1467 1315 1502 τε
1369 1449 1503 1505 ὄντα
1541 1451 1637 1505 καὶ
1685 1470 1912 1522 πρωτα-

325 1548 616 1619 σηκρῆτιν,
647 1547 730 1607 είς
765 1541 1028 1615 ἀρχιερέα
1073 1541 1173 1610 τῆς
1204 1539 1478 1610 βασιλίδος
1537 1543 1913 1614 προχειρίζον-

321 1657 432 1693 ται.
460 1636 571 1692 Ἦν
591 1637 648 1690 δὲ
669 1628 824 1700 οὗτος
867 1635 897 1687 ὁ
929 1632 1134 1696 Φώτιος
1157 1631 1218 1685 ού
1252 1631 1364 1686 τῶν
1429 1633 1678 1701 ἀγεννῶν
1726 1653 1788 1688 τε
1814 1636 1910 1689 καὶ

323 1730 649 1800 ἀνωνύμων,
665 1729 803 1784 ἀλλά
819 1729 916 1782 καὶ
940 1729 1050 1782 τῶν
1068 1727 1310 1797 εὐγενῶν
1323 1730 1466 1782 κατὰ
1483 1729 1682 1800 σάρκα,
1706 1731 1798 1784 καὶ
1816 1748 1915 1784 πε-

326 1823 594 1894 ριφανῶν,
631 1823 794 1895 σοφίᾳ
822 1840 882 1877 τε
899 1825 1138 1894 κοσμικῇ
1166 1825 1262 1876 καὶ
1294 1823 1508 1877 συνέσει
1535 1823 1644 1877 τῶν
1662 1825 1720 1878 ἐν
1736 1827 1802 1896 τῇ
1819 1842 1918 1879 πο-

323 1914 507 1981 λιτεία
557 1915 945 1984 στρεφομένων
995 1913 1429 1983 εὐδοκιμώτατος
1469 1915 1690 1968 πάντων
1737 1915 1918 1986 ἐνομί-

329 2004 475 2068 ζετο.
516 2006 921 2076 Γραμματικῆς
961 2005 1060 2076 μὲν
1080 2005 1188 2078 γὰρ
1231 2007 1328 2059 καὶ
1372 2008 1667 2078 ποιήσεως,
1697 2010 1920 2080 ῥητορι-

323 2098 430 2168 κῆς
484 2115 546 2150 τε
608 2100 702 2152 καὶ
758 2099 1101 2168 φιλοσοφίας,
1141 2098 1234 2152 ναὶ
1262 2098 1327 2170 δὴ
1356 2101 1451 2154 καὶ
1489 2101 1767 2172 ἰατρικῆς,
1823 2103 1919 2155 καὶ

326 2190 512 2260 πάσης
542 2190 726 2259 ὀλίγου
785 2191 896 2244 δεῖν
918 2192 1236 2262 ἐπιστήμης
1267 2192 1377 2245 τῶν
1403 2192 1638 2266 θύραθεν
1666 2193 1917 2248 τοσοῦτον

326 2281 481 2353 αὐτῷ
545 2282 606 2334 τὸ
659 2282 874 2355 περιὸν,
925 2284 1001 2347 ὡς
1034 2284 1108 2355 μὴ
1165 2285 1328 2354 μόνον
1360 2285 1546 2354 σχεδὸν
1588 2286 1756 2354 φάναι
1811 2287 1920 2340 τῶν

327 2374 471 2428 κατὰ
501 2374 603 2444 τὴν
638 2373 804 2426 αὐτοῦ
852 2373 1047 2443 γενεὰν
1099 2375 1320 2429 πάντων
1352 2377 1672 2444 διενεγκεῖν,
1707 2377 1808 2448 ἤδη
1861 2378 1921 2432 δὲ

328 2467 424 2519 καὶ
451 2464 589 2534 πρὸς
619 2465 745 2525 τοὺς
783 2464 1052 2528 παλαιοὺς
1084 2465 1247 2518 αὐτὸν
1295 2466 1705 2536 διαμιλλᾶσθαι.
1735 2469 1923 2524 Πάντα

327 2557 442 2628 γὰρ
484 2556 808 2626 συνέτρεχεν
855 2557 944 2608 ἐπ’
975 2555 1144 2627 αὐτῷ,
1187 2557 1222 2623 ἡ
1277 2557 1659 2630 ἐπιτηδειότης
1698 2559 1798 2630 τῆς
1822 2558 1924 2628 φύε-

332 2667 495 2714 σεως,
533 2651 567 2720 ἠ
628 2648 853 2719 σπουδὴ,
905 2651 933 2702 ὁ
964 2647 1214 2712 πλοῦτος,
1278 2649 1348 2701 δι’
1382 2647 1440 2701 ὃν
1473 2650 1564 2702 καὶ
1595 2649 1776 2719 βίϐλος
1815 2651 1906 2704 ἐπ’

331 2741 499 2795 αὑτὸν
540 2741 692 2813 ἔρρει
746 2742 894 2792 πᾶσα
924 2757 936 2769 ·
991 2739 1238 2793 πλέον·δὲ
1291 2740 1514 2794 πάντων
1555 2741 1585 2793 ό
1631 2741 1733 2812 τῆς
1766 2741 1926 2814 δόξης

333 2832 513 2903 ἔρως,
567 2831 633 2884 δι’
693 2829 752 2883 ὃν
809 2829 958 2900 αύτῷ
1028 2832 1122 2883 καὶ
1171 2829 1366 2894 νύκτες
1417 2831 1613 2884 ἄϋπνοι
1652 2832 1782 2902 περὶ
1828 2833 1929 2904 τὴν

337 2925 651 2992 ἀνάγνωσιν
690 2921 946 2994 ἐμμελῶς
1007 2921 1352 2992 ἐσχολακότι.
1391 2923 1547 2975 Ἐπεὶ
1574 2925 1630 2976 δὲ
1667 2925 1764 2976 καὶ
1795 2924 1930 2995 πρὸς

338 3014 440 3083 τὴν
470 3013 804 3084 Ἐκκλησίαν
857 3013 1050 3085 αὐτὴν,
1095 3013 1172 3077 ὠς
1213 3014 1288 3086 μὴ
1334 3013 1565 3084 ὤφελεν,
1595 3015 1931 3069 ἐπεισελθεῖν

339 3105 472 3172 ἔδει,
504 3107 600 3161 καὶ
633 3107 741 3160 τῶν
769 3107 1241 3177 ἐκκλησιαστικῶν
1273 3107 1358 3161 διὰ
1394 3107 1553 3160 τοῦτο
1588 3107 1809 3178 βιϐλίων
1835 3110 1934 3179 τῆς

341 3200 706 3267 ἀναγνώσεως
729 3201 788 3252 ού
825 3199 966 3252 κατὰ
998 3200 1277 3272 πάρεργον
1307 3199 1641 3270 ἐπεμελήθη·
1677 3199 1936 3270 ἀγνόημα

347 3292 407 3346 δὲ
435 3292 731 3363 ἠγνόησεν,
764 3291 832 3346 ἵν’
860 3294 1000 3346 εῖπω
1024 3291 1374 3359 θεολογικῶς,
1403 3291 1610 3364 σφόδρα
1636 3292 1748 3362 τῆς
1768 3284 1936 3345 αὑτοῦ

351 3384 544 3453 σοφίας
577 3386 818 3449 ἀνάξιον.
853 3385 927 3439 Ού
965 3384 1074 3454 γὰρ
1103 3383 1336 3455 ἠθέλησε
1360 3383 1649 3454 προσέχειν
1677 3385 1770 3437 τὸν
1789 3383 1936 3445 νοῦν,

348 3477 452 3531 ὅτιο
504 3476 578 3530 El
609 3494 700 3544 τις
729 3475 888 3532 θέλει
945 3475 1138 3546 σοφὸς
1195 3479 1474 3544 γενέσθαι
1518 3477 1589 3529 ἐν
1644 3475 1725 3541 τῷ
1773 3475 1942 3530 αἰῶνι

353 3571 569 3636 τούτῳ,
593 3571 790 3640 μωρὸς
820 3569 1111 3639 γενέσθω,
1140 3570 1243 3624 ἵνα
1273 3567 1518 3639 γένηται
1548 3569 1768 3638 σοφός.
1802 3570 1940 3623 Οὐδὲ

351 3664 454 3732 τὴν
514 3662 636 3716 όδὸν
660 3662 836 3715 εἵλετο
865 3664 966 3732 τῆς
1002 3661 1530 3732 ταπεινοφροσύνης,
1559 3661 1628 3714 δι’
1659 3656 1724 3734 ἦς
1752 3663 1786 3732 ἡ
1849 3680 1944 3731 μευ

357 3753 502 3822 γάλη
563 3751 658 3805 τοῦ
689 3751 830 3806 Θεοῦ
877 3753 1058 3822 χάρις,
1091 3752 1188 3805 καὶ
1221 3753 1254 3821 ἡ
1281 3750 1491 3821 ἀληθὴς
1543 3750 1704 3818 σοφία
1739 3751 1945 3804 δίδοται

357 3849 453 3902 καὶ
471 3845 834 3917 κατορθοῦται
869 3860 883 3876 ·
913 3845 1036 3897 οὐδὲ
1077 3844 1389 3914 στραφῆναι
1413 3845 1508 3895 καὶ
1556 3843 1812 3911 γενέσθαι
1869 3844 1948 3906 ὡς

355 3941 421 3995 τὺ
459 3941 674 3994 παιδίον
717 3939 804 3992 διὰ
844 3938 943 4008 τὴν
986 3937 1080 3990 τοῦ
1131 3937 1269 3989 Θεοῦ
1325 3937 1624 4008 βασιλείαν,
1676 3935 1812 4005 ὼςή
1848 3935 1943 3988 τοῦ

358 4035 567 4106 Κυρίου
594 4031 983 4103 διαμαρτυρία,
1023 4028 1348 4094 κατεδέξατο
1379 4045 1394 4060 ’
1432 4031 1548 4084 ἀλλ’
1578 4029 1703 4083 οὐδὲ
1739 4029 1948 4098 σκάψαι

359 4127 460 4198 τὴν
512 4125 663 4196 αύτῷ
691 4124 893 4195 ψυχὴν,
928 4124 1023 4176 καὶ
1062 4121 1290 4193 βαθύναι
1330 4123 1431 4193 τὴν
1452 4123 1694 4177 διάνοιαν
1731 4122 1820 4175 διὰ
1847 4122 1951 4174 πάο

363 4236 465 4290 σης
506 4218 814 4289 ὑποταγῆς,
841 4217 984 4268 κατὰ
1034 4217 1260 4285 Κύριον,
1294 4214 1392 4268 καὶ
1442 4214 1774 4283 ἀτιμοτέρας
1806 4214 1954 4280 ἀγω-

357 4313 464 4384 γῆς
495 4313 589 4367 καὶ
618 4310 1068 4380 ταπεινόφρονος,
1102 4307 1200 4361 καὶ
1222 4309 1288 4361 δι’
1306 4307 1579 4369 ἀπαθείας
1607 4305 1751 4358 οὕτω
1777 4308 1840 4377 τῇ
1863 4305 1953 4358 πέο

359 4424 467 4477 cp;
518 4402 884 4478 προσεγγίσαι
914 4402 1159 4474 Χριστῷ,
1212 4402 1307 4455 καὶ
1335 4402 1423 4454 ἐπ’
1455 4400 1605 4471 αύτῷ
1645 4400 1816 4452 θεῖναι
1867 4400 1954 4452 03-

363 4504 549 4575 μέλιον
612 4501 852 4564 πίστεως
889 4500 1132 4572 ἀρραγῆ,
1185 4497 1280 4551 καὶ
1323 4497 1394 4550 δι’
1419 4493 1643 4564 ἀγαθῶν
1696 4495 1949 4567 πράξεων

361 4594 505 4649 οὕτω
548 4593 652 4664 τῆς
711 4592 902 4662 σοφίας
927 4589 1038 4664 [Ion
1074 4592 1140 4662 τῇ
1192 4587 1378 4661 σοφία]
1405 4587 1600 4640 ἑαυτὸν
1625 4587 1950 4657 οἰκοδομεῖν.

364 4688 439 4743 Ού
469 4687 642 4740 ταῦτα
668 4683 1008 4754 διανενόηται
1037 4683 1064 4734 ὁ
1106 4681 1270 4751 σοφός
1298 4695 1312 4709 ⁸
1352 4677 1549 4732 πολλοῦ
1585 4695 1650 4746 γε
1687 4677 1786 4730 ’δεῖ
1817 4694 1831 4707 ο
1856 4676 1954 4730 καὶ

365 4777 517 4830 οὐδὲν
547 4774 755 4830 τούτων
781 4775 873 4828 ἐπὶ
895 4773 1020 4827 νοῦν
1057 4767 1222 4844 ἦλθεν
1284 4769 1456 4841 αὐτῷ,
1495 4767 1610 4822 ἀλλ’
1644 4767 1738 4821 ἐπὶ
1769 4766 1954 4838 σαθρῷ

367 4869 606 4940 θεμελίῳ
667 4869 763 4922 καὶ
818 4865 1092 4937 ἀμμώδει,
1119 4867 1186 4934 τῇ
1219 4864 1461 4934 κοσμικῇ
1509 4859 1697 4930 σοφίᾳ,
1750 4858 1846 4912 καὶ
1887 4860 1954 4928 τῇ

367 4963 660 5034 ἀλαζονείᾳ.
686 4961 778 5016 τοῦ
819 4962 893 5032 μὴ
932 4958 1075 5013 κατά
1133 4956 1370 5030 Χριστὸν
1399 4953 1837 5024 πεπαιδευμένου
1869 4953 1958 5005 λό-

369 5075 464 5126 γου
495 5057 596 5126 τὴν
643 5053 839 5109 ἑαυτοῦ
877 5053 1106 5123 καρδίαν
1131 5049 1392 5120 στηρίξας
1434 5046 1645 5102 καὶτὸν
1676 5044 1824 5112 νοῦν,
1864 5044 1960 5097 καὶ

375 5151 480 5212 τοῖς
521 5147 700 5209 κενοῖς
728 5143 838 5198 τῶν
863 5142 1166 5212 ἀνθρώπων
1204 5140 1450 5202 ἐπαίνοις
1483 5137 1578 5190 καὶ
1609 5135 1826 5208 κρότοις
1851 5152 1956 5203 φυ-

371 5240 680 5307 σιούμενος,
735 5237 854 5290 καὶῖ
889 5235 982 5296 ἐπὶ
1011 5233 1146 5288 πολὺ
1174 5235 1240 5305 τῇ
1303 5229 1584 5302 κενοδοξία
1627 5229 1960 5300 μετεωριζό-

374 5348 556 5402 μενος,
606 5331 676 5384 δι⁸
729 5329 902 5398 αὐτῆς
946 5330 1013 5399 τῇ
1073 5327 1244 5398 ἐχθρᾷ
1301 5323 1397 5379 τοῦ
1444 5323 1580 5378 Θεοῦ
1610 5320 1962 5393 ὑπερηφανίᾳ

380 5423 774 5494 προσεπέλασε,
805 5415 952 5494 δι’-ἦς
977 5421 1314 5492 κακουργίαν
1349 5437 1409 5472 τε
1432 5421 1636 5481 πᾶσαν,
1667 5416 1764 5470 καὶ
1779 5415 1962 5467 πᾶσαν

379 5518 690 5571 σκανδάλων
718 5518 981 5570 ὑπόθεσιν
1011 5517 1477 5586 μυσταγωγεῐται.
1503 5511 1670 5564 Ὅθεν
1699 5509 1961 5578 ἀδόκιμον

382 5610 526 5682 αὐτῷ
551 5610 648 5682 τὴν
670 5610 772 5680 τῆς
803 5609 1086 5683 ἱεραρχίας
1118 5607 1562 5679 καταϐαλόμενος
1615 5602 1812 5674 ἀρχὴν,
1834 5601 1963 5654 ἀκό-

451 5782 468 5796 ‘
497 5775 513 5829 |
540 5774 665 5831 Cor.
693 5788 774 5828 ιιι.
854 5773 894 5792 “
917 5766 1105 5823 Matth.
1137 5781 1290 5820 xvm.

2087 921 2106 954 ι
2130 901 2426 972 Postquam
2452 901 2615 972 igitur
2633 897 2941 977 administri
2965 893 3099 965 regii
3117 905 3259 961 sape
3274 895 3481 944 tentata
3503 900 3587 950 re,

2008 1011 2118 1050 non
2151 1003 2450 1065 potuerunt
2486 993 2705 1049 flectere
2736 989 3002 1062 lgnatium
3043 987 3108 1040 ad
3138 985 3191 1039 id
3225 983 3370 1054 quod
3405 981 3592 1049 inique

2009 1091 2289 1160 petebant,
2324 1104 2480 1145 suam
2519 1088 2612 1144 illo
2646 1085 2975 1157 dignitatem
3002 1081 3218 1136 fortiter
3251 1086 3305 1132 et
3327 1082 3592 1130 constan-

2011 1192 2094 1236 ter
2122 1191 2328 1246 tuente,
2347 1196 2376 1233 a
2401 1195 2462 1235 se
2478 1180 2580 1248 ipsi
2605 1177 2899 1232 consilium
2921 1173 2990 1228 de
3014 1180 3214 1226 catero
3237 1166 3545 1238 petiverunt
3575 1177 3592 1228 ;

2012 1272 2290 1342 rebusque
2320 1271 2463 1325 inter
2501 1284 2561 1325 se
2593 1269 2684 1322 diu
2725 1265 2965 1337 agitatis,
3011 1273 3340 1329 omnemque
3377 1257 3432 1310 in
3472 1269 3597 1324 par-

2015 1369 2122 1416 tem
2153 1359 2409 1424 versatis,
2442 1358 2664 1412 tandem
2701 1354 2953 1408 Photium
2981 1346 3511 1422 protospatharinm,
3545 1350 3599 1395 et

2014 1454 2254 1524 primum
2281 1466 2311 1505 a
2344 1449 2596 1512 secretis,
2645 1445 3014 1518 patriarcham
3049 1442 3201 1496 urbis
3255 1438 3414 1508 regiae
3447 1434 3599 1488 desi-

2015 1548 2186 1610 gnant
2210 1557 2225 1605 ;
2270 1537 2546 1592 hominem
2573 1550 2708 1590 sane
2737 1533 2964 1587 minime
2990 1531 3284 1584 obscurum
3313 1533 3370 1580 et
3396 1521 3602 1592 ignobi-

2017 1636 2144 1699 lem,
2176 1632 2269 1688 sed
2301 1631 2470 1686 claris
2510 1645 2574 1684 ac
2603 1627 2915 1683 illustribus
2956 1622 3252 1678 oriundum
3297 1617 3598 1676 natalibus,

2018 1738 2315 1794 rerumque
2343 1721 2585 1776 civilium
2611 1727 2664 1773 et
2692 1718 3036 1788 politiearum
3062 1728 3185 1777 usu,
3203 1707 3603 1780 prudentiaque.

2019 1827 2074 1874 et
2099 1817 2331 1873 scientia
2365 1813 2758 1870 clarissimum.
2785 1803 3167 1863 Grammatica
3193 1801 3360 1863 enim,
3395 1799 3606 1851 littera-

2022 1923 2158 1968 tura
2187 1920 2240 1965 et
2263 1906 2525 1964 carminis
2558 1902 2849 1975 pangendi,
2880 1897 3209 1964 dicendique
3248 1891 3432 1952 laude,
3467 1888 3603 1958 quin

2022 2014 2076 2058 et
2105 1998 2468 2070 phi1050phia
2495 2007 2550 2052 et
2585 1994 2892 2058 medicina,
2917 2000 2970 2045 et
2994 1987 3236 2044 omnium
3277 1997 3445 2053 prope
3469 1980 3604 2033 Iibe-

2024 2093 2221 2146 ralium
2257 2087 2676 2157 disciplinarum
2719 2091 3074 2137 externarum
3109 2074 3294 2131 studio
3333 2069 3606 2140 cognitio-

2021 2197 2201 2252 neque
2227 2187 2515 2248 tantopere
2543 2177 2797 2239 florebat,
2839 2181 2897 2227 ut
2921 2170 3021 2224 avi
3049 2168 3134 2224 sui
3168 2165 3329 2220 facile
3355 2162 3609 2231 princeps

2022 2277 2340 2337 haberetur,
2364 2273 2476 2327 imo
2505 2279 2560 2326 et
2606 2284 2731 2323 cum
2763 2264 3044 2320 veteribus
3093 2260 3206 2330 jam
3235 2265 3447 2313 certare
3476 2269 3607 2324 pos-

2024 2379 2127 2426 set.
2169 2368 2365 2424 Omnia
2405 2366 2610 2435 quippe
2642 2362 2696 2416 iu
2746 2359 2842 2413 illo
2886 2359 3280 2412 concurrerant
3315 2368 3330 2404 :
3366 2345 3611 2418 aptitudo

2025 2463 2271 2532 quaedam
2297 2469 2352 2514 et
2385 2463 2595 2512 natura
2636 2454 2721 2508 vis
2746 2467 2810 2506 ac
2859 2448 3116 2513 felicitas,
3159 2443 3422 2505 studium,
3455 2451 3610 2508 opes.

2025 2555 2226 2625 quibus
2285 2552 2389 2607 sibi
2447 2550 2715 2604 librorum
2773 2543 3019 2598 omnium
3074 2537 3368 2593 maximam
3400 2530 3612 2601 copiam

2028 2622 2386 2717 comparabat
2415 2661 2430 2699 :
2471 2649 2549 2704 et,
2583 2638 2729 2710 quod
2768 2651 2881 2708 pra
2921 2632 3159 2698 cunctis,
3191 2628 3376 2700 gloria
3405 2622 3614 2678 laudis-

2029 2755 2137 2811 que
2166 2737 2391 2808 cupido,
2416 2749 2526 2806 qua
2563 2733 2827 2786 incensus
2863 2735 3010 2781 totas
3057 2730 3270 2784 noctes,
3315 2727 3374 2772 ut
3399 2714 3614 2771 lectioni

2033 2833 2254 2888 assidue
2283 2835 2530 2890 vacaret,
2561 2823 2797 2880 ducebat
2848 2820 3158 2890 insomnes.
3187 2811 3456 2880 Quoniam
3490 2821 3618 2861 vero

2034 2938 2253 2980 sacrum
2284 2921 2450 2976 etiam
2484 2916 2654 2988 (quod
2687 2915 2893 2968 utinam
2925 2920 3205 2976 nunquam
3230 2899 3446 2969 fuisset)
3469 2898 3620 2952 thro-

2037 3031 2169 3072 num
2206 3011 2466 3067 Ecelesia
2500 3018 2912 3064 conscensurus
2943 3007 3083 3064 erat,
3119 3009 3277 3050 sacra
3322 3005 3541 3061 quoque
3571 2999 3622 3041 ct

2035 3103 2414 3162 ecclesiastica
2443 3098 2719 3155 volumina
2751 3093 2998 3149 studiose
3019 3087 3186 3157 coepit
3226 3084 3495 3138 lectitare.
3526 3077 3623 3131 Ve-

2038 3214 2158 3254 rum
2187 3205 2248 3250 ut
2268 3193 2529 3262 Theologi
2562 3186 2892 3244 Nazianzeni
2923 3183 3035 3238 ritu
3065 3181 3281 3248 loquar,
3313 3173 3463 3244 quod
3493 3185 3626 3224 sane

2034 3291 2214 3362 ipsius
2250 3285 2516 3358 sapientia
2547 3282 2830 3353 indignum
2870 3277 2993 3340 fuit,
3030 3270 3435 3346 ignorationem
3467 3266 3626 3335 igno-

2044 3386 2201 3438 ravit.
2252 3380 2442 3434 Noluit
2489 3377 2638 3432 enim
2687 3369 3150 3429 animadvertere,
3199 3360 3515 3433 quoniam:
3565 3355 3626 3410 Si

2042 3475 2159 3546 quis
2180 3473 2290 3528 vult
2315 3472 2524 3539 sapiens
2567 3467 2684 3536 ﬁeri
2710 3466 2765 3518 in
2794 3464 2890 3517 hoc
2943 3457 3164 3523 mundo,
3207 3454 3402 3510 stultus
3444 3452 3530 3513 sit,
3569 3458 3630 3502 ut

2042 3542 2251 3634 sapiens
2277 3564 2430 3632 ﬁat'.
2450 3559 2639 3629 Neque
2665 3559 2807 3612 viam
2845 3551 3130 3608 modestia
3154 3557 3210 3603 et
3241 3542 3630 3603 submissionis

2044 3661 2332 3728 ingressus
2359 3662 2462 3720 est,
2496 3666 2606 3721 qua
2634 3649 2702 3704 ad
2728 3648 3012 3704 caelestem
3042 3641 3278 3713 gratiam
3332 3647 3632 3703 veramque

2047 3750 2372 3821 sapientiam
2403 3746 2756 3817 pervenitur:
2791 3753 2971 3809 neque
2999 3735 3252 3805 deposito
3285 3730 3429 3785 fastu
3460 3725 3634 3792 voluit

2047 3818 2314 3905 converti,
2351 3849 2407 3894 et
2441 3838 2553 3892 fieri
2587 3845 2646 3890 ut
2678 3832 2965 3906 parvulus,
2997 3835 3223 3898 propter
3253 3833 3480 3894 regnum
3519 3818 3633 3880 Dei,

2045 3939 2201 4008 juxta
2230 3932 2442 3989 Domini
2461 3931 2738 3986 vocem“:
2761 3940 2941 3996 neque
2960 3924 3198 3976 animam
3221 3931 3374 3972 suam
3400 3921 3454 3969 et
3483 3926 3636 3965 men-

2052 4043 2158 4087 tem
2192 4030 2357 4083 altius
2413 4024 2622 4086 fodere,
2651 4029 2704 4077 et
2738 4019 2887 4074 omni
2940 4013 3284 4084 subjectionc
3322 4005 3633 4065 demittere,

2052 4133 2112 4180 ut
2135 4124 2292 4194 jubet
2326 4119 2615 4180 Dominus,
2649 4129 2744 4184 per
2772 4109 3128 4179 abjectiorem
3173 4100 3638 4164 humilioremque

2053 4191 2302 4275 semitam
2335 4230 2349 4279 ;
2393 4221 2555 4281 atque
2583 4209 2657 4261 ita
2695 4221 2792 4276 per
2832 4203 3126 4257 affectuum
3157 4191 3638 4250 mortificationem

2053 4319 2221 4382 petra
2252 4305 2473 4362 Christo
2504 4298 2788 4371 conjungi,
2829 4305 2883 4351 et
2934 4307 3099 4362 super
3127 4291 3304 4361 ipsqu
3341 4285 3642 4339 inconcus-

2056 4414 2176 4455 sum
2215 4392 2340 4452 ﬁdei
2390 4393 2810 4449 fundamentum
2857 4397 3085 4455 ponere,
3130 4387 3186 4434 et
3229 4377 3335 4447 piis
3379 4371 3644 4445 operibus

2058 4495 2300 4564 scipsum
2345 4486 2682 4542 domicilium
2747 4477 3031 4550 sapientia
3073 4471 3440 4528 constituere.
3499 4465 3642 4518 Nihil

2057 4589 2254 4644 horum
2301 4584 2432 4638 huic
2461 4580 2614 4635 venit
2651 4577 2707 4630 in
2762 4581 3024 4630 mentem,
3061 4568 3166 4622 alia
3212 4563 3398 4620 omnia
3438 4560 3646 4630 cogita-

2057 4683 2148 4738 bat
2177 4697 2192 4746 ;
2228 4677 2406 4746 fragili
2435 4682 2491 4729 et
2515 4683 2773 4731 arenoso,
2802 4679 2955 4720 vana
2973 4659 3328 4733 profanaque
3367 4650 3648 4724 sapientia

2060 4773 2420 4830 fundamento
2446 4776 2503 4821 et
2529 4758 2862 4825 insolentia,
2893 4770 3002 4810 non
3026 4749 3328 4808 secundum
3362 4744 3645 4801 Christum

2060 4865 2328 4922 doctrina
2355 4874 2453 4916 cor
2501 4871 2660 4913 suum
2706 4859 3056 4917 mentemque
3085 4849 3444 4903 conﬁrmans,
3487 4835 3647 4893 vanis

2064 4959 2347 5015 hominum
2379 4950 2637 5007 laudibus
2670 4957 2724 5003 et
2753 4943 3038 5017 plausibus
3091 4937 3336 5000 inﬂatus,
3361 4934 3650 4997 elatusque

2064 5049 2213 5106 inani
2238 5045 2432 5118 gloria,
2465 5057 2563 5112 per
2616 5041 2792 5109 ipsam
2829 5035 3070 5089 inimica
3112 5029 3224 5084 Deo
3271 5020 3546 5092 superbia
3589 5029 3651 5071 se

2068 5139 2357 5211 conjunxit
2395 5157 2410 5193 :
2455 5153 2520 5191 ex
2572 5150 2681 5205 quo
2711 5129 2891 5186 omnis
2929 5122 3252 5195 impietatis,
3293 5120 3651 5179 omniumque

2071 5233 2436 5288 oﬂensionum
2478 5225 2765 5282 materiem
2792 5221 3024 5277 edoctus
3051 5222 3158 5270 est.
3189 5211 3333 5281 Ergo
3361 5207 3528 5277 jactis
3557 5215 3651 5257 sa-

2071 5323 2302 5379 cerdotii
2367 5321 2452 5376 sui
2508 5314 2888 5386 improbandis
2949 5304 3350 5366 fundamentis,
3400 5303 3652 5351 extrema

2074 5417 2243 5472 initiis
2267 5420 2638 5469 consentanea
2671 5407 2902 5462 sortitus
2931 5413 3033 5459 est.
3072 5399 3180 5454 Nec
3212 5397 3356 5449 enim
3389 5384 3652 5457 repudia-

2074 5509 2150 5561 vit
2182 5505 2510 5569 Ecclesium,
2565 5513 2826 5568 tanquam
2873 5512 2902 5550 a
2951 5490 3200 5564 profanis
3239 5476 3656 5552 magistratibus

2073 5600 2303 5673 profane
2336 5604 2393 5656 et
2414 5567 2681 5668 sacrilege
2712 5591 2818 5649 sibi
2841 5583 3226 5645 demandatam
3253 5595 3269 5646 ;
3301 5587 3478 5642 neque
3506 5567 3658 5624 velut
