3912 6218
323 288 380 330 ιν
1377 279 1778 342 ΡΒΕΕΑΤΙΟ
1818 282 1902 344 IN
1936 282 2200 344 PIIOTII
2234 265 2516 344 OPERA.

321 392 476 447 alteri
505 391 624 446 viro
664 396 914 461 nuptam.
952 389 1054 445 sibi
1088 403 1186 461 per
1215 389 1545 445 adulterium
1570 391 1901 460 desponderi

323 486 528 542 veritus
552 495 655 550 est,
689 481 992 548 sed;contra
1024 482 1208 551 potius
1252 482 1712 548 exsultabundus,
1749 484 1907 538 avide

323 576 775 646 impudenterque
803 575 854 628 in
889 575 1034 629 illius
1081 573 1424 644 complexum
1474 575 1611 638 ruit,
1645 575 1908 630 alienam-

323 684 432 736 que
481 677 738 736 tanquam
783 667 1060 736 propriam
1107 667 1286 736 palam
1339 667 1642 737 arrogavit,
1695 681 1909 737 suaque

326 760 556 815 infantia
589 771 642 814 et
684 759 954 813 dedecore
993 757 1355 828 gloriabatur,
1391 767 1447 815 et
1492 760 1821 816 laudabatur
1851 761 1908 814 in

326 854 614 924 iniquitate
662 868 801 916 sua;
851 853 1111 922 intraque
1159 868 1253 908 sex
1307 868 1415 908 non
1475 854 1712 923 amplius
1765 854 1907 920 dies,

326 944 582 1000 manibus
627 943 911 998 hominum
956 934 1227 1009 initiatus,
1269 945 1615 1015 concupitam
1664 945 1910 1000 ecclesiae

326 1037 643 1091 cathedram
673 1037 906 1091 invasit.
933 1035 1176 1106 Eratque
1215 1051 1342 1091 vere
1367 1050 1614 1102 cernere,
1647 1045 1708 1091 ut
1738 1037 1911 1092 fertur

329 1130 546 1199 adagio,
569 1114 996 1199 extemporalem
1028 1127 1414 1198 lictitiumque,
1432 1143 1529 1184 seu
1561 1137 1910 1196 personatum

332 1231 610 1274 sanctum.
642 1217 776 1273 Nam
803 1220 983 1289 primo
1003 1219 1089 1274 dic
1117 1219 1423 1276 monachus
1453 1234 1520 1276 ex
1546 1220 1711 1286 laico,
1741 1223 1914 1278 altero

330 1309 522 1370 lector,
559 1315 675 1361 tum
707 1308 1148 1378 hypodiaconus,
1181 1323 1245 1362 ac
1269 1308 1562 1374 diaconus,
1601 1319 1657 1366 et
1685 1312 1916 1383 presby-

330 1407 417 1454 tcr
451 1416 465 1452 :
500 1405 658 1454 sexto
687 1398 902 1464 deinde,
936 1398 1028 1468 qui
1060 1398 1163 1452 fuit
1191 1398 1394 1454 Christi
1447 1401 1671 1464 natalis,
1704 1408 1760 1455 et
1800 1402 1917 1472 ipse

334 1506 554 1547 sacrum
583 1490 964 1546 conscendens
997 1490 1262 1557 tribunal,
1299 1505 1488 1561 pacem
1523 1491 1752 1562 populo,
1773 1492 1916 1548 nihil

331 1595 461 1636 vera
489 1596 621 1648 pace
659 1580 883 1651 dignum
909 1580 1179 1650 cogitans,
1209 1579 1482 1634 nuntiavit
1502 1578 1630 1650 (σ).»

2008 393 2195 447 λουθον
2236 393 2361 464 ἔσχε
2387 397 2454 465 τῇ
2485 394 2626 465 ἀρχῇ
2660 393 2719 446 τὸ
2751 391 2921 457 τέλος.
2965 392 3038 448 Οὐ
3069 393 3178 467 γὰρ
3229 397 3588 470 παρῃτήσατο

2008 484 2106 553 τὴν
2133 481 2208 546 ὡς
2228 482 2382 553 παρὰ
2408 482 2689 553 κοσμικῶν
2721 483 2999 554 ἀρχόντων
3040 484 3300 554 ἀκόσμως
3329 488 3476 558 αὐτῷ
3496 490 3592 542 καὶ

2008 572 2265 642 ἀθέσμως
2295 571 2634 643 ἐνδιδομένην
2655 571 3007 644 Ἐκκλησίαν,
3043 574 3152 628 οὐδ’
3182 574 3260 640 ὡς
3286 577 3458 647 ἑτέρῳ
3494 579 3592 632 ἀν-

2009 663 2097 734 δρὶ
2129 663 2594 736 καθηρμοσμένην
2629 665 2890 736 μοιχικὼς
2937 666 3118 736 ἑαυτῷ
3179 669 3595 736 κατεγγυᾶσθαι

2008 755 2292 827 ηὐλαϐήθη
2331 771 2344 786 ·
2401 756 2714 810 τούναντίον
2751 757 2850 823 μὲν
2901 753 2995 811 οὖν
3029 759 3125 812 καὶ
3158 759 3496 830 περιχαρῶς,
3555 761 3589 832 ἢ

2010 847 2244 910 ἀναιδῶς
2294 846 2516 918 μᾶλλον,
2569 848 2977 919 κατησπάζετο,
3033 851 3128 903 καὶ
3173 850 3250 914 ὡς
3309 850 3452 914 ἰδίας
3495 851 3596 922 τῆς

2012 939 2304 1012 ἀλλοτρίας
2362 940 2554 1010 σαφῶς
2586 942 2951 1005 ἀντεποιεῖτο,
3003 941 3298 1018 καὶέν-τῇ
3361 943 3595 1014 αἰσχύνῃ

2009 1033 2163 1104 αὐτῷ
2197 1033 2427 1106 ὲγαυρῑα
2457 1031 2834 1104 δοξαζόμενος,
2895 1035 2990 1088 καὶ
3026 1035 3087 1088 ὲν
3111 1037 3179 1107 τῇ
3203 1035 3394 1108 ἀδικίᾳ
3416 1033 3584 1089 αὐτοῦ

2014 1125 2350 1193 ὲνευλογεϊτο
2399 1125 2491 1179 καὶ
2537 1126 2595 1177 ἐν
2645 1124 2705 1192 ἐξ
2750 1127 2873 1188 ταῖς
2919 1126 3070 1189 ὅλαις
3121 1126 3364 1198 ἡμέραις
3399 1126 3588 1198 χερσὶν

2015 1216 2319 1288 ἀνθρώπων
2364 1216 2762 1287 τελειοΰμενος,
2819 1217 2918 1286 τῆς
2975 1217 3423 1290 ὲπιθυμουμὲνης
3493 1220 3596 1272 ἐπ-

2009 1307 2359 1377 ελαμϐάνετο
2384 1308 2674 1381 καθέδρας.
2725 1310 2836 1363 Καὶ
2866 1305 2935 1380 ἦν
2957 1309 3173 1380 ἀληθῶς
3211 1311 3419 1364 ἐκεῖνον
3464 1311 3598 1382 όρᾷν

2015 1401 2156 1470 αὐθή
2167 1416 2331 1471 μερον
2355 1399 2511 1468 ἆγιον
2533 1401 2906 1470 πλαττόμενον
2963 1403 3106 1456 κατά
3137 1402 3239 1472 τὴν
3263 1403 3588 1474 παροιμίαν.

2015 1493 2220 1565 Πρώτη
2249 1493 2358 1564 γὰρ
2384 1495 2567 1567 ἡμέρᾳ.
2590 1495 2824 1565 μοναχὸς
2848 1496 2970 1549 ἀντὶ
3010 1493 3223 1563 λαῖκοῦ,
3263 1497 3328 1567 τῇ
3372 1495 3599 1567 δευτέρᾳ

2021 1585 2080 1639 δὲ
2099 1585 2480 1656 ἀναγνώστης,
2505 1590 2602 1642 καὶ
2623 1589 2978 1653 ὑποδιάκονος
3007 1591 3073 1660 τῇ
3132 1587 3283 1660 ἑξῆς,
3325 1584 3443 1643 εἶτα
3492 1587 3582 1642 διά

332 1693 508 1740 κονος,
540 1671 657 1728 εἶτα
687 1675 1056 1744 πρεσϐύτερος
1082 1691 1095 1704 ·
1135 1673 1327 1726 ἔπειτα
1353 1675 1422 1744 τῇ
1444 1673 1581 1746 ἕκτῃ
1613 1690 1632 1708 ⁸
1662 1675 1904 1748 Χριστοῦ
1931 1677 1990 1732 δὲ
2007 1672 2077 1750 ἦν
2099 1680 2170 1734 τὰ
2209 1681 2472 1748 ’γενέθλια
2502 1700 2517 1715 ο
2581 1683 2678 1735 καὶ
2724 1681 2888 1747 αὐτὸς
2907 1681 2988 1752 τῷ
3038 1682 3298 1753 ἱερατικῷ
3351 1679 3596 1754 προσϐὰς

342 1775 540 1844 θρόνῳ,
568 1775 666 1842 τὴν
693 1773 919 1842 εἰρήνην
943 1770 1021 1841 τῷ
1053 1770 1168 1841 λαῷ
1209 1769 1572 1841 προσεφώνει,
1607 1773 1775 1844 μηδὲν
1803 1774 1903 1844 τῆς
1925 1776 2193 1848 ἀληθινῆς
2216 1778 2441 1850 εἰρήνης
2462 1778 2610 1846 ἀξιον
2637 1779 2820 1832 ὲννοού
2831 1797 3010 1850 μενος.
3053 1798 3073 1832 ι

405 1891 692 1948 Nectarius
729 1887 1035 1960 patriarcha
1074 1885 1604 1959 Hierosolymitanus
1635 1888 1730 1959 qui
1770 1889 1972 1947 saeculo
2021 1906 2157 1958 xvn,
2200 1892 2256 1948 in
2294 1893 2436 1948 libro
2460 1893 2536 1949 De
2566 1894 2786 1963 imperio
2817 1909 2990 1964 papaz,
3023 1909 3135 1964 quo
3165 1893 3402 1949 schisma
3431 1891 3581 1949 fovet

332 1998 390 2041 ct
417 2001 476 2040 se
505 1982 716 2037 Latinis
745 1979 1162 2036 infestissimum
1198 1981 1438 2047 exhibet,
1471 1981 1702 2037 candide
1734 1980 1940 2038 fatetur
1969 1981 2224 2040 Pbotium
2257 1999 2324 2042 ex
2354 2001 2504 2041 mera
2538 1987 2840 2041 ambitione
2891 1985 3189 2041 Ecclesiam
3226 1986 3590 2042 universalem

337 2091 432 2144 per
462 2062 660 2126 multos
689 2085 863 2124 annos
888 2068 1236 2123 vehementer
1263 2069 1635 2138 perturbasse.

409 2160 562 2216 Mitto
595 2169 818 2216 caeteros
848 2158 1140 2226 scriptores
1169 2155 1426 2212 Ecclesiae
1465 2156 1671 2214 Graecae
1714 2159 1807 2230 qui
1851 2175 1951 2231 pro
1983 2161 2188 2216 unione
2215 2159 2606 2226 Ecclesiarum,
2639 2168 2764 2230 post
2799 2169 2990 2215 natum
3024 2159 3312 2216 dissidium
3349 2143 3602 2214 laborati-

338 2249 710 2314 tes,Photium
743 2245 912 2300 veluti
943 2246 1215 2300 malorum
1253 2245 1498 2300 omnium
1529 2261 1753 2304 causam
1787 2258 2083 2316 accusant;
2111 2249 2282 2305 solius
2312 2247 2499 2309 Vecci,
2548 2249 2877 2318 patriarcha:
2904 2246 3011 2301 (ΞΡ.
3051 2247 3231 2302 medio
3262 2247 3464 2303 saeculo
3507 2263 3602 2301 xm

339 2337 667 2394 sententiam
702 2334 994 2405 proferam,
1020 2335 1112 2403 qui
1150 2333 1350 2389 asserit
1375 2335 1629 2389 Pbotium
1665 2337 1902 2405 primum
1960 2337 2015 2391 in
2053 2337 2288 2393 ecclesia
2329 2335 2597 2392 Orientali
2629 2335 2880 2404 posuisse
2913 2334 3245 2390 fermentum
3282 2334 3602 2406 pessimum,

337 2425 484 2498 quod
522 2423 756 2480 Michael
797 2421 1128 2478 Cat-alarius
1160 2428 1283 2491 post
1308 2432 1527 2476 centum
1555 2429 1610 2475 et
1659 2424 2003 2494 septuaginta
2032 2439 2209 2479 annos
2233 2425 2421 2480 denuo
2453 2427 2730 2480 excitavit.

1367 2537 1434 2592 ll.
1469 2566 1538 2577 --
1567 2537 1644 2593 De
1674 2539 1918 2594 doctrina
1948 2552 1997 2596 et
2024 2544 2321 2598 eruditione
2352 2543 2552 2598 Photii.

411 2633 537 2688 llaec
567 2631 634 2687 de
664 2628 862 2685 Photio
892 2628 1122 2684 dicenda
1145 2637 1324 2692 erant,
1353 2643 1421 2682 ne
1447 2628 1533 2682 vir
1559 2629 1717 2698 cujus
1749 2631 1956 2700 scripta
1979 2631 2091 2701 jam
2127 2633 2450 2702 collegimus
2490 2648 2519 2686 a
2548 2632 2708 2687 nobis
2741 2640 2939 2702 praeter
2970 2630 3226 2686 meritum
3272 2636 3368 2684 aut
3399 2629 3607 2698 vitupe-

338 2725 449 2779 rari
491 2729 588 2775 aut
619 2718 834 2774 laudari
872 2717 1174 2773 videretur.
1209 2716 1400 2772 Fuerit
1421 2717 1612 2787 utique
1644 2712 1896 2783 callidus,
1933 2721 2234 2791 hypocrita,
2272 2720 2621 2782 ambitiosus,
2659 2719 2935 2783 falsarius,
2978 2715 3382 2782 schismaticus,
3419 2726 3608 2788 tyran-

340 2824 469 2873 nus,
501 2817 741 2862 attamen
777 2805 1000 2876 ingenio
1029 2812 1086 2858 et
1123 2805 1436 2859 eruditione
1466 2820 1575 2859 non
1604 2807 1806 2866 caruit,
1847 2821 1912 2860 ac
1947 2818 2232 2879 propterea
2257 2823 2287 2863 e
2320 2809 2490 2863 choro
2515 2809 2844 2877 scriptorum
2877 2808 2971 2876 qui
3018 2805 3174 2861 libris
3209 2805 3325 2860 suis
3352 2803 3610 2858 Ecclesia?

340 2899 672 2971 profuerunt
713 2913 822 2951 non
856 2895 1082 2951 omnino
1112 2894 1416 2966 ejiciendus
1446 2905 1551 2950 est.
1593 2895 1798 2950 Praeter
1841 2896 2124 2964 epistolam
2156 2904 2212 2949 et
2241 2895 2438 2950 librum
2471 2907 2612 2966 quos
2643 2894 2710 2948 ad
2740 2893 3167 2964 impugnandam
3201 2890 3610 2961 processionetn

338 2987 584 3058 Spiritus
617 2984 793 3040 sancti
821 2984 987 3038 etiam
1016 2999 1044 3038 a
1080 2981 1221 3037 Filio
1247 2983 1514 3049 exaravit,
1535 2992 1591 3037 et
1621 2992 1744 3038 acta
1777 2982 2230 3052 pseudo-concilii
2260 2982 2344 3038 sui
2373 2998 2500 3037 cum
2529 2981 2874 3036 documentis
2892 2979 3120 3033 adnexls
3145 2993 3269 3048 quae
3292 2993 3357 3032 ex
3384 2976 3612 3031 arbitrio

339 3086 394 3132 et
425 3076 563 3132 satis
596 3073 848 3144 imperite
881 3074 1061 3138 tinxit,
1092 3071 1229 3126 nihil
1256 3071 1372 3126 fere
1401 3072 1454 3126 in
1493 3087 1716 3127 causam
1745 3073 2056 3128 schismatis
2089 3072 2351 3142 scripsit;
2391 3080 2445 3125 et
2479 3070 2681 3139 scripta
2725 3068 2846 3138 ejus
2877 3067 3057 3132 hodie,
3090 3075 3152 3120 ιιι
3187 3066 3346 3121 nobis
3377 3065 3612 3130 videtur,

339 3179 516 3232 neque
545 3161 784 3226 veritati,
821 3175 999 3229 neque
1043 3161 1162 3228 paci
1199 3157 1457 3215 Ecclesiae
1482 3161 1594 3214 ulla
1624 3161 1837 3214 ratione
1863 3161 2056 3215 obesse
2090 3167 2340 3228 possunt,
2387 3159 2516 3212 dum
2552 3172 2582 3212 e
2611 3164 2800 3211 contra
2837 3155 2904 3208 ad
2939 3154 3225 3210 historiam
3253 3152 3524 3222 dogmatis
3557 3163 3612 3206 et

337 3249 749 3305 vicissitudines
793 3245 1109 3301 schismatis
1141 3245 1494 3302 delineandas
1533 3246 1671 3302 mire
1719 3247 2046 3302 inserviunt.
2088 3246 2211 3299 Ideo
2250 3259 2382 3299 sane
2407 3252 2527 3298 acta
2568 3241 2997 3313 pseudo-synodi
3038 3240 3319 3295 Photianae
3369 3255 3492 3309 quae
3547 3240 3614 3294 ad

338 3353 546 3393 annum
573 3334 677 3391 877
706 3332 964 3399 refertur,
997 3335 1235 3403 primum
1268 3334 1481 3405 integra
1511 3334 1654 3390 edita
1677 3344 1808 3390 sunt
1828 3351 1860 3389 a
1892 3333 1958 3390 lt.
1989 3334 2050 3387 Ρ.
2083 3331 2363 3388 Harduino
2393 3331 2671 3388 societatis
2689 3330 2822 3384 Jesu
2861 3328 3208 3401 presbytero,
3233 3343 3358 3385 cum
3382 3341 3612 3383 assensu

337 3423 641 3482 Clementis
678 3421 750 3476 Xl
774 3421 977 3476 summi
1010 3421 1286 3490 pontiﬁcis
1316 3421 1418 3490 (ά).

411 3515 532 3571 Non
567 3522 653 3570 est
679 3514 848 3584 igitur
890 3526 992 3568 cur
1019 3512 1147 3582 quis
1177 3512 1434 3568 formidet
1471 3527 1542 3569 ne
1583 3527 1748 3586 opera
1786 3511 1967 3567 Pltotii
2009 3519 2104 3566 aut
2139 3509 2356 3567 veritati
2389 3510 2676 3566 catholica:
2705 3509 2913 3578 obsint,
2941 3518 3038 3564 aut
3077 3521 3261 3563 causae
3300 3504 3616 3562 schismatis

341 3604 607 3676 prodesse
639 3603 873 3674 possint.
2049 3631 2054 3633 -
3571 3603 3576 3606 -

414 3691 781 3759 Quaeretquis
803 3688 1037 3745 fortasse
1066 3687 1346 3757 quomodo
1399 3687 1782 3743 orthodoxiam
1828 3685 2028 3751 Photii,
2071 3686 2125 3738 in
2169 3685 2394 3754 scriptis
2434 3699 2557 3754 quae
2621 3685 2686 3739 ad
2719 3683 2960 3740 schisma
2976 3679 3616 3752 nonpertinent,an0bis

345 3789 634 3844 asscrtam,
667 3777 1025 3832 conciliemus
1057 3791 1184 3832 cum
1217 3776 1722 3838 actisconciliivm,
1753 3776 1896 3846 quod
1920 3775 1973 3828 in
1995 3773 2248 3828 Photium
2289 3773 3307 3844 perveraorumdogmatuminveutorem
3327 3768 3616 3823 anathema

346 3866 767 3940 pronuntiavit?
1227 3913 1230 3916 .

417 3950 527 4006 Res
565 3950 715 4005 omni
748 3948 1064 4004 difﬁcultate
1095 3955 1264 4002 caret.
1300 3946 1497 4001 Narrat
1521 3948 1668 4002 enim
1695 3949 2017 4003 Anastasius
2062 3949 2522 4006 Bibliothecarius
2547 3967 2653 4020 qua
2694 3950 2833 4005 mira
2877 3949 3196 4014 calliditate,
3228 3963 3335 4000 non
3371 3945 3436 3999 ad
3463 3958 3615 4000 asse-

349 4039 578 4094 rcndam
613 4052 768 4093 suam
799 4035 1138 4106 Opinionem,
1172 4037 1268 4089 sed
1301 4035 1368 4089 ad
1407 4034 1721 4089 tentandam
1753 4037 2081 4104 pastoralem
2111 4038 2448 4108 vigilantiam
2487 4037 2698 4108 lgnatii,
2733 4037 2966 4092 Photius
2999 4052 3122 4091 cum
3186 4034 3429 4088 maximo
3451 4047 3614 4088 scan-

349 4128 475 4182 dalo
517 4125 754 4180 fidelium
797 4123 1042 4179 docuerit
1099 4121 1370 4192 singulos,
1417 4121 1672 4176 homines
1738 4122 1875 4178 duas
1912 4125 2111 4179 habere
2158 4127 2409 4191 animas,
2455 4142 2618 4180 unam
2656 4126 2979 4181 rationalem
3010 4134 3066 4180 et
3105 4124 3266 4178 aliam
3305 4122 3619 4186 animalem.

427 4239 445 4270 ‹
471 4218 764 4280 Ρτωιετρο,
796 4219 871 4270 ait
898 4215 1246 4278 Anastasius,
1282 4223 1337 4268 et
1363 4214 1512 4267 aliud
1545 4214 1849 4283 iniquitatis
1877 4230 1991 4269 suae
2015 4217 2358 4283 retiaculum,
2388 4233 2496 4287 quo
2519 4226 2731 4273 mentes
2759 4218 3089 4286 simplicium
3121 4220 3360 4283 caperet,
3389 4221 3612 4274 texens,

353 4312 622 4376 quotquot
662 4303 728 4356 ad
790 4303 1120 4357 exteriorem
1151 4302 1219 4355 ab
1257 4316 1323 4355 co
1361 4300 1711 4370 disciplinam
1749 4303 2052 4357 instruendi
2098 4305 2413 4372 veniebant,
2461 4305 2686 4376 proprio
2737 4306 2946 4374 scripto
2981 4302 3253 4374 spondere
3309 4300 3539 4372 cogebat
3563 4315 3622 4354 sc

355 4393 658 4449 secundum
702 4391 858 4444 fidem
889 4389 1072 4443 PhOtii
1101 4389 1182 4443 .de
1228 4395 1427 4442 caetero
1475 4387 1784 4441 credituros
1818 4406 1834 4454 ;
1874 4391 2032 4458 quasi
2073 4391 2196 4448 duae
2247 4392 2382 4448 ﬁdes
2421 4401 2632 4460 essent,
2679 4383 3041 4447 una‘scilicet
3077 4387 3305 4452 Christi,
3346 4397 3402 4442 et
3452 4389 3621 4440 altera

355 4478 536 4533 Photii
571 4497 585 4533 :
641 4487 695 4532 ct
751 4479 855 4533 hoc
890 4477 1250 4531 nihilominus
1289 4475 1486 4529 callide
1520 4476 1769 4538 molitus,
1801 4485 1862 4530 ut
1903 4483 2306 4537 communionis
2359 4497 2473 4538 suae
2503 4496 2863 4553 quoscunque
2897 4479 2982 4535 vel
3005 4476 3506 4549 quomodocunque
3537 4475 3617 4527 la-

355 4567 514 4638 queis
540 4567 776 4621 irretiret
809 4582 824 4633 ;
852 4576 907 4621 et
935 4575 1079 4620 esset
1106 4563 1447 4634 impossibile
1478 4577 1539 4617 se
1560 4577 1800 4632 unquam
1831 4567 2007 4631 evelli,
2040 4585 2201 4639 quem
2233 4570 2495 4626 nimirum
2519 4579 2798 4626 constaret
2829 4574 2908 4623 tot
2941 4566 3291 4621 lixishaerere
3317 4561 3621 4625 radicibus,

357 4656 488 4710 dum
527 4656 615 4710 his
647 4670 748 4710 nec
781 4655 942 4707 aliam
977 4653 1159 4717 tidem,
1189 4650 1296 4705 nisi
1326 4663 1490 4719 quam
1517 4649 1636 4718 ipse
1667 4658 1899 4717 teneret,
1931 4653 2129 4711 habere
2162 4672 2385 4728 quoquo
2415 4658 2578 4712 modo
2609 4659 2857 4712 licuisset
2889 4672 2905 4712 :
2945 4654 3094 4726 quod
3120 4653 3419 4706 maximum
3459 4653 3619 4705 scan-

356 4741 542 4796 dalum
578 4743 912 4796 mortalibus
940 4738 1220 4803 excitavit,
1255 4735 1607 4791 dicentibus:
1638 4737 1811 4800 ltane,
1847 4741 1893 4792 si
1926 4737 2153 4798 l’hotius
2186 4744 2551 4799 haeresiarcha
2588 4743 2774 4808 fuerit,
2808 4743 3008 4796 debent
3039 4741 3133 4795 ﬁlii
3165 4739 3342 4794 nostri
3368 4745 3462 4790 aut
3499 4735 3623 4790 fidei

357 4830 647 4884 catholica:
681 4831 993 4884 desertores
1051 4842 1194 4890 esse,
1230 4835 1324 4878 aut
1351 4825 1652 4894 juramcnti
1683 4829 1766 4881 vel
1795 4827 1878 4881 sui
1910 4824 2262 4896 chirographi
2296 4825 2783 4897 transgressores?
2815 4833 2973 4880 erant
3017 4826 3161 4876 enim
3193 4822 3334 4874 inter
3355 4834 3451 4874 eos
3486 4832 3624 4870 non-

361 4919 497 4974 nulli
543 4919 872 4975 clarissimis
921 4916 1195 4972 natalibus
1248 4914 1466 4970 oriundi
1501 4933 1516 4968 :
1548 4930 1674 4969 nam
1708 4926 1762 4970 ct
1803 4925 1928 4984 ante
1971 4929 2147 4970 annos
2181 4917 2395 4984 aliquot
2445 4913 2589 4968 idem
2625 4913 2856 4968 Photius
2904 4913 3138 4965 duarum
3170 4921 3625 4976 unumquemque

362 5007 635 5063 hominem
665 5006 976 5060 animarum
1012 5004 1320 5058 consistere
1373 5004 1725 5073 praedicabat.
1752 5004 1853 5070 Qui
1885 5020 2014 5058 cum
2056 5021 2083 5056 a
2114 5004 2478 5058 Constantino
2513 5001 2842 5072 philosoiiho
2875 5014 3094 5069 magna:
3139 4996 3449 5072 sanctitatis
3479 4996 3620 5058 viro,

357 5097 672 5153 fortissimo
697 5096 817 5166 ejus
843 5095 1046 5156 amico,
1073 5095 1389 5162 increpatus
1419 5091 1619 5148 fuisset
1651 5094 1900 5149 dicente:
1922 5095 2036 5149 Cur
2063 5100 2276 5148 tantum
2308 5107 2556 5147 errorem
2586 5091 2642 5144 in
2687 5089 2947 5160 populum
2978 5100 3265 5158 spargens,
3300 5090 3382 5136 tot
3411 5082 3624 5136 animas

366 5184 740 5240 interfecisti?
772 5181 1055 5251 respondit
1090 5197 1105 5234 :
1143 5178 1264 5234 Non
1291 5179 1480 5236 studio
1501 5195 1831 5250 quemquam
1860 5179 2114 5246 laedendi,
2147 5180 2298 5246 talia,
2338 5179 2539 5248 inquit,
2582 5179 2726 5232 dicta
2749 5177 3032 5247 pr0posui,
3059 5171 3156 5228 sed
3189 5171 3458 5241 probandi
3489 5168 3622 5237 quid

367 5272 683 5341 patriarcha
707 5268 950 5339 lgnatius
983 5276 1188 5338 ageret,
1220 5267 1269 5322 si
1299 5282 1400 5323 suo
1422 5274 1670 5336 tempore
1699 5269 1956 5336 quaelibet
1987 5267 2213 5324 haeresis
2241 5281 2340 5337 per
2369 5267 2718 5337 syllogismos
2751 5263 3206 5342 philosOphorum
3239 5269 3435 5313 exorta
3473 5266 3623 5325 pate-

363 5368 565 5424 sceret,
587 5362 687 5428 qui
723 5357 936 5413 scilicet
969 5357 1119 5410 viros
1146 5356 1446 5411 exterioris
1473 5357 1759 5424 sapientiae
1791 5356 2085 5426 repulisset
2118 5375 2133 5411 :
2167 5372 2358 5412 verum
2407 5357 2654 5427 ignoravi
2691 5372 2778 5410 me
2809 5355 2915 5408 sub
2945 5352 3110 5422 hujus
3141 5349 3334 5403 fomite
3371 5345 3624 5416 proposi-

363 5446 530 5501 tionis
559 5454 640 5502 tot
665 5446 881 5501 animas
917 5444 1034 5500 fore
1056 5444 1336 5501 laesurum.
1372 5443 1450 5498 Ad
1476 5443 1625 5514 quod
1651 5444 1742 5500 ille
1768 5461 1788 5500 ἰ
1824 5445 1868 5498 0
1903 5445 2178 5516 sapientia
2210 5445 2400 5500 mundi
2429 5459 2552 5514 quae
2588 5442 2906 5498 infatuatur.
2931 5448 2988 5494 et
3018 5437 3320 5494 destruitur
3347 5437 3363 5488 l
3395 5431 3622 5488 Jactasti

437 5584 507 5651 (ς)
553 5581 677 5636 Vita
725 5579 788 5634 S.
823 5577 1044 5652 Ignatt'l,
1083 5596 1170 5652 ap.
1199 5577 1365 5638 Ilard.
1400 5581 1533 5637 Acta
1564 5598 1716 5637 conc.
1742 5579 1809 5647 ν,
1837 5581 1942 5639 959

451 5671 472 5703 ὃ
541 5691 557 5706 ο

363 5661 417 5708 et
439 5668 537 5791 ((ῗῖ
556 5720 878 5792 Bcvcrcgius
911 5721 964 5777 in
1007 5722 1286 5778 Pandectis
1319 5740 1610 5787 canonum,
1648 5734 1682 5776 t.
1721 5721 1782 5788 ll,
1815 5734 1936 5779 acta

2051 5582 2143 5637 illa
2179 5583 2524 5653 supposititia
2548 5596 2611 5635 cx
2639 5587 2790 5653 parte
2819 5578 3083 5653 ediderat.
3111 5573 3507 5653 Harduinus‘cp
3540 5569 3624 5624 in-

2052 5662 2196 5723 tegra
2231 5643 2438 5724 primus
2470 5643 2693 5723 protulit
2717 5652 2858 5705 intcr
2890 5648 3024 5701 Acta
3057 5647 3242 5701 concil.
3277 5643 3362 5708 Ἠ,
3392 5643 3516 5697 Ἦῦ.
