3976 6222
1379 284 1778 347 PRIEFATIO
1810 284 1894 347 IN
1927 284 2201 346 PHOTII
2223 286 2498 349 OPERA.
3566 291 3601 331 ν

324 392 559 461 sagittas
586 393 645 447 lu
670 390 1077 447 multitudinem
1107 389 1345 460 cepiosae
1370 390 1569 454 turbae,
1596 399 1652 446 et
1676 389 1939 462 ignorasti
1968 393 2263 462 quemlibet
2299 409 2367 447 ex
2395 393 2477 447 his
2499 394 2757 451 omnibus
2780 396 3204 452 vulnerandum.
3232 392 3393 450 Certe
3417 390 3600 447 omni-

320 481 432 537 bus
470 481 660 552 liquet,
684 481 817 552 quia
855 482 1000 537 sicut
1023 482 1193 548 oculi,
1219 481 1632 552 quantumlibet
1675 482 1783 537 sint
1822 473 2003 550 magni
2031 490 2084 536 et
2111 481 2308 551 aperti,
2340 480 2386 535 si
2412 482 2594 538 fumus
2622 484 2904 553 palearum
2960 483 3360 552 interjacuerit,
3417 482 3602 546 videre

323 568 475 623 ultra
504 584 610 624 non
640 578 875 639 possunt
902 585 920 634 ;
948 568 1024 623 ita
1055 570 1199 624 oculi
1235 569 1522 639 sapientiae
1550 578 1678 634 tuae,
1708 568 2116 639 quantumlibet
2141 569 2256 624 sint
2292 570 2477 640 magni
2506 578 2562 626 et
2592 572 2786 640 patuli,
2815 571 3060 625 avaritiae
3094 579 3275 624 tamen
3302 577 3357 623 et
3382 568 3601 622 invidiae

322 656 483 712 fumo
510 658 729 729 penitus
753 655 1038 721 obcaecati,
1071 656 1350 712 tramitem
1377 656 1611 726 justitize
1638 657 1827 713 videre
1856 672 1966 712 non
1999 668 2234 727 possunt
2262 674 2278 724 ;
2307 673 2371 712 ac
2394 673 2493 727 per
2528 659 2581 713 id
2610 674 2799 713 verum
2828 668 2919 715 est
2957 659 3103 727 quod
3129 658 3291 722 dicis,
3326 657 3598 712 nemilitle

320 746 440 801 ictu
464 755 562 799 tuo
598 754 825 814 putasse
852 760 977 801 esse
1000 743 1332 807 ladenduin,
1357 760 1484 800 cum
1517 747 1600 802 sic
1629 746 1965 801 obcaecatum
1994 762 2219 804 sensum
2272 749 2556 820 praedictis
2585 750 2875 806 adversum
2910 749 3281 820 patriarcliam
3325 747 3599 819 passioni-

318 833 431 890 bus
465 834 694 898 habens,
727 850 830 891 nec
857 833 992 903 quid
1024 834 1599 905 emiseris-prmvidisti
1635 835 1731 905 (e).
1770 852 1790 887 ι

393 941 520 997 Non
544 942 737 998 dubito
759 942 890 1013 quin
917 944 982 998 ad
1010 943 1126 998 haec
1155 939 1332 997 Photii
1361 941 1618 997 scandala
1654 941 1860 997 alludat
1886 943 2182 998 concilium
2212 959 2415 1000 mentm.
2441 959 2562 1012 vni,
2607 946 2697 1002 ubi
2740 947 2993 1001 Photium
3023 945 3187 1008 veluti
3214 956 3595 1015 perversorum

316 1030 648 1101 dogmatum
680 1031 1021 1085 inventorem
1052 1029 1390 1100 perstringit.
1411 1028 1587 1084 Porro
1612 1044 1788 1098 neque
1812 1030 1881 1083 de
1899 1029 2039 1085 falsa
2079 1031 2182 1086 hac
2210 1030 2331 1100 ejus
2357 1032 2632 1096 doctrina,
2663 1049 2764 1089 nec
2787 1035 2856 1088 de
2878 1034 3001 1088 aliis
3028 1033 3301 1103 perversis
3326 1026 3599 1100 dogmati-

316 1119 424 1176 bus
457 1120 517 1174 in
541 1120 699 1175 libris
717 1120 835 1189 ejus
862 1119 1047 1186 editis,
1069 1120 1218 1189 quod
1252 1119 1449 1184 sciam,
1482 1119 1787 1188 quidquam
1824 1118 2087 1173 occurrit.
2121 1116 2391 1172 lnoii‘enso
2423 1118 2586 1189 igitur
2612 1121 2746 1189 pede
2778 1122 3026 1192 percurri
3062 1128 3314 1191 possunt.

1140 1230 1232 1287 lll.
1261 1260 1335 1273 -—
1360 1231 1437 1287 De
1468 1230 1685 1286 tentatis
1711 1228 2035 1285 editionibus
2073 1230 2311 1283 omnium
2339 1246 2557 1300 operum
2588 1231 2789 1287 Photii.

380 1323 609 1392 Quanta
636 1340 667 1380 e
709 1335 902 1382 contra
939 1324 1149 1382 utilitas
1184 1341 1252 1381 ex
1279 1325 1479 1381 iisdem
1518 1324 1738 1393 scriptis
1761 1323 1969 1378 hauriri
1998 1324 2192 1393 possit,
2229 1333 2501 1379 testantur
2540 1323 2698 1394 juges
2750 1333 2981 1383 conatus
3013 1326 3262 1381 virorum
3301 1324 3595 1381 doctorum

309 1416 542 1486 saepius,
574 1415 669 1471 sed
701 1414 905 1471 frustra
929 1415 985 1469 in
1008 1414 1113 1470 hoc
1142 1414 1399 1485 impensi,
1426 1423 1485 1469 ut
1511 1414 1720 1484 scripta
1742 1410 1924 1469 Photii
1956 1411 2013 1467 in
2045 1427 2215 1466 unum
2238 1411 2407 1467 veluti
2430 1426 2631 1481 corpus
2656 1412 2883 1470 collecta
2912 1414 3229 1481 ederentur,
3257 1421 3313 1469 et
3334 1415 3594 1469 emenda-

312 1504 423 1558 tius
448 1517 625 1571 quam
659 1500 869 1572 pridem
905 1505 964 1557 in
994 1502 1174 1557 lucem
1208 1502 1514 1571 prodirent.

377 1590 571 1647 Testis
596 1600 680 1646 est
710 1592 772 1646 D.
802 1589 1246 1660 Hergenraatber,
1278 1590 1334 1643 in
1373 1587 1761 1645 dissertatione
1780 1602 1946 1658 quam
1974 1586 2116 1642 infra
2136 1588 2374 1652 edimus,
2408 1587 2708 1643 Antonium
2746 1587 3070 1655 Catiforum,
3116 1587 3248 1643 huic
3284 1588 3435 1658 operi
3464 1587 3593 1643 olim

307 1677 627 1733 insudasse.
676 1696 696 1729 ι
728 1677 1000 1733 Antonius
1029 1675 1307 1732 Catiforus
1340 1674 1696 1748 Zacynthius,
1727 1676 1827 1741 ait,
1860 1677 2000 1730 mira
2042 1691 2168 1730 cum
2203 1675 2531 1731 assiduitate
2568 1677 2827 1731 universa
2871 1674 3050 1731 Pbotii
3083 1689 3248 1745 opera
3286 1675 3592 1744 colligenda

302 1768 569 1832 curavit;
606 1765 911 1821 editionem
943 1774 1127 1820 tamen
1151 1764 1440 1836 diligenter
1461 1773 1826 1835 praeparatam
1860 1763 1930 1819 ad
1958 1763 2122 1819 finem
2157 1763 2460 1834 perducere
2492 1780 2601 1819 non
2632 1764 2812 1834 potuit
2838 1763 2929 1835 (Γ).
2965 1781 2984 1815 ι
3027 1762 3241 1833 Scripta
3278 1760 3508 1817 Catifori
3541 1759 3597 1816 et

306 1868 475 1923 Opera
515 1855 593 1909 ab
620 1869 687 1909 eo
721 1855 1007 1917 translata,
1040 1854 1095 1908 in
1126 1853 1461 1909 bibliOtheca
1489 1852 1547 1909 S.
1580 1852 1747 1907 Marci
1775 1851 2019 1908 Venetiis
2061 1861 2372 1916 servantur,
2404 1852 2501 1907 ubi
2534 1852 2598 1906 D.
2625 1849 3050 1922 Hergenroether
3074 1849 3263 1903 eadem
3296 1848 3589 1908 consuluit.

300 1939 474 1997 Nobis
503 1950 693 1996 tamen
725 1942 913 1997 datum
944 1955 1056 1996 non
1081 1950 1189 2004 est,
1214 1940 1286 1996 ob
1320 1939 1632 2011 angustiam
1664 1941 1949 2010 temporis,
1977 1947 2033 1995 et
2065 1939 2319 1995 locorum
2344 1938 2686 2005 distantiam,
2715 1954 2782 1995 ex
2818 1936 3098 1994 laboribus
3115 1936 3420 1993 doctissimi
3445 1935 3595 1991 Cati-

301 2036 433 2100 fori,
467 2035 767 2090 utilitatem
796 2036 1036 2106 aliquam
1067 2035 1124 2090 in
1156 2036 1298 2091 hanc
1322 2035 1622 2089 editionem
1648 2042 1895 2089 nostram
1924 2033 2207 2090 derivare.

367 2126 445 2181 Ex
471 2125 785 2181 Annalibus
814 2125 1277 2182 Trivultiensibus
1305 2141 1441 2180 ann.
1474 2123 1614 2179 n24
1654 2123 1909 2179 novimus
1938 2122 2235 2177 editionem
2267 2120 2515 2176 omnium
2569 2133 2799 2191 operum
2846 2118 3031 2177 Photii
3062 2127 3197 2175 tunc
3230 2116 3498 2189 temporis
3524 2116 3593 2171 ab

297 2216 488 2287 Anglis
510 2216 689 2271 fuisse
719 2224 991 2286 paratam,
1019 2231 1142 2284 qua:
1166 2226 1347 2270 tamen
1379 2213 1448 2269 ad
1480 2227 1717 2284 unguem
1748 2212 2017 2282 perducta
2047 2223 2157 2263 non
2190 2215 2288 2263 est
2318 2206 2417 2279 (g).

361 2304 643 2361 Martinus
663 2302 983 2366 Gerbertus.
1018 2303 1191 2359 abbas
1218 2301 1674 2372 Congregationis
1708 2298 1768 2355 S.
1805 2298 1974 2354 Blasii
2010 2296 2068 2352 in
2099 2294 2246 2350 Silva
2274 2292 2464 2365 Nigra,
2511 2307 2659 2349 anno
2703 2292 2844 2348 1759
2887 2296 2994 2348 iter
3023 2291 3292 2348 Gallicum
3326 2288 3590 2363 suscepit,

296 2394 347 2447 in
376 2407 490 2463 quo
531 2392 733 2448 editori
768 2392 1017 2446 omnium
1041 2405 1271 2461 operum
1300 2387 1483 2444 Photii
1508 2388 1761 2442 incurrit.
1797 2386 2076 2441 Enarrans
2101 2386 2248 2440 enim
2279 2399 2343 2439 ea
2382 2399 2506 2454 quae
2534 2381 2761 2437 Parisiis
2782 2382 3192 2446 observaverat,
3234 2381 3315 2435 sic
3338 2379 3537 2434 scribit
3570 2398 3581 2431 :

300 2502 316 2531 ι
359 2481 421 2538 l’.
463 2478 657 2536 Castel
693 2495 916 2550 operam
960 2480 1054 2535 dat
1098 2477 1328 2535 editioni
1364 2477 1575 2539 Photii,
1626 2476 1721 2533 sed
1746 2490 1841 2545 per
1870 2475 2167 2531 decursum
2202 2474 2423 2529 demum
2466 2474 2763 2528 multorum
2799 2487 3070 2527 annorum
3100 2469 3477 2541 perfecturum
3524 2484 3586 2524 se

295 2580 477 2642 sperat
508 2571 600 2624 vir
628 2570 683 2624 in
719 2568 854 2625 ﬂore
888 2566 1065 2623 aetatis
1095 2565 1428 2623 constitutus
1451 2580 1469 2631 ;
1492 2566 1562 2620 de
1588 2579 1700 2634 quo
1730 2577 1832 2636 ego
1862 2564 2104 2635 insignia
2133 2564 2337 2633 quaevis
2362 2562 2641 2619 ominatus
2667 2577 2791 2617 sum
2834 2576 2903 2617 ex
2923 2559 3137 2618 erudita
3176 2560 3580 2633 placidissima-

295 2675 398 2732 que
432 2658 868 2714 conversatione
893 2657 952 2712 in
973 2654 1313 2712 monasterio
1360 2653 1419 2710 S.
1462 2653 1706 2724 Dionysii
1741 2668 1870 2708 cum
1898 2666 1965 2707 eo
1996 2652 2181 2708 habita
2215 2651 2322 2721 (Ιι).
2360 2671 2380 2703 ι

360 2764 643 2827 Tandem,
669 2770 806 2819 teste
835 2762 986 2818 card.
1016 2760 1082 2819 A.
1113 2760 1247 2826 Mai,
1276 2752 1951 2823 doctissimus'Morellius,
1982 2757 2038 2811 in
2073 2754 2332 2824 Catalogo
2364 2754 2606 2809 codicum
2636 2752 2973 2820 Venetorum,
3008 2769 3130 2825 pag.
3161 2752 3252 2819 95,
3285 2768 3448 2824 quem
3498 2751 3581 2808 in-

296 2853 510 2924 spicere
549 2851 709 2909 nobis
737 2866 849 2908 non
879 2849 1080 2907 licuit:
1116 2867 1137 2903 ο
1173 2847 1543 2918 Conspectum
1574 2845 1828 2902 editionis
1848 2844 2099 2901 omnium
2128 2858 2360 2913 operum
2402 2841 2577 2897 Photii
2610 2843 2989 2897 concinnavit.
3020 2862 3040 2895 ι

1123 2958 1215 3016 IV.
1248 2988 1319 3002 --—
1347 2958 1420 3013 De
1446 2958 1626 3028 prima
1652 2958 1753 3012 hac
1780 2957 2022 3012 editione
2049 2956 2287 3009 omnium
2315 2970 2533 3024 operum
2561 2953 2765 3009 Photii.

361 3059 547 3116 Nemo
571 3058 739 3131 igitur
770 3058 1037 3113 hactenus
1068 3070 1238 3128 opera
1264 3056 1449 3111 omnia
1485 3054 1670 3110 'Photii
1708 3054 1930 3125 collegit
1965 3068 1978 3106 :
2018 3052 2161 3122 quod
2194 3065 2319 3117 nos,
2348 3052 2526 3121 quoad
2556 3052 2731 3120 licuit,
2756 3052 2869 3120 jam
2916 3058 3265 3122 praestamus.
3294 3051 3370 3107 Ea
3402 3061 3583 3108 autem

296 3151 349 3204 in
370 3150 628 3220 quinque
650 3154 834 3217 partes
855 3143 1173 3212 divisimus,
1201 3156 1436 3213 quarum
1458 3143 1639 3212 prima
1657 3142 2042 3211 complectitur
2076 3155 2241 3210 opera
2277 3140 2332 3193 in
2362 3139 2423 3193 S.
2458 3138 2799 3209 Scripturam
2828 3154 2925 3195 seu
2956 3140 3272 3211 exegetica;
3310 3141 3579 3201 secunda,

298 3248 459 3303 opera
488 3229 844 3300 dogmatica;
880 3226 1064 3292 tertia,
1092 3241 1258 3297 opera
1286 3227 1650 3296 parametica;
1682 3235 1899 3295 quarta,
1942 3241 2112 3298 opera
2151 3227 2416 3283 historica
2447 3244 2465 3294 ;
2505 3227 2696 3296 quinta
2725 3242 2891 3297 opera
2914 3228 3182 3283 canonica
3217 3242 3230 3281 :
3268 3228 3452 3282 omnia
3481 3244 3579 3282 au-

298 3332 399 3376 tem
420 3327 671 3393 quatuor
695 3316 1065 3375 voluminibus
1080 3326 1105 3384 ’,
1133 3316 1221 3381 Cl,
1250 3315 1358 3381 Cll,
1385 3313 1500 3371 Clll
1524 3322 1580 3370 et
1594 3312 1736 3380 CIV,
1766 3312 2097 3385 Patrologiw
2118 3324 2323 3370 nostrae
2355 3313 2559 3370 Graeca:
2585 3314 2994 3371 describentur.

365 3412 443 3471 De
469 3414 715 3486 singulis
749 3414 1001 3484 quaedam
1048 3414 1389 3482 notabimus,
1430 3412 1631 3468 dicturi
1659 3412 1943 3482 deinceps,
1974 3411 2043 3466 de
2062 3411 2321 3482 operibus
2341 3410 2548 3479 Photii,
2584 3412 2830 3473 ineditis,
2860 3410 3181 3483 depcrditis,
3222 3420 3389 3481 atque
3417 3412 3581 3467 etiam

301 3503 363 3561 de
387 3504 642 3569 omissis,
675 3503 760 3558 vel
780 3501 911 3574 quia
937 3502 1243 3574 argumenti
1275 3516 1426 3557 mere
1453 3500 1670 3572 profani
1730 3509 1886 3568 sunt,
1926 3501 2026 3558 vel
2053 3502 2201 3574 quod
2232 3504 2340 3559 alio
2372 3503 2595 3558 nomine
2616 3503 2731 3572 jam
2754 3518 2787 3559 a
2818 3502 2979 3559 nobis
3020 3502 3168 3559 edita
3199 3505 3332 3558 sint.

1306 3612 1377 3668 ν.
1408 3644 1479 3655 —
1500 3614 1577 3669 De
1600 3615 1774 3685 primo
1812 3615 2074 3671 volumine
2103 3617 2264 3686 huius
2301 3616 2571 3670 editionis.

364 3724 505 3781 Volu
520 3737 639 3779 men
668 3724 905 3795 primum
936 3723 1054 3779 sola
1087 3736 1253 3793 opera
1280 3722 1336 3776 in
1367 3721 1427 3777 S.
1461 3720 1800 3791 Scripturam
1830 3724 2094 3791 continet,
2138 3724 2279 3780 inter
2307 3738 2427 3794 qua:
2450 3722 2691 3779 eminent
2723 3720 3065 3796 Quaestiones
3091 3724 3581 3795 Amphilochiana‘,

302 3830 416 3886 quin
451 3814 586 3881 etsi,
626 3814 808 3885 quoad
834 3812 1097 3882 majorem
1124 3820 1357 3883 partem,
1389 3810 1536 3867 circa
1569 3809 1628 3865 S.
1652 3810 1993 3882 Scripturam
2026 3821 2333 3875 versentur,
2361 3811 2619 3866 nonnulla
2647 3820 2829 3869 tamen
2862 3823 3181 3881 argumenta
3205 3812 3581 3883 philosophica

300 3912 350 3959 et
374 3903 651 3959 historica
680 3902 983 3971 attingunt.
1010 3899 1171 3956 Nullo
1198 3898 1347 3955 enim
1381 3898 1595 3964 ordine,
1630 3898 1740 3955 nisi
1763 3898 2002 3956 fortasse
2041 3899 2305 3970 temporis
2337 3915 2449 3971 quo
2472 3900 2693 3969 scripta:
2722 3898 2967 3966 fuerunt,
2998 3900 3053 3954 in
3081 3900 3369 3955 codicibus
3396 3900 3581 3970 diSpo-

300 4001 541 4057 nuntur,
571 3988 669 4046 sed
695 3988 1025 4059 promiscue,
1055 3987 1132 4043 ita
1160 3993 1221 4041 ut
1256 4000 1368 4041 non
1402 3994 1607 4040 temere
1635 3985 2285 4063 iuquisiverimus,_quid,
2314 3987 2573 4043 omnibus
2598 3986 2903 4057 perpensis,
2930 3987 3106 4057 magis
3143 3987 3450 4056 expediret,
3489 3997 3579 4041 aut

301 4080 515 4135 codices
565 4078 727 4136 etscis
781 4077 961 4132 oculis
1016 4075 1329 4132 exscribere
1376 4083 1430 4129 et
1472 4075 1651 4144 sequi,
1696 4084 1794 4129 aut
1840 4077 2173 4147 quaestiones
2232 4074 2718 4145 Amphilochianas
2781 4074 2940 4146 juxta
3001 4073 3252 4128 ordinem
3319 4072 3581 4127 librorum

305 4166 360 4224 S.
385 4170 710 4239 Scriptura,
739 4166 942 4238 quibus
968 4164 1321 4236 respondent,
1346 4164 1680 4235 disponere?

370 4281 559 4337 Primo
582 4282 722 4352 apud
752 4296 858 4336 nos
885 4281 992 4336 hoc
1019 4281 1297 4350 posterius
1320 4278 1615 4335 consilium
1642 4275 1953 4347 praevaluit,
1982 4276 2112 4347 quia
2139 4274 2265 4331 libri
2288 4289 2425 4331 usus
2458 4274 2673 4331 facilior
2694 4272 2916 4331 futurus
2940 4272 3251 4339 videbatur,
3287 4272 3333 4328 si
3352 4272 3576 4342 quidem

308 4366 415 4426 fere
447 4380 563 4426 tota
590 4370 841 4426 collectio
868 4368 1299 4425 Commentariis
1326 4368 1385 4422 in
1420 4365 1480 4421 S.
1511 4366 1852 4434 Scripturam
1895 4373 2141 4433 constat;
2175 4373 2290 4419 tum
2320 4364 2487 4419 etiam
2548 4366 2678 4434 quia
2710 4363 2909 4418 mirum
2943 4361 3119 4418 videri
3163 4370 3379 4432 poterat
3427 4376 3573 4432 quaa-

307 4458 507 4514 stiones
543 4456 828 4528 profanas,
874 4464 973 4512 aut
993 4455 1423 4527 philosophicas,
1456 4454 1852 4524 quaestionibus
1876 4452 2307 4524 scripturisticis
2336 4453 2538 4523 passim
2565 4451 2806 4537 misceri.

370 4567 747 4626 Nihilominus
780 4568 1002 4624 tandem
1027 4568 1315 4639 praevaluit
1339 4567 1529 4639 opinio
1553 4565 1859 4623 doctissimi
1886 4564 2329 4636 Hergenrcetber,
2356 4564 2452 4634 qui
2489 4578 2617 4619 cum
2652 4562 3132 4632 diligentissimam
3160 4577 3381 4634 Operam
3409 4563 3578 4619 collo-

308 4665 480 4713 casset
514 4658 571 4711 in
599 4655 943 4727 colligendis,
974 4655 1336 4711 emendandis
1358 4662 1415 4710 et
1447 4654 1789 4710 elucidandis
1841 4653 2023 4711 Photii
2056 4652 2454 4723 quaestionibus
2490 4650 2984 4720 Amphilochianis,
3013 4651 3235 4707 facilius
3268 4652 3573 4721 dijudicare

308 4745 477 4810 potuit
506 4758 758 4814 quamam
788 4743 957 4798 fuerit
988 4743 1231 4798 auctoris
1270 4757 1426 4799 mens
1459 4750 1513 4799 et
1536 4741 1789 4797 intentio.
1825 4738 1896 4806 Is,
1930 4741 2233 4811 quaestione
2266 4747 2482 4793 mature
2509 4753 2799 4809 perpensa,
2833 4740 3047 4810 putavit
3087 4741 3337 4795 ordinem
3371 4740 3579 4796 codicis

310 4827 549 4889 Vaticani
573 4833 666 4902 qui
687 4832 934 4886 omnium
959 4830 1556 4901 prsestantissimusest
1567 4829 1635 4883 ad
1649 4830 1911 4884 amussim
1935 4827 2272 4899 sequendum
2291 4841 2435 4893 esse,
2459 4834 2515 4883 et
2544 4835 2768 4882 secutus
2790 4836 2895 4893 est,
2919 4828 3193 4898 praecipue
3208 4828 3337 4898 quia
3355 4826 3573 4882 Photiu:

309 4917 416 4988 ipse
434 4920 767 4990 quaestiones
798 4934 829 4974 a
850 4932 909 4975 se
935 4917 1169 4984 solutas,
1189 4919 1294 4972 hoc
1328 4918 1521 4973 ordine
1546 4931 1613 4971 ex
1638 4916 1905 4973 industria
1929 4917 2273 4986 disposuisse
2303 4916 2533 4983 videtur,
2561 4930 2671 4985 quo
2698 4918 2963 4973 varietate
2996 4918 3178 4988 potius
3201 4932 3365 4988 quam
3397 4917 3569 4985 rigore

310 5007 545 5063 methodi
573 5006 766 5062 lectori
802 5006 1117 5078 placerent;
1170 5005 1357 5061 minus
1405 5019 1538 5060 sane
1577 5004 1872 5073 placitura,
1904 5005 1953 5060 si
1984 5004 2239 5075 quamvis
2266 5005 2335 5059 ad
2361 5005 2504 5060 idem
2540 5005 2873 5060 eruditionis
2896 5020 3071 5075 genus
3104 5013 3374 5073 spectent,
3408 5004 3570 5059 veluti

312 5094 553 5150 membra
578 5095 744 5150 unius
768 5094 1018 5166 corporis
1050 5094 1346 5164 discerpta,
1387 5094 1639 5150 diversas
1680 5103 1737 5150 et
1777 5094 2057 5161 sejunctas
2095 5092 2252 5149 sedes
2291 5091 2435 5147 inter
2465 5092 2709 5147 auctoris
2737 5106 2903 5162 opera
2927 5104 3316 5162 occupassent.
3348 5090 3571 5148 Accedit

313 5181 474 5249 quod,
506 5197 611 5254 ope
639 5182 973 5251 tabularum,
996 5197 1134 5252 quas
1158 5182 1220 5237 D.
1252 5183 1677 5251 ﬂergenroether
1707 5181 2169 5249 confecit,omnia
2191 5179 2482 5235 commoda
2511 5178 2725 5235 ordinis
2754 5179 3048 5236 methodici
3075 5179 3309 5235 obtineri
3340 5180 3565 5250 possint

383 5378 448 5448 te)
479 5377 635 5448 Apud
682 5376 851 5434 Bard.
878 5378 1013 5435 Acta
1035 5379 1227 5434 consil.
1259 5377 1468 5446 V,752,
1495 5378 1618 5445 75.5,
1645 5379 1699 5433 in
1728 5377 1889 5434 Praef.
1991 5377 2333 5434 scribebatur
2373 5382 2403 5435 :'
2429 5395 2451 5430 ι
2484 5374 2565 5432 οη
2617 5378 2864 5433 travaille
2900 5378 2967 5435 ici
3016 5376 3049 5433 ἐι
3094 5391 3205 5432 une
3251 5376 3454 5431 édition
3503 5375 3567 5429 dt

313 5449 667 5519 conciliivm.
1990 5448 2222 5504 Piiotius
2260 5451 2379 5519 plus
2410 5450 2602 5519 ample
2633 5464 2738 5518 que
2768 5458 2949 5505 toutes
2981 5451 3146 5505 eelles
3173 5449 3335 5517 qu‘on
3377 5462 3408 5499 a
3436 5460 3564 5519 gues

381 5517 456 5599 (ΙΙ)
498 5518 615 5574 Vid.
643 5519 786 5599 infra
812 5519 1198 5599 frangentem
1237 5520 1640 5599 adquwstniones
1673 5520 1892 5599 Amp/ii-
1984 5515 2275 5599 jus‘q‘u’ici.‘
2303 5539 2327 5599 ρ
2362 5515 3039 5599 ηριέηιρἱεεςάᾳ.Τνέινοιιαῖ,
3078 5515 3235 5599 Πᾷῇ
3278 5533 3408 5597 ρᾶς..
3443 5515 3562 5570 765,

318 5584 601 5663 (coitiones,
655 5608 733 5663 ινδΔ
768 5591 857 5658 14,
909 5584 1230 5648 θιίῗυὶιϊὶο.
1276 5584 1419 5650 Bibl.
1471 5592 1658 5649 Grazca
1706 5603 1746 5646 t.
1774 5584 1885 5659 Μ,
1985 5584 2001 5589 ⁷
2060 5584 2136 5661 (Ιί)
2160 5589 2377 5663 Martini
2406 5587 2653 5663 Gerberti
2680 5584 3558 5663 abb.,etc.,fte1-Alentnnjticttnt,

321 5672 372 5725 p.
401 5657 845 5734 547_edit_.'llarl.
1650 5731 1689 5734 ψ
1871 5657 1876 5659 ⁷
1990 5657 2190 5734 accedit
2220 5660 2482 5734 iudicum
2511 5660 2882 5734 significant,
2918 5678 2973 5734 ι).
3002 5660 3129 5727 522,
3178 5657 3309 5713 edit.
3340 5658 3426 5712 29.
3461 5657 3559 5729 Ty-

390 5730 460 5799 (g)
497 5732 575 5788 Ex
623 5731 873 5789 Londino
928 5734 1228 5792 editoribus
1289 5735 1583 5790 Annalium
1649 5731 1882 5789 Trivult.
1936 5810 1939 5811 ν
1988 5734 2073 5804 pis
2104 5732 2478 5788 Sanblasianis
2513 5732 2671 5786 1775.
