  <div class='ocr_page' id='page_1' title='image "/cluster/home/n/w/nwhite01/storage/ocr_20150623/101 pt.1/mdp.39015061955830/017.png"; bbox 0 0 3976 6222; ppageno 0'>
   <div class='ocr_carea' id='block_1_1' title="bbox 376 283 2581 350">
    <p class='ocr_par' dir='ltr' id='par_1_1' title="bbox 376 283 2581 350">
     <span class='ocr_line' id='line_1_1' title="bbox 376 283 2581 350; baseline 0.004 -10"><span class='ocrx_word' id='word_1_1' title='bbox 376 288 428 329; x_wconf 76' lang='lat' dir='ltr'><strong>Vl</strong></span> <span class='ocrx_word' id='word_1_2' title='bbox 1470 283 1865 347; x_wconf 64' lang='lat' dir='ltr'><strong>PREFATIO</strong></span> <span class='ocrx_word' id='word_1_3' title='bbox 1904 285 1985 346; x_wconf 87' lang='lat' dir='ltr'><strong>IN</strong></span> <span class='ocrx_word' id='word_1_4' title='bbox 2017 287 2280 347; x_wconf 88' lang='lat' dir='ltr'><strong>PHOTII</strong></span> <span class='ocrx_word' id='word_1_5' title='bbox 2311 287 2581 350; x_wconf 78' lang='lat' dir='ltr'><strong>OPERA.</strong></span> 
     </span>
    </p>
   </div>
   <div class='ocr_carea' id='block_1_2' title="bbox 456 391 3651 467">
    <p class='ocr_par' dir='ltr' id='par_1_2' title="bbox 456 391 3651 467">
     <span class='ocr_line' id='line_1_2' title="bbox 456 391 3651 467; baseline 0.003 -25"><span class='ocrx_word' id='word_1_6' title='bbox 456 391 643 446; x_wconf 79' lang='lat' dir='ltr'><strong>Secuti</strong></span> <span class='ocrx_word' id='word_1_7' title='bbox 685 407 878 450; x_wconf 89' lang='lat' dir='ltr'><strong>sumus</strong></span> <span class='ocrx_word' id='word_1_8' title='bbox 911 410 1042 465; x_wconf 81' lang='lat' dir='ltr'><strong>ergo</strong></span> <span class='ocrx_word' id='word_1_9' title='bbox 1089 395 1342 450; x_wconf 83' lang='lat' dir='ltr'><strong>ordinem</strong></span> <span class='ocrx_word' id='word_1_10' title='bbox 1377 397 1584 453; x_wconf 88' lang='lat' dir='ltr'><strong>codicis</strong></span> <span class='ocrx_word' id='word_1_11' title='bbox 1620 397 1866 452; x_wconf 76' lang='lat' dir='ltr'><strong>Vaticani</strong></span> <span class='ocrx_word' id='word_1_12' title='bbox 1894 396 1987 466; x_wconf 89' lang='lat' dir='ltr'><strong>qui</strong></span> <span class='ocrx_word' id='word_1_13' title='bbox 2025 397 2164 453; x_wconf 74' lang='lat'><strong>1923</strong></span> <span class='ocrx_word' id='word_1_14' title='bbox 2192 399 2460 465; x_wconf 76' lang='lat' dir='ltr'><strong>signatus,</strong></span> <span class='ocrx_word' id='word_1_15' title='bbox 2515 401 2782 467; x_wconf 90' lang='lat' dir='ltr'><strong>omnium,</strong></span> <span class='ocrx_word' id='word_1_16' title='bbox 2819 411 2876 455; x_wconf 90' lang='lat' dir='ltr'><strong>ut</strong></span> <span class='ocrx_word' id='word_1_17' title='bbox 2911 402 2971 452; x_wconf 90' lang='lat' dir='ltr'><strong>D.</strong></span> <span class='ocrx_word' id='word_1_18' title='bbox 3003 396 3420 467; x_wconf 68' lang='lat' dir='ltr'><strong>ilergenrmther</strong></span> <span class='ocrx_word' id='word_1_19' title='bbox 3469 406 3651 452; x_wconf 87' lang='lat' dir='ltr'><strong>autu-</strong></span> 
     </span>
    </p>
   </div>
   <div class='ocr_carea' id='block_1_3' title="bbox 380 481 3667 552">
    <p class='ocr_par' dir='ltr' id='par_1_3' title="bbox 380 481 3667 552">
     <span class='ocr_line' id='line_1_3' title="bbox 380 481 3667 552; baseline 0 -20"><span class='ocrx_word' id='word_1_20' title='bbox 380 487 513 545; x_wconf 79' lang='lat' dir='ltr'><strong>mat,</strong></span> <span class='ocrx_word' id='word_1_21' title='bbox 545 481 1001 548; x_wconf 55' lang='lat' dir='ltr'><strong>praestantissimi,</strong></span> <span class='ocrx_word' id='word_1_22' title='bbox 1050 483 1143 551; x_wconf 89' lang='lat' dir='ltr'><strong>qui</strong></span> <span class='ocrx_word' id='word_1_23' title='bbox 1192 483 1392 538; x_wconf 68' lang='lat' dir='ltr'><strong>saeculo</strong></span> <span class='ocrx_word' id='word_1_24' title='bbox 1437 500 1534 539; x_wconf 85' lang='lat' dir='ltr'><strong>xm</strong></span> <span class='ocrx_word' id='word_1_25' title='bbox 1583 494 1838 540; x_wconf 78' lang='lat' dir='ltr'><strong>exaratos</strong></span> <span class='ocrx_word' id='word_1_26' title='bbox 1872 491 1975 551; x_wconf 89' lang='lat' dir='ltr'><strong>est,</strong></span> <span class='ocrx_word' id='word_1_27' title='bbox 2007 490 2061 537; x_wconf 90' lang='lat' dir='ltr'><strong>et</strong></span> <span class='ocrx_word' id='word_1_28' title='bbox 2086 481 2414 550; x_wconf 69' lang='lat' dir='ltr'><strong>quaestiones</strong></span> <span class='ocrx_word' id='word_1_29' title='bbox 2457 481 2560 536; x_wconf 78' lang='lat' dir='ltr'><strong>5l3</strong></span> <span class='ocrx_word' id='word_1_30' title='bbox 2609 483 2853 537; x_wconf 74' lang='lat' dir='ltr'><strong>continet</strong></span> <span class='ocrx_word' id='word_1_31' title='bbox 2883 522 2898 544; x_wconf 87' lang='lat'><strong>,</strong></span> <span class='ocrx_word' id='word_1_32' title='bbox 2949 490 3146 552; x_wconf 65' lang='lat' dir='ltr'><strong>praeter</strong></span> <span class='ocrx_word' id='word_1_33' title='bbox 3187 481 3321 535; x_wconf 85' lang='lat' dir='ltr'><strong>ali-as</strong></span> <span class='ocrx_word' id='word_1_34' title='bbox 3354 481 3667 534; x_wconf 72' lang='lat' dir='ltr'><strong>nonnullas</strong></span> 
     </span>
    </p>
   </div>
   <div class='ocr_carea' id='block_1_4' title="bbox 381 565 3664 638">
    <p class='ocr_par' dir='ltr' id='par_1_4' title="bbox 381 565 3664 638">
     <span class='ocr_line' id='line_1_4' title="bbox 381 565 3664 638; baseline 0.001 -23"><span class='ocrx_word' id='word_1_35' title='bbox 381 581 504 633; x_wconf 71' lang='lat' dir='ltr'><strong>qua:</strong></span> <span class='ocrx_word' id='word_1_36' title='bbox 539 583 767 621; x_wconf 88' lang='lat' dir='ltr'><strong>numero</strong></span> <span class='ocrx_word' id='word_1_37' title='bbox 815 578 1024 623; x_wconf 79' lang='lat' dir='ltr'><strong>carent.</strong></span> <span class='ocrx_word' id='word_1_38' title='bbox 1079 569 1368 638; x_wconf 84' lang='lat' dir='ltr'><strong>Nunquam</strong></span> <span class='ocrx_word' id='word_1_39' title='bbox 1423 581 1604 626; x_wconf 89' lang='lat' dir='ltr'><strong>tamen</strong></span> <span class='ocrx_word' id='word_1_40' title='bbox 1653 573 1944 626; x_wconf 89' lang='lat' dir='ltr'><strong>ascendent</strong></span> <span class='ocrx_word' id='word_1_41' title='bbox 1983 569 2050 624; x_wconf 88' lang='lat' dir='ltr'><strong>ad</strong></span> <span class='ocrx_word' id='word_1_42' title='bbox 2092 582 2379 621; x_wconf 85' lang='lat' dir='ltr'><strong>numerum</strong></span> <span class='ocrx_word' id='word_1_43' title='bbox 2413 566 2518 622; x_wconf 70' lang='grc'>444</span> <span class='ocrx_word' id='word_1_44' title='bbox 2543 584 2704 635; x_wconf 90' lang='lat' dir='ltr'><strong>quem</strong></span> <span class='ocrx_word' id='word_1_45' title='bbox 2740 568 3038 623; x_wconf 87' lang='lat' dir='ltr'><strong>Cotelerius</strong></span> <span class='ocrx_word' id='word_1_46' title='bbox 3065 583 3122 621; x_wconf 90' lang='lat' dir='ltr'><strong>se</strong></span> <span class='ocrx_word' id='word_1_47' title='bbox 3149 565 3416 636; x_wconf 88' lang='lat' dir='ltr'><strong>reperisse</strong></span> <span class='ocrx_word' id='word_1_48' title='bbox 3449 566 3664 622; x_wconf 79' lang='lat' dir='ltr'><strong>scribit</strong></span> 
     </span>
    </p>
   </div>
   <div class='ocr_carea' id='block_1_5' title="bbox 383 652 3660 725">
    <p class='ocr_par' dir='ltr' id='par_1_5' title="bbox 383 652 3660 725">
     <span class='ocr_line' id='line_1_5' title="bbox 383 652 3660 725; baseline 0.001 -22"><span class='ocrx_word' id='word_1_49' title='bbox 383 652 440 704; x_wconf 92' lang='lat' dir='ltr'><strong>in</strong></span> <span class='ocrx_word' id='word_1_50' title='bbox 475 655 665 709; x_wconf 85' lang='lat' dir='ltr'><strong>codice</strong></span> <span class='ocrx_word' id='word_1_51' title='bbox 703 655 1020 710; x_wconf 72' lang='lat' dir='ltr'><strong>(lolbertino</strong></span> <span class='ocrx_word' id='word_1_52' title='bbox 1067 656 1168 725; x_wconf 87' lang='lat' dir='ltr'><strong>(i);</strong></span> <span class='ocrx_word' id='word_1_53' title='bbox 1199 657 1316 720; x_wconf 88' lang='lat' dir='ltr'><strong>sed,</strong></span> <span class='ocrx_word' id='word_1_54' title='bbox 1354 657 1409 710; x_wconf 92' lang='lat' dir='ltr'><strong>ni</strong></span> <span class='ocrx_word' id='word_1_55' title='bbox 1443 657 1620 723; x_wconf 74' lang='lat' dir='ltr'><strong>fallor,</strong></span> <span class='ocrx_word' id='word_1_56' title='bbox 1651 659 2004 713; x_wconf 87' lang='lat' dir='ltr'><strong>doctissimus</strong></span> <span class='ocrx_word' id='word_1_57' title='bbox 2050 656 2134 709; x_wconf 91' lang='lat' dir='ltr'><strong>vir</strong></span> <span class='ocrx_word' id='word_1_58' title='bbox 2163 669 2454 708; x_wconf 88' lang='lat' dir='ltr'><strong>numerum</strong></span> <span class='ocrx_word' id='word_1_59' title='bbox 2500 657 2868 725; x_wconf 67' lang='lat' dir='ltr'><strong>quaestionum</strong></span> <span class='ocrx_word' id='word_1_60' title='bbox 2929 657 3183 709; x_wconf 84' lang='lat' dir='ltr'><strong>incautus</strong></span> <span class='ocrx_word' id='word_1_61' title='bbox 3231 653 3480 710; x_wconf 92' lang='lat' dir='ltr'><strong>confudit</strong></span> <span class='ocrx_word' id='word_1_62' title='bbox 3518 670 3660 708; x_wconf 88' lang='lat' dir='ltr'><strong>cum</strong></span> 
     </span>
    </p>
   </div>
   <div class='ocr_carea' id='block_1_6' title="bbox 387 742 3674 814">
    <p class='ocr_par' dir='ltr' id='par_1_6' title="bbox 387 742 3674 814">
     <span class='ocr_line' id='line_1_6' title="bbox 387 742 3674 814; baseline -0 -17"><span class='ocrx_word' id='word_1_63' title='bbox 387 759 618 798; x_wconf 81' lang='lat' dir='ltr'><strong>nurnero</strong></span> <span class='ocrx_word' id='word_1_64' title='bbox 646 758 754 812; x_wconf 91' lang='lat' dir='ltr'><strong>quo</strong></span> <span class='ocrx_word' id='word_1_65' title='bbox 781 743 896 812; x_wconf 90' lang='lat' dir='ltr'><strong>ipse</strong></span> <span class='ocrx_word' id='word_1_66' title='bbox 921 744 1094 797; x_wconf 80' lang='lat' dir='ltr'><strong>codex</strong></span> <span class='ocrx_word' id='word_1_67' title='bbox 1128 745 1182 798; x_wconf 87' lang='lat' dir='ltr'><strong>in</strong></span> <span class='ocrx_word' id='word_1_68' title='bbox 1225 744 1561 800; x_wconf 83' lang='lat' dir='ltr'><strong>bibliotheca</strong></span> <span class='ocrx_word' id='word_1_69' title='bbox 1600 746 1913 800; x_wconf 89' lang='lat' dir='ltr'><strong>Colbertina</strong></span> <span class='ocrx_word' id='word_1_70' title='bbox 1942 746 2380 811; x_wconf 83' lang='lat' dir='ltr'><strong>inseribebatur;</strong></span> <span class='ocrx_word' id='word_1_71' title='bbox 2418 759 2580 800; x_wconf 87' lang='lat' dir='ltr'><strong>nemo</strong></span> <span class='ocrx_word' id='word_1_72' title='bbox 2615 746 2761 801; x_wconf 91' lang='lat' dir='ltr'><strong>enim</strong></span> <span class='ocrx_word' id='word_1_73' title='bbox 2797 752 3000 799; x_wconf 84' lang='lat' dir='ltr'><strong>tantam</strong></span> <span class='ocrx_word' id='word_1_74' title='bbox 3031 742 3396 814; x_wconf 56' lang='lat' dir='ltr'><strong>quastionum</strong></span> <span class='ocrx_word' id='word_1_75' title='bbox 3428 744 3674 811; x_wconf 78' lang='lat' dir='ltr'><strong>capiam.</strong></span> 
     </span>
    </p>
   </div>
   <div class='ocr_carea' id='block_1_7' title="bbox 385 830 3674 886">
    <p class='ocr_par' dir='ltr' id='par_1_7' title="bbox 385 830 3674 886">
     <span class='ocr_line' id='line_1_7' title="bbox 385 830 3674 886; baseline 0.004 -4"><span class='ocrx_word' id='word_1_76' title='bbox 385 831 443 885; x_wconf 91' lang='lat' dir='ltr'><strong>in</strong></span> <span class='ocrx_word' id='word_1_77' title='bbox 496 830 622 884; x_wconf 90' lang='lat' dir='ltr'><strong>ullis</strong></span> <span class='ocrx_word' id='word_1_78' title='bbox 667 830 949 884; x_wconf 82' lang='lat' dir='ltr'><strong>codicibus</strong></span> <span class='ocrx_word' id='word_1_79' title='bbox 981 831 1312 886; x_wconf 80' lang='lat' dir='ltr'><strong>observavit.</strong></span> <span class='ocrx_word' id='word_1_80' title='bbox 3669 881 3674 886; x_wconf 83' lang='grc'><strong>-</strong></span> 
     </span>
    </p>
   </div>
   <div class='ocr_carea' id='block_1_8' title="bbox 456 915 3659 989">
    <p class='ocr_par' dir='ltr' id='par_1_8' title="bbox 456 915 3659 989">
     <span class='ocr_line' id='line_1_8' title="bbox 456 915 3659 989; baseline 0 -19"><span class='ocrx_word' id='word_1_81' title='bbox 456 919 603 986; x_wconf 84' lang='lat' dir='ltr'><strong>Quot</strong></span> <span class='ocrx_word' id='word_1_82' title='bbox 628 920 961 988; x_wconf 79' lang='lat' dir='ltr'><strong>quaestiones</strong></span> <span class='ocrx_word' id='word_1_83' title='bbox 986 919 1262 988; x_wconf 79' lang='lat' dir='ltr'><strong>sigillatim</strong></span> <span class='ocrx_word' id='word_1_84' title='bbox 1290 935 1320 973; x_wconf 90' lang='lat' dir='ltr'><strong>a</strong></span> <span class='ocrx_word' id='word_1_85' title='bbox 1347 918 1568 984; x_wconf 88' lang='lat' dir='ltr'><strong>Wolﬁo,</strong></span> <span class='ocrx_word' id='word_1_86' title='bbox 1603 917 1673 974; x_wconf 85' lang='lat' dir='ltr'><strong>ab</strong></span> <span class='ocrx_word' id='word_1_87' title='bbox 1706 918 1834 971; x_wconf 85' lang='lat' dir='ltr'><strong>Ant.</strong></span> <span class='ocrx_word' id='word_1_88' title='bbox 1867 915 2079 981; x_wconf 88' lang='lat' dir='ltr'><strong>Scotto,</strong></span> <span class='ocrx_word' id='word_1_89' title='bbox 2111 933 2142 970; x_wconf 91' lang='lat' dir='ltr'><strong>a</strong></span> <span class='ocrx_word' id='word_1_90' title='bbox 2173 918 2324 972; x_wconf 88' lang='lat' dir='ltr'><strong>card.</strong></span> <span class='ocrx_word' id='word_1_91' title='bbox 2359 916 2522 983; x_wconf 81' lang='lat' dir='ltr'><strong>Maio,</strong></span> <span class='ocrx_word' id='word_1_92' title='bbox 2553 917 2712 973; x_wconf 72' lang='lat' dir='ltr'><strong>editm</strong></span> <span class='ocrx_word' id='word_1_93' title='bbox 2757 917 3000 983; x_wconf 87' lang='lat' dir='ltr'><strong>fuerunt,</strong></span> <span class='ocrx_word' id='word_1_94' title='bbox 3033 933 3144 989; x_wconf 91' lang='lat' dir='ltr'><strong>quo</strong></span> <span class='ocrx_word' id='word_1_95' title='bbox 3170 932 3318 973; x_wconf 91' lang='lat' dir='ltr'><strong>anno</strong></span> <span class='ocrx_word' id='word_1_96' title='bbox 3348 926 3405 972; x_wconf 85' lang='lat' dir='ltr'><strong>et</strong></span> <span class='ocrx_word' id='word_1_97' title='bbox 3435 926 3659 984; x_wconf 84' lang='lat' dir='ltr'><strong>quanta</strong></span> 
     </span>
    </p>
   </div>
   <div class='ocr_carea' id='block_1_9' title="bbox 385 1003 3662 1076">
    <p class='ocr_par' dir='ltr' id='par_1_9' title="bbox 385 1003 3662 1076">
     <span class='ocr_line' id='line_1_9' title="bbox 385 1003 3662 1076; baseline -0.001 -16"><span class='ocrx_word' id='word_1_98' title='bbox 385 1007 550 1060; x_wconf 85' lang='lat' dir='ltr'><strong>cura?</strong></span> <span class='ocrx_word' id='word_1_99' title='bbox 575 1016 707 1075; x_wconf 89' lang='lat' dir='ltr'><strong>quot</strong></span> <span class='ocrx_word' id='word_1_100' title='bbox 739 1008 1067 1075; x_wconf 69' lang='lat' dir='ltr'><strong>quaastiones</strong></span> <span class='ocrx_word' id='word_1_101' title='bbox 1100 1008 1215 1076; x_wconf 87' lang='lat' dir='ltr'><strong>ipse</strong></span> <span class='ocrx_word' id='word_1_102' title='bbox 1253 1006 1315 1060; x_wconf 92' lang='lat' dir='ltr'><strong>D.</strong></span> <span class='ocrx_word' id='word_1_103' title='bbox 1352 1005 1775 1076; x_wconf 70' lang='lat' dir='ltr'><strong>Hergenrmtber</strong></span> <span class='ocrx_word' id='word_1_104' title='bbox 1805 1019 1874 1058; x_wconf 82' lang='lat' dir='ltr'><strong>ex</strong></span> <span class='ocrx_word' id='word_1_105' title='bbox 1920 1003 2198 1058; x_wconf 86' lang='lat' dir='ltr'><strong>codicibus</strong></span> <span class='ocrx_word' id='word_1_106' title='bbox 2221 1004 2610 1073; x_wconf 89' lang='lat' dir='ltr'><strong>manuscriptis</strong></span> <span class='ocrx_word' id='word_1_107' title='bbox 2646 1005 2734 1060; x_wconf 89' lang='lat' dir='ltr'><strong>hic</strong></span> <span class='ocrx_word' id='word_1_108' title='bbox 2758 1005 2997 1074; x_wconf 87' lang='lat' dir='ltr'><strong>primum</strong></span> <span class='ocrx_word' id='word_1_109' title='bbox 3025 1003 3271 1072; x_wconf 76' lang='lat' dir='ltr'><strong>profert?</strong></span> <span class='ocrx_word' id='word_1_110' title='bbox 3299 1012 3434 1073; x_wconf 91' lang='lat' dir='ltr'><strong>quot</strong></span> <span class='ocrx_word' id='word_1_111' title='bbox 3464 1003 3662 1058; x_wconf 86' lang='lat' dir='ltr'><strong>adhuc</strong></span> 
     </span>
    </p>
   </div>
   <div class='ocr_carea' id='block_1_10' title="bbox 383 1088 3657 1161">
    <p class='ocr_par' dir='ltr' id='par_1_10' title="bbox 383 1088 3657 1161">
     <span class='ocr_line' id='line_1_10' title="bbox 383 1088 3657 1161; baseline -0.002 -13"><span class='ocrx_word' id='word_1_112' title='bbox 383 1093 608 1148; x_wconf 65' lang='lat' dir='ltr'><strong>edenda:</strong></span> <span class='ocrx_word' id='word_1_113' title='bbox 629 1104 940 1161; x_wconf 86' lang='lat' dir='ltr'><strong>supersunt,</strong></span> <span class='ocrx_word' id='word_1_114' title='bbox 970 1095 1204 1161; x_wconf 88' lang='lat' dir='ltr'><strong>reperiet</strong></span> <span class='ocrx_word' id='word_1_115' title='bbox 1231 1095 1403 1148; x_wconf 86' lang='lat' dir='ltr'><strong>lector</strong></span> <span class='ocrx_word' id='word_1_116' title='bbox 1429 1094 1482 1146; x_wconf 91' lang='lat' dir='ltr'><strong>in</strong></span> <span class='ocrx_word' id='word_1_117' title='bbox 1515 1090 1948 1146; x_wconf 86' lang='lat' dir='ltr'><strong>luculentissima</strong></span> <span class='ocrx_word' id='word_1_118' title='bbox 1977 1089 2039 1142; x_wconf 92' lang='lat' dir='ltr'><strong>D.</strong></span> <span class='ocrx_word' id='word_1_119' title='bbox 2061 1088 2485 1159; x_wconf 70' lang='lat' dir='ltr'><strong>Hergenrmther</strong></span> <span class='ocrx_word' id='word_1_120' title='bbox 2512 1090 2927 1158; x_wconf 86' lang='lat' dir='ltr'><strong>dissertatione,</strong></span> <span class='ocrx_word' id='word_1_121' title='bbox 2951 1105 3116 1160; x_wconf 88' lang='lat' dir='ltr'><strong>quam</strong></span> <span class='ocrx_word' id='word_1_122' title='bbox 3142 1091 3319 1161; x_wconf 89' lang='lat' dir='ltr'><strong>primo</strong></span> <span class='ocrx_word' id='word_1_123' title='bbox 3349 1091 3467 1145; x_wconf 92' lang='lat' dir='ltr'><strong>loco</strong></span> <span class='ocrx_word' id='word_1_124' title='bbox 3494 1089 3657 1145; x_wconf 88' lang='lat' dir='ltr'><strong>inter</strong></span> 
     </span>
    </p>
   </div>
   <div class='ocr_carea' id='block_1_11' title="bbox 385 1176 2101 1250">
    <p class='ocr_par' dir='ltr' id='par_1_11' title="bbox 385 1176 2101 1250">
     <span class='ocr_line' id='line_1_11' title="bbox 385 1176 2101 1250; baseline -0.001 -17"><span class='ocrx_word' id='word_1_125' title='bbox 385 1181 768 1250; x_wconf 73' lang='lat' dir='ltr'><strong>prolegomene</strong></span> <span class='ocrx_word' id='word_1_126' title='bbox 811 1181 972 1249; x_wconf 88' lang='lat' dir='ltr'><strong>primi</strong></span> <span class='ocrx_word' id='word_1_127' title='bbox 1008 1181 1304 1233; x_wconf 88' lang='lat' dir='ltr'><strong>voluminis</strong></span> <span class='ocrx_word' id='word_1_128' title='bbox 1332 1195 1559 1249; x_wconf 90' lang='lat' dir='ltr'><strong>operum</strong></span> <span class='ocrx_word' id='word_1_129' title='bbox 1602 1178 1780 1233; x_wconf 88' lang='lat' dir='ltr'><strong>Photii</strong></span> <span class='ocrx_word' id='word_1_130' title='bbox 1810 1176 2101 1232; x_wconf 84' lang='lat' dir='ltr'><strong>edidimus.</strong></span> 
     </span>
    </p>
   </div>
   <div class='ocr_carea' id='block_1_12' title="bbox 455 1263 3658 1336">
    <p class='ocr_par' dir='ltr' id='par_1_12' title="bbox 455 1263 3658 1336">
     <span class='ocr_line' id='line_1_12' title="bbox 455 1263 3658 1336; baseline -0.001 -16"><span class='ocrx_word' id='word_1_131' title='bbox 455 1266 778 1323; x_wconf 82' lang='lat' dir='ltr'><strong>Notahimus</strong></span> <span class='ocrx_word' id='word_1_132' title='bbox 827 1278 1058 1333; x_wconf 87' lang='lat' dir='ltr'><strong>tantum,</strong></span> <span class='ocrx_word' id='word_1_133' title='bbox 1109 1278 1305 1336; x_wconf 87' lang='lat' dir='ltr'><strong>praeter</strong></span> <span class='ocrx_word' id='word_1_134' title='bbox 1333 1268 1551 1322; x_wconf 84' lang='lat' dir='ltr'><strong>codices</strong></span> <span class='ocrx_word' id='word_1_135' title='bbox 1593 1266 2016 1334; x_wconf 82' lang='lat' dir='ltr'><strong>manuscriptos,</strong></span> <span class='ocrx_word' id='word_1_136' title='bbox 2060 1265 2117 1317; x_wconf 90' lang='lat' dir='ltr'><strong>in</strong></span> <span class='ocrx_word' id='word_1_137' title='bbox 2163 1263 2366 1332; x_wconf 88' lang='lat' dir='ltr'><strong>quibus</strong></span> <span class='ocrx_word' id='word_1_138' title='bbox 2397 1264 2727 1333; x_wconf 68' lang='lat' dir='ltr'><strong>quaestiones</strong></span> <span class='ocrx_word' id='word_1_139' title='bbox 2767 1264 3238 1334; x_wconf 69' lang='lat' dir='ltr'><strong>Amphilochiana!</strong></span> <span class='ocrx_word' id='word_1_140' title='bbox 3275 1264 3658 1321; x_wconf 87' lang='lat' dir='ltr'><strong>continentur</strong></span> 
     </span>
    </p>
   </div>
   <div class='ocr_carea' id='block_1_13' title="bbox 383 1350 3656 1424">
    <p class='ocr_par' dir='ltr' id='par_1_13' title="bbox 383 1350 3656 1424">
     <span class='ocr_line' id='line_1_13' title="bbox 383 1350 3656 1424; baseline -0.002 -15"><span class='ocrx_word' id='word_1_141' title='bbox 383 1365 438 1409; x_wconf 88' lang='lat' dir='ltr'><strong>ct</strong></span> <span class='ocrx_word' id='word_1_142' title='bbox 467 1369 498 1408; x_wconf 88' lang='lat' dir='ltr'><strong>a</strong></span> <span class='ocrx_word' id='word_1_143' title='bbox 535 1354 598 1408; x_wconf 93' lang='lat' dir='ltr'><strong>D.</strong></span> <span class='ocrx_word' id='word_1_144' title='bbox 640 1354 1061 1424; x_wconf 71' lang='lat' dir='ltr'><strong>Hergenrmther</strong></span> <span class='ocrx_word' id='word_1_145' title='bbox 1087 1354 1249 1418; x_wconf 86' lang='lat' dir='ltr'><strong>infra,</strong></span> <span class='ocrx_word' id='word_1_146' title='bbox 1283 1369 1402 1424; x_wconf 81' lang='lat' dir='ltr'><strong>pag.</strong></span> <span class='ocrx_word' id='word_1_147' title='bbox 1436 1354 1526 1416; x_wconf 72' lang='grc'><strong>14,</strong></span> <span class='ocrx_word' id='word_1_148' title='bbox 1560 1361 1933 1415; x_wconf 88' lang='lat' dir='ltr'><strong>recensentur,</strong></span> <span class='ocrx_word' id='word_1_149' title='bbox 1967 1350 2082 1404; x_wconf 88' lang='lat' dir='ltr'><strong>dari</strong></span> <span class='ocrx_word' id='word_1_150' title='bbox 2119 1351 2339 1405; x_wconf 90' lang='lat' dir='ltr'><strong>codices</strong></span> <span class='ocrx_word' id='word_1_151' title='bbox 2385 1351 2681 1406; x_wconf 89' lang='lat' dir='ltr'><strong>nonnullos</strong></span> <span class='ocrx_word' id='word_1_152' title='bbox 2715 1367 2856 1422; x_wconf 93' lang='lat' dir='ltr'><strong>quos</strong></span> <span class='ocrx_word' id='word_1_153' title='bbox 2903 1352 2988 1406; x_wconf 92' lang='lat' dir='ltr'><strong>his</strong></span> <span class='ocrx_word' id='word_1_154' title='bbox 3022 1352 3207 1406; x_wconf 83' lang='lat' dir='ltr'><strong>verbis</strong></span> <span class='ocrx_word' id='word_1_155' title='bbox 3245 1360 3656 1406; x_wconf 89' lang='lat' dir='ltr'><strong>commemorat</strong></span> 
     </span>
    </p>
   </div>
   <div class='ocr_carea' id='block_1_14' title="bbox 387 1436 3651 1511">
    <p class='ocr_par' dir='ltr' id='par_1_14' title="bbox 387 1436 3651 1511">
     <span class='ocr_line' id='line_1_14' title="bbox 387 1436 3651 1511; baseline -0.001 -19"><span class='ocrx_word' id='word_1_156' title='bbox 387 1441 449 1496; x_wconf 86' lang='lat' dir='ltr'><strong>l).</strong></span> <span class='ocrx_word' id='word_1_157' title='bbox 489 1439 630 1496; x_wconf 83' lang='lat' dir='ltr'><strong>liase</strong></span> <span class='ocrx_word' id='word_1_158' title='bbox 660 1442 714 1494; x_wconf 92' lang='lat' dir='ltr'><strong>iu</strong></span> <span class='ocrx_word' id='word_1_159' title='bbox 745 1442 886 1496; x_wconf 88' lang='lat' dir='ltr'><strong>uotis</strong></span> <span class='ocrx_word' id='word_1_160' title='bbox 920 1442 1035 1496; x_wconf 92' lang='lat' dir='ltr'><strong>suis</strong></span> <span class='ocrx_word' id='word_1_161' title='bbox 1064 1442 1129 1496; x_wconf 90' lang='lat' dir='ltr'><strong>ad</strong></span> <span class='ocrx_word' id='word_1_162' title='bbox 1159 1441 1433 1511; x_wconf 84' lang='lat' dir='ltr'><strong>dialogum</strong></span> <span class='ocrx_word' id='word_1_163' title='bbox 1491 1457 1652 1511; x_wconf 87' lang='lat' dir='ltr'><strong>quem</strong></span> <span class='ocrx_word' id='word_1_164' title='bbox 1698 1439 1910 1494; x_wconf 81' lang='lat' dir='ltr'><strong>Manuel</strong></span> <span class='ocrx_word' id='word_1_165' title='bbox 1948 1436 2283 1506; x_wconf 72' lang='lat' dir='ltr'><strong>Palzeologus</strong></span> <span class='ocrx_word' id='word_1_166' title='bbox 2312 1436 2728 1506; x_wconf 89' lang='lat' dir='ltr'><strong>Constantinop.</strong></span> <span class='ocrx_word' id='word_1_167' title='bbox 2760 1439 3055 1507; x_wconf 79' lang='lat' dir='ltr'><strong>imperator</strong></span> <span class='ocrx_word' id='word_1_168' title='bbox 3084 1439 3311 1508; x_wconf 71' lang='lat' dir='ltr'><strong>Ancyra:</strong></span> <span class='ocrx_word' id='word_1_169' title='bbox 3339 1437 3393 1490; x_wconf 91' lang='lat' dir='ltr'><strong>in</strong></span> <span class='ocrx_word' id='word_1_170' title='bbox 3426 1436 3651 1490; x_wconf 84' lang='lat' dir='ltr'><strong>Galatia</strong></span> 
     </span>
    </p>
   </div>
   <div class='ocr_carea' id='block_1_15' title="bbox 386 1523 3653 1600">
    <p class='ocr_par' dir='ltr' id='par_1_15' title="bbox 386 1523 3653 1600">
     <span class='ocr_line' id='line_1_15' title="bbox 386 1523 3653 1600; baseline -0.002 -18"><span class='ocrx_word' id='word_1_171' title='bbox 386 1529 574 1584; x_wconf 85' lang='lat' dir='ltr'><strong>habuit</strong></span> <span class='ocrx_word' id='word_1_172' title='bbox 593 1545 716 1584; x_wconf 90' lang='lat' dir='ltr'><strong>cum</strong></span> <span class='ocrx_word' id='word_1_173' title='bbox 743 1531 977 1600; x_wconf 90' lang='lat' dir='ltr'><strong>quodam</strong></span> <span class='ocrx_word' id='word_1_174' title='bbox 996 1529 1181 1594; x_wconf 87' lang='lat' dir='ltr'><strong>Persa,</strong></span> <span class='ocrx_word' id='word_1_175' title='bbox 1207 1531 1275 1585; x_wconf 92' lang='lat' dir='ltr'><strong>de</strong></span> <span class='ocrx_word' id='word_1_176' title='bbox 1303 1530 1617 1600; x_wconf 65' lang='lat' dir='ltr'><strong>praestantia</strong></span> <span class='ocrx_word' id='word_1_177' title='bbox 1646 1528 1925 1599; x_wconf 82' lang='lat' dir='ltr'><strong>religionis</strong></span> <span class='ocrx_word' id='word_1_178' title='bbox 1943 1525 2268 1582; x_wconf 76' lang='lat' dir='ltr'><strong>Christianae</strong></span> <span class='ocrx_word' id='word_1_179' title='bbox 2301 1533 2354 1578; x_wconf 91' lang='lat' dir='ltr'><strong>et</strong></span> <span class='ocrx_word' id='word_1_180' title='bbox 2370 1523 2605 1578; x_wconf 89' lang='lat' dir='ltr'><strong>falsitate</strong></span> <span class='ocrx_word' id='word_1_181' title='bbox 2636 1525 2757 1578; x_wconf 88' lang='lat' dir='ltr'><strong>ﬁdei</strong></span> <span class='ocrx_word' id='word_1_182' title='bbox 2775 1525 3191 1582; x_wconf 67' lang='lat' dir='ltr'><strong>Mahumetanaa.</strong></span> <span class='ocrx_word' id='word_1_183' title='bbox 3214 1543 3232 1576; x_wconf 81' lang='grc' dir='ltr'><strong>ι</strong></span> <span class='ocrx_word' id='word_1_184' title='bbox 3259 1523 3653 1594; x_wconf 83' lang='lat' dir='ltr'><strong>Amphilochia</strong></span> 
     </span>
    </p>
   </div>
   <div class='ocr_carea' id='block_1_16' title="bbox 383 1609 3654 1683">
    <p class='ocr_par' dir='ltr' id='par_1_16' title="bbox 383 1609 3654 1683">
     <span class='ocr_line' id='line_1_16' title="bbox 383 1609 3654 1683; baseline -0.002 -14"><span class='ocrx_word' id='word_1_185' title='bbox 383 1616 583 1678; x_wconf 80' lang='lat' dir='ltr'><strong>l’hotii.</strong></span> <span class='ocrx_word' id='word_1_186' title='bbox 625 1618 721 1683; x_wconf 89' lang='lat' dir='ltr'><strong>ait,</strong></span> <span class='ocrx_word' id='word_1_187' title='bbox 752 1632 782 1671; x_wconf 87' lang='lat' dir='ltr'><strong>a</strong></span> <span class='ocrx_word' id='word_1_188' title='bbox 815 1617 1000 1672; x_wconf 89' lang='lat' dir='ltr'><strong>multis</strong></span> <span class='ocrx_word' id='word_1_189' title='bbox 1049 1617 1269 1672; x_wconf 88' lang='lat' dir='ltr'><strong>laudata</strong></span> <span class='ocrx_word' id='word_1_190' title='bbox 1294 1627 1348 1672; x_wconf 92' lang='lat' dir='ltr'><strong>et</strong></span> <span class='ocrx_word' id='word_1_191' title='bbox 1372 1627 1598 1682; x_wconf 87' lang='lat' dir='ltr'><strong>tentata,</strong></span> <span class='ocrx_word' id='word_1_192' title='bbox 1634 1617 1728 1671; x_wconf 91' lang='lat' dir='ltr'><strong>sed</strong></span> <span class='ocrx_word' id='word_1_193' title='bbox 1761 1616 1827 1669; x_wconf 89' lang='lat' dir='ltr'><strong>ad</strong></span> <span class='ocrx_word' id='word_1_194' title='bbox 1853 1615 1954 1668; x_wconf 89' lang='lat' dir='ltr'><strong>hoc</strong></span> <span class='ocrx_word' id='word_1_195' title='bbox 1984 1622 2197 1682; x_wconf 89' lang='lat' dir='ltr'><strong>tempus</strong></span> <span class='ocrx_word' id='word_1_196' title='bbox 2228 1611 2341 1682; x_wconf 89' lang='lat' dir='ltr'><strong>(an.</strong></span> <span class='ocrx_word' id='word_1_197' title='bbox 2370 1609 2531 1680; x_wconf 90' lang='grc'>1807)</span> <span class='ocrx_word' id='word_1_198' title='bbox 2564 1626 2846 1681; x_wconf 88' lang='lat' dir='ltr'><strong>nunquam</strong></span> <span class='ocrx_word' id='word_1_199' title='bbox 2874 1611 3041 1679; x_wconf 88' lang='lat' dir='ltr'><strong>edita,</strong></span> <span class='ocrx_word' id='word_1_200' title='bbox 3074 1620 3291 1666; x_wconf 84' lang='lat' dir='ltr'><strong>exstant</strong></span> <span class='ocrx_word' id='word_1_201' title='bbox 3316 1611 3372 1665; x_wconf 91' lang='lat' dir='ltr'><strong>in</strong></span> <span class='ocrx_word' id='word_1_202' title='bbox 3403 1619 3654 1680; x_wconf 84' lang='lat' dir='ltr'><strong>quatuor</strong></span> 
     </span>
    </p>
   </div>
   <div class='ocr_carea' id='block_1_17' title="bbox 383 1696 3650 1768">
    <p class='ocr_par' dir='ltr' id='par_1_17' title="bbox 383 1696 3650 1768">
     <span class='ocr_line' id='line_1_17' title="bbox 383 1696 3650 1768; baseline -0.003 -8"><span class='ocrx_word' id='word_1_203' title='bbox 383 1707 542 1762; x_wconf 86' lang='lat' dir='ltr'><strong>bonis</strong></span> <span class='ocrx_word' id='word_1_204' title='bbox 581 1709 864 1763; x_wconf 88' lang='lat' dir='ltr'><strong>codicibus</strong></span> <span class='ocrx_word' id='word_1_205' title='bbox 897 1708 1242 1763; x_wconf 73' lang='lat' dir='ltr'><strong>bibliotheca:</strong></span> <span class='ocrx_word' id='word_1_206' title='bbox 1287 1708 1493 1768; x_wconf 69' lang='lat' dir='ltr'><strong>Caesar.</strong></span> <span class='ocrx_word' id='word_1_207' title='bbox 1543 1705 1868 1762; x_wconf 87' lang='lat' dir='ltr'><strong>Parisiensis</strong></span> <span class='ocrx_word' id='word_1_208' title='bbox 1905 1698 2308 1762; x_wconf 89' lang='lat' dir='ltr'><strong>:Coisliniano,</strong></span> <span class='ocrx_word' id='word_1_209' title='bbox 2357 1706 2416 1750; x_wconf 90' lang='lat' dir='ltr'><strong>n°</strong></span> <span class='ocrx_word' id='word_1_210' title='bbox 2451 1696 2558 1750; x_wconf 89' lang='lat'><strong>270</strong></span> <span class='ocrx_word' id='word_1_211' title='bbox 2589 1699 2809 1768; x_wconf 84' lang='lat' dir='ltr'><strong>optimae</strong></span> <span class='ocrx_word' id='word_1_212' title='bbox 2848 1708 3013 1766; x_wconf 72' lang='lat' dir='ltr'><strong>notae,</strong></span> <span class='ocrx_word' id='word_1_213' title='bbox 3052 1699 3250 1753; x_wconf 89' lang='lat' dir='ltr'><strong>Photio</strong></span> <span class='ocrx_word' id='word_1_214' title='bbox 3289 1696 3403 1752; x_wconf 87' lang='lat' dir='ltr'><strong>fere</strong></span> <span class='ocrx_word' id='word_1_215' title='bbox 3431 1711 3650 1764; x_wconf 79' lang='lat' dir='ltr'><strong>coaevo,</strong></span> 
     </span>
    </p>
   </div>
   <div class='ocr_carea' id='block_1_18' title="bbox 380 1784 3652 1862">
    <p class='ocr_par' dir='ltr' id='par_1_18' title="bbox 380 1784 3652 1862">
     <span class='ocr_line' id='line_1_18' title="bbox 380 1784 3652 1862; baseline -0.002 -15"><span class='ocrx_word' id='word_1_216' title='bbox 380 1793 449 1848; x_wconf 90' lang='lat' dir='ltr'><strong>de</strong></span> <span class='ocrx_word' id='word_1_217' title='bbox 480 1809 589 1862; x_wconf 90' lang='lat' dir='ltr'><strong>quo</strong></span> <span class='ocrx_word' id='word_1_218' title='bbox 619 1793 1006 1852; x_wconf 87' lang='lat' dir='ltr'><strong>Montefalcon.</strong></span> <span class='ocrx_word' id='word_1_219' title='bbox 1047 1793 1309 1850; x_wconf 85' lang='lat' dir='ltr'><strong>Biblioth.</strong></span> <span class='ocrx_word' id='word_1_220' title='bbox 1340 1794 1504 1850; x_wconf 83' lang='lat' dir='ltr'><strong>Coisl.</strong></span> <span class='ocrx_word' id='word_1_221' title='bbox 1535 1795 1708 1849; x_wconf 90' lang='lat' dir='ltr'><strong>Paris.</strong></span> <span class='ocrx_word' id='word_1_222' title='bbox 1751 1791 1910 1857; x_wconf 83' lang='lat' dir='ltr'><strong>l7l5,</strong></span> <span class='ocrx_word' id='word_1_223' title='bbox 1937 1806 1990 1859; x_wconf 92' lang='lat' dir='ltr'><strong>p.</strong></span> <span class='ocrx_word' id='word_1_224' title='bbox 2033 1787 2170 1853; x_wconf 80' lang='lat'><strong>525;</strong></span> <span class='ocrx_word' id='word_1_225' title='bbox 2211 1788 2380 1840; x_wconf 87' lang='lat' dir='ltr'><strong>altero</strong></span> <span class='ocrx_word' id='word_1_226' title='bbox 2411 1784 2601 1856; x_wconf 75' lang='lat' dir='ltr'><strong>Regio,</strong></span> <span class='ocrx_word' id='word_1_227' title='bbox 2626 1787 2866 1855; x_wconf 75' lang='lat' dir='ltr'><strong>n.1228,</strong></span> <span class='ocrx_word' id='word_1_228' title='bbox 2900 1803 3022 1844; x_wconf 70' lang='lat' dir='ltr'><strong>saec.</strong></span> <span class='ocrx_word' id='word_1_229' title='bbox 3061 1803 3149 1854; x_wconf 80' lang='lat' dir='ltr'><strong>xl;</strong></span> <span class='ocrx_word' id='word_1_230' title='bbox 3183 1787 3342 1842; x_wconf 89' lang='lat' dir='ltr'><strong>tertio</strong></span> <span class='ocrx_word' id='word_1_231' title='bbox 3369 1787 3498 1841; x_wconf 81' lang='lat' dir='ltr'><strong>item</strong></span> <span class='ocrx_word' id='word_1_232' title='bbox 3530 1786 3652 1840; x_wconf 85' lang='lat' dir='ltr'><strong>Re-</strong></span> 
     </span>
    </p>
   </div>
   <div class='ocr_carea' id='block_1_19' title="bbox 380 1871 3649 1950">
    <p class='ocr_par' dir='ltr' id='par_1_19' title="bbox 380 1871 3649 1950">
     <span class='ocr_line' id='line_1_19' title="bbox 380 1871 3649 1950; baseline -0.002 -18"><span class='ocrx_word' id='word_1_233' title='bbox 380 1881 470 1948; x_wconf 79' lang='lat' dir='ltr'><strong>gio</strong></span> <span class='ocrx_word' id='word_1_234' title='bbox 504 1881 664 1946; x_wconf 74' lang='lat' dir='ltr'><strong>i229,</strong></span> <span class='ocrx_word' id='word_1_235' title='bbox 711 1881 989 1950; x_wconf 85' lang='lat' dir='ltr'><strong>descripto</strong></span> <span class='ocrx_word' id='word_1_236' title='bbox 1031 1896 1099 1935; x_wconf 74' lang='lat' dir='ltr'><strong>ex</strong></span> <span class='ocrx_word' id='word_1_237' title='bbox 1148 1881 1274 1936; x_wconf 92' lang='lat' dir='ltr'><strong>cod.</strong></span> <span class='ocrx_word' id='word_1_238' title='bbox 1307 1882 1513 1936; x_wconf 88' lang='lat' dir='ltr'><strong>montis</strong></span> <span class='ocrx_word' id='word_1_239' title='bbox 1545 1880 1711 1947; x_wconf 84' lang='lat' dir='ltr'><strong>Atho,</strong></span> <span class='ocrx_word' id='word_1_240' title='bbox 1750 1873 2218 1949; x_wconf 79' lang='lat' dir='ltr'><strong>jussuChrysanti</strong></span> <span class='ocrx_word' id='word_1_241' title='bbox 2258 1871 2496 1937; x_wconf 88' lang='lat' dir='ltr'><strong>Notarae,</strong></span> <span class='ocrx_word' id='word_1_242' title='bbox 2537 1875 2630 1944; x_wconf 92' lang='lat' dir='ltr'><strong>qui</strong></span> <span class='ocrx_word' id='word_1_243' title='bbox 2682 1884 2800 1929; x_wconf 88' lang='lat' dir='ltr'><strong>erat</strong></span> <span class='ocrx_word' id='word_1_244' title='bbox 2844 1874 3244 1946; x_wconf 80' lang='lat' dir='ltr'><strong>Hierosolymis</strong></span> <span class='ocrx_word' id='word_1_245' title='bbox 3294 1875 3649 1946; x_wconf 83' lang='lat' dir='ltr'><strong>patriarcha,</strong></span> 
     </span>
    </p>
   </div>
   <div class='ocr_carea' id='block_1_20' title="bbox 379 1960 3652 2036">
    <p class='ocr_par' dir='ltr' id='par_1_20' title="bbox 379 1960 3652 2036">
     <span class='ocr_line' id='line_1_20' title="bbox 379 1960 3652 2036; baseline -0.001 -16"><span class='ocrx_word' id='word_1_246' title='bbox 379 1983 474 2022; x_wconf 88' lang='lat' dir='ltr'><strong>an.</strong></span> <span class='ocrx_word' id='word_1_247' title='bbox 524 1968 663 2022; x_wconf 84' lang='grc'>1717</span> <span class='ocrx_word' id='word_1_248' title='bbox 695 1967 848 2036; x_wconf 85' lang='lat' dir='ltr'><strong>(Vid.</strong></span> <span class='ocrx_word' id='word_1_249' title='bbox 893 1967 966 2020; x_wconf 87' lang='lat' dir='ltr'><strong>Le</strong></span> <span class='ocrx_word' id='word_1_250' title='bbox 994 1967 1188 2034; x_wconf 88' lang='lat' dir='ltr'><strong>Quien,</strong></span> <span class='ocrx_word' id='word_1_251' title='bbox 1215 1968 1404 2022; x_wconf 75' lang='lat' dir='ltr'><strong>Oriens</strong></span> <span class='ocrx_word' id='word_1_252' title='bbox 1425 1969 1623 2023; x_wconf 79' lang='lat' dir='ltr'><strong>Christ.</strong></span> <span class='ocrx_word' id='word_1_253' title='bbox 1655 1967 1830 2022; x_wconf 83' lang='lat' dir='ltr'><strong>Paris.</strong></span> <span class='ocrx_word' id='word_1_254' title='bbox 1869 1965 2028 2030; x_wconf 74' lang='lat' dir='ltr'><strong>tuo,</strong></span> <span class='ocrx_word' id='word_1_255' title='bbox 2055 1971 2094 2016; x_wconf 91' lang='lat' dir='ltr'><strong>t.</strong></span> <span class='ocrx_word' id='word_1_256' title='bbox 2126 1960 2211 2025; x_wconf 95' lang='lat' dir='ltr'><strong>lll,</strong></span> <span class='ocrx_word' id='word_1_257' title='bbox 2237 1961 2343 2015; x_wconf 93' lang='lat' dir='ltr'><strong>col.</strong></span> <span class='ocrx_word' id='word_1_258' title='bbox 2374 1960 2533 2030; x_wconf 84' lang='lat'><strong>526);</strong></span> <span class='ocrx_word' id='word_1_259' title='bbox 2561 1970 2777 2030; x_wconf 90' lang='lat' dir='ltr'><strong>quarto,</strong></span> <span class='ocrx_word' id='word_1_260' title='bbox 2808 1978 2863 2016; x_wconf 94' lang='lat' dir='ltr'><strong>n.</strong></span> <span class='ocrx_word' id='word_1_261' title='bbox 2893 1961 2976 2031; x_wconf 57' lang='grc'>60,</span> <span class='ocrx_word' id='word_1_262' title='bbox 2997 1963 3396 2032; x_wconf 83' lang='lat' dir='ltr'><strong>Supplementi,</strong></span> <span class='ocrx_word' id='word_1_263' title='bbox 3423 1960 3652 2016; x_wconf 86' lang='lat' dir='ltr'><strong>duobus</strong></span> 
     </span>
    </p>
   </div>
   <div class='ocr_carea' id='block_1_21' title="bbox 381 2047 2900 2120">
    <p class='ocr_par' dir='ltr' id='par_1_21' title="bbox 381 2047 2900 2120">
     <span class='ocr_line' id='line_1_21' title="bbox 381 2047 2900 2120; baseline -0.001 -18"><span class='ocrx_word' id='word_1_264' title='bbox 381 2050 567 2112; x_wconf 90' lang='lat' dir='ltr'><strong>tomis,</strong></span> <span class='ocrx_word' id='word_1_265' title='bbox 604 2051 875 2120; x_wconf 90' lang='lat' dir='ltr'><strong>descripto</strong></span> <span class='ocrx_word' id='word_1_266' title='bbox 904 2066 1131 2104; x_wconf 90' lang='lat' dir='ltr'><strong>avorum</strong></span> <span class='ocrx_word' id='word_1_267' title='bbox 1165 2061 1479 2106; x_wconf 89' lang='lat' dir='ltr'><strong>nostrorum</strong></span> <span class='ocrx_word' id='word_1_268' title='bbox 1523 2060 1701 2117; x_wconf 87' lang='lat' dir='ltr'><strong>aetate,</strong></span> <span class='ocrx_word' id='word_1_269' title='bbox 1732 2066 1795 2104; x_wconf 84' lang='lat' dir='ltr'><strong>ex</strong></span> <span class='ocrx_word' id='word_1_270' title='bbox 1839 2049 2006 2119; x_wconf 81' lang='lat' dir='ltr'><strong>Regio</strong></span> <span class='ocrx_word' id='word_1_271' title='bbox 2037 2047 2197 2109; x_wconf 76' lang='lat' dir='ltr'><strong>i228,</strong></span> <span class='ocrx_word' id='word_1_272' title='bbox 2220 2061 2384 2116; x_wconf 90' lang='lat' dir='ltr'><strong>quem</strong></span> <span class='ocrx_word' id='word_1_273' title='bbox 2422 2062 2588 2116; x_wconf 89' lang='lat' dir='ltr'><strong>supra</strong></span> <span class='ocrx_word' id='word_1_274' title='bbox 2613 2047 2724 2101; x_wconf 86' lang='lat' dir='ltr'><strong>dixi</strong></span> <span class='ocrx_word' id='word_1_275' title='bbox 2766 2048 2900 2117; x_wconf 60' lang='grc' dir='ltr'><strong>(ἢ.)</strong></span> 
     </span>
    </p>
   </div>
   <div class='ocr_carea' id='block_1_22' title="bbox 458 2133 3653 2207">
    <p class='ocr_par' dir='ltr' id='par_1_22' title="bbox 458 2133 3653 2207">
     <span class='ocr_line' id='line_1_22' title="bbox 458 2133 3653 2207; baseline -0.001 -17"><span class='ocrx_word' id='word_1_276' title='bbox 458 2135 646 2191; x_wconf 81' lang='lat' dir='ltr'><strong>Codex</strong></span> <span class='ocrx_word' id='word_1_277' title='bbox 679 2137 978 2191; x_wconf 80' lang='lat' dir='ltr'><strong>Vaticanus</strong></span> <span class='ocrx_word' id='word_1_278' title='bbox 1021 2137 1160 2192; x_wconf 76' lang='lat'><strong>1923</strong></span> <span class='ocrx_word' id='word_1_279' title='bbox 1211 2155 1367 2206; x_wconf 87' lang='lat' dir='ltr'><strong>quem</strong></span> <span class='ocrx_word' id='word_1_280' title='bbox 1400 2138 1685 2207; x_wconf 87' lang='lat' dir='ltr'><strong>sequimur</strong></span> <span class='ocrx_word' id='word_1_281' title='bbox 1729 2140 1870 2192; x_wconf 89' lang='lat' dir='ltr'><strong>inter</strong></span> <span class='ocrx_word' id='word_1_282' title='bbox 1910 2135 2239 2205; x_wconf 67' lang='lat' dir='ltr'><strong>quaestiones</strong></span> <span class='ocrx_word' id='word_1_283' title='bbox 2309 2135 2797 2205; x_wconf 87' lang='lat' dir='ltr'><strong>Amphilochianas</strong></span> <span class='ocrx_word' id='word_1_284' title='bbox 2828 2136 3050 2190; x_wconf 85' lang='lat' dir='ltr'><strong>exhibet</strong></span> <span class='ocrx_word' id='word_1_285' title='bbox 3075 2149 3183 2190; x_wconf 90' lang='lat' dir='ltr'><strong>non</strong></span> <span class='ocrx_word' id='word_1_286' title='bbox 3232 2149 3437 2205; x_wconf 87' lang='lat' dir='ltr'><strong>paucas</strong></span> <span class='ocrx_word' id='word_1_287' title='bbox 3460 2133 3653 2189; x_wconf 84' lang='lat' dir='ltr'><strong>Photii</strong></span> 
     </span>
    </p>
   </div>
   <div class='ocr_carea' id='block_1_23' title="bbox 383 2219 3678 2296">
    <p class='ocr_par' dir='ltr' id='par_1_23' title="bbox 383 2219 3678 2296">
     <span class='ocr_line' id='line_1_23' title="bbox 383 2219 3678 2296; baseline -0.001 -18"><span class='ocrx_word' id='word_1_288' title='bbox 383 2225 664 2295; x_wconf 81' lang='lat' dir='ltr'><strong>epistolas,</strong></span> <span class='ocrx_word' id='word_1_289' title='bbox 691 2243 826 2293; x_wconf 88' lang='lat' dir='ltr'><strong>quas</strong></span> <span class='ocrx_word' id='word_1_290' title='bbox 877 2226 1258 2283; x_wconf 85' lang='lat' dir='ltr'><strong>Montacutius.</strong></span> <span class='ocrx_word' id='word_1_291' title='bbox 1304 2227 1474 2281; x_wconf 86' lang='lat' dir='ltr'><strong>veluti</strong></span> <span class='ocrx_word' id='word_1_292' title='bbox 1520 2227 1778 2296; x_wconf 90' lang='lat' dir='ltr'><strong>epistolas</strong></span> <span class='ocrx_word' id='word_1_293' title='bbox 1815 2223 2002 2279; x_wconf 86' lang='lat' dir='ltr'><strong>edidit.</strong></span> <span class='ocrx_word' id='word_1_294' title='bbox 2037 2219 2110 2275; x_wconf 89' lang='lat' dir='ltr'><strong>Ut</strong></span> <span class='ocrx_word' id='word_1_295' title='bbox 2149 2221 2320 2275; x_wconf 91' lang='lat' dir='ltr'><strong>series</strong></span> <span class='ocrx_word' id='word_1_296' title='bbox 2352 2223 2722 2290; x_wconf 76' lang='lat' dir='ltr'><strong>quaestionum</strong></span> <span class='ocrx_word' id='word_1_297' title='bbox 2775 2224 3163 2293; x_wconf 86' lang='lat' dir='ltr'><strong>compleretur,</strong></span> <span class='ocrx_word' id='word_1_298' title='bbox 3207 2223 3470 2292; x_wconf 85' lang='lat' dir='ltr'><strong>epistolas</strong></span> <span class='ocrx_word' id='word_1_299' title='bbox 3516 2223 3678 2278; x_wconf 88' lang='lat' dir='ltr'><strong>illas.</strong></span> 
     </span>
    </p>
   </div>
   <div class='ocr_carea' id='block_1_24' title="bbox 381 2309 3648 2382">
    <p class='ocr_par' dir='ltr' id='par_1_24' title="bbox 381 2309 3648 2382">
     <span class='ocr_line' id='line_1_24' title="bbox 381 2309 3648 2382; baseline -0.001 -17"><span class='ocrx_word' id='word_1_300' title='bbox 381 2326 448 2365; x_wconf 84' lang='lat' dir='ltr'><strong>ex</strong></span> <span class='ocrx_word' id='word_1_301' title='bbox 483 2312 623 2366; x_wconf 91' lang='lat' dir='ltr'><strong>libro</strong></span> <span class='ocrx_word' id='word_1_302' title='bbox 653 2313 1010 2382; x_wconf 80' lang='lat' dir='ltr'><strong>epistolaruin</strong></span> <span class='ocrx_word' id='word_1_303' title='bbox 1045 2314 1185 2367; x_wconf 88' lang='lat' dir='ltr'><strong>inter</strong></span> <span class='ocrx_word' id='word_1_304' title='bbox 1207 2314 1537 2382; x_wconf 83' lang='lat' dir='ltr'><strong>quaestiones</strong></span> <span class='ocrx_word' id='word_1_305' title='bbox 1558 2311 2040 2381; x_wconf 82' lang='lat' dir='ltr'><strong>Amphilochianas</strong></span> <span class='ocrx_word' id='word_1_306' title='bbox 2064 2309 2447 2364; x_wconf 88' lang='lat' dir='ltr'><strong>transtulimus</strong></span> <span class='ocrx_word' id='word_1_307' title='bbox 2473 2318 2527 2364; x_wconf 90' lang='lat' dir='ltr'><strong>et</strong></span> <span class='ocrx_word' id='word_1_308' title='bbox 2553 2324 2653 2365; x_wconf 87' lang='lat' dir='ltr'><strong>suo</strong></span> <span class='ocrx_word' id='word_1_309' title='bbox 2683 2311 2804 2366; x_wconf 88' lang='lat' dir='ltr'><strong>loco</strong></span> <span class='ocrx_word' id='word_1_310' title='bbox 2827 2310 3132 2379; x_wconf 87' lang='lat' dir='ltr'><strong>edidimus;</strong></span> <span class='ocrx_word' id='word_1_311' title='bbox 3169 2312 3430 2381; x_wconf 82' lang='lat' dir='ltr'><strong>epistolas</strong></span> <span class='ocrx_word' id='word_1_312' title='bbox 3455 2319 3648 2366; x_wconf 88' lang='lat' dir='ltr'><strong>autem</strong></span> 
     </span>
    </p>
   </div>
   <div class='ocr_carea' id='block_1_25' title="bbox 381 2398 2816 2468">
    <p class='ocr_par' dir='ltr' id='par_1_25' title="bbox 381 2398 2816 2468">
     <span class='ocr_line' id='line_1_25' title="bbox 381 2398 2816 2468; baseline -0.001 -16"><span class='ocrx_word' id='word_1_313' title='bbox 381 2399 644 2468; x_wconf 89' lang='lat' dir='ltr'><strong>reliquas,</strong></span> <span class='ocrx_word' id='word_1_314' title='bbox 674 2408 734 2454; x_wconf 91' lang='lat' dir='ltr'><strong>ut</strong></span> <span class='ocrx_word' id='word_1_315' title='bbox 767 2400 951 2454; x_wconf 88' lang='lat' dir='ltr'><strong>statim</strong></span> <span class='ocrx_word' id='word_1_316' title='bbox 984 2399 1249 2464; x_wconf 89' lang='lat' dir='ltr'><strong>dicemus,</strong></span> <span class='ocrx_word' id='word_1_317' title='bbox 1299 2415 1443 2454; x_wconf 89' lang='lat' dir='ltr'><strong>novo</strong></span> <span class='ocrx_word' id='word_1_318' title='bbox 1471 2400 1662 2454; x_wconf 88' lang='lat' dir='ltr'><strong>ordine</strong></span> <span class='ocrx_word' id='word_1_319' title='bbox 1693 2398 2093 2468; x_wconf 89' lang='lat' dir='ltr'><strong>disposuimus.</strong></span> <span class='ocrx_word' id='word_1_320' title='bbox 2814 2411 2816 2414; x_wconf 82' lang='lat'>&#39;</span> 
     </span>
    </p>
   </div>
   <div class='ocr_carea' id='block_1_26' title="bbox 449 2474 3647 2556">
    <p class='ocr_par' dir='ltr' id='par_1_26' title="bbox 449 2474 3647 2556">
     <span class='ocr_line' id='line_1_26' title="bbox 449 2474 3647 2556; baseline 0 -18"><span class='ocrx_word' id='word_1_321' title='bbox 449 2485 507 2539; x_wconf 90' lang='lat' dir='ltr'><strong>In</strong></span> <span class='ocrx_word' id='word_1_322' title='bbox 557 2483 642 2542; x_wconf 87' lang='lat' dir='ltr'><strong>his</strong></span> <span class='ocrx_word' id='word_1_323' title='bbox 681 2487 1077 2556; x_wconf 73' lang='lat' dir='ltr'><strong>qnznstionibus</strong></span> <span class='ocrx_word' id='word_1_324' title='bbox 1121 2474 1594 2556; x_wconf 84' lang='lat' dir='ltr'><strong>Amphilochianis</strong></span> <span class='ocrx_word' id='word_1_325' title='bbox 1646 2484 1944 2549; x_wconf 78' lang='lat' dir='ltr'><strong>solvendis,</strong></span> <span class='ocrx_word' id='word_1_326' title='bbox 1984 2483 2214 2539; x_wconf 86' lang='lat' dir='ltr'><strong>Photius</strong></span> <span class='ocrx_word' id='word_1_327' title='bbox 2267 2499 2375 2538; x_wconf 91' lang='lat' dir='ltr'><strong>non</strong></span> <span class='ocrx_word' id='word_1_328' title='bbox 2422 2498 2639 2554; x_wconf 89' lang='lat' dir='ltr'><strong>semper</strong></span> <span class='ocrx_word' id='word_1_329' title='bbox 2668 2500 2736 2540; x_wconf 84' lang='lat' dir='ltr'><strong>ex</strong></span> <span class='ocrx_word' id='word_1_330' title='bbox 2785 2486 3010 2556; x_wconf 88' lang='lat' dir='ltr'><strong>proprio</strong></span> <span class='ocrx_word' id='word_1_331' title='bbox 3057 2485 3223 2541; x_wconf 58' lang='lat' dir='ltr'><strong>fonte:</strong></span> <span class='ocrx_word' id='word_1_332' title='bbox 3248 2485 3647 2555; x_wconf 85' lang='lat' dir='ltr'><strong>responsiones</strong></span> 
     </span>
    </p>
   </div>
   <div class='ocr_carea' id='block_1_27' title="bbox 383 2572 3646 2643">
    <p class='ocr_par' dir='ltr' id='par_1_27' title="bbox 383 2572 3646 2643">
     <span class='ocr_line' id='line_1_27' title="bbox 383 2572 3646 2643; baseline 0 -17"><span class='ocrx_word' id='word_1_333' title='bbox 383 2573 590 2637; x_wconf 89' lang='lat' dir='ltr'><strong>hausit,</strong></span> <span class='ocrx_word' id='word_1_334' title='bbox 627 2573 719 2628; x_wconf 89' lang='lat' dir='ltr'><strong>sed</strong></span> <span class='ocrx_word' id='word_1_335' title='bbox 749 2572 816 2626; x_wconf 83' lang='lat' dir='ltr'><strong>ab</strong></span> <span class='ocrx_word' id='word_1_336' title='bbox 861 2573 1180 2628; x_wconf 89' lang='lat' dir='ltr'><strong>auctoribus</strong></span> <span class='ocrx_word' id='word_1_337' title='bbox 1214 2573 1306 2642; x_wconf 88' lang='lat' dir='ltr'><strong>qui</strong></span> <span class='ocrx_word' id='word_1_338' title='bbox 1345 2583 1472 2628; x_wconf 87' lang='lat' dir='ltr'><strong>ante</strong></span> <span class='ocrx_word' id='word_1_339' title='bbox 1505 2575 1683 2643; x_wconf 90' lang='lat' dir='ltr'><strong>ipsum</strong></span> <span class='ocrx_word' id='word_1_340' title='bbox 1716 2573 2060 2642; x_wconf 88' lang='lat' dir='ltr'><strong>scripserunt</strong></span> <span class='ocrx_word' id='word_1_341' title='bbox 2101 2587 2196 2626; x_wconf 89' lang='lat' dir='ltr'><strong>eas</strong></span> <span class='ocrx_word' id='word_1_342' title='bbox 2227 2580 2514 2626; x_wconf 88' lang='lat' dir='ltr'><strong>mutuatus</strong></span> <span class='ocrx_word' id='word_1_343' title='bbox 2563 2579 2668 2628; x_wconf 90' lang='lat' dir='ltr'><strong>est.</strong></span> <span class='ocrx_word' id='word_1_344' title='bbox 2704 2574 3038 2629; x_wconf 85' lang='lat' dir='ltr'><strong>Theodoreti</strong></span> <span class='ocrx_word' id='word_1_345' title='bbox 3087 2573 3390 2643; x_wconf 68' lang='lat' dir='ltr'><strong>praesertim</strong></span> <span class='ocrx_word' id='word_1_346' title='bbox 3434 2575 3646 2641; x_wconf 81' lang='lat' dir='ltr'><strong>scripta</strong></span> 
     </span>
    </p>
   </div>
   <div class='ocr_carea' id='block_1_28' title="bbox 379 2659 3646 2731">
    <p class='ocr_par' dir='ltr' id='par_1_28' title="bbox 379 2659 3646 2731">
     <span class='ocr_line' id='line_1_28' title="bbox 379 2659 3646 2731; baseline 0.001 -17"><span class='ocrx_word' id='word_1_347' title='bbox 379 2661 605 2731; x_wconf 83' lang='lat' dir='ltr'><strong>expilat,</strong></span> <span class='ocrx_word' id='word_1_348' title='bbox 642 2662 774 2730; x_wconf 91' lang='lat' dir='ltr'><strong>quin</strong></span> <span class='ocrx_word' id='word_1_349' title='bbox 805 2677 930 2715; x_wconf 91' lang='lat' dir='ltr'><strong>eum</strong></span> <span class='ocrx_word' id='word_1_350' title='bbox 962 2662 1249 2727; x_wconf 88' lang='lat' dir='ltr'><strong>nominet;</strong></span> <span class='ocrx_word' id='word_1_351' title='bbox 1286 2661 1424 2716; x_wconf 89' lang='lat' dir='ltr'><strong>alios</strong></span> <span class='ocrx_word' id='word_1_352' title='bbox 1478 2661 1800 2730; x_wconf 86' lang='lat' dir='ltr'><strong>interpretes</strong></span> <span class='ocrx_word' id='word_1_353' title='bbox 1837 2659 1897 2714; x_wconf 89' lang='lat' dir='ltr'><strong>S.</strong></span> <span class='ocrx_word' id='word_1_354' title='bbox 1935 2659 2232 2730; x_wconf 58' lang='lat' dir='ltr'><strong>Scriptura:</strong></span> <span class='ocrx_word' id='word_1_355' title='bbox 2263 2660 2330 2714; x_wconf 87' lang='lat' dir='ltr'><strong>ad</strong></span> <span class='ocrx_word' id='word_1_356' title='bbox 2358 2660 2596 2715; x_wconf 88' lang='lat' dir='ltr'><strong>litteram</strong></span> <span class='ocrx_word' id='word_1_357' title='bbox 2623 2663 2908 2730; x_wconf 82' lang='lat' dir='ltr'><strong>exseribit,</strong></span> <span class='ocrx_word' id='word_1_358' title='bbox 2945 2663 3114 2718; x_wconf 84' lang='lat' dir='ltr'><strong>tacito</strong></span> <span class='ocrx_word' id='word_1_359' title='bbox 3141 2675 3334 2717; x_wconf 85' lang='lat' dir='ltr'><strong>eorum</strong></span> <span class='ocrx_word' id='word_1_360' title='bbox 3378 2662 3646 2726; x_wconf 81' lang='lat' dir='ltr'><strong>nomine;</strong></span> 
     </span>
    </p>
   </div>
   <div class='ocr_carea' id='block_1_29' title="bbox 381 2747 3562 2818">
    <p class='ocr_par' dir='ltr' id='par_1_29' title="bbox 381 2747 3562 2818">
     <span class='ocr_line' id='line_1_29' title="bbox 381 2747 3562 2818; baseline 0.005 -17"><span class='ocrx_word' id='word_1_361' title='bbox 381 2747 627 2817; x_wconf 88' lang='lat' dir='ltr'><strong>adeoque</strong></span> <span class='ocrx_word' id='word_1_362' title='bbox 655 2749 818 2818; x_wconf 84' lang='lat' dir='ltr'><strong>plagii</strong></span> <span class='ocrx_word' id='word_1_363' title='bbox 852 2764 979 2803; x_wconf 89' lang='lat' dir='ltr'><strong>reus</strong></span> <span class='ocrx_word' id='word_1_364' title='bbox 1009 2763 1130 2803; x_wconf 89' lang='lat' dir='ltr'><strong>esse</strong></span> <span class='ocrx_word' id='word_1_365' title='bbox 1163 2749 1400 2804; x_wconf 91' lang='lat' dir='ltr'><strong>videtur.</strong></span> <span class='ocrx_word' id='word_1_366' title='bbox 1462 2755 1464 2758; x_wconf 78' lang='grc'><em>’</em></span> <span class='ocrx_word' id='word_1_367' title='bbox 2021 2793 2024 2796; x_wconf 87' lang='grc'><strong>-</strong></span> <span class='ocrx_word' id='word_1_368' title='bbox 2815 2760 2818 2762; x_wconf 83' lang='grc'><em>’</em></span> <span class='ocrx_word' id='word_1_369' title='bbox 3287 2779 3292 2784; x_wconf 61' lang='grc' dir='ltr'>ί</span> <span class='ocrx_word' id='word_1_370' title='bbox 3555 2814 3562 2818; x_wconf 91' lang='grc'>.</span> 
     </span>
    </p>
   </div>
   <div class='ocr_carea' id='block_1_30' title="bbox 447 2835 3643 2910">
    <p class='ocr_par' dir='ltr' id='par_1_30' title="bbox 447 2835 3643 2910">
     <span class='ocr_line' id='line_1_30' title="bbox 447 2835 3643 2910; baseline 0.002 -22"><span class='ocrx_word' id='word_1_371' title='bbox 447 2836 603 2891; x_wconf 83' lang='lat' dir='ltr'><strong>Absit</strong></span> <span class='ocrx_word' id='word_1_372' title='bbox 627 2846 686 2890; x_wconf 94' lang='lat' dir='ltr'><strong>ut</strong></span> <span class='ocrx_word' id='word_1_373' title='bbox 710 2835 963 2889; x_wconf 84' lang='lat' dir='ltr'><strong>Photium</strong></span> <span class='ocrx_word' id='word_1_374' title='bbox 987 2837 1054 2890; x_wconf 88' lang='lat' dir='ltr'><strong>ab</strong></span> <span class='ocrx_word' id='word_1_375' title='bbox 1078 2836 1226 2890; x_wconf 87' lang='lat' dir='ltr'><strong>omni</strong></span> <span class='ocrx_word' id='word_1_376' title='bbox 1253 2836 1432 2906; x_wconf 83' lang='lat' dir='ltr'><strong>plagio</strong></span> <span class='ocrx_word' id='word_1_377' title='bbox 1465 2835 1695 2891; x_wconf 89' lang='lat' dir='ltr'><strong>liberum</strong></span> <span class='ocrx_word' id='word_1_378' title='bbox 1717 2852 1839 2894; x_wconf 88' lang='lat' dir='ltr'><strong>esse</strong></span> <span class='ocrx_word' id='word_1_379' title='bbox 1865 2839 2063 2906; x_wconf 89' lang='lat' dir='ltr'><strong>dicam,</strong></span> <span class='ocrx_word' id='word_1_380' title='bbox 2086 2857 2211 2898; x_wconf 89' lang='lat' dir='ltr'><strong>cum</strong></span> <span class='ocrx_word' id='word_1_381' title='bbox 2243 2857 2273 2896; x_wconf 87' lang='lat' dir='ltr'><strong>a</strong></span> <span class='ocrx_word' id='word_1_382' title='bbox 2306 2841 2454 2897; x_wconf 92' lang='lat' dir='ltr'><strong>furto</strong></span> <span class='ocrx_word' id='word_1_383' title='bbox 2481 2843 2734 2898; x_wconf 83' lang='lat' dir='ltr'><strong>excusari</strong></span> <span class='ocrx_word' id='word_1_384' title='bbox 2756 2856 2865 2896; x_wconf 89' lang='lat' dir='ltr'><strong>non</strong></span> <span class='ocrx_word' id='word_1_385' title='bbox 2885 2841 3076 2910; x_wconf 81' lang='lat' dir='ltr'><strong>possit,</strong></span> <span class='ocrx_word' id='word_1_386' title='bbox 3099 2840 3153 2894; x_wconf 88' lang='lat' dir='ltr'><strong>id</strong></span> <span class='ocrx_word' id='word_1_387' title='bbox 3175 2841 3320 2910; x_wconf 91' lang='lat' dir='ltr'><strong>quod</strong></span> <span class='ocrx_word' id='word_1_388' title='bbox 3339 2842 3394 2895; x_wconf 89' lang='lat' dir='ltr'><strong>in</strong></span> <span class='ocrx_word' id='word_1_389' title='bbox 3417 2839 3643 2895; x_wconf 71' lang='lat' dir='ltr'><strong>Petrum</strong></span> 
     </span>
    </p>
   </div>
   <div class='ocr_carea' id='block_1_31' title="bbox 385 2922 3634 3002">
    <p class='ocr_par' dir='ltr' id='par_1_31' title="bbox 385 2922 3634 3002">
     <span class='ocr_line' id='line_1_31' title="bbox 385 2922 3634 3002; baseline 0.002 -25"><span class='ocrx_word' id='word_1_390' title='bbox 385 2922 631 2978; x_wconf 89' lang='lat' dir='ltr'><strong>Siculum</strong></span> <span class='ocrx_word' id='word_1_391' title='bbox 657 2925 956 2988; x_wconf 86' lang='lat' dir='ltr'><strong>commisit,</strong></span> <span class='ocrx_word' id='word_1_392' title='bbox 984 2935 1040 2979; x_wconf 89' lang='lat' dir='ltr'><strong>ut</strong></span> <span class='ocrx_word' id='word_1_393' title='bbox 1072 2925 1212 2978; x_wconf 88' lang='lat' dir='ltr'><strong>infra</strong></span> <span class='ocrx_word' id='word_1_394' title='bbox 1249 2926 1564 2991; x_wconf 88' lang='lat' dir='ltr'><strong>ostendam;</strong></span> <span class='ocrx_word' id='word_1_395' title='bbox 1593 2935 1648 2981; x_wconf 87' lang='lat' dir='ltr'><strong>et</strong></span> <span class='ocrx_word' id='word_1_396' title='bbox 1679 2937 1940 2996; x_wconf 74' lang='lat' dir='ltr'><strong>praeterea</strong></span> <span class='ocrx_word' id='word_1_397' title='bbox 1961 2939 2193 2998; x_wconf 87' lang='lat' dir='ltr'><strong>veteres,</strong></span> <span class='ocrx_word' id='word_1_398' title='bbox 2229 2929 2538 3002; x_wconf 86' lang='lat' dir='ltr'><strong>suppressis</strong></span> <span class='ocrx_word' id='word_1_399' title='bbox 2570 2930 2910 2996; x_wconf 84' lang='lat' dir='ltr'><strong>nominibus,</strong></span> <span class='ocrx_word' id='word_1_400' title='bbox 2940 2929 3380 2993; x_wconf 90' lang='lat' dir='ltr'><strong>transcribendo,</strong></span> <span class='ocrx_word' id='word_1_401' title='bbox 3406 2942 3634 2997; x_wconf 73' lang='lat' dir='ltr'><strong>gravem</strong></span> 
     </span>
    </p>
   </div>
   <div class='ocr_carea' id='block_1_32' title="bbox 381 3013 1929 3084">
    <p class='ocr_par' dir='ltr' id='par_1_32' title="bbox 381 3013 1929 3084">
     <span class='ocr_line' id='line_1_32' title="bbox 381 3013 1929 3084; baseline 0.001 -16"><span class='ocrx_word' id='word_1_402' title='bbox 381 3013 754 3084; x_wconf 77' lang='lat' dir='ltr'><strong>suspicionem</strong></span> <span class='ocrx_word' id='word_1_403' title='bbox 791 3014 858 3069; x_wconf 91' lang='lat' dir='ltr'><strong>de</strong></span> <span class='ocrx_word' id='word_1_404' title='bbox 887 3015 1031 3069; x_wconf 89' lang='lat' dir='ltr'><strong>bona</strong></span> <span class='ocrx_word' id='word_1_405' title='bbox 1069 3013 1177 3070; x_wconf 90' lang='lat' dir='ltr'><strong>ﬁde</strong></span> <span class='ocrx_word' id='word_1_406' title='bbox 1203 3030 1302 3070; x_wconf 89' lang='lat' dir='ltr'><strong>sua</strong></span> <span class='ocrx_word' id='word_1_407' title='bbox 1332 3015 1648 3069; x_wconf 90' lang='lat' dir='ltr'><strong>omnimoda</strong></span> <span class='ocrx_word' id='word_1_408' title='bbox 1692 3017 1929 3071; x_wconf 85' lang='lat' dir='ltr'><strong>excitet!</strong></span> 
     </span>
    </p>
   </div>
   <div class='ocr_carea' id='block_1_33' title="bbox 450 3123 3646 3200">
    <p class='ocr_par' dir='ltr' id='par_1_33' title="bbox 450 3123 3646 3200">
     <span class='ocr_line' id='line_1_33' title="bbox 450 3123 3646 3200; baseline 0.001 -23"><span class='ocrx_word' id='word_1_409' title='bbox 450 3124 817 3180; x_wconf 88' lang='lat' dir='ltr'><strong>Nihilominus</strong></span> <span class='ocrx_word' id='word_1_410' title='bbox 851 3126 918 3180; x_wconf 92' lang='lat' dir='ltr'><strong>ad</strong></span> <span class='ocrx_word' id='word_1_411' title='bbox 949 3124 1270 3180; x_wconf 89' lang='lat' dir='ltr'><strong>elevandam</strong></span> <span class='ocrx_word' id='word_1_412' title='bbox 1313 3126 1720 3180; x_wconf 85' lang='lat' dir='ltr'><strong>accusationem</strong></span> <span class='ocrx_word' id='word_1_413' title='bbox 1752 3123 1806 3181; x_wconf 85' lang='lat' dir='ltr'><strong>in</strong></span> <span class='ocrx_word' id='word_1_414' title='bbox 1845 3128 2022 3195; x_wconf 90' lang='lat' dir='ltr'><strong>ipsum</strong></span> <span class='ocrx_word' id='word_1_415' title='bbox 2048 3128 2213 3182; x_wconf 88' lang='lat' dir='ltr'><strong>latam</strong></span> <span class='ocrx_word' id='word_1_416' title='bbox 2253 3127 2406 3196; x_wconf 80' lang='lat' dir='ltr'><strong>facit,</strong></span> <span class='ocrx_word' id='word_1_417' title='bbox 2457 3128 2966 3200; x_wconf 71' lang='lat' dir='ltr'><strong>quodquaastiones</strong></span> <span class='ocrx_word' id='word_1_418' title='bbox 3008 3142 3130 3198; x_wconf 67' lang='lat' dir='ltr'><strong>quae</strong></span> <span class='ocrx_word' id='word_1_419' title='bbox 3169 3125 3646 3196; x_wconf 65' lang='lat' dir='ltr'><strong>Amphilochianm</strong></span> 
     </span>
    </p>
   </div>
   <div class='ocr_carea' id='block_1_34' title="bbox 384 3211 3646 3284">
    <p class='ocr_par' dir='ltr' id='par_1_34' title="bbox 384 3211 3646 3284">
     <span class='ocr_line' id='line_1_34' title="bbox 384 3211 3646 3284; baseline 0.001 -20"><span class='ocrx_word' id='word_1_420' title='bbox 384 3213 750 3281; x_wconf 90' lang='lat' dir='ltr'><strong>appellantur,</strong></span> <span class='ocrx_word' id='word_1_421' title='bbox 789 3227 898 3266; x_wconf 91' lang='lat' dir='ltr'><strong>non</strong></span> <span class='ocrx_word' id='word_1_422' title='bbox 940 3227 1133 3266; x_wconf 89' lang='lat' dir='ltr'><strong>omnes</strong></span> <span class='ocrx_word' id='word_1_423' title='bbox 1159 3213 1229 3266; x_wconf 89' lang='lat' dir='ltr'><strong>ab</strong></span> <span class='ocrx_word' id='word_1_424' title='bbox 1271 3211 1656 3280; x_wconf 87' lang='lat' dir='ltr'><strong>Amphilochio</strong></span> <span class='ocrx_word' id='word_1_425' title='bbox 1685 3215 1790 3283; x_wconf 90' lang='lat' dir='ltr'><strong>ipsi</strong></span> <span class='ocrx_word' id='word_1_426' title='bbox 1824 3216 2114 3284; x_wconf 84' lang='lat' dir='ltr'><strong>propositae</strong></span> <span class='ocrx_word' id='word_1_427' title='bbox 2140 3215 2362 3284; x_wconf 81' lang='lat' dir='ltr'><strong>fuerint,</strong></span> <span class='ocrx_word' id='word_1_428' title='bbox 2394 3219 2486 3272; x_wconf 88' lang='lat' dir='ltr'><strong>sed</strong></span> <span class='ocrx_word' id='word_1_429' title='bbox 2517 3217 2586 3271; x_wconf 89' lang='lat' dir='ltr'><strong>ab</strong></span> <span class='ocrx_word' id='word_1_430' title='bbox 2611 3217 2735 3283; x_wconf 89' lang='lat' dir='ltr'><strong>aliis</strong></span> <span class='ocrx_word' id='word_1_431' title='bbox 2768 3217 2898 3272; x_wconf 90' lang='lat' dir='ltr'><strong>viris</strong></span> <span class='ocrx_word' id='word_1_432' title='bbox 2942 3216 3058 3270; x_wconf 89' lang='lat' dir='ltr'><strong>sive</strong></span> <span class='ocrx_word' id='word_1_433' title='bbox 3105 3215 3500 3270; x_wconf 88' lang='lat' dir='ltr'><strong>ecclesiasticis</strong></span> <span class='ocrx_word' id='word_1_434' title='bbox 3525 3213 3646 3269; x_wconf 85' lang='lat' dir='ltr'><strong>sive</strong></span> 
     </span>
    </p>
   </div>
   <div class='ocr_carea' id='block_1_35' title="bbox 382 3298 3648 3374">
    <p class='ocr_par' dir='ltr' id='par_1_35' title="bbox 382 3298 3648 3374">
     <span class='ocr_line' id='line_1_35' title="bbox 382 3298 3648 3374; baseline 0.001 -21"><span class='ocrx_word' id='word_1_435' title='bbox 382 3298 757 3363; x_wconf 75' lang='lat' dir='ltr'><strong>szecularibus,</strong></span> <span class='ocrx_word' id='word_1_436' title='bbox 781 3298 875 3368; x_wconf 89' lang='lat' dir='ltr'><strong>qui</strong></span> <span class='ocrx_word' id='word_1_437' title='bbox 907 3301 961 3352; x_wconf 91' lang='lat' dir='ltr'><strong>in</strong></span> <span class='ocrx_word' id='word_1_438' title='bbox 989 3298 1340 3353; x_wconf 90' lang='lat' dir='ltr'><strong>meditatione</strong></span> <span class='ocrx_word' id='word_1_439' title='bbox 1365 3314 1646 3354; x_wconf 90' lang='lat' dir='ltr'><strong>sacrarum</strong></span> <span class='ocrx_word' id='word_1_440' title='bbox 1671 3299 2023 3368; x_wconf 89' lang='lat' dir='ltr'><strong>Litterarum,</strong></span> <span class='ocrx_word' id='word_1_441' title='bbox 2043 3304 2126 3358; x_wconf 91' lang='lat' dir='ltr'><strong>vel</strong></span> <span class='ocrx_word' id='word_1_442' title='bbox 2150 3303 2332 3358; x_wconf 91' lang='lat' dir='ltr'><strong>studio</strong></span> <span class='ocrx_word' id='word_1_443' title='bbox 2361 3304 2643 3374; x_wconf 60' lang='lat' dir='ltr'><strong>theologia;</strong></span> <span class='ocrx_word' id='word_1_444' title='bbox 2665 3314 2759 3360; x_wconf 90' lang='lat' dir='ltr'><strong>aut</strong></span> <span class='ocrx_word' id='word_1_445' title='bbox 2785 3304 3046 3369; x_wconf 66' lang='lat' dir='ltr'><strong>historiae,</strong></span> <span class='ocrx_word' id='word_1_446' title='bbox 3069 3303 3380 3369; x_wconf 66' lang='lat' dir='ltr'><strong>haerebant;</strong></span> <span class='ocrx_word' id='word_1_447' title='bbox 3409 3301 3648 3372; x_wconf 88' lang='lat' dir='ltr'><strong>ideoque</strong></span> 
     </span>
    </p>
   </div>
   <div class='ocr_carea' id='block_1_36' title="bbox 380 3387 3644 3463">
    <p class='ocr_par' dir='ltr' id='par_1_36' title="bbox 380 3387 3644 3463">
     <span class='ocr_line' id='line_1_36' title="bbox 380 3387 3644 3463; baseline 0.002 -22"><span class='ocrx_word' id='word_1_448' title='bbox 380 3401 450 3442; x_wconf 82' lang='lat' dir='ltr'><strong>ex</strong></span> <span class='ocrx_word' id='word_1_449' title='bbox 481 3395 724 3457; x_wconf 88' lang='lat' dir='ltr'><strong>tempore</strong></span> <span class='ocrx_word' id='word_1_450' title='bbox 759 3387 1090 3454; x_wconf 89' lang='lat' dir='ltr'><strong>respondere</strong></span> <span class='ocrx_word' id='word_1_451' title='bbox 1125 3387 1331 3451; x_wconf 90' lang='lat' dir='ltr'><strong>debuit,</strong></span> <span class='ocrx_word' id='word_1_452' title='bbox 1367 3387 1500 3454; x_wconf 91' lang='lat' dir='ltr'><strong>quin</strong></span> <span class='ocrx_word' id='word_1_453' title='bbox 1543 3387 1610 3442; x_wconf 86' lang='lat' dir='ltr'><strong>ad</strong></span> <span class='ocrx_word' id='word_1_454' title='bbox 1654 3388 2018 3459; x_wconf 76' lang='lat' dir='ltr'><strong>indagandam</strong></span> <span class='ocrx_word' id='word_1_455' title='bbox 2047 3394 2332 3448; x_wconf 87' lang='lat' dir='ltr'><strong>veritatem</strong></span> <span class='ocrx_word' id='word_1_456' title='bbox 2364 3394 2741 3450; x_wconf 89' lang='lat' dir='ltr'><strong>necessarium</strong></span> <span class='ocrx_word' id='word_1_457' title='bbox 2774 3405 2990 3463; x_wconf 88' lang='lat' dir='ltr'><strong>tempus</strong></span> <span class='ocrx_word' id='word_1_458' title='bbox 3031 3393 3276 3458; x_wconf 89' lang='lat' dir='ltr'><strong>haberet,</strong></span> <span class='ocrx_word' id='word_1_459' title='bbox 3313 3407 3376 3447; x_wconf 89' lang='lat' dir='ltr'><strong>ac</strong></span> <span class='ocrx_word' id='word_1_460' title='bbox 3407 3392 3644 3462; x_wconf 83' lang='lat' dir='ltr'><strong>proinde</strong></span> 
     </span>
    </p>
   </div>
   <div class='ocr_carea' id='block_1_37' title="bbox 381 3475 3639 3552">
    <p class='ocr_par' dir='ltr' id='par_1_37' title="bbox 381 3475 3639 3552">
     <span class='ocr_line' id='line_1_37' title="bbox 381 3475 3639 3552; baseline 0.002 -25"><span class='ocrx_word' id='word_1_461' title='bbox 381 3475 617 3528; x_wconf 88' lang='lat' dir='ltr'><strong>aliorum</strong></span> <span class='ocrx_word' id='word_1_462' title='bbox 661 3475 967 3530; x_wconf 89' lang='lat' dir='ltr'><strong>doctrinam</strong></span> <span class='ocrx_word' id='word_1_463' title='bbox 999 3476 1052 3529; x_wconf 92' lang='lat' dir='ltr'><strong>in</strong></span> <span class='ocrx_word' id='word_1_464' title='bbox 1084 3476 1303 3545; x_wconf 91' lang='lat' dir='ltr'><strong>propria</strong></span> <span class='ocrx_word' id='word_1_465' title='bbox 1345 3490 1608 3544; x_wconf 88' lang='lat' dir='ltr'><strong>responsa</strong></span> <span class='ocrx_word' id='word_1_466' title='bbox 1639 3477 1907 3532; x_wconf 87' lang='lat' dir='ltr'><strong>derivare.</strong></span> <span class='ocrx_word' id='word_1_467' title='bbox 1937 3479 2074 3534; x_wconf 85' lang='lat' dir='ltr'><strong>Cum</strong></span> <span class='ocrx_word' id='word_1_468' title='bbox 2111 3490 2322 3546; x_wconf 89' lang='lat' dir='ltr'><strong>autem,</strong></span> <span class='ocrx_word' id='word_1_469' title='bbox 2362 3481 2417 3535; x_wconf 94' lang='lat' dir='ltr'><strong>in</strong></span> <span class='ocrx_word' id='word_1_470' title='bbox 2445 3482 2671 3538; x_wconf 87' lang='lat' dir='ltr'><strong>edendis</strong></span> <span class='ocrx_word' id='word_1_471' title='bbox 2701 3482 3005 3552; x_wconf 89' lang='lat' dir='ltr'><strong>responsis,</strong></span> <span class='ocrx_word' id='word_1_472' title='bbox 3044 3481 3498 3552; x_wconf 82' lang='lat' dir='ltr'><strong>interregantium</strong></span> <span class='ocrx_word' id='word_1_473' title='bbox 3524 3480 3639 3534; x_wconf 90' lang='lat' dir='ltr'><strong>uti-</strong></span> 
     </span>
    </p>
   </div>
   <div class='ocr_carea' id='block_1_38' title="bbox 381 3561 3641 3638">
    <p class='ocr_par' dir='ltr' id='par_1_38' title="bbox 381 3561 3641 3638">
     <span class='ocr_line' id='line_1_38' title="bbox 381 3561 3641 3638; baseline 0.002 -24"><span class='ocrx_word' id='word_1_474' title='bbox 381 3561 519 3616; x_wconf 91' lang='lat' dir='ltr'><strong>litati</strong></span> <span class='ocrx_word' id='word_1_475' title='bbox 556 3563 794 3616; x_wconf 84' lang='lat' dir='ltr'><strong>maxime</strong></span> <span class='ocrx_word' id='word_1_476' title='bbox 825 3563 1183 3632; x_wconf 86' lang='lat' dir='ltr'><strong>prospiceret,</strong></span> <span class='ocrx_word' id='word_1_477' title='bbox 1215 3563 1513 3617; x_wconf 88' lang='lat' dir='ltr'><strong>verisimile</strong></span> <span class='ocrx_word' id='word_1_478' title='bbox 1539 3579 1648 3618; x_wconf 89' lang='lat' dir='ltr'><strong>non</strong></span> <span class='ocrx_word' id='word_1_479' title='bbox 1682 3573 1767 3618; x_wconf 90' lang='lat' dir='ltr'><strong>est</strong></span> <span class='ocrx_word' id='word_1_480' title='bbox 1794 3580 1918 3618; x_wconf 90' lang='lat' dir='ltr'><strong>eum</strong></span> <span class='ocrx_word' id='word_1_481' title='bbox 1946 3575 2076 3620; x_wconf 87' lang='lat' dir='ltr'><strong>tunc</strong></span> <span class='ocrx_word' id='word_1_482' title='bbox 2101 3567 2305 3620; x_wconf 91' lang='lat' dir='ltr'><strong>famam</strong></span> <span class='ocrx_word' id='word_1_483' title='bbox 2342 3569 2486 3622; x_wconf 89' lang='lat' dir='ltr'><strong>docti</strong></span> <span class='ocrx_word' id='word_1_484' title='bbox 2529 3569 2845 3638; x_wconf 90' lang='lat' dir='ltr'><strong>interpretis</strong></span> <span class='ocrx_word' id='word_1_485' title='bbox 2873 3568 3192 3633; x_wconf 89' lang='lat' dir='ltr'><strong>ambivisse,</strong></span> <span class='ocrx_word' id='word_1_486' title='bbox 3226 3579 3320 3622; x_wconf 89' lang='lat' dir='ltr'><strong>aut</strong></span> <span class='ocrx_word' id='word_1_487' title='bbox 3343 3583 3402 3623; x_wconf 90' lang='lat' dir='ltr'><strong>se</strong></span> <span class='ocrx_word' id='word_1_488' title='bbox 3427 3568 3641 3623; x_wconf 91' lang='lat' dir='ltr'><strong>meritis</strong></span> 
     </span>
    </p>
   </div>
   <div class='ocr_carea' id='block_1_39' title="bbox 382 3649 3641 3726">
    <p class='ocr_par' dir='ltr' id='par_1_39' title="bbox 382 3649 3641 3726">
     <span class='ocr_line' id='line_1_39' title="bbox 382 3649 3641 3726; baseline 0.003 -25"><span class='ocrx_word' id='word_1_489' title='bbox 382 3649 618 3704; x_wconf 83' lang='lat' dir='ltr'><strong>aliorum</strong></span> <span class='ocrx_word' id='word_1_490' title='bbox 669 3665 868 3704; x_wconf 89' lang='lat' dir='ltr'><strong>ornare</strong></span> <span class='ocrx_word' id='word_1_491' title='bbox 901 3651 1162 3706; x_wconf 86' lang='lat' dir='ltr'><strong>voluisse.</strong></span> <span class='ocrx_word' id='word_1_492' title='bbox 1199 3649 1293 3704; x_wconf 88' lang='lat' dir='ltr'><strong>llla</strong></span> <span class='ocrx_word' id='word_1_493' title='bbox 1334 3661 1490 3705; x_wconf 86' lang='lat' dir='ltr'><strong>aetate</strong></span> <span class='ocrx_word' id='word_1_494' title='bbox 1531 3650 1653 3704; x_wconf 89' lang='lat' dir='ltr'><strong>libri</strong></span> <span class='ocrx_word' id='word_1_495' title='bbox 1705 3652 1945 3707; x_wconf 89' lang='lat' dir='ltr'><strong>rariores</strong></span> <span class='ocrx_word' id='word_1_496' title='bbox 1993 3665 2148 3709; x_wconf 90' lang='lat' dir='ltr'><strong>erant</strong></span> <span class='ocrx_word' id='word_1_497' title='bbox 2181 3671 2343 3724; x_wconf 89' lang='lat' dir='ltr'><strong>quam</strong></span> <span class='ocrx_word' id='word_1_498' title='bbox 2383 3665 2441 3710; x_wconf 89' lang='lat' dir='ltr'><strong>ut</strong></span> <span class='ocrx_word' id='word_1_499' title='bbox 2478 3658 2712 3726; x_wconf 86' lang='lat' dir='ltr'><strong>quisque</strong></span> <span class='ocrx_word' id='word_1_500' title='bbox 2765 3659 2832 3712; x_wconf 88' lang='lat' dir='ltr'><strong>ad</strong></span> <span class='ocrx_word' id='word_1_501' title='bbox 2876 3673 2971 3713; x_wconf 90' lang='lat' dir='ltr'><strong>eos</strong></span> <span class='ocrx_word' id='word_1_502' title='bbox 3018 3656 3383 3711; x_wconf 89' lang='lat' dir='ltr'><strong>consulendos</strong></span> <span class='ocrx_word' id='word_1_503' title='bbox 3427 3656 3641 3710; x_wconf 85' lang='lat' dir='ltr'><strong>hortari</strong></span> 
     </span>
    </p>
   </div>
   <div class='ocr_carea' id='block_1_40' title="bbox 381 3738 3641 3813">
    <p class='ocr_par' dir='ltr' id='par_1_40' title="bbox 381 3738 3641 3813">
     <span class='ocr_line' id='line_1_40' title="bbox 381 3738 3641 3813; baseline 0.002 -22"><span class='ocrx_word' id='word_1_504' title='bbox 381 3750 597 3808; x_wconf 85' lang='lat' dir='ltr'><strong>posset;</strong></span> <span class='ocrx_word' id='word_1_505' title='bbox 629 3755 736 3792; x_wconf 89' lang='lat' dir='ltr'><strong>non</strong></span> <span class='ocrx_word' id='word_1_506' title='bbox 767 3740 910 3792; x_wconf 90' lang='lat' dir='ltr'><strong>enim</strong></span> <span class='ocrx_word' id='word_1_507' title='bbox 948 3739 1190 3792; x_wconf 91' lang='lat' dir='ltr'><strong>omnium</strong></span> <span class='ocrx_word' id='word_1_508' title='bbox 1233 3738 1490 3792; x_wconf 87' lang='lat' dir='ltr'><strong>manibus</strong></span> <span class='ocrx_word' id='word_1_509' title='bbox 1521 3738 1875 3804; x_wconf 87' lang='lat' dir='ltr'><strong>terebantur;</strong></span> <span class='ocrx_word' id='word_1_510' title='bbox 1918 3743 2012 3810; x_wconf 90' lang='lat' dir='ltr'><strong>qui</strong></span> <span class='ocrx_word' id='word_1_511' title='bbox 2040 3757 2229 3798; x_wconf 82' lang='lat' dir='ltr'><strong>eomm</strong></span> <span class='ocrx_word' id='word_1_512' title='bbox 2259 3743 2639 3798; x_wconf 86' lang='lat' dir='ltr'><strong>auctoritatem</strong></span> <span class='ocrx_word' id='word_1_513' title='bbox 2675 3743 2935 3799; x_wconf 88' lang='lat' dir='ltr'><strong>adhibere</strong></span> <span class='ocrx_word' id='word_1_514' title='bbox 2983 3743 3255 3813; x_wconf 82' lang='lat' dir='ltr'><strong>cupiebat,</strong></span> <span class='ocrx_word' id='word_1_515' title='bbox 3298 3743 3418 3798; x_wconf 89' lang='lat' dir='ltr'><strong>loca</strong></span> <span class='ocrx_word' id='word_1_516' title='bbox 3446 3757 3641 3798; x_wconf 85' lang='lat' dir='ltr'><strong>eorum</strong></span> 
     </span>
    </p>
   </div>
   <div class='ocr_carea' id='block_1_41' title="bbox 380 3823 3643 3904">
    <p class='ocr_par' dir='ltr' id='par_1_41' title="bbox 380 3823 3643 3904">
     <span class='ocr_line' id='line_1_41' title="bbox 380 3823 3643 3904; baseline 0.002 -26"><span class='ocrx_word' id='word_1_517' title='bbox 380 3823 652 3879; x_wconf 77' lang='lat' dir='ltr'><strong>laudanda</strong></span> <span class='ocrx_word' id='word_1_518' title='bbox 680 3826 990 3880; x_wconf 88' lang='lat' dir='ltr'><strong>necessario</strong></span> <span class='ocrx_word' id='word_1_519' title='bbox 1030 3826 1340 3884; x_wconf 76' lang='lat' dir='ltr'><strong>exscribere</strong></span> <span class='ocrx_word' id='word_1_520' title='bbox 1367 3825 1619 3880; x_wconf 88' lang='lat' dir='ltr'><strong>debebat.</strong></span> <span class='ocrx_word' id='word_1_521' title='bbox 1649 3823 1892 3880; x_wconf 86' lang='lat' dir='ltr'><strong>Tandem</strong></span> <span class='ocrx_word' id='word_1_522' title='bbox 1927 3828 2014 3882; x_wconf 89' lang='lat' dir='ltr'><strong>vix</strong></span> <span class='ocrx_word' id='word_1_523' title='bbox 2063 3829 2208 3884; x_wconf 88' lang='lat' dir='ltr'><strong>credi</strong></span> <span class='ocrx_word' id='word_1_524' title='bbox 2269 3840 2448 3899; x_wconf 90' lang='lat' dir='ltr'><strong>potest</strong></span> <span class='ocrx_word' id='word_1_525' title='bbox 2498 3829 2752 3886; x_wconf 91' lang='lat' dir='ltr'><strong>Photium</strong></span> <span class='ocrx_word' id='word_1_526' title='bbox 2809 3832 2882 3885; x_wconf 85' lang='lat' dir='ltr'><strong>ita</strong></span> <span class='ocrx_word' id='word_1_527' title='bbox 2933 3831 3262 3904; x_wconf 78' lang='lat' dir='ltr'><strong>sibimetipsi</strong></span> <span class='ocrx_word' id='word_1_528' title='bbox 3305 3829 3546 3886; x_wconf 87' lang='lat' dir='ltr'><strong>illusisse</strong></span> <span class='ocrx_word' id='word_1_529' title='bbox 3581 3838 3643 3884; x_wconf 91' lang='lat' dir='ltr'><strong>ut</strong></span> 
     </span>
    </p>
   </div>
   <div class='ocr_carea' id='block_1_42' title="bbox 381 3911 3641 3984">
    <p class='ocr_par' dir='ltr' id='par_1_42' title="bbox 381 3911 3641 3984">
     <span class='ocr_line' id='line_1_42' title="bbox 381 3911 3641 3984; baseline 0.001 -18"><span class='ocrx_word' id='word_1_530' title='bbox 381 3921 626 3980; x_wconf 87' lang='lat' dir='ltr'><strong>speraret</strong></span> <span class='ocrx_word' id='word_1_531' title='bbox 652 3921 860 3966; x_wconf 88' lang='lat' dir='ltr'><strong>tantum</strong></span> <span class='ocrx_word' id='word_1_532' title='bbox 895 3913 1131 3983; x_wconf 86' lang='lat' dir='ltr'><strong>plaginm</strong></span> <span class='ocrx_word' id='word_1_533' title='bbox 1163 3924 1427 3980; x_wconf 90' lang='lat' dir='ltr'><strong>quantum</strong></span> <span class='ocrx_word' id='word_1_534' title='bbox 1474 3912 1528 3965; x_wconf 90' lang='lat' dir='ltr'><strong>in</strong></span> <span class='ocrx_word' id='word_1_535' title='bbox 1559 3913 1776 3981; x_wconf 90' lang='lat' dir='ltr'><strong>scriptis</strong></span> <span class='ocrx_word' id='word_1_536' title='bbox 1816 3911 2147 3971; x_wconf 89' lang='lat' dir='ltr'><strong>Theodoreti</strong></span> <span class='ocrx_word' id='word_1_537' title='bbox 2177 3919 2527 3974; x_wconf 91' lang='lat' dir='ltr'><strong>commisisse</strong></span> <span class='ocrx_word' id='word_1_538' title='bbox 2559 3927 2897 3984; x_wconf 88' lang='lat' dir='ltr'><strong>censeretur,</strong></span> <span class='ocrx_word' id='word_1_539' title='bbox 2941 3920 3035 3973; x_wconf 91' lang='lat' dir='ltr'><strong>diu</strong></span> <span class='ocrx_word' id='word_1_540' title='bbox 3068 3918 3260 3974; x_wconf 86' lang='lat' dir='ltr'><strong>doctos</strong></span> <span class='ocrx_word' id='word_1_541' title='bbox 3290 3918 3439 3972; x_wconf 88' lang='lat' dir='ltr'><strong>viros</strong></span> <span class='ocrx_word' id='word_1_542' title='bbox 3470 3917 3641 3971; x_wconf 84' lang='lat' dir='ltr'><strong>latere</strong></span> 
     </span>
    </p>
   </div>
   <div class='ocr_carea' id='block_1_43' title="bbox 379 3998 3637 4077">
    <p class='ocr_par' dir='ltr' id='par_1_43' title="bbox 379 3998 3637 4077">
     <span class='ocr_line' id='line_1_43' title="bbox 379 3998 3637 4077; baseline 0.001 -23"><span class='ocrx_word' id='word_1_543' title='bbox 379 4009 435 4054; x_wconf 87' lang='lat' dir='ltr'><strong>et</strong></span> <span class='ocrx_word' id='word_1_544' title='bbox 463 4001 687 4069; x_wconf 84' lang='lat' dir='ltr'><strong>impune</strong></span> <span class='ocrx_word' id='word_1_545' title='bbox 713 4000 1016 4070; x_wconf 86' lang='lat' dir='ltr'><strong>perpetrari</strong></span> <span class='ocrx_word' id='word_1_546' title='bbox 1068 3999 1334 4069; x_wconf 83' lang='lat' dir='ltr'><strong>potuisse.</strong></span> <span class='ocrx_word' id='word_1_547' title='bbox 1369 3998 1467 4054; x_wconf 83' lang='lat' dir='ltr'><strong>His</strong></span> <span class='ocrx_word' id='word_1_548' title='bbox 1499 3999 1668 4069; x_wconf 81' lang='lat' dir='ltr'><strong>igitur</strong></span> <span class='ocrx_word' id='word_1_549' title='bbox 1692 4000 1760 4054; x_wconf 90' lang='lat' dir='ltr'><strong>de</strong></span> <span class='ocrx_word' id='word_1_550' title='bbox 1791 4003 1976 4057; x_wconf 87' lang='lat' dir='ltr'><strong>causis</strong></span> <span class='ocrx_word' id='word_1_551' title='bbox 2003 4004 2230 4060; x_wconf 85' lang='lat' dir='ltr'><strong>Photius</strong></span> <span class='ocrx_word' id='word_1_552' title='bbox 2263 4005 2610 4076; x_wconf 89' lang='lat' dir='ltr'><strong>aliquatenus</strong></span> <span class='ocrx_word' id='word_1_553' title='bbox 2634 4022 2664 4060; x_wconf 92' lang='lat' dir='ltr'><strong>a</strong></span> <span class='ocrx_word' id='word_1_554' title='bbox 2691 4006 2871 4077; x_wconf 83' lang='lat' dir='ltr'><strong>plagio</strong></span> <span class='ocrx_word' id='word_1_555' title='bbox 2906 4007 3161 4062; x_wconf 77' lang='lat' dir='ltr'><strong>excusari</strong></span> <span class='ocrx_word' id='word_1_556' title='bbox 3204 4019 3370 4076; x_wconf 87' lang='lat' dir='ltr'><strong>posse</strong></span> <span class='ocrx_word' id='word_1_557' title='bbox 3398 4005 3637 4058; x_wconf 87' lang='lat' dir='ltr'><strong>videtur.</strong></span> 
     </span>
    </p>
   </div>
   <div class='ocr_carea' id='block_1_44' title="bbox 450 4085 2200 4157">
    <p class='ocr_par' dir='ltr' id='par_1_44' title="bbox 450 4085 2200 4157">
     <span class='ocr_line' id='line_1_44' title="bbox 450 4085 2200 4157; baseline 0.003 -18"><span class='ocrx_word' id='word_1_558' title='bbox 450 4085 516 4141; x_wconf 89' lang='lat' dir='ltr'><strong>Et</strong></span> <span class='ocrx_word' id='word_1_559' title='bbox 546 4089 660 4142; x_wconf 86' lang='lat' dir='ltr'><strong>haec</strong></span> <span class='ocrx_word' id='word_1_560' title='bbox 703 4089 768 4142; x_wconf 91' lang='lat' dir='ltr'><strong>de</strong></span> <span class='ocrx_word' id='word_1_561' title='bbox 798 4088 1196 4157; x_wconf 81' lang='lat' dir='ltr'><strong>quaestionibus</strong></span> <span class='ocrx_word' id='word_1_562' title='bbox 1226 4087 1345 4156; x_wconf 88' lang='lat' dir='ltr'><strong>ejus</strong></span> <span class='ocrx_word' id='word_1_563' title='bbox 1377 4087 1854 4157; x_wconf 89' lang='lat' dir='ltr'><strong>Amphilochianis</strong></span> <span class='ocrx_word' id='word_1_564' title='bbox 1894 4089 2038 4146; x_wconf 90' lang='lat' dir='ltr'><strong>dicta</strong></span> <span class='ocrx_word' id='word_1_565' title='bbox 2071 4093 2200 4147; x_wconf 90' lang='lat' dir='ltr'><strong>sint.</strong></span> 
     </span>
    </p>
   </div>
   <div class='ocr_carea' id='block_1_45' title="bbox 451 4163 3641 4249">
    <p class='ocr_par' dir='ltr' id='par_1_45' title="bbox 451 4163 3641 4249">
     <span class='ocr_line' id='line_1_45' title="bbox 451 4163 3641 4249; baseline 0 -21"><span class='ocrx_word' id='word_1_566' title='bbox 451 4173 654 4229; x_wconf 64' lang='lat' dir='ltr'><strong>Prteter</strong></span> <span class='ocrx_word' id='word_1_567' title='bbox 683 4175 804 4230; x_wconf 90' lang='lat' dir='ltr'><strong>illas</strong></span> <span class='ocrx_word' id='word_1_568' title='bbox 837 4177 1188 4244; x_wconf 69' lang='lat' dir='ltr'><strong>qua-stiones,</strong></span> <span class='ocrx_word' id='word_1_569' title='bbox 1228 4174 1481 4228; x_wconf 90' lang='lat' dir='ltr'><strong>volumen</strong></span> <span class='ocrx_word' id='word_1_570' title='bbox 1513 4167 1750 4244; x_wconf 77' lang='lat' dir='ltr'><strong>primum</strong></span> <span class='ocrx_word' id='word_1_571' title='bbox 1783 4192 2012 4247; x_wconf 89' lang='lat' dir='ltr'><strong>operum</strong></span> <span class='ocrx_word' id='word_1_572' title='bbox 2059 4176 2238 4231; x_wconf 88' lang='lat' dir='ltr'><strong>Photii</strong></span> <span class='ocrx_word' id='word_1_573' title='bbox 2279 4179 2526 4232; x_wconf 89' lang='lat' dir='ltr'><strong>continet</strong></span> <span class='ocrx_word' id='word_1_574' title='bbox 2543 4163 2857 4247; x_wconf 75' lang='lat' dir='ltr'><strong>fragmenta</strong></span> <span class='ocrx_word' id='word_1_575' title='bbox 2904 4177 3184 4249; x_wconf 73' lang='lat' dir='ltr'><strong>exegetica</strong></span> <span class='ocrx_word' id='word_1_576' title='bbox 3216 4176 3484 4246; x_wconf 82' lang='lat' dir='ltr'><strong>ejusdem,</strong></span> <span class='ocrx_word' id='word_1_577' title='bbox 3515 4189 3641 4244; x_wconf 68' lang='lat' dir='ltr'><strong>qua:</strong></span> 
     </span>
    </p>
   </div>
   <div class='ocr_carea' id='block_1_46' title="bbox 379 4261 3641 4335">
    <p class='ocr_par' dir='ltr' id='par_1_46' title="bbox 379 4261 3641 4335">
     <span class='ocr_line' id='line_1_46' title="bbox 379 4261 3641 4335; baseline -0.001 -16"><span class='ocrx_word' id='word_1_578' title='bbox 379 4282 445 4320; x_wconf 81' lang='lat' dir='ltr'><strong>cx</strong></span> <span class='ocrx_word' id='word_1_579' title='bbox 475 4265 687 4318; x_wconf 77' lang='lat' dir='ltr'><strong>Catenis</strong></span> <span class='ocrx_word' id='word_1_580' title='bbox 710 4261 938 4317; x_wconf 84' lang='lat' dir='ltr'><strong>Patrum</strong></span> <span class='ocrx_word' id='word_1_581' title='bbox 960 4264 1184 4318; x_wconf 90' lang='lat' dir='ltr'><strong>collecta</strong></span> <span class='ocrx_word' id='word_1_582' title='bbox 1207 4271 1356 4326; x_wconf 90' lang='lat' dir='ltr'><strong>sunt,</strong></span> <span class='ocrx_word' id='word_1_583' title='bbox 1389 4271 1442 4316; x_wconf 92' lang='lat' dir='ltr'><strong>et</strong></span> <span class='ocrx_word' id='word_1_584' title='bbox 1463 4263 1734 4333; x_wconf 71' lang='lat' dir='ltr'><strong>praecipue</strong></span> <span class='ocrx_word' id='word_1_585' title='bbox 1754 4264 1920 4318; x_wconf 89' lang='lat' dir='ltr'><strong>breve</strong></span> <span class='ocrx_word' id='word_1_586' title='bbox 1949 4263 2415 4320; x_wconf 87' lang='lat' dir='ltr'><strong>Commentarium</strong></span> <span class='ocrx_word' id='word_1_587' title='bbox 2444 4265 2502 4319; x_wconf 90' lang='lat' dir='ltr'><strong>in</strong></span> <span class='ocrx_word' id='word_1_588' title='bbox 2522 4274 2770 4320; x_wconf 88' lang='lat' dir='ltr'><strong>sanctum</strong></span> <span class='ocrx_word' id='word_1_589' title='bbox 2799 4265 3026 4331; x_wconf 86' lang='lat' dir='ltr'><strong>Lucam,</strong></span> <span class='ocrx_word' id='word_1_590' title='bbox 3061 4280 3224 4335; x_wconf 89' lang='lat' dir='ltr'><strong>quem</strong></span> <span class='ocrx_word' id='word_1_591' title='bbox 3251 4263 3402 4320; x_wconf 89' lang='lat' dir='ltr'><strong>card.</strong></span> <span class='ocrx_word' id='word_1_592' title='bbox 3437 4263 3502 4317; x_wconf 89' lang='lat' dir='ltr'><strong>A.</strong></span> <span class='ocrx_word' id='word_1_593' title='bbox 3533 4261 3641 4316; x_wconf 78' lang='lat' dir='ltr'><strong>Mai</strong></span> 
     </span>
    </p>
   </div>
   <div class='ocr_carea' id='block_1_47' title="bbox 385 4353 2994 4429">
    <p class='ocr_par' dir='ltr' id='par_1_47' title="bbox 385 4353 2994 4429">
     <span class='ocr_line' id='line_1_47' title="bbox 385 4353 2994 4429; baseline 0 -18"><span class='ocrx_word' id='word_1_594' title='bbox 385 4359 595 4429; x_wconf 87' lang='lat' dir='ltr'><strong>primus</strong></span> <span class='ocrx_word' id='word_1_595' title='bbox 639 4357 810 4412; x_wconf 87' lang='lat' dir='ltr'><strong>edidit</strong></span> <span class='ocrx_word' id='word_1_596' title='bbox 838 4357 893 4411; x_wconf 90' lang='lat' dir='ltr'><strong>in</strong></span> <span class='ocrx_word' id='word_1_597' title='bbox 927 4357 1105 4426; x_wconf 89' lang='lat' dir='ltr'><strong>prima</strong></span> <span class='ocrx_word' id='word_1_598' title='bbox 1137 4353 1376 4409; x_wconf 89' lang='lat' dir='ltr'><strong>editione</strong></span> <span class='ocrx_word' id='word_1_599' title='bbox 1401 4355 1562 4422; x_wconf 86' lang='lat' dir='ltr'><strong>primi</strong></span> <span class='ocrx_word' id='word_1_600' title='bbox 1615 4356 1914 4412; x_wconf 87' lang='lat' dir='ltr'><strong>voluminis</strong></span> <span class='ocrx_word' id='word_1_601' title='bbox 1939 4355 2300 4412; x_wconf 88' lang='lat' dir='ltr'><strong>Collectionis</strong></span> <span class='ocrx_word' id='word_1_602' title='bbox 2346 4357 2676 4426; x_wconf 88' lang='lat' dir='ltr'><strong>scriptorum</strong></span> <span class='ocrx_word' id='word_1_603' title='bbox 2726 4367 2994 4413; x_wconf 87' lang='lat' dir='ltr'><strong>veterum.</strong></span> 
     </span>
    </p>
   </div>
   <div class='ocr_carea' id='block_1_48' title="bbox 1348 4443 2681 4514">
    <p class='ocr_par' dir='ltr' id='par_1_48' title="bbox 1348 4443 2681 4514">
     <span class='ocr_line' id='line_1_48' title="bbox 1348 4443 2681 4514; baseline 0.003 -18"><span class='ocrx_word' id='word_1_604' title='bbox 1348 4443 1434 4496; x_wconf 82' lang='lat' dir='ltr'><strong>VI.</strong></span> <span class='ocrx_word' id='word_1_605' title='bbox 1458 4443 1624 4497; x_wconf 87' lang='lat' dir='ltr'><strong>—I)e</strong></span> <span class='ocrx_word' id='word_1_606' title='bbox 1660 4446 1888 4498; x_wconf 84' lang='lat' dir='ltr'><strong>secundo</strong></span> <span class='ocrx_word' id='word_1_607' title='bbox 1925 4445 2188 4498; x_wconf 79' lang='lat' dir='ltr'><strong>uolumine</strong></span> <span class='ocrx_word' id='word_1_608' title='bbox 2219 4445 2376 4514; x_wconf 77' lang='lat' dir='ltr'><strong>hujus</strong></span> <span class='ocrx_word' id='word_1_609' title='bbox 2411 4445 2681 4500; x_wconf 72' lang='lat' dir='ltr'><strong>editionis.</strong></span> 
     </span>
    </p>
   </div>
   <div class='ocr_carea' id='block_1_49' title="bbox 443 4530 3636 4602">
    <p class='ocr_par' dir='ltr' id='par_1_49' title="bbox 443 4530 3636 4602">
     <span class='ocr_line' id='line_1_49' title="bbox 443 4530 3636 4602; baseline -0.002 -14"><span class='ocrx_word' id='word_1_610' title='bbox 443 4531 758 4588; x_wconf 89' lang='lat' dir='ltr'><strong>Secundum</strong></span> <span class='ocrx_word' id='word_1_611' title='bbox 790 4533 1044 4591; x_wconf 85' lang='lat' dir='ltr'><strong>volumen</strong></span> <span class='ocrx_word' id='word_1_612' title='bbox 1078 4530 1240 4600; x_wconf 78' lang='lat' dir='ltr'><strong>hujus</strong></span> <span class='ocrx_word' id='word_1_613' title='bbox 1283 4530 1543 4586; x_wconf 88' lang='lat' dir='ltr'><strong>editionis</strong></span> <span class='ocrx_word' id='word_1_614' title='bbox 1573 4532 1816 4587; x_wconf 90' lang='lat' dir='ltr'><strong>continet</strong></span> <span class='ocrx_word' id='word_1_615' title='bbox 1841 4549 2006 4602; x_wconf 90' lang='lat' dir='ltr'><strong>opera</strong></span> <span class='ocrx_word' id='word_1_616' title='bbox 2036 4533 2371 4602; x_wconf 74' lang='lat' dir='ltr'><strong>dogmatica,</strong></span> <span class='ocrx_word' id='word_1_617' title='bbox 2405 4534 2730 4601; x_wconf 63' lang='lat' dir='ltr'><strong>paraenetica</strong></span> <span class='ocrx_word' id='word_1_618' title='bbox 2779 4541 2833 4587; x_wconf 91' lang='lat' dir='ltr'><strong>et</strong></span> <span class='ocrx_word' id='word_1_619' title='bbox 2869 4532 3127 4586; x_wconf 88' lang='lat' dir='ltr'><strong>historica</strong></span> <span class='ocrx_word' id='word_1_620' title='bbox 3173 4530 3373 4596; x_wconf 84' lang='lat' dir='ltr'><strong>Photii,</strong></span> <span class='ocrx_word' id='word_1_621' title='bbox 3413 4540 3636 4600; x_wconf 82' lang='lat' dir='ltr'><strong>excepta</strong></span> 
     </span>
    </p>
   </div>
   <div class='ocr_carea' id='block_1_50' title="bbox 380 4616 3640 4692">
    <p class='ocr_par' dir='ltr' id='par_1_50' title="bbox 380 4616 3640 4692">
     <span class='ocr_line' id='line_1_50' title="bbox 380 4616 3640 4692; baseline -0.001 -17"><span class='ocrx_word' id='word_1_622' title='bbox 380 4622 733 4684; x_wconf 80' lang='lat' dir='ltr'><strong>Biblimheca,</strong></span> <span class='ocrx_word' id='word_1_623' title='bbox 783 4620 834 4676; x_wconf 90' lang='lat' dir='ltr'><strong>id</strong></span> <span class='ocrx_word' id='word_1_624' title='bbox 869 4629 998 4680; x_wconf 62' lang='lat' dir='ltr'><strong>est;</strong></span> <span class='ocrx_word' id='word_1_625' title='bbox 1035 4620 1237 4675; x_wconf 81' lang='lat' dir='ltr'><strong>Contra</strong></span> <span class='ocrx_word' id='word_1_626' title='bbox 1281 4619 1605 4674; x_wconf 72' lang='lat' dir='ltr'><strong>Manio/neos</strong></span> <span class='ocrx_word' id='word_1_627' title='bbox 1636 4621 1804 4675; x_wconf 86' lang='lat' dir='ltr'><strong>libros</strong></span> <span class='ocrx_word' id='word_1_628' title='bbox 1838 4630 2098 4691; x_wconf 89' lang='lat' dir='ltr'><strong>quatuor,</strong></span> <span class='ocrx_word' id='word_1_629' title='bbox 2145 4630 2200 4676; x_wconf 85' lang='lat' dir='ltr'><strong>et</strong></span> <span class='ocrx_word' id='word_1_630' title='bbox 2250 4621 2451 4692; x_wconf 87' lang='lat' dir='ltr'><strong>librum</strong></span> <span class='ocrx_word' id='word_1_631' title='bbox 2479 4621 2556 4675; x_wconf 85' lang='lat' dir='ltr'><strong>De</strong></span> <span class='ocrx_word' id='word_1_632' title='bbox 2585 4619 2821 4687; x_wconf 83' lang='lat' dir='ltr'><strong>Spiritus</strong></span> <span class='ocrx_word' id='word_1_633' title='bbox 2865 4620 3040 4672; x_wconf 81' lang='lat' dir='ltr'><strong>sancti</strong></span> <span class='ocrx_word' id='word_1_634' title='bbox 3072 4616 3431 4688; x_wconf 79' lang='lat' dir='ltr'><strong>Mystagogia,</strong></span> <span class='ocrx_word' id='word_1_635' title='bbox 3459 4618 3640 4672; x_wconf 73' lang='lat' dir='ltr'><strong>licini-</strong></span> 
     </span>
    </p>
   </div>
   <div class='ocr_carea' id='block_1_51' title="bbox 379 4707 2170 4780">
    <p class='ocr_par' dir='ltr' id='par_1_51' title="bbox 379 4707 2170 4780">
     <span class='ocr_line' id='line_1_51' title="bbox 379 4707 2170 4780; baseline -0.001 -17"><span class='ocrx_word' id='word_1_636' title='bbox 379 4711 483 4764; x_wconf 88' lang='lat' dir='ltr'><strong>lias</strong></span> <span class='ocrx_word' id='word_1_637' title='bbox 508 4709 772 4777; x_wconf 89' lang='lat' dir='ltr'><strong>quinque,</strong></span> <span class='ocrx_word' id='word_1_638' title='bbox 807 4708 942 4762; x_wconf 84' lang='lat' dir='ltr'><strong>odas</strong></span> <span class='ocrx_word' id='word_1_639' title='bbox 987 4717 1118 4775; x_wconf 86' lang='lat' dir='ltr'><strong>tres,</strong></span> <span class='ocrx_word' id='word_1_640' title='bbox 1159 4719 1214 4763; x_wconf 88' lang='lat' dir='ltr'><strong>et</strong></span> <span class='ocrx_word' id='word_1_641' title='bbox 1265 4707 1634 4777; x_wconf 84' lang='lat' dir='ltr'><strong>Epistolarum</strong></span> <span class='ocrx_word' id='word_1_642' title='bbox 1669 4709 1838 4764; x_wconf 86' lang='lat' dir='ltr'><strong>libros</strong></span> <span class='ocrx_word' id='word_1_643' title='bbox 1881 4719 2013 4763; x_wconf 91' lang='lat' dir='ltr'><strong>tres.</strong></span> <span class='ocrx_word' id='word_1_644' title='bbox 2167 4777 2170 4780; x_wconf 18' lang='grc' dir='ltr'>ν</span> 
     </span>
    </p>
   </div>
   <div class='ocr_carea' id='block_1_52' title="bbox 457 4794 3530 4865">
    <p class='ocr_par' dir='ltr' id='par_1_52' title="bbox 457 4794 3530 4865">
     <span class='ocr_line' id='line_1_52' title="bbox 457 4794 3530 4865; baseline -0.001 -15"><span class='ocrx_word' id='word_1_645' title='bbox 457 4795 536 4850; x_wconf 88' lang='lat' dir='ltr'><strong>De</strong></span> <span class='ocrx_word' id='word_1_646' title='bbox 579 4804 818 4865; x_wconf 86' lang='lat' dir='ltr'><strong>quatuor</strong></span> <span class='ocrx_word' id='word_1_647' title='bbox 862 4795 1018 4849; x_wconf 87' lang='lat' dir='ltr'><strong>libris</strong></span> <span class='ocrx_word' id='word_1_648' title='bbox 1069 4805 1260 4849; x_wconf 86' lang='lat' dir='ltr'><strong>contra</strong></span> <span class='ocrx_word' id='word_1_649' title='bbox 1298 4795 1652 4861; x_wconf 70' lang='lat' dir='ltr'><strong>Manichacus,</strong></span> <span class='ocrx_word' id='word_1_650' title='bbox 1695 4813 1724 4850; x_wconf 91' lang='lat' dir='ltr'><strong>a</strong></span> <span class='ocrx_word' id='word_1_651' title='bbox 1756 4797 1957 4864; x_wconf 89' lang='lat' dir='ltr'><strong>quibus</strong></span> <span class='ocrx_word' id='word_1_652' title='bbox 1978 4795 2232 4850; x_wconf 90' lang='lat' dir='ltr'><strong>volumen</strong></span> <span class='ocrx_word' id='word_1_653' title='bbox 2263 4794 2497 4859; x_wconf 90' lang='lat' dir='ltr'><strong>orditur,</strong></span> <span class='ocrx_word' id='word_1_654' title='bbox 2541 4809 2854 4851; x_wconf 87' lang='lat' dir='ltr'><strong>sermonem</strong></span> <span class='ocrx_word' id='word_1_655' title='bbox 2895 4795 3130 4864; x_wconf 89' lang='lat' dir='ltr'><strong>primum</strong></span> <span class='ocrx_word' id='word_1_656' title='bbox 3159 4795 3530 4848; x_wconf 85' lang='lat' dir='ltr'><strong>instituemus.</strong></span> 
     </span>
    </p>
   </div>
   <div class='ocr_carea' id='block_1_53' title="bbox 449 4881 3636 4952">
    <p class='ocr_par' dir='ltr' id='par_1_53' title="bbox 449 4881 3636 4952">
     <span class='ocr_line' id='line_1_53' title="bbox 449 4881 3636 4952; baseline -0.001 -13"><span class='ocrx_word' id='word_1_657' title='bbox 449 4885 677 4940; x_wconf 85' lang='lat' dir='ltr'><strong>Constat</strong></span> <span class='ocrx_word' id='word_1_658' title='bbox 702 4883 999 4937; x_wconf 72' lang='lat' dir='ltr'><strong>Historiam</strong></span> <span class='ocrx_word' id='word_1_659' title='bbox 1037 4881 1456 4948; x_wconf 51' lang='lat' dir='ltr'><strong>Manio/tatarum</strong></span> <span class='ocrx_word' id='word_1_660' title='bbox 1480 4899 1576 4939; x_wconf 82' lang='lat' dir='ltr'><strong>seu</strong></span> <span class='ocrx_word' id='word_1_661' title='bbox 1616 4884 2078 4950; x_wconf 81' lang='lat' dir='ltr'><strong>Paulicianorum,</strong></span> <span class='ocrx_word' id='word_1_662' title='bbox 2119 4900 2241 4952; x_wconf 74' lang='lat' dir='ltr'><strong>quae</strong></span> <span class='ocrx_word' id='word_1_663' title='bbox 2290 4885 2345 4938; x_wconf 90' lang='lat' dir='ltr'><strong>in</strong></span> <span class='ocrx_word' id='word_1_664' title='bbox 2379 4883 2663 4939; x_wconf 88' lang='lat' dir='ltr'><strong>codicibus</strong></span> <span class='ocrx_word' id='word_1_665' title='bbox 2689 4898 2822 4936; x_wconf 88' lang='lat' dir='ltr'><strong>mss.</strong></span> <span class='ocrx_word' id='word_1_666' title='bbox 2862 4881 3023 4937; x_wconf 88' lang='lat' dir='ltr'><strong>Petro</strong></span> <span class='ocrx_word' id='word_1_667' title='bbox 3078 4881 3262 4938; x_wconf 90' lang='lat' dir='ltr'><strong>Siculo</strong></span> <span class='ocrx_word' id='word_1_668' title='bbox 3295 4883 3636 4945; x_wconf 87' lang='lat' dir='ltr'><strong>inscribitur,</strong></span> 
     </span>
    </p>
   </div>
   <div class='ocr_carea' id='block_1_54' title="bbox 377 4968 3637 5040">
    <p class='ocr_par' dir='ltr' id='par_1_54' title="bbox 377 4968 3637 5040">
     <span class='ocr_line' id='line_1_54' title="bbox 377 4968 3637 5040; baseline -0.002 -13"><span class='ocrx_word' id='word_1_669' title='bbox 377 4971 741 5028; x_wconf 75' lang='lat' dir='ltr'><strong>ctsubPetri.</strong></span> <span class='ocrx_word' id='word_1_670' title='bbox 775 4969 995 5030; x_wconf 82' lang='lat' dir='ltr'><strong>nomine</strong></span> <span class='ocrx_word' id='word_1_671' title='bbox 1042 4984 1072 5022; x_wconf 87' lang='lat' dir='ltr'><strong>a</strong></span> <span class='ocrx_word' id='word_1_672' title='bbox 1117 4970 1177 5024; x_wconf 88' lang='lat' dir='ltr'><strong>P.</strong></span> <span class='ocrx_word' id='word_1_673' title='bbox 1229 4968 1446 5024; x_wconf 80' lang='lat' dir='ltr'><strong>Radero</strong></span> <span class='ocrx_word' id='word_1_674' title='bbox 1470 4972 1614 5026; x_wconf 88' lang='lat' dir='ltr'><strong>edita</strong></span> <span class='ocrx_word' id='word_1_675' title='bbox 1655 4981 1757 5038; x_wconf 88' lang='lat' dir='ltr'><strong>est,</strong></span> <span class='ocrx_word' id='word_1_676' title='bbox 1800 4971 1915 5026; x_wconf 89' lang='lat' dir='ltr'><strong>fere</strong></span> <span class='ocrx_word' id='word_1_677' title='bbox 1934 4973 2018 5040; x_wconf 60' lang='lat' dir='ltr'><strong>{ad</strong></span> <span class='ocrx_word' id='word_1_678' title='bbox 2048 4972 2274 5026; x_wconf 89' lang='lat' dir='ltr'><strong>verbum</strong></span> <span class='ocrx_word' id='word_1_679' title='bbox 2321 4986 2629 5026; x_wconf 85' lang='lat' dir='ltr'><strong>consonare</strong></span> <span class='ocrx_word' id='word_1_680' title='bbox 2659 4986 2781 5024; x_wconf 89' lang='lat' dir='ltr'><strong>cum</strong></span> <span class='ocrx_word' id='word_1_681' title='bbox 2823 4971 2962 5025; x_wconf 84' lang='lat' dir='ltr'><strong>libro</strong></span> <span class='ocrx_word' id='word_1_682' title='bbox 2994 4971 3170 5040; x_wconf 90' lang='lat' dir='ltr'><strong>primo</strong></span> <span class='ocrx_word' id='word_1_683' title='bbox 3200 4985 3364 5039; x_wconf 87' lang='lat' dir='ltr'><strong>quem</strong></span> <span class='ocrx_word' id='word_1_684' title='bbox 3410 4969 3637 5022; x_wconf 86' lang='lat' dir='ltr'><strong>Photius</strong></span> 
     </span>
    </p>
   </div>
   <div class='ocr_carea' id='block_1_55' title="bbox 377 5053 3639 5128">
    <p class='ocr_par' dir='ltr' id='par_1_55' title="bbox 377 5053 3639 5128">
     <span class='ocr_line' id='line_1_55' title="bbox 377 5053 3639 5128; baseline -0.002 -13"><span class='ocrx_word' id='word_1_685' title='bbox 377 5057 921 5116; x_wconf 66' lang='lat' dir='ltr'><strong>contraManicbaaos</strong></span> <span class='ocrx_word' id='word_1_686' title='bbox 959 5057 1294 5112; x_wconf 82' lang='lat' dir='ltr'><strong>exaravit.ld</strong></span> <span class='ocrx_word' id='word_1_687' title='bbox 1323 5073 1449 5111; x_wconf 88' lang='lat' dir='ltr'><strong>cum</strong></span> <span class='ocrx_word' id='word_1_688' title='bbox 1484 5059 1830 5114; x_wconf 79' lang='lat' dir='ltr'><strong>observasset</strong></span> <span class='ocrx_word' id='word_1_689' title='bbox 1864 5059 2012 5114; x_wconf 87' lang='lat' dir='ltr'><strong>card.</strong></span> <span class='ocrx_word' id='word_1_690' title='bbox 2051 5059 2118 5112; x_wconf 82' lang='lat' dir='ltr'><strong>A.</strong></span> <span class='ocrx_word' id='word_1_691' title='bbox 2158 5058 2283 5124; x_wconf 86' lang='lat' dir='ltr'><strong>Mai,</strong></span> <span class='ocrx_word' id='word_1_692' title='bbox 2329 5059 2616 5128; x_wconf 88' lang='lat' dir='ltr'><strong>inquisivit</strong></span> <span class='ocrx_word' id='word_1_693' title='bbox 2661 5068 2842 5112; x_wconf 88' lang='lat' dir='ltr'><strong>utrum</strong></span> <span class='ocrx_word' id='word_1_694' title='bbox 2887 5057 3080 5114; x_wconf 76' lang='lat' dir='ltr'><strong>Petrus</strong></span> <span class='ocrx_word' id='word_1_695' title='bbox 3131 5059 3348 5122; x_wconf 87' lang='lat' dir='ltr'><strong>Siculus</strong></span> <span class='ocrx_word' id='word_1_696' title='bbox 3384 5053 3639 5111; x_wconf 87' lang='lat' dir='ltr'><strong>Photium</strong></span> 
     </span>
    </p>
   </div>
   <div class='ocr_carea' id='block_1_56' title="bbox 377 5133 3630 5216">
    <p class='ocr_par' dir='ltr' id='par_1_56' title="bbox 377 5133 3630 5216">
     <span class='ocr_line' id='line_1_56' title="bbox 377 5133 3630 5216; baseline -0.002 -13"><span class='ocrx_word' id='word_1_697' title='bbox 377 5147 748 5216; x_wconf 63' lang='lat' dir='ltr'><strong>exstat-inserit,</strong></span> <span class='ocrx_word' id='word_1_698' title='bbox 775 5146 856 5202; x_wconf 91' lang='lat' dir='ltr'><strong>vel</strong></span> <span class='ocrx_word' id='word_1_699' title='bbox 885 5160 916 5199; x_wconf 88' lang='lat' dir='ltr'><strong>e</strong></span> <span class='ocrx_word' id='word_1_700' title='bbox 948 5160 1215 5208; x_wconf 80' lang='lat' dir='ltr'><strong>converso</strong></span> <span class='ocrx_word' id='word_1_701' title='bbox 1240 5145 1467 5200; x_wconf 86' lang='lat' dir='ltr'><strong>Photius</strong></span> <span class='ocrx_word' id='word_1_702' title='bbox 1489 5145 1730 5208; x_wconf 82' lang='lat' dir='ltr'><strong>Petrum,</strong></span> <span class='ocrx_word' id='word_1_703' title='bbox 1766 5157 1820 5201; x_wconf 85' lang='lat' dir='ltr'><strong>et</strong></span> <span class='ocrx_word' id='word_1_704' title='bbox 1851 5146 2136 5202; x_wconf 81' lang='lat' dir='ltr'><strong>manifeste</strong></span> <span class='ocrx_word' id='word_1_705' title='bbox 2171 5147 2328 5201; x_wconf 86' lang='lat' dir='ltr'><strong>l‘etro</strong></span> <span class='ocrx_word' id='word_1_706' title='bbox 2365 5146 2529 5209; x_wconf 88' lang='lat' dir='ltr'><strong>favet,</strong></span> <span class='ocrx_word' id='word_1_707' title='bbox 2577 5133 2832 5201; x_wconf 86' lang='lat' dir='ltr'><strong>Photium</strong></span> <span class='ocrx_word' id='word_1_708' title='bbox 2860 5146 3021 5216; x_wconf 81' lang='lat' dir='ltr'><strong>plagii</strong></span> <span class='ocrx_word' id='word_1_709' title='bbox 3054 5145 3316 5199; x_wconf 89' lang='lat' dir='ltr'><strong>indirecte</strong></span> <span class='ocrx_word' id='word_1_710' title='bbox 3342 5161 3630 5208; x_wconf 76' lang='lat' dir='ltr'><strong>accusans.</strong></span> 
     </span>
    </p>
   </div>
   <div class='ocr_carea' id='block_1_57' title="bbox 456 5232 3618 5304">
    <p class='ocr_par' dir='ltr' id='par_1_57' title="bbox 456 5232 3618 5304">
     <span class='ocr_line' id='line_1_57' title="bbox 456 5232 3618 5304; baseline -0.002 -12"><span class='ocrx_word' id='word_1_711' title='bbox 456 5236 750 5292; x_wconf 82' lang='lat' dir='ltr'><strong>Sententiae</strong></span> <span class='ocrx_word' id='word_1_712' title='bbox 787 5235 938 5290; x_wconf 87' lang='lat' dir='ltr'><strong>card.</strong></span> <span class='ocrx_word' id='word_1_713' title='bbox 974 5234 1079 5288; x_wconf 73' lang='lat' dir='ltr'><strong>.llai</strong></span> <span class='ocrx_word' id='word_1_714' title='bbox 1119 5235 1387 5289; x_wconf 75' lang='lat' dir='ltr'><strong>adh-.ereo.</strong></span> <span class='ocrx_word' id='word_1_715' title='bbox 1418 5236 1487 5286; x_wconf 85' lang='lat' dir='ltr'><strong>At</strong></span> <span class='ocrx_word' id='word_1_716' title='bbox 1515 5246 1644 5304; x_wconf 87' lang='lat' dir='ltr'><strong>puto</strong></span> <span class='ocrx_word' id='word_1_717' title='bbox 1678 5237 2006 5303; x_wconf 73' lang='lat' dir='ltr'><strong>quaestiones</strong></span> <span class='ocrx_word' id='word_1_718' title='bbox 2036 5235 2290 5304; x_wconf 81' lang='lat' dir='ltr'><strong>restringi</strong></span> <span class='ocrx_word' id='word_1_719' title='bbox 2335 5236 2536 5290; x_wconf 88' lang='lat' dir='ltr'><strong>debere</strong></span> <span class='ocrx_word' id='word_1_720' title='bbox 2568 5237 2634 5288; x_wconf 81' lang='lat' dir='ltr'><strong>ad</strong></span> <span class='ocrx_word' id='word_1_721' title='bbox 2663 5237 2904 5303; x_wconf 89' lang='lat' dir='ltr'><strong>primum</strong></span> <span class='ocrx_word' id='word_1_722' title='bbox 2952 5235 3153 5288; x_wconf 88' lang='lat' dir='ltr'><strong>librum</strong></span> <span class='ocrx_word' id='word_1_723' title='bbox 3188 5232 3406 5299; x_wconf 88' lang='lat' dir='ltr'><strong>Photii;</strong></span> <span class='ocrx_word' id='word_1_724' title='bbox 3447 5233 3618 5288; x_wconf 85' lang='lat' dir='ltr'><strong>libro-</strong></span> 
     </span>
    </p>
   </div>
   <div class='ocr_carea' id='block_1_58' title="bbox 379 5322 3633 5400">
    <p class='ocr_par' dir='ltr' id='par_1_58' title="bbox 379 5322 3633 5400">
     <span class='ocr_line' id='line_1_58' title="bbox 379 5322 3633 5400; baseline 0 -21"><span class='ocrx_word' id='word_1_725' title='bbox 379 5339 500 5379; x_wconf 89' lang='lat' dir='ltr'><strong>rum</strong></span> <span class='ocrx_word' id='word_1_726' title='bbox 545 5325 690 5378; x_wconf 87' lang='lat' dir='ltr'><strong>enim</strong></span> <span class='ocrx_word' id='word_1_727' title='bbox 733 5325 983 5400; x_wconf 76' lang='lat' dir='ltr'><strong>secundi,</strong></span> <span class='ocrx_word' id='word_1_728' title='bbox 1015 5324 1154 5377; x_wconf 65' lang='lat' dir='ltr'><strong>tertii</strong></span> <span class='ocrx_word' id='word_1_729' title='bbox 1197 5332 1251 5377; x_wconf 89' lang='lat' dir='ltr'><strong>et</strong></span> <span class='ocrx_word' id='word_1_730' title='bbox 1288 5323 1466 5391; x_wconf 87' lang='lat' dir='ltr'><strong>quarti</strong></span> <span class='ocrx_word' id='word_1_731' title='bbox 1496 5322 1636 5391; x_wconf 88' lang='lat' dir='ltr'><strong>apud</strong></span> <span class='ocrx_word' id='word_1_732' title='bbox 1673 5322 1905 5376; x_wconf 88' lang='lat' dir='ltr'><strong>Petrum-</strong></span> <span class='ocrx_word' id='word_1_733' title='bbox 1931 5323 2176 5379; x_wconf 86' lang='lat' dir='ltr'><strong>Siculum</strong></span> <span class='ocrx_word' id='word_1_734' title='bbox 2219 5327 2425 5380; x_wconf 87' lang='lat' dir='ltr'><strong>nullum</strong></span> <span class='ocrx_word' id='word_1_735' title='bbox 2461 5329 2703 5382; x_wconf 89' lang='lat' dir='ltr'><strong>occurrit</strong></span> <span class='ocrx_word' id='word_1_736' title='bbox 2737 5329 3044 5397; x_wconf 83' lang='lat' dir='ltr'><strong>vestigium.</strong></span> <span class='ocrx_word' id='word_1_737' title='bbox 3079 5327 3134 5380; x_wconf 92' lang='lat' dir='ltr'><strong>Si</strong></span> <span class='ocrx_word' id='word_1_738' title='bbox 3171 5326 3418 5393; x_wconf 86' lang='lat' dir='ltr'><strong>Photius,</strong></span> <span class='ocrx_word' id='word_1_739' title='bbox 3462 5328 3514 5380; x_wconf 95' lang='lat' dir='ltr'><strong>in</strong></span> <span class='ocrx_word' id='word_1_740' title='bbox 3549 5326 3633 5380; x_wconf 91' lang='lat' dir='ltr'><strong>bis</strong></span> 
     </span>
    </p>
   </div>
   <div class='ocr_carea' id='block_1_59' title="bbox 375 5399 3633 5485">
    <p class='ocr_par' dir='ltr' id='par_1_59' title="bbox 375 5399 3633 5485">
     <span class='ocr_line' id='line_1_59' title="bbox 375 5399 3633 5485; baseline 0 -19"><span class='ocrx_word' id='word_1_741' title='bbox 375 5412 670 5467; x_wconf 70' lang='lat' dir='ltr'><strong>exarandis</strong></span> <span class='ocrx_word' id='word_1_742' title='bbox 694 5399 844 5466; x_wconf 83' lang='lat' dir='ltr'><strong>libris</strong></span> <span class='ocrx_word' id='word_1_743' title='bbox 878 5411 1198 5481; x_wconf 71' lang='lat' dir='ltr'><strong>plagiarium</strong></span> <span class='ocrx_word' id='word_1_744' title='bbox 1227 5411 1354 5480; x_wconf 74' lang='lat' dir='ltr'><strong>egit,</strong></span> <span class='ocrx_word' id='word_1_745' title='bbox 1379 5422 1528 5465; x_wconf 90' lang='lat' dir='ltr'><strong>certe</strong></span> <span class='ocrx_word' id='word_1_746' title='bbox 1559 5409 1722 5464; x_wconf 82' lang='lat' dir='ltr'><strong>Petro</strong></span> <span class='ocrx_word' id='word_1_747' title='bbox 1745 5410 1929 5464; x_wconf 87' lang='lat' dir='ltr'><strong>Siculo</strong></span> <span class='ocrx_word' id='word_1_748' title='bbox 1949 5410 2050 5466; x_wconf 88' lang='lat' dir='ltr'><strong>hac</strong></span> <span class='ocrx_word' id='word_1_749' title='bbox 2075 5414 2126 5467; x_wconf 91' lang='lat' dir='ltr'><strong>in</strong></span> <span class='ocrx_word' id='word_1_750' title='bbox 2158 5424 2307 5482; x_wconf 84' lang='lat' dir='ltr'><strong>parte</strong></span> <span class='ocrx_word' id='word_1_751' title='bbox 2326 5415 2460 5468; x_wconf 91' lang='lat' dir='ltr'><strong>nihil</strong></span> <span class='ocrx_word' id='word_1_752' title='bbox 2483 5415 2663 5481; x_wconf 87' lang='lat' dir='ltr'><strong>debet,</strong></span> <span class='ocrx_word' id='word_1_753' title='bbox 2692 5415 2786 5470; x_wconf 88' lang='lat' dir='ltr'><strong>sed</strong></span> <span class='ocrx_word' id='word_1_754' title='bbox 2811 5415 2963 5468; x_wconf 87' lang='lat' dir='ltr'><strong>alteri</strong></span> <span class='ocrx_word' id='word_1_755' title='bbox 3001 5415 3259 5485; x_wconf 81' lang='lat' dir='ltr'><strong>scriptori</strong></span> <span class='ocrx_word' id='word_1_756' title='bbox 3285 5415 3416 5470; x_wconf 88' lang='lat' dir='ltr'><strong>mihi</strong></span> <span class='ocrx_word' id='word_1_757' title='bbox 3449 5414 3633 5484; x_wconf 81' lang='lat' dir='ltr'><strong>ignoto</strong></span> 
     </span>
    </p>
   </div>
   <div class='ocr_carea' id='block_1_60' title="bbox 448 5537 3637 5615">
    <p class='ocr_par' dir='ltr' id='par_1_60' title="bbox 448 5537 3637 5615">
     <span class='ocr_line' id='line_1_60' title="bbox 448 5537 3637 5615; baseline -0.002 -14"><span class='ocrx_word' id='word_1_758' title='bbox 448 5549 511 5615; x_wconf 86' lang='lat' dir='ltr'><strong>(i)</strong></span> <span class='ocrx_word' id='word_1_759' title='bbox 532 5545 704 5600; x_wconf 87' lang='lat' dir='ltr'><strong>C‘otel.</strong></span> <span class='ocrx_word' id='word_1_760' title='bbox 725 5543 1068 5598; x_wconf 76' lang='lat' dir='ltr'><strong>Monumcnta</strong></span> <span class='ocrx_word' id='word_1_761' title='bbox 1095 5542 1296 5598; x_wconf 82' lang='lat' dir='ltr'><strong>Eccles.</strong></span> <span class='ocrx_word' id='word_1_762' title='bbox 1317 5543 1537 5608; x_wconf 52' lang='lat' dir='ltr'><strong>ercat,</strong></span> <span class='ocrx_word' id='word_1_763' title='bbox 1569 5553 1607 5596; x_wconf 85' lang='grc' dir='ltr'><strong>ι.</strong></span> <span class='ocrx_word' id='word_1_764' title='bbox 1627 5541 1718 5607; x_wconf 88' lang='lat' dir='ltr'><strong>Ill,</strong></span> <span class='ocrx_word' id='word_1_765' title='bbox 1739 5558 1791 5612; x_wconf 93' lang='lat' dir='ltr'><strong>p.</strong></span> <span class='ocrx_word' id='word_1_766' title='bbox 1818 5543 1942 5598; x_wconf 77' lang='grc'><strong>556.</strong></span> <span class='ocrx_word' id='word_1_767' title='bbox 2062 5541 2224 5615; x_wconf 83' lang='lat' dir='ltr'><strong>C.-B.</strong></span> <span class='ocrx_word' id='word_1_768' title='bbox 2274 5537 2634 5615; x_wconf 76' lang='lat' dir='ltr'><strong>Iiase,_Paris</strong></span> <span class='ocrx_word' id='word_1_769' title='bbox 2673 5540 2828 5615; x_wconf 74' lang='grc'><strong>1810.</strong></span> <span class='ocrx_word' id='word_1_770' title='bbox 2848 5571 2924 5615; x_wconf 89' lang='lat'><strong>_—</strong></span> <span class='ocrx_word' id='word_1_771' title='bbox 2948 5541 3138 5598; x_wconf 83' lang='lat' dir='ltr'><strong>Notice</strong></span> <span class='ocrx_word' id='word_1_772' title='bbox 3170 5542 3294 5614; x_wconf 79' lang='lat' dir='ltr'><strong>d’urt</strong></span> <span class='ocrx_word' id='word_1_773' title='bbox 3327 5558 3549 5615; x_wconf 63' lang='lat' dir='ltr'><strong>ortrrage</strong></span> <span class='ocrx_word' id='word_1_774' title='bbox 3573 5545 3637 5598; x_wconf 73' lang='lat' dir='ltr'><strong>de.</strong></span> 
     </span>
    </p>
   </div>
   <div class='ocr_carea' id='block_1_61' title="bbox 450 5609 3632 5688">
    <p class='ocr_par' dir='ltr' id='par_1_61' title="bbox 450 5609 3632 5688">
     <span class='ocr_line' id='line_1_61' title="bbox 450 5609 3632 5688; baseline -0.001 -20"><span class='ocrx_word' id='word_1_775' title='bbox 450 5609 514 5688; x_wconf 57' lang='grc' dir='ltr'><strong>(λ)</strong></span> <span class='ocrx_word' id='word_1_776' title='bbox 555 5616 1180 5688; x_wconf 33' lang='lat' dir='ltr'><strong>Recueildeuntemoircs</strong></span> <span class='ocrx_word' id='word_1_777' title='bbox 1212 5631 1304 5688; x_wconf 79' lang='lat' dir='ltr'><strong>sur</strong></span> <span class='ocrx_word' id='word_1_778' title='bbox 1339 5615 1615 5688; x_wconf 44' lang='lat' dir='ltr'><strong>different}:</strong></span> <span class='ocrx_word' id='word_1_779' title='bbox 1637 5609 1954 5668; x_wconf 74' lang='lat' dir='ltr'><strong>manuscrits</strong></span> <span class='ocrx_word' id='word_1_780' title='bbox 2063 5614 2373 5681; x_wconf 78' lang='lat' dir='ltr'><strong>l’empereur</strong></span> <span class='ocrx_word' id='word_1_781' title='bbox 2417 5609 2632 5688; x_wconf 58' lang='lat' dir='ltr'><strong>Marine!</strong></span> <span class='ocrx_word' id='word_1_782' title='bbox 2675 5612 3013 5688; x_wconf 73' lang='lat' dir='ltr'><strong>l’aléologue,</strong></span> <span class='ocrx_word' id='word_1_783' title='bbox 3042 5615 3256 5688; x_wconf 53' lang='lat' dir='ltr'><strong>int&#39;ilttltf</strong></span> <span class='ocrx_word' id='word_1_784' title='bbox 3337 5609 3632 5668; x_wconf 66' lang='lat' dir='ltr'><strong>Emi-etiam</strong></span> 
     </span>
    </p>
   </div>
   <div class='ocr_carea' id='block_1_62' title="bbox 379 5682 3318 5755">
    <p class='ocr_par' dir='ltr' id='par_1_62' title="bbox 379 5682 3318 5755">
     <span class='ocr_line' id='line_1_62' title="bbox 379 5682 3318 5755; baseline -0.003 -9"><span class='ocrx_word' id='word_1_785' title='bbox 379 5682 539 5746; x_wconf 72' lang='grc' dir='ltr'><strong>ϐιὲἑσ</strong></span> <span class='ocrx_word' id='word_1_786' title='bbox 574 5682 637 5742; x_wconf 75' lang='lat' dir='ltr'><strong>de</strong></span> <span class='ocrx_word' id='word_1_787' title='bbox 685 5687 738 5741; x_wconf 85' lang='lat' dir='ltr'><strong>la</strong></span> <span class='ocrx_word' id='word_1_788' title='bbox 779 5683 1122 5752; x_wconf 71' lang='lat' dir='ltr'><strong>bibliothéque</strong></span> <span class='ocrx_word' id='word_1_789' title='bbox 1161 5682 1433 5754; x_wconf 70' lang='lat' dir='ltr'><strong>imperiale</strong></span> <span class='ocrx_word' id='word_1_790' title='bbox 1467 5686 1525 5738; x_wconf 77' lang='lat' dir='ltr'><strong>de</strong></span> <span class='ocrx_word' id='word_1_791' title='bbox 1569 5682 1793 5746; x_wconf 65' lang='lat' dir='ltr'><strong>France,</strong></span> <span class='ocrx_word' id='word_1_792' title='bbox 1851 5700 1947 5755; x_wconf 82' lang='lat' dir='ltr'><strong>par</strong></span> <span class='ocrx_word' id='word_1_793' title='bbox 2059 5700 2178 5737; x_wconf 75' lang='lat' dir='ltr'><strong>avoc</strong></span> <span class='ocrx_word' id='word_1_794' title='bbox 2219 5701 2290 5736; x_wconf 82' lang='lat' dir='ltr'><strong>un</strong></span> <span class='ocrx_word' id='word_1_795' title='bbox 2327 5683 2626 5749; x_wconf 57' lang='lat' dir='ltr'><strong>prul&#39;esseur</strong></span> <span class='ocrx_word' id='word_1_796' title='bbox 2663 5685 3015 5750; x_wconf 70' lang='lat' dir='ltr'><strong>nmhome‘tan,</strong></span> <span class='ocrx_word' id='word_1_797' title='bbox 3071 5701 3191 5750; x_wconf 68' lang='lat' dir='ltr'><strong>pag.</strong></span> <span class='ocrx_word' id='word_1_798' title='bbox 3228 5684 3318 5738; x_wconf 67' lang='grc'><strong>5-4.</strong></span> 
     </span>
    </p>
   </div>
  </div>
