3912 6218
2736 251 2758 281 f

1365 368 1765 431 PR/EFATIO
1797 368 1877 428 IN
1912 364 2175 426 PHOTII
2210 363 2483 423 OPERA.

2097 364 2175 424 .‘II
2210 363 2483 423 OPERA.
3482 376 3560 417 vtt

360 492 514 558 Quod
562 489 628 542 ad
663 488 901 557 primum
934 484 1130 540 librum
1167 491 1361 539 contra
1401 484 1729 538 Manichasos
1757 487 1985 550 spectat,
2030 478 2209 532 sentio
2232 474 2488 529 Photium
2519 472 2881 543 exscripsisse
2904 472 3199 532 Historiam
3233 475 3563 534 Manichaeo-

303 596 416 635 rum
451 595 478 631 a
510 577 674 630 Petro
701 575 890 630 Siculo
916 570 1304 641 compositam;
1336 571 1498 641 idque
1540 572 1737 639 colligo
1785 583 1895 622 non
1924 582 1988 621 ex
2013 580 2080 621 eo
2104 573 2316 618 tantum
2351 562 2497 632 quod
2530 561 2725 617 Petrus
2754 561 2975 619 Siculus
3007 565 3203 619 Photio
3228 568 3418 621 senior
3455 578 3563 634 est,

303 667 564 736 siquidem
602 661 789 716 medio
821 660 1022 715 saeculo
1057 674 1110 712 Ix
1141 657 1345 719 floruit,
1376 666 1437 711 ut
1467 660 1677 712 notavit
1706 656 1999 726 Mongitore
2040 654 2139 723 (De
2161 652 2409 720 scriptor.
2442 648 2665 715 Siculis,
2700 660 2741 705 t.
2786 649 2858 716 li,
2894 666 2946 720 p.
2979 652 3102 721 158)
3127 670 3141 717 ;
3169 653 3297 707 dum
3333 653 3565 708 Photius

302 767 468 823 usque
518 751 587 805 ad
636 750 773 804 lines
801 747 1046 818 ejusdem
1083 746 1267 801 sreculi
1312 746 1568 803 ﬂoruisse
1587 747 1850 811 creditur,
1886 757 2080 812 nempe
2114 742 2181 796 ad
2244 755 2450 795 annum
2479 739 2580 795 891
2615 756 2630 805 ;
2663 740 2755 794 sed
2779 740 2945 793 etiam
2975 741 3102 809 quia
3140 740 3335 797 Petrus
3363 742 3417 796 in
3445 743 3564 812 ipsa

304 839 535 895 Historia
565 852 667 892 sua
698 843 891 890 narrat
920 847 982 889 se
1010 832 1334 888 relationem
1370 832 1517 887 illam
1562 832 1851 903 scripsisse
1897 838 2213 901 postquam,
2248 830 2396 883 circa
2440 826 2592 881 initia
2629 827 2779 897 regni
2814 826 3000 883 Basilii
3053 828 3401 898 imperatoris
3454 828 3563 885 CP.

301 930 350 981 in
371 926 633 979 Armenia
671 923 801 979 etin
825 923 962 977 urbe
989 919 1207 974 Tibrica
1235 936 1264 974 a
1299 919 1610 975 Manichaeis
1644 920 1929 985 aediﬁcata,
1960 921 2180 990 publica
2206 920 2481 989 legatione
2528 916 2756 972 functus
2804 918 3019 983 fuisset,
3046 928 3099 972 et
3132 918 3559 972 Manichaeorum

300 1016 549 1083 dogmata
576 1021 636 1068 et
666 1024 870 1075 mores,
900 1022 1141 1079 praesens
1169 1007 1471 1065 didicisset.
1499 1009 1614 1063 lmo
1652 1009 1718 1063 ad
1748 1008 2063 1078 episcOpum
2103 1007 2367 1076 Bulgaria:
2391 1008 2585 1063 scribit
2612 1023 2671 1063 se
2702 1007 2821 1076 ejus
2844 1006 3099 1075 precibus
3125 1015 3335 1059 motum
3369 1006 3562 1071 fuisse,

303 1114 357 1158 ut
392 1105 542 1160 illam
572 1102 862 1159 historiam
892 1108 1263 1168 componeret.
1291 1096 1505 1167 Ubique
1537 1096 1783 1167 loquitur
1810 1097 1978 1151 veluti
2020 1097 2273 1152 oculatus
2302 1097 2481 1162 testis,
2512 1107 2568 1152 et
2595 1097 2755 1167 quasi
2786 1112 2874 1151 res
2905 1104 3188 1150 enarratas
3219 1095 3333 1165 ipse
3357 1093 3565 1165 gessis~

303 1202 397 1247 set.
422 1190 602 1247 Totus
632 1190 798 1262 igitur
819 1195 1109 1243 contextus
1138 1185 1361 1241 Petrum
1396 1187 1643 1241 Siculum
1672 1186 1838 1240 veluti
1872 1185 1992 1239 libri
2028 1193 2307 1239 auctorem
2337 1185 2582 1239 exhibet.

370 1276 446 1331 Ea
474 1285 664 1332 autem
690 1289 814 1345 quae
840 1286 1031 1328 verum
1056 1280 1337 1326 auctorem
1367 1272 1655 1342 designant
1684 1272 1887 1326 omittit
1911 1270 2180 1339 Photius;
2215 1281 2411 1328 caetera
2442 1272 2556 1328 fere
2583 1272 2650 1327 ad
2683 1272 2911 1327 verbum
2942 1270 3273 1326 transcribit
3304 1287 3319 1337 ;
3357 1283 3466 1339 qua
3497 1266 3566 1324 de

304 1378 464 1420 causa
496 1379 528 1418 a
550 1363 735 1433 plagio
763 1362 852 1415 vix
883 1360 1136 1415 excusari
1167 1368 1365 1430 potest.

370 1472 478 1526 Pro
501 1472 628 1541 jure
655 1469 801 1524 Petri
834 1467 1005 1523 Siculi
1034 1467 1243 1523 faciunt
1275 1468 1435 1522 etiam
1466 1477 1575 1521 tres
1601 1483 1884 1522 sermones
1916 1480 2104 1524 contra
2147 1470 2519 1533 Paulicianos,
2557 1485 2695 1539 quos
2721 1471 2870 1525 card.
2892 1471 2957 1525 Α.
3015 1469 3119 1524 Mai
3152 1470 3362 1541 primus
3399 1470 3570 1526 edidit

305 1564 357 1617 in
383 1570 535 1616 tomo
561 1558 631 1613 IV
670 1558 835 1616 Nova:
870 1558 1211 1612 Bibliotheca?
1236 1557 1507 1622 Patrum;
1550 1558 1626 1612 illi
1673 1560 1817 1612 enim
1850 1574 2135 1614 sermones
2189 1560 2431 1614 historiae
2460 1559 2900 1614 Paulicianorum
2935 1559 3114 1628 aliqua
3151 1561 3363 1615 ratione
3391 1563 3570 1614 coita:-

311 1659 448 1714 rent,
472 1660 529 1703 et
554 1648 747 1703 eodem
784 1646 1060 1702 scribendi
1088 1661 1285 1716 genere
1311 1646 1561 1711 elucent;
1585 1646 1685 1701 etsi
1712 1648 1890 1715 quoad
1933 1648 2145 1715 copiam
2176 1647 2435 1701 doctrina:
2470 1656 2525 1703 et
2553 1649 2662 1701 vim
2704 1648 2975 1702 ratiocinii
3024 1647 3249 1701 minime
3280 1648 3565 1717 conspicui

307 1737 618 1791 videantur.
647 1734 790 1789 Sane
818 1734 1217 1803 aliquantulum
1261 1732 1384 1802 plus
1421 1733 1571 1788 nervi
1610 1743 1665 1786 et
1704 1733 1909 1803 vigoris
1954 1734 2184 1788 habetur
2217 1735 2270 1788 in
2302 1735 2457 1790 libris
2482 1750 2540 1799 ιι,
2581 1735 2641 1788 itt
2667 1743 2721 1788 et
2752 1750 2804 1787 tv
2856 1732 3056 1799 Photii,
3096 1750 3261 1803 quam
3299 1736 3353 1789 in
3384 1736 3566 1791 tribus

311 1824 661 1880 sermonibus
692 1821 839 1877 Petri
886 1822 1090 1888 Siculi;
1124 1836 1439 1892 quanquam
1480 1837 1577 1876 nec
1628 1821 1749 1876 libri
1778 1821 1957 1877 Photii
1999 1823 2329 1892 :eqniparari
2376 1824 2589 1893 possint
2640 1823 2795 1876 libris
2844 1837 2983 1891 quos
3014 1832 3203 1876 contra
3235 1822 3573 1877 Manichaaos

309 1914 438 1966 olim
467 1911 761 1966 ediderunt
787 1910 1114 1975 Archelaus,
1152 1908 1436 1980 Didymus,
1469 1909 1776 1966 Alexander
1794 1908 2223 1981 Lycopolitanus
2248 1921 2301 1967 et
2332 1920 2556 1968 sanctus
2582 1912 2942 1982 Augustinus.
2976 1912 3236 1965 Attamen
3276 1911 3427 1966 omni
3446 1926 3576 1982 pre-

310 2000 383 2053 tio
404 2012 514 2052 non
547 2006 677 2053 sunt
698 1997 965 2062 destituti,
999 1998 1303 2066 praesertim
1334 1994 1461 2065 quia
1491 2005 1690 2052 statum
1718 2000 2107 2053 controversiae
2136 2000 2227 2053 illa
2260 2008 2418 2053 relate
2449 2000 2664 2067 agitatae
2691 1998 2998 2053 declarant.

379 2084 607 2141 Librum
636 2087 873 2157 primum
903 2086 1083 2142 Photii
1112 2086 1225 2156 jam
1258 2085 1467 2155 pridem
1500 2084 1901 2140 Graece-Latine
1933 2085 2178 2141 ediderat
2201 2085 2262 2141 Ι).
2318 2085 2393 2140 De
2424 2085 2775 2141 Montfaueou
2810 2087 2865 2140 in
2898 2085 3223 2140 Bibliotheca
3248 2100 3349 2140 sua
3372 2083 3577 2139 Coisli-

310 2175 495 2227 niana.
529 2174 594 2229 D.
627 2173 888 2241 Wolﬁus,
921 2175 1014 2245 qui
1043 2184 1278 2245 quatuor
1309 2173 1478 2228 libros
1499 2172 1663 2227 simul
1695 2173 1864 2228 edidit
1896 2174 1953 2226 in
1975 2176 2088 2229 suis
2126 2175 2428 2241 Anecdotis,
2461 2175 2874 2229 translationem
2904 2173 3153 2228 Latinam
3185 2172 3576 2229 Montfauconii

311 2277 431 2329 quas
470 2260 649 2319 facilis
678 2275 732 2319 et
757 2264 975 2334 elegans
1004 2269 1087 2317 est
1119 2262 1415 2332 adoptavit.
1442 2260 1642 2316 Tribus
1670 2262 1896 2331 reliquis
1920 2262 2075 2318 libris
2106 2264 2359 2333 apposuit
2406 2263 2817 2319 translationem
2858 2262 3149 2318 obscuram
3172 2269 3225 2317 et
3251 2276 3393 2333 saepe
3425 2261 3581 2315 intri-

312 2360 489 2405 catam
522 2361 577 2407 et
605 2353 949 2422 impeditam.

381 2441 559 2497 Tanta
590 2442 897 2497 eruditione
917 2443 984 2497 de
1015 2442 1152 2497 libro
1173 2442 1348 2497 Photii
1380 2440 1729 2510 qui‘Spiritus
1753 2440 1923 2493 sancti
1945 2438 2278 2508 Mystagogia
2308 2438 2644 2503 inscribitur,
2675 2437 2896 2492 disserit
2927 2436 2989 2491 D.
3041 2435 3465 2506 Hergcnrmtber
3484 2433 3581 2506 qui

314 2544 450 2599 opus
480 2530 587 2584 hoc
620 2529 834 2599 primus
862 2544 1009 2584 anno
1042 2528 1177 2585 1857
1202 2544 1267 2584 ex
1290 2528 1572 2584 codicibus
1594 2542 1726 2582 mss.
1762 2526 1814 2581 in
1846 2527 2119 2597 publicam
2153 2529 2328 2583 lucem
2358 2527 2605 2597 protulit,
2629 2539 2687 2581 ut
2713 2526 2780 2580 de
2810 2542 2875 2581 co
2908 2527 3081 2582 multa
3126 2527 3396 2582 disserere
3418 2525 3583 2597 plane

314 2631 783 2688 supervacaneum
811 2618 901 2672 sit.

378 2706 634 2760 Attamen
677 2721 855 2775 operte
902 2704 1137 2774 pretium
1168 2706 1272 2759 erit
1302 2713 1357 2761 et
1430 2704 1518 2759 hic
1556 2718 1985 2759 commemorare
2011 2704 2367 2775 quaestionem
2407 2720 2571 2774 quam
2622 2704 2975 2762 doctissimus
3028 2705 3203 2760 editor
3253 2700 3583 2771 sibimetipsi

316 2792 624 2861 proposuit,
653 2807 720 2848 ne
760 2792 978 2862 piorum
1012 2801 1223 2847 mentes
1256 2792 1483 2846 nimium
1511 2801 1874 2861 praeoccupct.
1906 2790 2141 2861 inquirit
2188 2809 2381 2863 nempe
2431 2804 2613 2847 utrum
2648 2796 2751 2849 sibi
2786 2795 3022 2859 licuerit,
3073 2806 3262 2853 necne,
3316 2790 3369 2843 in
3400 2789 3580 2844 lucem

319 2878 564 2948 proferre
612 2880 811 2935 librum
860 2881 953 2950 qui
1001 2891 1193 2936 contra
1242 2882 1439 2949 dogma
1497 2880 1623 2934 fidei
1648 2888 1703 2933 et
1735 2880 2039 2934 doctrinam
2066 2879 2327 2935 Ecclesia:
2360 2881 2635 2950 dirigitur,
2667 2891 2721 2937 et
2749 2880 3073 2934 allirmative
3109 2877 3427 2947 respondet,
3465 2884 3582 2929 tum

318 2966 448 3035 quia
487 2976 809 3035 argumenta
842 2967 1023 3022 Photii
1066 2967 1306 3034 infirma,
1343 2966 1601 3020 omnibus
1628 2975 1782 3029 nota,
1814 2975 1868 3021 ct
1910 2967 2115 3035 pluries
2140 2968 2373 3022 contrita
2404 2978 2551 3031 sunt,
2584 2979 2697 3023 tum
2726 2970 2855 3039 quia
2883 2985 2949 3023 ex
2973 2967 3204 3021 lectione
3246 2964 3435 3033 scripti
3469 2964 3585 3017 ori-

319 3052 538 3124 ginalis,
581 3054 809 3108 historia
854 3054 1240 3110 controversia:
1290 3055 1463 3109 multo
1488 3054 1705 3110 facilius
1745 3054 2005 3108 elucidari
2044 3064 2239 3123 potest.
2278 3053 2334 3109 id
2375 3055 2571 3109 merito
2604 3056 2893 3111 asscritur.
2925 3054 3189 3107 Praeterea
3239 3051 3295 3105 in
3324 3049 3580 3105 editionis

319 3155 432 3198 sure
469 3128 1078 3210 defensionem'profert
1108 3142 1416 3210 exemplum
1440 3146 1590 3196 card.
1620 3141 1686 3194 A.
1727 3140 1851 3205 Mai,
1918 3142 2007 3210 qui
2035 3142 2234 3211 scripta
2281 3141 2556 3213 Origenis,
2610 3143 2818 3215 Didymi
2849 3184 2864 3208 ,
2911 3140 3184 3196 Theodori
3216 3134 3585 3209 Mopsuesteni

320 3234 374 3283 et
402 3228 636 3283 aliorum
679 3228 1063 3283 haereticorum
1104 3243 1135 3284 e
1174 3229 1398 3284 latebris
1430 3229 1681 3284 codicum
1720 3228 1774 3282 in
1818 3230 2087 3298 publicum
2128 3231 2306 3286 lucem
2337 3233 2502 3286 traxit
2537 3232 2656 3286 sine
2682 3231 2988 3302 dispendio,
3014 3230 3125 3283 imo
3155 3244 3280 3283 cum
3330 3226 3583 3297 profectu

321 3315 591 3372 veritatis.
627 3316 692 3369 Et
720 3330 853 3371 sane
881 3332 949 3371 ex
976 3316 1259 3372 erroribus
1284 3316 1545 3372 obsoletis
1578 3317 1703 3387 quis
1736 3317 2122 3373 detrimentum
2156 3322 2414 3389 caperet?
2447 3320 2582 3388 Quis
2611 3322 2787 3391 decipi
2816 3318 3041 3392 posset?
3073 3317 3216 3385 Quis
3247 3334 3357 3373 non
3388 3316 3585 3372 trium-

324 3402 492 3472 phum
525 3402 773 3459 veritatis
805 3403 1099 3473 agnoscit?

390 3488 573 3559 Viget,
616 3490 868 3561 equidem
901 3490 1095 3555 fateor,
1138 3492 1404 3547 hactenus
1430 3492 1564 3547 falsa
1593 3493 1778 3562 epinio
1805 3493 2013 3558 Photii;
2048 3494 2141 3547 sed
2192 3498 2526 3565 argumentis
2560 3512 2591 3553 a
2626 3496 2819 3551 Photio
2843 3495 3070 3566 prolatis
3102 3493 3211 3565 jam
3244 3492 3338 3547 diu
3364 3489 3583 3546 defendi

326 3577 554 3633 minime
576 3586 773 3647 potest,
807 3586 909 3633 nec
929 3594 1116 3633 revera
1142 3577 1477 3635 defenditur.
1514 3579 1903 3635 Controversia
1926 3580 2072 3633 enim
2096 3596 2125 3634 a
2157 3581 2350 3637 Photio
2381 3586 2622 3638 excitata
2658 3593 2770 3639 tota
2796 3583 3123 3638 versabatur
3154 3582 3207 3635 in
3240 3578 3583 3651 argumentis

327 3680 447 3734 qua'
467 3679 533 3719 ex
554 3665 770 3719 ratione
806 3666 1110 3737 theologica
1131 3665 1547 3736 depromuntur,
1566 3666 1935 3737 proponcndis
1958 3679 2010 3722 et
2027 3671 2330 3739 agitandis;
2363 3674 2475 3727 haec
2500 3681 2682 3726 autem
2705 3670 3019 3740 disputandi
3038 3670 3194 3733 ratio,
3222 3677 3586 3738 praeterquam

326 3752 468 3822 quod
499 3751 555 3806 in
586 3755 886 3809 scrutando
912 3753 1175 3823 mysterio
1202 3753 1303 3809 SS.
1328 3755 1611 3810 Trinitatis
1651 3756 1950 3810 vanissima
1983 3767 2087 3821 est,
2117 3767 2228 3812 tota
2255 3766 2310 3813 et
2336 3760 2543 3833 integra
2577 3759 2916 3815 subvertitur
2973 3766 3027 3813 et
3052 3757 3304 3812 obruitur
3349 3755 3588 3809 auctori-

325 3848 436 3895 tate
486 3842 987 3897 vetustissimorum
1036 3840 1261 3897 Patrum
1286 3845 1401 3913 qui,
1429 3843 1524 3897 diu
1560 3852 1685 3899 ante
1711 3844 1894 3899 Photii
1922 3853 2190 3915 tempora,
2221 3847 2584 3915 quaestionem
2611 3848 2678 3903 de
2707 3847 3061 3917 proccssione
3091 3845 3329 3914 Spiritus
3358 3842 3530 3898 sancti
3554 3856 3586 3897 a

326 3928 489 3983 Patre
520 3935 575 3985 et
600 3944 632 3983 a
664 3924 827 3993 Filio,
878 3943 974 3984 seu
1002 3944 1033 3984 a
1058 3928 1220 3985 Patre
1274 3944 1367 4000 per
1415 3930 1638 3999 Filium,
1675 3931 1821 4001 quod
1865 3931 2007 3985 idem
2050 3942 2154 3998 est,
2186 3950 2294 3989 non
2326 3945 2537 3991 tantum
2567 3938 2862 4007 agitarunt,
2898 3935 2993 3992 sed
3019 3934 3292 4005 expressis
3325 3934 3507 3991 verbis
3533 3934 3587 3988 in

332 4030 561 4070 sensum
602 4013 861 4071 Ecclesiae
907 4017 1262 4073 occidentalis
1311 4018 1661 4073 deﬁnierunt.
1698 4019 1770 4074 Ut
1795 4019 1862 4073 de
1898 4018 2000 4073 SS.
2030 4020 2285 4080 Patribus
2320 4023 2532 4081 Latinis
2586 4036 2893 4089 taceamus,
2938 4040 3172 4094 quorum
3208 4026 3587 4079 auctoritatem

326 4102 749 4171 praetermittere
768 4116 880 4157 non
903 4111 1134 4173 possunt
1156 4104 1481 4171 Orientales,
1518 4114 1671 4161 certo
1700 4107 1904 4162 certius
1934 4116 2021 4163 est
2050 4119 2300 4165 sanctum
2328 4110 2715 4179 Athanasium,
2745 4120 2994 4167 sanctum
3019 4110 3306 4177 Basilium,
3337 4117 3590 4165 sanctum

328 4190 657 4262 Gregorium
682 4190 1011 4263 Nyssenum,
1038 4203 1289 4249 sanctum
1321 4194 1687 4265 Epiphanium
1710 4202 1764 4250 et
1788 4203 2036 4252 sanctum
2066 4196 2331 4268 Cyrillum
2363 4198 2816 4273 Alexandrinum,
2845 4199 2900 4252 in
2928 4209 3273 4255 antecessum
3298 4198 3593 4254 damnasse

328 4282 651 4352 opinionem
692 4296 723 4336 a
756 4282 961 4339 Graacis
983 4292 1379 4354 propugnatam
1409 4285 1476 4339 dc
1510 4286 1865 4355 proccssione
1892 4283 2131 4355 Spiritus
2158 4285 2330 4341 sancti
2355 4302 2385 4340 a
2416 4286 2536 4341 solo
2571 4284 2753 4340 Patre.
3232 4300 3239 4307 '

403 4393 635 4460 Quando
685 4402 931 4450 veterum
954 4394 1282 4464 scriptorum
1329 4395 1664 4462 testimonia,
1690 4382 1890 4451 ΡΙιοιίὀ
1913 4396 2097 4464 ignota
2124 4405 2219 4450 aut
2240 4396 2309 4450 ab
2353 4397 2475 4467 ipso
2510 4396 2703 4451 callide
2729 4395 3075 4453 dissimulata
3100 4435 3115 4461 ,
3146 4394 3201 4449 in
3226 4395 3593 4450 controversia

328 4481 574 4551 primum
614 4482 825 4551 prolata
857 4482 1102 4547 fuerunt,
1130 4484 1515 4539 intellexerunt
1537 4484 1853 4539 schismatis
1875 4484 2455 4553 patroni,argumenta
2478 4483 2658 4538 Photii
2690 4500 2818 4539 vere
2864 4484 3009 4539 lutea
3037 4492 3091 4538 et
3118 4484 3413 4538 straminea
3449 4498 3594 4549 esse,

329 4578 387 4624 et
418 4570 489 4624 ad
519 4580 875 4625 monumenta
908 4571 1217 4627 traditionis
1243 4571 1346 4627 sibi
1368 4571 1762 4626 recurrendum
1799 4586 1945 4635 esse,
1970 4585 2082 4640 quo
2116 4572 2501 4626 auctoritatem
2518 4580 2763 4626 veterum
2805 4572 2911 4627 sibi
2956 4571 3365 4626 adversantium
3411 4569 3592 4625 elude-

331 4667 473 4712 rent.
496 4656 653 4723 Quod
684 4673 807 4713 cum
845 4659 980 4729 ipsis
1021 4676 1120 4730 pro
1168 4659 1310 4714 votis
1350 4675 1461 4713 non
1499 4661 1735 4721 cederet,
1778 4658 2093 4714 testimonia
2115 4674 2147 4714 a
2178 4660 2466 4715 catholicis
2497 4660 2721 4715 laudata
2757 4676 2789 4715 e
2821 4660 3107 4716 codicibus
3132 4660 3336 4730 passim
3366 4660 3594 4714 eradere

332 4754 642 4815 cmperunt,
674 4755 733 4799 ut
780 4746 1156 4802 controversia
1206 4748 1271 4801 dc
1308 4747 1664 4816 proccssione
1695 4744 1933 4815 Spiritus
1986 4748 2164 4803 sancti
2209 4748 2264 4802 in
2309 4753 2747 4806 controversiam
2788 4751 2857 4806 de
2902 4749 3318 4806 authenticitate
3346 4748 3596 4804 codicum

332 4840 662 4886 verteretur.
701 4831 809 4888 Sed
844 4834 972 4903 quia
1006 4848 1199 4889 omnes
1229 4833 1449 4889 codices
1475 4848 1827 4903 corrumpere
1858 4848 1969 4888 non
2010 4846 2327 4905 potuerunt,
2365 4854 2468 4894 nec
2498 4840 2681 4895 omnia
2727 4849 2973 4894 veterum
3025 4838 3251 4893 Patrum
3284 4837 3597 4893 testimonia

334 4921 441 4975 sibi
490 4922 768 4976 contraria
800 4923 1044 4989 eradere,
1100 4934 1422 4994 argumenta
1462 4938 1494 4978 a
1518 4924 1806 4979 catholicis
1849 4924 2059 4994 prolata
2108 4925 2373 4981 invictum
2415 4928 2659 4999 vigorem
2690 4928 3062 4992 retinuerunt,
3098 4936 3154 4982 et
3193 4926 3455 4995 iniquitas
3481 4925 3598 4981 visa

336 5017 423 5063 est.
453 5010 780 5081 sibimetipsi
805 5012 1045 5068 mentiri.
1075 5011 1185 5066 Has
1218 5012 1629 5067 vicissitudines
1651 5013 1767 5083 jam
1808 5012 2055 5068 subierat
2102 5016 2482 5071 controversia
2515 5018 2696 5071 medio
2725 5017 2927 5073 satculo
2958 5034 3079 5083 xui,
3115 5026 3168 5072 ut
3206 5017 3397 5071 videre
3422 5023 3509 5070 est
3542 5014 3596 5069 in

337 5097 562 5164 scriptis
606 5097 912 5153 doctissimi
970 5106 1025 5153 et
1072 5099 1414 5153 celeberrimi
1467 5096 1655 5163 Vecci,
1702 5100 2028 5169 patriarchae
2083 5100 2705 5174 Constantinopolitani,
2736 5106 2829 5175 qui
2860 5122 2959 5176 pro
2998 5106 3207 5161 unione
3227 5103 3596 5162 ecclesiarum

339 5198 502 5253 quam
535 5186 685 5239 cordi
717 5185 974 5251 habebat,
1006 5186 1177 5241 multa
1207 5186 1467 5258 praeclare
1494 5186 1714 5255 scripsit
1744 5184 1841 5257 (It),
1870 5202 1969 5243 nec
2007 5203 2207 5258 parvas
2230 5191 2571 5247 calamitates
2594 5202 2648 5247 et
2676 5193 3085 5263 persecutiones
3107 5206 3301 5262 passus
3331 5204 3437 5248 est.

409 5277 712 5345 Postquam
753 5274 999 5331 fautores
1022 5276 1340 5333 schismatis
1368 5292 1546 5347 neque
1593 5278 1870 5346 corruptis
1908 5278 2196 5336 codicibus
2228 5280 2462 5337 feliciter
2486 5281 2600 5351 jam
2639 5298 2884 5352 pugnare
2909 5292 3156 5353 possent,
3192 5283 3261 5337 ad
3290 5282 3599 5338 incredibi-

342 5366 422 5419 les
453 5364 786 5419 subtilitates
821 5373 877 5420 et
906 5365 1187 5421 inauditas
1233 5366 1701 5435 aequivocationes
1748 5365 2134 5435 confugerunt,
2170 5384 2409 5441 quarum
2434 5372 2737 5440 praecipuas
2784 5372 2921 5441 ipsis
2948 5370 3597 5442 suppeditavitGeorgius

344 5451 599 5521 Cyprius,
639 5463 767 5521 post
816 5450 1054 5507 Veccum
1091 5452 1405 5522 patriarcha
1440 5453 2115 5523 Constantinopolitanus,
2165 5467 2221 5512 et
2248 5458 2494 5528 ejusdem
2532 5456 2692 5513 Vecci
2732 5460 3046 5528 pracipuos
3090 5459 3460 5513 adversarius.
3498 5455 3597 5512 Ser

347 5556 525 5612 neque
558 5544 673 5598 haec
703 5553 1025 5613 argumenta
1052 5543 1232 5598 virum
1264 5558 1296 5598 a
1342 5543 1525 5600 studio
1576 5542 1815 5614 partium
1856 5543 2097 5603 alienum
2132 5561 2354 5603 movere
2403 5561 2644 5615 unquam
2685 5555 2939 5615 poterunt
2981 5566 2993 5600 :
3025 5562 3156 5615 ergo
3193 5545 3368 5601 multo
3421 5546 3596 5601 mium

347 5639 665 5702 argumenta
697 5631 902 5686 Photii.

417 5766 487 5837 (k)
509 5767 787 5838 Praecipua
819 5766 938 5836 ejus
969 5766 1165 5836 scripta
1190 5765 1405 5836 collegit
1438 5764 1669 5821 Allatius
1702 5767 1757 5824 in
1793 5766 1813 5817 Ι
1855 5775 1909 5822 et
1934 5764 1977 5819 ll
2014 5779 2127 5820 sua:
2158 5764 2371 5821 Graecia:
2401 5760 2706 5815 orthodoxa:
2740 5768 2910 5821 tomo,
2944 5757 3129 5811 Romae
3158 5757 3315 5811 1656.
