3912 6218
309 349 403 390 ""1
1429 341 1828 405 PREFATIO

1429 341 1828 405 PREFATIO
1857 343 1942 405 IN
1968 343 2234 406 PHOTII
2270 343 2543 406 OPERA.

380 455 716 522 Argumenta
737 451 920 509 Photii
943 467 1048 526 pro
1069 455 1423 525 processione
1455 456 1695 527 Spiritus
1720 457 1898 514 sancti
1924 473 1956 513 a
1975 459 2096 515 solo
2133 456 2314 523 Patre,
2338 473 2463 528 quae
2500 455 2712 515 Veccus
2733 457 2934 516 refellit
2955 459 3040 531 (1)⁹
3074 459 3346 516 habentur
3378 461 3468 517 hic
3496 467 3564 521 ad

306 543 506 598 calcem
548 542 670 598 libri
697 542 1067 614 Myslagogiaz,
1093 544 1189 600 sed
1224 545 1333 599 alio
1354 546 1546 601 ordine
1569 546 1944 616 proferuntur.
1975 545 2056 601 Ex
2084 545 2418 617 Mystagogia
2451 546 2706 616 decerpta
2726 546 3005 610 videntur,
3036 556 3091 603 et
3116 548 3174 602 in
3203 549 3395 606 multis
3428 565 3566 606 con-

305 640 505 684 sonant
532 632 874 702 argumentis
900 647 1023 702 quae
1067 631 1300 690 Photius
1349 633 1418 690 ad
1462 635 1718 690 tuendam
1749 634 1996 690 eamdem
2026 648 2254 689 causam
2276 620 2481 692 evolvit
2502 631 2561 688 in
2592 633 2827 704 epistola
2850 635 2953 690 sua
2984 633 3056 688 ad
3083 633 3566 704 archiepiscopum

306 719 518 772 thronos
551 736 643 788 per
676 719 966 784 Orientem,
999 736 1120 789 quae
1146 737 1296 777 nunc
1330 734 1467 776 XIIII
1486 732 1572 778 est
1595 723 1659 793 (t.
1687 721 1754 787 ll,
1793 721 1900 777 col.
1934 721 2082 790 721).

373 807 558 861 Altera
590 824 716 876 pars
765 818 1195 877 argumentorum
1219 825 1345 880 qua:
1372 811 1574 865 Pbotio
1609 810 1945 873 tribuuntur,
1978 809 2154 864 serius
2179 823 2246 863 ex
2275 807 2523 878 ejusdem
2568 808 2831 878 operibus
2860 810 3148 881 desumpta
3173 818 3279 878 est,
3321 819 3564 882 tempore

306 896 516 951 scilicet
552 896 727 951 Alexii
771 896 1064 964 Comneni,
1097 898 1192 968 qui
1238 913 1385 953 anno
1418 897 1556 954 1116
1587 897 1856 963 ﬂorebat;
1907 911 2032 951 nam
2074 895 2160 950 his
2190 896 2373 951 verbis
2404 896 2578 951 series
2601 895 2691 950 illa
2723 903 3176 967 argumentorum
3209 898 3515 954 absolvitur
3545 919 3560 953 :

311 1004 328 1034 ι
369 983 537 1054 ldque
563 1000 631 1038 ex
661 986 921 1040 acumine
955 985 1350 1054 sapientissimi
1376 986 1727 1055 imperatoris
1759 985 1936 1039 Alexii
1965 983 2230 1038 Comneni
2267 983 2476 1054 prodiit
2503 998 2523 1037 :
2559 983 2666 1038 hac
2698 986 2850 1040 enim
2883 986 3266 1056 propositione
3291 1003 3431 1045 usus
3470 996 3559 1044 est

303 1088 430 1126 cum
453 1083 644 1127 contra
690 1072 1148 1128 Mediolancnsem
1183 1075 1504 1144 episcopum
1536 1074 1844 1143 disputaret
1870 1073 1983 1144 (hic
2013 1080 2054 1128 t.
2087 1071 2150 1140 ll,
2181 1073 2287 1129 col.
2318 1073 2471 1141 399).
2510 1091 2531 1126 ι

374 1157 648 1214 Hactenus
677 1160 745 1214 de
769 1160 1029 1229 operibus
1057 1161 1234 1215 Photii
1269 1161 1614 1229 dogmaticis.

372 1245 550 1316 Opera
577 1247 696 1314 ejus
726 1248 1049 1315 paraenetica
1100 1248 1317 1303 edimus
1368 1263 1492 1318 quae
1521 1247 1634 1317 jam
1670 1245 1902 1317 pridem,
1933 1247 2073 1318 typis
2112 1247 2370 1312 mandata
2404 1247 2644 1306 fuerunt.
2678 1246 2952 1306 Nonnulla
2975 1248 3156 1304 adhuc
3185 1247 3241 1302 in
3267 1247 3558 1304 codicibus

303 1334 692 1403 manuscriptis
726 1335 893 1388 latere
925 1335 1198 1390 novimus.
1228 1335 1348 1399 Quo
1375 1342 1558 1390 autem
1601 1350 1700 1403 pro
1733 1334 1942 1390 viribus
1969 1336 2188 1392 utilitati
2215 1337 2462 1393 virorum
2495 1339 2787 1394 doctorum
2813 1339 3202 1402 inserviamus,
3227 1337 3558 1407 pretulimus

302 1423 600 1478 Elenchum
630 1421 988 1478 llomiliarum
1015 1423 1196 1477 Pbotii
1226 1439 1348 1493 quae
1380 1423 1434 1477 in
1467 1423 1748 1478 codicibus
1768 1424 2212 1493 Mosquensibus,
2252 1434 2390 1480 teste
2414 1425 2769 1494 Combeﬁsio,
2797 1437 3084 1482 servantur
3104 1424 3224 1496 (ηε).
3257 1424 3555 1479 Elenchum

303 1513 451 1564 illum
470 1510 801 1566 conferendo
816 1526 940 1564 cum
959 1509 1140 1565 Iudice
1156 1511 1320 1580 hujus
1335 1510 1629 1566 voluminis
1644 1508 1707 1575 ll,
1726 1511 1924 1565 videbit
1938 1513 2319 1585 unusquisque
2333 1526 2467 1585 quot
2492 1516 2734 1572 humilia:
2757 1515 2940 1571 Photii
2959 1515 3138 1570 adhuc
3155 1514 3558 1568 desiderentur.

369 1599 621 1654 llomiliae
657 1599 856 1665 Photii,
896 1599 1001 1653 etsi
1043 1599 1111 1654 ad
1152 1600 1258 1652 vim
1310 1611 1363 1654 et
1389 1599 1714 1669 elegantiam
1749 1599 2104 1653 homiliarum
2144 1607 2391 1652 veterum
2441 1597 2670 1653 Patrum
2718 1599 2942 1654 minime
2990 1597 3325 1668 pertingant,
3371 1606 3555 1649 tamen

299 1685 448 1738 oumi
486 1684 680 1737 merito
707 1698 816 1737 non
847 1683 1239 1747 destituuntur,
1272 1686 1367 1739 sed
1395 1685 1518 1754 jure
1569 1684 1767 1738 merito
1813 1683 2140 1752 aequiparari
2177 1694 2404 1751 possunt
2433 1685 2656 1755 scriptis
2698 1686 3033 1756 optimorum
3075 1692 3360 1737 auctorum
3411 1682 3559 1736 illius

296 1773 493 1832 aetatis,
532 1786 618 1824 ex.
652 1787 734 1840 gr.
772 1770 992 1840 Georgii
1017 1770 1475 1837 Nicomediensis,
1521 1771 1727 1827 Niceten
1769 1765 2133 1842 Paphlagonis
2155 1776 2206 1821 et
2240 1765 2441 1824 Leonis
2486 1767 2784 1840 Sapientis.
2832 1767 3085 1822 Aliorum
3144 1776 3327 1822 autem
3355 1767 3558 1836 scripta

297 1857 455 1926 longe
487 1863 768 1925 superant.

369 1943 444 1997 Ex
475 1944 630 1998 libris
668 1944 830 2013 ligata
856 1945 1106 1998 oratione
1131 1954 1186 1997 et
1219 1955 1394 1998 metro
1419 1942 1640 2014 scriptis
1692 1941 1868 1997 Photii
1901 1940 2193 1996 admodum
2256 1955 2431 2010 pauca
2463 1949 2757 2010 supersunt
2784 1957 2799 2006 ;
2832 1953 2935 1993 nec
2964 1949 3172 1994 certum
3200 1936 3557 1995 estPhotium

295 2037 495 2088 multos
523 2033 830 2100 scripsisse.
886 2031 1032 2086 Odas
1076 2046 1273 2085 novem
1314 2033 1589 2087 exstitisse
1635 2033 1689 2086 in
1725 2031 1852 2086 cod.
1894 2044 1998 2083 ms.
2061 2028 2287 2099 Collegit
2343 2027 2760 2083 Claromoutani
2806 2027 2986 2084 Paris.
3038 2027 3163 2084 Soc.
3209 2027 3362 2094 .lcsu,
3397 2028 3560 2084 tradit

293 2121 474 2174 Oudin
512 2122 574 2190 (t.
615 2117 676 2183 ll,
715 2119 823 2174 col.
855 2119 1004 2190 20(5).
1038 2119 1372 2190 Collegimus
1401 2121 1587 2175 omnia
1616 2135 1738 2189 quae
1763 2119 1876 2188 jam
1902 2117 2071 2173 semel
2108 2117 2250 2188 typis
2291 2116 2552 2170 mandata
2579 2127 2728 2171 sunt.

364 2211 404 2261 Α
446 2225 554 2277 quo
585 2208 972 2262 consdtuimus
1019 2207 1360 2273 Qmestiones
1395 2207 1882 2276 Amphilochianas
1949 2207 2110 2260 edere
2136 2205 2559 2274 juxtaordinem
2606 2220 2768 2273 quem
2798 2204 3020 2260 exhibet
3043 2205 3214 2259 codex
3267 2203 3558 2262 Vaticanus

295 2295 454 2362 1923,
488 2296 623 2350 ordo
646 2297 1003 2367 epistolarum
1028 2312 1057 2349 a
1090 2295 1449 2360 Mnutacutio,
1497 2296 1568 2349 ob
1605 2295 1988 2350 auctoritatem
2029 2293 2115 2348 sui
2144 2292 2374 2355 codicis,
2419 2291 2715 2345 admodum
2749 2293 2970 2356 veteris,
3002 2301 3280 2358 servatus,
3331 2310 3362 2348 a
3398 2295 3559 2350 nobis

293 2385 501 2438 servari
529 2400 636 2437 non
661 2384 861 2452 potuit,
895 2399 960 2438 eo
994 2385 1140 2454 quod
1180 2385 1465 2454 sexaginta
1485 2393 1582 2437 aut.
1609 2383 1829 2438 circiter
1858 2382 2127 2452 epistolas,
2155 2380 2323 2435 veluti
2350 2379 2696 2446 Qumstiones
2719 2380 3213 2449 Amphilochiauae,
3250 2382 3556 2451 iuglaudato

291 2471 481 2526 eudice
515 2468 781 2526 Vaticano
807 2471 1150 2526 inseruntur.
1183 2471 1394 2525 Novum
1429 2471 1616 2541 itaque
1643 2470 1891 2525 ordinem
1912 2468 2317 2538 adoptavimus,
2343 2476 2513 2522 totam
2542 2469 2741 2523 seriem
2775 2469 3130 2538 epistolarum
3153 2471 3206 2524 in
3240 2481 3350 2526 tres
3385 2471 3555 2527 libros

291 2556 620 2620 dividentes,
650 2573 886 2627 quorum
920 2558 1130 2626 primus
1158 2558 1420 2628 epistolas
1444 2560 1510 2612 ad
1545 2557 1853 2612 Romanum
1880 2558 2215 2627 pontificem,
2239 2555 2306 2610 ad
2347 2557 2716 2627 patriarchas,
2751 2557 2817 2611 ad
2850 2559 3315 2628 archiepiscopos,
3349 2560 3418 2612 ad
3446 2560 3552 2614 im-

293 2655 572 2713 peratores
594 2654 649 2699 et
672 2645 738 2700 ad
770 2646 1080 2714 principes;
1119 2646 1418 2708 secundus,
1455 2645 1715 2714 epistolas
1747 2645 1815 2698 ad
1841 2646 2152 2714 episcopos,
2174 2644 2427 2708 clericos,
2454 2645 2758 2700 monachos
2787 2655 2842 2698 et
2872 2646 3166 2711 moniales;
3207 2648 3401 2702 tertius
3432 2657 3557 2702 tan-

292 2740 416 2792 dem
443 2737 708 2803 epistolas
733 2735 798 2790 ad
821 2737 1012 2802 laicus,
1049 2735 1332 2802 ofﬁciales,
1356 2746 1410 2791 et
1447 2737 1808 2807 magistratus
1841 2737 2134 2792 saeculares
2153 2737 2559 2805 complectitur.
2590 2737 2666 2790 Ex
2702 2736 2885 2792 lndice
2922 2749 3104 2792 autem
3141 2740 3193 2794 in
3229 2757 3340 2809 quin
3379 2759 3558 2799 novus

291 2826 424 2878 ordo
450 2840 576 2879 cum
608 2827 781 2879 veteri
817 2835 1172 2893 comparatur
1199 2864 1215 2889 ,
1251 2825 1408 2879 facile
1439 2825 1544 2879 erit
1599 2824 1898 2895 unicuique
1931 2824 1987 2879 in
2019 2834 2208 2880 nostra
2236 2824 2479 2880 editione
2508 2825 2751 2896 reperire
2793 2827 3058 2896 epistolas
3079 2841 3203 2897 quae
3231 2827 3386 2898 juxta
3412 2832 3560 2886 ordi-

296 2929 420 2970 nem
445 2924 684 2969 veterem
722 2913 923 2967 alicubi
958 2912 1274 2966 laudantur.
3286 2919 3294 2926 '

361 2999 564 3056 Omnes
611 3002 876 3070 epistolas
921 3000 1102 3055 Photii
1135 3001 1402 3055 hactenus
1447 3000 1589 3072 typis
1633 2998 1963 3054 commissas
1987 2999 2226 3064 edimus,
2269 3009 2465 3070 praeter
2508 3016 2674 3054 unam
2717 3001 2785 3055 ad
2820 3003 3160 3071 patriarchas
3183 3001 3484 3062 Orientales
3502 3017 3556 3062 ct

288 3089 667 3144 OEconomunt
700 3091 1103 3144 Antiocltenum
1132 3106 1252 3158 qum
1284 3089 1477 3158 incipit
1512 3106 1527 3143 :
1560 3087 1833 3156 Msyio‘rwi

2014 3086 2235 3152 ἄνωθεν,
2263 3102 2386 3158 qua:
2411 3087 2578 3142 semel
2609 3088 2752 3142 edita
2775 3099 2860 3143 est
2892 3105 2921 3143 a
2957 3088 3215 3146 Dositheo
3253 3091 3308 3146 in
3341 3095 3559 3148 rarissi-

291 3192 382 3229 mo
409 3176 686 3230 v01umittc
709 3178 854 3245 quod
881 3175 1204 3230 inscribitur
1240 3192 1254 3227 :
1289 3176 1470 3246 Τόμος
1512 3176 1706 3246 χαρᾶς,
1741 3184 1797 3231 et
1831 3175 1998 3231 nullis
2042 3175 2328 3247 expensis,
2373 3175 2519 3228 nulla
2575 3177 2821 3246 praestita
2853 3176 3135 3248 diligentia
3181 3179 3432 3236 obtinere
3467 3186 3552 3237 vel

287 3263 563 3331 inspicere
598 3262 900 3330 potuimus.
1319 3275 1330 3292 '

361 3349 548 3404 Finem
575 3349 818 3419 epistotae
844 3350 881 3403 2
906 3349 973 3406 ad
1007 3348 1291 3405 Nicolaum
1321 3347 1364 3414 1,
1388 3364 1553 3419 quem
1582 3347 1758 3405 Graeci
1801 3356 2204 3412 resecaverant,
2235 3348 2363 3418 quia
2395 3350 2780 3404 auctoritatem
2806 3362 3009 3407 sanctae
3036 3353 3186 3411 sedis
3235 3356 3552 3426 apostolica:

290 3454 604 3510 supremam
635 3439 852 3501 asserit,
893 3439 1055 3495 nobis
1081 3438 1451 3509 suppeditavit
1478 3439 1630 3494 card.
1663 3438 1771 3494 Mai
1795 3439 1850 3493 in
1882 3435 2038 3493 Nova
2062 3436 2317 3492 Biblioth.
2352 3434 2600 3492 Patrum.
2637 3449 2677 3493 t.
2711 3437 2802 3495 ιν.
2828 3439 3272 3501 Translationem
3293 3443 3549 3502 Latinam

291 3528 559 3598 integram
597 3540 628 3581 a
663 3524 902 3581 Baronio
937 3526 1274 3596 accepimus.
1307 3514 1313 3520 ’

1127 3612 1237 3669 VII.
1262 3642 1332 3652 —
1355 3613 1434 3668 De
1463 3613 1619 3667 tertio
1641 3621 1691 3668 et
1716 3621 1907 3684 quarto
1936 3613 2202 3668 volumine
2226 3613 2388 3684 hujus
2414 3615 2694 3670 editionis.

359 3701 506 3758 lnter
547 3717 711 3773 opera
743 3701 1007 3759 historica
1045 3702 1228 3758 Pbotii
1253 3702 1630 3758 recensuimus
1674 3701 2060 3755 Bibliothecam
2095 3702 2237 3770 ejus,
2283 3701 2412 3773 quia
2465 3703 2534 3758 ad
2573 3695 2857 3759 hisioriam
2893 3704 3243 3775 litterariam,
3285 3718 3345 3766 ut
3373 3711 3550 3778 aiunt,

291 3790 542 3859 pertinet.
567 3789 716 3860 Opus
741 3791 949 3861 grande
979 3798 1032 3846 et
1057 3790 1334 3846 eruditum
1388 3805 1456 3845 ex
1487 3790 1710 3859 optimis
1757 3789 2090 3844 editionibus
2137 3790 2228 3844 hic
2278 3790 2600 3859 repetimus.
2648 3789 2881 3846 Tcxtum
2935 3794 3187 3850 Graecum
3231 3813 3262 3852 a
3307 3798 3552 3855 Bekkero

293 3880 647 3933 «intertdatum
681 3888 736 3934 et
764 3877 1003 3933 Berolini
1029 3893 1175 3934 anno
1199 3878 1339 3932 1824
1370 3878 1699 3948 impressum
1759 3877 2120 3944 obtinuimus,
2158 3879 2246 3933 cui
2290 3877 2702 3934 translationem
2733 3879 2986 3936 Latinam
3015 3885 3145 3939 Ant.
3205 3885 3432 3941 Scbotto
3462 3903 3552 3941 as-

290 3967 571 4037 scriptam,
599 3967 704 4022 etsi
742 3967 916 4038 ipsius
944 3981 1049 4023 non
1083 3968 1172 4033 sit,
1209 3966 1545 4032 addidimus,
1577 3968 1703 4037 quia
1742 3966 2022 4020 meliorem
2052 3980 2227 4036 neque
2256 3966 2528 4021 conﬁcere
2576 3981 2757 4036 neque
2795 3972 3038 4040 reperire
3079 3975 3379 4042 potuimus.
3405 3973 3552 4029 Tex-

289 4065 403 4109 tum
432 4067 614 4111 autem
641 4056 912 4127 integrum
943 4058 1161 4124 damus,
1201 4057 1305 4112 etsi
1338 4066 1594 4127 excerpta
1625 4054 1889 4109 nonnulla
1916 4064 2157 4108 veterum
2191 4063 2478 4110 auctorum
2506 4053 2641 4136 suis
2679 4056 2814 4112 locis
2840 4057 2952 4127 jam
2991 4073 3023 4113 a
3073 4060 3230 4116 nobis
3281 4062 3552 4132 impressa

292 4145 514 4200 fuerint.
557 4145 674 4202 Non
708 4146 938 4202 decebat
961 4147 1135 4212 enim,
1171 4147 1242 4201 ob
1294 4146 1489 4203 breves
1519 4155 1574 4202 et
1600 4151 1829 4216 {paucas
1864 4143 2236 4215 repetitiones,
2275 4157 2415 4213 opus
2450 4143 2599 4212 .tanti
2649 4147 2915 4202 momenti
2953 4147 3226 4216 scindere,
3282 4165 3338 4205 et
3384 4155 3544 4221 quasi

291 4232 674 4302 imperfectum
701 4234 877 4290 doctis
902 4234 1038 4290 viris
1069 4233 1286 4289 oﬂ‘erre.

361 4319 554 4376 Utrum
582 4321 914 4376 Bibliotheca
955 4320 1158 4390 Photii,
1193 4322 1375 4394 qualis
1426 4336 1577 4377 nunc
1608 4320 1863 4386 habetur,
1905 4327 2013 4373 tota
2051 4317 2299 4372 aPhotio
2359 4317 2480 4388 ipso
2529 4319 2731 4388 scripta
2759 4322 2868 4376 sit?
2917 4339 2985 4378 an
3040 4323 3207 4380 fuerit
3257 4327 3546 4396 posteriori

284 4423 444 4468 aelate
473 4413 817 4483 interpolata,
855 4425 914 4469 ut
965 4415 1299 4485 suspicatur,
1343 4417 1398 4469 in
1443 4416 1593 4471 notis
1652 4415 1768 4470 suis
1803 4413 1870 4468 ad
1901 4413 2125 4468 Suidam
2169 4411 2460 4477 Kusterus,
2495 4413 2638 4482 apud
2663 4411 2712 4467 J.
2741 4417 2810 4470 A.
2847 4416 3180 4487 Fabricium,
3201 4419 3342 4475 Bibl.
3374 4420 3546 4481 σταῖς.

284 4503 372 4558 ed.
409 4503 620 4556 H‘arles.
647 4511 688 4556 t.
715 4501 784 4567 Χ,
813 4518 865 4573 p.
901 4503 1046 4558 680?
1087 4519 1195 4558 non
1237 4515 1323 4560 est
1359 4505 1522 4575 hujus
1555 4505 1656 4560 loci
1694 4503 1990 4573 inquirere.
2632 4549 2639 4555 .

351 4590 492 4658 Quia
521 4589 847 4645 Bibliotheca
868 4590 1045 4646 antii
1070 4593 1232 4648 unius
1257 4593 1550 4650 voluminis
1581 4593 1758 4664 spatio
1783 4588 2050 4647 contineri
2081 4604 2188 4644 non
2215 4588 2412 4659 potuit,
2450 4591 2711 4663 majorem
2731 4590 2973 4661 ejusdem
2999 4601 3231 4664 partem,
3252 4597 3306 4650 in
3331 4613 3437 4667 qua
3451 4614 3548 4654 co-

282 4680 388 4734 dex
434 4679 649 4749 primus
683 4686 737 4732 et
781 4691 1071 4749 sequentes
1097 4681 1164 4736 ad
1190 4681 1625 4738 ducentesimum
1667 4679 2148 4752 quadragesimum
2194 4695 2398 4733 nonum
2447 4691 2821 4746 recensentur,
2875 4685 3035 4737 tertio
3077 4685 3242 4754 hujus
3289 4687 3548 4745 editionis

284 4768 563 4821 volumine
593 4766 1025 4837 descripsimus;
1066 4769 1293 4822 alteram
1329 4785 1459 4824 vero
1490 4779 1720 4838 partem,
1752 4771 1804 4822 lu
1837 4782 1944 4837 qua
1971 4765 2143 4822 codex
2192 4766 2600 4823 ducentesimus
2631 4771 3118 4842 quinquagesimus
3159 4784 3213 4828 et
3239 4774 3548 4842 [sequentes

287 4871 464 4926 usque
493 4855 560 4909 ad
587 4855 749 4909 linem
772 4856 955 4927 operis
990 4865 1372 4923 recensentur,
1417 4857 1576 4912 initio
1621 4855 1915 4910 voluminis
1962 4854 2141 4923 quarti
2192 4854 2608 4910 collocavimus.
2653 4854 2916 4912 Volumen
2962 4871 3215 4929 quartum
3261 4862 3550 4931 perﬁcient

280 4959 452 5013 opera
487 4945 758 4998 canonica
785 4941 996 5008 Photii,
1030 4944 1232 5014 quibus
1253 4944 1546 5012 Monitum,
1586 4943 1674 4999 hic
1706 4958 1812 4998 non
1847 4940 2222 5011 repetendum,
2277 4942 2670 5009 praemisimus.

354 5035 611 5092 Dicemus
635 5044 816 5091 tamen
849 5035 939 5092 hic
975 5038 1316 5107 praetermitti
1345 5053 1653 5110 synagogen
1683 5050 1954 5091 canonum
1999 5049 2122 5104 quae
2151 5035 2514 5103 opportunius
2540 5049 2666 5090 cum
2713 5035 3137 5094 Commentariis
3161 5037 3541 5111 ‘Balsatuonis,

282 5126 591 5180 Zonaraet
633 5125 896 5190 Aristeui,
931 5125 1072 5180 inter
1103 5127 1305 5196 scripta
1340 5126 1526 5180 saeculi
1569 5139 1668 5178 xm
1714 5124 1938 5189 edetur;
1981 5122 2077 5178 sed
2124 5121 2439 5177 recudimus
2485 5121 2779 5195 Syutagma
2841 5142 3100 5179 canonum
3148 5137 3203 5183 et
3267 5126 3542 5184 Nomoca-

282 5228 492 5276 nonem,
527 5215 580 5267 in
620 5229 682 5268 ea
725 5213 933 5278 forma,
964 5225 1020 5268 et
1068 5228 1136 5269 eo
1182 5213 1376 5268 ordine
1419 5213 1620 5282 quibus
1667 5211 1738 5266 ab
1784 5211 1906 5281 ipso
1951 5208 2148 5264 Pholio
2200 5211 2503 5278 composita
2537 5211 2708 5266 fuisse
2740 5211 3010 5266 videntur.
3048 5212 3185 5281 Quia
3245 5223 3422 5271 tamen
3486 5221 3540 5274 in

281 5301 366 5356 his
409 5303 824 5358 collectionibus
870 5303 1222 5357 conﬁciendis
1253 5312 1446 5356 auctor
1477 5301 1668 5354 eadem
1704 5301 2029 5355 documenta
2064 5297 2268 5368 plurics
2300 5296 2528 5367 profert,
2574 5308 2753 5356 textus
2785 5302 2952 5356 semel
2981 5303 3175 5369 editos,
3206 5319 3315 5359 non
3341 5308 3542 5377 repeti-

282 5405 404 5445 mus
435 5391 554 5445 aliis
586 5391 741 5454 locis,
783 5392 876 5445 sed
909 5391 998 5444 ubi
1039 5389 1265 5460 reperiri
1306 5387 1518 5458 possint
1545 5397 1801 5442 accurate
1831 5387 2156 5444 iudicamus.

355 5479 561 5533 Scriem
601 5493 827 5548 cperam
868 5478 1259 5532 canonicorum
1285 5473 1463 5529 Photii
1497 5473 1760 5528 claudunt
1787 5473 2119 5536 Erotemata,
2153 5487 2246 5527 seu
2267 5471 2723 5542 interregationes
2750 5471 2816 5537 X,
2838 5474 2890 5527 iu
2923 5475 3125 5546 quibus
3155 5487 3346 5535 auctor
3368 5479 3540 5550 depo-

279 5566 531 5621 sitionem
558 5581 716 5624 suam
756 5579 788 5620 e
839 5565 968 5620 sede
1023 5561 1378 5633 patriarchali
1436 5561 1695 5633 injustam
1729 5562 1902 5618 fuisse
1951 5563 2334 5617 demonstrare
2381 5571 2633 5628 conatur,
2689 5567 3025 5632 argumentis
3079 5566 3378 5638 indircctis,
3436 5586 3540 5628 nec

364 5702 425 5772 (1)
455 5701 672 5758 Gracia:
694 5702 1021 5764 orthodoxae,
1049 5710 1086 5772 t.
1124 5698 1164 5766 l,
1192 5715 1246 5770 p,
1279 5698 1379 5753 154
1407 5706 1467 5772 et
1491 5713 1606 5772 seq.
1642 5697 1844 5753 Comm.
1871 5699 1934 5752 de
1956 5696 2153 5772 ξενξρι.
2181 5697 2306 5753 eccl.
2341 5706 2380 5753 t.
2409 5696 2475 5766 ll,
2500 5697 2608 5754 col.
2645 5692 2770 5750 210.

352 5768 451 5845 (nt)
481 5774 662 5830 Alium
681 5773 1001 5843 Cat-alogum
1025 5768 1382 5827 llomdiarum
1410 5768 1590 5826 Photii
1617 5772 1929 5843 suppeditat
1953 5768 2223 5833 Oudinus,
