3976 6222
1353 328 1752 392 PREFATIO
1790 327 1874 391 IN
1906 325 2175 389 PHOTII
2216 325 2495 389 OPERA.
2990 292 2991 295 γ
3491 332 3550 375 ιι

280 442 421 502 bene
447 443 681 502 selectis.
711 444 1045 517 Opusculum
1086 444 1191 500 hoc
1229 444 1613 500 brevissimum
1673 443 1882 514 primus
1937 443 1991 496 ln
2030 443 2207 496 lucem
2238 441 2507 510 protraxit
2566 438 2798 496 Fontani
2830 441 2909 511 (in
2943 438 3106 495 Novis
3133 437 3343 494 deliciis
3371 438 3555 492 erudi-

280 542 483 599 torum,
509 540 549 588 t.
580 531 600 586 l
626 573 642 597 ,
691 550 745 604 p.
777 533 894 599 20),
930 534 1025 603 qui
1070 547 1195 587 cum
1239 532 1424 586 lurore
1459 530 1851 595 Jansenistico,
1875 539 1931 583 et
1954 530 2194 600 pessimo
2226 530 2441 585 inﬂuxu
2491 530 2672 601 legum
2720 530 3267 585 antichristianarum
3300 529 3554 584 obca‘ca-

281 628 458 685 retur,
511 620 689 675 eidem
743 622 948 675 addidit
989 619 1364 691 praelationem
1402 628 1458 673 et
1505 627 1684 683 notas,
1732 631 1843 673 non
1893 628 2105 673 tantum
2157 618 2467 685 sacerdote,
2524 618 2621 674 sed
2678 620 2877 690 quovis
2918 620 3232 675 Christiania
3276 618 3553 688 indignas.

275 707 389 763 Eas
442 708 644 766 nullius
668 708 839 781 frugis
869 726 990 766 esse
1019 709 1373 774 credidimus,
1414 722 1479 762 ac
1506 707 1734 777 proinde
1764 707 2090 777 abjecimus.

348 794 559 852 Caetera
615 799 819 868 scripta
853 798 1119 855 canonica
1150 796 1332 853 Photii
1370 796 1565 851 merito
1604 795 1788 850 laudat
1822 796 2178 853 doctissimus
2214 795 2267 852 ι.
2298 796 2358 852 S.
2385 797 2672 853 Assemani
2719 798 2772 852 in
2799 796 2933 851 lure
2972 811 3073 849 suo
3103 811 3226 849 can.
3266 793 3552 856 Orientali,

284 895 324 941 t.
352 881 409 949 1,
440 900 492 953 p.
527 884 598 939 55
625 892 679 940 et
734 902 880 957 seq.,
926 886 1017 941 ubi
1048 885 1290 942 ostendit
1318 885 1507 952 quanti
1548 884 1665 941 haec
1698 885 1899 954 scripta
1947 886 2135 942 fecerit
2169 888 2482 951 Balsamon,
2534 886 2767 958 insignis
2813 886 3127 941 Graecorum
3159 882 3470 946 cauonista,
3500 891 3558 936 et

274 980 394 1025 tora
436 970 681 1045 Ecclesia
720 973 1042 1038 Orientalis,
1101 989 1225 1043 quae
1268 973 1324 1027 in
1380 973 1583 1027 tuenda
1637 972 1925 1037 disciplina
1974 975 2385 1038 ecclesiastica,
2440 976 2713 1044 praecipue
2760 973 3043 1029 codicibus
3089 971 3291 1036 Photii,
3339 970 3553 1025 caeteris

273 1059 568 1129 neglectis,
608 1076 705 1115 usa
729 1069 835 1117 est.
876 1062 1134 1116 Notitiam
1176 1059 1462 1117 Assemani
1498 1060 1735 1131 complet
1768 1062 2015 1131 praelatio
2056 1076 2085 1117 a
2120 1061 2274 1117 card.
2308 1060 2413 1116 Mai
2460 1061 2801 1133 Syntagmati
2833 1060 3140 1131 praemissa,
3186 1074 3351 1129 quam
3382 1058 3557 1112 lector

274 1160 382 1198 suo
422 1146 542 1201 loco
567 1148 822 1215 reperiet.

349 1231 420 1285 Et
443 1234 559 1289 haec
584 1234 657 1290 de
688 1232 869 1290 Photii
902 1233 1125 1304 scriptis
1154 1249 1185 1289 a
1226 1233 1386 1289 nobis
1416 1233 1578 1289 editis
1610 1232 1755 1287 dicta
1785 1233 1914 1288 sint.

348 1318 512 1377 Nunc
535 1320 604 1377 de
624 1321 943 1393 deperditis,
974 1321 1378 1390 praetermissis,
1406 1320 1645 1385 ineditis,
1668 1329 1764 1376 aut
1789 1319 1926 1376 falso
1946 1322 2200 1391 ascriptis
2224 1322 2379 1376 libris
2402 1336 2574 1391 pauca
2602 1320 2943 1375 admouenda
2968 1329 3287 1389 supersunt.

952 1428 1086 1485 Vill.
1116 1458 1189 1471 -
1223 1430 1295 1484 De
1324 1428 1568 1499 operibus
1598 1429 1776 1484 Photii
1805 1429 2112 1499 deperditis,
2158 1432 2528 1500 prwterntissis
2558 1438 2607 1484 et
2637 1429 2873 1482 ineditis.
3402 1476 3405 1479 λ

347 1514 405 1570 l°
438 1514 672 1572 Photius
714 1518 933 1589 scripsit
962 1528 1083 1573 acta
1126 1517 1317 1572 ﬂctitia
1353 1516 1573 1572 concilii
1603 1516 1928 1571 meumenici
1949 1558 1965 1582 ,
1997 1518 2143 1587 quod
2186 1532 2463 1587 nunquam
2492 1527 2849 1570 convocatum
2887 1513 3007 1570 fuit.
3055 1514 3125 1569 lis
3158 1516 3307 1569 mille
3333 1514 3555 1571 circiter

274 1604 717 1675 subscriptiones
755 1605 913 1661 ﬁctas
951 1605 1179 1671 addidit,
1209 1613 1271 1658 ut
1295 1612 1487 1659 narrat
1507 1603 1834 1657 Anastasius
1863 1602 2320 1665 Bibliothecarius
2344 1618 2510 1672 supra
2536 1603 2813 1656 laudatus.
2838 1601 2932 1654 Illa
2956 1610 3074 1655 acta
3104 1616 3227 1653 cum
3260 1603 3312 1654 in
3336 1602 3553 1655 duobus

271 1692 566 1748 codicibus
607 1692 1032 1763 elegantissimis
1082 1701 1139 1749 et
1183 1691 1416 1763 depictis
1470 1689 1672 1760 scripta
1718 1690 1972 1757 fuissent,
1999 1688 2052 1745 in
2105 1691 2337 1746 concilio
2380 1704 2476 1744 rm
2524 1689 2741 1760 publice
2787 1688 3022 1742 ﬂammis
3062 1687 3256 1741 tradita
3299 1701 3450 1754 sunt,
3490 1704 3557 1745 ac

273 1780 514 1850 proinde
543 1795 649 1834 non
680 1789 919 1836 exstant.

339 1864 402 1919 2ο
425 1864 663 1921 Photius
683 1882 747 1921 ex
776 1867 953 1937 capite
984 1879 1088 1921 suo
1144 1865 1455 1935 composuit
1483 1865 1619 1920 Acta
1655 1862 1871 1921 concilii
1903 1863 2045 1934 quod
2088 1862 2241 1934 lingit
2271 1876 2415 1916 anno
2449 1861 2552 1917 878
2586 1861 2913 1915 celebratum
2945 1860 3115 1916 fuisse
3151 1877 3334 1915 coram
3362 1862 3554 1932 legatis

275 1950 515 2006 Romani
555 1951 827 2022 pontiﬁcis
860 1962 914 2007 et
943 1962 1261 2007 caeterorum
1285 1952 1716 2021 patriarcharum
1744 1949 1981 2006 Orientis
2009 1960 2060 2003 et
2095 1944 2335 2020 Egypti.
2361 1949 2680 2017 Quanquam
2722 1959 2851 2002 tunc
2886 1948 3127 2016 synodus
3166 1948 3346 2002 habita
3370 1949 3552 2010 itterit,

272 2048 422 2093 certo
446 2040 659 2094 certius
687 2053 751 2095 ea
774 2039 1004 2094 minime
1033 2039 1146 2110 egit
1170 2039 1255 2093 vel
1285 2039 1556 2105 toleravit,
1588 2054 1709 2108 qua:
1734 2053 1851 2091 eam
1884 2038 2055 2105 egisse
2083 2050 2138 2092 et
2164 2039 2428 2092 tolerasse
2463 2046 2646 2091 narrat
2674 2036 2924 2090 Pltotius.
2945 2035 3095 2091 Hanc
3121 2037 3301 2091 Photii
3325 2039 3557 2106 pseudo-

273 2128 555 2197 synodum
585 2126 758 2183 Graeci
788 2142 889 2198 pro
918 2135 1114 2182 octavo
1139 2127 1376 2182 concilio
1414 2127 1758 2182 (ecumenico
1797 2126 2014 2191 habent,
2057 2127 2340 2195 repudiato
2380 2133 2571 2179 octavo
2621 2125 2856 2180 concilio
2888 2139 3038 2190 vero,
3074 2125 3125 2177 in
3172 2139 3283 2193 quo
3326 2124 3557 2179 Pltotins

271 2214 567 2281 tle-positus
595 2222 649 2268 et
676 2214 1189 2269 excommunicatus
1211 2225 1316 2269 est.
1344 2212 1602 2268 Nonnulli
1634 2222 1812 2268 tamen
1846 2228 1946 2267 nec
1970 2230 2157 2267 verum
2188 2215 2481 2268 concilium
2513 2230 2632 2277 vut,
2656 2214 2784 2267 anni
2809 2212 2934 2276 869,
2966 2228 3068 2268 nec
3096 2213 3343 2267 lictitium
3376 2212 3555 2267 Photii

272 2298 533 2353 anni878
560 2309 901 2369 receperunt,
939 2300 1203 2370 siquidem
1223 2302 1491 2372 synodum
1515 2300 1881 2355 Florentinam
1899 2302 2294 2355 αις-ιιιηυιιίουιη
2336 2300 2628 2358 concilium
2654 2308 2904 2354 octavum
2933 2299 3223 2369 appellent.
3259 2299 3349 2354 Sic
3380 2316 3559 2370 neque

274 2387 495 2441 concilii
530 2384 917 2457 Lugdunensis
946 2403 1007 2453 tt,
1035 2403 1133 2444 nec
1164 2387 1507 2451 Viennensis,
1530 2402 1633 2443 nec
1650 2387 2093 2445 Lateranensium
2115 2390 2275 2443 ullam
2294 2389 2562 2443 rationem
2586 2388 2819 2454 habent;
2847 2388 2941 2441 sed
2971 2389 3250 2442 immerito
3293 2398 3355 2443 ut
3387 2399 3553 2458 patet.

349 2474 486 2528 Arta
517 2478 921 2547 pseudosynodi
952 2476 1128 2533 Photii
1162 2476 1291 2532 anni
1315 2477 1440 2542 878,
1471 2478 1573 2533 etsi
1607 2477 1789 2537 ﬁctilia
1822 2477 1954 2541 sint,
1979 2492 2042 2531 ex
2075 2480 2263 2532 codice
2300 2476 2584 2540 Vaticano,
2604 2492 2728 2532 cum
2759 2476 3121 2545 permissione
3152 2476 3447 2533 Clementis
3468 2478 3557 2542 XI,

280 2571 339 2617 ut
382 2579 558 2635 supra
585 2566 696 2636 jam
735 2565 1065 2632 notavimus,
1098 2582 1127 2620 a
1160 2565 1222 2621 P.
1252 2564 1531 2622 Harduino
1575 2566 1719 2621 edita
1766 2575 1931 2631 sunt;
1982 2565 2074 2621 sed
2126 2567 2255 2636 quia
2292 2565 2433 2620 inter
2471 2564 2609 2619 Acta
2641 2564 2996 2621 conciliorum
3046 2566 3321 2633 pr0priam
3374 2568 3558 2620 sedem

288 2651 513 2713 habt-nt,
541 2667 593 2705 et
628 2653 697 2707 ab
725 2653 915 2707 iisdem
947 2653 1159 2723 seiungi
1196 2669 1303 2708 non
1340 2662 1591 2723 possunt,
1634 2655 1821 2709 eadem
1859 2652 1948 2709 hic
2008 2652 2477 2722 praetermisimus.
2513 2650 2715 2722 Supra,
2742 2652 2909 2706 variis
2940 2653 3278 2723 argumentis
3307 2655 3558 2709 ostendi-

283 2756 402 2793 mus
426 2739 567 2793 Acta
602 2740 689 2793 illa
720 2756 825 2793 non
855 2741 1115 2810 genuina,
1142 2742 1235 2796 sed
1265 2756 1411 2795 mere
1436 2740 1624 2796 ﬁctilia
1657 2756 1800 2796 esse.

353 2830 411 2883 '5'
439 2827 625 2881 Photii
662 2825 972 2898 Synagogen
995 2844 1258 2882 canonum
1287 2829 1578 2883 omisimus
1627 2828 1698 2882 ob
1739 2841 1935 2883 causas
1966 2842 2105 2897 quas
2135 2842 2300 2898 supra
2329 2828 2709 2898 allegavimus.

358 2917 416 2969 4⁸
448 2914 687 2969 Pltotius
724 2915 946 2984 scripsit
982 2915 1236 2970 homilias
1287 2915 1554 2984 plurimas
1590 2930 1824 2984 quorum
1865 2915 2153 2969 elenchum
2199 2931 2264 2969 ex
2301 2914 2635 2969 Combelisio
2671 2914 2963 2971 edidimus.
3023 2913 3332 2980 Quominus
3366 2931 3562 2971 omnes

284 3004 580 3057 ederemus
611 3002 758 3055 nulla
791 3000 896 3054 alia
927 3015 1097 3055 causa
1133 2999 1255 3065 fuit,
1296 3016 1461 3070 quam
1496 3002 1641 3071 quod
1668 3001 1876 3055 nullum
1916 3003 2195 3071 exemplar
2222 3017 2411 3056 earum
2448 3004 2611 3057 nobis
2638 3018 2956 3071 comparare
2996 3004 3356 3073 potuerimus.

357 3089 413 3144 5°
442 3088 685 3143 Pltotius
711 3088 913 3144 dicitur
941 3088 1009 3142 de
1034 3088 1185 3142 cultu
1223 3087 1324 3143 SS.
1357 3088 1651 3158 imaginum
1687 3090 1998 3159 scripsisse,
2022 3090 2114 3143 sed
2147 3090 2390 3158 ejusdem
2423 3090 2610 3160 scripti
2636 3091 2845 3143 nullum
2871 3091 3159 3161 vestigium
3187 3090 3389 3153 iuveni,
3425 3105 3562 3159 prte-

288 3186 366 3231 ter
390 3178 615 3231 titulum
642 3187 990 3245 sequentem,
1016 3192 1178 3246 quem
1213 3175 1463 3239 Bandini,
1496 3178 1548 3230 in
1586 3175 1767 3231 Catal.
1804 3177 2044 3231 biblioth.
2074 3176 2332 3235 Laurent.
2367 3179 2608 3233 Floreat.
2650 3190 2688 3233 t.
2727 3180 2771 3244 1,
2805 3196 2858 3251 p.
2899 3180 3028 3242 454,
3063 3181 3255 3234 recitat
3285 3180 3561 3254 εΧρήσεις

291 3266 425 3320 κατὰ
462 3266 857 3335 Εἱκονομάχων
895 3267 962 3321 ἐκ
991 3265 1100 3318 τῶν
1124 3264 1574 3336 συγγραμμάτων
1621 3265 1946 3337 Νεκηφόρου
1994 3266 2088 3319 καὶ
2135 3267 2366 3332 Φωτιου,
2398 3268 2506 3320 τῶν
2551 3268 2905 3339 πατριαρχῶν
2938 3270 3562 3334 Κωνσταντινουπὸλεως

290 3354 380 3406 καὶ
408 3350 694 3423 Θεοδώρου
724 3352 1001 3407 maneo.
1052 3351 1192 3409 Hinc
1212 3368 1345 3408 sane
1375 3367 1534 3408 nemo
1567 3354 1782 3423 colliget
1808 3353 1860 3407 Pl

1988 3370 2057 3407 tm
2087 3370 2151 3408 ex
2198 3354 2464 3410 industria
2492 3355 2559 3410 de
2586 3355 2832 3411 colendis
2867 3355 3197 3427 imaginibus
3244 3358 3558 3427 scripsisse.

291 3439 427 3496 Fieri
454 3440 609 3495 enim
645 3440 824 3510 potuit
859 3449 922 3496 ut
954 3453 1022 3496 ex
1052 3440 1213 3496 libris
1241 3455 1382 3511 quos
1411 3441 1479 3496 de
1507 3441 1613 3495 alio
1644 3452 1968 3511 argumento
1992 3452 2333 3509 exaraverat,
2365 3443 2491 3512 quis
2515 3444 2759 3514 Ιχρήσεις
2783 3443 2906 3497 illas
2931 3444 3322 3513 composuerit.

357 3528 413 3582 6°
441 3527 647 3583 Nescio
681 3515 749 3581 ait
785 3542 816 3582 a
842 3527 983 3584 libro
1018 3544 1049 3584 a
1090 3528 1339 3583 Bandino
1375 3536 1562 3584 notato
1586 3529 1835 3583 diversus
1868 3531 1939 3583 sit
1963 3531 2052 3584 ille
2084 3545 2243 3599 quem
2280 3530 2627 3593 Lambecius,
2654 3530 2705 3584 in
2736 3530 3025 3585 Comment.
3071 3531 3122 3584 in
3159 3530 3297 3584 Bibl.
3338 3530 3562 3589 Vindob.

292 3616 372 3672 ed.
406 3615 736 3679 Kollarii,.’t.
768 3613 860 3682 Ν,
881 3632 937 3686 p.
971 3616 1102 3681 555,
1133 3617 1201 3672 ad
1225 3617 1348 3673 cod.
1382 3616 1509 3682 157,
1553 3616 1684 3681 n.5,
1712 3617 1787 3672 ita
1829 3632 1858 3671 e

1990 3627 2050 3672 et
2076 3635 2090 3670 :
2122 3618 2329 3671 Φωτιου
2359 3618 2701 3688 πατριάρχου
2723 3618 2818 3671 καὶ
2845 3616 3125 3687 Θεοδώρου
3158 3618 3251 3671 τοῦ
3284 3619 3560 3673 Στυδετουο

297 3702 467 3758 Εῐκὼν
490 3703 718 3772 λέγεται
756 3704 908 3775 παρὰ
931 3704 992 3758 τὸ
1030 3705 1207 3758 ἔοικεν
1228 3704 1390 3769 τᾶλλο
1416 3703 1474 3757 δὲ
1526 3704 1732 3775 φυσικὴ
1781 3704 1867 3757 eiu

2006 3706 2099 3758 καὶ
2136 3705 2266 3760 ἄλλο
2314 3707 2589 3776 μιμητική
2621 3721 2635 3734 ’
2673 3722 2729 3761 κ.
2768 3723 2819 3758 τ.
2842 3706 2893 3759 λ.
2959 3725 2977 3758 ι
3016 3706 3195 3762 Photii
3240 3710 3572 3776 patriarchae

295 3790 395 3846 (ΞΡ.
417 3802 471 3847 et
514 3791 792 3846 Theodori
818 3791 1046 3847 Studitaa
1091 3792 1405 3847 testimonia
1440 3793 1506 3844 de
1527 3793 1701 3846 sacris
1731 3791 2057 3869 imaginibus
2085 3801 2141 3846 et
2162 3793 2229 3847 de
2253 3792 2561 3847 diﬂ’erentia
2597 3792 2740 3847 inter
2762 3806 2949 3848 sacras
2977 3794 3242 3865 imagines
3264 3803 3318 3848 et
3342 3796 3506 3851 idola.
3537 3815 3567 3849 ι

363 3878 419 3930 7°
446 3877 716 3933 Senebier
742 3879 798 3932 in
826 3877 1117 3949 Catalogue
1147 3879 1397 3933 raisonné
1426 3878 1517 3933 des
1538 3879 1859 3933 manuscrits
1885 3879 1947 3933 de
1977 3879 2196 3947 Genet'e,
2235 3896 2287 3952 p.
2313 3880 2404 3947 42,
2438 3879 2657 3936 Genéve
2681 3880 2822 3936 1779
2846 3883 2956 3951 (ap.
2989 3879 3039 3935 J.
3072 3883 3135 3934 A.
3168 3881 3383 3937 Fabric.
3418 3883 3567 3938 Bibl.

305 3962 457 4020 Crat.
489 3965 589 4030 χι,
620 3981 675 4036 p.
720 3965 833 4036 l9),
889 3965 1075 4022 laudat
1102 3965 1570 4034 Photiijlomilias
1618 3974 1750 4031 tres,
1798 3974 1854 4022 et
1891 3966 2196 4045 fragmenta
2242 3968 2433 4038 scripti
2461 3968 2751 4037 cujusdam
2792 3978 2985 4024 contra
3030 3967 3380 4035 Manichaeos,
3419 3972 3566 4041 quod

304 4062 478 4108 utrum
508 4053 730 4109 dill‘erat
778 4068 809 4109 a
860 4053 1018 4110 libris
1073 4056 1315 4110 secundo
1347 4055 1623 4109 volumine
1668 4054 1834 4124 hujus
1868 4054 2127 4111 editionis
2196 4055 2358 4111 editis
2399 4071 2595 4122 necne,
2647 4056 2907 4126 indagare
2956 4070 3066 4109 non
3108 4056 3281 4125 potui,
3331 4066 3384 4111 et
3432 4058 3567 4112 mihi

286 4142 697 4212 incompertum
721 4151 825 4197 est.
1316 4200 1319 4203 ,

368 4230 423 4285 8"
475 4231 678 4301 ignoro
731 4229 935 4299 pariter
993 4243 1063 4284 an
1115 4228 1295 4284 Photii
1342 4230 1669 4300 Argumenta
1723 4227 2002 4282 duodecim
2040 4228 2367 4300 syllogistica
2416 4239 2604 4283 contra
2670 4230 3057 4299 processionem
3106 4228 3340 4296 Spiritus
3392 4231 3567 4285 sancti

305 4318 457 4371 etiam
480 4334 512 4371 a
544 4317 705 4381 Filio,
745 4317 813 4372 de
835 4316 1037 4386 quibus
1067 4317 1293 4371 Bandini
1328 4316 1506 4372 Catal.
1547 4315 1803 4370 Laurent.
1830 4324 1869 4370 t.
1900 4315 1988 4384 Ill,
2021 4334 2071 4388 p.
2105 4318 2229 4383 524,
2262 4320 2594 4374 conveniant
2627 4335 2750 4374 cum
2781 4319 3120 4388 argumentis
3154 4334 3181 4371 a
3204 4315 3382 4373 Vecco
3416 4317 3569 4373 refu-

307 4406 429 4461 tatis
457 4416 511 4461 et
543 4419 574 4460 a
610 4405 770 4461 nobis
798 4404 889 4461 hic
920 4405 1103 4470 editis,
1130 4405 1210 4460 vel
1235 4406 1560 4475 Opusculum
1590 4405 1912 4461 distinctum
1948 4409 2307 4463 constituant.
2336 4406 2477 4461 Puto
2509 4422 2571 4461 ea
2600 4407 2833 4462 identica
2858 4421 3003 4461 esse.

373 4494 428 4550 9°
450 4496 704 4551 Oudinus
736 4496 979 4551 indicat:
1012 4494 1241 4548 Φωτιου.
1281 4534 1295 4549 .
1335 4535 1349 4551 .
1383 4495 1629 4564 ’Δγωγαὶ
1645 4497 1739 4549 καὶ
1760 4496 2063 4560 ἀποδείξεις
2085 4495 2333 4568 ἀκριϐεῖς
2360 4494 2774 4564 συνειλεγμέναι
2806 4494 2869 4547 ἐκ
2886 4510 2946 4546 τε
2968 4492 3261 4547 συνοδικῶν
3290 4495 3385 4549 καὶ
3420 4495 3567 4548 ἱστο-

319 4593 481 4661 ρικῶν
511 4591 765 4664 γραφῶν.
805 4590 1124 4658 (Comment.
1154 4590 1218 4644 de
1248 4590 1449 4659 Script.
1479 4590 1661 4646 eccles.
1692 4598 1733 4645 t.
1759 4591 1824 4659 ll,
1853 4606 1906 4661 p.
1931 4590 2083 4659 201),
2108 4605 2245 4660 quas
2275 4604 2303 4643 a
2329 4585 2379 4640 Χ
2402 4588 2905 4659 interrogationibus
2927 4588 2990 4641 de
3019 4588 3340 4657 patriarchis
3372 4589 3582 4658 injuste

311 4681 481 4749 ejectis
519 4679 935 4749 distinguendas
956 4694 1079 4735 esse
1104 4688 1379 4733 autumat.

378 4768 466 4823 10°
501 4768 647 4825 ldem
682 4768 956 4830 Oudinus,
1024 4768 1319 4838 symbolum
1354 4767 1479 4836 ﬁdei
1530 4774 1760 4821 testatur
1796 4767 1851 4821 in
1904 4765 2029 4821 cod.
2078 4779 2214 4820 mss.
2249 4772 2467 4819 exstare
2508 4778 2541 4818 a
2584 4762 2778 4818 Photio
2824 4764 3169 4832 compositum
3207 4780 3304 4833 pro
3356 4764 3423 4819 iis
3477 4765 3577 4835 qui

313 4858 587 4911 ordinandi
615 4868 737 4911 sunt
766 4855 1018 4927 episcOpi,
1053 4856 1120 4910 de
1155 4870 1266 4925 quo
1297 4854 1637 4916 Lambecius,
1667 4856 1705 4909 l.
1733 4870 1854 4920 vm,
1895 4870 1947 4923 p.
1980 4855 2106 4910 455.
3211 4898 3217 4908 .

382 4943 468 4996 ll°
513 4943 759 5015 Epitome
793 4942 1058 4999 Historiae
1074 4943 1445 4998 ecclesiastirw
1481 4942 1851 5013 Philostorgii,
1876 4942 1985 4996 ἀπὸ
2031 4941 2215 5011 φωνῆς
2243 4939 2423 4995 Photii
2454 4940 2780 5011 patriarchae
2808 4948 2987 4995 exstat
3014 4939 3158 4994 inter
3186 4940 3307 4994 cod.
3326 4954 3461 4996 mss.
3484 4938 3575 4994 bi-

317 5025 593 5085 bliothecae
644 5031 956 5089 Bodleianae
1012 5033 1259 5103 (Baroce.
1303 5030 1427 5085 cod.
1470 5031 1596 5098 142,
1628 5038 1694 5084 ιιο
1727 5030 1781 5096 7,
1830 5046 1887 5101 p.
1936 5028 2101 5098 243);
2146 5029 2362 5084 diversa
2408 5028 2478 5083 ab
2547 5028 2638 5083 illa
2680 5044 2806 5099 qua:
2848 5027 2903 5082 iu
2951 5027 3290 5099 Ilyriobiblio
3330 5027 3580 5082 occurrit

318 5124 366 5168 ct
401 5117 630 5187 amplior
669 5117 915 5189 (Oudin.,
944 5126 988 5174 t.
1021 5119 1086 5185 ll,
1110 5118 1213 5173 col.
1247 5117 1402 5188 208).

389 5223 474 5277 12⁸
513 5225 827 5283 Michaelem
869 5228 1109 5284 Psellum
1181 5226 1463 5299 Synopsim
1511 5226 1907 5282 Nomocanonis
1936 5226 2116 5283 Photii
2154 5225 2318 5280 versil
2339 5240 2405 5281 us
2443 5225 2737 5297 scripsisse
2762 5224 3137 5281 leruttnlnter
3166 5224 3409 5296 quinque
3441 5223 3572 5279 Car-

324 5311 457 5367 Itin“
478 5315 695 5384 politisa
725 5318 885 5373 Pselli
919 5318 1173 5390 Synopsis
1204 5320 1293 5373 illa
1327 5328 1583 5389 quartum
1618 5318 1800 5373 locum
1828 5330 2100 5385 occupare
2134 5313 2367 5368 dicitur.

663 5424 752 5478 IX.
784 5454 855 5465 ——
883 5426 954 5480 De
989 5424 1227 5494 operibus
1251 5423 1429 5478 Photii
1450 5440 1566 5495 qua:
1599 5423 1709 5477 alio
1742 5422 1952 5474 nomine
1979 5435 2134 5489 quam
2159 5436 2192 5472 a
2220 5418 2367 5472 nobis
2403 5418 2549 5472 edita
2580 5427 2724 5482 sunt,
2764 5416 3232 5485 circumferuntur.

399 5513 485 5566 l3°
525 5514 760 5570 Libellus
789 5514 853 5567 de
877 5523 1070 5581 septem
1104 5513 1318 5582 synodis
1353 5512 1446 5582 qui
1480 5513 1680 5579 passim
1728 5508 1985 5575 occurrit,
2015 5518 2303 5577 excerptus
2338 5515 2425 5563 est
2474 5522 2549 5563 ex
2591 5505 2772 5561 Photii
2806 5506 2973 5577 epist.
3003 5514 3124 5571 v-tt',
3165 5506 3230 5558 ad
3259 5499 3577 5557 Michaclem

332 5598 589 5669 Bulgaria
618 5603 943 5672 principem,
972 5615 1095 5670 qua:
1134 5601 1188 5654 in
1225 5600 1325 5654 hac
1350 5599 1590 5654 editione
1619 5598 1907 5667 reperitur,
1941 5606 1980 5651 t.
2009 5595 2074 5660 ll,
2107 5598 2213 5651 col.
2250 5595 2375 5650 651.

393 5687 486 5739 M0
526 5686 751 5745 Libellus
771 5690 835 5743 de
861 5687 1218 5742 consolatione
1236 5687 1305 5740 ad
1336 5686 1638 5748 Eusebium,
1663 5701 1824 5756 quem
1854 5684 2094 5739 Conrad.
2129 5683 2539 5747 Ritterbusius,
2562 5697 2708 5737 anno
2738 5682 2899 5747 l60l,
2925 5681 3021 5738 Gr.
3056 5680 3179 5736 Lat.
3210 5673 3584 5748 Nurcnbergi'o

334 5774 490 5834 edidit
512 5780 613 5837 sub
642 5781 866 5839 nomine
890 5779 1094 5846 Photii,
1126 5786 1207 5835 est
1223 5779 1470 5851 ejusdem
1504 5777 1683 5835 Photii
1711 5777 1946 5849 epistola
1980 5777 2109 5844 245,
2139 5776 2285 5847 apud
2323 5775 2748 5841 Montacut'tum.
