3976 6222
376 259 408 298 x
1430 241 1825 304 PR/EFATIO
1856 240 1939 303 IN
1970 238 2235 304 PHO’I‘II
2265 241 2536 303 OPERA.

449 359 547 414 15°
587 358 924 430 ()puseulum
971 357 1048 413 De
1098 357 1420 428 patriarchis
1451 357 1650 426 injuste
1669 357 1874 426 ejectis,
1907 357 2053 426 quod
2099 355 2287 411 laudat
2313 353 2364 411 J.
2396 357 2466 409 A.
2496 353 2804 419 Fabricius,
2843 369 2951 409 non
2999 353 3446 425 distinguendum
3477 366 3563 413 est
3589 374 3616 416 a

373 450 563 503 decem
589 445 1128 517 lnterrogationibus,
1153 460 1293 515 quas
1317 460 1384 499 ex
1419 443 1472 499 Ν
1479 445 1588 500 ovis
1621 444 1828 498 deliciis
1857 444 2185 498 eruditorum
2213 441 2444 498 Fontani
2479 443 2545 496 ad
2585 442 2744 496 linem
2773 442 3012 512 Operam
3044 443 3218 497 Photii
3256 443 3548 498 edidimus.

441 537 531 592 16°
569 538 752 592 Photii
779 538 1043 604 Eacerpta
1070 549 1136 588 ea:
1159 535 1409 600 Asteriis,
1441 549 1562 604 quae
1599 531 1966 588 Combelisius
1991 530 2179 596 edidit,
2219 545 2287 584 ex
2325 530 2505 585 Phniii
2536 529 2869 584 Bibliotheca
2895 531 3181 600 desumpta
3213 540 3366 584 sunt.

441 627 534 680 17°
570 625 875 680 Cotelerius
910 625 962 678 in
998 623 1355 678 Monumentis
1395 621 1652 676 Ecclesia:
1686 620 1904 682 Graecae,
1945 626 1987 673 t.
2037 616 2127 680 lll,
2150 632 2205 687 p.
2235 618 2360 683 104,
2393 620 2604 688 primus
2626 618 2870 688 ,protulit
2913 618 3240 688 opusculum
3299 619 3372 672 ita
3422 619 3618 674 inscri-

367 723 518 786 ptum
551 733 562 768 :
599 711 752 778 Quod
783 728 886 766 non
918 721 1158 781 oporteat
1181 712 1250 764 ad
1279 718 1560 781 prasente:
1587 710 1708 763 vitta
1735 706 2005 763 molestias
2031 708 2318 760 attendere.
2346 704 2485 772 Quia
2517 705 2644 761 olim
2677 706 2818 761 inter
2833 705 3012 776 Photii
3045 703 3316 775 Epistolas
3340 714 3615 761 servatum

367 810 474 866 est,
511 800 642 855 illud
673 801 741 854 ad
775 799 938 854 ﬁnem
973 798 1095 854 libri
1123 800 1269 854 tertii
1301 798 1660 869 epistolarum
1693 795 1748 848 in
1777 800 1962 848 nostra
1991 791 2227 846 editione
2257 791 2673 846 collocavimus.

439 889 537 944 18°
577 888 850 951 Lahbeus,
883 887 938 941 in
965 886 1146 942 Catal.
1179 887 1296 941 cod.
1332 902 1484 950 mss.,
1514 900 1569 953 p.
1603 881 1727 945 114,
1758 879 1947 935 laudat
1975 877 2154 933 Photii
2187 877 2470 949 Synopsim
2519 878 2701 949 logica:
2723 878 3098 944 Aristotelicw,
3126 890 3182 934 et
3211 879 3516 946 Fabricius,
3549 895 3614 936 ex

365 975 606 1040 Oudiuo,
641 976 841 1031 asserit
883 973 1062 1029 Photii
1089 971 1374 1043 Synopsim
1415 969 1805 1042 categoriarum
1854 967 2152 1023 immistam
2194 982 2313 1023 esse
2345 967 2767 1022 Commentariis
2797 966 3085 1036 Pliiloponi
3128 979 3184 1022 et
3219 968 3492 1022 Ammonii
3558 968 3613 1023 in

365 1064 740 1118 Aristotelem.
773 1061 851 1116 llli
879 1069 1129 1116 auctores
1159 1059 1356 1113 Photio
1387 1059 1560 1113 multo
1589 1056 1928 1127 antiquiores
1954 1064 2102 1111 sunt.
2132 1053 2305 1110 Card.
2340 1054 2445 1109 Mai
2473 1053 2672 1123 Script.
2695 1067 2856 1120 veter,
2886 1065 2926 1109 t.
2957 1054 2999 1119 1,
3025 1054 3178 1125 praef.
3209 1072 3263 1126 p.
3289 1073 3402 1122 xxv,
3427 1066 3616 1111 monet

363 1153 484 1207 illas
508 1148 765 1221 Synopses
815 1163 921 1204 non
965 1147 1382 1216 distinguendas
1424 1161 1547 1202 esse
1583 1161 1614 1200 a
1658 1142 2052 1212 Quiestionibus
2100 1143 2578 1213 Amphilochianis.
2611 1144 2676 1198 Et
2715 1159 2906 1199 revera
2947 1144 3282 1214 quaestiones
3324 1145 3613 1214 Amphilo-

365 1241 581 1294 chianaa
610 1237 713 1292 157
743 1236 812 1292 ad
838 1235 938 1290 147
973 1235 1121 1291 circa
1149 1235 1254 1289 hoc
1284 1243 1670 1304 argumentum
1705 1240 2020 1287 versantur.
2043 1231 2166 1294 Hic,
2207 1239 2245 1286 t.
2279 1233 2323 1297 l,
2354 1232 2459 1286 col.
2491 1231 2595 1285 759
2619 1240 2672 1285 et
2703 1247 2823 1301 seq.

1300 1321 1371 1379 Χ.
1404 1353 1475 1363 -
1513 1321 1592 1376 De
1615 1320 1860 1392 operibus
1889 1317 2071 1372 Photii
2097 1320 2395 1388 argumenti
2419 1318 2656 1388 profani.

393 1414 484 1468 19°
525 1411 764 1468 Joannes
808 1409 1085 1466 Gcrardus
1123 1407 1353 1465 Vossius
1389 1409 1442 1464 in
1467 1424 1634 1478 opere
1684 1408 1758 1461 De
1795 1405 2082 1470 Historicis
2117 1405 2338 1471 Graecis,
2381 1407 2476 1462 lib.
2519 1422 2579 1472 ιι,
2611 1421 2663 1461 c.
2697 1406 2770 1463 25
2799 1406 3010 1478 (Oper.,
3053 1414 3093 1461 t.
3132 1405 3224 1472 ιν,
3259 1420 3313 1476 p.
3372 1406 3498 1474 147)
3536 1409 3607 1465 ita

356 1501 547 1558 scribit
578 1517 592 1555 :
636 1518 655 1552 ι
693 1498 1232 1568 Pliotii'patriarchaa
1276 1495 1580 1550 Historiam
1609 1495 1674 1549 de
1702 1493 2000 1548 rhetoribus
2039 1493 2216 1548 decem
2247 1503 2464 1550 exstare
2506 1495 2625 1566 lego
2656 1495 2710 1550 in
2748 1496 3162 1551 nomenclatore
3199 1494 3425 1551 Roberti
3455 1495 3608 1552 Con-

359 1589 606 1645 stantini.
641 1607 658 1638 ι
701 1586 776 1639 De
808 1587 913 1640 hoe
939 1587 1076 1640 libro
1105 1585 1269 1638 aliam
1295 1583 1544 1659 notitiam
1575 1581 1781 1636 nullam
1813 1582 2014 1652 reperi.

418 1677 511 1728 20°
546 1673 773 1727 Lexicon
803 1671 1048 1728 Grtecum
1089 1671 1192 1726 sub
1227 1670 1452 1724 nomine
1487 1667 1668 1724 Photii
1701 1669 1879 1723 forma
1920 1668 1974 1724 in
2001 1670 2081 1735 1°,
2109 1684 2256 1726 anno
2282 1669 2442 1737 1808,
2477 1671 2674 1742 Lipsiae
2696 1673 2866 1729 edidit
2897 1674 2960 1741 ἰ).
2987 1674 3286 1732 llermann.
3317 1676 3477 1730 Liber
3507 1692 3608 1731 au-

352 1772 458 1818 tem
486 1764 654 1833 paulo
678 1771 805 1832 post
831 1763 1025 1816 iterum
1059 1761 1202 1831 typis
1229 1759 1530 1828 impressus
1563 1765 1648 1814 est
1675 1758 1781 1812 hoc
1817 1757 1916 1812 titu

2035 1759 2241 1813 Φωτὶου
2264 1759 2359 1813 τοῦ
2384 1760 2724 1831 πατριάρχου
2755 1762 2970 1827 Λέξεων
2997 1764 3331 1835 Συναγωγή,
3371 1781 3399 1819 e
3429 1764 3603 1819 codice

351 1853 586 1906 Galeano
621 1849 902 1918 descripsit
946 1847 1209 1902 Ricardus
1240 1846 1537 1913 Porsonus,
1574 1847 1610 1900 2
1630 1845 1741 1903 vol.
1768 1844 1847 1910 8°,
1876 1844 2241 1918 Cantabrigiae
2275 1847 2429 1904 1822.
2466 1847 2747 1905 Porsonus
2773 1851 2824 1904 in
2856 1850 3039 1906 Lexici
3071 1851 3391 1922 praefatione
3422 1863 3607 1908 monet

352 1939 417 1994 D.
449 1937 750 2002 Blomlie’ld,
794 1937 846 1990 in
879 1935 1142 1991 Censoris
1170 1933 1563 1998 Edinensibus,
1593 1940 1747 2003 parte
1797 1947 1932 2002 xui,
1963 1933 2031 1989 de
2064 1933 2259 1990 Photio
2303 1936 2563 2004 praeclare
2597 1938 2905 2008 scripsisse.
2926 1938 3123 1995 Oudin.
3151 1942 3216 2007 (t.
3246 1939 3311 2005 ll,
3335 1941 3440 1996 col.
3472 1941 3603 2010 206)

348 2025 541 2081 scribit
564 2024 738 2078 Photii
768 2022 998 2078 Lexicon
1024 2023 1188 2086 ιιι-4ο,
1216 2023 1421 2077 editum
1451 2019 1644 2090 fuisse,
1673 2020 1899 2086 Kilonii,
1923 2037 2015 2076 an.
2048 2021 2210 2087 1706,
2239 2032 2294 2078 et
2332 2024 2386 2078 in
2431 2023 2595 2079 codd.
2630 2041 2768 2081 mss.
2796 2027 3022 2082 inscribi
3054 2029 3384 2099 quandoque
3419 2027 3602 2085 Photii

352 2120 495 2181 patr.
528 2109 636 2166 ΟΡ.
671 2108 1100 2180 Etymologicum
1125 2125 1396 2179 magnum.

1071 2195 1164 2250 λι.
1189 2224 1259 2235 -
1284 2195 1364 2250 De
1391 2196 1458 2251 iis
1490 2195 1582 2268 qui
1615 2196 1671 2250 in
1697 2194 2031 2250 elucidandis
2060 2195 2303 2265 operibus
2329 2195 2508 2250 Photii
2539 2195 2878 2260 insudarunt.

413 2291 508 2345 21°
546 2289 748 2344 Prteter
779 2302 876 2343 eos
903 2288 996 2357 qui
1033 2287 1425 2342 Collectionem
1455 2286 1696 2357 Operum
1729 2285 1907 2340 Photii
1951 2294 2354 2354 prrepararnnt,
2387 2285 2643 2339 laudandi
2672 2296 2800 2342 sunt
2844 2287 3010 2342 etiam
3040 2290 3079 2342 ii
3107 2288 3201 2358 qui
3237 2303 3401 2361 opera
3430 2292 3603 2362 parti-

348 2378 556 2436 eularia
582 2379 878 2431 emendare
910 2377 994 2431 vel
1011 2376 1286 2430 elueidare
1326 2376 1509 2431 conati
1527 2382 1678 2430 sunt.
1707 2373 1763 2428 Si
1799 2373 1933 2428 lides
1963 2370 2260 2428 Annalibus
2306 2370 2766 2440 Trivultiensibus,
2794 2373 3101 2431 Boernerus
3133 2377 3201 2432 de
3233 2381 3602 2449 componenda

345 2483 484 2524 nova
514 2465 871 2520 translatione
887 2464 1081 2519 Latina
1099 2463 1454 2536 Myriobiblii,
1478 2478 1576 2518 seu
1598 2461 1941 2517 Bibliotheca:
1960 2457 2160 2524 Photii,
2182 2459 2459 2528 cogitavit.
2482 2459 2787 2529 (Mémoires
2811 2463 2874 2516 de
2901 2462 3160 2528 Treooux,
3188 2466 3318 2520 170-1
3335 2508 3349 2528 .
3375 2484 3424 2537 p.
3449 2470 3602 2538 286.)

413 2553 508 2607 22°
541 2553 797 2608 Eamdem
824 2561 1065 2621 spartam
1095 2565 1296 2606 ornare
1323 2558 1562 2620 cmperat
1582 2549 1844 2605 Claudius
1877 2547 2209 2617 Caperonier
2237 2548 2588 2612 Parisiensis,
2618 2549 2839 2618 adjutus
2861 2558 2902 2604 ta
2939 2550 3101 2606 Patre
3144 2551 3507 2612 Tournetnine
3543 2570 3599 2611 et

344 2640 513 2697 Ellies
535 2640 926 2710 Dupin,etjam
953 2639 1352 2708 quinquaginta
1390 2637 1516 2692 folia
1546 2636 2118 2709 typisimpresserant,
2142 2635 2364 2704 quando
2379 2634 2441 2690 E.
2467 2635 2638 2706 Dupin
2669 2639 2722 2692 in
2758 2640 3009 2694 exsilium
3041 2643 3242 2696 missus
3286 2653 3364 2697 est
3409 2653 3464 2698 et
3489 2646 3599 2700 edi-

341 2733 419 2784 tio
437 2727 717 2783 derelicta.
739 2724 887 2799 (Vid.
917 2727 1196 2796 Supplem.
1223 2725 1601 2790 Moreri1749,
1624 2736 1664 2780 t.
1692 2726 1734 2789 l,
1757 2741 1813 2794 p.
1835 2723 1941 2778 228
1977 2731 2032 2778 et
2062 2725 2121 2777 D.
2147 2722 2363 2779 Gellier.
2388 2723 2639 2778 llist.des
2672 2727 2832 2780 écriv.
2863 2729 3075 2804 cedes"
3101 2738 3140 2785 t.
3171 2728 3290 2782 XIX
3321 2770 3335 2794 ,
3365 2748 3415 2798 p.
3445 2733 3600 2803 432.)

411 2816 505 2872 25⁸
543 2811 853 2868 Translatio
879 2813 1084 2869 Gallica
1105 2814 1269 2868 trium
1290 2815 1601 2869 orationum
1635 2812 1811 2867 Photii
1845 2826 1970 2865 cum
2028 2811 2196 2876 notis,
2255 2811 2513 2867 inseritur
2553 2814 2705 2883 operi
2756 2815 2898 2884 quod
2949 2815 3268 2871 inscribitur
3301 2835 3314 2869 :
3360 2817 3599 2875 Histoire

338 2901 744 2956 ilel’Académie
776 2902 866 2954 des
889 2901 1229 2970 inscriptions
1259 2913 1309 2956 et
1343 2900 1735 2966 belles-lettres,
1770 2907 1810 2955 t.
1842 2898 1980 2967 XVI,
2004 2913 2059 2970 p.
2083 2899 2173 2955 98.
2200 2898 2378 2965 Paris,
2418 2899 2577 2956 1751.
2606 2901 2679 2956 De
2711 2900 2908 2957 Photio
2959 2917 3140 2958 sermo
3167 2904 3397 2960 habetur
3423 2907 3480 2961 in
3507 2923 3592 2962 ea-

341 2992 467 3045 dem
499 2988 840 3052 collectione,
875 2997 914 3042 t.
949 2987 1088 3052 XIV,
1128 3004 1183 3059 p.
1212 2989 1314 3044 180
1343 2997 1396 3044 et
1425 3003 1541 3058 seq.
1569 2987 1744 3054 Paris,
1774 2988 1936 3043 1745.

399 3079 492 3136 24·
532 3079 761 3134 Annales
793 3077 1166 3132 Trivultienses
1188 3078 1493 3149 (Mémoires
1520 3079 1584 3133 de
1613 3077 1872 3154 Trévoux,
1907 3093 1962 3148 p.
1996 3077 2156 3145 1944,
2189 3093 2279 3133 an.
2327 3079 2832 3151 1722))1'ragmenta
2867 3083 3186 3140 esseribunt
3225 3087 3594 3145 translationis

337 3168 556 3222 Gallica:
586 3167 943 3235 epistolarum
974 3165 1037 3219 11
1071 3175 1126 3219 et
1151 3166 1218 3219 12
1245 3167 1312 3220 ad
1351 3166 1663 3222 Mieliaelem
1689 3166 1752 3220 ιιι
1776 3166 2042 3235 Bulgaria:
2064 3169 2388 3237 principem,
2412 3183 2578 3240 quam
2613 3173 2860 3229 versibus
2887 3174 3150 3244 scriptam
3183 3176 3354 3229 edidit
3401 3189 3591 3232 auctor

337 3256 525 3312 Gallus
548 3256 651 3310 hoc
679 3254 839 3308 titulo
873 3272 887 3307 :
925 3272 943 3304 ι
992 3252 1256 3307 Maximos
1295 3270 1429 3324 pour
1463 3255 1518 3308 la
1543 3255 1790 3310 conduite
1817 3255 1890 3308 du
1935 3255 2118 3323 prince
2156 3253 2369 3320 Micltel,
2409 3257 2489 3310 roi
2510 3259 2573 3313 de
2600 3257 2890 3331 Bulgaria,
2923 3277 3021 3332 par
3054 3261 3305 3319 Bernard
3336 3264 3592 3335 Tluiatin,

341 3345 503 3401 oll‘ert
529 3344 563 3399 ὲ
592 3343 760 3399 Louis
780 3341 897 3410 XV,
924 3341 1102 3405 Paris,
1121 3341 1320 3398 1718.»

1169 3430 1284 3486 Xll.
1310 3460 1382 3470 —
1408 3429 1489 3487 De
1526 3433 1592 3487 iis
1619 3436 1708 3504 qui
1741 3443 1947 3490 acta‘et
1979 3437 2179 3505 scripta
2217 3436 2397 3494 Photii
2425 3438 2784 3494 elucidarunt.

401 3521 668 3574 Auctores
690 3532 1011 3572 enumerare
1041 3517 1133 3585 qui
1163 3519 1230 3573 de
1266 3520 1404 3575 actis
1429 3531 1482 3576 et
1510 3523 1728 3592 scriptis
1758 3523 1932 3579 Photii
1962 3524 2209 3580 uetitiam
2233 3526 2513 3587 exhibent,
2543 3527 2628 3579 vix
2664 3525 2922 3594 possibile
2975 3534 3079 3581 est.
3122 3525 3404 3598 Quotquot
3437 3529 3582 3585 extim

336 3607 634 3663 Histeriam
663 3605 921 3660 Ecclesiae
941 3606 1027 3661 vel
1061 3605 1359 3660 Historiam
1391 3609 1719 3676 scriptorum
1750 3611 2247 3666 ecclesiastieorum
2281 3613 2620 3681 attigerunt,
2656 3612 2833 3666 Photii
2867 3623 3018 3682 gesta
3056 3624 3390 3670 enarrarunt
3436 3624 3491 3669 et
3519 3617 3589 3674 de

337 3697 458 3764 ejus
487 3695 640 3750 libris
667 3695 993 3750 sententiam
1019 3696 1384 3764 protulerunt.
1419 3697 1560 3754 Inter
1589 3709 1799 3754 veteres
1845 3714 2006 3754 nemo
2028 3737 2045 3763 ,
2081 3698 2223 3753 inter
2260 3699 2594 3756 recentiores
2629 3701 2729 3755 soli
2773 3709 3135 3769 protestantes
3173 3718 3298 3757 eum
3336 3703 3590 3762 laudibus

339 3783 612 3853 prosecuti
646 3792 801 3844 sunt,
836 3795 941 3836 non
961 3782 1118 3853 quod
1153 3781 1308 3839 laude
1339 3784 1539 3856 dignus
1571 3785 1660 3854 sit,
1696 3787 1786 3842 sed
1813 3789 1942 3858 quia
1979 3787 2164 3842 sedem
2200 3790 2595 3857 apostolicam,
2621 3803 2783 3860 quam
2819 3789 2922 3858 ipsi
2959 3788 3087 3844 odio
3114 3789 3349 3856 habent,
3411 3793 3588 3848 auda-

339 3878 455 3923 cter
478 3881 769 3938 aggressus
796 3875 900 3922 est.

406 3955 478 4008 Ea
504 3969 625 4024 quae
653 3969 682 4008 a
715 3955 908 4010 Photio
937 3955 1020 4011 vel
1057 3956 1111 4011 in
1142 3957 1262 4028 ejus
1292 3972 1460 4014 causa
1489 3965 1639 4029 gesta
1685 3969 1814 4014 sunt
1846 3956 1967 4016 fuse
1993 3971 2215 4018 enarrat
2252 3963 2540 4028 Baronius,
2575 3965 2736 4036 cujus
2781 3966 2926 4022 dicta
2975 3968 3264 4022 conﬁrmat
3301 3965 3501 4040 Pagius
3533 3970 3587 4024 in

334 4042 475 4097 notis
505 4042 621 4098 suis
647 4041 714 4097 ad
744 4041 939 4097 Annal.
971 4043 1206 4108 Baronii,
1239 4045 1460 4101 Multam
1488 4046 1664 4102 lucem
1693 4048 1780 4104 bis
1805 4049 1971 4120 gestis
1999 4051 2288 4106 all‘undunt
2317 4053 2480 4108 etiam
2509 4065 2629 4109 acta
2660 4055 3042 4111 conciliorum.

399 4129 474 4185 De
499 4129 656 4185 libris
685 4129 862 4186 Photii
888 4141 1142 4187 accurate
1172 4133 1510 4202 scripserunt
1535 4132 1807 4199 Labbeus,
1843 4137 2006 4202 Ca‘ve,
2039 4138 2307 4204 Oudinus,
2337 4140 2392 4197 ι.
2417 4143 2483 4196 Α.
2514 4141 2816 4206 Fabricius,
2852 4143 3050 4214 anin,
3091 4145 3224 4199 Dom
3249 4143 3466 4208 Cellier,
3494 4156 3548 4202 et
3569 4187 3585 4212 ,

333 4226 392 4274 ut
425 4217 606 4305 audio,
653 4220 820 4274 etiam
869 4221 1158 4276 Dositheus
1193 4223 1501 4291 patriarcha
1546 4221 2095 4294 Hierosolymitanus,
2122 4243 2221 4299 pro
2270 4227 2494 4297 Graecis,
2521 4230 2576 4285 in
2620 4229 2946 4286 Praefatione
2992 4233 3288 4290 voluminis
3319 4235 3466 4305 quod
3502 4236 3556 4290 in

335 4304 594 4360 scribitur
621 4305 798 4378 Τόμος
822 4309 1021 4379 χαρᾶς,
1056 4322 1202 4364 anno
1236 4308 1376 4363 1705
1411 4310 1553 4381 typis
1581 4309 1734 4366 editi.

2178 4404 2354 4474 13”“,
2395 4407 2428 4463 8
2463 4405 2768 4464 decembris
2821 4407 2982 4464 1860.
