3912 6218
499 285 565 351 ll
1654 295 1736 355 IN
1772 293 2083 358 AMl'UILt

2190 300 2222 361 Ξ
2235 300 2310 361 [Α
2340 300 2602 363 ΡΗΟΤΙΙ
3700 307 3767 377 12

492 412 618 452 rum
647 406 702 452 et
718 393 1111 453 catholicarum
1152 399 1517 479 Epistolarum
1543 417 1915 476 exponuntur.
1945 409 2085 464 Pbi-
2110 413 2162 473 A
2185 413 2400 477 ratione
2441 430 2541 470 nec
2569 415 2685 485 pari
2715 415 2974 472 felicitate
3009 414 3393 487 enucleantur,
3420 421 3769 490 quemadmo-

493 490 758 561 lologicas
796 506 939 561 szrpe
970 494 1385 569 observationes
1438 498 1644 566 profert
1673 500 1900 559 Photius
1944 503 2089 573 (69).

500 586 765 654 reliquias
797 589 1087 643 nonnullas
1113 591 1466 660 antiquarum
1501 597 1820 652 versionum
1854 600 2087 669 quilae,

493 676 811 748 Symmachi
846 689 901 734 et
929 680 1322 740 Theodotionis
1347 687 1503 741 nobis
1533 690 1843 759 suppeditat
1866 691 2009 761 (78),
2037 705 2093 748 et

495 766 741 821 sobriam
803 769 1130 839 plerumque
1187 776 1440 840 sequitur
1492 777 1885 848 interpretandi
1921 782 2093 837 ratio-

494 873 645 925 nem,
674 875 781 928 qua
815 862 1252 933 allegoristarum
1282 866 1753 925 immoderantiam
1781 882 1834 927 et
1863 888 2091 942 perver-

494 951 711 1006 sitatem
729 955 1007 1024 respuitac
1018 956 1248 1027 castigat
1262 959 1393 1028 (71).
1409 976 1584 1030 neque
1603 972 1777 1016 tamen
1798 968 2091 1034 mysticum

495 1058 718 1099 sensum
765 1048 1043 1117 reprobat.
1079 1047 1194 1103 lmo
1245 1066 1621 1120 saepenumero
1653 1056 1866 1111 Veteris
1891 1056 2091 1113 Testa-

496 1135 667 1190 menti
702 1139 810 1207 typi
846 1138 952 1192 lato
981 1139 1276 1194 admodum
1298 1143 1645 1199 illustrantur
1663 1145 1798 1218 (79.),
1818 1158 1872 1202 et
1895 1149 2091 1205 littera:

502 1226 767 1295 spiritus,
822 1230 1111 1299 γράμματι
1166 1230 1403 1301 πνεῦμα,
1457 1234 1741 1304 praefertur
1777 1237 1913 1310 (75).
1971 1237 2088 1294 Non

493 1319 923 1387 cunctaquidem
960 1322 1355 1384 solide,verum
1375 1327 1635 1397 pleraque
1667 1330 1953 1399 perspicue
1999 1348 2093 1386 ex-

498 1413 823 1483 planantur;
854 1417 1090 1472 varietas
1115 1427 1298 1473 tamen
1334 1432 1387 1474 et
1429 1433 1688 1478 constans
1716 1425 2091 1495 antiquiorum

495 1519 628 1558 usus
660 1506 759 1560 hos
784 1510 1208 1566 commentarios
1229 1524 1514 1578 exornant,
1528 1530 1593 1568 ex
1616 1516 1814 1584 quibus
1834 1519 2088 1586 plurima,

495 1612 616 1665 qua:
641 1596 795 1653 Pauli
844 1600 1113 1671 Epistolas
1139 1605 1433 1673 illustrant,
1457 1608 1665 1665 scholia
1695 1610 1749 1664 in
1768 1609 2090 1677 (Ecumenii
2130 1600 2133 1603 l

495 1692 922 1747 commentarios
968 1694 1325 1752 transierunt.

564 1775 654 1829 12.
694 1778 776 1831 Ad
820 1780 1049 1835 alteram
1084 1784 1282 1839 seriem
1316 1788 1458 1855 quod
1506 1790 1721 1860 attinet,
1761 1794 1980 1850 circiter
2013 1798 2083 1854 50
2122 1765 2162 1820 Β

492 1869 828 1935 qtnestiones
863 1886 1187 1943 argumenta
1227 1877 1534 1949 dogmatica
1566 1897 1995 1956 prosequuntur.
2019 1890 2080 1946 In

492 1961 579 2016 his
611 1967 871 2036 mysteria
892 1967 1175 2028 Trinitatis
1196 1986 1251 2028 et
1281 1975 1676 2037 incarnationis
1706 1970 1945 2053 primum
1974 1986 2077 2041 sibi

492 2052 676 2110 locum
705 2059 1001 2128 vindicant,
1030 2064 1097 2118 de
1119 2066 1318 2131 quibus
1346 2074 1545 2141 saepius
1578 2052 1717 2146 (74),
1773 2077 1877 2132 etsi
1916 2078 2083 2133 inter-

492 2147 621 2201 dum
676 2152 932 2208 subtilius
966 2172 1129 2225 quam
1184 2161 1369 2216 verius
1391 2203 1407 2228 ,
1439 2164 1765 2234 disseritur;
1800 2169 2082 2238 poletuicaa

495 2254 715 2308 quoque
744 2243 796 2296 in
821 2242 1041 2302 Latinos
1067 2247 1320 2306 Diatribae
1340 2270 1446 2307 non
1467 2256 1681 2321 desunt,
1706 2261 1907 2330 quibus
1932 2277 2082 2330 qua:—

493 2332 619 2385 dam
648 2349 836 2389 eorum
867 2335 935 2391 de
959 2343 1307 2408 processioue
1339 2344 1574 2415 Spiritus
1613 2352 1794 2406 sancti
1823 2369 1890 2407 ex
1921 2353 2083 2409 Patre

491 2419 741 2493 Filioque
763 2439 1087 2496 argumenta
1112 2431 1450 2501 impetuntur
1487 2438 1623 2508 (75).
1648 2440 1935 2497 Tractatus
1950 2459 2084 2499 vero

492 2512 573 2571 De
612 2517 974 2574 voluntatibus
1018 2526 1277 2592 gnomicis
1314 2528 1501 2583 subtili
1552 2535 1972 2602 argumentandi
2029 2546 2084 2591 et

492 2608 801 2684 argutiendi
841 2614 1001 2669 modo
1047 2613 1211 2672 facile
1257 2628 1487 2677 caeteros
1514 2635 1756 2693 superat.
1809 2625 2078 2684 Prmterea

492 2699 690 2779 dogma
738 2704 805 2757 de
838 2707 1143 2764 aeternitate
1186 2726 1474 2781 ptenarum
1524 2717 1870 2784 defenditur,
1919 2722 2081 2777 realis

490 2789 698 2848 Christi
757 2795 812 2850 in
868 2797 1215 2861 Eucharistia
1264 2810 1594 2876 praesentia,
1658 2811 1964 2881 baptismus
2024 2817 2078 2871 in

490 2879 779 2942 Trinitatis
814 2897 1028 2946 tantum
1061 2895 1283 2950 nomine
1304 2879 1797 2969 administrandas,
1821 2915 2098 2974 perpetua.

490 2972 665 3032 beatae
719 2976 901 3036 Mariae
937 2983 1222 3056 virginitas
1278 2987 1425 3053 haud
1465 2991 1761 3063 incongrue
1802 2972 2084 3052 vindican-

492 3075 584 3121 tur
618 3068 757 3137 (76).

563 3159 653 3213 13.
688 3158 876 3217 Tertio
898 3164 1255 3225 demumloco
1282 3170 1514 3226 veniunt
1537 3173 1738 3230 diversi
1769 3181 2077 3247 argumenti

489 3253 841 3320 quaestiones.
877 3255 1034 3311 Modo
1069 3258 1386 3316 Aristotelis
1418 3266 1722 3334 categorias
1753 3268 1890 3339 (77),
1916 3274 2079 3328 modo

488 3341 716 3415 Patrum
750 3346 824 3416 (et
853 3350 1071 3418 quidem
1103 3353 1353 3424 Gregorii
1397 3356 1759 3426 Nazianzeni,
1800 3361 1988 3434 Cyrilli
2026 3375 2080 3420 et

487 3434 714 3505 Joannis
756 3437 1004 3509 Climaci)
1049 3441 1191 3497 dicta
1226 3445 1341 3516 (78)
1397 3460 1796 3505 Commentatur
1831 3451 2090 3510 Photius»

487 3527 572 3583 Ad
617 3529 900 3601 historiam
929 3532 1247 3590 litterariam
1281 3550 1527 3608 spectant
1564 3559 1685 3621 quae
1735 3544 1803 3600 de
1846 3546 2079 3605 Asteriis

489 3631 545 3691 et
569 3620 637 3674 de
668 3622 907 3677 Eusebio
936 3623 1263 3683 Caesariensi
1293 3630 1537 3701 disputat
1570 3634 1719 3705 (79);
1761 3637 1827 3695 ad
1860 3640 2074 3711 mytho-

491 3714 688 3783 logi‘am
724 3731 847 3786 qua:
885 3719 952 3771 de
999 3716 1231 3783 Hercule
1268 3722 1570 3781 Amaltheae
1610 3744 1780 3784 cornu
1832 3742 2079 3801 gestante

491 3805 733 3870 disserit,
768 3810 832 3863 ad
859 3810 1213 3883 philologiam
1246 3815 1429 3872 brevis
1458 3820 1525 3874 de
1556 3822 1704 3875 verbi
1728 3824 1842 3893 εἰμι
1871 3825 2077 3880 redun-

491 3897 676 3968 dantia
694 3906 958 3955 tractatus
988 3902 1125 3969 (80).
1150 3903 1410 3963 Rationes
1427 3912 1911 3982 quadragesimalis
1935 3916 2078 3985 jeju-

491 3992 568 4046 nii
594 4002 647 4046 et
675 4002 892 4049 statutae
932 3996 1001 4050 ab
1033 3996 1277 4055 Ecclesia
1331 4004 1749 4073 irregularitatis
1771 4024 1836 4064 ex
1864 4011 2077 4065 defectu

489 4086 742 4154 corporis
768 4089 1028 4158 exquirit,
1058 4091 1124 4146 de
1151 4091 1291 4150 ideis
1326 4093 1626 4154 Platonicis
1648 4142 1662 4163 ,
1699 4101 1767 4155 de
1799 4118 1998 4172 genere
2023 4111 2077 4158 et

493 4180 695 4248 Specie,
723 4182 788 4234 de
825 4180 1154 4252 Sibyllarum
1177 4201 1430 4254 numero,
1463 4191 1530 4245 de
1567 4205 1841 4263 magnele,
1866 4196 1933 4250 de
1948 4197 2076 4250 anni

488 4270 685 4337 initiis,
705 4272 772 4329 de
792 4272 1068 4345 Kalendis,
1100 4277 1270 4345 Nonis
1294 4290 1349 4359 et
1376 4280 1560 4339 Idibus
1588 4286 1820 4356 aliisque
1843 4290 2078 4347 breviter

493 4364 606 4433 agit
636 4365 768 4435 (81).
803 4366 905 4422 Tot
961 4385 1027 4427 ac
1079 4380 1187 4425 tam
1232 4372 1451 4429 diversa
1498 4389 1823 4447 argumenta
1881 4382 2076 4450 partim

2196 505 2324 561 dum
2351 522 2452 563 nec
2482 509 2680 563 desunt
2710 509 3001 574 Diatribaa,
3030 512 3085 566 in
3117 513 3317 582 quibus
3351 512 3577 567 Photius
3608 515 3770 570 nimis

2195 614 2297 654 suo
2327 601 2542 671 ingenio
2559 601 2802 673 indulget
2818 612 2873 658 et
2903 605 3063 660 modo
3083 605 3365 661 brevitatis
3381 607 3583 671 studio,
3605 608 3766 662 modo

2195 691 2484 747 verborum
2500 695 3002 765 sententiarumque
3018 698 3169 767 copia
3192 698 3460 752 obscurus
3485 697 3561 753 ﬁt.
3584 695 3769 767 Neque

2196 782 2468 848 scribendi
2517 801 2690 856 genus
2712 786 2903 841 eodem
2943 787 3175 857 judicari
3219 790 3380 843 modo
3413 797 3623 858 potest.
3657 799 3768 843 tum

2195 878 2339 946 quod
2365 892 2431 931 ex
2458 885 2539 932 tot
2578 877 2894 933 auctoribus
2933 880 3094 949 plane
3119 880 3349 936 diversis
3398 881 3773 951 singularique

2194 966 2522 1022 elocutionis
2541 965 2715 1023 forma
2735 969 3007 1025 distinctis
3024 969 3254 1038 plurima
3273 969 3512 1023 derivata
3527 967 3770 1031 fuerunt,

2195 1068 2310 1114 tum
2336 1061 2481 1131 quod
2514 1061 2629 1128 ipsc
2651 1061 2901 1123 Photius.
2930 1062 3023 1131 qui
3051 1071 3158 1116 tam
3202 1061 3477 1131 ingentem
3505 1061 3771 1115 librorum

2196 1153 2404 1221 copiam
2432 1153 2727 1214 evolverat,
2761 1169 2792 1208 a
2840 1154 3041 1224 seipso,
3067 1154 3211 1224 quod
3236 1154 3305 1208 ad
3327 1155 3621 1208 dictionem
3648 1167 3774 1220 spe-

2193 1250 2324 1301 ctat.
2344 1239 2617 1295 interdum
2641 1242 2929 1311 discrepat.
2954 1244 3098 1296 Sane
3114 1244 3516 1313 nemoignorat,
3534 1252 3773 1314 quanto-

2193 1342 2320 1395 pere
2349 1328 2753 1383 eruditissimus
2789 1332 2869 1383 vir
2895 1345 2925 1383 a
2954 1332 3184 1387 candida
3217 1333 3520 1401 priscorum
3554 1334 3771 1389 Attico—

2197 1430 2317 1469 rum
2363 1418 2713 1486 simplicitate
2745 1430 2798 1473 et
2844 1422 3111 1491 elegantia
3142 1422 3454 1487 deﬂexerit.
3492 1440 3773 1497 quamque

2193 1524 2319 1561 raro
2353 1510 2624 1578 puriorem
2654 1511 2806 1565 illum
2834 1511 3048 1567 dicendi
3071 1515 3289 1570 modum
3320 1517 3586 1585 attigerit,
3610 1534 3774 1588 quem

2195 1616 2254 1655 se
2284 1602 2497 1670 plurimi
2554 1600 2732 1657 facere
2768 1619 3142 1673 stepenumero
3194 1617 3549 1676 protestatur,
3583 1625 3776 1678 quem-

2196 1709 2302 1763 que
2331 1694 2606 1763 discipulis
2655 1705 2914 1766 tauquam
2961 1701 3265 1756 studiorum
3294 1712 3493 1758 metam
3518 1706 3777 1775 proponit

2195 1789 2659 1858 prosequendum.
2699 1789 2887 1846 Oratio
2916 1792 3037 1862 ejus
3068 1810 3210 1864 sarpe
3257 1796 3523 1864 ampullas
3558 1798 3775 1867 proiicit

2182 1888 2543 1951 ornatumque
2584 1883 2815 1937 nimium
2852 1883 3109 1953 affeCLat;
3151 1887 3277 1941 alibi
3322 1888 3508 1943 rudior
3540 1899 3773 1958 apparet

2187 1982 2353 2044 atque
2384 1975 2534 2029 humi
2576 1978 2968 2046 propemodum
2996 1984 3463 2050 repens;concisa
3494 1983 3770 2039 interdum

2190 2066 2599 2122 dialecticorum
2634 2086 2804 2133 more,
2838 2072 2975 2127 alias
3001 2075 3282 2127 rhetorum
3312 2077 3639 2142 posterioris
3669 2077 3768 2131 aevi

2182 2157 2409 2214 ﬂoribus
2441 2161 2601 2235 haud.
2626 2162 2764 2217 bene
2793 2164 3060 2233 colligatis
3095 2181 3261 2234 supra
3295 2167 3517 2221 modum
3547 2183 3769 2224 omnem

2184 2252 2405 2321 referta,
2433 2254 2595 2308 modo
2622 2254 2768 2310 clara
2804 2257 3030 2311 omnino
3061 2266 3115 2311 et
3140 2260 3450 2328 perspicua,
3478 2262 3642 2315 modo
3669 2261 3771 2317 ob-

2181 2347 2499 2401 scurissima
2524 2358 2577 2401 et
2603 2349 2749 2403 omni
2779 2351 2953 2419 gratia
2974 2351 3230 2406 destituta
3266 2351 3401 2422 (82).
3430 2350 3767 2424 Versipellex

2185 2436 2351 2493 homo
2381 2439 2522 2509 stylo
2555 2455 2771 2511 quoque
2798 2456 2922 2497 sese
2943 2442 3145 2512 prodit.

2256 2617 2344 2672 15.
2385 2617 2521 2673 Illud
2558 2618 2778 2674 demum
2825 2621 3199 2686 mouendum,
3240 2623 3502 2679 nonnulla
3538 2638 3653 2679 non
3703 2624 3770 2682 ad

2185 2712 2466 2767 catholicae
2497 2713 2756 2767 doctrinae
2802 2730 3047 2770 normam
3086 2731 3189 2771 nec
3232 2727 3486 2772 accurate
3527 2727 3586 2772 et
3616 2716 3772 2774 cadte

2185 2805 2322 2859 satis
2353 2805 2621 2874 disputari
2645 2816 2698 2860 et
2732 2805 2982 2862 abstrusa
3010 2808 3255 2877 quaedam
3281 2825 3347 2864 ex
3379 2811 3770 2881 areopagiticis

2185 2900 2403 2969 scriptis
2450 2904 2646 2956 hausta
2702 2900 2754 2954 in
2790 2902 3115 2971 Dogmaticis
3164 2902 3410 2956 diatribis
3458 2906 3764 2969 contineri,

2184 3008 2303 3062 quae
2342 3008 2529 3047 sanam
2580 2996 3117 3064 interpretationem,
3167 2996 3268 3052 etsi
3295 3013 3402 3051 non
3437 2998 3760 3064 excludere,

2106 3114 2147 3171 ο
2184 3099 2426 3145 attamen
2455 3091 2730 3145 difﬁcilem
2766 3093 2990 3146 oumino
3030 3092 3254 3147 reddere
3282 3092 3596 3149 videantur.
3648 3092 3769 3148 Non

2186 3198 2248 3236 ea
2277 3192 2523 3243 tantum,
2573 3199 2696 3253 quae
2748 3184 2813 3237 ad
2868 3184 3298 3238 controversiam
3338 3183 3566 3240 Latinos
3630 3186 3772 3240 inter

2185 3281 2347 3341 atque
2376 3272 2596 3327 Graecos
2639 3274 2921 3343 agitatam,
2956 3289 3075 3338 seu,
3106 3283 3165 3328 ut
3209 3275 3415 3329 rectius
3448 3275 3769 3344 loquamur,

2186 3366 2250 3420 ad
2279 3366 2471 3436 dogma
2507 3366 2575 3420 de
2609 3365 2844 3435 Spiritus
2870 3365 3044 3419 sancti
3075 3381 3140 3420 ex
3174 3367 3333 3420 Patre
3357 3365 3609 3437 Filioque
3639 3384 3773 3437 pror-

2186 3458 2436 3513 cessione
2462 3457 2796 3522 referuntur,
2824 3473 3012 3512 verum
3051 3467 3105 3513 et
3133 3461 3385 3528 quaedam
3417 3460 3544 3522 alia,
3564 3475 3695 3529 quae
3716 3460 3771 3517 in

2186 3549 2337 3605 hisce
2362 3551 2759 3620 quaestionibus
2787 3559 3107 3614 occurrunt,
3140 3551 3258 3605 suis
3280 3551 3601 3620 plerumque
3632 3552 3775 3607 locis

2185 3644 2253 3697 ab
2276 3642 2581 3697 editoribus
2605 3644 2865 3697 adnotata
2896 3658 2925 3696 a
2951 3643 3214 3712 gravibus
3243 3658 3308 3696 ac
3337 3644 3579 3697 cordatis
3609 3646 3775 3699 theo-

2185 3733 2324 3804 logis
2359 3734 2460 3788 hac
2491 3735 2545 3788 in
2596 3745 2749 3804 parte
2792 3736 3204 3805 perstringenda
3251 3746 3398 3790 sunt.
3432 3734 3773 3793 Locutiones

2185 3842 2327 3894 sape
2349 3827 2416 3880 ab
2443 3826 2814 3881 ecclesiastico
2846 3828 3104 3896 loquendi
3149 3843 3248 3882 usu
3273 3828 3526 3883 differunt
3558 3839 3614 3883 et
3638 3830 3776 3889 diﬂi-

2185 3918 2479 3973 cultatibus
2509 3927 2638 3972 sunt
2664 3919 2931 3983 obnoxiae,
2960 3934 3191 3988 quarum
3225 3928 3408 3974 tamen
3444 3920 3618 3990 major
3641 3938 3774 3990 pars

2185 4019 2491 4078 Opportune
2525 4024 2590 4063 ex
2625 4009 2748 4063 aliis
2790 4011 2970 4063 Photii
3009 4010 3147 4064 locis
3186 4011 3388 4080 exponi
3428 4013 3648 4080 paterit.
3680 4013 3773 4069 Sic

2184 4103 2404 4171 quando
2433 4103 2499 4157 de
2523 4103 2745 4157 Christo
2779 4102 3031 4172 loquens.
3077 4120 3096 4153 ί
3124 4100 3239 4156 Non
3265 4113 3446 4158 tamen
3488 4104 3769 4162 hominem

2184 4194 2358 4251 Deum
2415 4195 2665 4260 facimus,
2730 4197 2928 4267 inquit,
2990 4196 3132 4251 absit
3188 4196 3335 4266 (85),
3369 4198 3482 4252 rid
3541 4200 3775 4257 sinistre

2184 4289 2358 4358 accipi
2405 4288 2615 4358 nequit,
2640 4304 2765 4343 eum
2796 4290 3067 4345 sexcentis
3096 4289 3233 4344 locis
3260 4290 3486 4345 Photius
3513 4306 3672 4346 suam
3700 4293 3770 4347 de

2185 4379 2560 4435 incarnatione
2597 4380 2901 4435 doctrinam
2951 4380 3260 4436 luculenter
3297 4391 3552 4451 exponat.
3611 4382 3769 4454 Saepe

492 4453 819 4513 brevissima
849 4462 1209 4531 responsione
1237 4468 1433 4536 partim
1459 4470 1670 4539 prolixa
1693 4473 2077 4530 dissertatione
2105 4488 2156 4548 ι)
2180 4473 2384 4526 erroris
2424 4472 2631 4526 umbra:
2655 4474 2898 4540 quaedam
2923 4472 3179 4526 lectorem
3215 4471 3438 4537 feriunt,
3481 4488 3605 4526 raro
3634 4489 3768 4528 vero

490 4546 600 4617 hoc
631 4552 1133 4621 Amphilochiorum
1164 4574 1331 4631 opere
1367 4560 1601 4631 Photius
1638 4566 1842 4622 evolvit
1868 4577 1923 4622 et
1947 4568 2078 4624 illu-

492 4641 708 4698 stravit.

566 4734 654 4789 14.
699 4737 753 4789 In
790 4747 939 4793 tanta
975 4754 1157 4797 rerum
1182 4744 1749 4821 diseeptationumque
1779 4753 1924 4809 mole
1969 4756 2078 4810 mi-

489 4842 614 4897 rum
641 4845 775 4885 sane
810 4831 953 4897 haud
983 4844 1088 4898 est,
1112 4840 1257 4906 quod
1289 4854 1398 4901 non
1432 4844 1616 4912 omnia
1640 4845 1829 4899 eadem
1852 4862 2079 4917 prorsus

566 4979 678 5055 (Q9)
805 4998 887 5052 gr.
918 5000 974 5055 q.
1015 4985 1071 5049 1,
1099 4984 1191 5054 21,
1230 4986 1356 5045 155.

565 5051 679 5123 (70)
720 5052 782 5106 ν.
816 5051 901 5117 gr.
923 5051 978 5123 q.
1003 5056 1092 5111 4‘2.

562 5121 677 5199 (ῃ)
710 5122 776 5199 ρ.
800 5122 870 5199 7_o_
895 5121 1127 5199 gnam.
1157 5145 1230 5193 ci,
1263 5145 1318 5199 p.
1352 5131 1468 5199 35).
1928 5186 1933 5195 .

563 5193 680 5281 (78)
710 5194 776 5281 ρ.
811 5194 1094 5281 stagnat,
1142 5193 1695 5281 misti-hastam,
1722 5193 1966 5281 μω).

589 5264 683 5346 78)
712 5263 778 5346 ρ.
807 5265 1057 5346 sanun,
1074 5263 1435 5346 _p.'67);_263
1469 5263 1617 5346 (Mai,
1662 5263 1894 5346 dites).

488 5333 678 5456 2⁸,(74)
713 5338 779 5401 ρ.
812 5333 937 5402 m‘,
993 5333 1096 5393 ist“
1127 5333 1269 5413 seqf,
1303 5343 1433 5409 195,
1467 5333 1752 5412 195,925,
1785 5333 1911 5413 22's,
1939 5348 2077 5405 228-

528 5427 561 5456 υ
603 5443 617 5456 .

528 5427 617 5459 Ol.

566 5474 680 5557 (75)
832 5477 1082 5557 refellere
1104 5493 1336 5538 conatur
1354 5498 1738 5555 argumentum
1763 5504 1827 5543 ex
1850 5488 2076 5557 Patrum

492 5544 1476 5633 lgc'u‘tionibu’s‘dcsumptum,quibus
1495 5557 1729 5627 Spiritus
1758 5559 1879 5614 Filii
1901 5544 2078 5633 imago

496 5615 804 5699 dicitur_(q.
828 5618 969 5687 255;
997 5615 1404 5699 hia-itptii'li’i),
1446 5615 1829 5699 argumentum
1856 5648 1920 5687 ex
1952 5615 2080 5687 mi’s-

497 5689 651 5775 suipne
671 5689 994 5775 derivatum
1029 5695 1110 5775 (tl.
1136 5689 1259 5775 188)
1290 5689 1602 5775 aegemum
1656 5700 1807 5775 illud
1835 5717 2074 5775 quoque,

500 5759 644 5839 quod
668 5759 719 5813 in
747 5760 1015 5819 l’hotiana
1038 5759 1332 5837 bypothesi
1354 5767 1552 5827 Filium
1584 5779 1637 5827 ct
1669 5759 1931 5847 Spiritum
1959 5759 2073 5835 ira;

2146 4960 2149 4963 ἰ
2178 5001 2291 5069 tres
2322 4995 2438 5069 fore
2467 4999 2746 5055 contendit
2781 4997 2836 5069 (q

2179 4566 2353 4635 aperti
2383 4580 2619 4625 errores.
2656 4565 2761 4618 Sed
2810 4565 2923 4634 jam
2958 4565 3025 4619 ad
3054 4564 3353 4634 pleniorem
3384 4569 3556 4621 nostri
3583 4569 3772 4637 operis

2180 4658 2450 4723 notitiam,
2485 4658 2553 4712 ad
2575 4673 2636 4712 ea
2684 4672 2805 4726 qua:
2834 4657 2900 4711 ad
2928 4667 3246 4727 praesentem
3267 4657 3560 4712 editionem
3578 4661 3767 4715 subsi-

2179 4746 2266 4800 dia
2320 4755 2484 4817 atque
2521 4747 2851 4802 adminicula
2894 4748 3285 4818 praestiterunt,
3340 4750 3589 4805 animum
3641 4766 3768 4806 ver-

2162 4838 2380 4895 'tamus.

2253 5066 2366 5135 (76)
2402 5066 2468 5134 Q.
2497 5069 2584 5129 15,
2617 5070 2709 5128 45.
2736 5066 2835 5132 75;
2867 5066 2992 5126 m‘.

2250 5137 2362 5207 (77)
2391 5138 2456 5204 Q.
2493 5140 2613 5205 157,
2650 5141 2769 5194 147.

2251 5208 2363 5277 (78)
2403 5216 2468 5274 o.
2505 5211 2594 5275 78,
2621 5211 2748 5274 2'55,
2782 5210 2909 5274 245,
2942 5210 3072 5267 275.

2252 5281 2363 5346 (79)
2399 5284 2464 5345 ρ.
2496 5281 2620 5345 512,
2645 5282 2771 5336 sat.

2251 5350 2360 5417 (80)
2399 5349 2463 5415 Q.
2501 5351 2771 5414 106,107.

2248 5420 2363 5490 (81)
2396 5421 2460 5485 o.
2495 5423 2617 5486 ιδυ,
2651 5424 2739 5489 ao,
2770 5422 2856 5487 77,
2894 5422 3166 5490 150,151,
3196 5427 3319 5487 ast,
3344 5426 3472 5480 242.

2249 5426 2332 5485 (81
2396 5426 2460 5485 Q.
2495 5426 2617 5486 150,
2651 5426 2739 5489 20,
2770 5426 2856 5487 77,
2894 5426 3166 5490 150,151,
3196 5427 3319 5487 554,
3344 5426 3472 5480 242.

2249 5426 2363 5562 (8‘2;
2394 5490 2479 5562 Cf.
2502 5508 2563 5547 ea
2587 5509 2708 5561 quae
2736 5495 2976 5550 diximus
3007 5498 3057 5548 in
3082 5497 3666 5553 Animadversionibus
3687 5496 3759 5555 ad

2177 5560 2357 5687 Phrétii
2423 5560 2503 5615 De
2547 5560 2758 5633 Spiritu
2805 5563 2866 5621 S.
2926 5578 3257 5638 mystagogta
3313 5568 3538 5636 librum,
3613 5570 3647 5645 ᾗ
3696 5570 3755 5637 ﬁ,

2177 5651 2234 5687 n.
2312 5673 2325 5687 .

2177 5651 2234 5689 ll.
2272 5651 2325 5687 δ.

2249 5703 2361 5778 (85)
2391 5704 2474 5761 cr.
2505 5722 2561 5777 q.
2605 5706 2724 5771 184.
