3976 6222
282 305 314 373 Ι
334 309 359 373 1
1606 319 1869 380 PROLEt

1981 321 2187 382 ιῐΕΝΑ.
3472 318 3546 384 18

279 420 343 514 in
380 434 437 474 re
470 420 805 491 praestiterit,
858 424 1094 479 nondum
1138 426 1415 496 pa‘tulmes
1462 434 1717 498 reperire.
1748 431 1851 485 Ret
1882 441 1928 493 Α
1958 432 1986 505 ς
2021 432 2107 487 Vl.
2137 432 2299 487 —-De
2325 431 2573 503 prwsenti
2599 428 3159 514 Amphilochianarum
3192 431 3545 501 oscitationem

282 512 401 583 ipsa
448 514 648 568 saeculo
703 515 910 570 decimo
952 526 1149 573 octavo
1182 529 1415 574 exeunte
1451 520 1556 575 128
1612 523 1862 578 diatriba:

278 619 351 658 ex
386 604 767 674 Amp‘tiloc’ttis
796 609 1083 678 publicatae
1112 610 1326 667 fuerunt
1363 630 1378 667 :
1408 612 1465 666 71
1522 614 1664 685 apud
1710 615 1862 669 Mou.

279 700 548 750 tacutium
593 712 607 750 :
646 697 679 752 8
698 698 835 765 apud
859 695 910 751 J.
944 698 1265 772 Basnagium
1296 701 1432 771 (50).
1461 702 1496 757 2
1526 703 1669 774 apud
1694 704 1860 760 Com-

282 786 559 851 befisiu-n,
606 804 711 844 una
742 794 886 860 apud
939 790 1416 849 Montefalconiom
1447 794 1583 867 (51),
1617 796 1686 852 46
1715 798 1859 869 apud

284 871 572 930 Wolﬁum.

350 968 443 1022 25.
470 968 682 1024 5801110
700 970 919 1026 demum
943 980 1132 1029 nostro
1156 973 1223 1030 Α.
1246 974 1467 1032 Scottus
1490 976 1599 1048 (52)
1623 976 1858 1047 primum

280 1059 345 1110 17
382 1060 716 1127 quaestiones
764 1076 931 1119 novas
981 1063 1129 1119 dedit
1176 1082 1284 1123 una
1342 1084 1465 1123 cum
1518 1070 1647 1131 alia,
1692 1084 1858 1139 quam

274 1151 646 1209 timubefisius
678 1155 923 1209 mutilam
954 1157 1197 1224 dederat,
1220 1174 1578 1227 qutesuonem
1608 1161 1860 1216 videticet

273 1250 470 1296 rontra
511 1240 830 1314 Ubiquistas
885 1246 1015 1313 (55).
1076 1249 1318 1319 Angelus
1378 1265 1505 1305 vero
1566 1251 1859 1306 cardinalis

272 1334 455 1391 Maius
490 1335 592 1392 150
640 1353 812 1392 novas
851 1340 1182 1407 quaestiones
1222 1343 1494 1413 evolgavit
1539 1344 1690 1413 (5i);
1738 1360 1861 1413 quae

271 1441 410 1479 vero
444 1427 621 1494 reipsa
656 1430 836 1481 solum
868 1429 971 1483 147
1016 1431 1383 1499 constituunt,
1414 1448 1537 1487 cum
1564 1434 1722 1501 inter
1762 1435 1859 1489 has

271 1515 520 1584 tresjam
549 1526 708 1573 antea
739 1518 943 1573 fuerint
971 1522 1258 1590 publicata:
1284 1524 1419 1594 (55).
1445 1521 1584 1578 Hine
1611 1539 1643 1578 a
1670 1526 1860 1580 Scotto

265 1617 323 1658 et
365 1606 513 1660 Maio
545 1608 647 1662 164
680 1611 1006 1678 quaestiones
1050 1612 1190 1666 data:
1221 1622 1372 1678 sunt,
1417 1630 1541 1684 quae
1569 1629 1696 1670 cum
1742 1615 1857 1671 illis

270 1698 380 1752 128
416 1698 524 1767 iam
558 1712 717 1755 antea
749 1702 910 1757 editis
942 1702 1149 1759 faciunt
1183 1704 1314 1759 292.

2627 503 2883 556 editione.

2028 682 2118 735 26.
2157 680 2644 736 Eminentissimus
2685 679 2857 734 Maius
2887 688 3193 749 postremas
3223 689 3440 734 centum
3490 690 3547 736 et

1958 775 2181 842 triginta
2215 772 2544 841 qtuestiones
2577 771 2719 841 typis
2767 770 3035 824 mandans
3077 771 3363 823 censuisse
3391 769 3543 824 vide-

1961 872 2067 927 tur,
2098 878 2159 917 se
2208 877 2354 917 nunc
2401 862 2608 921 omnia,
2659 876 2779 929 quae
2828 860 3067 915 nondum
3111 861 3255 914 edita
3306 859 3546 923 fuerant,

1959 954 2328 1025 Amphilochia
2377 952 2577 1023 publici
2622 951 2764 1021 juris
2811 949 3007 1006 fecisse
3066 959 3354 1020 totumque
3401 950 3550 1003 hunc

1958 1045 2404 1101 dissertationum
2439 1044 2759 1098 thesaurum
2791 1044 3093 1098 absolvisse
3130 1042 3267 1112 (59).
3302 1041 3406 1095 Sed
3434 1058 3548 1096 rem

1958 1153 2066 1192 non
2094 1139 2165 1192 ita
2192 1152 2251 1191 se
2287 1136 2508 1199 habere,
2545 1150 2613 1190 ex
2644 1134 2893 1191 Vaticani
2949 1136 3156 1190 codicis
3210 1135 3552 1203 inspectione

1957 1236 2013 1282 et
2068 1227 2263 1280 indicis
2314 1226 2639 1281 Coisliniani
2689 1242 2720 1281 a
2777 1225 3205 1281 Montefaleonio
3286 1225 3550 1295 descripti

1958 1319 2250 1373 collatione
2290 1318 2425 1374 satis
2465 1320 2641 1373 edocti
2666 1320 2782 1385 jam
2820 1320 2949 1372 alibi
2992 1319 3106 1387 (40)
3154 1318 3466 1382 docuimus,
3498 1326 3555 1371 et

1958 1413 2161 1482 pariter
2181 1411 2521 1467 ostendimus
2580 1413 2773 1467 saltem
2804 1412 3031 1481 triginta
3061 1413 3197 1466 duas
3221 1412 3554 1479 quaestiones

1958 1503 2140 1557 adhuc
2193 1503 2529 1557 remansisse
2580 1503 2837 1561 ineditas,
2892 1510 2947 1555 et
3002 1516 3183 1569 neque
3232 1498 3553 1553 Vaticanum

1958 1596 2203 1651 codicem
2238 1596 2329 1660 iis,
2370 1612 2494 1667 qua:
2538 1594 2715 1651 Maius
2774 1594 3033 1662 dederat,
3092 1593 3265 1648 fuisse
3314 1594 3556 1648 exhaus-

1967 1696 2109 1741 tum.

341 1790 441 1843 24.
501 1789 765 1845 Eumdem
819 1795 1190 1862 quaestionum
1244 1797 1517 1853 editorum
1569 1813 1862 1853 numerum
1894 1787 1938 1842 Β
2026 1800 2119 1855 27.
2160 1800 2234 1856 Ut
2283 1810 2487 1870 quanta
2538 1798 2779 1854 maxima
2826 1798 2943 1852 fieri
2996 1806 3173 1867 potest
3223 1796 3556 1852 certitudine

260 1881 381 1965 jam
419 1880 662 1937 Gieseler
683 1882 794 1952 (56)
844 1894 1224 1953 annotaverat,
1249 1889 1343 1943 sed
1373 1904 1438 1944 ex
1469 1889 1606 1944 falso
1637 1888 1862 1945 omnino

263 1973 518 2039 calculo;
556 1990 679 2028 nam
744 1975 965 2032 omissis
1019 1988 1224 2047 septem
1271 1980 1690 2049 quaestionibus,
1741 1999 1864 2052 quae

265 2079 401 2118 vere
454 2080 646 2120 omnes
696 2066 835 2119 inter
862 2067 1121 2137 epistolas
1167 2071 1424 2142 leguntur
1455 2073 1593 2144 (57),
1633 2075 1862 2130 totidem

265 2155 412 2208 alias
445 2154 534 2210 bis
567 2158 844 2212 recensuit
877 2159 1013 2228 (58).

333 2250 432 2303 25.
476 2248 593 2304 Νοη
622 2262 706 2303 est
730 2251 893 2321 hujus
936 2253 1037 2309 loci
1085 2255 1430 2325 singulorum
1463 2257 1734 2313 editorum
1777 2260 1863 2314 vel

265 2342 471 2396 merita
527 2344 789 2398 extollere
844 2347 927 2399 vel
988 2348 1345 2417 negligentias
1406 2365 1687 2406 accusare.
1741 2351 1859 2407 Non

265 2450 471 2489 omnes
523 2435 717 2490 iisdem
772 2438 1052 2495 codicibus
1099 2442 1487 2510 manuscriptis
1542 2445 1858 2509 utebantur,

266 2542 374 2581 nec
401 2527 597 2583 eadem
625 2530 884 2585 methodo
914 2532 1281 2601 procedebant
1315 2550 1415 2588 nec
1456 2536 1570 2604 pari
1600 2536 1863 2607 ἀκριϐείᾳ

265 2618 550 2672 editiones
578 2620 981 2687 praeparabant.
1016 2620 1205 2687 Quoad
1244 2622 1324 2676 rei
1365 2631 1545 2678 tamen
1590 2641 1862 2680 summam

269 2708 485 2763 utiliter
504 2723 697 2763 omnes
727 2724 950 2780 operam
985 2713 1254 2768 navabant
1296 2714 1494 2768 illustri
1540 2731 1673 2770 sane
1722 2716 1864 2771 inter

266 2804 615 2873 posteriores
640 2804 859 2860 Graecos
892 2807 1172 2877 scriptori,
1209 2823 1370 2877 quem
1404 2810 1496 2864 alii
1537 2810 1725 2865 nimiis
1762 2826 1861 2865 ex-

267 2898 522 2953 tulerunt
552 2899 823 2965 laudibus,
868 2900 957 2954 alii
998 2902 1149 2970 justo
1191 2902 1411 2959 lovioris
1443 2904 1597 2972 pretii
1627 2904 1863 2958 aestima-

268 2998 427 3053 runt,
450 2990 736 3060 operique,
762 2991 907 3060 quod
934 2992 1074 3044 inter
1102 2992 1405 3062 theologica
1434 2993 1604 3061 ipsius
1637 2994 1861 3063 scripta,

268 3084 535 3151 quamvis
567 3097 675 3135 non
707 3083 975 3151 integrum
1010 3098 1076 3137 ex
1105 3084 1225 3154 ejus
1254 3085 1494 3161 .ingeuio
1528 3084 1858 3154 profectum,
1890 3137 1931 3161 μ

271 3174 519 3244 primum
554 3180 735 3228 tamen
764 3176 946 3230 locum
995 3176 1189 3232 merito
1216 3177 1445 3232 obtinet.
1479 3178 1584 3233 'l‘ot
1622 3194 1749 3233 vero
1780 3180 1865 3232 in-

269 3270 465 3340 signes
498 3268 621 3335 viri,
657 3269 749 3338 qui
785 3269 836 3322 in
868 3270 971 3324 hoc
991 3286 1130 3340 opus
1158 3287 1258 3327 sua
1285 3273 1637 3327 contulerunt
1660 3273 1867 3341 studia,

270 3363 453 3432 ipsius
479 3378 701 3431 quoque
722 3378 931 3432 magna:
957 3374 1084 3420 sunt
1119 3365 1602 3420 commendationi.

271 3528 313 3571 t.
339 3514 439 3580 XI,
466 3532 520 3589 p7.
550 3516 622 3572 26
644 3517 924 3589 notatista
951 3517 1066 3586 :jM.
1087 3518 1137 3573 Ι.
1169 3516 1531 3589 Justus'Spier
1562 3521 1613 3574 in
1642 3519 1873 3575 Witten-

273 3588 553 3660 bergisclte
605 3588 1005 3660 Anptterkungen
1059 3590 1214 3642 ueber
1268 3588 1636 3660 Iheolbgische,
1700 3593 1873 3660 philo-

273 3604 553 3655 oergtscne
605 3604 1005 3712 Anmerxunﬁn
1059 3604 1214 3642 ueoer
1268 3604 1636 3660 lueotogm'ne,
1700 3604 1873 3660 prmo-

272 3657 578 3726 sophische,
646 3658 895 3730 historiae
967 3703 981 3723 ,
1044 3660 1424 3730 philologische
1474 3663 1583 3714 um!
1626 3661 1874 3716 kmische

275 3730 571 3801 Materiem
602 3739 644 3801 ι.
671 3729 714 3789 Ι,
769 3728 1174 3800 Wittetnbergte
1229 3728 1383 3796 1758,
1426 3732 1480 3785 8.
1517 3732 1673 3800 (Vide
1707 3732 1874 3801 Ephe-

276 3798 772 3872 meridiitt._Lips.
826 3800 986 3860 1758,
1042 3816 1076 3869 p
1102 3798 1225 3872 V695
1254 3803 1397 3870 seq.)
1429 3798 1875 3857 ediditobserva-

277 3875 465 3927 tiones
498 3873 551 3923 in
578 3870 761 3943 Pftotii
798 3870 1175 3940 Amphilochia
1193 3882 1245 3926 et
1268 3874 1319 3926 in
1362 3873 1467 3943 fine
1520 3875 1767 3943 quaedam
1807 3890 1871 3928 ex

279 3944 395 3998 illis
428 3941 811 4010 Amphilochiis
832 3942 1071 3995 nondum
1114 3944 1407 4010 publicata.
1438 3941 1641 3997 Confer
1670 3944 1877 3997 Kordes

277 4016 335 4068 in
359 4013 513 4078 Lips.
548 4012 931 4083 Allegemeiner
962 4013 1323 4068 literarischer
1361 4014 1637 4083 Anzeiger,
1678 4033 1731 4067 u.
1783 4016 1873 4075 97,

280 4102 337 4153 p.
380 4083 489 4137 92")
521 4098 637 4151 seq.
694 4098 745 4146 a,
794 4082 950 4146 1801,
1002 4085 1089 4136 ubi
1141 4086 1296 4153 plura
1328 4085 1392 4139 de
1446 4082 1643 4153 Spirio.
1676 4085 1878 4139 Confer

279 4164 340 4206 et
361 4154 804 4222 supplementum
847 4153 914 4207 ad
940 4156 1380 4208 introductionem
1405 4155 1545 4209 Hist.
1571 4155 1741 4221 lingu.
1780 4154 1875 4210 Gr.

283 4224 351 4290 ll,
390 4242 447 4289 p.
476 4224 601 4278 47.»
636 4254 707 4265 --
743 4222 939 4277 Verum
990 4227 1177 4278 mirari
1226 4227 1394 4289 subit,
1441 4226 1582 4292 quod
1649 4226 1879 4280 Wolfius

284 4298 497 4350 nullam
531 4296 859 4365 mentionem
888 4296 1076 4349 fecerit
1118 4294 1281 4364 hujus
1324 4296 1487 4360 Spirii
1531 4296 1762 4365 ejusque
1800 4297 1881 4350 la-

285 4369 513 4425 borum,
546 4375 597 4419 et
624 4363 799 4419 Maius
858 4365 1112 4421 observat
1162 4363 1221 4421 se
1273 4368 1461 4421 nullibi
1510 4363 1757 4422 notitiam
1814 4369 1882 4422 de

286 4438 484 4492 iisdem
517 4437 763 4489 nancisci
816 4437 1079 4504 potuisse.
1114 4436 1223 4491 Nos
1278 4438 1421 4491 haud
1476 4437 1751 4492 feliciores
1784 4438 1882 4491 fui-

1964 1908 2255 1949 numerum
2287 1893 2480 1948 harum
2513 1892 2876 1961 qnzestiouum
2914 1891 3427 1948 determinaremus.
3458 1905 3555 1943 eo-

1964 1983 2117 2039 dices
2152 1984 2395 2052 potiores
2442 1982 2805 2038 eonferendos
2856 1997 2978 2037 esse
3030 1981 3347 2035 statuimus.
3404 1979 3555 2034 Illico

1964 2075 2259 2145 apparebat
2302 2074 2696 2129 Tauriuensem
2726 2072 2965 2128 codicem
3000 2088 3165 2126 unam
3216 2072 3396 2126 solum
3426 2087 3560 2127 eon-

1963 2168 2142 2222 tiuere
2188 2168 2548 2237 quaestionem
2600 2166 2735 2235 (41),
2784 2180 2907 2231 qua:
2952 2164 3168 2218 eaateris
3219 2164 3397 2228 desit;
3458 2164 3559 2217 hac

1963 2260 2179 2328 dempta
2211 2259 2604 2313 Coisliuianum
2628 2257 2811 2312 omnia
2838 2257 3207 2325 suppeditare,
3228 2272 3351 2325 qua:
3376 2254 3427 2308 iu
3463 2254 3558 2307 illo

1963 2360 2201 2417 exstant;
2229 2364 2487 2420 praeterea
2506 2350 2929 2412 Coislinianum,
2954 2349 3082 2403 licet
3105 2347 3211 2401 508
3226 2348 3561 2417 quaestiones

1964 2452 2374 2506 recenseantur,
2423 2454 2603 2495 tamen
2664 2440 2883 2494 nonnisi
2960 2439 3066 2493 506
3145 2440 3325 2506 reipsa
3403 2437 3560 2490 exhi-

1964 2536 2094 2591 bere
2123 2536 2268 2607 (i2);
2297 2534 2621 2590 Vaticanum
2658 2550 2785 2588 vero
2818 2534 2957 2587 ultra
2989 2533 3094 2586 515
3134 2548 3243 2601 prae
3299 2547 3358 2585 se
3393 2530 3558 2591 ferre,

1963 2645 2197 2698 quarum
2273 2630 2456 2699 plures
2521 2644 2551 2682 a
2595 2628 2931 2682 Coisliniarro
2998 2628 3227 2690 absunt;
3296 2638 3560 2678 numeros

1968 2723 2189 2775 demum
2215 2723 2355 2791 apud
2382 2720 2583 2775 Maium
2615 2728 2835 2774 notatos
2863 2718 2915 2772 in
2949 2718 3197 2788 pluribus
3218 2731 3338 2770 esse
3369 2716 3559 2770 turba-

1963 2822 2072 2879 tos,
2107 2804 2229 2867 cum
2264 2813 2405 2867 idem
2440 2828 2703 2867 numerus
2738 2810 2967 2864 diversis
2998 2807 3401 2879 quaestionibus
3440 2804 3562 2861 fue-

1964 2906 2037 2960 rit
2068 2906 2399 2975 assiguatus.
2438 2904 2621 2970 Quare
2654 2914 2775 2972 post
2800 2911 2880 2956 tot
2910 2903 3250 2957 eruditorum
3276 2901 3422 2954 circa
3455 2899 3561 2953 hoc

1966 3015 2106 3070 opus
2154 3000 2370 3053 labores
2442 3000 2681 3051 nondum
2754 2997 2933 3065 potuit
2993 2997 3160 3049 totius
3219 2994 3564 3049 collectionis

1966 3089 2101 3143 ordo
2139 3103 2203 3142 ac
2245 3088 2415 3143 series
2478 3102 2656 3155 neque
2724 3101 2989 3140 numerus
3051 3084 3419 3154 quaestionum
3490 3082 3573 3137 ad

1970 3180 2239 3235 amussim
2298 3181 2413 3252 (45)
2493 3178 2869 3234 determinari.
2920 3178 3286 3247 Sperabamus
3339 3177 3563 3244 quidem

1973 3274 2297 3343 promissam
2331 3273 2539 3327 dudum
2565 3271 2812 3326 omnium
2850 3270 3341 3339 Amphilochiorum
3368 3269 3564 3323 editio-

1972 3379 2119 3429 nem,
2161 3379 2322 3434 quam
2349 3363 2405 3419 in
2434 3362 2659 3418 Gracche
2686 3376 2855 3432 regno
2880 3361 3279 3415 Constantinus
3311 3357 3566 3413 (Econo-

1973 3539 2096 3579 eum
2132 3522 2248 3587 illa,
2282 3537 2404 3591 qme
2431 3529 2611 3591 exstat
2650 3520 2790 3591 apud
2824 3518 3170 3591 Gallandium
3206 3518 3244 3571 1.
3269 3534 3319 3571 e.
3354 3533 3406 3586 p.
3434 3517 3564 3591 707,

1973 3612 2028 3664 q.
2065 3592 2176 3664 99;
2213 3610 2266 3661 q.
2301 3588 2420 3646 T72
2457 3590 2594 3664 Nov.
2633 3590 2768 3664 Coit.
2812 3599 2851 3646 t.
2895 3591 3017 3664 l,_p_.
3054 3589 3168 3664 519
3199 3605 3316 3664 seq.
3360 3588 3565 3664 eadem

1974 3658 2333 3744 murenam
2396 3662 2627 3733 epistola
2688 3662 2779 3726 51,
2827 3679 2879 3732 ρ.
2945 3660 3147 3723 90-94,
3210 3659 3299 3715 ed.
3359 3658 3569 3712 Londi-

1977 3751 2190 3790 IICDSIS.

2046 3806 2159 3869 (56)
2214 3804 2420 3859 Histor.
2477 3801 2677 3859 Eccles.
2719 3810 2759 3857 t.
2798 3800 2861 3867 II,
2912 3809 3050 3857 seet.
3108 3801 3160 3865 1,
3192 3800 3333 3872 5.45,
3371 3817 3425 3871 p.
3464 3799 3571 3854 548

1977 3877 2108 3932 edit.
2142 3878 2337 3929 tertiae.

2048 3946 2157 4016 (57)
2192 3948 2415 4001 Scilicet
2455 3944 2714 4000 Wolfium
2762 3952 3005 4006 secutus,
3046 3942 3138 4011 qui
3193 3941 3263 3995 65
3306 3940 3575 4016 epistolas

1979 4011 2360 4084 Amphilochiis
2389 4019 2625 4071 insertas
2654 4015 2888 4083 putavit,
2932 4030 3057 4067 eum
3102 4029 3289 4084 revera
3333 4011 3568 4084 siutjil.

1981 4081 2139 4155 (Vide
2164 4104 2334 4156 supra
2365 4097 2478 4140 not.
2505 4086 2598 4151 24)
2630 4081 2727 4140 sex
2774 4086 3112 4156 quaestiones
3146 4082 3333 4156 hujus__
3355 4081 3568 4156 ordinis

1982 4149 2206 4223 omisit;
2238 4149 2528 4225 septimam
2580 4149 2711 4209 vero
2754 4149 2857 4207 nou
2908 4154 3076 4218 novit,
3120 4168 3244 4225 eum
3298 4149 3574 4219 Basuagio

1981 4244 2082 4298 pro
2105 4238 2234 4282 oeto
2265 4223 2425 4282 editis
2453 4236 2656 4294 septem
2687 4236 2898 4298 tantum
2929 4223 3207 4298 ascripsit.

2050 4299 2164 4369 (58)
2203 4289 2625 4369 Moutefalconio
2648 4297 2841 4369 tribuit
2866 4294 2923 4359 6,
2957 4289 3291 4369 Conibetisio
3309 4291 3376 4369 2,
3400 4289 3573 4369 _Wot-

1982 4360 2186 4432 11646,
2218 4369 2406 4425 Scotto
2443 4368 2530 4431 i8,
2577 4366 2718 4420 Maio
2777 4364 2878 4418 150
2908 4363 3257 4432 quaestiones.
3308 4360 3413 4414 Sed
3463 4378 3573 4414 una

1987 4439 2161 4495 Scotti
2200 4450 2283 4495 est
2324 4440 2511 4494 eadem
2561 4454 2682 4493 ctuu
2722 4435 3035 4489 Cotnbcfisii
3068 4450 3162 4501 qu.
3211 4441 3403 4485 contra
3438 4432 3573 4487 Ubi-

287 4524 449 4562 mus:
499 4503 1059 4580 iuve_u_imttsiquidem
1092 4508 1335 4580 citatum
1376 4508 1453 4580 ab
1486 4506 1766 4563 Harlessio
1785 4507 1880 4561 Ino
1912 4521 1955 4576 [ι
1985 4513 2215 4580 quistas,
2243 4520 2353 4565 tres
2393 4526 2421 4562 a
2450 4509 2588 4563 Maio
2615 4508 2774 4580 editae
2803 4507 2915 4580 jam
2964 4506 3015 4557 in
3048 4504 3169 4580 aliis
3198 4503 3349 4580 fuere
3377 4519 3574 4556 nume-

286 4579 580 4633 dicatorem
607 4575 953 4645 Lipsiensem,
1001 4578 1056 4632 d.
1105 4579 1161 4633 d.
1213 4579 1281 4633 29
1310 4579 1459 4634 Junii
1489 4580 1645 4643 1801,
1682 4596 1739 4633 n.
1784 4580 1875 4643 97,

291 4667 341 4718 p.
379 4649 488 4702 926
524 4664 664 4717 seq.,
702 4647 795 4702 sed
835 4649 901 4701 de
927 4664 983 4703 re
1012 4650 1150 4719 ipsa,
1191 4666 1313 4719 qua:
1360 4650 1415 4704 in
1445 4651 1745 4719 quaestione
1771 4658 1876 4718 est,

288 4721 425 4774 nihil
460 4719 599 4773 certi
638 4719 908 4787 expiscari
948 4722 1248 4788 potuimus.

357 4790 475 4859 (50)
502 4788 771 4861 Nimirum
793 4790 1107 4861 dissertatio
1135 4801 1329 4861 quarta
1354 4791 1494 4859 apud
1524 4790 1876 4861 Basnagium,

290 4862 346 4915 in
382 4860 786 4932 Ampltilochiis,
816 4859 867 4912 in
903 4870 1011 4914 tres
1046 4859 1191 4915 secta
1218 4874 1299 4917 est
1330 4863 1662 4932 qumstioues
1690 4859 1742 4915 et
1763 4862 1877 4917 dis-

291 4932 521 4985 sertatio
554 4930 748 4999 prima,
782 4941 969 4999 utpote
993 4934 1171 4985 solum
1214 4930 1403 4986 Latine
1441 4933 1607 4995 edita,
1649 4932 1737 4986 hie
1772 4949 1877 4986 non

291 5012 377 5056 est
407 5003 771 5054 numeranda.
824 5000 962 5073 Hinc
1003 5017 1109 5055 una
1144 5018 1268 5057 cum
1312 5003 1613 5071 quzcstione
1641 5003 1708 5057 de
1742 5020 1881 5073 gno-

294 5074 455 5127 Inicis
486 5073 858 5125 voluntatibus
885 5072 939 5135 8,
970 5088 1155 5127 revera
1191 5076 1481 5126 habentur.

366 5143 480 5215 (51)
520 5142 837 5215 Sicil._antea
861 5142 1063 5196 inedita
1096 5142 1168 5197 De
1193 5144 1431 5215 Sibyllis,
1468 5160 1519 5212 p.
1554 5144 1676 5215 150.

332 5214 605 5338 8(ἶ2)4Εχ
657 5211 835 5267 Photii
892 5211 1578 5285 Amphilochiis'quwdnm
1634 5213 1878 5285 Neapoli,

369 5355 483 5423 (55)
520 5356 586 5421 ρ.
619 5354 687 5409 58
713 5373 727 5419 ;
764 5353 972 5417 Seotto,
1001 5372 1053 5425 q.
1084 5356 1174 5415 57,
1209 5371 1264 5423 p.
1289 5355 1357 5409 88
1388 5372 1506 5425 seq.

370 5426 483 5496 (51)
524 5426 765 5479 Veterum
795 5428 1111 5495 scriptorum
1142 5425 1274 5479 Nov.
1320 5425 1563 5491 ϐοηθοίη
1599 5437 1637 5482 t.
1673 5430 1714 5491 ῐ,
1733 5427 1883 5482 dedit

301 5496 373 5549 20
410 5499 743 5564 qumstiones
769 5512 873 5547 una
909 5514 1031 5551 eum
1058 5500 1307 5552 versione
1338 5498 1556 5564 Latina;
1582 5510 1621 5553 t.
1644 5516 1769 5553 vero
1790 5498 1879 5563 IX,

305 5566 429 5627 150,
462 5569 597 5621 alias
637 5571 710 5635 (p.
738 5566 941 5636 1-158),
971 5568 1313 5622 solummodo
1337 5570 1544 5624 Graece.

374 5637 489 5708 (55)
525 5637 679 5691 Nam.
705 5654 760 5707 (ι.
793 5637 920 5700 259,
954 5637 1089 5693 Nov.
1124 5636 1258 5693 Coll.
1291 5649 1331 5693 ι.
1366 5639 1452 5701 ΙΧ,
1480 5656 1531 5709 p.
1563 5640 1662 5693 114
1691 5639 1880 5694 eadem

306 5718 389 5764 est
421 5723 546 5762 eum
594 5709 894 5777 qmestione
940 5710 1081 5762 edita
1129 5715 1267 5769 apud
1323 5710 1689 5773 Gallandium,
1745 5710 1781 5764 l.
1829 5727 1880 5766 c.

310 5795 359 5859 ρ.
394 5779 520 5847 705,
547 5796 601 5850 q.
639 5778 737 5853 87;
768 5797 824 5855 q.
850 5779 955 5835 247
988 5781 1120 5836 Nov.
1153 5778 1291 5836 Ccli.
1323 5781 1357 5837 l.
1386 5796 1433 5837 e.
1475 5798 1527 5853 p.
1562 5782 1659 5843 116
1689 5782 1879 5840 eadem

1985 4573 2139 4643 r'atze,
2190 4573 2300 4636 tres
2350 4597 2380 4634 a
2440 4578 2867 4634 Moutefaleonio
2938 4576 3231 4645 publicatae
3280 4573 3393 4642 jam
3447 4589 3574 4627 eum

1981 4653 2228 4723 epistolis
2244 4662 2553 4723 numerame
2585 4658 2765 4723 erant.

2054 4724 2167 4793 ('59)
2218 4722 2351 4778 Vide
2398 4718 2536 4773 Nov.
2598 4717 2819 4773 Collect.
2879 4724 2921 4771 t.
2975 4715 3070 4778 IX,
3128 4731 3183 4786 p.
3248 4714 3388 4779 158,
3455 4724 3575 4769 not.

1983 4793 2167 4931 ﬁnﬁd)
2213 4862 2272 4917 In
2328 4859 2721 4931 dissertatione
2778 4857 3216 4931 Epliemeridibus
3272 4857 3578 4931 theologicis

1986 4928 2332 5004 Tubingianis
2357 4939 2559 5004 inserta
2584 4928 2904 5004 (Tquebinger
2924 4928 3294 5004 Tlteologische
3321 4928 3581 4993 Quarta!-

1982 5000 2214 5075 sclirifi),
2253 5018 2397 5057 anno
2427 5001 2600 5075 1858;
2637 5001 2825 5055 l'aseic.
2859 5000 2930 5075 All,
2972 5016 3026 5068 p.
3055 5002 3186 5075 281Ζ

2078 5072 2181 5143 41)
2206 5074 2335 5127 Scil.
2379 5090 2433 5142 q.
2472 5073 2593 5137 190,
2630 5072 2941 5143 qttaenobis
2964 5083 3047 5143 est
3080 5087 3135 5139 q.
3169 5072 3297 5124 5‘24.

2080 5140 2169 5215 42)
2212 5143 2346 5199 Nam
2392 5140 2621 5198 Coislin.
2652 5140 2725 5210 η.
2761 5141 2851 5207 90,
2896 5142 3096 5215 eadem
3118 5153 3202 5195 est
3225 5156 3357 5215 cum
3382 5157 3436 5209 q.
3475 5140 3581 5193 160

1985 5217 2063 5287 (in
2108 5212 2289 5287 vatio.
2321 5224 2428 5287 est__
2448 5230 2555 5268 una
2587 5229 2642 5282 q.
2678 5215 2826 5287 228;
2863 5222 2917 5267 et
2950 5212 3123 5267 Coisl.
3165 5228 3221 5281 q.
3252 5212 3360 5265 ⁴255
3389 5216 3579 5266 eadem

1984 5284 2108 5342 eum
2137 5304 2192 5355 q.
2224 5286 2323 5340 271
2363 5284 2561 5355 (Vatic.
2589 5300 2645 5355 q.
2668 5284 2784 5352 90.)

2058 5354 2169 5428 (45)
2204 5356 2281 5410 Ex
2316 5354 2381 5410 eo
2416 5356 2558 5426 quod
2588 5354 2821 5428 Photius
2849 5355 2902 5407 in
2942 5354 3275 5428 Bibliothecq
3304 5360 3583 5428 tercentos

1986 5425 2158 5483 libros
2189 5425 2477 5483 recensere
2524 5427 2715 5489 voluit,
2775 5441 3014 5495 quorum
3056 5426 3274 5478 nonnisi
3307 5425 3414 5476 280
3451 5438 3583 5489 pos-

1986 5499 2254 5561 sidemus,
2297 5500 2548 5565 aliosque
2576 5498 2756 5549 adhuc
2785 5498 3155 5550 reeensemlos
3200 5495 3413 5551 statuit,
3446 5507 3581 5545 eon-

1985 5571 2127 5626 eludi
2153 5587 2287 5625 sane
2314 5578 2548 5639 poterat,
2577 5583 2684 5620 non
2719 5566 2891 5621 fuisse
2916 5570 3196 5639 praefigunt
3233 5576 3445 5639 eertum
3479 5578 3584 5614 uu-

1986 5658 2198 5696 lnerum
2225 5652 2279 5695 et
2305 5632 2686 5695 collectionem
2719 5639 2896 5708 ipsum
2916 5632 3147 5693 'scnsim
3179 5632 3383 5689 additis
3418 5647 3582 5689 DOVIS

1985 5712 2241 5772 diatribis
2267 5712 2532 5771 crevisse.
