3912 6218
367 298 434 365 19
1503 292 1587 354 ΙΝ
1625 288 1944 352 ΑΜΡΗΙΕ(

2048 289 2150 349 [ΙΑ
2205 288 2470 350 ΡΗΟΤΙΙ
3544 287 3633 351 20

356 420 480 463 mus
509 418 696 459 mense
718 400 926 481 Martio
960 400 1089 457 anni
1128 401 1264 457 1857
1292 403 1406 459 vita
1435 403 1659 460 i‘nnctus
1703 417 1928 476 parasse
1956 406 2009 463 Λ
2100 402 2192 457 29.
2229 400 2334 456 Sed
2364 401 2413 458 is
2433 416 2541 456 non
2576 400 2730 459 solus
2753 400 2963 458 exstitit
2996 400 3212 457 fructus
3234 401 3337 456 mei
3369 400 3627 460 itineris.

356 498 639 553 dicebatur
685 497 818 562 (Ut),
871 496 924 549 in
954 495 1132 551 lucem
1182 498 1557 565 prodituram;
1621 499 1728 552 huc
1763 510 1938 566 usque

359 599 566 645 tament
595 604 657 644 ea
698 604 821 659 spes
858 589 912 642 in
956 603 1071 642 rem
1104 588 1245 642 haud
1290 589 1525 645 transiit.
1559 588 1821 658 Equidem
1845 589 1937 642 diu

358 685 720 740 desideratam
753 681 1045 736 editionem
1077 678 1279 735 frustra
1305 680 1651 750 praestolatus
1673 680 1786 750 iam
1812 689 1938 735 ante

363 775 688 845 collegeram
724 788 844 843 quae
878 780 1185 843 opportuna
1228 780 1385 826 erant
1434 772 1500 826 ad
1529 771 1839 827 accuratius
1871 771 1939 825 de

360 863 464 918 hoc
488 878 649 933 opere
679 863 943 932 judicium
992 862 1301 925 ferendum,
1335 877 1400 915 ac
1441 862 1661 916 tandem
1694 861 1937 916 occasio-
1981 876 1985 880 '

363 972 485 1010 nem
530 967 724 1011 nactus
758 972 878 1010 sum
926 956 1196 1011 editarum
1240 956 1602 1026 quaestionum
1647 969 1936 1009 numerum

364 1049 657 1118 ampliandi
697 1058 752 1102 et
780 1049 1036 1120 augendi.
1070 1049 1224 1116 Quod
1269 1065 1377 1120 quo
1405 1057 1563 1119 pacto
1608 1049 1813 1104 factum
1846 1046 1937 1113 sit,

359 1139 473 1209 iam
504 1140 690 1207 paucis
725 1148 810 1195 est
840 1140 1229 1194 enarrandum.

431 1232 518 1288 28.
558 1232 692 1287 Cum
726 1246 911 1286 mense
936 1229 1158 1286 Octobri
1189 1234 1315 1285 anni
1359 1230 1496 1286 1857
1549 1231 1739 1288 Romm
1791 1232 1941 1288 Vati-

364 1340 531 1379 canos
560 1325 828 1395 quosdam
883 1323 1100 1379 codices
1145 1324 1492 1395 inspicerem,
1545 1326 1771 1381 citatum
1825 1326 1939 1397 iam

364 1418 606 1473 codicem
634 1434 689 1471 n.
742 1416 882 1471 1925
921 1424 1190 1482 notatum,
1239 1430 1351 1486 quo
1414 1416 1532 1470 Em.
1584 1418 1762 1471 Maius
1805 1434 1941 1472 usus

364 1507 562 1576 fuerat,
607 1507 928 1577 perlustrari
973 1515 1029 1562 et
1071 1507 1384 1562 universam
1440 1509 1803 1577 quaestionum
1857 1524 1943 1564 se-

363 1601 499 1657 riem
561 1616 666 1655 una
696 1616 818 1655 cum
852 1600 1059 1669 aliquot
1090 1600 1330 1654 nondum
1367 1599 1529 1654 editis
1563 1600 1725 1668 hujus
1760 1600 1942 1666 operis

362 1694 611 1765 partibus
644 1693 932 1761 descripsi.
968 1692 1075 1746 Sed
1111 1690 1406 1747 Novembri
1447 1708 1635 1747 mense
1665 1691 1844 1747 medio
1884 1693 1937 1748 in

2037 492 2185 563 quod
2212 491 2277 547 21
2316 493 2646 563 quaestiones
2683 509 2831 549 nunc
2856 493 3093 563 primum
3134 493 3355 548 edendae
3391 496 3521 550 mihi
3562 496 3628 551 in

2038 594 2293 656 promptu
2322 594 2489 648 sunt;
2530 602 2717 641 verum
2752 595 2808 641 et
2833 602 2901 641 ex
2927 586 3121 640 ordine
3161 601 3224 642 ac
3274 588 3415 642 serie
3465 604 3633 659 quaa-

2038 677 2279 733 stionum
2317 677 2631 733 earumdem
2707 684 2997 732 numerum
3062 678 3478 747 probabiliorem
3521 681 3631 735 de-

2041 778 2220 839 tegere
2252 770 2427 825 licuit.
2452 769 2510 825 ln
2532 768 2803 826 Vaticano
2830 785 2994 840 porro
3017 781 3146 826 sunt
3177 772 3239 824 l7
3263 776 3626 842 (μακςιὶωιεε,

2039 862 2236 933 quibus
2266 862 2640 920 Coislinianus
2679 872 2829 920 caret
2882 863 3021 937 (47),
3068 873 3122 920 et
3165 862 3462 922 Vaticanus
3521 882 3633 922 sex

2039 956 2354 1012 destituitur
2383 956 2807 1026 quaestionibus,
2835 972 2958 1028 qua:
3015 957 3069 1012 in
3114 956 3452 1013 Coisliniano
3494 974 3633 1028 pro-

2041 1055 2189 1103 stant
2220 1047 2334 1120 (48)
2367 1057 2421 1103 et
2449 1062 2559 1102 una
2596 1048 2708 1113 illa,
2737 1062 2904 1118 quam
2942 1046 3300 1104 Taurinensis
3338 1048 3628 1119 propriam

2042 1157 2207 1212 supra
2236 1142 2479 1197 diximus
2509 1141 2644 1214 (49).
2694 1141 2752 1198 Si
2783 1141 3038 1198 addimus
3071 1141 3408 1198 Coisliniano
3439 1142 3630 1196 codici

2039 1252 2200 1307 quem
2236 1236 2339 1290 506
2361 1236 2625 1291 diatribas
2656 1237 3007 1308 suppeditare
3033 1235 3311 1297 novimus,
3364 1235 3428 1289 17
3466 1236 3521 1288 in
3554 1248 3632 1289 eo

2041 1330 2353 1386 delicientes
2386 1344 2454 1385 ex
2498 1328 2760 1386 Vaticano
2808 1338 2862 1385 et
2909 1345 3073 1384 unam
3136 1344 3202 1383 ex
3264 1327 3628 1391 Taurinensi,

2041 1421 2146 1478 524
2183 1423 2512 1493 quaestiones
2536 1423 2878 1479 habebimus.
2904 1421 3117 1477 Pariter
3149 1423 3194 1478 si
3217 1421 3482 1477 Vaticano
3528 1436 3635 1476 co-

2041 1514 2148 1569 dici
2173 1513 2418 1569 membra
2449 1514 2755 1570 deﬁcientia
2789 1514 3062 1578 addimus,
3099 1514 3165 1569 ad
3211 1514 3460 1568 eumdem
3514 1529 3632 1566 nn-

2042 1621 2252 1661 merum
2285 1605 2607 1662 deducimur
2643 1604 2777 1679 (50).
2827 1606 2900 1663 Ut
2942 1621 3075 1660 vero
3116 1605 3302 1661 varius
3365 1605 3631 1661 codicum

2042 1695 2176 1749 ordo
2211 1694 2404 1750 melius
2434 1694 2626 1765 dispici
2654 1704 2840 1766 queat,
2885 1697 3115 1761 indices,
3164 1697 3366 1768 quibus
3397 1697 3538 1752 inter
3563 1711 3635 1752 se

362 1763 595 1855 patriam
630 1783 814 1838 redire
848 1793 1072 1838 coactus
1103 1781 1485 1852 imperfectum
1519 1783 1763 1838 laborem
1808 1782 1937 1836 reli-
1971 1763 2014 1819 Β
2042 1796 2448 1855 comparantur,
2480 1763 2648 1842 textui
2672 1763 3054 1857 subiecimus.

362 1878 478 1948 qui.
506 1878 763 1946 Sequenti
812 1893 956 1932 anno
1014 1876 1257 1932 Venetiis
1318 1876 1374 1931 in
1421 1875 1695 1930 Marciana
1741 1875 1943 1930 biblio-

364 1972 522 2025 theca
551 1970 795 2040 ejusdem
827 1968 1078 2024 Vaticani
1106 1969 1314 2024 codicis
1341 1970 1720 2040 apographum
1750 1977 1943 2023 nactus

363 2079 508 2126 sum,
540 2066 684 2133 quod
717 2064 820 2118 sibi
870 2064 1143 2117 Antonius
1179 2060 1458 2117 Catilorus
1503 2067 1939 2131 comparaverat,

363 2156 539 2226 quiet
602 2155 844 2210 Latinam
892 2157 1197 2209 versionem
1252 2154 1496 2209 omnium
1575 2154 1939 2224 quaestionum

364 2248 656 2318 diligenter
692 2247 937 2301 exaravit
965 2257 1019 2301 et
1053 2247 1499 2301 adnotationibus
1534 2246 1707 2300 auxit.
1733 2245 1943 2300 Exinde

363 2358 427 2397 ea
448 2357 571 2411 quae
590 2340 724 2394 mihi
755 2341 808 2394 in
844 2340 1185 2409 longioribus
1210 2340 1513 2410 praesertim
1547 2340 1943 2409 quaestionibus

364 2435 592 2488 deerant
625 2434 891 2503 complevi
957 2442 1274 2502 textumque
1310 2432 1560 2487 Graecum
1610 2432 1791 2502 quoad
1836 2448 1943 2487 un-

365 2525 544 2581 decim
604 2524 671 2579 de
732 2523 1025 2595 Categoriis
1080 2524 1393 2579 Aristotelis
1456 2526 1944 2579 commentationes

365 2632 560 2672 rursus
617 2618 932 2688 recognovi,
972 2632 1111 2687 quas
1161 2625 1292 2671 tunc
1344 2616 1492 2671 solas
1538 2616 1698 2670 edere
1742 2630 1946 2686 prepo-

366 2724 601 2772 Sneram,
635 2711 938 2779 eodemque
974 2720 1217 2778 tempore
1240 2718 1293 2762 et
1330 2708 1579 2762 Latinam
1631 2709 1943 2762 versionem

365 2801 730 2871 quaestionum
764 2801 1176 2867 quatuordecim
1205 2800 1324 2870 (45)
1375 2801 1619 2855 nondum
1670 2802 1941 2855 editarum

368 2895 839 2950 transcribendam
874 2895 1065 2964 majori
1091 2910 1157 2948 ex
1197 2901 1349 2964 parte
1386 2886 1597 2959 curavi,
1646 2909 1770 2963 quae
1821 2894 1944 2949 luce

367 2985 592 3040 omnino
623 2985 785 3056 digna
813 2986 929 3039 visa
962 2995 1066 3041 est.
1099 2983 1192 3039 Sic
1238 2985 1455 3038 tandem
1506 2984 1703 3039 iterato
1756 2984 1944 3039 labore

2114 1877 2204 1931 30.
2248 1875 2366 1932 1am
2418 1892 2549 1932 vero
2596 1886 2723 1933 ante
2770 1892 2872 1933 nos
2928 1878 3198 1933 editarum
3253 1877 3630 1948 quaestionum

2042 1979 2247 2025 textum
2284 1985 2669 2041 recognoscere
2695 1986 2994 2041 omnesque
3017 1986 3110 2027 eas
3124 1970 3315 2026 Latina
3341 1971 3633 2026 instruere

2043 2065 2296 2120 versione
2322 2079 2423 2119 nec
2453 2064 2713 2135 temporis
2759 2065 2903 2120 ratio
2955 2081 3057 2121 nec
3105 2074 3419 2121 nostrorum
3452 2081 3631 2137 nego-

2045 2158 2246 2212 tiorum
2278 2158 2569 2213 multitudo
2599 2158 2833 2226 sinebat;
2877 2159 3003 2214 hinc
3045 2159 3158 2228 iam
3198 2159 3472 2229 publicata
3508 2159 3631 2215 fere

2044 2252 2230 2306 omnia
2266 2251 2469 2306 intacta
2499 2251 2882 2321 relinquimus.
2914 2253 3167 2308 Attamen
3203 2252 3326 2307 data
3366 2264 3631 2324 opportu-

2044 2344 2215 2398 nitate
2244 2344 2485 2398 codicem
2517 2342 2896 2399 Monacensem
2919 2345 3046 2407 555,
3072 2345 3165 2414 qui
3188 2343 3368 2399 Photii
3402 2343 3631 2415 Episto-

2044 2436 2127 2492 las
2163 2436 2407 2491 continet
2431 2437 2565 2507 (51),
2602 2452 2727 2492 cum
2778 2436 3110 2492 Londinensi
3153 2436 3393 2492 editione
3432 2436 3631 2493 conie-

2043 2528 2221 2593 rendi,
2255 2529 2546 2584 nonnullas
2576 2530 2946 2583 correctiones
2980 2538 3037 2583 et
3066 2529 3340 2584 variantes
3361 2528 3632 2585 lectiones

2045 2619 2416 2689 suggessimus
2463 2619 2647 2690 quoad
2684 2620 3017 2690 quaestiones
3051 2634 3119 2674 ex
3149 2618 3329 2674 Pliotii
3373 2620 3634 2690 epistolis

2045 2713 2101 2767 in
2127 2713 2495 2783 Amphilochia
2541 2714 2860 2769 translatas.
2889 2713 3159 2768 Caeterum
3191 2723 3245 2769 et
3273 2714 3403 2769 alibi
3449 2714 3632 2769 adno-

2045 2809 2301 2869 tavimus,
2365 2822 2488 2878 quae
2508 2809 2664 2864 nobis
2700 2808 2842 2863 inter
2886 2808 2990 2862 alia
3035 2808 3212 2863 studia
3259 2807 3631 2863 occurrebant

2046 2901 2164 2959 suis
2189 2901 2327 2956 locis
2374 2909 2682 2971 opportune
2733 2900 3239 2955 animadvertenda.
3277 2898 3445 2967 igitur
3495 2914 3627 2953 cum

2046 2993 2170 3047 aliis
2201 2991 2425 3046 distenti
2473 2991 2756 3046 laboribus
2812 3005 2914 3045 nec
2968 2990 3122 3060 prius
3175 3006 3330 3045 novas
3393 2989 3632 3046 editioni

366 3076 554 3147 viginti
585 3089 632 3131 et
667 3093 831 3131 unam
884 3077 1245 3146 quaestionem
1275 3075 1389 3145 (46)
1416 3074 1601 3130 Graece
1628 3074 1762 3129 mihi
1791 3090 1946 3131 com-
1972 3108 2015 3165 ο
2051 3083 2538 3154 Amphilochiorum
2585 3083 2777 3137 intenti
2838 3083 3140 3137 amicorum
3174 3082 3394 3151 hortatu
3430 3082 3497 3138 ad
3540 3082 3632 3138 in-

367 3188 709 3244 paraveram,
737 3188 859 3241 quae
890 3172 1132 3226 nondum
1178 3172 1414 3241 vulgata
1450 3168 1636 3235 fuere;
1691 3170 1759 3224 ob
1810 3179 1944 3223 tem-

2050 3178 2256 3247 signem
2281 3176 2421 3230 hanc
2458 3173 2677 3229 Patrum
2727 3173 3339 3245 ecclesiaSticorumque
3388 3173 3632 3243 scripto-

368 3266 522 3336 poris
561 3266 843 3334 angustias
875 3280 981 3317 non
1017 3279 1209 3318 omnes
1242 3263 1478 3317 ineditas
1507 3262 1766 3332 colligere
1794 3263 1950 3318 licuit

368 3369 423 3414 et
454 3358 694 3428 reliquas
725 3357 902 3413 solum
934 3372 996 3412 ea
1043 3365 1222 3410 mente
1258 3356 1486 3425 perlegi,
1547 3365 1610 3411 ut
1652 3356 1719 3411 de
1767 3355 1946 3409 Photii

368 3452 627 3521 operibus
661 3459 906 3515 acturus,
935 3449 1063 3519 quid
1090 3450 1320 3520 singulae
1370 3449 1736 3513 continerent,
1784 3449 1946 3504 habe-

368 3557 483 3596 rem
512 3542 889 3611 eXploratum;
920 3542 1050 3597 hinc
1076 3558 1250 3612 pauca
1286 3541 1420 3597 mihi
1447 3542 1503 3596 in
1529 3541 1747 3598 schedis
1776 3543 1948 3596 adno-

375 3634 483 3688 tavi
519 3634 645 3687 huic
670 3634 991 3688 suliicientia
1016 3649 1208 3703 scopo,
1238 3642 1435 3691 caetera
1473 3633 1529 3688 in
1554 3633 1732 3689 'aliam
1785 3648 1948 3688 occa-

371 3729 580 3783 sionem
618 3728 919 3790 remittens,
953 3742 1061 3796 qua
1086 3724 1362 3793 Venetias,
1411 3727 1601 3781 urbem
1640 3726 1774 3780 mihi
1818 3726 1949 3780 cha-

370 3819 683 3887 rissimam‘,
744 3827 798 3873 et
860 3819 1190 3874 Marcianam
1260 3819 1688 3882 bibliothecam,
1746 3816 1946 3889 insigni

370 3913 684 3968 urbanitate
711 3914 1005 3970 clarissimi
1044 3912 1106 3970 D.
1148 3912 1493 3968 Valentinelli
1526 3911 1772 3981 ejusdem
1808 3925 1948 3980 prae-

368 4004 496 4060 fecti
528 4006 704 4060 adhuc
728 4005 1176 4076 gratiorem,Deo
1205 4004 1445 4076 propitio
1477 4002 1949 4074 repeterem.Quze

370 4116 497 4170 spes
538 4103 848 4171 hucusque
892 4100 948 4154 in
1010 4115 1127 4154 rem
1177 4115 1285 4154 non
1319 4099 1557 4153 transiit.
1610 4097 1771 4153 Nunc
1816 4113 1948 4152 vero

370 4192 572 4263 scripta
613 4207 754 4257 mea,
781 4206 903 4262 quae
931 4206 999 4246 ex
1024 4198 1258 4261 utroque
1310 4190 1508 4244 itinere
1542 4188 1732 4243 italico
1760 4202 1947 4257 repor-

371 4293 634 4348 taveram,
666 4282 989 4352 recolligens
1013 4278 1299 4336 commode
1329 4278 1601 4333 editarum
1631 4277 1736 4330 huc
1772 4289 1948 4345 usque

369 4374 953 4445 Amphilochianarum
982 4372 1343 4444 quaestionum
1372 4384 1661 4423 numerum
1687 4383 1825 4421 nova
1853 4381 1946 4421 ac-

2048 3286 2167 3326 rum
2207 3269 2583 3324 collectionem
2616 3266 2866 3323 conferre
2923 3266 3129 3337 aliquid
3164 3282 3261 3338 pro
3290 3266 3498 3322 viribus
3526 3281 3637 3321 no-

2047 3360 2178 3416 stris
2229 3359 2446 3415 tandem
2502 3357 2910 3412 decreverimus
2977 3374 2992 3410 :
3054 3372 3116 3411 ea
3173 3372 3295 3427 qua:
3340 3356 3496 3411 nobis
3568 3355 3629 3409 in

2048 3458 2300 3520 promptu
2329 3457 2505 3514 erant,
2531 3448 2719 3503 libenti
2750 3448 2932 3504 animo
2985 3449 3450 3519 suppeditavimus
3498 3448 3634 3502 Am-

2046 3541 2335 3613 philochia,
2366 3554 2488 3611 quae
2509 3555 2656 3595 nunc
2675 3539 2908 3610 primum
2923 3556 3031 3595 una
3050 3556 3173 3595 cum
3197 3541 3359 3595 editis
3380 3542 3629 3596 nondum

2047 3636 2156 3691 huc
2184 3650 2359 3704 usque
2389 3634 2445 3689 in
2472 3648 2641 3688 unum
2673 3633 2916 3688 collectis
2964 3633 3018 3687 in
3046 3633 3286 3688 medium
3329 3634 3627 3704 prodeunt.

2048 3728 2251 3783 Deinde
2279 3740 2334 3783 et
2359 3725 2613 3781 undecim
2665 3725 2784 3780 illas
2839 3727 3191 3797 quaestiones,
3232 3741 3355 3796 qua:
3402 3727 3631 3782 edendae

2048 3828 2362 3890 supersunt,
2384 3817 2499 3874 suis
2527 3817 2868 3889 signavimus
2908 3819 3179 3884 numeris,
3241 3827 3301 3874 ut
3352 3826 3409 3873 et
3458 3820 3629 3893 totius

2046 3913 2228 3982 operis
2250 3920 2572 3982 prospectus
2606 3910 2800 3981 planus
2829 3910 2925 3965 ﬁat
2953 3920 3007 3965 et
3038 3911 3175 3965 ordo
3224 3909 3477 3965 Vaticani
3529 3928 3628 3967 co-

2047 4004 2204 4068 dicis,
2257 4004 2435 4074 quoad
2470 4003 2589 4072 ejus
2620 4002 2735 4057 lieri
2765 4003 2959 4073 possit,
3002 4011 3376 4072 conseryetur.
3422 4003 3630 4073 Super-

2046 4106 2123 4153 esl
2160 4105 2242 4164 ut,
2274 4097 2320 4153 si
2350 4096 2480 4168 quid
2515 4097 2617 4151 hoc
2654 4096 2709 4150 in
2740 4110 2904 4165 opere
2939 4110 3036 4165 pro
3071 4097 3334 4164 temporis
3363 4094 3632 4151 brevitate

2050 4189 2229 4245 minus
2251 4199 2555 4244 correctum
2591 4197 2645 4243 et
2664 4187 2967 4256 expolitum
2996 4187 3333 4251 dederimus,
3403 4188 3451 4243 si
3493 4188 3631 4257 quid

2049 4283 2104 4337 in
2131 4298 2193 4337 ea
2222 4284 2524 4353 provincia,
2570 4298 2734 4352 quam
2782 4282 3147 4351 suscepimus,
3203 4282 3628 4353 neglexerimns,

2049 4377 2194 4445 quod
2232 4376 2454 4432 minime
2499 4384 2616 4430 erat
2677 4376 3134 4447 praetereundum,
3195 4376 3342 4430 docti
3408 4374 3637 4430 lectovis

371 4466 623 4521 cessione
672 4480 703 4519 a
752 4480 840 4519 me
876 4466 1060 4533 augeri
1097 4478 1258 4534 posse
1309 4460 1672 4517 animadverti
1728 4470 1782 4515 et
1821 4475 1945 4514 cum
1984 4460 2024 4514 Ι)
2054 4469 2269 4523 veniam
2323 4469 2719 4537 imploremus,
2784 4481 2947 4537 quem
3002 4466 3384 4521 difﬁcultatem
3443 4467 3521 4521 rei
3574 4474 3633 4520 et.

371 4576 459 4625 ea,
488 4574 610 4630 quae
660 4566 984 4628 supererant
1018 4558 1250 4624 edenda,
1295 4556 1480 4611 omnia
1525 4554 1657 4609 dare
1698 4553 1950 4623 nequive-

371 4654 499 4716 rim,
526 4652 804 4721 complura
852 4660 1034 4704 tamen
1075 4650 1449 4719 maioremque
1500 4658 1707 4717 partem
1769 4645 1948 4701 danda

371 4743 700 4801 existimavi.
722 4742 855 4809 Quae
881 4743 1008 4797 licet
1036 4742 1362 4796 brevissimo
1400 4749 1644 4810 tempore
1673 4755 1737 4793 ex
1762 4755 1950 4793 exem-

373 4836 617 4907 plaribus
682 4833 1072 4905 manuscriptis
1122 4833 1315 4887 hausta
1379 4848 1487 4885 non
1552 4832 1764 4900 ingrata
1835 4830 1951 4884 fore

373 4927 602 4984 eruditis
626 4942 809 4999 spero,
843 4924 1044 4996 quibus
1078 4939 1225 4979 nunc
1255 4923 1360 4977 515
1383 4922 1714 4993 quaestiones
1746 4931 1948 4992 prazsto

374 5030 552 5078 erunt.

448 5246 559 5319 (44)
588 5246 721 5302 Vide
743 5244 1122 5319 Εριιςῃιιει-ἱιίεεΔ
1143 5243 1502 5319 A‘ttgustaitas,
1533 5269 1606 5282 --—
1628 5240 1946 5311 Allgemeine

448 5259 559 5328 (44)
593 5259 721 5302 Vide
743 5259 1110 5316 Lpnemenaes
1143 5259 1502 5366 angustans,

373 5318 619 5389 thtung,
652 5332 794 5371 anno
829 5316 986 5380 1857,
1015 5331 1069 5369 n.
1104 5315 1206 5389 liii)
1251 5313 1511 5389 _u_ppl_em.

443 5381 734 5460 (45i'Sunt
760 5390 1088 5457 quaestiones
1119 5386 1206 5441 l5.
1250 5381 1362 5446 77,‘
1380 5381 1475 5460 _7_8_,_
1503 5390 1947 5460 create-reege-

372 5451 711 5588 ἓῖξηιὲὶτὲηδ
741 5451 1020 5515 recensita:
1048 5467 1262 5528 praeter,
1288 5470 1344 5525 q.
1373 5452 1498 5519 145,
1528 5453 1653 5517 117,
1679 5451 1944 5517 154,226,

473 5601 561 5669 t6)
591 5599 729 5655 Sunt
756 5615 849 5669 qq.
866 5598 961 5669 is.
996 5597 1083 5659 π,
1117 5597 1206 5664 78,
1228 5595 1488 5663 157.147,
1516 5594 1641 5664 iss,
1671 5590 1944 5660 226,253,

376 5668 664 5747 ωερε-ψ.
694 5668 978 5747 241275:

449 5728 563 5815 (t7)
593 5741 733 5798 Sunt
782 5728 875 5813 q'q.
927 5741 1015 5809 15,
1049 5736 1321 5805 “2,148,
1357 5735 1479 5803 165,
1504 5735 1633 5802 est,
1658 5733 1787 5803 29.5,
1816 5728 1946 5796 eis,

2050 4561 2188 4615 tanti
2254 4561 2454 4630 negotii
2517 4561 2740 4624 molem,
2790 4573 2901 4629 quo
2970 4559 3220 4629 dispersa
3284 4558 3635 4629 disiectaque

2054 4652 2295 4706 membra
2332 4650 2386 4705 in
2434 4665 2602 4704 unum
2654 4663 2857 4717 corpus
2923 4649 3256 4719 colliguntur
3316 4665 3379 4704 ac
3436 4664 3639 4704 recens

2051 4745 2298 4800 detectis.
2328 4752 2617 4812 augentur,
2660 4741 2798 4797 satis
2838 4741 2953 4811 jam
3022 4742 3224 4821 habere
3289 4750 3627 4811 perspectam

2052 4836 2401 4892 conﬁdnnus.

2051 5236 2313 5302 252-254,
2341 5237 2468 5301 273,
2498 5233 2626 5297 276.
2661 5235 2792 5301 287,
2827 5234 3085 5290 514-517.

2057 5378 2080 5433 f
2125 5308 2236 5447 (48))
2273 5308 2412 5364 infra
2438 5323 2497 5378 q.
2527 5306 2767 5362 διδ-525
2798 5309 2876 5377 (q.
2901 5306 3093 5375 95-97,
3128 5305 3251 5373 tos,
3291 5306 3420 5363 288.
3455 5306 3633 5365 Mont-

2079 5394 2201 5434 auc.

2079 5394 2201 5434 auc.

2127 5449 2240 5519 (te)
2274 5449 2341 5519 Q.
2380 5448 2509 5504 sat.

2127 5518 2239 5588 (50)
2282 5518 2550 5574 Nimirum
2583 5518 2778 5581 5174-
2795 5518 2825 5571 7
2840 5539 2914 5571 ::
2930 5519 3056 5576 524.

2127 5525 2218 5588 (so
2282 5525 2550 5574 Nimirum
2583 5525 3056 5581 517+7:524.

2125 5525 2239 5659 (διξ
2272 5590 2362 5646 Est
2392 5591 2717 5645 chartaceus
2756 5591 2811 5644 in
2850 5593 2906 5650 4.
2946 5606 3071 5646 stre.
3101 5605 3169 5646 xv
3202 5600 3258 5645 et
3290 5604 3404 5647 xvi.
3429 5604 3457 5643 a
3490 5590 3631 5644 dno-

2055 5660 2161 5716 bus
2183 5662 2415 5732 diversis
2444 5661 2811 5732 conscriptus.
2835 5660 2923 5716 Cf.
2958 5663 3026 5717 de
3053 5678 3119 5714 eo
3139 5661 3358 5716 Aretin:
3389 5660 3639 5732 Beitrtige

2057 5748 2155 5786 ιω·
2188 5730 2490 5789 Geschichte
2518 5732 2611 5788 der
2641 5730 2933 5802 Literatur,
2965 5740 3007 5790 t.
3040 5732 3131 5799 IX,
3166 5748 3219 5803 p.
3248 5730 3507 5787 899-906.
3551 5765 3563 5788 ι
