3976 6222
293 325 364 390 21
1656 336 2240 397 PROLEGOMENA.
3499 323 3576 386 22

1904 452 1984 514 ll.

592 614 750 677 JOS.
791 614 1388 678 CHRISTOPHORI
1425 615 1726 676 WOLFII
1758 615 2181 676 PRZEFATIO
2249 615 2329 674 ΙΝ
2382 613 2660 675 ΡΗΟΤΠ
2719 611 3256 674 PATRIARCHIE

775 718 1302 792 QUIESTIONES
1342 717 2056 778 AMPHILOCHIANAS
2098 716 2306 789 QUAS
2346 715 2622 776 EDlDlT
2665 715 2774 775 AD
2818 713 3138 776 CALCEM

1079 818 1263 880 VOL.
1313 817 1364 878 V
1400 817 1786 878 CURARUM
1822 815 2028 875 PHIL.
2077 815 2176 874 ET
2222 815 2431 876 CRlT.
2466 814 2547 874 ΙΝ
2578 816 2652 875 Ν.
2691 816 2763 875 Τ.

1664 920 2024 982 BASILEIE
2072 920 2246 981 17ίι1.

386 1237 666 1307 Quidquid
697 1237 902 1292 interea
939 1237 1032 1290 otii
1065 1236 1214 1308 (dum
1255 1235 1423 1292 Curas
1458 1237 1803 1310 philologicas
1838 1250 1886 1293 et
1919 1243 1963 1299 Α
1992 1237 2165 1291 visum
2214 1236 2315 1291 fuit
2363 1236 2560 1290 Franc.
2594 1233 2946 1298 Combelisio,
2999 1232 3090 1302 qui
3134 1246 3456 1300 responsum
3494 1229 3585 1294 57,

313 1334 538 1386 criticas
571 1333 624 1384 in
656 1331 730 1386 Ν.
770 1331 831 1385 Τ.
869 1332 1235 1401 scripsissem)
1271 1333 1538 1401 reliquum
1584 1335 1715 1388 mihi
1764 1347 1902 1404 erat,

315 1421 374 1474 id
417 1421 484 1474 ad
513 1420 897 1488 divulgandam
928 1428 1134 1487 partem
1185 1419 1669 1487 Amphilochiorum
1702 1422 1904 1489 Photii,

317 1511 508 1565 adhuc
562 1510 886 1568 ἁνεκδότων.
937 1525 1101 1578 quam
1160 1510 1212 1562 in
1268 1509 1414 1563 calce
1467 1512 1743 1580 conspicis
1775 1530 1908 1567 eon—

320 1603 447 1656 tuli.
491 1600 566 1655 De
621 1600 724 1654 hoc
773 1615 936 1668 opere
979 1601 1050 1654 ita
1086 1600 1244 1654 habe.
1276 1599 1470 1654 Exstat
1507 1602 1636 1656 illud
1683 1603 1909 1662 Parisiis

322 1707 520 1754 manu,
548 1705 672 1760 quae
697 1689 959 1744 saeculum
997 1705 1048 1742 xu
1089 1687 1273 1754 rcfcrt,
1318 1701 1603 1744 exaratum
1637 1691 1690 1744 in
1723 1693 1910 1748 codice

321 1786 751 1841 membranaceo
805 1784 912 1837 270
965 1783 1309 1838 bibliotheca».
1353 1782 1724 1851 Coislinianze,
1779 1788 1910 1841 olim

325 1876 707 1946 Seguerianae,
742 1875 902 1944 cujus
954 1874 1275 1944 Catalogum
1323 1875 1608 1930 indefessa:
1642 1887 1910 1947 praestan-

328 1970 537 2024 tissimi
573 1967 838 2023 Bernardi
871 1965 1276 2020 Montefalconii
1311 1967 1596 2022 industriae
1629 1970 1912 2026 debemus.

325 2061 644 2128 Inscriptio,
682 2076 747 2115 ex
785 2060 890 2114 Iide
928 2060 1169 2128 Catalogi
1228 2059 1391 2124 illius,
1436 2075 1489 2129 ι),
1531 2059 1657 2126 326,
1703 2062 1778 2116 ita
1821 2064 1918 2115 ha-

329 2153 466 2204 bet:
507 2149 590 2201 Τὰ
628 2147 975 2218 Ἀμφιλόχια,
1016 2148 1049 2219 ἦ
1090 2149 1262 2217 λόγων
1321 2151 1480 2218 ῐςςρῶν
1522 2152 1614 2204 καὶ
1667 2151 1916 2223 ζητημά-

327 2261 440 2295 των
472 2241 768 2310 ἶερολογίαι
807 2241 942 2310 πρὸς
973 2240 1342 2311 Ἀμφιλόχιυν,
1373 2241 1462 2294 τὸν
1489 2242 1783 2297 ὁσιώτατον
1817 2262 1921 2315 μη-

327 2335 664 2406 τροπολξτην
698 2332 956 2398 Νυζίκου,
1009 2334 1065 2385 ὲν
1101 2333 1174 2403 τῷ
1215 2334 1387 2404 καιρῴ
1421 2335 1528 2386 τῶν
1574 2337 1917 2409 πειρασμῶν,

332 2430 672 2500 ζητημάτων
702 2429 999 2499 διαφόρων,
1035 2431 1111 2491 εἰς,
1145 2428 1378 2499 ἀριθμὸν
1420 2433 1752 2499 τριακοσίων
1796 2449 1920 2483 συν-

330 2522 626 2575 τεινόντων
649 2521 894 2574 ἐπίλυσιν
925 2522 1310 2590 αἰτησάμενον.
1329 2521 1383 2575 ld
1405 2533 1507 2586 est,
1530 2523 1917 2591 Amphilochia,

331 2633 427 2670 seu
453 2632 717 2669 sermones
748 2627 794 2668 et
828 2616 1140 2684 quwationes
1167 2630 1334 2669 sacra:
1364 2615 1432 2667 ad
1465 2615 1918 2683 Amphilochium,
1953 2591 1993 2645 Β

331 2707 740 2761 sanctissimum
793 2704 974 2775 Cyzici
1028 2692 1455 2773 metropolitani,
1508 2706 1621 2774 qui,
1674 2716 1908 2772 tempore

334 2800 717 2862 tentationum,
747 2799 1103 2866 quaestionum
1149 2798 1440 2860 variarum,
1489 2813 1608 2864 qua:
1646 2813 1927 2848 numerum

334 2893 448 2948 500
482 2892 792 2960 conficiunt,
825 2889 1142 2943 solutionem
1171 2891 1480 2957 expetierat.
1501 2889 1784 2958 Inscriptio
1816 2889 1931 2940 haec

337 2985 538 3038 eadem
581 2983 795 3036 ratione
832 2982 886 3034 in
928 2982 1114 3034 codice
1161 2978 1540 3046 Neapolitano,
1571 2978 1643 3030 de‘
1667 2992 1774 3046 quo
1803 2992 1930 3029 mox

337 3079 616 3134 dicemus,
637 3074 902 3143 legiturin
933 3069 1366 3140 Ephemeridibns
1393 3068 1672 3122 litterariis
1703 3066 1928 3132 Venetis,

339 3167 531 3222 Italice
571 3165 759 3230 editis,
795 3174 931 3218 tom.
967 3161 1184 3225 XXXII,
1212 3176 1334 3230 pag.
1367 3161 1457 3213 7'2.

415 3281 495 3337 Ex
547 3282 637 3335 illa
677 3296 806 3335 vero
864 3287 1109 3348 apparet,
1155 3277 1501 3346 ’Λμφιλόχια,
1541 3276 1646 3339 vel,
1686 3285 1744 3330 ut
1784 3275 1933 3328 Alla-

346 3377 460 3431 lius
490 3375 748 3444 appellat,
807 3372 1181 3442 Ἀμφιλόχεια,
1232 3371 1335 3434 vel,
1394 3381 1452 3423 ut
1499 3370 1614 3434 alii,
1671 3369 1932 3438 Ἀμφιλὸ-

348 3468 503 3542 χικὰ,
548 3469 670 3522 ideo
722 3467 1008 3537 appellari,
1051 3463 1194 3534 quod
1255 3462 1525 3532 Responsa
1585 3462 1672 3515 illa
1706 3463 1772 3515 ad
1805 3459 1936 3514 Am-

349 3563 719 3634 philochium,
771 3559 1056 3630 prazsulem
1109 3557 1458 3628 Cyzicenum,
1491 3566 1783 3625 petentem,
1826 3555 1937 3608 sint

349 3657 686 3727 perscripta.
717 3653 861 3708 Cave
889 3667 1023 3706 vero
1052 3652 1264 3712 credas,
1311 3650 1379 3705 de
1412 3649 1670 3702 omnibus
1711 3649 1782 3701 ita
1817 3663 1937 3701 esse

356 3749 696 3803 habendum.
733 3746 791 3800 In
821 3743 1074 3814 Epistolis
1103 3742 1302 3805 Photii,
1343 3758 1370 3794 a
1414 3741 1571 3794 Rieh.
1606 3739 1938 3794 Montacutio

355 3839 545 3903 editis,
586 3852 681 3892 sex
735 3836 962 3889 omnino
994 3831 1362 3903 Amphilochii
1422 3846 1622 3884 nomen
1669 3828 1935 3883 referunt.

2008 1329 2082 1384 De
2111 1330 2572 1398 incircumscripta
2612 1327 2742 1382 Filii
2788 1327 2994 1381 Deitate
3038 1326 3179 1379 inter
3218 1323 3586 1392 Amphilochii

2009 1423 2293 1494 Excerpta,
2325 1441 2380 1494 p.
2407 1424 2512 1477 226
2565 1439 2791 1492 Operam
2823 1422 2943 1491 ejus
2995 1421 3265 1485 exhibuit,
3295 1428 3442 1473 recte
3470 1416 3591 1471 ideo

2011 1529 2230 1572 notatus
2262 1517 2330 1570 ab
2365 1516 2564 1570 Allatio
2592 1516 2667 1569 De
2704 1517 3042 1570 consensione
3074 1513 3279 1567 Eccles.
3320 1511 3504 1566 Occid.
3542 1519 3592 1563 et

2014 1603 2216 1659 Orient.
2250 1619 2302 1672 p.
2336 1605 2460 1658 576.
2492 1605 2562 1657 At
2588 1604 2704 1673 ipse
2739 1603 3106 1658 Combctisius
3149 1616 3393 1655 errorem
3431 1614 3594 1652 suum

2013 1699 2234 1766 agnovit
2260 1697 2314 1750 in
2349 1696 2638 1752 Recensitis
2671 1698 2974 1751 auctoribus
3002 1695 3340 1750 Bibliotheca?
3369 1693 3595 1746 Patrum

2014 1789 2462 1854 Concionatoritc,
2498 1806 2552 1858 p.
2580 1788 2704 1855 152,
2737 1790 2832 1860 qui
2863 1789 3079 1842 libellus
3117 1787 3353 1842 seorsim
3397 1782 3599 1854 prodiit

2013 1881 2244 1938 Parisiis
2281 1882 2440 1945 1662,
2469 1883 2526 1937 8.

2086 1995 2241 2061 Quod
2269 1996 2335 2048 ad
2384 2000 2769 2064 argumentum
2802 1991 3145 2046 collectionis
3180 1992 3348 2059 hujus
3371 1998 3598 2060 spectat,

2017 2091 2257 2144 maxima
2291 2089 2444 2142 illius
2481 2104 2610 2157 pars
2639 2088 2691 2140 in
2730 2087 3074 2140 illustrandis
3109 2084 3319 2139 Veteris
3365 2095 3418 2139 et
3465 2083 3601 2137 Novi

2017 2182 2370 2237 lnstrumenti
2407 2180 2643 2235 oraculis
2690 2179 3088 2233 dillicilioribus
3129 2188 3449 2246 occupatur.
3487 2176 3602 2230 Re-

2019 2275 2168 2344 liqua
2200 2289 2328 2343 pars
2357 2289 2503 2328 nunc
2527 2273 2856 2342 theologica,
2890 2287 3035 2324 nunc
3060 2272 3438 2340 philosophica
3468 2269 3605 2323 varii

2021 2367 2259 2437 generis,
2309 2381 2455 2419 nunc
2508 2364 2888 2434 grammatica,
2943 2379 3090 2416 nunc
3143 2362 3399 2416 Historia:
3443 2360 3607 2416 eccleo

2021 2461 2255 2514 siasticw
2287 2467 2334 2513 et
2365 2459 2644 2511 litterariae
2677 2457 2855 2526 capita
2891 2457 3255 2525 persequitur.

2095 2552 2354 2607 Collectio
2407 2551 2522 2620 ipsa
2586 2564 2862 2618 nunquam
2928 2548 3101 2601 lucem
3162 2547 3312 2610 vidit,
3355 2544 3609 2614 quamvis

2030 2661 2192 2698 manu
2226 2653 2448 2697 exarata
2480 2644 2531 2696 in
2569 2642 2735 2695 variis
2761 2639 3106 2694 bibliothecis
3135 2646 3329 2691 exstet.
3357 2635 3410 2689 In
3435 2635 3606 2690 Gallia

2032 2738 2257 2792 Parisiis
2283 2735 2638 2790 bibliotheca:
2663 2733 2980 2786 Colbertina
3005 2741 3059 2784 et
3091 2730 3431 2784 tloisliniana
3465 2727 3611 2781 illius

2030 2829 2242 2896 copiam
2275 2825 2507 2880 faciunt.
2543 2824 2699 2875 Prior
2732 2821 2786 2873 in
2817 2820 3005 2874 codice
3049 2819 3175 2884 Mil,
3204 2831 3366 2884 quem
3411 2815 3485 2867 ita
3518 2811 3614 2866 de-

2033 2920 2224 2976 scribit
2275 2917 2360 2971 Jo.
2415 2916 2658 2984 Baptista
2717 2912 3023 2966 Cotelerius
3084 2911 3136 2963 in
3199 2907 3356 2962 Notis
3405 2906 3472 2960 ad
3528 2913 3616 2960 to-

2032 3029 2182 3067 mum
2211 3011 2281 3065 Ill
2307 3009 2765 3064 Monumentorum
2798 3003 3048 3056 Ecclesia:
3077 3001 3297 3064 Grazcw,
3337 3014 3459 3068 pag.
3486 2995 3612 3052 556:

2039 3125 2058 3156 ι
2105 3103 2384 3159 Adversus
2415 3099 2811 3153 Manichaicam
2843 3095 3073 3149 haeresin
3097 3091 3465 3146 Paulicianam
3491 3088 3616 3142 libri

2032 3191 2211 3246 Photii
2259 3197 2520 3259 quatuor,
2564 3185 2856 3258 Euthyntio
2914 3183 3188 3253 Zigabeuo
3236 3180 3358 3242 visi,
3401 3186 3620 3232 exstant

2035 3286 2157 3340 cod.
2183 3283 2496 3338 Colbertino
2536 3281 2661 3344 141,
2697 3294 2804 3332 una
2847 3292 2972 3331 cuin
3018 3273 3267 3345 ejusdem
3313 3270 3619 3325 doctissimi

2035 3378 2136 3431 viri
2191 3373 2598 3443 Amphilochiis,
2659 3381 2714 3424 ut
2770 3367 3097 3424 certissimis
3149 3365 3368 3419 indiciis
3429 3364 3620 3432 depre-

2037 3466 2500 3536 hendi,quamvis
2548 3464 2736 3522 titulo,
2781 3461 2980 3530 capite,
3021 3458 3194 3512 cauda
3254 3467 3445 3509 trunca
3490 3453 3619 3507 sint.

2037 3561 2315 3615 Posterior
2339 3559 2392 3612 in
2429 3557 2617 3612 codice
2648 3554 2776 3619 270,
2829 3552 2963 3605 olim
3018 3551 3121 3604 159
3178 3565 3244 3616 ex
3291 3563 3425 3616 quo,
3475 3543 3621 3614 quod

2041 3651 2203 3704 modo
2241 3648 2581 3708 monuimus,
2631 3642 2946 3698 Bernardus
2983 3638 3445 3694 Monlefalconius
3477 3646 3529 3689 et
3555 3634 3625 3688 ti-

2042 3744 2185 3798 tulos
2210 3751 2262 3794 et
2292 3740 2443 3793 initia
2488 3738 2593 3792 508
2642 3735 3054 3804 Responsorum
3095 3731 3348 3784 exhibuit
3380 3730 3434 3782 in
3468 3728 3627 3780 Cata-

2040 3836 2164 3905 logo
2192 3831 2450 3886 Biblioth.
2475 3830 2843 3892 Coisliniante,
2873 3841 2992 3896 pag.
3021 3824 3126 3877 525
3149 3838 3326 3892 seqq.,
3345 3819 3625 3888 subjectis,

358 3932 438 3986 Ex
473 3933 558 3984 his
596 3939 705 3983 tres
738 3938 947 3981 tantum
976 3935 1194 3982 exstant
1228 3926 1283 3978 in
1309 3923 1712 3992 Amphilochiis,
1743 3937 1938 3989 nempe
1965 3933 2009 3990 ο
2042 3925 2358 3998 speciuiinis
2407 3925 2550 3988 loco,
2593 3930 2828 3990 quatuor
2873 3917 3198 3987 Responsis,
3249 3930 3302 3984 p.
3337 3915 3440 3967 546
3471 3927 3625 3980 seqq.

355 4040 481 4094 epp.
519 4021 642 4088 137,
684 4020 806 4080 165,
839 4020 962 4084 178,
997 4035 1120 4072 cum
1162 4019 1359 4087 quibus
1392 4024 1578 4070 exacte
1607 4013 1940 4068 conveniunt

353 4133 621 4187 responsa
661 4117 780 4181 162,
803 4115 909 4168 ⁸255
934 4123 986 4168 et
1021 4113 1141 4167 178.
1176 4113 1310 4167 'l‘res
1340 4120 1549 4165 eceterae
1579 4124 1706 4163 vero
1745 4122 1940 4176 nempe

360 4211 488 4274 168,
529 4210 632 4263 198
677 4217 730 4262 et
768 4207 872 4259 207
917 4207 1060 4260 inter
1095 4205 1361 4273 Responsa
1405 4204 1494 4257 illa
1541 4201 1939 4255 desiderantur.

359 4306 443 4358 Ab
470 4304 644 4357 altera
689 4311 841 4370 parte
887 4301 939 4352 in
989 4297 1376 4366 Amphilochiis
1431 4296 1776 4364 Responsum
1811 4291 1938 4359 141,

361 4397 510 4467 quod
544 4395 711 4448 habes
746 4392 885 4446 infra
924 4408 978 4462 p.
1013 4391 1140 4452 708,
1192 4389 1508 4443 inscribitur
1536 4384 1940 4454 Amphilochio,

362 4490 508 4558 quod
543 4488 748 4541 frustra
772 4484 973 4555 quieris
996 4485 1136 4537 inter
1161 4481 1455 4551 Epistolas.
1486 4479 1755 4533 Praeterea
1779 4477 1946 4530 multa

365 4583 667 4649 Responsa,
709 4580 763 4633 in
815 4576 1196 4646 Amphilochiis
1228 4574 1518 4636 exstantia,
1545 4572 1708 4626 etiam
1740 4570 1796 4624 in
1827 4571 1946 4638 epi-

367 4676 526 4732 stolis
560 4676 680 4740 (ceu
719 4688 842 4726 mox
868 4669 1238 4739 ostendemus)
1273 4668 1544 4738 leguntur,
1595 4663 1687 4718 sed
1714 4665 1946 4716 aliorum

370 4768 687 4823 nominibus
719 4765 1000 4832 inscripta.
1029 4763 1111 4816 Ita
1140 4762 1307 4830 Resp.
1337 4758 1439 4812 166
1467 4756 1793 4826 estepistola
1826 4755 1949 4821 135,

373 4877 498 4930 quae
546 4868 730 4912 tamen
781 4857 854 4910 ibi
909 4853 1254 4908 Constantini
1292 4851 1476 4904 fratris
1518 4865 1716 4904 nomen
1765 4846 1949 4900 refert.

370 4953 672 5022 PrOptei-ea
707 4950 778 5002 ita
820 4949 1001 5017 potius
1029 4944 1373 5000 statuendum
1412 4949 1566 5011 puto,
1600 4938 1747 5010 quod
1787 4938 1953 4992 variae

371 5044 556 5100 Pizotii
583 5043 831 5111 epistolae
858 5041 987 5093 hinc
1023 5039 1148 5092 inde
1181 5036 1292 5090 sint
1315 5035 1575 5096 collectae,
1601 5042 1653 5086 et
1678 5030 1954 5100 Amphilo-

373 5139 621 5192 ‘chiurum
657 5133 878 5188 nomine
929 5130 1221 5199 insignitae,
1258 5129 1401 5191 ideo,
1447 5125 1591 5195 quod
1620 5124 1814 5177 Photio
1841 5119 1954 5174 fre-

376 5247 554 5302 quens
605 5228 908 5280 litterarum
957 5240 1081 5277 cum
1133 5220 1515 5288 Amphilochio
1567 5216 1957 5272 commercium

2051 4033 2172 4086 quae
2219 4032 2342 4068 mox
2405 4012 2826 4082 appellabimus.
2880 4010 2938 4064 In
2992 4009 3144 4062 Italia
3199 4009 3372 4059 ltoma
3430 4004 3629 4072 duplex

2051 4108 2232 4178 operis
2267 4107 2576 4173 exemplum
2610 4103 2865 4164 exhibet;
2917 4101 3149 4154 alterum
3197 4099 3250 4151 in
3289 4095 3631 4148 Bibliotheca

2054 4199 2337 4262 Vaticana,
2372 4197 2602 4249 alterum
2633 4193 2685 4246 in
2729 4191 3047 4252 Barberina,
3080 4201 3245 4256 atque
3277 4189 3379 4240 hoc
3401 4186 3627 4255 quidem

2054 4290 2333 4346 Francisci
2385 4286 2611 4341 Arcudii
2647 4300 2811 4338 manu
2858 4283 3212 4350 descriptum.
3274 4278 3346 4330 De
3397 4289 3633 4345 utroque

2054 4383 2207 4438 testis
2235 4393 2318 4435 est
2350 4379 2459 4433 Leo
2489 4377 2718 4430 Allatius
2759 4376 2810 4428 iu
2845 4372 2997 4426 libris
3033 4370 3097 4424 Ill
3136 4370 3204 4424 de
3236 4368 3488 4422 Ecclesia:
3531 4365 3634 4421 0c-

2057 4475 2333 4531 cidentalis
2365 4484 2414 4528 et
2439 4471 2729 4528 Orientalis
2763 4477 3012 4536 perpetua
3035 4466 3395 4527 consensione,
3424 4463 3518 4516 lib.
3571 4479 3632 4522 ιι,

2057 4584 2107 4624 c.
2134 4567 2188 4634 6,
2214 4583 2266 4637 p.
2294 4566 2420 4619 576.
2464 4582 2480 4613 ι
2522 4559 2670 4631 Opus
2709 4568 2812 4622 est,
2847 4559 3044 4626 inquit,
3078 4555 3294 4608 varium
3340 4562 3394 4607 et
3454 4551 3636 4605 multi-

2058 4661 2198 4731 plice
2244 4656 2553 4711 eruditione
2595 4654 2847 4721 plenum,
2901 4649 3170 4719 theologis
3220 4662 3285 4701 ac
3337 4645 3636 4714 Scriptura:

2059 4748 2466 4818 expositoribus
2518 4743 2755 4798 maxime
2805 4740 3206 4802 necessarium,
3256 4751 3432 4803 eoque
3465 4732 3638 4801 magis

2061 4836 2522 4910 amplectendum,
2552 4833 2699 4904 quod
2733 4847 2839 4886 non
2871 4830 3026 4894 alibi,
3064 4843 3229 4897 quam
3258 4827 3312 4879 in
3349 4824 3637 4884 Vaticana,

2057 4929 2206 4988 nunc
2229 4943 2564 4999 postremum
2586 4943 2648 4980 ex
2671 4925 2824 4978 libris
2846 4921 3129 4984 Lollianis,
3155 4920 3255 4974 sub
3277 4916 3500 4973 Urbano
3521 4912 3638 4967 VlIl

2065 5025 2360 5080 invectum,
2393 5018 2539 5087 quod
2572 5017 2686 5084 ipse
2710 5014 2904 5074 sciam,
2938 5017 3136 5064 exstet.
3171 5025 3189 5058 ι
3232 5005 3300 5058 Et
3337 5003 3526 5074 paucis
3557 5000 3642 5052 in-

2067 5113 2310 5181 teriectis
2340 5127 2353 5164 :
2393 5128 2411 5160 ι
2456 5106 2603 5176 Opus
2635 5114 2747 5158 tam
2781 5102 3004 5172 dignum
3032 5108 3086 5152 et
3123 5098 3366 5154 doctum,
3406 5108 3436 5144 a
3467 5088 3645 5141 Fran-

2067 5209 2216 5262 cisco
2262 5202 2505 5257 Arcudio
2533 5239 2550 5264 ,
2591 5195 2850 5250 Nuscano
2899 5192 3120 5245 demum
3183 5185 3473 5255 episcopo,
3530 5180 3644 5231 viro

959 5269 1081 5277 η---

381 5318 776 5378 intercesserit.
812 5317 988 5369 Taceo
1039 5313 1300 5368 nonnulla
1363 5312 1416 5364 in
1461 5311 1547 5364 his
1596 5307 1809 5370 haberi,
1842 5321 1961 5375 quae
1993 5279 2036 5334 D
2071 5299 2273 5356 Grzecis
2319 5293 2639 5359 Latinisque
2675 5286 2870 5341 litteris
2904 5284 3066 5350 longe
3108 5275 3453 5335 doctissimo,
3486 5269 3647 5378 mihi-

379 5432 490 5470 non
528 5425 638 5466 tam
665 5411 952 5478 Responsa,
1001 5423 1163 5476 quam
1217 5405 1476 5471 Excerpta
1520 5402 1769 5471 quaedam
1817 5397 1965 5451 refe-

384 5517 534 5574 runt,
566 5521 691 5576 qua:
720 5503 950 5556 Photius
970 5517 1032 5554 ex
1070 5501 1213 5565 aliis,
1239 5516 1288 5552 v.
1312 5515 1360 5554 c.
1392 5497 1810 5567 Chry‘sostomo,
1833 5500 1962 5556 etc.,

385 5605 559 5676 petiit.
585 5599 722 5654 Vide
755 5612 820 5649 ex
850 5611 932 5665 gr.
959 5593 1096 5646 infra
1128 5609 1181 5661 p.
1221 5591 1343 5652 750,
1378 5590 1501 5644 800.
1539 5589 1596 5642 Id
1621 5595 1830 5642 certum
1859 5591 1967 5645 est,

385 5675 796 5764 Amphilochio,
845 5687 1098 5754 episcopo
1146 5684 1456 5745 lconicnsi,
1517 5696 1623 5734 non
1679 5675 1966 5731 tribuenda

388 5806 534 5853 esse,
587 5799 708 5856 qua:
753 5781 808 5834 in
863 5778 1241 5848 Amphilochus
1275 5779 1546 5848 leguntur.
1584 5770 1696 5826 lloc
1742 5769 1962 5841 quidem

2072 5408 2179 5464 que
2219 5388 2528 5446 studiorum
2568 5379 2939 5436 familiaritate
2976 5369 3453 5441 coniunctissimo,
3490 5361 3648 5414 bien-

2072 5449 2218 5540 nium
2252 5492 2378 5536 ante
2401 5479 2514 5532 fato
2541 5475 2751 5538 functo,
2775 5464 3191 5524 eharacteribus
3222 5449 3648 5526 elegantissimis

2076 5573 2492 5646 diligentissime
2525 5565 2879 5632 descriptum,
2920 5559 2978 5611 in
3007 5570 3104 5609 sua
3129 5548 3461 5646 bibliotheca
3491 5554 3649 5609 repo-

2076 5669 2184 5725 suit
2234 5667 2503 5719 bonarum
2558 5654 2803 5709 omnium
2860 5649 3062 5703 artium
3117 5650 3172 5696 et
3230 5633 3645 5702 disciplinarum

2075 5766 2435 5821 restaurator,
2487 5749 2818 5808 Franciscus
2871 5735 3226 5800 Barbcrinus,
3269 5727 3651 5802 publicai-om-
