3976 6222
369 327 447 388 23
553 369 558 374 -
1524 327 1605 389 ΙΝ
1636 320 1949 386 AMPHJLl

2057 320 2160 378 11A
2192 319 2454 378 PHOTIl
3546 323 3615 385 21

373 447 526 499 nium
566 445 936 499 commoditati
971 455 1135 515 atque
1171 444 1415 500 utilitati.
1459 463 1478 496 1
1524 442 1599 498 Dc
1627 441 1815 498 codice
1856 436 1949 490 illo
1979 438 2024 494 Δ
2053 432 2295 484 sliniani.
2319 432 2502 500 Itaque
2527 431 2672 488 absit
2715 443 2772 488 ut
2803 433 2870 488 de
2901 433 3111 506 integro
3141 437 3620 506 Amphilochiorum

373 537 619 593 Lolliano
656 540 858 594 videsis
902 540 1076 609 ipsius
1124 538 1323 594 Lollini
1378 537 1666 608 Epistolas,
1716 552 1770 607 p.
1821 536 1947 592 526.

374 627 576 683 Praeter
634 630 749 684 haec
805 629 1198 684 bibliothecam
1254 628 1652 684 Taurinensem
1704 628 1949 698 ejusdem

375 720 560 787 operis
623 721 932 790 exemplum
975 721 1174 776 habere
1203 729 1419 776 constat
1458 736 1526 775 ex
1575 720 1950 787 Ephemeribus

371 809 537 862 litter.
583 809 812 874 Venetis,
859 820 990 866 tom.
1023 812 1111 879 VI,
1146 828 1204 882 p.
1225 812 1350 867 478.
1389 812 1470 866 Ad
1503 811 1593 865 illa
1625 810 1831 866 accedit
1857 826 1953 863 co-

374 903 476 957 dex
509 903 924 974 Neapolitanus,
958 905 1026 959 de
1048 921 1156 976 quo
1189 905 1421 961 Allatius
1445 906 1482 960 l.
1513 921 1564 960 c.
1599 905 1710 959 ita:
1741 923 1760 957 1
1783 904 1953 959 Annis

377 998 734 1054 nihilominus
762 999 984 1068 elapsis,
1014 998 1233 1069 Neapoli
1264 1000 1516 1054 inventus
1541 1007 1627 1053 est
1656 999 1826 1052 codex
1855 1013 1956 1050 an-

376 1089 746 1158 tiquissimus.
789 1091 902 1145 imo
933 1089 1166 1145 frustum
1198 1091 1567 1160 antiquissimi
1598 1090 1824 1156 codicis,
1859 1105 1952 1144 ve-

377 1177 581 1235 tustate
620 1197 869 1242 exesum,
907 1183 1174 1252 principio
1211 1191 1265 1237 et
1307 1183 1415 1237 llne
1452 1181 1704 1237 mutilum
1737 1200 1750 1235 :
1788 1197 1854 1237 ex
1888 1197 1954 1236 eo

379 1275 702 1344 transcripta
734 1275 900 1330 dubia
929 1285 983 1329 et
1017 1276 1319 1330 solutiones
1367 1274 1587 1344 viginti,
1632 1289 1756 1329 cum
1795 1273 1954 1343 plura

361 1381 485 1418 non
539 1375 742 1430 essent,
790 1376 843 1420 et
893 1367 957 1419 ad
1010 1382 1117 1430 me,
1168 1366 1334 1420 veluti
1385 1367 1678 1422 thesaurus
1733 1366 1951 1436 ingens,

378 1460 698 1515 transmissa
733 1471 862 1514 sunt
893 1461 961 1512 ah
1002 1460 1388 1515 eruditissimis
1419 1460 1574 1525 viris,
1608 1459 1700 1529 qui
1733 1475 1952 1530 operam

376 1565 531 1604 suam
564 1551 617 1604 in
651 1553 759 1607 illis
783 1553 1122 1608 illustrandis
1153 1553 1566 1623 pollicebantur;
1588 1568 1800 1616 verum,
1829 1567 1954 1607 cum

374 1641 687 1707 scivissent,
729 1643 889 1714 cujus
932 1645 1022 1699 illa
1068 1654 1245 1709 erant,
1295 1655 1350 1700 et
1391 1661 1528 1715 opus
1559 1644 1830 1715 integrum
1861 1659 1958 1698 exa-

375 1741 545 1794 stare,
581 1735 959 1804 neglexerunt.
994 1755 1012 1788 1
1045 1736 1199 1791 llunc
1233 1736 1408 1806 ipsum
1449 1736 1695 1791 codicem
1741 1750 1850 1789 non
1879 1734 1954 1788 ita

377 1824 584 1890 pridem
613 1828 926 1898 diligentius
951 1829 1239 1899 descripsit
1267 1830 1350 1884 vir
1376 1829 1560 1884 clarus
1595 1827 1954 1884 Sebastianus

375 1916 550 1979 Pauli,
605 1918 892 1987 Lucensis,
938 1922 993 1976 in
1046 1923 1208 1993 epist.
1260 1924 1326 1977 ad
1385 1923 1584 1977 illustr.
1640 1921 1952 1991 Scipionem

373 2007 669 2075 Mall‘eium,
724 2027 846 2079 quae
894 2011 948 2065 in
1003 2012 1196 2068 iisdem
1246 2012 1683 2082 Ephemeridibus
1746 2011 1953 2067 Venetis

374 2111 508 2155 tom.
528 2101 744 2166 XXXII,
772 2120 824 2173 p.
845 2104 912 2158 58
929 2120 1083 2175 seqq.
1104 2106 1319 2176 legitur.
1341 2107 1414 2160 lbi
1447 2107 1666 2176 quidem
1688 2122 1743 2176 p.
1765 2105 1957 2172 65,co-

373 2195 471 2248 dex
515 2195 603 2249 hic
635 2211 902 2251 annorum
931 2197 1033 2252 600
1057 2208 1267 2253 aetatem
1289 2199 1488 2254 habere
1507 2199 1952 2255 etann01717ex

371 2283 598 2339 Archivo
619 2285 720 2341 SS.
743 2287 1119 2356 Apostolorum
1149 2291 1204 2343 in
1232 2287 1623 2343 Bibliothecam
1648 2289 1952 2343 Caesaream

376 2374 874 2443 Vindobonensem,
902 2397 1009 2435 una
1037 2397 1162 2436 cum
1194 2382 1476 2436 codicibus
1500 2381 1626 2435 aliis
1652 2390 1868 2434 centum
1898 2388 1952 2432 et

373 2471 611 2539 amplius
643 2511 656 2533 ,
723 2473 1025 2528 translatus
1073 2489 1198 2528 esse
1245 2473 1468 2527 dicitur.
1528 2473 1954 2541 Comparaverat

373 2562 527 2616 illum
553 2565 683 2619 olim
727 2565 931 2622 Anton.
960 2566 1335 2632 Caracciolus,
1376 2579 1432 2623 et
1463 2568 1690 2622 Romam
1733 2568 1955 2622 miserat

375 2657 442 2708 ad
497 2656 736 2713 Leonem
792 2658 1076 2727 Allatium,
1108 2662 1216 2734 qui
1256 2663 1530 2724 eumdem,
1591 2677 1621 2716 a
1673 2661 1953 2732 Neophyto

383 2747 619 2812 Rodino,
653 2754 924 2807 monacho
968 2752 1190 2823 Cyprio,
1244 2753 1600 2822 descriptum,
1642 2752 1812 2807 variis
1871 2751 1951 2806 le—

371 2841 649 2897 ctionilms
679 2845 761 2898 vel
794 2844 1269 2900 emendationibus
1303 2845 1367 2899 ad
1395 2845 1693 2915 marginem
1744 2843 1950 2897 instru-

373 2942 546 2987 xerat.
571 2933 746 3004 Hujus
769 2953 896 2992 vero
920 2938 1218 3009 apographi
1244 2939 1398 3006 cepia
1435 2953 1542 2991 una
1571 2952 1696 2991 cum
1718 2937 1949 3007 epistola

384 3025 570 3080 Allatii
603 3027 671 3082 ad
701 3028 1077 3086 Caracciolum
1110 3029 1292 3084 adhuc
1321 3039 1498 3084 exstat
1531 3030 1751 3100 Neapoli
1781 3031 1832 3084 in
1858 3031 1952 3084 illo

2052 527 2238 582 Codice
2272 529 2592 597 cogitemus.

2123 618 2212 682 Hi,
2246 635 2384 688 quos
2423 621 2561 684 dixi,
2595 619 2815 676 codices
2853 630 2907 676 et
2949 637 3179 678 numero
3211 633 3266 678 et
3299 625 3491 681 ordine
3521 625 3624 682 Re-

2053 725 2380 780 sponsorum
2426 712 2706 769 dilierun‘t.
2767 712 2842 768 lta
2903 728 2972 769 ex
3030 717 3155 771 cod.
3198 715 3464 773 Vaticano
3521 719 3626 774 Re-

2054 817 2255 868 sponsa
2287 803 2393 858 515
2442 805 2678 874 appellat
2711 805 2944 861 Allatius
2965 846 2979 870 ,
3019 807 3095 861 De
3125 811 3482 874 consensione,
3516 819 3620 866 etc.

2053 894 2445 965 p.576.Atque
2473 897 2695 952 totidem
2723 896 3115 953 in-Colbertino
3137 909 3352 956 exstare
3383 902 3625 957 intellexi

2055 1002 2124 1040 ex
2162 987 2273 1053 illa,
2320 1002 2482 1056 quam
2525 987 2719 1053 habeo,
2771 989 3259 1058 Amphilochiorum
3304 1001 3479 1061 parte.
3522 992 3627 1060 Qui

2054 1080 2198 1132 enim
2222 1095 2341 1133 eam
2368 1096 2435 1134 ex
2460 1081 2798 1136 Coisliniano
2819 1083 3144 1153 descriptam
3167 1100 3289 1138 cum
3313 1084 3630 1141 Colbertino

2057 1172 2307 1236 contulit,
2337 1171 2534 1227 Franc.
2585 1173 2808 1245 Dionys.
2854 1175 3204 1240 Camusalus,
3242 1178 3308 1232 de
3337 1193 3443 1246 quo
3477 1194 3624 1244 mox,

2057 1261 2343 1331 aliquoties
2375 1273 2580 1329 monet,
2627 1267 2729 1321 hoc
2767 1267 2848 1321 vel
2897 1267 3028 1322 illud
3069 1285 3395 1338 responsum
3435 1271 3628 1326 haberi

2058 1354 2112 1408 in
2145 1353 2460 1409 Colbertino
2479 1372 2710 1412 numero
2738 1358 2791 1425 5,
2825 1374 2874 1413 c.
2898 1360 2952 1421 4,
2980 1375 3046 1414 ex
3077 1361 3324 1415 tredecim
3357 1363 3486 1425 illis,
3509 1379 3633 1432 quas

2056 1462 2221 1515 supra
2269 1447 2373 1502 500
2404 1448 2458 1501 in
2499 1449 2813 1505 Colbertino
2857 1451 2952 1504 illo
2992 1463 3227 1508 exstent.
3285 1455 3362 1507 Ita
3418 1456 3486 1508 ad
3523 1454 3632 1508 Re-

2058 1552 2322 1607 sponsum
2355 1539 2480 1606 116,
2505 1539 2594 1592 διὰ
2613 1539 2666 1592 τι
2695 1544 3036 1614 πρωτότοκον
3065 1547 3093 1597 ὁ
3117 1545 3249 1610 Θεὸς
3280 1547 3373 1600 τὸν
3415 1548 3634 1618 Ἰσραὴλ

2057 1626 2234 1693 καλεῖ,
2305 1628 2444 1698 lego,
2499 1639 2716 1685 exstare
2777 1631 2907 1686 illud
2957 1649 3109 1688 num.
3158 1635 3214 1698 5,
3297 1637 3629 1691 extredeciin

2058 1730 2253 1790 praeter
2273 1720 2378 1775 500
2403 1731 2456 1776 et
2472 1723 2537 1777 ad
2560 1721 2902 1793 Responsum
2929 1725 3049 1791 125,
3081 1727 3185 1797 legi
3212 1727 3341 1782 illud
3365 1745 3518 1783 num.
3540 1731 3631 1797 10,

2055 1828 2120 1866 ex
2153 1812 2342 1866 iisdem
2380 1814 2638 1869 tredecim
2665 1831 2829 1884 supra
2859 1815 2983 1870 500.
3013 1818 3308 1874 Observavi
3337 1829 3630 1890 praeterea,

2058 1905 2112 1959 in
2141 1903 2459 1960 Colbertino
2485 1922 2879 1978 nonnunquam
2911 1908 3234 1975 desiderari,
3259 1929 3382 1981 qua:
3409 1925 3636 1970 exstant

2056 1996 2113 2052 in
2153 1997 2514 2055 Coisliniano.
2554 1999 2673 2055 Huc
2704 2001 2983 2070 pertinent
3031 2002 3140 2058 duo
3182 2005 3293 2067 illa,
3331 2021 3454 2074 quae
3485 2007 3634 2064 infra

2055 2089 2244 2154 babes,
2274 2107 2326 2160 p.
2358 2090 2480 2152 684,
2511 2107 2610 2146 nec
2635 2093 2815 2148 minus
2846 2092 3186 2163 Responsum
3213 2099 3282 2152 95
3311 2109 3365 2154 et
3396 2099 3486 2166 96,
3519 2110 3631 2158 etc.

2055 2181 2113 2236 ln
2159 2183 2500 2238 Coisliniano
2546 2185 2688 2254 apud
2739 2184 3226 2243 Montcfalconium
3272 2202 3638 2248 numerantur

2054 2275 2336 2347 Responsa
2358 2277 2484 2333 508.
2511 2279 2681 2333 Porro
2703 2281 2839 2334 ordo
2863 2279 3270 2352 Responsorum
3296 2285 3438 2339 alius
3465 2295 3636 2355 atque

2054 2369 2196 2424 alius
2246 2378 2332 2424 est
2383 2369 2437 2422 in
2483 2379 2714 2440 utroque
2759 2371 2944 2425 codice
3001 2371 3321 2429 Parisiensi.
3367 2374 3634 2442 Quamvis

2052 2465 2196 2519 enim
2225 2474 2451 2536 uterque
2483 2484 2654 2536 usque
2685 2468 2752 2522 ad
2781 2469 2941 2538 Resp.
2957 2467 3021 2521 77
3046 2471 3149 2525 sibi
3175 2471 3408 2527 invicem
3441 2487 3635 2530 exacte
3705 2518 3710 2522 .

2055 2559 2438 2628 respondeant.
2472 2561 2616 2628 quod
2641 2561 2709 2615 ad
2740 2571 2936 2616 caetera
2972 2572 3152 2618 tamen
3189 2564 3483 2620 admodum
3509 2583 3539 2621 a
3573 2584 3636 2624 se

2053 2654 2266 2708 ratione
2293 2654 2502 2710 ordinis
2526 2656 2883 2712 dissentiunt.

2124 2745 2281 2812 Quod
2306 2747 2374 2802 ad
2403 2748 2773 2819 Amphilochia
2809 2753 2926 2821 ipsa
2956 2763 3189 2824 spectat,
3223 2767 3375 2813 sexta
3412 2756 3638 2812 circiter

2055 2839 2271 2894 illarum
2305 2857 2433 2910 pars
2459 2841 2512 2895 in
2557 2844 2808 2912 epistolis
2839 2843 3046 2912 Ph0tii,
3092 2864 3231 2918 quas
3273 2850 3500 2906 eruditae
3537 2849 3637 2904 Ri-
3687 2832 3692 2838 1

2054 2933 2241 2987 Chardi
2277 2933 2597 2988 Montacutii
2633 2935 2919 2994 industriae.
2955 2941 3242 3001 debemus.
3271 2954 3472 3000 exstat.
3501 2946 3634 3000 Illo-

2056 3041 2175 3078 rum
2214 3025 2356 3079 dabo
2381 3025 2620 3082 lndicem
2666 3030 2719 3083 in
2764 3032 2994 3100 gratiam
3031 3049 3244 3101 eorum,
3276 3039 3370 3107 qui
3397 3037 3637 3095 fortasse

374 3117 476 3172 SS.
520 3119 900 3188 Apostolorum
948 3123 1197 3185 Archivo,
1256 3123 1399 3178 unde
1452 3123 1616 3178 aliam
1668 3125 1773 3178 sibi
1827 3124 1949 3178 fecit

2057 3116 2424 3183 Amphilochia
2469 3121 2630 3176 edere
2683 3121 3065 3191 instituerint,
3120 3129 3367 3185 ordinem
3430 3133 3637 3189 codicis

371 3209 548 3265 Nicul.
583 3211 1210 3286 Falconius,ahbas,qui
1245 3231 1336 3270 an.
1376 3216 1514 3270 1719
1535 3217 1951 3271 conversionem

375 3302 497 3371 ejus
538 3303 785 3359 Latinam
813 3307 965 3375 prelo
1001 3309 1229 3377 paravit.
1261 3307 1361 3362 lllo
1391 3323 1556 3378 p0rro
1587 3309 1774 3364 codice
1802 3323 1956 3363 com-

2054 3209 2372 3264 Coisliniani
2400 3222 2714 3280 secuturus,
2759 3215 2834 3270 ita
2882 3217 3102 3287 quidem
3133 3228 3192 3273 ut
3217 3221 3400 3276 littera
3433 3239 3486 3276 r.
3530 3223 3638 3278 Re-

2053 3317 2247 3370 sponsa
2273 3302 2777 3374 Amphilochiorum,
2807 3322 2858 3362 e.
2885 3325 3013 3363 vero
3046 3309 3313 3378 Epistolas
3344 3315 3522 3370 Photii
3549 3316 3638 3371 in-

377 3396 794 3463 prehenduntur
841 3398 1032 3470 viginti
1093 3409 1304 3456 tantum
1360 3416 1624 3471 responsa
1658 3443 1672 3464 ,
1729 3413 1956 3456 auctore
2054 3393 2218 3449 dicet-
2263 3410 2308 3448 |‘-
2339 3395 2462 3450 128·
2493 3411 2544 3452 e.
2575 3397 2703 3452 203.
2730 3415 2778 3452 ι’.
2813 3400 2934 3455 129.
2960 3418 3011 3456 e.
3033 3404 3139 3458 209
3193 3420 3238 3459 r.
3270 3406 3394 3472 150,
3425 3425 3475 3462 e.
3502 3409 3633 3465 210.

376 3487 606 3556 Allatio,
639 3490 675 3544 1.
715 3504 768 3546 c.
796 3491 883 3545 vel
913 3491 1239 3558 octodecim,
1259 3508 1324 3546 ex
1355 3491 1614 3562 computb
1643 3491 1769 3547 Se'b.
1795 3491 1952 3548 Pauli

375 3587 412 3639 l.
431 3601 480 3640 c.
504 3586 594 3640 ubi
620 3584 962 3654 singulorum
993 3585 1180 3640 titulos
1210 3595 1264 3639 et
1293 3585 1696 3656 initia,adjecta
1722 3590 1952 3642 seorsim

374 3675 569 3729 Latina
600 3676 872 3742 versione,
901 3675 1036 3744 legis
1064 3691 1120 3746 p.
1139 3676 1330 3731 66-72.
1349 3676 1690 3746 Responsum
1716 3679 1951 3747 primum

377 3766 542 3822 reiert
570 3784 860 3822 numerum
890 3768 1251 3831 25,ultimum
1283 3785 1412 3823 vero
1435 3771 1525 3832 45,
1557 3773 1646 3840 qui
1675 3771 1951 3841 conjuncti

373 3863 674 3918 coniiciunt
700 3863 1094 3918 novemdecim.
1116 3863 1256 3919 Huic
1286 3864 1331 3919 si
1351 3865 1626 3920 addideris
1639 3866 1950 3936 epistolam,

375 3956 535 4026 cujus
590 3957 808 4011 initiqu
856 3956 1080 4024 ibidem,
1133 3973 1183 4027 p.
1222 3958 1311 4022 72,
1365 3967 1488 4028 post
1538 3958 1951 4028 inscriptionem

372 4050 556 4120 operis
586 4049 740 4119 legis,
779 4065 1072 4116 summam,
1106 4050 1176 4104 ab
1205 4051 1402 4104 Allatlo
1423 4051 1666 4116 ductam,
1701 4052 1947 4106 habebis.

376 4140 469 4194 llis
517 4139 703 4210 itaque
751 4139 944 4210 viginti
997 4139 1294 4211 Responsis
1345 4141 1472 4196 Seb.
1527 4142 1703 4207 Pauli,
1756 4159 1811 4214 p.
1856 4143 1951 4208 66,

373 4232 507 4285 nihil
537 4233 614 4286 ait
640 4248 763 4288 esse
799 4249 1092 4288 commune
1122 4249 1248 4288 cum
1278 4234 1534 4290 trecentis
1565 4236 1694 4301 illis,
1713 4235 1780 4290 ad
1814 4235 1951 4289 Am-

368 4324 693 4396 philochium
723 4325 884 4380 datis.
925 4324 1040 4396 Ego
1073 4341 1202 4382 vero
1234 4343 1298 4381 ex
1332 4325 1516 4382 Indice
1554 4328 1764 4384 codicis
1793 4328 1950 4384 Cois-

2055 3501 2104 3540 r.
2142 3486 2263 3540 151.
2298 3502 2348 3542 e.
2375 3487 2502 3544 211.
2531 3505 2578 3545 r.
2607 3490 2731 3546 152.
2763 3507 2814 3547 e.
2840 3495 2966 3549 215.
2997 3495 3258 3553 r.155.e.
3281 3499 3407 3554 214.
3435 3501 3635 3556 r.154.

2055 3593 2105 3633 e.
2136 3578 2266 3634 216.
2294 3597 2342 3635 r.
2370 3582 2494 3637 158.
2521 3598 2570 3638 e.
2597 3583 2722 3639 246.
2749 3600 2796 3641 1⁸.
2825 3587 2949 3642 159.
2969 3603 3019 3641 e.
3039 3587 3164 3644 247.
3196 3606 3246 3644 r.
3280 3593 3402 3648 140.
3429 3608 3481 3648 e.
3503 3594 3634 3648 248.

2055 3684 2101 3724 ι’.
2130 3669 2253 3725 165.
2279 3686 2329 3726 e.
2365 3671 2487 3726 157.
2514 3689 2561 3727 r.
2586 3675 2706 3729 164.
2732 3691 2782 3730 e.
2815 3676 2940 3732 158.
2959 3695 3004 3734 ι’.
3038 3679 3162 3734 165.
3187 3697 3240 3736 e.
3274 3682 3396 3737 159.
3421 3699 3467 3739 r.
3507 3684 3635 3739 166.

2053 3778 2105 3818 e.
2138 3763 2258 3818 144.
2283 3780 2329 3818 r.
2361 3763 2487 3819 200.
2513 3781 2564 3822 e.
2607 3765 2696 3822 50.
2735 3784 2780 3822 r.
2820 3768 2947 3826 201.
2987 3786 3038 3825 e.
3082 3771 3171 3827 '51.
3209 3789 3252 3827 r.
3297 3773 3424 3829 202.
3456 3791 3507 3831 e.
3541 3777 3634 3831 55.

2053 3869 2099 3907 r.
2121 3853 2247 3910 225.
2277 3870 2328 3910 e.
2369 3855 2460 3910 55.
2492 3872 2539 3911 r.
2573 3857 2702 3913 224.
2739 3873 2790 3913 e.
2823 3859 2914 3915 56.
2957 3877 3003 3916 r.
3035 3861 3160 3916 225.
3203 3878 3254 3919 e.
3289 3863 3382 3920 57.
3419 3882 3468 3920 r.
3503 3867 3632 3922 226.

2055 3961 2104 4002 e.
2135 3946 2223 4000 58.
2255 3965 2300 4002 r.
2331 3947 2457 4003 227.
2485 3965 2536 4003 e.
2565 3950 2654 4005 45.
2690 3967 2736 4005 r.
2768 3951 2894 4006 228.
2938 3969 2989 4009 e.
3036 3954 3126 4010 50.
3174 3971 3222 4010 r.
3264 3957 3389 4012 229.
3444 3975 3494 4014 e.
3543 3957 3633 4015 54.

2053 4051 2099 4090 ι’.
2124 4036 2252 4091 250.
2280 4051 2331 4091 e.
2361 4037 2449 4092 58.
2498 4054 2546 4095 ι’.
2595 4040 2723 4096 251.
2766 4057 2815 4098 e.
2861 4043 2950 4099 61.
2978 4060 3023 4099 r.
3057 4045 3183 4101 252.
3211 4062 3261 4102 e.
3295 4049 3384 4104 62.
3421 4067 3470 4105 r.
3502 4051 3632 4107 255.

2052 4142 2103 4181 e.
2135 4129 2222 4182 65.
2267 4145 2313 4184 ι’.
2339 4129 2466 4185 254.
2497 4145 2548 4186 e.
2584 4130 2676 4186 64.
2707 4147 2750 4189 r.
2794 4133 2920 4189 255.
2975 4151 3026 4192 e.
3075 4138 3163 4192 72.
3206 4155 3253 4194 r.
3290 4141 3417 4196 256.
3453 4159 3502 4198 e.
3542 4143 3630 4198 74.

2053 4236 2100 4275 r.
2127 4221 2256 4276 257.
2291 4237 2341 4276 e.
2375 4223 2462 4276 75.
2497 4239 2541 4281 r.
2575 4224 2700 4281 258.
2735 4241 2786 4281 e.
2817 4227 2905 4282 76.
2941 4245 2988 4282 r.
3020 4230 3148 4285 240.
3175 4247 3227 4287 e.
3254 4233 3375 4289 102.
3417 4251 3465 4290 r.
3504 4236 3632 4290 241.

2051 4331 2102 4368 e.
2138 4314 2260 4369 125.
2287 4331 2332 4369 r.
2354 4315 2481 4370 242.
2505 4332 2555 4372 e.
2587 4319 2711 4372 127.
2738 4335 2783 4373 ι’.
2807 4320 2933 4376 245.
2964 4338 3015 4376 e.
3049 4324 3168 4378 129.
3199 4341 3245 4379 r.
3274 4327 3402 4383 244.
3426 4343 3476 4384 e.
3505 4331 3631 4388 152.

372 4417 563 4471 liniani
621 4419 1108 4487 Amphilochiorum
1157 4419 1445 4486 intellexi,
1505 4421 1805 4476 octodecim
1866 4422 1940 4477 ibi

2057 4423 2100 4461 r.
2131 4407 2258 4462 245.
2290 4422 2341 4464 e.
2372 4409 2497 4464 155.
2529 4427 2573 4467 r.
2606 4412 2732 4467 246.
2768 4429 2820 4469 e.
2843 4414 2966 4470 154.
2994 4433 3040 4473 r.
3072 4418 3198 4472 248.
3221 4436 3269 4474 e.
3292 4421 3414 4477 147.
3439 4424 3631 4482 L249.

373 4506 474 4576 legi
521 4506 647 4562 inde
697 4480 731 4562 a
769 4525 922 4563 num.
951 4509 1022 4564 24
1091 4510 1158 4565 ad
1208 4511 1299 4565 41.
1333 4480 1535 4566 Eodem
1561 4507 1724 4567 etiam
1751 4514 1944 4569 ordine

2057 4519 2098 4558 ε.
2138 4503 2257 4559 151.
2287 4521 2332 4559 r.
2366 4505 2492 4560 250.
2530 4521 2581 4560 e.
2607 4506 2729 4560 152.
2754 4522 2798 4560 r.
2825 4507 2951 4561 ⁶151.
2977 4524 3028 4563 e.
3059 4510 3179 4564 155.
3207 4527 3250 4564 r.
3276 4513 3402 4569 252.
3434 4480 3630 4571 (1.156.

371 4597 500 4668 (nisi
531 4599 678 4668 quod
731 4598 1074 4670 Responsum
1107 4601 1176 4656 55
1218 4612 1423 4658 mutato
1459 4604 1672 4667 ordine,
1708 4613 1830 4674 post
1874 4607 1944 4662 59

373 4688 623 4760 legatur),
659 4701 823 4760 atque
862 4693 998 4747 adeo
1039 4708 1211 4748 unum
1245 4704 1476 4763 tantum,
1524 4696 1671 4766 quod
1710 4697 1763 4750 in
1797 4696 1942 4752 Nea-

373 4781 615 4849 politano
676 4790 759 4838 est
786 4783 876 4849 57,
927 4793 981 4838 et
1040 4784 1232 4855 incipit
1266 4804 1279 4841 :
1318 4787 1645 4858 ’Ότινμὲνή
1692 4789 1784 4845 τοῦ
1806 4789 1943 4843 Θεοῦ

370 4870 616 4940 πρόνοια,
654 4888 708 4925 κ.
739 4889 790 4926 τ.
827 4873 878 4930 λ.
911 4871 966 4926 111
1007 4866 1345 4930 Coislini'ano
1377 4877 1467 4931 illo
1511 4879 1699 4933 codice
1723 4880 1944 4935 deside-

370 4963 692 5034 rari.Atque
722 4966 835 5020 huic
863 4967 931 5022 de
952 4965 1310 5037 Neapolitano
1334 4969 1424 5022 illo
1441 4971 1628 5027 codice
1649 4971 1944 5030 suliiciant.

375 5053 540 5107 Video
571 5065 831 5124 prasterca
860 5072 891 5110 a
921 5057 1198 5113 Casimiro
1217 5057 1434 5115 Oudino
1457 5062 1511 5115 in
1537 5062 1947 5121 Commentariis

371 5144 432 5197 de
468 5146 815 5214 scriptoribus
853 5149 1146 5206 ecclesiast.
1184 5160 1318 5206 tom.
1367 5151 1442 5218 ll,
1487 5171 1538 5222 p.
1573 5153 1678 5210 205
1705 5196 1720 5221 ,
1764 5157 1946 5214 afferri

372 5236 620 5294 biblioth.
657 5238 1004 5306 Bavaricam,
1035 5244 1193 5313 cujus
1215 5245 1406 5300 codice
1429 5246 1552 5314 175,
1575 5247 1944 5320 Amphilochia

367 5327 549 5383 Pbotii
585 5331 992 5388 (ntitilieantur.
1021 5335 1087 5388 At
1129 5335 1181 5388 in
1213 5336 1470 5408 Catalogo
1504 5341 1754 5394 codicum
1787 5342 1942 5398 Gm-

366 5437 557 5477 corum
585 5423 836 5478 biblioth.
872 5424 1166 5492 Bavaricae,
1205 5443 1259 5499 p.
1291 5428 1382 5494 67,
1425 5448 1480 5487 n.
1518 5431 1640 5495 175,
1677 5433 1791 5489 haec
1822 5444 1942 5490 tan-

366 5523 481 5570 tum
508 5515 650 5570 inter
677 5527 872 5572 caetera
895 5518 1126 5572 aliorum
1156 5518 1447 5590 leguntur:
1481 5523 1658 5577 l’hotii
1703 5529 1939 5593 patriar-

367 5607 477 5663 cha:
492 5610 557 5664 de
571 5611 1031 5682 incircumscripta
1048 5610 1176 5666 Filii
1187 5614 1463 5670 divinitate
1473 5632 1537 5670 ex
1554 5616 1945 5691 Amphilochia;

370 5702 460 5759 ubi
488 5705 678 5772 procul
703 5705 868 5760 dubio
893 5705 1178 5775 legendum
1223 5716 1305 5764 est
1347 5725 1413 5763 ex
1439 5711 1844 5778 Amphilochiis.
1885 5715 1938 5771 In

371 5789 457 5847 his
481 5792 623 5846 enim
651 5790 754 5849 hoc
787 5793 1086 5865 Quaesitum
1125 5797 1341 5866 legitur,
1378 5814 1432 5852 n.
1460 5799 1550 5867 57,
1582 5801 1788 5858 codicis
1812 5805 1935 5860 (loi-

2050 4612 2097 4650 r.
2128 4596 2256 4651 255.
2277 4613 2326 4652 e.
2354 4598 2478 4652 157.
2508 4614 2554 4652 r.
2578 4599 2705 4654 254.
2735 4616 2783 4654 e.
2811 4599 2932 4654 161.
2969 4617 3011 4656 r.
3037 4602 3163 4658 255.
3190 4619 3239 4660 e.
3271 4607 3394 4661 165.
3431 4625 3474 4662 r.
3501 4609 3630 4664 256.

2050 4707 2099 4744 e.
2127 4688 2249 4745 164.
2278 4706 2324 4748 ι’,
2351 4690 2475 4747 257.
2509 4706 2558 4746 e.
2595 4691 2717 4746 167.
2749 4709 2794 4746 r.
2815 4693 2946 4748 258.
2976 4711 3025 4750 e.
3063 4696 3186 4752 176.
3215 4715 3259 4752 r.
3285 4700 3480 4756 259.e.
3505 4703 3626 4760 177.

2051 4796 2096 4836 ι’.
2119 4781 2245 4836 260.
2277 4783 2467 4838 ε.178.
2495 4800 2541 4838 r.
2565 4783 2695 4839 261.
2731 4802 2780 4841 e.
2816 4787 2937 4842 180.
2964 4804 3010 4842 r.
3032 4788 3158 4844 262.
3191 4807 3240 4846 e.
3273 4792 3393 4846 181.
3422 4810 3466 4848 r.
3501 4795 3627 4850 265.

2049 4891 2102 4929 e.
2135 4875 2258 4929 182.
2295 4891 2340 4930 r.
2369 4877 2496 4930 254.
2525 4895 2574 4932 e.
2600 4877 2723 4934 187.
2753 4895 2800 4935 r.
2824 4883 2950 4937 265.
2971 4899 3019 4938 e.
3055 4884 3176 4938 192.
3205 4900 3251 4940 r.
3275 4884 3402 4941 266.
3431 4903 3481 4941 e.
3507 4889 3625 4943 196.

2052 4982 2099 5021 r.
2137 4965 2263 5020 267.
2290 4983 2340 5022 e.
2376 4968 2502 5025 205.
2537 4985 2582 5024 r.
2613 4970 2739 5027 269.
2766 4987 2817 5028 e.
2853 4973 2978 5028 145.
2998 4990 3046 5028 r.
3072 4975 3271 5032 270.e.
3293 4977 3418 5032 162.
3436 4996 3480 5033 r.
3499 4980 3624 5033 271.

2049 5074 2100 5116 e.
2129 5059 2250 5114 165.
2287 5076 2335 5114 r.
2360 5061 2486 5116 272.
2519 5077 2570 5118 e.
2603 5062 2727 5118 165.
2754 5080 2802 5118 ι’.
2845 5065 2973 5120 275.
2995 5080 3046 5121 e.
3085 5066 3208 5121 166.
3249 5067 3476 5125 Summa
3503 5086 3625 5125 om-

2050 5155 2179 5206 nino
2213 5162 2297 5208 est
2330 5152 2420 5210 65.
2594 5140 2595 5144 η

2114 5243 2236 5298 Non
2267 5247 2465 5300 desunt
2495 5257 2756 5316 praeterea
2799 5248 2903 5303 viri
2951 5250 3174 5316 eruditi,
3218 5252 3314 5323 qui
3361 5256 3623 5309 nonnulla

2047 5354 2114 5393 ex
2146 5339 2230 5393 his
2264 5336 2549 5408 Responsa
2585 5340 2898 5397 ediderunt.
2941 5342 3086 5398 Inter
3123 5344 3223 5400 hos
3248 5356 3332 5400 est
3359 5345 3625 5402 laudatis-

2044 5431 2220 5485 simus
2264 5429 2646 5493 Combclisius,
2691 5430 2808 5500 qui,
2860 5433 3008 5502 quod
3060 5450 3223 5503 supra
3244 5435 3357 5503 jam
3400 5438 3623 5489 monui-

2051 5537 2198 5583 mus,
2238 5521 2399 5590 Resp.
2427 5521 2515 5574 57.
2560 5519 2639 5575 De
2670 5522 3128 5593 inrircumscripla
3155 5525 3281 5578 Filii
3313 5524 3526 5580 Deitate
3558 5543 3625 5582 ex

2054 5616 2269 5671 Tiliano
2309 5617 2517 5671 codice.
2559 5615 2717 5686 (Vide
2751 5618 2872 5687 ejus
2904 5617 3205 5674 Recensitos
3259 5633 3502 5676 auctores
3529 5621 3624 5677 Bi-

2053 5711 2326 5764 bliothecre
2351 5709 2470 5766 PP.
2502 5711 2945 5781 Concionatoritc,
2976 5732 3028 5785 p.
3065 5715 3213 5782 152.)
3237 5715 3384 5771 Inter
3412 5719 3623 5784 Amphi-

2047 5803 2208 5860 lochii
2235 5803 2459 5874 scripta,
2491 5813 2544 5860 et
2567 5803 2833 5876 Rcspons.
2868 5809 2988 5876 125,
3016 5808 3082 5864 de
3110 5808 3332 5864 Asteriis
3358 5810 3622 5879 pluribus,
