3976 6222
304 324 372 386 25
1641 330 2047 392 PROLEGOM
2055 333 2227 395 ENA.

3494 346 3576 409 26

311 417 357 463 in
406 408 557 463 calce
586 408 779 462 Asterii
824 409 909 464 sui
951 409 1141 466 edidit.
1190 413 1384 467 Postea
1429 415 1879 483 diligentissimus
1908 429 1953 483 Α
1982 420 2036 473 d.
2090 421 2160 475 28
2211 420 2425 478 octobr.
2481 422 2877 479 Amstelodami
2922 436 3137 482 malure
3174 427 3415 486 defuncti
3459 436 3572 505 (cui

302 502 762 558 Honlefalconius
790 504 843 555 in
863 502 1125 575 Catalogo
1144 504 1490 561 Bibliotheca:
1507 508 1879 573 Coislinianre,

302 614 354 668 p.
380 599 485 651 546
513 614 637 668 sqq.
667 606 903 668 quatuor
933 600 1162 654 omnino
1211 599 1513 669 ReSponsa,
1558 618 1754 673 nempe
1776 603 1881 657 125

300 691 366 742 de
395 690 642 754 Asteriis,
688 690 881 752 £29418
912 707 1077 744 cornu
1127 692 1437 760 Amaltheae,
1471 694 1576 748 160
1605 696 1669 749 de
1705 694 1885 766 Sibyl-

299 783 391 845 lis,
429 792 483 836 et
517 783 620 837 166
648 784 712 837 de
756 784 945 836 haeresi
985 783 1202 837 Eusebii
1242 786 1294 839 in
1338 801 1685 841 communem
1724 803 1882 842 usum

299 876 493 930 Graace
517 888 572 930 et
604 876 793 931 Latine
829 878 1106 947 produxit.
1141 875 1243 930 Ubi
1279 879 1460 942 velim,
1499 889 1673 943 notes,
1712 880 1876 948 ltesp.

299 968 408 1023 125
432 970 496 1023 de
530 971 759 1025 Asteriis
788 970 925 1023 idem
963 985 1103 1032 esse,
1129 972 1275 1040 quod
1306 970 1670 1027 Combefisius
1698 972 1884 1027 edide-

297 1069 406 1124 rat,
431 1059 534 1114 129
564 1075 692 1113 vero
717 1069 771 1114 et
798 1060 922 1125 166,
957 1062 1009 1114 in
1040 1059 1292 1130 Epistolis
1308 1060 1521 1130 (Photii,
1549 1062 1681 1116 illud
1720 1063 1881 1132 epist,

301 1151 432 1215 209,
471 1153 577 1206 hoc
607 1162 789 1206 autem
822 1152 984 1222 epist.
1023 1153 1119 1207 144
1158 1154 1270 1223 jam
1318 1163 1447 1209 ante
1494 1155 1700 1210 editum
1750 1158 1880 1226 legi.

296 1242 413 1296 Nec
439 1245 725 1299 omittendi
758 1254 889 1299 sunt
930 1245 1044 1311 alii,
1077 1260 1219 1315 quos
1253 1246 1514 1301 celeberr.
1566 1244 1653 1302 Jo.
1678 1246 1885 1301 Alberti

296 1334 544 1389 Fabricii
591 1337 763 1390 nostri
813 1336 995 1392 verbis
1047 1338 1100 1391 in
1154 1336 1483 1391 Bibliotheca
1524 1336 1733 1404 (ἔνατα,
1771 1340 1881 1394 vol.

296 1427 396 1493 IX,
430 1445 483 1499 p.
516 1428 639 1494 569,
674 1431 978 1499 appellabo.
1019 1448 1041 1482 ‹
1077 1430 1306 1496 Locum,
1354 1432 1550 1499 inquit,
1587 1449 1654 1486 ex
1687 1443 1884 1502 qua'st.

296 1522 399 1589 85,
430 1523 685 1592 producit
707 1524 940 1578 Allatius
969 1524 1147 1594 capite
1204 1526 1259 1588 2,
1291 1522 1658 1594 Syntagmatis
1687 1527 1750 1579 de
1775 1525 1884 1579 En-

294 1617 690 1687 gastrimylho;
717 1617 884 1670 alium
903 1632 967 1670 ex
991 1628 1190 1686 qumst.
1210 1618 1308 1671 157
1330 1619 1381 1671 in
1410 1618 1550 1672 libro
1581 1618 1654 1672 De
1676 1619 1882 1674 Simeo-

292 1710 479 1772 m'bus,
516 1726 568 1778 p.
607 1711 659 1762 6.
688 1710 807 1763 Alia
843 1712 961 1764 loca
996 1710 1185 1764 laudat
1233 1710 1430 1764 Frane.
1476 1708 1782 1766 Turrianus
1827 1712 1881 1767 in

1987 521 2182 580 praeter
2220 515 2325 568 alia
2365 514 2645 585 Alphons's
2684 516 2964 572 Ciacconii
3014 519 3402 578 Bibliotheca»:
3443 529 3572 581 uni-

1985 605 2258 668 uersalem,
2283 607 2463 675 quoad
2496 608 2611 671 illa,
2648 624 2811 663 manu
2856 620 3105 676 exarata,
3160 614 3569 683 circumfertur,

1985 704 2038 746 et
2082 696 2223 763 apud
2268 709 2355 748 me
2401 711 2620 765 quoque
2653 707 2854 760 exstat,
2886 709 2937 753 et
2977 698 3273 754 Historiam
3314 703 3573 759 Criticam

1987 782 2397 853 Epltemeridum
2428 789 2846 855 litterariarum,
2885 789 3027 845 Gall.
3061 791 3369 849 Amstelod.
3405 796 3568 861 1754,

1987 878 2040 942 8,
2073 878 2301 943 editam,
2324 881 2633 952 debemus,)
2664 894 2969 954 acceperat.
2991 884 3322 941 Camusatus
3344 888 3571 957 quidem

1989 979 2162 1025 totum
2196 985 2336 1040 Opus
2373 972 2555 1043 (cujus
2589 976 2765 1044 prima
2795 985 2849 1029 et
2884 977 3041 1030 tertia
3086 993 3213 1047 pars
3244 978 3449 1035 frustra
3485 981 3570 1036 in-

1988 1072 2069 1117 ter
2107 1064 2336 1120 schedas
2366 1066 2486 1135 ejus
2517 1069 2744 1136 quaesita
2778 1069 2882 1139 est)
2920 1086 3081 1124 manu
3123 1087 3222 1126 sua
3267 1087 3333 1127 ex
3381 1073 3574 1130 codice

1986 1153 2330 1210 Coisliniano
2361 1159 2752 1228 descripserat,
2787 1169 2840 1214 et
2866 1177 2988 1215 eum
3016 1162 3334 1219 Colbertino
3359 1180 3576 1237 compa-

1985 1256 2227 1310 raverat,
2264 1248 2375 1303 imo
2410 1258 2465 1303 et
2493 1250 2708 1305 initium
2757 1253 3226 1323 interpretationis
3267 1255 3502 1323 Latinio,
3537 1273 3571 1313 a

1987 1352 2073 1391 me
2099 1352 2206 1391 non
2260 1340 2411 1405 visaa,
2461 1341 2691 1396 iecerat.
2736 1340 2795 1396 ld
2845 1344 2960 1413 ipse
3004 1344 3059 1399 in
3103 1345 3346 1400 Historia
3385 1349 3573 1402 critica

1987 1428 2419 1497 Epliemeridum,
2488 1447 2543 1502 p.
2608 1432 2696 1498 96,
2767 1442 3020 1501 testatur,
3103 1440 3571 1508 quemadmodum

1986 1530 2114 1575 ante
2145 1522 2253 1576 hoc
2276 1524 2713 1593 quinquennium
2744 1542 2841 1595 per
2868 1528 3077 1584 litteras
3116 1532 3248 1584 mihi
3283 1534 3569 1603 signiliCa-

1985 1620 2157 1677 verat,
2202 1628 2396 1681 parare
2438 1631 2496 1670 se
2538 1618 2785 1670 omnium
2820 1619 2999 1673 Photii
3039 1622 3115 1690 (in
3160 1622 3321 1690 cujus
3362 1623 3573 1678 Biblio-

1988 1710 2135 1757 theca
2172 1706 2502 1760 recensenda
2546 1722 2647 1778 ego
2690 1725 2835 1764 nunc
2868 1711 3078 1781 versor)
3120 1728 3372 1782 Opernm,
3405 1725 3571 1785 atque

294 1798 623 1867 Defensione
651 1799 993 1868 epistolarum
1026 1800 1346 1871 Pontiﬁcum
1380 1802 1456 1873 (p.
1488 1804 1559 1856 24
1590 1804 1799 1874 θῌϐὄ)
1833 1814 1888 1859 et
1916 1795 1959 1849 Β
1989 1794 2130 1849 inter
2181 1796 2297 1851 haec
2334 1798 2661 1854 nominatim
2715 1802 3203 1869 Amphilochiorum
3250 1805 3571 1861 editionem.

290 1892 356 1943 iu
415 1889 577 1945 Notis
618 1893 686 1946 ad
736 1891 1165 1947 Constitutiones
1208 1896 1532 1962 apostolicos
1581 1894 1744 1960 (VIII,
1796 1898 1889 1961 41,

296 2000 365 2052 p.
405 1983 562 2051 155),
596 1999 695 2038 nec
726 1999 833 2037 non
865 1984 917 2037 in
948 1984 1089 2037 libro
1142 1984 1220 2037 De
1242 1984 1367 2053 jure
1401 1986 1691 2041 ordinandi
1732 1989 1894 2042 mini-

290 2087 442 2131 atros
466 2076 742 2141 Ecclesitc,
764 2093 819 2147 p.
848 2078 973 2132 155.
1022 2096 1041 2128 ι

377 2166 665 2232 Superest,
724 2176 781 2218 ut
834 2166 903 2219 de
959 2166 1029 2220 iis
1082 2166 1286 2231 dicam,
1337 2183 1460 2237 quae
1513 2168 1632 2238 ipse
1678 2184 1782 2239 ego
1826 2186 1894 2227 ex

293 2258 525 2328 egregio
576 2273 742 2327 opere
782 2256 837 2311 in
884 2258 1034 2312 calce
1078 2259 1244 2329 hujus
1296 2260 1590 2315 voluminis
1637 2263 1883 2317 exhibui.

296 2352 564 2406 Pervenit
598 2354 662 2405 ad
693 2367 779 2405 me
809 2351 900 2418 illa
930 2353 1416 2422 Amphilochiorum
1440 2369 1588 2422 pars,
1614 2370 1735 2424 qua:
1760 2356 1883 2411 inde

298 2460 331 2497 a
374 2443 543 2512 Resp.
589 2442 679 2507 14,
726 2443 933 2498 codicis
968 2442 1197 2497 Coislin.
1233 2458 1407 2513 usque
1443 2446 1509 2499 ad
1566 2444 1730 2516 Resp.
1777 2446 1878 2502 201

296 2538 527 2605 legitur.
569 2535 752 2590 Debeo
799 2536 945 2590 illam
987 2537 1301 2591 liberalitati
1323 2539 1423 2591 viri
1464 2555 1577 2593 rev.
1609 2549 1664 2593 et
1695 2539 1886 2595 claris-

294 2629 450 2688 simi.
512 2627 598 2682 .lo.
650 2628 861 2683 Jacobii
904 2628 1229 2694 Wetsteinii,
1273 2632 1414 2700 apud
1461 2633 1693 2686 Amstel.
1757 2648 1882 2687 cum

294 2726 546 2778 maxime
586 2724 795 2779 litteras
826 2725 1187 2795 elegantiores
1216 2727 1485 2790 ornantis,
1527 2726 1614 2780 cui
1656 2727 1760 2781 hoc
1788 2742 1887 2781 no-

292 2817 447 2869 mine
492 2815 702 2885 gratias
741 2815 916 2869 habeo
947 2829 1178 2886 agoque.
1214 2815 1306 2870 Ille
1342 2831 1472 2870 vero
1503 2832 1621 2871 eam
1670 2832 1736 2872 ex
1800 2832 1890 2872 se-

1987 1888 2066 1942 Ex
2099 1904 2163 1943 ea
2192 1889 2362 1960 igitur
2392 1889 2609 1944 illorum
2633 1901 2807 1962 parte,
2834 1909 2998 1963 quam
3027 1895 3221 1956 habeo,
3261 1896 3349 1949 illa
3382 1896 3571 1965 selegi,

1987 1998 2110 2051 qua:
2155 1983 2221 2036 ad
2274 1984 2672 2052 expositionem
2720 1986 2968 2041 locorum
3023 1987 3388 2043 difﬁciliorem
3432 1989 3573 2043 Novi

1990 2072 2234 2129 Foederis
2267 2085 2538 2144 spectant,
2570 2078 2793 2133 omissis
2826 2087 3005 2132 tamen
3044 2080 3134 2145 iis,
3177 2094 3299 2149 quae
3325 2081 3439 2149 jam
3489 2081 3575 2133 in-

1986 2176 2076 2220 ter
2116 2164 2389 2235 Epistolas
2437 2165 2616 2221 Photii
2653 2167 2933 2239 leguntur.
2967 2167 3085 2223 Non
3119 2168 3327 2235 omnia,
3374 2170 3572 2237 fateor,

1991 2259 2240 2314 eamdem
2288 2260 2418 2314 hinc
2442 2261 2770 2328 doctrinam,
2804 2262 2934 2316 hinc
2966 2263 3299 2331 diligentiam
3339 2263 3571 2332 spirant.

1984 2348 2257 2419 Pleraque
2297 2363 2482 2406 tamen
2528 2353 2603 2407 ita
2637 2365 2953 2423 comparata
3002 2366 3153 2419 sunt,
3198 2367 3254 2409 ut
3294 2354 3490 2425 juvare
3521 2363 3577 2408 et

1999 2437 2275 2494 delectare
2332 2442 2547 2510 possint
2598 2443 2881 2497 lectorem.
2932 2442 3043 2498 Illis
3101 2445 3306 2513 itaque,
3352 2446 3575 2499 cordate

1989 2530 2186 2597 lector,
2217 2534 2441 2601 frueris,
2473 2544 2527 2590 et
2570 2552 2679 2590 una
2726 2551 2939 2592 mecum
2989 2537 3101 2591 Deo
3152 2536 3218 2591 0.
3252 2537 3324 2592 Μ.
3366 2540 3575 2610 gratias

1990 2641 2139 2697 ages,
2169 2629 2315 2697 quod
2344 2630 2496 2683 curis
2544 2628 2629 2683 bis
2656 2628 3002 2699 perﬁciendis
3040 2640 3093 2683 et
3124 2632 3489 2685 valetudinem
3515 2642 3570 2686 et

1994 2722 2315 2791 patientiam
2344 2722 2643 2777 clementer
2677 2723 2813 2777 mihi
2852 2724 2922 2778 sit
2951 2723 3202 2793 largitus.
3251 2724 3332 2777 Ita
3365 2730 3483 2779 vale
3516 2725 3570 2778 in

1999 2815 2248 2881 Domino,
2296 2824 2351 2870 et
2394 2816 2775 2885 supplementa,
2823 2831 2947 2888 quae
2992 2830 3163 2887 supra
3191 2817 3442 2887 promisi,
3468 2832 3574 2872 suo

290 2910 485 2962 ctione
519 2908 783 2962 librorum
816 2906 1011 2965 Franc.
1033 2906 1271 2978 Dionysii
1304 2907 1603 2975 Camusati,
1628 2925 1720 2964 an.
1750 2908 1890 2963 1752
1918 2920 1960 2973 c
1998 2918 2241 2978 tempore
2267 2920 2545 2979 exspecta.

1874 3072 1989 3133 Ill.

1292 3236 1656 3298 ANGELUS
1689 3233 2097 3296 ANTONIUS
2143 3232 2501 3296 SCOTTUS
2548 3233 2583 3264 ⁸

1518 3380 1868 3442 LECTORI
1918 3379 2356 3441 BENEVOLO

1737 3531 2140 3594 SALUTEM.

1995 3874 2127 3928 mihi
2172 3874 2338 3930 liceat
2384 3891 2671 3947 usurpare,
2731 3875 2881 3949 quod
2921 3875 3244 3935 Theodorus
3297 3878 3577 3947 Balsamo,

300 3984 658 4050 scriptorum,
694 3986 752 4031 ut
799 3973 1030 4045 publica
1074 3971 1214 4026 lueis
1242 3984 1463 4024 usuram
1490 3968 1619 4022 dum
1654 3968 1769 4021 suis
1807 3967 1889 4018 lu-
1995 3967 2125 4020 dum
2149 3978 2198 4021 et
2226 3966 2401 4023 Photii
2438 3967 2871 4025 Nomocanonem
2910 3982 3393 4036 commentaretur,
3423 3976 3489 4028 de
3516 3991 3575 4028 se

301 4071 725 4129 cubrationibus
755 4067 1082 4137 largiuntur,
1106 4063 1214 4131 jam
1252 4076 1427 4131 usque
1455 4061 1525 4115 ab
1553 4059 1778 4116 exordio
1806 4058 1886 4111 di-

1995 4061 2132 4115 dixit
2178 4062 2292 4115 :El’
2334 4080 2387 4115 τι
2446 4062 2523 4133 μὴ
2557 4063 2795 4134 καθῆκον
2847 4065 2977 4127 ἴσως
3021 4066 3473 4137 γέγραπται......
3517 4069 3585 4119 ὲν

302 4167 535 4237 ligenter
564 4167 861 4231 exponant,
894 4157 1093 4226 quibus
1120 4155 1466 4225 potissimum
1499 4151 1565 4205 de
1605 4150 1788 4207 causis
1821 4148 1886 4203 ad

1992 4155 2244 4216 ταῖς......
2296 4154 2636 4226 ἑρμηνείαις,
2678 4155 2947 4220 ἀξιούσοω
3002 4156 3262 4227 γνώμηςο
3296 4157 3417 4211 οὐδὲ
3464 4158 3583 4227 γὰρ

304 4261 425 4315 illas
478 4258 727 4311 animum
772 4251 1114 4323 appulerint;
1168 4248 1436 4301 monitum
1468 4254 1521 4300 te
1547 4245 1688 4311 volo,
1713 4244 1886 4297 amice

1992 4245 2255 4317 ἡμέτερον
2282 4246 2542 4318 τόλμημα
2580 4247 2641 4300 τὸ
2676 4247 2771 4300 τοῦ
2801 4248 3116 4318 πονήματος
3154 4249 3405 4319 μέγεθος,
3440 4249 3576 4301 ἀλλὰ

304 4355 502 4415 lector,
534 4365 641 4405 non
676 4364 839 4402 unam
866 4346 1061 4411 fuisse,
1084 4356 1206 4414 quae
1231 4342 1363 4395 mihi
1391 4341 1535 4406 aliis,
1572 4348 1736 4410 atque
1759 4338 1884 4392 aliis

1992 4337 2082 4406 τῆς
2129 4338 2189 4403 ἐξ
2241 4338 2489 4409 ἀνάγκης
2521 4338 2770 4411 ὑπακοῆς
2815 4338 3147 4408 ἀποκύημα’
3188 4337 3249 4393 Si
3286 4338 3413 4409 quid
3461 4339 3583 4409 for-

305 4442 762 4516 occupationibus
795 4439 1098 4508 implicato,
1138 4434 1203 4489 ad
1241 4435 1346 4488 hoc
1368 4449 1529 4503 opus,
1566 4431 1725 4503 quale
1748 4431 1879 4486 illud
1910 4505 1955 4516 _
1983 4445 2124 4489 tasse
2157 4438 2331 4489 minus
2376 4439 2682 4490 conveniens
2727 4438 2979 4503 scriptum
3027 4446 3176 4492 est...
3230 4438 3379 4493 in....
3410 4439 3578 4491 inter-

305 4505 525 4608 cunq-ue
594 4537 703 4600 sit,
783 4505 1246 4601 aggrediendum,
1336 4505 2395 4597 persequendumqueDpretatiouibus,
2426 4529 2577 4581 venia
2632 4526 2852 4596 dignum
2901 4526 3161 4590 habetor;
3222 4544 3387 4598 neque
3438 4532 3579 4582 enim

370 3888 511 3944 Cum
564 3885 697 3940 illud
730 3883 801 3939 sit
850 3882 904 3936 in
958 3894 1112 3935 more
1182 3878 1453 3949 positum,
1525 3876 1887 3944 institutoque

304 4634 550 4686 maxime
575 4628 677 4682 fuit
701 4626 1075 4680 incitamento.
1106 4619 1350 4673 Primum
1391 4617 1460 4672 cI.
1513 4617 1615 4671 viri
1660 4615 1888 4673 Joannis

304 4724 561 4782 Andresii
596 4720 778 4792 Regia:
808 4715 1153 4772 bibliothecae
1185 4710 1445 4782 pra-fecti,
1491 4710 1652 4780 cujus
1698 4710 1889 4765 erudi-

308 4818 440 4873 tioni
487 4832 551 4869 ac
597 4810 992 4868 benevolentia:
1044 4806 1343 4876 plurimum
1389 4818 1479 4857 me
1542 4803 1740 4857 debere
1783 4817 1889 4856 non

308 4912 566 4969 dilIiteor,
591 4904 895 4961 auctoritas
946 4912 999 4954 et
1026 4898 1314 4968 imperium
1346 4895 1573 4966 urgebat
1605 4912 1618 4949 :
1655 4896 1701 4948 is
1724 4895 1890 4959 enim,

305 4999 711 5075 pretiosissima
774 5006 1005 5063 quaeque
1056 4989 1400 5043 bibliothecae
1455 4985 1716 5057 κειμήλια
1764 4999 1893 5039 cum

314 5098 419 5155 sibi
463 5089 817 5163 proposuerit
863 5088 917 5141 in
966 5084 1212 5155 apricum
1263 5080 1528 5151 proferre,
1574 5080 1747 5133 noluit
1780 5079 1896 5132 haec

306 5189 488 5245 Pbotii
520 5175 1185 5254 Ἀμφιλοχία,ςευ,ιιι²1ἰί
1217 5173 1486 5237 scribunt,
1514 5168 1892 5241 Ἀμφιλοχεία,

308 5283 395 5337 vel
446 5272 832 5349 ’Δμφιλοχικὰ,
862 5271 918 5325 in
959 5267 1202 5323 tenebris
1233 5266 1464 5336 jacere:
1500 5279 1564 5318 ac
1595 5263 1728 5317 mihi
1763 5261 1888 5332 plu-

310 5375 473 5432 rimis
528 5370 634 5426 sibi
678 5364 995 5422 nominibus
1034 5358 1448 5417 devinctissitno
1492 5355 1635 5410 hanc
1673 5353 1894 5423 provin.

310 5471 454 5524 ciam
477 5463 729 5529 tradidit,
753 5469 813 5514 ut
840 5458 1028 5521 editio,
1057 5452 1345 5521 versioque
1367 5449 1536 5505 alacri
1564 5449 1750 5503 animo
1772 5462 1898 5502 sus-

312 5572 471 5633 cepta
517 5565 735 5613 mature
786 5553 854 5607 ad
904 5549 1115 5605 exitum
1166 5544 1497 5616 perveniret.
1529 5541 1712 5607 Quare
1764 5539 1895 5595 illud

388 5678 453 5744 (‘)
480 5670 737 5744 l‘rml‘atio
768 5666 948 5744 operis
998 5644 1094 5744 icui
1117 5658 1319 5744 Itti‘tnu‘lus
1361 5655 1443 5709 Ea:
1470 5653 1652 5709 Pliotii
1676 5652 1898 5724 Amphi-

314 5730 502 5805 lociiiis
527 5730 1070 5813 qua'dam_.'Nr‘apoli,
1109 5730 1265 5813 18‘1‘4.
1299 5798 1321 5813 ⁸
1358 5810 1365 5813 _
1428 5799 1440 5811 .
1506 5799 1531 5813 η

497 5798 748 5869 Balsama
773 5809 826 5863 in
860 5798 1152 5860 Νώηοεαιι.
1176 5798 1392 5855 Prazfat.
1426 5799 1480 5853 in
1506 5799 1598 5851 lin.

1992 4628 2168 4672 noster
2196 4629 2274 4674 est
2311 4635 2473 4673 ausus
2524 4619 2629 4671 ista
2676 4620 3062 4673 lucubrationis
3114 4620 3299 4687 moles,
3349 4621 3439 4676 sed
3489 4637 3580 4674 ne-

1993 4712 2238 4766 cessario:
2271 4711 2583 4766 obedientia:
2605 4722 2791 4781 partus
2818 4712 2917 4783 (l).

2064 4804 2332 4859 Przcterea
2379 4803 2732 4871 Grazcauicae,
2781 4822 2845 4859 ac
2888 4807 3205 4877 theoIOgirze
3249 4807 3587 4863 eruditionis

1994 4897 2331 4950 amatoribus
2362 4913 2449 4950 me
2472 4897 2673 4967 aliquid
2712 4899 3026 4968 voluptatis,
3070 4916 3136 4955 ne
3160 4900 3337 4954 dicam
3370 4901 3581 4955 utilita-

2004 4989 2095 5052 tis,
2149 4989 2445 5043 allaturum
2491 4990 2880 5059 autumabam;
2927 4991 2973 5046 si
3021 4991 3210 5046 isthmc
3249 4991 3429 5045 Pliotii
3468 4992 3581 5044 λειο

1995 5079 2140 5150 ψανα
2179 5082 2320 5152 typis
2346 5082 2682 5152 evulgarem,
2712 5099 2777 5138 ac
2805 5082 3000 5138 Latina
3035 5084 3299 5139 donarem
3334 5084 3582 5138 civitate.

1996 5169 2173 5241 Opera
2199 5172 2342 5226 enim
2390 5174 2516 5239 viri,
2570 5174 2852 5229 nonnullis
2892 5174 3019 5228 licet
3053 5175 3336 5230 erroribus
3378 5175 3585 5238 aﬂ'ccti,

1999 5274 2183 5319 tamen
2239 5266 2297 5318 ὲν
2360 5265 2539 5335 λόγοις
2580 5267 3034 5336 ὀνομαστοτάτω,
3077 5277 3134 5321 nt
3180 5267 3357 5337 inquit
3407 5268 3589 5321 Zona-

2001 5374 2091 5414 ras
2123 5357 2222 5428 (Ξ),
2264 5366 2429 5428 atque
2450 5358 2544 5410 ἐπὶ
2580 5358 2743 5429 σοφίᾳ
2762 5358 3068 5428 γνωρίμου,
3100 5369 3156 5412 ut
3186 5360 3469 5413 Cedrenus
3498 5358 3550 5411 fa
3569 5388 3585 5400 -

1999 5461 2146 5508 tetur
2167 5452 2267 5520 (ὖ),
2301 5452 2595 5506 maximam
2624 5451 2726 5505 sibi
2752 5467 2969 5519 semper
3025 5452 3486 5506 existimationem
3518 5467 3589 5505 ac

2000 5544 2218 5600 laudem
2256 5544 2653 5608 coneiliaruut;
2690 5543 2801 5597 imo
2834 5545 3127 5598 commodo
3162 5558 3264 5598 suo
3292 5542 3589 5597 consulere

2074 5660 2149 5730 (ἓ)
2179 5659 2374 5712 Annal.
2417 5657 2797 5730 liAb.xv1,,pag.
2830 5656 3119 5730 1‘27LVen.
3160 5655 3316 5730 I729.

2074 5724 2149 5801 (ὅ)
2182 5730 2391 5784 Hister.
2427 5724 2714 5797 Compend.
2749 5724 2872 5798 pag.
2911 5728 3033 5793 455,
3066 5728 3255 5781 Venet.
3282 5724 3438 5782 17:29.
