  <div class='ocr_page' id='page_1' title='image "/cluster/home/n/w/nwhite01/storage/ocr_20150623/101 pt.1/mdp.39015061955830/035.png"; bbox 0 0 3976 6222; ppageno 0'>
   <div class='ocr_carea' id='block_1_1' title="bbox 433 274 2008 358">
    <p class='ocr_par' dir='ltr' id='par_1_1' title="bbox 433 281 2008 358">
     <span class='ocr_line' id='line_1_1' title="bbox 433 281 2008 358; baseline -0.006 -8"><span class='ocrx_word' id='word_1_1' title='bbox 433 293 502 358; x_wconf 70' lang='grc' dir='ltr'><em>Π</em></span> <span class='ocrx_word' id='word_1_2' title='bbox 1598 283 1684 344; x_wconf 85' lang='grc' dir='ltr'><strong>ΙΝ</strong></span> <span class='ocrx_word' id='word_1_3' title='bbox 1724 281 2008 342; x_wconf 78' lang='grc' dir='ltr'><strong>ΑΜΡΗΙΙ</strong></span> 
     </span>
    </p>
   </div>
   <div class='ocr_carea' id='block_1_2' title="bbox 2116 274 3694 358">
    <p class='ocr_par' dir='ltr' id='par_1_2' title="bbox 2117 274 3694 340">
     <span class='ocr_line' id='line_1_2' title="bbox 2117 274 3694 340; baseline -0.003 0"><span class='ocrx_word' id='word_1_4' title='bbox 2117 279 2251 340; x_wconf 85' lang='grc' dir='ltr'>ΗΙΛ</span> <span class='ocrx_word' id='word_1_5' title='bbox 2282 277 2541 338; x_wconf 85' lang='grc' dir='ltr'><strong>ΡΗΟΤΙΙ</strong></span> <span class='ocrx_word' id='word_1_6' title='bbox 3624 274 3694 336; x_wconf 71' lang='lat'><strong>28</strong></span> 
     </span>
    </p>
   </div>
   <div class='ocr_carea' id='block_1_3' title="bbox 434 390 3700 468">
    <p class='ocr_par' dir='ltr' id='par_1_3' title="bbox 434 390 3700 468">
     <span class='ocr_line' id='line_1_3' title="bbox 434 390 3700 468; baseline -0.003 -12"><span class='ocrx_word' id='word_1_7' title='bbox 434 401 774 464; x_wconf 66' lang='lat' dir='ltr'><strong>tiatholicos,</strong></span> <span class='ocrx_word' id='word_1_8' title='bbox 821 399 866 454; x_wconf 91' lang='lat' dir='ltr'><strong>si</strong></span> <span class='ocrx_word' id='word_1_9' title='bbox 909 406 1102 454; x_wconf 67' lang='lat' dir='ltr'><strong>caetera</strong></span> <span class='ocrx_word' id='word_1_10' title='bbox 1145 396 1388 468; x_wconf 84' lang='lat' dir='ltr'><strong>ejusdem</strong></span> <span class='ocrx_word' id='word_1_11' title='bbox 1431 396 1673 450; x_wconf 72' lang='lat' dir='ltr'><strong>auctoris</strong></span> <span class='ocrx_word' id='word_1_12' title='bbox 1717 396 1921 466; x_wconf 85' lang='lat' dir='ltr'><strong>scripta</strong></span> <span class='ocrx_word' id='word_1_13' title='bbox 1964 395 2019 448; x_wconf 90' lang='lat' dir='ltr'><strong>in</strong></span> <span class='ocrx_word' id='word_1_14' title='bbox 2051 401 2094 453; x_wconf 78' lang='grc' dir='ltr'>Α</span> <span class='ocrx_word' id='word_1_15' title='bbox 2125 393 2442 461; x_wconf 88' lang='lat' dir='ltr'><strong>scriptores,</strong></span> <span class='ocrx_word' id='word_1_16' title='bbox 2470 407 2534 446; x_wconf 87' lang='lat' dir='ltr'><strong>ac</strong></span> <span class='ocrx_word' id='word_1_17' title='bbox 2575 391 2800 447; x_wconf 88' lang='lat' dir='ltr'><strong>Photius</strong></span> <span class='ocrx_word' id='word_1_18' title='bbox 2822 391 2957 462; x_wconf 90' lang='lat' dir='ltr'><strong>ipse,</strong></span> <span class='ocrx_word' id='word_1_19' title='bbox 2992 400 3186 446; x_wconf 78' lang='lat' dir='ltr'><strong>auctor</strong></span> <span class='ocrx_word' id='word_1_20' title='bbox 3211 390 3418 462; x_wconf 80' lang='lat' dir='ltr'><strong>alioqui</strong></span> <span class='ocrx_word' id='word_1_21' title='bbox 3448 391 3700 447; x_wconf 86' lang='lat' dir='ltr'><strong>disertis-</strong></span> 
     </span>
    </p>
   </div>
   <div class='ocr_carea' id='block_1_4' title="bbox 436 489 2016 564">
    <p class='ocr_par' dir='ltr' id='par_1_4' title="bbox 436 489 2016 564">
     <span class='ocr_line' id='line_1_4' title="bbox 436 489 2016 564; baseline -0.006 -14"><span class='ocrx_word' id='word_1_22' title='bbox 436 497 637 559; x_wconf 91' lang='lat' dir='ltr'><strong>lucem,</strong></span> <span class='ocrx_word' id='word_1_23' title='bbox 684 504 1080 564; x_wconf 89' lang='lat' dir='ltr'><strong>aspectumque</strong></span> <span class='ocrx_word' id='word_1_24' title='bbox 1123 493 1508 562; x_wconf 73' lang='lat' dir='ltr'><strong>producerent,</strong></span> <span class='ocrx_word' id='word_1_25' title='bbox 1555 489 1886 544; x_wconf 82' lang='lat' dir='ltr'><strong>novissimus</strong></span> <span class='ocrx_word' id='word_1_26' title='bbox 1927 489 2016 541; x_wconf 89' lang='lat' dir='ltr'><strong>ille</strong></span> 
     </span>
    </p>
   </div>
   <div class='ocr_carea' id='block_1_5' title="bbox 440 581 2014 642">
    <p class='ocr_par' dir='ltr' id='par_1_5' title="bbox 440 581 2014 642">
     <span class='ocr_line' id='line_1_5' title="bbox 440 581 2014 642; baseline -0.005 0"><span class='ocrx_word' id='word_1_27' title='bbox 440 587 795 642; x_wconf 73' lang='lat' dir='ltr'><strong>delirantium</strong></span> <span class='ocrx_word' id='word_1_28' title='bbox 845 584 1220 640; x_wconf 67' lang='lat' dir='ltr'><strong>Graeculorum</strong></span> <span class='ocrx_word' id='word_1_29' title='bbox 1253 584 1486 638; x_wconf 84' lang='lat' dir='ltr'><strong>malleus</strong></span> <span class='ocrx_word' id='word_1_30' title='bbox 1520 583 1630 638; x_wconf 90' lang='lat' dir='ltr'><strong>Leo</strong></span> <span class='ocrx_word' id='word_1_31' title='bbox 1663 582 1892 636; x_wconf 83' lang='lat' dir='ltr'><strong>Allatius</strong></span> <span class='ocrx_word' id='word_1_32' title='bbox 1927 581 2014 634; x_wconf 84' lang='lat' dir='ltr'><strong>di-</strong></span> 
     </span>
    </p>
   </div>
   <div class='ocr_carea' id='block_1_6' title="bbox 441 679 1099 748">
    <p class='ocr_par' dir='ltr' id='par_1_6' title="bbox 441 679 1099 748">
     <span class='ocr_line' id='line_1_6' title="bbox 441 679 1099 748; baseline -0.006 -12"><span class='ocrx_word' id='word_1_33' title='bbox 441 682 748 736; x_wconf 76' lang='lat' dir='ltr'><strong>Sel-tissime</strong></span> <span class='ocrx_word' id='word_1_34' title='bbox 779 679 967 734; x_wconf 87' lang='lat' dir='ltr'><strong>docuit</strong></span> <span class='ocrx_word' id='word_1_35' title='bbox 999 680 1099 748; x_wconf 73' lang='grc'>(4),</span> 
     </span>
    </p>
   </div>
   <div class='ocr_carea' id='block_1_7' title="bbox 509 769 2016 842">
    <p class='ocr_par' dir='ltr' id='par_1_7' title="bbox 509 769 2016 842">
     <span class='ocr_line' id='line_1_7' title="bbox 509 769 2016 842; baseline -0.004 -17"><span class='ocrx_word' id='word_1_36' title='bbox 509 773 714 827; x_wconf 79' lang='lat' dir='ltr'><strong>Deinde</strong></span> <span class='ocrx_word' id='word_1_37' title='bbox 764 773 1156 842; x_wconf 75' lang='lat' dir='ltr'><strong>praeclarorum</strong></span> <span class='ocrx_word' id='word_1_38' title='bbox 1207 769 1570 840; x_wconf 91' lang='lat' dir='ltr'><strong>quorumdam</strong></span> <span class='ocrx_word' id='word_1_39' title='bbox 1621 769 1861 822; x_wconf 88' lang='lat' dir='ltr'><strong>virorum</strong></span> <span class='ocrx_word' id='word_1_40' title='bbox 1928 779 2016 819; x_wconf 91' lang='lat' dir='ltr'><strong>me</strong></span> 
     </span>
    </p>
   </div>
   <div class='ocr_carea' id='block_1_8' title="bbox 432 856 2013 934">
    <p class='ocr_par' dir='ltr' id='par_1_8' title="bbox 432 856 2013 934">
     <span class='ocr_line' id='line_1_8' title="bbox 432 856 2013 934; baseline -0.004 -18"><span class='ocrx_word' id='word_1_41' title='bbox 432 865 744 934; x_wconf 77' lang='lat' dir='ltr'><strong>exemplum</strong></span> <span class='ocrx_word' id='word_1_42' title='bbox 785 864 1128 918; x_wconf 89' lang='lat' dir='ltr'><strong>conlirmavit</strong></span> <span class='ocrx_word' id='word_1_43' title='bbox 1181 879 1196 915; x_wconf 91' lang='lat'>:</span> <span class='ocrx_word' id='word_1_44' title='bbox 1251 862 1374 916; x_wconf 85' lang='lat' dir='ltr'><strong>cum</strong></span> <span class='ocrx_word' id='word_1_45' title='bbox 1437 862 1580 914; x_wconf 86' lang='lat' dir='ltr'><strong>enim</strong></span> <span class='ocrx_word' id='word_1_46' title='bbox 1646 875 1742 928; x_wconf 90' lang='lat' dir='ltr'><strong>per</strong></span> <span class='ocrx_word' id='word_1_47' title='bbox 1785 856 2013 910; x_wconf 84' lang='lat' dir='ltr'><strong>Franci-</strong></span> 
     </span>
    </p>
   </div>
   <div class='ocr_carea' id='block_1_9' title="bbox 435 946 2014 1025">
    <p class='ocr_par' dir='ltr' id='par_1_9' title="bbox 435 946 2014 1025">
     <span class='ocr_line' id='line_1_9' title="bbox 435 946 2014 1025; baseline -0.006 -16"><span class='ocrx_word' id='word_1_48' title='bbox 435 971 587 1010; x_wconf 90' lang='lat' dir='ltr'><strong>scum</strong></span> <span class='ocrx_word' id='word_1_49' title='bbox 626 955 1012 1009; x_wconf 83' lang='lat' dir='ltr'><strong>Combelisium</strong></span> <span class='ocrx_word' id='word_1_50' title='bbox 1072 955 1180 1025; x_wconf 79' lang='lat'><strong>(5),</strong></span> <span class='ocrx_word' id='word_1_51' title='bbox 1264 951 1603 1005; x_wconf 86' lang='lat' dir='ltr'><strong>Bernardum</strong></span> <span class='ocrx_word' id='word_1_52' title='bbox 1671 946 2014 1002; x_wconf 81' lang='lat' dir='ltr'><strong>Montfauco-</strong></span> 
     </span>
    </p>
   </div>
   <div class='ocr_carea' id='block_1_10' title="bbox 435 1041 2015 1118">
    <p class='ocr_par' dir='ltr' id='par_1_10' title="bbox 435 1041 2015 1118">
     <span class='ocr_line' id='line_1_10' title="bbox 435 1041 2015 1118; baseline -0.004 -18"><span class='ocrx_word' id='word_1_53' title='bbox 435 1048 584 1102; x_wconf 86' lang='lat' dir='ltr'><strong>nium</strong></span> <span class='ocrx_word' id='word_1_54' title='bbox 620 1050 717 1118; x_wconf 81' lang='lat' dir='ltr'><strong>(li),</strong></span> <span class='ocrx_word' id='word_1_55' title='bbox 759 1057 810 1102; x_wconf 90' lang='lat' dir='ltr'><strong>et</strong></span> <span class='ocrx_word' id='word_1_56' title='bbox 835 1049 1292 1116; x_wconf 69' lang='lat' dir='ltr'><strong>Christophorum</strong></span> <span class='ocrx_word' id='word_1_57' title='bbox 1320 1043 1576 1098; x_wconf 80' lang='lat' dir='ltr'><strong>Woltium</strong></span> <span class='ocrx_word' id='word_1_58' title='bbox 1613 1043 1692 1113; x_wconf 87' lang='grc'>(7)</span> <span class='ocrx_word' id='word_1_59' title='bbox 1724 1041 2015 1094; x_wconf 82' lang='lat' dir='ltr'><strong>nonnullas</strong></span> 
     </span>
    </p>
   </div>
   <div class='ocr_carea' id='block_1_11' title="bbox 434 1135 2012 1210">
    <p class='ocr_par' dir='ltr' id='par_1_11' title="bbox 434 1135 2012 1210">
     <span class='ocr_line' id='line_1_11' title="bbox 434 1135 2012 1210; baseline -0.005 -16"><span class='ocrx_word' id='word_1_60' title='bbox 434 1142 637 1210; x_wconf 85' lang='lat' dir='ltr'><strong>pariter</strong></span> <span class='ocrx_word' id='word_1_61' title='bbox 673 1140 1141 1209; x_wconf 73' lang='lat' dir='ltr'><strong>Amphilochianas</strong></span> <span class='ocrx_word' id='word_1_62' title='bbox 1179 1138 1508 1203; x_wconf 80' lang='lat' dir='ltr'><strong>Quwstiones</strong></span> <span class='ocrx_word' id='word_1_63' title='bbox 1560 1135 1612 1187; x_wconf 88' lang='lat' dir='ltr'><strong>in</strong></span> <span class='ocrx_word' id='word_1_64' title='bbox 1663 1148 2012 1187; x_wconf 79' lang='lat' dir='ltr'><strong>communem</strong></span> 
     </span>
    </p>
   </div>
   <div class='ocr_carea' id='block_1_12' title="bbox 431 1223 2011 1298">
    <p class='ocr_par' dir='ltr' id='par_1_12' title="bbox 431 1223 2011 1298">
     <span class='ocr_line' id='line_1_12' title="bbox 431 1223 2011 1298; baseline -0.006 -15"><span class='ocrx_word' id='word_1_65' title='bbox 431 1247 594 1284; x_wconf 89' lang='lat' dir='ltr'><strong>usum</strong></span> <span class='ocrx_word' id='word_1_66' title='bbox 617 1230 808 1285; x_wconf 61' lang='lat' dir='ltr'><strong>Gratce</strong></span> <span class='ocrx_word' id='word_1_67' title='bbox 853 1240 907 1284; x_wconf 87' lang='lat' dir='ltr'><strong>et</strong></span> <span class='ocrx_word' id='word_1_68' title='bbox 936 1231 1126 1283; x_wconf 85' lang='lat' dir='ltr'><strong>Latine</strong></span> <span class='ocrx_word' id='word_1_69' title='bbox 1156 1228 1398 1298; x_wconf 86' lang='lat' dir='ltr'><strong>prolatas</strong></span> <span class='ocrx_word' id='word_1_70' title='bbox 1425 1227 1680 1278; x_wconf 82' lang='lat' dir='ltr'><strong>vidissem</strong></span> <span class='ocrx_word' id='word_1_71' title='bbox 1715 1240 1729 1276; x_wconf 90' lang='lat'><strong>:</strong></span> <span class='ocrx_word' id='word_1_72' title='bbox 1763 1238 1827 1276; x_wconf 87' lang='lat' dir='ltr'><strong>ac</strong></span> <span class='ocrx_word' id='word_1_73' title='bbox 1859 1223 2011 1290; x_wconf 90' lang='lat' dir='ltr'><strong>plura</strong></span> 
     </span>
    </p>
   </div>
   <div class='ocr_carea' id='block_1_13' title="bbox 432 1315 2013 1391">
    <p class='ocr_par' dir='ltr' id='par_1_13' title="bbox 432 1315 2013 1391">
     <span class='ocr_line' id='line_1_13' title="bbox 432 1315 2013 1391; baseline -0.004 -17"><span class='ocrx_word' id='word_1_74' title='bbox 432 1323 767 1391; x_wconf 90' lang='lat' dir='ltr'><strong>reliquarum</strong></span> <span class='ocrx_word' id='word_1_75' title='bbox 803 1321 1250 1390; x_wconf 82' lang='grc' dir='ltr'>ἁποσπασμάτια</span> <span class='ocrx_word' id='word_1_76' title='bbox 1279 1336 1307 1374; x_wconf 90' lang='lat' dir='ltr'><strong>a</strong></span> <span class='ocrx_word' id='word_1_77' title='bbox 1349 1334 1525 1387; x_wconf 85' lang='lat' dir='ltr'><strong>nuper</strong></span> <span class='ocrx_word' id='word_1_78' title='bbox 1552 1317 1774 1370; x_wconf 90' lang='lat' dir='ltr'><strong>laudato</strong></span> <span class='ocrx_word' id='word_1_79' title='bbox 1814 1315 2013 1368; x_wconf 77' lang='lat' dir='ltr'><strong>Allatio</strong></span> 
     </span>
    </p>
   </div>
   <div class='ocr_carea' id='block_1_14' title="bbox 430 1407 2010 1484">
    <p class='ocr_par' dir='ltr' id='par_1_14' title="bbox 430 1407 2010 1484">
     <span class='ocr_line' id='line_1_14' title="bbox 430 1407 2010 1484; baseline -0.006 -16"><span class='ocrx_word' id='word_1_80' title='bbox 430 1413 529 1484; x_wconf 85' lang='lat'><strong>(8),</strong></span> <span class='ocrx_word' id='word_1_81' title='bbox 580 1426 633 1469; x_wconf 90' lang='lat' dir='ltr'><strong>ct</strong></span> <span class='ocrx_word' id='word_1_82' title='bbox 684 1431 713 1469; x_wconf 90' lang='lat' dir='ltr'><strong>a</strong></span> <span class='ocrx_word' id='word_1_83' title='bbox 757 1414 1054 1468; x_wconf 87' lang='lat' dir='ltr'><strong>Francisco</strong></span> <span class='ocrx_word' id='word_1_84' title='bbox 1092 1412 1366 1466; x_wconf 91' lang='lat' dir='ltr'><strong>Turriano</strong></span> <span class='ocrx_word' id='word_1_85' title='bbox 1399 1411 1476 1481; x_wconf 87' lang='lat'><strong>(9)</strong></span> <span class='ocrx_word' id='word_1_86' title='bbox 1523 1411 1576 1462; x_wconf 91' lang='lat' dir='ltr'><strong>in</strong></span> <span class='ocrx_word' id='word_1_87' title='bbox 1626 1407 1804 1462; x_wconf 90' lang='lat' dir='ltr'><strong>medio</strong></span> <span class='ocrx_word' id='word_1_88' title='bbox 1833 1408 2010 1476; x_wconf 87' lang='lat' dir='ltr'><strong>posita</strong></span> 
     </span>
    </p>
   </div>
   <div class='ocr_carea' id='block_1_15' title="bbox 431 1500 2010 1577">
    <p class='ocr_par' dir='ltr' id='par_1_15' title="bbox 431 1500 2010 1577">
     <span class='ocr_line' id='line_1_15' title="bbox 431 1500 2010 1577; baseline -0.004 -18"><span class='ocrx_word' id='word_1_89' title='bbox 431 1523 537 1559; x_wconf 89' lang='lat' dir='ltr'><strong>non</strong></span> <span class='ocrx_word' id='word_1_90' title='bbox 573 1507 951 1577; x_wconf 87' lang='lat' dir='ltr'><strong>ignorassem;</strong></span> <span class='ocrx_word' id='word_1_91' title='bbox 1005 1519 1310 1574; x_wconf 91' lang='lat' dir='ltr'><strong>eorumque</strong></span> <span class='ocrx_word' id='word_1_92' title='bbox 1352 1503 1592 1557; x_wconf 86' lang='lat' dir='ltr'><strong>editores</strong></span> <span class='ocrx_word' id='word_1_93' title='bbox 1634 1501 1796 1563; x_wconf 90' lang='lat' dir='ltr'><strong>bona,</strong></span> <span class='ocrx_word' id='word_1_94' title='bbox 1839 1509 1898 1552; x_wconf 92' lang='lat' dir='ltr'><strong>ut</strong></span> <span class='ocrx_word' id='word_1_95' title='bbox 1937 1500 2010 1553; x_wconf 88' lang='lat' dir='ltr'><strong>ita</strong></span> 
     </span>
    </p>
   </div>
   <div class='ocr_carea' id='block_1_16' title="bbox 427 1593 2008 1667">
    <p class='ocr_par' dir='ltr' id='par_1_16' title="bbox 427 1593 2008 1667">
     <span class='ocr_line' id='line_1_16' title="bbox 427 1593 2008 1667; baseline -0.004 -17"><span class='ocrx_word' id='word_1_96' title='bbox 427 1596 629 1664; x_wconf 90' lang='lat' dir='ltr'><strong>dicam,</strong></span> <span class='ocrx_word' id='word_1_97' title='bbox 678 1600 851 1667; x_wconf 86' lang='lat' dir='ltr'><strong>gratia</strong></span> <span class='ocrx_word' id='word_1_98' title='bbox 889 1598 959 1652; x_wconf 79' lang='lat' dir='ltr'><strong>ab</strong></span> <span class='ocrx_word' id='word_1_99' title='bbox 1007 1598 1312 1651; x_wconf 86' lang='lat' dir='ltr'><strong>litterarum</strong></span> <span class='ocrx_word' id='word_1_100' title='bbox 1355 1610 1471 1664; x_wconf 88' lang='lat' dir='ltr'><strong>rep.</strong></span> <span class='ocrx_word' id='word_1_101' title='bbox 1502 1593 2008 1648; x_wconf 86' lang='lat' dir='ltr'><strong>animadvertissem</strong></span> 
     </span>
    </p>
   </div>
   <div class='ocr_carea' id='block_1_17' title="bbox 427 1684 2008 1760">
    <p class='ocr_par' dir='ltr' id='par_1_17' title="bbox 427 1684 2008 1760">
     <span class='ocr_line' id='line_1_17' title="bbox 427 1684 2008 1760; baseline -0.004 -18"><span class='ocrx_word' id='word_1_102' title='bbox 427 1699 685 1759; x_wconf 75' lang='lat' dir='ltr'><strong>exceptos</strong></span> <span class='ocrx_word' id='word_1_103' title='bbox 729 1708 741 1742; x_wconf 95' lang='lat'>:</span> <span class='ocrx_word' id='word_1_104' title='bbox 790 1705 888 1760; x_wconf 89' lang='lat' dir='ltr'><strong>par</strong></span> <span class='ocrx_word' id='word_1_105' title='bbox 957 1703 1287 1758; x_wconf 64' lang='lat' dir='ltr'><strong>aequumque</strong></span> <span class='ocrx_word' id='word_1_106' title='bbox 1329 1687 1459 1740; x_wconf 78' lang='lat' dir='ltr'><strong>duxi</strong></span> <span class='ocrx_word' id='word_1_107' title='bbox 1503 1684 1571 1739; x_wconf 90' lang='lat' dir='ltr'><strong>ad</strong></span> <span class='ocrx_word' id='word_1_108' title='bbox 1611 1685 1856 1738; x_wconf 87' lang='lat' dir='ltr'><strong>eamdem</strong></span> <span class='ocrx_word' id='word_1_109' title='bbox 1887 1698 2008 1751; x_wconf 85' lang='lat' dir='ltr'><strong>gra-</strong></span> 
     </span>
    </p>
   </div>
   <div class='ocr_carea' id='block_1_18' title="bbox 2118 483 3696 554">
    <p class='ocr_par' dir='ltr' id='par_1_18' title="bbox 2118 483 3696 554">
     <span class='ocr_line' id='line_1_18' title="bbox 2118 483 3696 554; baseline -0.001 -18"><span class='ocrx_word' id='word_1_110' title='bbox 2118 483 2314 548; x_wconf 81' lang='lat' dir='ltr'><strong>simus,</strong></span> <span class='ocrx_word' id='word_1_111' title='bbox 2352 499 2380 536; x_wconf 92' lang='lat' dir='ltr'><strong>a</strong></span> <span class='ocrx_word' id='word_1_112' title='bbox 2422 483 2598 552; x_wconf 87' lang='lat' dir='ltr'><strong>prisca</strong></span> <span class='ocrx_word' id='word_1_113' title='bbox 2647 483 3000 554; x_wconf 84' lang='grc' dir='ltr'><strong>Ἀττικισμοῦ</strong></span> <span class='ocrx_word' id='word_1_114' title='bbox 3045 485 3310 552; x_wconf 75' lang='lat' dir='ltr'><strong>elegantia</strong></span> <span class='ocrx_word' id='word_1_115' title='bbox 3343 483 3696 542; x_wconf 82' lang='lat' dir='ltr'><strong>desciverint,</strong></span> 
     </span>
    </p>
   </div>
   <div class='ocr_carea' id='block_1_19' title="bbox 2117 576 3698 645">
    <p class='ocr_par' dir='ltr' id='par_1_19' title="bbox 2117 576 3698 645">
     <span class='ocr_line' id='line_1_19' title="bbox 2117 576 3698 645; baseline -0.001 -15"><span class='ocrx_word' id='word_1_116' title='bbox 2117 585 2174 630; x_wconf 92' lang='lat' dir='ltr'><strong>et</strong></span> <span class='ocrx_word' id='word_1_117' title='bbox 2203 586 2404 645; x_wconf 89' lang='lat' dir='ltr'><strong>quanta</strong></span> <span class='ocrx_word' id='word_1_118' title='bbox 2437 577 2671 645; x_wconf 89' lang='lat' dir='ltr'><strong>denique</strong></span> <span class='ocrx_word' id='word_1_119' title='bbox 2695 577 3032 632; x_wconf 83' lang='lat' dir='ltr'><strong>obscuritate</strong></span> <span class='ocrx_word' id='word_1_120' title='bbox 3057 591 3122 630; x_wconf 77' lang='lat' dir='ltr'><strong>ex</strong></span> <span class='ocrx_word' id='word_1_121' title='bbox 3155 577 3344 630; x_wconf 89' lang='lat' dir='ltr'><strong>eodem</strong></span> <span class='ocrx_word' id='word_1_122' title='bbox 3381 576 3698 645; x_wconf 84' lang='lat' dir='ltr'><strong>scriptionis</strong></span> 
     </span>
    </p>
   </div>
   <div class='ocr_carea' id='block_1_20' title="bbox 2115 665 3697 736">
    <p class='ocr_par' dir='ltr' id='par_1_20' title="bbox 2115 665 3697 736">
     <span class='ocr_line' id='line_1_20' title="bbox 2115 665 3697 736; baseline -0.001 -17"><span class='ocrx_word' id='word_1_123' title='bbox 2115 667 2250 720; x_wconf 85' lang='lat' dir='ltr'><strong>vitio</strong></span> <span class='ocrx_word' id='word_1_124' title='bbox 2275 681 2555 720; x_wconf 80' lang='lat' dir='ltr'><strong>sermones</strong></span> <span class='ocrx_word' id='word_1_125' title='bbox 2573 667 2872 736; x_wconf 59' lang='lat' dir='ltr'><strong>praesertim</strong></span> <span class='ocrx_word' id='word_1_126' title='bbox 2900 666 3269 719; x_wconf 73' lang='grc' dir='ltr'><strong>διδασκαλικοὶ</strong></span> <span class='ocrx_word' id='word_1_127' title='bbox 3300 665 3697 718; x_wconf 82' lang='lat' dir='ltr'><strong>obvolvantur.</strong></span> 
     </span>
    </p>
   </div>
   <div class='ocr_carea' id='block_1_21' title="bbox 2118 753 3697 826">
    <p class='ocr_par' dir='ltr' id='par_1_21' title="bbox 2118 753 3697 826">
     <span class='ocr_line' id='line_1_21' title="bbox 2118 753 3697 826; baseline 0.002 -19"><span class='ocrx_word' id='word_1_128' title='bbox 2118 753 2294 810; x_wconf 79' lang='lat' dir='ltr'><strong>Verba</strong></span> <span class='ocrx_word' id='word_1_129' title='bbox 2343 757 2490 810; x_wconf 91' lang='lat' dir='ltr'><strong>enim</strong></span> <span class='ocrx_word' id='word_1_130' title='bbox 2533 757 2780 826; x_wconf 78' lang='grc' dir='ltr'><strong>τεχνικὰ,</strong></span> <span class='ocrx_word' id='word_1_131' title='bbox 2817 757 3120 826; x_wconf 88' lang='lat' dir='ltr'><strong>etquidem</strong></span> <span class='ocrx_word' id='word_1_132' title='bbox 3172 756 3526 825; x_wconf 80' lang='grc' dir='ltr'><strong>σχολαστικὰ,</strong></span> <span class='ocrx_word' id='word_1_133' title='bbox 3580 772 3697 824; x_wconf 71' lang='lat' dir='ltr'><strong>quae</strong></span> 
     </span>
    </p>
   </div>
   <div class='ocr_carea' id='block_1_22' title="bbox 2118 851 3694 920">
    <p class='ocr_par' dir='ltr' id='par_1_22' title="bbox 2118 851 3694 920">
     <span class='ocr_line' id='line_1_22' title="bbox 2118 851 3694 920; baseline 0.002 -18"><span class='ocrx_word' id='word_1_134' title='bbox 2118 857 2247 903; x_wconf 88' lang='lat' dir='ltr'><strong>tunc</strong></span> <span class='ocrx_word' id='word_1_135' title='bbox 2309 851 2570 920; x_wconf 82' lang='lat' dir='ltr'><strong>temporis</strong></span> <span class='ocrx_word' id='word_1_136' title='bbox 2624 852 3085 920; x_wconf 88' lang='lat' dir='ltr'><strong>pererebnerant;</strong></span> <span class='ocrx_word' id='word_1_137' title='bbox 3153 854 3694 920; x_wconf 76' lang='lat' dir='ltr'><strong>argumentationum</strong></span> 
     </span>
    </p>
   </div>
   <div class='ocr_carea' id='block_1_23' title="bbox 2118 941 3697 1012">
    <p class='ocr_par' dir='ltr' id='par_1_23' title="bbox 2118 941 3697 1012">
     <span class='ocr_line' id='line_1_23' title="bbox 2118 941 3697 1012; baseline 0.003 -20"><span class='ocrx_word' id='word_1_138' title='bbox 2118 941 2640 1010; x_wconf 88' lang='lat' dir='ltr'><strong>cavillationumque</strong></span> <span class='ocrx_word' id='word_1_139' title='bbox 2680 942 3034 1006; x_wconf 88' lang='lat' dir='ltr'><strong>subtilitates,</strong></span> <span class='ocrx_word' id='word_1_140' title='bbox 3078 943 3282 1011; x_wconf 86' lang='lat' dir='ltr'><strong>quibus</strong></span> <span class='ocrx_word' id='word_1_141' title='bbox 3331 943 3532 1012; x_wconf 79' lang='lat' dir='ltr'><strong>ingenii</strong></span> <span class='ocrx_word' id='word_1_142' title='bbox 3567 957 3697 996; x_wconf 75' lang='lat' dir='ltr'><strong>acu-</strong></span> 
     </span>
    </p>
   </div>
   <div class='ocr_carea' id='block_1_24' title="bbox 2116 1032 3694 1103">
    <p class='ocr_par' dir='ltr' id='par_1_24' title="bbox 2116 1032 3694 1103">
     <span class='ocr_line' id='line_1_24' title="bbox 2116 1032 3694 1103; baseline 0.001 -19"><span class='ocrx_word' id='word_1_143' title='bbox 2116 1046 2240 1084; x_wconf 84' lang='lat' dir='ltr'><strong>men</strong></span> <span class='ocrx_word' id='word_1_144' title='bbox 2297 1047 2420 1086; x_wconf 88' lang='lat' dir='ltr'><strong>sese</strong></span> <span class='ocrx_word' id='word_1_145' title='bbox 2461 1032 2739 1101; x_wconf 81' lang='lat' dir='ltr'><strong>jactabat;</strong></span> <span class='ocrx_word' id='word_1_146' title='bbox 2787 1047 2852 1086; x_wconf 90' lang='lat' dir='ltr'><strong>ac</strong></span> <span class='ocrx_word' id='word_1_147' title='bbox 2891 1034 3238 1102; x_wconf 89' lang='lat' dir='ltr'><strong>periodorum</strong></span> <span class='ocrx_word' id='word_1_148' title='bbox 3295 1033 3694 1103; x_wconf 82' lang='grc' dir='ltr'>μεγαλοκώλων</span> 
     </span>
    </p>
   </div>
   <div class='ocr_carea' id='block_1_25' title="bbox 2115 1125 3694 1198">
    <p class='ocr_par' dir='ltr' id='par_1_25' title="bbox 2115 1125 3694 1198">
     <span class='ocr_line' id='line_1_25' title="bbox 2115 1125 3694 1198; baseline 0.003 -19"><span class='ocrx_word' id='word_1_149' title='bbox 2115 1125 2392 1196; x_wconf 90' lang='lat' dir='ltr'><strong>implicata</strong></span> <span class='ocrx_word' id='word_1_150' title='bbox 2440 1129 2750 1198; x_wconf 84' lang='lat' dir='ltr'><strong>prolixitas,</strong></span> <span class='ocrx_word' id='word_1_151' title='bbox 2800 1130 2850 1181; x_wconf 93' lang='lat' dir='ltr'><strong>in</strong></span> <span class='ocrx_word' id='word_1_152' title='bbox 2900 1145 3008 1198; x_wconf 90' lang='lat' dir='ltr'><strong>qua</strong></span> <span class='ocrx_word' id='word_1_153' title='bbox 3060 1129 3370 1198; x_wconf 66' lang='lat' dir='ltr'><strong>prascipuus</strong></span> <span class='ocrx_word' id='word_1_154' title='bbox 3423 1130 3694 1184; x_wconf 74' lang='lat' dir='ltr'><strong>orationis</strong></span> 
     </span>
    </p>
   </div>
   <div class='ocr_carea' id='block_1_26' title="bbox 2114 1220 3694 1290">
    <p class='ocr_par' dir='ltr' id='par_1_26' title="bbox 2114 1220 3694 1290">
     <span class='ocr_line' id='line_1_26' title="bbox 2114 1220 3694 1290; baseline 0.001 -19"><span class='ocrx_word' id='word_1_155' title='bbox 2114 1220 2296 1274; x_wconf 91' lang='lat' dir='ltr'><strong>cultus</strong></span> <span class='ocrx_word' id='word_1_156' title='bbox 2329 1221 2782 1286; x_wconf 89' lang='lat' dir='ltr'><strong>constituebatur,</strong></span> <span class='ocrx_word' id='word_1_157' title='bbox 2817 1233 2945 1276; x_wconf 87' lang='lat' dir='ltr'><strong>sunt</strong></span> <span class='ocrx_word' id='word_1_158' title='bbox 2981 1223 3229 1290; x_wconf 74' lang='lat' dir='ltr'><strong>quaedam</strong></span> <span class='ocrx_word' id='word_1_159' title='bbox 3260 1224 3424 1275; x_wconf 89' lang='lat' dir='ltr'><strong>veluti</strong></span> <span class='ocrx_word' id='word_1_160' title='bbox 3459 1222 3694 1290; x_wconf 85' lang='lat' dir='ltr'><strong>impedi-</strong></span> 
     </span>
    </p>
   </div>
   <div class='ocr_carea' id='block_1_27' title="bbox 2116 1315 3691 1384">
    <p class='ocr_par' dir='ltr' id='par_1_27' title="bbox 2116 1315 3691 1384">
     <span class='ocr_line' id='line_1_27' title="bbox 2116 1315 3691 1384; baseline 0.002 -19"><span class='ocrx_word' id='word_1_161' title='bbox 2116 1325 2329 1376; x_wconf 88' lang='lat' dir='ltr'><strong>menta,</strong></span> <span class='ocrx_word' id='word_1_162' title='bbox 2389 1331 2512 1384; x_wconf 67' lang='lat' dir='ltr'><strong>quae</strong></span> <span class='ocrx_word' id='word_1_163' title='bbox 2570 1315 2758 1369; x_wconf 87' lang='lat' dir='ltr'><strong>lectori</strong></span> <span class='ocrx_word' id='word_1_164' title='bbox 2822 1315 2888 1369; x_wconf 90' lang='lat' dir='ltr'><strong>ad</strong></span> <span class='ocrx_word' id='word_1_165' title='bbox 2932 1332 3154 1369; x_wconf 81' lang='lat' dir='ltr'><strong>sensum</strong></span> <span class='ocrx_word' id='word_1_166' title='bbox 3211 1327 3356 1370; x_wconf 89' lang='lat' dir='ltr'><strong>recte</strong></span> <span class='ocrx_word' id='word_1_167' title='bbox 3399 1316 3691 1369; x_wconf 89' lang='lat' dir='ltr'><strong>tenendum</strong></span> 
     </span>
    </p>
   </div>
   <div class='ocr_carea' id='block_1_28' title="bbox 2113 1405 3691 1475">
    <p class='ocr_par' dir='ltr' id='par_1_28' title="bbox 2113 1405 3691 1475">
     <span class='ocr_line' id='line_1_28' title="bbox 2113 1405 3691 1475; baseline -0.003 -13"><span class='ocrx_word' id='word_1_168' title='bbox 2113 1405 2406 1462; x_wconf 87' lang='lat' dir='ltr'><strong>identidem</strong></span> <span class='ocrx_word' id='word_1_169' title='bbox 2437 1406 2796 1475; x_wconf 88' lang='lat' dir='ltr'><strong>objiciuntur.</strong></span> <span class='ocrx_word' id='word_1_170' title='bbox 2821 1407 2940 1473; x_wconf 90' lang='lat' dir='ltr'><strong>Quo</strong></span> <span class='ocrx_word' id='word_1_171' title='bbox 2970 1406 3172 1459; x_wconf 90' lang='lat' dir='ltr'><strong>factum</strong></span> <span class='ocrx_word' id='word_1_172' title='bbox 3196 1415 3279 1461; x_wconf 88' lang='lat' dir='ltr'><strong>est</strong></span> <span class='ocrx_word' id='word_1_173' title='bbox 3337 1415 3392 1459; x_wconf 90' lang='lat' dir='ltr'><strong>nt</strong></span> <span class='ocrx_word' id='word_1_174' title='bbox 3433 1407 3496 1459; x_wconf 89' lang='lat' dir='ltr'><strong>ad</strong></span> <span class='ocrx_word' id='word_1_175' title='bbox 3525 1421 3691 1460; x_wconf 91' lang='lat' dir='ltr'><strong>unum</strong></span> 
     </span>
    </p>
   </div>
   <div class='ocr_carea' id='block_1_29' title="bbox 2111 1497 3695 1567">
    <p class='ocr_par' dir='ltr' id='par_1_29' title="bbox 2111 1497 3695 1567">
     <span class='ocr_line' id='line_1_29' title="bbox 2111 1497 3695 1567; baseline -0.001 -15"><span class='ocrx_word' id='word_1_176' title='bbox 2111 1513 2304 1552; x_wconf 90' lang='lat' dir='ltr'><strong>omnes</strong></span> <span class='ocrx_word' id='word_1_177' title='bbox 2351 1500 2580 1552; x_wconf 92' lang='lat' dir='ltr'><strong>istorum</strong></span> <span class='ocrx_word' id='word_1_178' title='bbox 2633 1498 2948 1552; x_wconf 62' lang='lat' dir='ltr'><strong>Graecorum</strong></span> <span class='ocrx_word' id='word_1_179' title='bbox 2991 1497 3338 1566; x_wconf 87' lang='lat' dir='ltr'><strong>interpretes,</strong></span> <span class='ocrx_word' id='word_1_180' title='bbox 3384 1499 3513 1552; x_wconf 89' lang='lat' dir='ltr'><strong>dum</strong></span> <span class='ocrx_word' id='word_1_181' title='bbox 3557 1514 3695 1567; x_wconf 70' lang='lat' dir='ltr'><strong>pra:-</strong></span> 
     </span>
    </p>
   </div>
   <div class='ocr_carea' id='block_1_30' title="bbox 2113 1588 3692 1656">
    <p class='ocr_par' dir='ltr' id='par_1_30' title="bbox 2113 1588 3692 1656">
     <span class='ocr_line' id='line_1_30' title="bbox 2113 1588 3692 1656; baseline 0.001 -14"><span class='ocrx_word' id='word_1_182' title='bbox 2113 1588 2318 1653; x_wconf 91' lang='lat' dir='ltr'><strong>fantur,</strong></span> <span class='ocrx_word' id='word_1_183' title='bbox 2362 1589 2560 1642; x_wconf 90' lang='lat' dir='ltr'><strong>bonam</strong></span> <span class='ocrx_word' id='word_1_184' title='bbox 2604 1603 2634 1642; x_wconf 92' lang='lat' dir='ltr'><strong>a</strong></span> <span class='ocrx_word' id='word_1_185' title='bbox 2681 1588 2978 1642; x_wconf 89' lang='lat' dir='ltr'><strong>lectoribus</strong></span> <span class='ocrx_word' id='word_1_186' title='bbox 3016 1599 3307 1656; x_wconf 86' lang='lat' dir='ltr'><strong>precentur</strong></span> <span class='ocrx_word' id='word_1_187' title='bbox 3347 1589 3584 1650; x_wconf 84' lang='lat' dir='ltr'><strong>veniam,</strong></span> <span class='ocrx_word' id='word_1_188' title='bbox 3633 1597 3692 1643; x_wconf 86' lang='lat' dir='ltr'><strong>ut</strong></span> 
     </span>
    </p>
   </div>
   <div class='ocr_carea' id='block_1_31' title="bbox 2111 1679 3691 1751">
    <p class='ocr_par' dir='ltr' id='par_1_31' title="bbox 2111 1679 3691 1751">
     <span class='ocr_line' id='line_1_31' title="bbox 2111 1679 3691 1751; baseline -0.001 -15"><span class='ocrx_word' id='word_1_189' title='bbox 2111 1681 2214 1737; x_wconf 89' lang='lat' dir='ltr'><strong>sibi</strong></span> <span class='ocrx_word' id='word_1_190' title='bbox 2257 1680 2648 1751; x_wconf 84' lang='grc' dir='ltr'><strong>παροράματα,</strong></span> <span class='ocrx_word' id='word_1_191' title='bbox 2675 1680 2730 1734; x_wconf 90' lang='lat' dir='ltr'><strong>in</strong></span> <span class='ocrx_word' id='word_1_192' title='bbox 2762 1695 2882 1749; x_wconf 76' lang='lat' dir='ltr'><strong>qua:</strong></span> <span class='ocrx_word' id='word_1_193' title='bbox 2904 1695 3001 1748; x_wconf 92' lang='lat' dir='ltr'><strong>pro</strong></span> <span class='ocrx_word' id='word_1_194' title='bbox 3041 1679 3426 1734; x_wconf 89' lang='lat' dir='ltr'><strong>vertendorum</strong></span> <span class='ocrx_word' id='word_1_195' title='bbox 3461 1695 3691 1749; x_wconf 87' lang='lat' dir='ltr'><strong>Operum</strong></span> 
     </span>
    </p>
   </div>
   <div class='ocr_carea' id='block_1_32' title="bbox 424 1767 3694 1849">
    <p class='ocr_par' dir='ltr' id='par_1_32' title="bbox 424 1767 3694 1849">
     <span class='ocr_line' id='line_1_32' title="bbox 424 1767 3694 1849; baseline -0.004 -14"><span class='ocrx_word' id='word_1_196' title='bbox 424 1784 554 1836; x_wconf 89' lang='lat' dir='ltr'><strong>tiam</strong></span> <span class='ocrx_word' id='word_1_197' title='bbox 577 1784 892 1848; x_wconf 78' lang='lat' dir='ltr'><strong>iucundam,</strong></span> <span class='ocrx_word' id='word_1_198' title='bbox 925 1782 1280 1836; x_wconf 88' lang='lat' dir='ltr'><strong>viribuslicct</strong></span> <span class='ocrx_word' id='word_1_199' title='bbox 1304 1779 1624 1849; x_wconf 86' lang='lat' dir='ltr'><strong>imparibus,</strong></span> <span class='ocrx_word' id='word_1_200' title='bbox 1644 1777 2000 1831; x_wconf 87' lang='lat' dir='ltr'><strong>contendere.</strong></span> <span class='ocrx_word' id='word_1_201' title='bbox 2039 1767 2081 1822; x_wconf 85' lang='grc' dir='ltr'><strong><em>Β</em></strong></span> <span class='ocrx_word' id='word_1_202' title='bbox 2109 1773 2422 1827; x_wconf 83' lang='lat' dir='ltr'><strong>dillicultate</strong></span> <span class='ocrx_word' id='word_1_203' title='bbox 2464 1771 2776 1837; x_wconf 88' lang='lat' dir='ltr'><strong>inciderint,</strong></span> <span class='ocrx_word' id='word_1_204' title='bbox 2830 1772 3059 1826; x_wconf 90' lang='lat' dir='ltr'><strong>libenter</strong></span> <span class='ocrx_word' id='word_1_205' title='bbox 3113 1771 3419 1840; x_wconf 88' lang='lat' dir='ltr'><strong>ignoscant.</strong></span> <span class='ocrx_word' id='word_1_206' title='bbox 3463 1772 3694 1826; x_wconf 86' lang='lat' dir='ltr'><strong>Accedit</strong></span> 
     </span>
    </p>
   </div>
   <div class='ocr_carea' id='block_1_33' title="bbox 421 1869 2000 1940">
    <p class='ocr_par' dir='ltr' id='par_1_33' title="bbox 421 1869 2000 1940">
     <span class='ocr_line' id='line_1_33' title="bbox 421 1869 2000 1940; baseline -0.005 -14"><span class='ocrx_word' id='word_1_207' title='bbox 421 1872 675 1928; x_wconf 79' lang='lat' dir='ltr'><strong>Profecto</strong></span> <span class='ocrx_word' id='word_1_208' title='bbox 714 1875 817 1928; x_wconf 91' lang='lat' dir='ltr'><strong>hac</strong></span> <span class='ocrx_word' id='word_1_209' title='bbox 853 1877 905 1927; x_wconf 91' lang='lat' dir='ltr'><strong>in</strong></span> <span class='ocrx_word' id='word_1_210' title='bbox 938 1890 995 1927; x_wconf 93' lang='lat' dir='ltr'><strong>re</strong></span> <span class='ocrx_word' id='word_1_211' title='bbox 1020 1873 1148 1926; x_wconf 90' lang='lat' dir='ltr'><strong>illud</strong></span> <span class='ocrx_word' id='word_1_212' title='bbox 1169 1887 1270 1940; x_wconf 91' lang='lat' dir='ltr'><strong>ego</strong></span> <span class='ocrx_word' id='word_1_213' title='bbox 1293 1869 1580 1924; x_wconf 88' lang='lat' dir='ltr'><strong>consilium</strong></span> <span class='ocrx_word' id='word_1_214' title='bbox 1601 1876 1822 1922; x_wconf 88' lang='lat' dir='ltr'><strong>secutus</strong></span> <span class='ocrx_word' id='word_1_215' title='bbox 1856 1881 2000 1930; x_wconf 91' lang='lat' dir='ltr'><strong>sum,</strong></span> 
     </span>
    </p>
   </div>
   <div class='ocr_carea' id='block_1_34' title="bbox 423 1962 2001 2032">
    <p class='ocr_par' dir='ltr' id='par_1_34' title="bbox 423 1962 2001 2032">
     <span class='ocr_line' id='line_1_34' title="bbox 423 1962 2001 2032; baseline -0.004 -16"><span class='ocrx_word' id='word_1_216' title='bbox 423 1965 570 2031; x_wconf 85' lang='lat' dir='ltr'><strong>quod</strong></span> <span class='ocrx_word' id='word_1_217' title='bbox 609 1964 826 2032; x_wconf 90' lang='lat' dir='ltr'><strong>plurimi</strong></span> <span class='ocrx_word' id='word_1_218' title='bbox 867 1964 979 2031; x_wconf 90' lang='lat' dir='ltr'><strong>jam</strong></span> <span class='ocrx_word' id='word_1_219' title='bbox 1022 1964 1230 2031; x_wconf 86' lang='lat' dir='ltr'><strong>pridem</strong></span> <span class='ocrx_word' id='word_1_220' title='bbox 1262 1962 1562 2029; x_wconf 88' lang='lat' dir='ltr'><strong>scriptores</strong></span> <span class='ocrx_word' id='word_1_221' title='bbox 1610 1965 2001 2026; x_wconf 88' lang='lat' dir='ltr'><strong>susceperant;</strong></span> 
     </span>
    </p>
   </div>
   <div class='ocr_carea' id='block_1_35' title="bbox 425 2048 2004 2120">
    <p class='ocr_par' dir='ltr' id='par_1_35' title="bbox 425 2048 2004 2120">
     <span class='ocr_line' id='line_1_35' title="bbox 425 2048 2004 2120; baseline -0.002 -17"><span class='ocrx_word' id='word_1_222' title='bbox 425 2061 486 2103; x_wconf 88' lang='lat' dir='ltr'><strong>ut</strong></span> <span class='ocrx_word' id='word_1_223' title='bbox 519 2052 730 2106; x_wconf 89' lang='lat' dir='ltr'><strong>scilicet</strong></span> <span class='ocrx_word' id='word_1_224' title='bbox 761 2067 927 2120; x_wconf 85' lang='lat' dir='ltr'><strong>quam</strong></span> <span class='ocrx_word' id='word_1_225' title='bbox 962 2051 1328 2106; x_wconf 87' lang='lat' dir='ltr'><strong>celebritatem</strong></span> <span class='ocrx_word' id='word_1_226' title='bbox 1369 2049 1583 2103; x_wconf 87' lang='lat' dir='ltr'><strong>libellus</strong></span> <span class='ocrx_word' id='word_1_227' title='bbox 1612 2065 1768 2104; x_wconf 90' lang='lat' dir='ltr'><strong>meus</strong></span> <span class='ocrx_word' id='word_1_228' title='bbox 1792 2064 1856 2102; x_wconf 79' lang='lat' dir='ltr'><strong>ex</strong></span> <span class='ocrx_word' id='word_1_229' title='bbox 1884 2048 2004 2102; x_wconf 91' lang='lat' dir='ltr'><strong>edi-</strong></span> 
     </span>
    </p>
   </div>
   <div class='ocr_carea' id='block_1_36' title="bbox 423 2142 2005 2213">
    <p class='ocr_par' dir='ltr' id='par_1_36' title="bbox 423 2142 2005 2213">
     <span class='ocr_line' id='line_1_36' title="bbox 423 2142 2005 2213; baseline -0.001 -18"><span class='ocrx_word' id='word_1_230' title='bbox 423 2143 560 2196; x_wconf 92' lang='lat' dir='ltr'><strong>toris</strong></span> <span class='ocrx_word' id='word_1_231' title='bbox 596 2145 792 2197; x_wconf 90' lang='lat' dir='ltr'><strong>merito</strong></span> <span class='ocrx_word' id='word_1_232' title='bbox 835 2159 940 2197; x_wconf 92' lang='lat' dir='ltr'><strong>non</strong></span> <span class='ocrx_word' id='word_1_233' title='bbox 985 2153 1169 2213; x_wconf 86' lang='lat' dir='ltr'><strong>posset</strong></span> <span class='ocrx_word' id='word_1_234' title='bbox 1221 2143 1326 2196; x_wconf 90' lang='lat' dir='ltr'><strong>sibi</strong></span> <span class='ocrx_word' id='word_1_235' title='bbox 1371 2143 1684 2206; x_wconf 88' lang='lat' dir='ltr'><strong>vindicare,</strong></span> <span class='ocrx_word' id='word_1_236' title='bbox 1733 2142 1874 2196; x_wconf 89' lang='lat' dir='ltr'><strong>hanc</strong></span> <span class='ocrx_word' id='word_1_237' title='bbox 1909 2154 2005 2211; x_wconf 83' lang='lat' dir='ltr'><strong>per</strong></span> 
     </span>
    </p>
   </div>
   <div class='ocr_carea' id='block_1_37' title="bbox 421 2232 1472 2304">
    <p class='ocr_par' dir='ltr' id='par_1_37' title="bbox 421 2232 1472 2304">
     <span class='ocr_line' id='line_1_37' title="bbox 421 2232 1472 2304; baseline 0.004 -20"><span class='ocrx_word' id='word_1_238' title='bbox 421 2232 602 2287; x_wconf 81' lang='lat' dir='ltr'><strong>Photii</strong></span> <span class='ocrx_word' id='word_1_239' title='bbox 634 2250 829 2288; x_wconf 89' lang='lat' dir='ltr'><strong>nomen</strong></span> <span class='ocrx_word' id='word_1_240' title='bbox 861 2236 1149 2304; x_wconf 86' lang='lat' dir='ltr'><strong>acquirere</strong></span> <span class='ocrx_word' id='word_1_241' title='bbox 1175 2235 1472 2288; x_wconf 86' lang='lat' dir='ltr'><strong>videretur.</strong></span> 
     </span>
    </p>
   </div>
   <div class='ocr_carea' id='block_1_38' title="bbox 494 2325 2005 2398">
    <p class='ocr_par' dir='ltr' id='par_1_38' title="bbox 494 2325 2005 2398">
     <span class='ocr_line' id='line_1_38' title="bbox 494 2325 2005 2398; baseline -0.001 -16"><span class='ocrx_word' id='word_1_242' title='bbox 494 2328 782 2382; x_wconf 88' lang='lat' dir='ltr'><strong>Postremo</strong></span> <span class='ocrx_word' id='word_1_243' title='bbox 813 2330 863 2382; x_wconf 91' lang='lat' dir='ltr'><strong>id</strong></span> <span class='ocrx_word' id='word_1_244' title='bbox 896 2328 1152 2394; x_wconf 91' lang='lat' dir='ltr'><strong>accessit,</strong></span> <span class='ocrx_word' id='word_1_245' title='bbox 1183 2329 1234 2380; x_wconf 91' lang='lat' dir='ltr'><strong>in</strong></span> <span class='ocrx_word' id='word_1_246' title='bbox 1265 2343 1394 2398; x_wconf 93' lang='lat' dir='ltr'><strong>quo,</strong></span> <span class='ocrx_word' id='word_1_247' title='bbox 1441 2325 1659 2382; x_wconf 89' lang='lat' dir='ltr'><strong>tametsi</strong></span> <span class='ocrx_word' id='word_1_248' title='bbox 1687 2325 1843 2380; x_wconf 90' lang='lat' dir='ltr'><strong>multi</strong></span> <span class='ocrx_word' id='word_1_249' title='bbox 1874 2341 2005 2397; x_wconf 90' lang='lat' dir='ltr'><strong>pue-</strong></span> 
     </span>
    </p>
   </div>
   <div class='ocr_carea' id='block_1_39' title="bbox 423 2418 2002 2488">
    <p class='ocr_par' dir='ltr' id='par_1_39' title="bbox 423 2418 2002 2488">
     <span class='ocr_line' id='line_1_39' title="bbox 423 2418 2002 2488; baseline 0.001 -17"><span class='ocrx_word' id='word_1_250' title='bbox 423 2419 580 2472; x_wconf 91' lang='lat' dir='ltr'><strong>rilem</strong></span> <span class='ocrx_word' id='word_1_251' title='bbox 621 2421 914 2488; x_wconf 84' lang='lat' dir='ltr'><strong>quamdam</strong></span> <span class='ocrx_word' id='word_1_252' title='bbox 943 2422 1180 2474; x_wconf 89' lang='lat' dir='ltr'><strong>sentient</strong></span> <span class='ocrx_word' id='word_1_253' title='bbox 1209 2420 1513 2485; x_wconf 85' lang='lat' dir='ltr'><strong>levitatem;</strong></span> <span class='ocrx_word' id='word_1_254' title='bbox 1567 2429 1623 2472; x_wconf 91' lang='lat' dir='ltr'><strong>tu</strong></span> <span class='ocrx_word' id='word_1_255' title='bbox 1665 2429 1868 2484; x_wconf 86' lang='lat' dir='ltr'><strong>tamen,</strong></span> <span class='ocrx_word' id='word_1_256' title='bbox 1925 2418 2002 2472; x_wconf 89' lang='lat' dir='ltr'><strong>le-</strong></span> 
     </span>
    </p>
   </div>
   <div class='ocr_carea' id='block_1_40' title="bbox 420 2511 2006 2581">
    <p class='ocr_par' dir='ltr' id='par_1_40' title="bbox 420 2511 2006 2581">
     <span class='ocr_line' id='line_1_40' title="bbox 420 2511 2006 2581; baseline -0.001 -14"><span class='ocrx_word' id='word_1_257' title='bbox 420 2521 542 2567; x_wconf 88' lang='lat' dir='ltr'><strong>ctor</strong></span> <span class='ocrx_word' id='word_1_258' title='bbox 571 2513 988 2574; x_wconf 82' lang='lat' dir='ltr'><strong>humanissime,</strong></span> <span class='ocrx_word' id='word_1_259' title='bbox 1024 2513 1116 2581; x_wconf 89' lang='lat' dir='ltr'><strong>qui</strong></span> <span class='ocrx_word' id='word_1_260' title='bbox 1150 2513 1429 2566; x_wconf 89' lang='lat' dir='ltr'><strong>hominum</strong></span> <span class='ocrx_word' id='word_1_261' title='bbox 1454 2520 1686 2565; x_wconf 83' lang='lat' dir='ltr'><strong>utentem</strong></span> <span class='ocrx_word' id='word_1_262' title='bbox 1717 2511 2006 2566; x_wconf 88' lang='lat' dir='ltr'><strong>levissimis</strong></span> 
     </span>
    </p>
   </div>
   <div class='ocr_carea' id='block_1_41' title="bbox 420 2604 2005 2663">
    <p class='ocr_par' dir='ltr' id='par_1_41' title="bbox 420 2604 2005 2663">
     <span class='ocr_line' id='line_1_41' title="bbox 420 2604 2005 2663; baseline -0.001 -5"><span class='ocrx_word' id='word_1_263' title='bbox 420 2604 694 2659; x_wconf 90' lang='lat' dir='ltr'><strong>interdum</strong></span> <span class='ocrx_word' id='word_1_264' title='bbox 741 2607 1045 2660; x_wconf 89' lang='lat' dir='ltr'><strong>rationibus</strong></span> <span class='ocrx_word' id='word_1_265' title='bbox 1089 2606 1318 2663; x_wconf 87' lang='lat' dir='ltr'><strong>moveri.</strong></span> <span class='ocrx_word' id='word_1_266' title='bbox 1365 2620 1429 2659; x_wconf 88' lang='lat' dir='ltr'><strong>ac</strong></span> <span class='ocrx_word' id='word_1_267' title='bbox 1455 2605 1663 2658; x_wconf 89' lang='lat' dir='ltr'><strong>versari</strong></span> <span class='ocrx_word' id='word_1_268' title='bbox 1704 2618 1811 2657; x_wconf 89' lang='lat' dir='ltr'><strong>non</strong></span> <span class='ocrx_word' id='word_1_269' title='bbox 1843 2604 2005 2658; x_wconf 87' lang='lat' dir='ltr'><strong>dubi-</strong></span> 
     </span>
    </p>
   </div>
   <div class='ocr_carea' id='block_1_42' title="bbox 424 2691 2006 2764">
    <p class='ocr_par' dir='ltr' id='par_1_42' title="bbox 424 2691 2006 2764">
     <span class='ocr_line' id='line_1_42' title="bbox 424 2691 2006 2764; baseline -0.002 -17"><span class='ocrx_word' id='word_1_270' title='bbox 424 2703 529 2756; x_wconf 85' lang='lat' dir='ltr'><strong>tas,</strong></span> <span class='ocrx_word' id='word_1_271' title='bbox 547 2705 756 2749; x_wconf 88' lang='lat' dir='ltr'><strong>tantum</strong></span> <span class='ocrx_word' id='word_1_272' title='bbox 782 2696 970 2764; x_wconf 89' lang='lat' dir='ltr'><strong>utique</strong></span> <span class='ocrx_word' id='word_1_273' title='bbox 995 2695 1250 2763; x_wconf 86' lang='lat' dir='ltr'><strong>ponderis</strong></span> <span class='ocrx_word' id='word_1_274' title='bbox 1276 2707 1566 2762; x_wconf 84' lang='lat' dir='ltr'><strong>agnosces,</strong></span> <span class='ocrx_word' id='word_1_275' title='bbox 1597 2702 1860 2761; x_wconf 81' lang='lat' dir='ltr'><strong>quantum</strong></span> <span class='ocrx_word' id='word_1_276' title='bbox 1882 2691 2006 2744; x_wconf 85' lang='lat' dir='ltr'><strong>ani-</strong></span> 
     </span>
    </p>
   </div>
   <div class='ocr_carea' id='block_1_43' title="bbox 419 2787 2006 2854">
    <p class='ocr_par' dir='ltr' id='par_1_43' title="bbox 419 2787 2006 2854">
     <span class='ocr_line' id='line_1_43' title="bbox 419 2787 2006 2854; baseline -0.003 -14"><span class='ocrx_word' id='word_1_277' title='bbox 419 2804 512 2840; x_wconf 88' lang='lat' dir='ltr'><strong>mo</strong></span> <span class='ocrx_word' id='word_1_278' title='bbox 554 2789 806 2842; x_wconf 88' lang='lat' dir='ltr'><strong>titubanti</strong></span> <span class='ocrx_word' id='word_1_279' title='bbox 841 2790 908 2841; x_wconf 89' lang='lat' dir='ltr'><strong>ad</strong></span> <span class='ocrx_word' id='word_1_280' title='bbox 942 2787 1342 2842; x_wconf 90' lang='lat' dir='ltr'><strong>decernendum</strong></span> <span class='ocrx_word' id='word_1_281' title='bbox 1388 2789 1520 2840; x_wconf 84' lang='lat' dir='ltr'><strong>satis</strong></span> <span class='ocrx_word' id='word_1_282' title='bbox 1554 2800 1677 2840; x_wconf 85' lang='lat' dir='ltr'><strong>esse</strong></span> <span class='ocrx_word' id='word_1_283' title='bbox 1715 2799 2006 2854; x_wconf 80' lang='lat' dir='ltr'><strong>perspexe-</strong></span> 
     </span>
    </p>
   </div>
   <div class='ocr_carea' id='block_1_44' title="bbox 420 2876 2005 2948">
    <p class='ocr_par' dir='ltr' id='par_1_44' title="bbox 420 2876 2005 2948">
     <span class='ocr_line' id='line_1_44' title="bbox 420 2876 2005 2948; baseline -0.004 -14"><span class='ocrx_word' id='word_1_284' title='bbox 420 2882 518 2934; x_wconf 88' lang='lat' dir='ltr'><strong>ris.</strong></span> <span class='ocrx_word' id='word_1_285' title='bbox 547 2879 699 2934; x_wconf 86' lang='lat' dir='ltr'><strong>Nosti</strong></span> <span class='ocrx_word' id='word_1_286' title='bbox 735 2880 994 2934; x_wconf 89' lang='lat' dir='ltr'><strong>nimirum</strong></span> <span class='ocrx_word' id='word_1_287' title='bbox 1039 2879 1104 2933; x_wconf 87' lang='lat' dir='ltr'><strong>ad</strong></span> <span class='ocrx_word' id='word_1_288' title='bbox 1156 2880 1482 2948; x_wconf 67' lang='lat' dir='ltr'><strong>praeclarum</strong></span> <span class='ocrx_word' id='word_1_289' title='bbox 1530 2877 1659 2930; x_wconf 88' lang='lat' dir='ltr'><strong>illud</strong></span> <span class='ocrx_word' id='word_1_290' title='bbox 1696 2876 1878 2930; x_wconf 86' lang='lat' dir='ltr'><strong>Photii</strong></span> <span class='ocrx_word' id='word_1_291' title='bbox 1909 2877 2005 2927; x_wconf 78' lang='grc' dir='ltr'><strong>Φι-</strong></span> 
     </span>
    </p>
   </div>
   <div class='ocr_carea' id='block_1_45' title="bbox 419 2967 2007 3042">
    <p class='ocr_par' dir='ltr' id='par_1_45' title="bbox 419 2967 2007 3042">
     <span class='ocr_line' id='line_1_45' title="bbox 419 2967 2007 3042; baseline -0.003 -18"><span class='ocrx_word' id='word_1_292' title='bbox 419 2971 754 3042; x_wconf 79' lang='grc' dir='ltr'>λοτέχνημα,</span> <span class='ocrx_word' id='word_1_293' title='bbox 788 2973 933 3041; x_wconf 83' lang='grc' dir='ltr'>(ιιιοά</span> <span class='ocrx_word' id='word_1_294' title='bbox 972 2971 1362 3041; x_wconf 80' lang='grc' dir='ltr'>Μυριόὸιὸλον,</span> <span class='ocrx_word' id='word_1_295' title='bbox 1405 2985 1502 3025; x_wconf 87' lang='lat' dir='ltr'><strong>seu</strong></span> <span class='ocrx_word' id='word_1_296' title='bbox 1545 2967 1880 3022; x_wconf 79' lang='lat' dir='ltr'><strong>Bibliotheca</strong></span> <span class='ocrx_word' id='word_1_297' title='bbox 1921 2969 2007 3020; x_wconf 91' lang='lat' dir='ltr'><strong>in-</strong></span> 
     </span>
    </p>
   </div>
   <div class='ocr_carea' id='block_1_46' title="bbox 419 3057 2004 3133">
    <p class='ocr_par' dir='ltr' id='par_1_46' title="bbox 419 3057 2004 3133">
     <span class='ocr_line' id='line_1_46' title="bbox 419 3057 2004 3133; baseline -0.003 -15"><span class='ocrx_word' id='word_1_298' title='bbox 419 3065 700 3129; x_wconf 88' lang='lat' dir='ltr'><strong>scribitur,</strong></span> <span class='ocrx_word' id='word_1_299' title='bbox 747 3063 1242 3133; x_wconf 86' lang='lat' dir='ltr'><strong>interpretamlum,</strong></span> <span class='ocrx_word' id='word_1_300' title='bbox 1279 3071 1401 3131; x_wconf 89' lang='lat' dir='ltr'><strong>post</strong></span> <span class='ocrx_word' id='word_1_301' title='bbox 1428 3061 1675 3116; x_wconf 75' lang='lat' dir='ltr'><strong>Graecam</strong></span> <span class='ocrx_word' id='word_1_302' title='bbox 1701 3057 2004 3114; x_wconf 70' lang='lat' dir='ltr'><strong>Hmsdnelii</strong></span> 
     </span>
    </p>
   </div>
   <div class='ocr_carea' id='block_1_47' title="bbox 419 3153 2009 3223">
    <p class='ocr_par' dir='ltr' id='par_1_47' title="bbox 419 3153 2009 3223">
     <span class='ocr_line' id='line_1_47' title="bbox 419 3153 2009 3223; baseline -0.001 -15"><span class='ocrx_word' id='word_1_303' title='bbox 419 3155 714 3209; x_wconf 88' lang='lat' dir='ltr'><strong>editionem</strong></span> <span class='ocrx_word' id='word_1_304' title='bbox 775 3156 1008 3208; x_wconf 89' lang='lat' dir='ltr'><strong>alterum</strong></span> <span class='ocrx_word' id='word_1_305' title='bbox 1083 3155 1328 3208; x_wconf 81' lang='lat' dir='ltr'><strong>Scottum</strong></span> <span class='ocrx_word' id='word_1_306' title='bbox 1375 3153 1597 3223; x_wconf 86' lang='lat' dir='ltr'><strong>optimis</strong></span> <span class='ocrx_word' id='word_1_307' title='bbox 1630 3153 1893 3221; x_wconf 88' lang='lat' dir='ltr'><strong>auspiciis</strong></span> <span class='ocrx_word' id='word_1_308' title='bbox 1926 3153 2009 3206; x_wconf 83' lang='lat' dir='ltr'><strong>in-</strong></span> 
     </span>
    </p>
   </div>
   <div class='ocr_carea' id='block_1_48' title="bbox 420 3245 2008 3316">
    <p class='ocr_par' dir='ltr' id='par_1_48' title="bbox 420 3245 2008 3316">
     <span class='ocr_line' id='line_1_48' title="bbox 420 3245 2008 3316; baseline -0.004 -14"><span class='ocrx_word' id='word_1_309' title='bbox 420 3249 678 3302; x_wconf 84' lang='lat' dir='ltr'><strong>cubuisse</strong></span> <span class='ocrx_word' id='word_1_310' title='bbox 712 3245 824 3316; x_wconf 90' lang='grc'>(10)</span> <span class='ocrx_word' id='word_1_311' title='bbox 861 3261 873 3298; x_wconf 92' lang='lat'>:</span> <span class='ocrx_word' id='word_1_312' title='bbox 909 3255 1082 3299; x_wconf 89' lang='lat' dir='ltr'><strong>necte</strong></span> <span class='ocrx_word' id='word_1_313' title='bbox 1110 3246 1266 3306; x_wconf 80' lang='lat' dir='ltr'><strong>fallit,</strong></span> <span class='ocrx_word' id='word_1_314' title='bbox 1300 3261 1463 3313; x_wconf 90' lang='lat' dir='ltr'><strong>quam</strong></span> <span class='ocrx_word' id='word_1_315' title='bbox 1516 3245 1651 3298; x_wconf 89' lang='lat' dir='ltr'><strong>bene</strong></span> <span class='ocrx_word' id='word_1_316' title='bbox 1691 3258 1753 3296; x_wconf 89' lang='lat' dir='ltr'><strong>ea</strong></span> <span class='ocrx_word' id='word_1_317' title='bbox 1798 3254 2008 3312; x_wconf 84' lang='lat' dir='ltr'><strong>tempe-</strong></span> 
     </span>
    </p>
   </div>
   <div class='ocr_carea' id='block_1_49' title="bbox 423 3335 2013 3394">
    <p class='ocr_par' dir='ltr' id='par_1_49' title="bbox 423 3335 2013 3394">
     <span class='ocr_line' id='line_1_49' title="bbox 423 3335 2013 3394; baseline -0.003 0"><span class='ocrx_word' id='word_1_318' title='bbox 423 3349 568 3394; x_wconf 88' lang='lat' dir='ltr'><strong>state</strong></span> <span class='ocrx_word' id='word_1_319' title='bbox 594 3340 646 3392; x_wconf 91' lang='lat' dir='ltr'><strong>in</strong></span> <span class='ocrx_word' id='word_1_320' title='bbox 695 3338 946 3392; x_wconf 87' lang='grc' dir='ltr'><strong>ΦΩΤΙΟΥ</strong></span> <span class='ocrx_word' id='word_1_321' title='bbox 995 3353 1060 3392; x_wconf 89' lang='lat' dir='ltr'><strong>ac</strong></span> <span class='ocrx_word' id='word_1_322' title='bbox 1088 3337 1410 3390; x_wconf 81' lang='grc' dir='ltr'><strong>ΣΚΟΤΤΟΥ</strong></span> <span class='ocrx_word' id='word_1_323' title='bbox 1440 3335 1755 3390; x_wconf 88' lang='lat' dir='ltr'><strong>nominibus</strong></span> <span class='ocrx_word' id='word_1_324' title='bbox 1782 3335 2013 3390; x_wconf 86' lang='lat' dir='ltr'><strong>luseriut</strong></span> 
     </span>
    </p>
   </div>
   <div class='ocr_carea' id='block_1_50' title="bbox 426 3429 2010 3501">
    <p class='ocr_par' dir='ltr' id='par_1_50' title="bbox 426 3429 2010 3501">
     <span class='ocr_line' id='line_1_50' title="bbox 426 3429 2010 3501; baseline -0.004 -15"><span class='ocrx_word' id='word_1_325' title='bbox 426 3433 626 3486; x_wconf 88' lang='lat' dir='ltr'><strong>eruditi</strong></span> <span class='ocrx_word' id='word_1_326' title='bbox 665 3432 802 3501; x_wconf 89' lang='grc'><strong>(11).</strong></span> <span class='ocrx_word' id='word_1_327' title='bbox 834 3429 968 3484; x_wconf 86' lang='lat' dir='ltr'><strong>Cum</strong></span> <span class='ocrx_word' id='word_1_328' title='bbox 999 3432 1179 3498; x_wconf 88' lang='lat' dir='ltr'><strong>itaque</strong></span> <span class='ocrx_word' id='word_1_329' title='bbox 1213 3433 1325 3482; x_wconf 70' lang='lat' dir='ltr'><strong>haec</strong></span> <span class='ocrx_word' id='word_1_330' title='bbox 1355 3445 1456 3499; x_wconf 89' lang='lat' dir='ltr'><strong>ego</strong></span> <span class='ocrx_word' id='word_1_331' title='bbox 1479 3445 1700 3499; x_wconf 90' lang='lat' dir='ltr'><strong>quoque</strong></span> <span class='ocrx_word' id='word_1_332' title='bbox 1727 3439 2010 3498; x_wconf 87' lang='lat' dir='ltr'><strong>perspecta</strong></span> 
     </span>
    </p>
   </div>
   <div class='ocr_carea' id='block_1_51' title="bbox 436 3522 2009 3589">
    <p class='ocr_par' dir='ltr' id='par_1_51' title="bbox 436 3522 2009 3589">
     <span class='ocr_line' id='line_1_51' title="bbox 436 3522 2009 3589; baseline -0.001 -12"><span class='ocrx_word' id='word_1_333' title='bbox 436 3526 720 3589; x_wconf 86' lang='lat' dir='ltr'><strong>haberem,</strong></span> <span class='ocrx_word' id='word_1_334' title='bbox 769 3525 822 3578; x_wconf 91' lang='lat' dir='ltr'><strong>iu</strong></span> <span class='ocrx_word' id='word_1_335' title='bbox 860 3524 1108 3578; x_wconf 81' lang='lat' dir='ltr'><strong>eamdem</strong></span> <span class='ocrx_word' id='word_1_336' title='bbox 1145 3538 1368 3576; x_wconf 88' lang='lat' dir='ltr'><strong>arenam</strong></span> <span class='ocrx_word' id='word_1_337' title='bbox 1406 3522 1540 3575; x_wconf 93' lang='lat' dir='ltr'><strong>mihi</strong></span> <span class='ocrx_word' id='word_1_338' title='bbox 1571 3522 2009 3575; x_wconf 89' lang='lat' dir='ltr'><strong>descendendum</strong></span> 
     </span>
    </p>
   </div>
   <div class='ocr_carea' id='block_1_52' title="bbox 425 3611 2011 3686">
    <p class='ocr_par' dir='ltr' id='par_1_52' title="bbox 425 3611 2011 3686">
     <span class='ocr_line' id='line_1_52' title="bbox 425 3611 2011 3686; baseline -0.002 -18"><span class='ocrx_word' id='word_1_339' title='bbox 425 3618 652 3686; x_wconf 89' lang='lat' dir='ltr'><strong>putavi;</strong></span> <span class='ocrx_word' id='word_1_340' title='bbox 693 3624 747 3668; x_wconf 89' lang='lat' dir='ltr'><strong>et</strong></span> <span class='ocrx_word' id='word_1_341' title='bbox 784 3625 932 3669; x_wconf 88' lang='lat' dir='ltr'><strong>certe</strong></span> <span class='ocrx_word' id='word_1_342' title='bbox 987 3615 1272 3668; x_wconf 90' lang='lat' dir='ltr'><strong>universas</strong></span> <span class='ocrx_word' id='word_1_343' title='bbox 1321 3612 1634 3682; x_wconf 87' lang='lat' dir='ltr'><strong>hujusmodi</strong></span> <span class='ocrx_word' id='word_1_344' title='bbox 1675 3611 1948 3666; x_wconf 88' lang='lat' dir='ltr'><strong>Diatribas</strong></span> <span class='ocrx_word' id='word_1_345' title='bbox 1980 3627 2011 3665; x_wconf 92' lang='lat' dir='ltr'><strong>e</strong></span> 
     </span>
    </p>
   </div>
   <div class='ocr_carea' id='block_1_53' title="bbox 424 3703 2011 3774">
    <p class='ocr_par' dir='ltr' id='par_1_53' title="bbox 424 3703 2011 3774">
     <span class='ocr_line' id='line_1_53' title="bbox 424 3703 2011 3774; baseline -0.001 -14"><span class='ocrx_word' id='word_1_346' title='bbox 424 3707 692 3762; x_wconf 82' lang='lat' dir='ltr'><strong>Vaticano</strong></span> <span class='ocrx_word' id='word_1_347' title='bbox 724 3707 913 3760; x_wconf 91' lang='lat' dir='ltr'><strong>codice</strong></span> <span class='ocrx_word' id='word_1_348' title='bbox 954 3706 1262 3774; x_wconf 79' lang='lat' dir='ltr'><strong>exscriptus</strong></span> <span class='ocrx_word' id='word_1_349' title='bbox 1295 3703 1442 3758; x_wconf 81' lang='lat' dir='ltr'><strong>facili</strong></span> <span class='ocrx_word' id='word_1_350' title='bbox 1479 3705 1696 3774; x_wconf 88' lang='lat' dir='ltr'><strong>negotio</strong></span> <span class='ocrx_word' id='word_1_351' title='bbox 1740 3704 2011 3758; x_wconf 90' lang='lat' dir='ltr'><strong>obtinuis-</strong></span> 
     </span>
    </p>
   </div>
   <div class='ocr_carea' id='block_1_54' title="bbox 421 3795 2010 3867">
    <p class='ocr_par' dir='ltr' id='par_1_54' title="bbox 421 3795 2010 3867">
     <span class='ocr_line' id='line_1_54' title="bbox 421 3795 2010 3867; baseline -0.002 -14"><span class='ocrx_word' id='word_1_352' title='bbox 421 3815 562 3864; x_wconf 87' lang='lat' dir='ltr'><strong>scm,</strong></span> <span class='ocrx_word' id='word_1_353' title='bbox 617 3798 1091 3867; x_wconf 86' lang='lat' dir='ltr'><strong>prodidissemque</strong></span> <span class='ocrx_word' id='word_1_354' title='bbox 1149 3797 1204 3848; x_wconf 91' lang='lat' dir='ltr'><strong>in</strong></span> <span class='ocrx_word' id='word_1_355' title='bbox 1263 3796 1464 3857; x_wconf 90' lang='lat' dir='ltr'><strong>lucem,</strong></span> <span class='ocrx_word' id='word_1_356' title='bbox 1519 3796 1624 3848; x_wconf 89' lang='lat' dir='ltr'><strong>nisi</strong></span> <span class='ocrx_word' id='word_1_357' title='bbox 1687 3795 1830 3850; x_wconf 85' lang='lat' dir='ltr'><strong>votis</strong></span> <span class='ocrx_word' id='word_1_358' title='bbox 1871 3795 2010 3850; x_wconf 88' lang='lat' dir='ltr'><strong>meis</strong></span> 
     </span>
    </p>
   </div>
   <div class='ocr_carea' id='block_1_55' title="bbox 423 3888 1693 3958">
    <p class='ocr_par' dir='ltr' id='par_1_55' title="bbox 423 3888 1693 3958">
     <span class='ocr_line' id='line_1_55' title="bbox 423 3888 1693 3958; baseline -0.001 -14"><span class='ocrx_word' id='word_1_359' title='bbox 423 3891 592 3944; x_wconf 89' lang='lat' dir='ltr'><strong>multa</strong></span> <span class='ocrx_word' id='word_1_360' title='bbox 622 3901 675 3944; x_wconf 89' lang='lat' dir='ltr'><strong>et</strong></span> <span class='ocrx_word' id='word_1_361' title='bbox 693 3891 877 3958; x_wconf 83' lang='lat' dir='ltr'><strong>gravia</strong></span> <span class='ocrx_word' id='word_1_362' title='bbox 907 3888 1253 3942; x_wconf 90' lang='lat' dir='ltr'><strong>obstitissent</strong></span> <span class='ocrx_word' id='word_1_363' title='bbox 1284 3888 1693 3956; x_wconf 84' lang='lat' dir='ltr'><strong>impedimenta.</strong></span> 
     </span>
    </p>
   </div>
   <div class='ocr_carea' id='block_1_56' title="bbox 495 3977 2009 4050">
    <p class='ocr_par' dir='ltr' id='par_1_56' title="bbox 495 3977 2009 4050">
     <span class='ocr_line' id='line_1_56' title="bbox 495 3977 2009 4050; baseline 0 -17"><span class='ocrx_word' id='word_1_364' title='bbox 495 3979 589 4033; x_wconf 77' lang='lat' dir='ltr'><strong>lla:</strong></span> <span class='ocrx_word' id='word_1_365' title='bbox 624 3991 806 4033; x_wconf 89' lang='lat' dir='ltr'><strong>autem</strong></span> <span class='ocrx_word' id='word_1_366' title='bbox 851 3980 1207 4050; x_wconf 68' lang='lat' dir='ltr'><strong>quaestiones,</strong></span> <span class='ocrx_word' id='word_1_367' title='bbox 1244 3989 1302 4032; x_wconf 90' lang='lat' dir='ltr'><strong>ut</strong></span> <span class='ocrx_word' id='word_1_368' title='bbox 1328 3979 1382 4031; x_wconf 91' lang='lat' dir='ltr'><strong>in</strong></span> <span class='ocrx_word' id='word_1_369' title='bbox 1411 3977 1664 4032; x_wconf 89' lang='lat' dir='ltr'><strong>Latinum</strong></span> <span class='ocrx_word' id='word_1_370' title='bbox 1702 3994 2009 4033; x_wconf 89' lang='lat' dir='ltr'><strong>sermonem</strong></span> 
     </span>
    </p>
   </div>
   <div class='ocr_carea' id='block_1_57' title="bbox 424 4067 2010 4140">
    <p class='ocr_par' dir='ltr' id='par_1_57' title="bbox 424 4067 2010 4140">
     <span class='ocr_line' id='line_1_57' title="bbox 424 4067 2010 4140; baseline -0.001 -13"><span class='ocrx_word' id='word_1_371' title='bbox 424 4071 876 4134; x_wconf 87' lang='lat' dir='ltr'><strong>transferrentur,</strong></span> <span class='ocrx_word' id='word_1_372' title='bbox 907 4081 1174 4140; x_wconf 90' lang='lat' dir='ltr'><strong>quantum</strong></span> <span class='ocrx_word' id='word_1_373' title='bbox 1233 4071 1524 4124; x_wconf 88' lang='lat' dir='ltr'><strong>habuerint</strong></span> <span class='ocrx_word' id='word_1_374' title='bbox 1565 4067 1904 4125; x_wconf 81' lang='lat' dir='ltr'><strong>dilllcultatis</strong></span> <span class='ocrx_word' id='word_1_375' title='bbox 1945 4087 2010 4125; x_wconf 88' lang='lat' dir='ltr'><strong>ac</strong></span> 
     </span>
    </p>
   </div>
   <div class='ocr_carea' id='block_1_58' title="bbox 421 4159 2009 4231">
    <p class='ocr_par' dir='ltr' id='par_1_58' title="bbox 421 4159 2009 4231">
     <span class='ocr_line' id='line_1_58' title="bbox 421 4159 2009 4231; baseline -0.004 -13"><span class='ocrx_word' id='word_1_376' title='bbox 421 4163 647 4226; x_wconf 80' lang='lat' dir='ltr'><strong>laboris,</strong></span> <span class='ocrx_word' id='word_1_377' title='bbox 683 4162 760 4214; x_wconf 89' lang='lat' dir='ltr'><strong>illi</strong></span> <span class='ocrx_word' id='word_1_378' title='bbox 790 4162 977 4231; x_wconf 85' lang='lat' dir='ltr'><strong>utique</strong></span> <span class='ocrx_word' id='word_1_379' title='bbox 1009 4161 1362 4230; x_wconf 90' lang='lat' dir='ltr'><strong>perspicient,</strong></span> <span class='ocrx_word' id='word_1_380' title='bbox 1396 4159 1490 4228; x_wconf 90' lang='lat' dir='ltr'><strong>qui</strong></span> <span class='ocrx_word' id='word_1_381' title='bbox 1542 4160 1690 4229; x_wconf 87' lang='lat' dir='ltr'><strong>ipsas</strong></span> <span class='ocrx_word' id='word_1_382' title='bbox 1737 4175 1843 4212; x_wconf 90' lang='lat' dir='ltr'><strong>non</strong></span> <span class='ocrx_word' id='word_1_383' title='bbox 1883 4175 2009 4228; x_wconf 82' lang='lat' dir='ltr'><strong>rap-</strong></span> 
     </span>
    </p>
   </div>
   <div class='ocr_carea' id='block_1_59' title="bbox 422 4253 2012 4325">
    <p class='ocr_par' dir='ltr' id='par_1_59' title="bbox 422 4253 2012 4325">
     <span class='ocr_line' id='line_1_59' title="bbox 422 4253 2012 4325; baseline -0.004 -13"><span class='ocrx_word' id='word_1_384' title='bbox 422 4269 540 4324; x_wconf 88' lang='lat' dir='ltr'><strong>t.m,</strong></span> <span class='ocrx_word' id='word_1_385' title='bbox 571 4257 665 4312; x_wconf 88' lang='lat' dir='ltr'><strong>sed</strong></span> <span class='ocrx_word' id='word_1_386' title='bbox 689 4266 892 4310; x_wconf 88' lang='lat' dir='ltr'><strong>attente</strong></span> <span class='ocrx_word' id='word_1_387' title='bbox 918 4256 1097 4325; x_wconf 86' lang='lat' dir='ltr'><strong>legent</strong></span> <span class='ocrx_word' id='word_1_388' title='bbox 1123 4273 1138 4322; x_wconf 86' lang='lat'><strong>;</strong></span> <span class='ocrx_word' id='word_1_389' title='bbox 1173 4270 1274 4309; x_wconf 88' lang='lat' dir='ltr'><strong>nec</strong></span> <span class='ocrx_word' id='word_1_390' title='bbox 1305 4257 1496 4323; x_wconf 88' lang='lat' dir='ltr'><strong>quales</strong></span> <span class='ocrx_word' id='word_1_391' title='bbox 1515 4265 1638 4323; x_wconf 88' lang='lat' dir='ltr'><strong>post</strong></span> <span class='ocrx_word' id='word_1_392' title='bbox 1669 4265 1909 4322; x_wconf 89' lang='lat' dir='ltr'><strong>apertam</strong></span> <span class='ocrx_word' id='word_1_393' title='bbox 1939 4253 2012 4306; x_wconf 88' lang='lat' dir='ltr'><strong>ad</strong></span> 
     </span>
    </p>
   </div>
   <div class='ocr_carea' id='block_1_60' title="bbox 423 4346 2008 4416">
    <p class='ocr_par' dir='ltr' id='par_1_60' title="bbox 423 4346 2008 4416">
     <span class='ocr_line' id='line_1_60' title="bbox 423 4346 2008 4416; baseline -0.001 -15"><span class='ocrx_word' id='word_1_394' title='bbox 423 4365 646 4402; x_wconf 83' lang='lat' dir='ltr'><strong>sensum</strong></span> <span class='ocrx_word' id='word_1_395' title='bbox 676 4352 817 4400; x_wconf 88' lang='lat' dir='ltr'><strong>viam</strong></span> <span class='ocrx_word' id='word_1_396' title='bbox 845 4349 1155 4412; x_wconf 85' lang='lat' dir='ltr'><strong>videantur,</strong></span> <span class='ocrx_word' id='word_1_397' title='bbox 1187 4349 1281 4401; x_wconf 87' lang='lat' dir='ltr'><strong>sed</strong></span> <span class='ocrx_word' id='word_1_398' title='bbox 1316 4347 1506 4416; x_wconf 90' lang='lat' dir='ltr'><strong>quales</strong></span> <span class='ocrx_word' id='word_1_399' title='bbox 1535 4346 1757 4412; x_wconf 83' lang='lat' dir='ltr'><strong>fuerint,</strong></span> <span class='ocrx_word' id='word_1_400' title='bbox 1785 4348 1913 4400; x_wconf 89' lang='lat' dir='ltr'><strong>dum</strong></span> <span class='ocrx_word' id='word_1_401' title='bbox 1946 4361 2008 4400; x_wconf 88' lang='lat' dir='ltr'><strong>ea</strong></span> 
     </span>
    </p>
   </div>
   <div class='ocr_carea' id='block_1_61' title="bbox 2108 1865 3693 1936">
    <p class='ocr_par' dir='ltr' id='par_1_61' title="bbox 2108 1865 3693 1936">
     <span class='ocr_line' id='line_1_61' title="bbox 2108 1865 3693 1936; baseline -0.001 -16"><span class='ocrx_word' id='word_1_402' title='bbox 2108 1867 2255 1936; x_wconf 91' lang='lat' dir='ltr'><strong>quod</strong></span> <span class='ocrx_word' id='word_1_403' title='bbox 2302 1865 2532 1920; x_wconf 85' lang='lat' dir='ltr'><strong>Photius</strong></span> <span class='ocrx_word' id='word_1_404' title='bbox 2567 1866 2618 1919; x_wconf 85' lang='lat' dir='ltr'><strong>in</strong></span> <span class='ocrx_word' id='word_1_405' title='bbox 2649 1865 2900 1934; x_wconf 83' lang='lat' dir='ltr'><strong>epistola,</strong></span> <span class='ocrx_word' id='word_1_406' title='bbox 2933 1880 3097 1934; x_wconf 91' lang='lat' dir='ltr'><strong>quam</strong></span> <span class='ocrx_word' id='word_1_407' title='bbox 3133 1880 3257 1918; x_wconf 90' lang='lat' dir='ltr'><strong>cum</strong></span> <span class='ocrx_word' id='word_1_408' title='bbox 3293 1865 3443 1918; x_wconf 88' lang='lat' dir='ltr'><strong>hisce</strong></span> <span class='ocrx_word' id='word_1_409' title='bbox 3477 1865 3693 1919; x_wconf 85' lang='lat' dir='ltr'><strong>Disser-</strong></span> 
     </span>
    </p>
   </div>
   <div class='ocr_carea' id='block_1_62' title="bbox 2108 1958 3690 2029">
    <p class='ocr_par' dir='ltr' id='par_1_62' title="bbox 2108 1958 3690 2029">
     <span class='ocr_line' id='line_1_62' title="bbox 2108 1958 3690 2029; baseline 0.001 -17"><span class='ocrx_word' id='word_1_410' title='bbox 2108 1959 2406 2013; x_wconf 90' lang='lat' dir='ltr'><strong>tationibus</strong></span> <span class='ocrx_word' id='word_1_411' title='bbox 2443 1958 2512 2012; x_wconf 86' lang='lat' dir='ltr'><strong>ad</strong></span> <span class='ocrx_word' id='word_1_412' title='bbox 2557 1959 3002 2028; x_wconf 81' lang='lat' dir='ltr'><strong>Amphilochium</strong></span> <span class='ocrx_word' id='word_1_413' title='bbox 3046 1959 3229 2022; x_wconf 83' lang='lat' dir='ltr'><strong>mittit,</strong></span> <span class='ocrx_word' id='word_1_414' title='bbox 3278 1960 3392 2027; x_wconf 92' lang='lat' dir='ltr'><strong>ipsc</strong></span> <span class='ocrx_word' id='word_1_415' title='bbox 3455 1959 3690 2029; x_wconf 86' lang='lat' dir='ltr'><strong>ingenue</strong></span> 
     </span>
    </p>
   </div>
   <div class='ocr_carea' id='block_1_63' title="bbox 2109 2048 3691 2116">
    <p class='ocr_par' dir='ltr' id='par_1_63' title="bbox 2109 2048 3691 2116">
     <span class='ocr_line' id='line_1_63' title="bbox 2109 2048 3691 2116; baseline 0.001 -13"><span class='ocrx_word' id='word_1_416' title='bbox 2109 2049 2310 2104; x_wconf 89' lang='lat' dir='ltr'><strong>fatetur</strong></span> <span class='ocrx_word' id='word_1_417' title='bbox 2363 2065 2421 2104; x_wconf 87' lang='lat' dir='ltr'><strong>se</strong></span> <span class='ocrx_word' id='word_1_418' title='bbox 2469 2064 2571 2101; x_wconf 86' lang='lat' dir='ltr'><strong>non</strong></span> <span class='ocrx_word' id='word_1_419' title='bbox 2615 2048 2944 2102; x_wconf 85' lang='lat' dir='ltr'><strong>elaboratam</strong></span> <span class='ocrx_word' id='word_1_420' title='bbox 2993 2048 3331 2116; x_wconf 82' lang='lat' dir='ltr'><strong>locutionem,</strong></span> <span class='ocrx_word' id='word_1_421' title='bbox 3391 2053 3480 2104; x_wconf 87' lang='lat' dir='ltr'><strong>sed</strong></span> <span class='ocrx_word' id='word_1_422' title='bbox 3539 2049 3691 2104; x_wconf 85' lang='lat' dir='ltr'><strong>obvia</strong></span> 
     </span>
    </p>
   </div>
   <div class='ocr_carea' id='block_1_64' title="bbox 2103 2142 3692 2214">
    <p class='ocr_par' dir='ltr' id='par_1_64' title="bbox 2103 2142 3692 2214">
     <span class='ocr_line' id='line_1_64' title="bbox 2103 2142 3692 2214; baseline 0.002 -18"><span class='ocrx_word' id='word_1_423' title='bbox 2103 2157 2323 2214; x_wconf 69' lang='lat' dir='ltr'><strong>quisque</strong></span> <span class='ocrx_word' id='word_1_424' title='bbox 2375 2142 2628 2195; x_wconf 81' lang='lat' dir='ltr'><strong>uocabula</strong></span> <span class='ocrx_word' id='word_1_425' title='bbox 2683 2143 2998 2196; x_wconf 80' lang='lat' dir='ltr'><strong>adhibuisse</strong></span> <span class='ocrx_word' id='word_1_426' title='bbox 3046 2142 3157 2213; x_wconf 75' lang='grc'>(12)</span> <span class='ocrx_word' id='word_1_427' title='bbox 3229 2161 3244 2197; x_wconf 89' lang='lat'><strong>:</strong></span> <span class='ocrx_word' id='word_1_428' title='bbox 3315 2156 3374 2198; x_wconf 94' lang='lat' dir='ltr'><strong>ut</strong></span> <span class='ocrx_word' id='word_1_429' title='bbox 3441 2143 3692 2200; x_wconf 84' lang='lat' dir='ltr'><strong>fortassis</strong></span> 
     </span>
    </p>
   </div>
   <div class='ocr_carea' id='block_1_65' title="bbox 2106 2235 3692 2307">
    <p class='ocr_par' dir='ltr' id='par_1_65' title="bbox 2106 2235 3692 2307">
     <span class='ocr_line' id='line_1_65' title="bbox 2106 2235 3692 2307; baseline 0.001 -16"><span class='ocrx_word' id='word_1_430' title='bbox 2106 2237 2300 2290; x_wconf 89' lang='lat' dir='ltr'><strong>innuat</strong></span> <span class='ocrx_word' id='word_1_431' title='bbox 2342 2245 2661 2289; x_wconf 83' lang='lat' dir='ltr'><strong>accuratam</strong></span> <span class='ocrx_word' id='word_1_432' title='bbox 2707 2252 2766 2291; x_wconf 90' lang='lat' dir='ltr'><strong>se</strong></span> <span class='ocrx_word' id='word_1_433' title='bbox 2826 2236 3128 2303; x_wconf 73' lang='lat' dir='ltr'><strong>neglexisse</strong></span> <span class='ocrx_word' id='word_1_434' title='bbox 3173 2235 3490 2299; x_wconf 90' lang='lat' dir='ltr'><strong>dictionem,</strong></span> <span class='ocrx_word' id='word_1_435' title='bbox 3527 2248 3692 2307; x_wconf 89' lang='lat' dir='ltr'><strong>atque</strong></span> 
     </span>
    </p>
   </div>
   <div class='ocr_carea' id='block_1_66' title="bbox 2106 2325 3690 2400">
    <p class='ocr_par' dir='ltr' id='par_1_66' title="bbox 2106 2325 3690 2400">
     <span class='ocr_line' id='line_1_66' title="bbox 2106 2325 3690 2400; baseline -0.001 -18"><span class='ocrx_word' id='word_1_436' title='bbox 2106 2327 2242 2382; x_wconf 88' lang='lat' dir='ltr'><strong>adeo</strong></span> <span class='ocrx_word' id='word_1_437' title='bbox 2268 2328 2564 2380; x_wconf 89' lang='lat' dir='ltr'><strong>lectoribus</strong></span> <span class='ocrx_word' id='word_1_438' title='bbox 2590 2327 2715 2397; x_wconf 88' lang='lat' dir='ltr'><strong>plus</strong></span> <span class='ocrx_word' id='word_1_439' title='bbox 2765 2325 2971 2381; x_wconf 88' lang='lat' dir='ltr'><strong>laboris</strong></span> <span class='ocrx_word' id='word_1_440' title='bbox 3026 2327 3313 2398; x_wconf 67' lang='lat' dir='ltr'><strong>reliquisse</strong></span> <span class='ocrx_word' id='word_1_441' title='bbox 3369 2327 3690 2400; x_wconf 84' lang='lat' dir='ltr'><strong>impenden-</strong></span> 
     </span>
    </p>
   </div>
   <div class='ocr_carea' id='block_1_67' title="bbox 2108 2419 3448 2474">
    <p class='ocr_par' dir='ltr' id='par_1_67' title="bbox 2108 2419 3448 2474">
     <span class='ocr_line' id='line_1_67' title="bbox 2108 2419 3448 2474; baseline -0.005 -2"><span class='ocrx_word' id='word_1_442' title='bbox 2108 2419 2264 2473; x_wconf 92' lang='lat' dir='ltr'><strong>dum.</strong></span> <span class='ocrx_word' id='word_1_443' title='bbox 3315 2464 3317 2466; x_wconf 80' lang='lat'><strong>.</strong></span> <span class='ocrx_word' id='word_1_444' title='bbox 3445 2471 3448 2474; x_wconf 56' lang='grc'>,</span> 
     </span>
    </p>
   </div>
   <div class='ocr_carea' id='block_1_68' title="bbox 2178 2509 3693 2580">
    <p class='ocr_par' dir='ltr' id='par_1_68' title="bbox 2178 2509 3693 2580">
     <span class='ocr_line' id='line_1_68' title="bbox 2178 2509 3693 2580; baseline 0.005 -18"><span class='ocrx_word' id='word_1_445' title='bbox 2178 2512 2312 2576; x_wconf 54' lang='lat' dir='ltr'><strong>Quia;</strong></span> <span class='ocrx_word' id='word_1_446' title='bbox 2359 2527 2485 2566; x_wconf 85' lang='lat' dir='ltr'><strong>cum</strong></span> <span class='ocrx_word' id='word_1_447' title='bbox 2534 2511 2606 2564; x_wconf 86' lang='lat' dir='ltr'><strong>ita</strong></span> <span class='ocrx_word' id='word_1_448' title='bbox 2644 2525 2704 2565; x_wconf 91' lang='lat' dir='ltr'><strong>se</strong></span> <span class='ocrx_word' id='word_1_449' title='bbox 2746 2509 2999 2576; x_wconf 89' lang='lat' dir='ltr'><strong>habeant,</strong></span> <span class='ocrx_word' id='word_1_450' title='bbox 3053 2511 3330 2566; x_wconf 88' lang='lat' dir='ltr'><strong>nonnullis</strong></span> <span class='ocrx_word' id='word_1_451' title='bbox 3361 2513 3412 2566; x_wconf 93' lang='lat' dir='ltr'><strong>in</strong></span> <span class='ocrx_word' id='word_1_452' title='bbox 3445 2513 3602 2580; x_wconf 86' lang='lat' dir='ltr'><strong>locis,</strong></span> <span class='ocrx_word' id='word_1_453' title='bbox 3634 2521 3693 2569; x_wconf 80' lang='lat' dir='ltr'><strong>ut</strong></span> 
     </span>
    </p>
   </div>
   <div class='ocr_carea' id='block_1_69' title="bbox 2107 2601 3690 2674">
    <p class='ocr_par' dir='ltr' id='par_1_69' title="bbox 2107 2601 3690 2674">
     <span class='ocr_line' id='line_1_69' title="bbox 2107 2601 3690 2674; baseline 0.002 -17"><span class='ocrx_word' id='word_1_454' title='bbox 2107 2601 2264 2657; x_wconf 87' lang='lat' dir='ltr'><strong>Fabii</strong></span> <span class='ocrx_word' id='word_1_455' title='bbox 2301 2603 2482 2656; x_wconf 83' lang='lat' dir='ltr'><strong>verbis</strong></span> <span class='ocrx_word' id='word_1_456' title='bbox 2518 2613 2662 2666; x_wconf 88' lang='lat' dir='ltr'><strong>utar,</strong></span> <span class='ocrx_word' id='word_1_457' title='bbox 2708 2603 3176 2672; x_wconf 79' lang='grc' dir='ltr'>περιφραστικῶς,</span> <span class='ocrx_word' id='word_1_458' title='bbox 3231 2621 3321 2658; x_wconf 82' lang='lat' dir='ltr'><strong>seu</strong></span> <span class='ocrx_word' id='word_1_459' title='bbox 3362 2605 3601 2674; x_wconf 77' lang='lat' dir='ltr'><strong>pluribus</strong></span> <span class='ocrx_word' id='word_1_460' title='bbox 3635 2608 3690 2660; x_wconf 83' lang='lat' dir='ltr'><strong>id</strong></span> 
     </span>
    </p>
   </div>
   <div class='ocr_carea' id='block_1_70' title="bbox 2107 2695 3691 2767">
    <p class='ocr_par' dir='ltr' id='par_1_70' title="bbox 2107 2695 3691 2767">
     <span class='ocr_line' id='line_1_70' title="bbox 2107 2695 3691 2767; baseline 0.004 -19"><span class='ocrx_word' id='word_1_461' title='bbox 2107 2697 2297 2759; x_wconf 84' lang='lat' dir='ltr'><strong>verbis,</strong></span> <span class='ocrx_word' id='word_1_462' title='bbox 2338 2695 2477 2765; x_wconf 84' lang='lat' dir='ltr'><strong>quod</strong></span> <span class='ocrx_word' id='word_1_463' title='bbox 2501 2712 2604 2749; x_wconf 83' lang='lat' dir='ltr'><strong>uno</strong></span> <span class='ocrx_word' id='word_1_464' title='bbox 2644 2696 2726 2749; x_wconf 83' lang='lat' dir='ltr'><strong>vel</strong></span> <span class='ocrx_word' id='word_1_465' title='bbox 2789 2697 3127 2764; x_wconf 79' lang='lat' dir='ltr'><strong>paucioribus</strong></span> <span class='ocrx_word' id='word_1_466' title='bbox 3155 2697 3261 2750; x_wconf 87' lang='lat' dir='ltr'><strong>dici</strong></span> <span class='ocrx_word' id='word_1_467' title='bbox 3285 2700 3564 2767; x_wconf 81' lang='lat' dir='ltr'><strong>potuisset,</strong></span> <span class='ocrx_word' id='word_1_468' title='bbox 3599 2715 3691 2754; x_wconf 74' lang='lat' dir='ltr'><strong>ex-</strong></span> 
     </span>
    </p>
   </div>
   <div class='ocr_carea' id='block_1_71' title="bbox 2107 2789 3691 2859">
    <p class='ocr_par' dir='ltr' id='par_1_71' title="bbox 2107 2789 3691 2859">
     <span class='ocr_line' id='line_1_71' title="bbox 2107 2789 3691 2859; baseline 0.004 -19"><span class='ocrx_word' id='word_1_469' title='bbox 2107 2789 2415 2857; x_wconf 82' lang='lat' dir='ltr'><strong>plicandum</strong></span> <span class='ocrx_word' id='word_1_470' title='bbox 2448 2790 2632 2842; x_wconf 85' lang='lat' dir='ltr'><strong>curavi</strong></span> <span class='ocrx_word' id='word_1_471' title='bbox 2670 2790 2804 2857; x_wconf 80' lang='grc'>(15).</span> <span class='ocrx_word' id='word_1_472' title='bbox 2842 2791 3029 2859; x_wconf 85' lang='lat' dir='ltr'><strong>Neque</strong></span> <span class='ocrx_word' id='word_1_473' title='bbox 3068 2791 3300 2857; x_wconf 88' lang='lat' dir='ltr'><strong>hujusce</strong></span> <span class='ocrx_word' id='word_1_474' title='bbox 3345 2808 3430 2846; x_wconf 88' lang='lat' dir='ltr'><strong>me</strong></span> <span class='ocrx_word' id='word_1_475' title='bbox 3472 2793 3691 2847; x_wconf 89' lang='lat' dir='ltr'><strong>consilii</strong></span> 
     </span>
    </p>
   </div>
   <div class='ocr_carea' id='block_1_72' title="bbox 2108 2882 3687 2956">
    <p class='ocr_par' dir='ltr' id='par_1_72' title="bbox 2108 2882 3687 2956">
     <span class='ocr_line' id='line_1_72' title="bbox 2108 2882 3687 2956; baseline 0.003 -20"><span class='ocrx_word' id='word_1_476' title='bbox 2108 2883 2372 2951; x_wconf 74' lang='lat' dir='ltr'><strong>ptenitet;</strong></span> <span class='ocrx_word' id='word_1_477' title='bbox 2400 2899 2522 2937; x_wconf 90' lang='lat' dir='ltr'><strong>sum</strong></span> <span class='ocrx_word' id='word_1_478' title='bbox 2562 2884 2706 2937; x_wconf 89' lang='lat' dir='ltr'><strong>enim</strong></span> <span class='ocrx_word' id='word_1_479' title='bbox 2742 2882 2906 2936; x_wconf 90' lang='lat' dir='ltr'><strong>Tullii</strong></span> <span class='ocrx_word' id='word_1_480' title='bbox 2937 2887 3246 2952; x_wconf 79' lang='lat' dir='ltr'><strong>exemplum</strong></span> <span class='ocrx_word' id='word_1_481' title='bbox 3295 2894 3540 2953; x_wconf 86' lang='lat' dir='ltr'><strong>secutus,</strong></span> <span class='ocrx_word' id='word_1_482' title='bbox 3592 2887 3687 2956; x_wconf 87' lang='lat' dir='ltr'><strong>qui</strong></span> 
     </span>
    </p>
   </div>
   <div class='ocr_carea' id='block_1_73' title="bbox 2109 2976 3691 3044">
    <p class='ocr_par' dir='ltr' id='par_1_73' title="bbox 2109 2976 3691 3044">
     <span class='ocr_line' id='line_1_73' title="bbox 2109 2976 3691 3044; baseline 0.003 -18"><span class='ocrx_word' id='word_1_483' title='bbox 2109 2990 2202 3026; x_wconf 90' lang='lat' dir='ltr'><strong>nec</strong></span> <span class='ocrx_word' id='word_1_484' title='bbox 2234 2984 2432 3038; x_wconf 88' lang='lat' dir='ltr'><strong>tamen,</strong></span> <span class='ocrx_word' id='word_1_485' title='bbox 2481 2976 2678 3044; x_wconf 88' lang='lat' dir='ltr'><strong>inquit,</strong></span> <span class='ocrx_word' id='word_1_486' title='bbox 2721 2977 2945 3044; x_wconf 69' lang='lat' dir='ltr'><strong>exprimi</strong></span> <span class='ocrx_word' id='word_1_487' title='bbox 2984 2978 3196 3029; x_wconf 79' lang='lat' dir='ltr'><strong>verbum</strong></span> <span class='ocrx_word' id='word_1_488' title='bbox 3230 2993 3257 3030; x_wconf 89' lang='lat' dir='ltr'><strong>e</strong></span> <span class='ocrx_word' id='word_1_489' title='bbox 3299 2980 3450 3031; x_wconf 87' lang='lat' dir='ltr'><strong>verbo</strong></span> <span class='ocrx_word' id='word_1_490' title='bbox 3489 2995 3691 3032; x_wconf 79' lang='lat' dir='ltr'><strong>necesse</strong></span> 
     </span>
    </p>
   </div>
   <div class='ocr_carea' id='block_1_74' title="bbox 2109 3068 3689 3139">
    <p class='ocr_par' dir='ltr' id='par_1_74' title="bbox 2109 3068 3689 3139">
     <span class='ocr_line' id='line_1_74' title="bbox 2109 3068 3689 3139; baseline 0.004 -21"><span class='ocrx_word' id='word_1_491' title='bbox 2109 3068 2228 3128; x_wconf 87' lang='lat' dir='ltr'><strong>erit,</strong></span> <span class='ocrx_word' id='word_1_492' title='bbox 2257 3078 2313 3119; x_wconf 87' lang='lat' dir='ltr'><strong>ut</strong></span> <span class='ocrx_word' id='word_1_493' title='bbox 2343 3068 2655 3136; x_wconf 81' lang='lat' dir='ltr'><strong>interpretes</strong></span> <span class='ocrx_word' id='word_1_494' title='bbox 2688 3069 2932 3122; x_wconf 83' lang='lat' dir='ltr'><strong>indiserti</strong></span> <span class='ocrx_word' id='word_1_495' title='bbox 2964 3071 3130 3122; x_wconf 81' lang='lat' dir='ltr'><strong>solent</strong></span> <span class='ocrx_word' id='word_1_496' title='bbox 3155 3087 3168 3136; x_wconf 90' lang='lat'>;</span> <span class='ocrx_word' id='word_1_497' title='bbox 3197 3086 3315 3123; x_wconf 91' lang='lat' dir='ltr'><strong>cum</strong></span> <span class='ocrx_word' id='word_1_498' title='bbox 3343 3071 3412 3122; x_wconf 85' lang='lat' dir='ltr'><strong>sit</strong></span> <span class='ocrx_word' id='word_1_499' title='bbox 3457 3074 3689 3139; x_wconf 83' lang='lat' dir='ltr'><strong>verbum,</strong></span> 
     </span>
    </p>
   </div>
   <div class='ocr_carea' id='block_1_75' title="bbox 2111 3157 3692 3233">
    <p class='ocr_par' dir='ltr' id='par_1_75' title="bbox 2111 3157 3692 3233">
     <span class='ocr_line' id='line_1_75' title="bbox 2111 3157 3692 3233; baseline 0.006 -26"><span class='ocrx_word' id='word_1_500' title='bbox 2111 3157 2248 3226; x_wconf 86' lang='lat' dir='ltr'><strong>quod</strong></span> <span class='ocrx_word' id='word_1_501' title='bbox 2285 3157 2419 3210; x_wconf 87' lang='lat' dir='ltr'><strong>idem</strong></span> <span class='ocrx_word' id='word_1_502' title='bbox 2449 3158 2680 3212; x_wconf 83' lang='lat' dir='ltr'><strong>declaret</strong></span> <span class='ocrx_word' id='word_1_503' title='bbox 2715 3160 2882 3228; x_wconf 89' lang='lat' dir='ltr'><strong>magis</strong></span> <span class='ocrx_word' id='word_1_504' title='bbox 2947 3161 3182 3214; x_wconf 78' lang='lat' dir='ltr'><strong>minusve</strong></span> <span class='ocrx_word' id='word_1_505' title='bbox 3217 3163 3494 3214; x_wconf 86' lang='lat' dir='ltr'><strong>usitatum.</strong></span> <span class='ocrx_word' id='word_1_506' title='bbox 3528 3161 3692 3233; x_wconf 63' lang='lat' dir='ltr'><strong>liqui-</strong></span> 
     </span>
    </p>
   </div>
   <div class='ocr_carea' id='block_1_76' title="bbox 2112 3251 3694 3326">
    <p class='ocr_par' dir='ltr' id='par_1_76' title="bbox 2112 3251 3694 3326">
     <span class='ocr_line' id='line_1_76' title="bbox 2112 3251 3694 3326; baseline 0.006 -25"><span class='ocrx_word' id='word_1_507' title='bbox 2112 3253 2226 3302; x_wconf 87' lang='lat' dir='ltr'><strong>dem</strong></span> <span class='ocrx_word' id='word_1_508' title='bbox 2257 3251 2398 3304; x_wconf 86' lang='lat' dir='ltr'><strong>soleo</strong></span> <span class='ocrx_word' id='word_1_509' title='bbox 2432 3253 2617 3315; x_wconf 88' lang='lat' dir='ltr'><strong>etiam,</strong></span> <span class='ocrx_word' id='word_1_510' title='bbox 2649 3253 2788 3322; x_wconf 81' lang='lat' dir='ltr'><strong>quod</strong></span> <span class='ocrx_word' id='word_1_511' title='bbox 2820 3269 2922 3306; x_wconf 88' lang='lat' dir='ltr'><strong>uno</strong></span> <span class='ocrx_word' id='word_1_512' title='bbox 2955 3252 3147 3320; x_wconf 81' lang='lat' dir='ltr'><strong>Grtcci,</strong></span> <span class='ocrx_word' id='word_1_513' title='bbox 3181 3256 3227 3307; x_wconf 87' lang='lat' dir='ltr'><strong>si</strong></span> <span class='ocrx_word' id='word_1_514' title='bbox 3257 3255 3414 3307; x_wconf 86' lang='lat' dir='ltr'><strong>aliter</strong></span> <span class='ocrx_word' id='word_1_515' title='bbox 3437 3272 3542 3310; x_wconf 88' lang='lat' dir='ltr'><strong>non</strong></span> <span class='ocrx_word' id='word_1_516' title='bbox 3573 3274 3694 3326; x_wconf 85' lang='lat' dir='ltr'><strong>pos-</strong></span> 
     </span>
    </p>
   </div>
   <div class='ocr_carea' id='block_1_77' title="bbox 2111 3343 3692 3418">
    <p class='ocr_par' dir='ltr' id='par_1_77' title="bbox 2111 3343 3692 3418">
     <span class='ocr_line' id='line_1_77' title="bbox 2111 3343 3692 3418; baseline 0.004 -22"><span class='ocrx_word' id='word_1_517' title='bbox 2111 3359 2250 3406; x_wconf 82' lang='lat' dir='ltr'><strong>sum,</strong></span> <span class='ocrx_word' id='word_1_518' title='bbox 2276 3343 2415 3395; x_wconf 87' lang='lat' dir='ltr'><strong>idem</strong></span> <span class='ocrx_word' id='word_1_519' title='bbox 2440 3343 2689 3412; x_wconf 79' lang='lat' dir='ltr'><strong>plurimis</strong></span> <span class='ocrx_word' id='word_1_520' title='bbox 2720 3347 2886 3398; x_wconf 84' lang='lat' dir='ltr'><strong>verbis</strong></span> <span class='ocrx_word' id='word_1_521' title='bbox 2917 3361 3172 3414; x_wconf 74' lang='lat' dir='ltr'><strong>exponere</strong></span> <span class='ocrx_word' id='word_1_522' title='bbox 3199 3348 3334 3416; x_wconf 74' lang='lat' dir='ltr'><strong>(H).</strong></span> <span class='ocrx_word' id='word_1_523' title='bbox 3362 3347 3552 3418; x_wconf 83' lang='lat' dir='ltr'><strong>itaque</strong></span> <span class='ocrx_word' id='word_1_524' title='bbox 3574 3365 3692 3404; x_wconf 87' lang='lat' dir='ltr'><strong>ver-</strong></span> 
     </span>
    </p>
   </div>
   <div class='ocr_carea' id='block_1_78' title="bbox 2113 3435 3694 3510">
    <p class='ocr_par' dir='ltr' id='par_1_78' title="bbox 2113 3435 3694 3510">
     <span class='ocr_line' id='line_1_78' title="bbox 2113 3435 3694 3510; baseline 0.006 -22"><span class='ocrx_word' id='word_1_525' title='bbox 2113 3435 2324 3488; x_wconf 88' lang='lat' dir='ltr'><strong>sionem</strong></span> <span class='ocrx_word' id='word_1_526' title='bbox 2363 3437 2503 3488; x_wconf 80' lang='grc' dir='ltr'><strong>κατὰ</strong></span> <span class='ocrx_word' id='word_1_527' title='bbox 2532 3435 2698 3502; x_wconf 82' lang='grc' dir='ltr'><strong>λέξιν,</strong></span> <span class='ocrx_word' id='word_1_528' title='bbox 2771 3448 2958 3508; x_wconf 89' lang='lat' dir='ltr'><strong>utpote</strong></span> <span class='ocrx_word' id='word_1_529' title='bbox 2987 3441 3168 3493; x_wconf 87' lang='lat' dir='ltr'><strong>minus</strong></span> <span class='ocrx_word' id='word_1_530' title='bbox 3204 3453 3567 3510; x_wconf 88' lang='lat' dir='ltr'><strong>opportunam</strong></span> <span class='ocrx_word' id='word_1_531' title='bbox 3609 3442 3694 3496; x_wconf 85' lang='lat' dir='ltr'><strong>itt-</strong></span> 
     </span>
    </p>
   </div>
   <div class='ocr_carea' id='block_1_79' title="bbox 2113 3524 3692 3604">
    <p class='ocr_par' dir='ltr' id='par_1_79' title="bbox 2113 3524 3692 3604">
     <span class='ocr_line' id='line_1_79' title="bbox 2113 3524 3692 3604; baseline 0.008 -28"><span class='ocrx_word' id='word_1_532' title='bbox 2113 3524 2328 3578; x_wconf 85' lang='lat' dir='ltr'><strong>terdum</strong></span> <span class='ocrx_word' id='word_1_533' title='bbox 2373 3527 2557 3595; x_wconf 86' lang='lat' dir='ltr'><strong>rejeci,</strong></span> <span class='ocrx_word' id='word_1_534' title='bbox 2605 3538 2719 3581; x_wconf 90' lang='lat' dir='ltr'><strong>tum</strong></span> <span class='ocrx_word' id='word_1_535' title='bbox 2765 3530 2892 3598; x_wconf 89' lang='lat' dir='ltr'><strong>quia</strong></span> <span class='ocrx_word' id='word_1_536' title='bbox 2931 3529 3258 3585; x_wconf 68' lang='lat' dir='ltr'><strong>Graecanica:</strong></span> <span class='ocrx_word' id='word_1_537' title='bbox 3295 3533 3492 3598; x_wconf 74' lang='lat' dir='ltr'><strong>lingua:</strong></span> <span class='ocrx_word' id='word_1_538' title='bbox 3541 3533 3692 3604; x_wconf 86' lang='lat' dir='ltr'><strong>inge-</strong></span> 
     </span>
    </p>
   </div>
   <div class='ocr_carea' id='block_1_80' title="bbox 2113 3617 3693 3696">
    <p class='ocr_par' dir='ltr' id='par_1_80' title="bbox 2113 3617 3693 3696">
     <span class='ocr_line' id='line_1_80' title="bbox 2113 3617 3693 3696; baseline 0.006 -26"><span class='ocrx_word' id='word_1_539' title='bbox 2113 3619 2262 3670; x_wconf 92' lang='lat' dir='ltr'><strong>nium</strong></span> <span class='ocrx_word' id='word_1_540' title='bbox 2304 3633 2334 3672; x_wconf 92' lang='lat' dir='ltr'><strong>a</strong></span> <span class='ocrx_word' id='word_1_541' title='bbox 2365 3617 2558 3672; x_wconf 89' lang='lat' dir='ltr'><strong>Latiali</strong></span> <span class='ocrx_word' id='word_1_542' title='bbox 2594 3621 2893 3675; x_wconf 87' lang='lat' dir='ltr'><strong>abhorrere</strong></span> <span class='ocrx_word' id='word_1_543' title='bbox 2929 3621 3235 3687; x_wconf 87' lang='lat' dir='ltr'><strong>videbatur,</strong></span> <span class='ocrx_word' id='word_1_544' title='bbox 3262 3634 3377 3677; x_wconf 92' lang='lat' dir='ltr'><strong>tum</strong></span> <span class='ocrx_word' id='word_1_545' title='bbox 3407 3625 3535 3694; x_wconf 84' lang='lat' dir='ltr'><strong>quia</strong></span> <span class='ocrx_word' id='word_1_546' title='bbox 3568 3641 3693 3696; x_wconf 84' lang='lat' dir='ltr'><strong>per-</strong></span> 
     </span>
    </p>
   </div>
   <div class='ocr_carea' id='block_1_81' title="bbox 2120 3711 3688 3779">
    <p class='ocr_par' dir='ltr' id='par_1_81' title="bbox 2120 3711 3688 3779">
     <span class='ocr_line' id='line_1_81' title="bbox 2120 3711 3688 3779; baseline 0.003 -14"><span class='ocrx_word' id='word_1_547' title='bbox 2120 3711 2400 3778; x_wconf 90' lang='lat' dir='ltr'><strong>spicuitati</strong></span> <span class='ocrx_word' id='word_1_548' title='bbox 2431 3713 2628 3766; x_wconf 90' lang='lat' dir='ltr'><strong>melius</strong></span> <span class='ocrx_word' id='word_1_549' title='bbox 2659 3713 2969 3779; x_wconf 89' lang='lat' dir='ltr'><strong>consulere,</strong></span> <span class='ocrx_word' id='word_1_550' title='bbox 3019 3730 3084 3767; x_wconf 87' lang='lat' dir='ltr'><strong>ac</strong></span> <span class='ocrx_word' id='word_1_551' title='bbox 3126 3716 3371 3771; x_wconf 88' lang='lat' dir='ltr'><strong>molestis</strong></span> <span class='ocrx_word' id='word_1_552' title='bbox 3399 3717 3688 3771; x_wconf 86' lang='lat' dir='ltr'><strong>verborum</strong></span> 
     </span>
    </p>
   </div>
   <div class='ocr_carea' id='block_1_82' title="bbox 2113 3804 3694 3883">
    <p class='ocr_par' dir='ltr' id='par_1_82' title="bbox 2113 3804 3694 3883">
     <span class='ocr_line' id='line_1_82' title="bbox 2113 3804 3694 3883; baseline 0.008 -28"><span class='ocrx_word' id='word_1_553' title='bbox 2113 3805 2441 3874; x_wconf 82' lang='lat' dir='ltr'><strong>ambagibus</strong></span> <span class='ocrx_word' id='word_1_554' title='bbox 2473 3804 2727 3860; x_wconf 88' lang='lat' dir='ltr'><strong>lectorem</strong></span> <span class='ocrx_word' id='word_1_555' title='bbox 2761 3823 2868 3860; x_wconf 90' lang='lat' dir='ltr'><strong>non</strong></span> <span class='ocrx_word' id='word_1_556' title='bbox 2919 3817 3172 3878; x_wconf 90' lang='lat' dir='ltr'><strong>torquere</strong></span> <span class='ocrx_word' id='word_1_557' title='bbox 3216 3811 3351 3863; x_wconf 90' lang='lat' dir='ltr'><strong>mihi</strong></span> <span class='ocrx_word' id='word_1_558' title='bbox 3395 3827 3694 3883; x_wconf 85' lang='lat' dir='ltr'><strong>proposue-</strong></span> 
     </span>
    </p>
   </div>
   <div class='ocr_carea' id='block_1_83' title="bbox 2115 3899 3692 3974">
    <p class='ocr_par' dir='ltr' id='par_1_83' title="bbox 2115 3899 3692 3974">
     <span class='ocr_line' id='line_1_83' title="bbox 2115 3899 3692 3974; baseline 0.008 -25"><span class='ocrx_word' id='word_1_559' title='bbox 2115 3913 2252 3950; x_wconf 86' lang='lat' dir='ltr'><strong>ram.</strong></span> <span class='ocrx_word' id='word_1_560' title='bbox 2281 3899 2435 3953; x_wconf 84' lang='lat' dir='ltr'><strong>Hanc</strong></span> <span class='ocrx_word' id='word_1_561' title='bbox 2457 3900 2624 3954; x_wconf 85' lang='lat' dir='ltr'><strong>etiam</strong></span> <span class='ocrx_word' id='word_1_562' title='bbox 2649 3902 2718 3954; x_wconf 93' lang='lat' dir='ltr'><strong>ob</strong></span> <span class='ocrx_word' id='word_1_563' title='bbox 2743 3917 2964 3955; x_wconf 89' lang='lat' dir='ltr'><strong>causam</strong></span> <span class='ocrx_word' id='word_1_564' title='bbox 2996 3919 3393 3974; x_wconf 86' lang='lat' dir='ltr'><strong>nonnunquam</strong></span> <span class='ocrx_word' id='word_1_565' title='bbox 3421 3907 3472 3958; x_wconf 93' lang='lat' dir='ltr'><strong>in</strong></span> <span class='ocrx_word' id='word_1_566' title='bbox 3497 3908 3692 3961; x_wconf 85' lang='lat' dir='ltr'><strong>verbo-</strong></span> 
     </span>
    </p>
   </div>
   <div class='ocr_carea' id='block_1_84' title="bbox 2112 3991 3696 4068">
    <p class='ocr_par' dir='ltr' id='par_1_84' title="bbox 2112 3991 3696 4068">
     <span class='ocr_line' id='line_1_84' title="bbox 2112 3991 3696 4068; baseline 0.005 -26"><span class='ocrx_word' id='word_1_567' title='bbox 2112 4005 2232 4042; x_wconf 88' lang='lat' dir='ltr'><strong>rum</strong></span> <span class='ocrx_word' id='word_1_568' title='bbox 2259 3991 2494 4054; x_wconf 90' lang='lat' dir='ltr'><strong>delectu,</strong></span> <span class='ocrx_word' id='word_1_569' title='bbox 2531 4001 2585 4044; x_wconf 89' lang='lat' dir='ltr'><strong>et</strong></span> <span class='ocrx_word' id='word_1_570' title='bbox 2622 3992 3002 4057; x_wconf 81' lang='lat' dir='ltr'><strong>collocatione,</strong></span> <span class='ocrx_word' id='word_1_571' title='bbox 3051 4003 3109 4047; x_wconf 92' lang='lat' dir='ltr'><strong>ut</strong></span> <span class='ocrx_word' id='word_1_572' title='bbox 3138 3996 3437 4064; x_wconf 88' lang='lat' dir='ltr'><strong>planiorem</strong></span> <span class='ocrx_word' id='word_1_573' title='bbox 3471 3999 3696 4068; x_wconf 87' lang='lat' dir='ltr'><strong>legenti-</strong></span> 
     </span>
    </p>
   </div>
   <div class='ocr_carea' id='block_1_85' title="bbox 2113 4084 3694 4160">
    <p class='ocr_par' dir='ltr' id='par_1_85' title="bbox 2113 4084 3694 4160">
     <span class='ocr_line' id='line_1_85' title="bbox 2113 4084 3694 4160; baseline 0.006 -23"><span class='ocrx_word' id='word_1_574' title='bbox 2113 4084 2216 4138; x_wconf 93' lang='lat' dir='ltr'><strong>bus</strong></span> <span class='ocrx_word' id='word_1_575' title='bbox 2277 4100 2498 4139; x_wconf 85' lang='lat' dir='ltr'><strong>sensum</strong></span> <span class='ocrx_word' id='word_1_576' title='bbox 2561 4102 2925 4156; x_wconf 85' lang='lat' dir='ltr'><strong>exponerem,</strong></span> <span class='ocrx_word' id='word_1_577' title='bbox 2991 4089 3060 4142; x_wconf 90' lang='lat' dir='ltr'><strong>ab</strong></span> <span class='ocrx_word' id='word_1_578' title='bbox 3131 4090 3451 4160; x_wconf 89' lang='lat' dir='ltr'><strong>incorrupta</strong></span> <span class='ocrx_word' id='word_1_579' title='bbox 3517 4092 3694 4148; x_wconf 86' lang='lat' dir='ltr'><strong>Latini</strong></span> 
     </span>
    </p>
   </div>
   <div class='ocr_carea' id='block_1_86' title="bbox 2113 4178 3695 4254">
    <p class='ocr_par' dir='ltr' id='par_1_86' title="bbox 2113 4178 3695 4254">
     <span class='ocr_line' id='line_1_86' title="bbox 2113 4178 3695 4254; baseline 0.006 -23"><span class='ocrx_word' id='word_1_580' title='bbox 2113 4179 2389 4231; x_wconf 90' lang='lat' dir='ltr'><strong>sermonis</strong></span> <span class='ocrx_word' id='word_1_581' title='bbox 2415 4178 2726 4249; x_wconf 86' lang='lat' dir='ltr'><strong>integritate</strong></span> <span class='ocrx_word' id='word_1_582' title='bbox 2759 4181 3012 4236; x_wconf 88' lang='lat' dir='ltr'><strong>consulto</strong></span> <span class='ocrx_word' id='word_1_583' title='bbox 3052 4184 3254 4238; x_wconf 88' lang='lat' dir='ltr'><strong>recessi</strong></span> <span class='ocrx_word' id='word_1_584' title='bbox 3287 4201 3300 4235; x_wconf 90' lang='lat'>:</span> <span class='ocrx_word' id='word_1_585' title='bbox 3330 4185 3600 4254; x_wconf 86' lang='lat' dir='ltr'><strong>siquidem</strong></span> <span class='ocrx_word' id='word_1_586' title='bbox 3626 4189 3695 4241; x_wconf 87' lang='lat' dir='ltr'><strong>ab</strong></span> 
     </span>
    </p>
   </div>
   <div class='ocr_carea' id='block_1_87' title="bbox 2113 4267 3692 4342">
    <p class='ocr_par' dir='ltr' id='par_1_87' title="bbox 2113 4267 3692 4342">
     <span class='ocr_line' id='line_1_87' title="bbox 2113 4267 3692 4342; baseline 0.008 -20"><span class='ocrx_word' id='word_1_587' title='bbox 2113 4267 2432 4338; x_wconf 88' lang='lat' dir='ltr'><strong>hujusmodi</strong></span> <span class='ocrx_word' id='word_1_588' title='bbox 2496 4273 2754 4340; x_wconf 83' lang='lat' dir='ltr'><strong>cperibus</strong></span> <span class='ocrx_word' id='word_1_589' title='bbox 2816 4290 2923 4327; x_wconf 89' lang='lat' dir='ltr'><strong>non</strong></span> <span class='ocrx_word' id='word_1_590' title='bbox 2991 4274 3317 4332; x_wconf 88' lang='lat' dir='ltr'><strong>elocutionis</strong></span> <span class='ocrx_word' id='word_1_591' title='bbox 3376 4276 3561 4342; x_wconf 82' lang='lat' dir='ltr'><strong>liores,</strong></span> <span class='ocrx_word' id='word_1_592' title='bbox 3599 4282 3692 4334; x_wconf 88' lang='lat' dir='ltr'><strong>sed</strong></span> 
     </span>
    </p>
   </div>
   <div class='ocr_carea' id='block_1_88' title="bbox 2112 4361 3691 4435">
    <p class='ocr_par' dir='ltr' id='par_1_88' title="bbox 2112 4361 3691 4435">
     <span class='ocr_line' id='line_1_88' title="bbox 2112 4361 3691 4435; baseline 0.006 -21"><span class='ocrx_word' id='word_1_593' title='bbox 2112 4365 2403 4417; x_wconf 89' lang='lat' dir='ltr'><strong>veritatum</strong></span> <span class='ocrx_word' id='word_1_594' title='bbox 2449 4361 2665 4420; x_wconf 88' lang='lat' dir='ltr'><strong>fructus</strong></span> <span class='ocrx_word' id='word_1_595' title='bbox 2707 4375 3027 4435; x_wconf 83' lang='lat' dir='ltr'><strong>exspectant</strong></span> <span class='ocrx_word' id='word_1_596' title='bbox 3074 4369 3294 4423; x_wconf 91' lang='lat' dir='ltr'><strong>eruditi.</strong></span> <span class='ocrx_word' id='word_1_597' title='bbox 3337 4367 3404 4422; x_wconf 88' lang='lat' dir='ltr'><strong>Et</strong></span> <span class='ocrx_word' id='word_1_598' title='bbox 3433 4371 3691 4426; x_wconf 90' lang='lat' dir='ltr'><strong>nimirum</strong></span> 
     </span>
    </p>
   </div>
   <div class='ocr_carea' id='block_1_89' title="bbox 422 4440 2008 4530">
    <p class='ocr_par' dir='ltr' id='par_1_89' title="bbox 422 4440 2008 4510">
     <span class='ocr_line' id='line_1_89' title="bbox 422 4440 2008 4510; baseline -0.001 -15"><span class='ocrx_word' id='word_1_599' title='bbox 422 4441 801 4505; x_wconf 82' lang='lat' dir='ltr'><strong>delitescebat,</strong></span> <span class='ocrx_word' id='word_1_600' title='bbox 840 4441 1132 4510; x_wconf 82' lang='lat' dir='ltr'><strong>diligenter</strong></span> <span class='ocrx_word' id='word_1_601' title='bbox 1181 4444 1509 4510; x_wconf 77' lang='lat' dir='ltr'><strong>expendant.</strong></span> <span class='ocrx_word' id='word_1_602' title='bbox 1544 4440 1897 4509; x_wconf 79' lang='lat' dir='ltr'><strong>Compertum</strong></span> <span class='ocrx_word' id='word_1_603' title='bbox 1928 4449 2008 4494; x_wconf 89' lang='lat' dir='ltr'><strong>est</strong></span> 
     </span>
    </p>
   </div>
   <div class='ocr_carea' id='block_1_90' title="bbox 2116 4440 3690 4530">
    <p class='ocr_par' dir='ltr' id='par_1_90' title="bbox 2116 4452 3690 4530">
     <span class='ocr_line' id='line_1_90' title="bbox 2116 4452 3690 4530; baseline 0.006 -22"><span class='ocrx_word' id='word_1_604' title='bbox 2116 4452 2370 4510; x_wconf 88' lang='lat' dir='ltr'><strong>Clemens</strong></span> <span class='ocrx_word' id='word_1_605' title='bbox 2415 4456 2824 4512; x_wconf 80' lang='lat' dir='ltr'><strong>Alexandrinus</strong></span> <span class='ocrx_word' id='word_1_606' title='bbox 2880 4470 3066 4528; x_wconf 83' lang='lat' dir='ltr'><strong>aperte</strong></span> <span class='ocrx_word' id='word_1_607' title='bbox 3123 4463 3486 4530; x_wconf 78' lang='lat' dir='ltr'><strong>proﬁtebatur</strong></span> <span class='ocrx_word' id='word_1_608' title='bbox 3529 4481 3588 4519; x_wconf 90' lang='lat' dir='ltr'><strong>se</strong></span> <span class='ocrx_word' id='word_1_609' title='bbox 3639 4466 3690 4519; x_wconf 90' lang='lat' dir='ltr'><strong>in</strong></span> 
     </span>
    </p>
   </div>
   <div class='ocr_carea' id='block_1_91' title="bbox 424 4529 2006 4602">
    <p class='ocr_par' dir='ltr' id='par_1_91' title="bbox 424 4529 2006 4602">
     <span class='ocr_line' id='line_1_91' title="bbox 424 4529 2006 4602; baseline 0 -15"><span class='ocrx_word' id='word_1_610' title='bbox 424 4536 572 4588; x_wconf 89' lang='lat' dir='ltr'><strong>enim</strong></span> <span class='ocrx_word' id='word_1_611' title='bbox 624 4534 703 4586; x_wconf 92' lang='lat' dir='ltr'><strong>vel</strong></span> <span class='ocrx_word' id='word_1_612' title='bbox 756 4534 889 4602; x_wconf 90' lang='lat' dir='ltr'><strong>ipsis</strong></span> <span class='ocrx_word' id='word_1_613' title='bbox 937 4533 1381 4599; x_wconf 85' lang='lat' dir='ltr'><strong>adolescentulis,</strong></span> <span class='ocrx_word' id='word_1_614' title='bbox 1411 4533 1504 4602; x_wconf 88' lang='lat' dir='ltr'><strong>qui</strong></span> <span class='ocrx_word' id='word_1_615' title='bbox 1541 4529 1758 4588; x_wconf 56' lang='lat' dir='ltr'><strong>Graecas</strong></span> <span class='ocrx_word' id='word_1_616' title='bbox 1799 4535 2006 4587; x_wconf 90' lang='lat' dir='ltr'><strong>litteras</strong></span> 
     </span>
    </p>
   </div>
   <div class='ocr_carea' id='block_1_92' title="bbox 424 4627 2006 4696">
    <p class='ocr_par' dir='ltr' id='par_1_92' title="bbox 424 4627 2006 4696">
     <span class='ocr_line' id='line_1_92' title="bbox 424 4627 2006 4696; baseline 0 -15"><span class='ocrx_word' id='word_1_617' title='bbox 424 4632 510 4682; x_wconf 80' lang='lat' dir='ltr'><strong>vix</strong></span> <span class='ocrx_word' id='word_1_618' title='bbox 536 4644 566 4681; x_wconf 91' lang='lat' dir='ltr'><strong>a</strong></span> <span class='ocrx_word' id='word_1_619' title='bbox 596 4627 784 4680; x_wconf 88' lang='lat' dir='ltr'><strong>litnine</strong></span> <span class='ocrx_word' id='word_1_620' title='bbox 819 4629 1150 4689; x_wconf 86' lang='lat' dir='ltr'><strong>salutarunt,</strong></span> <span class='ocrx_word' id='word_1_621' title='bbox 1199 4637 1466 4696; x_wconf 88' lang='lat' dir='ltr'><strong>quantum</strong></span> <span class='ocrx_word' id='word_1_622' title='bbox 1502 4627 1569 4680; x_wconf 90' lang='lat' dir='ltr'><strong>ad</strong></span> <span class='ocrx_word' id='word_1_623' title='bbox 1606 4627 2006 4696; x_wconf 45' lang='lat' dir='ltr'><strong>manuscriptow</strong></span> 
     </span>
    </p>
   </div>
   <div class='ocr_carea' id='block_1_93' title="bbox 425 4719 2005 4789">
    <p class='ocr_par' dir='ltr' id='par_1_93' title="bbox 425 4719 2005 4789">
     <span class='ocr_line' id='line_1_93' title="bbox 425 4719 2005 4789; baseline 0.001 -17"><span class='ocrx_word' id='word_1_624' title='bbox 425 4735 568 4785; x_wconf 90' lang='lat' dir='ltr'><strong>rum,</strong></span> <span class='ocrx_word' id='word_1_625' title='bbox 601 4735 723 4789; x_wconf 73' lang='lat' dir='ltr'><strong>quae</strong></span> <span class='ocrx_word' id='word_1_626' title='bbox 749 4725 989 4772; x_wconf 86' lang='lat' dir='ltr'><strong>nondum</strong></span> <span class='ocrx_word' id='word_1_627' title='bbox 1017 4719 1193 4773; x_wconf 91' lang='lat' dir='ltr'><strong>lucem</strong></span> <span class='ocrx_word' id='word_1_628' title='bbox 1238 4731 1592 4789; x_wconf 82' lang='lat' dir='ltr'><strong>aspexerunt,</strong></span> <span class='ocrx_word' id='word_1_629' title='bbox 1658 4729 1861 4773; x_wconf 89' lang='lat' dir='ltr'><strong>rectam</strong></span> <span class='ocrx_word' id='word_1_630' title='bbox 1925 4721 2005 4774; x_wconf 92' lang='lat' dir='ltr'><strong>le-</strong></span> 
     </span>
    </p>
   </div>
   <div class='ocr_carea' id='block_1_94' title="bbox 423 4809 2004 4880">
    <p class='ocr_par' dir='ltr' id='par_1_94' title="bbox 423 4809 2004 4880">
     <span class='ocr_line' id='line_1_94' title="bbox 423 4809 2004 4880; baseline -0.002 -13"><span class='ocrx_word' id='word_1_631' title='bbox 423 4814 660 4867; x_wconf 87' lang='lat' dir='ltr'><strong>ctionem</strong></span> <span class='ocrx_word' id='word_1_632' title='bbox 680 4815 1026 4864; x_wconf 82' lang='lat' dir='ltr'><strong>statuendam</strong></span> <span class='ocrx_word' id='word_1_633' title='bbox 1052 4809 1372 4863; x_wconf 87' lang='lat' dir='ltr'><strong>insudemus</strong></span> <span class='ocrx_word' id='word_1_634' title='bbox 1401 4827 1413 4862; x_wconf 91' lang='lat'><strong>:</strong></span> <span class='ocrx_word' id='word_1_635' title='bbox 1439 4823 1704 4880; x_wconf 91' lang='lat' dir='ltr'><strong>quantum</strong></span> <span class='ocrx_word' id='word_1_636' title='bbox 1724 4809 1884 4864; x_wconf 90' lang='lat' dir='ltr'><strong>medii</strong></span> <span class='ocrx_word' id='word_1_637' title='bbox 1904 4811 2004 4864; x_wconf 69' lang='lat' dir='ltr'><strong>arvi</strong></span> 
     </span>
    </p>
   </div>
   <div class='ocr_carea' id='block_1_95' title="bbox 426 4923 2001 5051">
    <p class='ocr_par' dir='ltr' id='par_1_95' title="bbox 426 4923 2001 5051">
     <span class='ocr_line' id='line_1_95' title="bbox 496 4923 2001 4999; baseline 0.001 -21"><span class='ocrx_word' id='word_1_638' title='bbox 496 4925 572 4999; x_wconf 75' lang='grc'>(4)</span> <span class='ocrx_word' id='word_1_639' title='bbox 604 4925 676 4978; x_wconf 86' lang='lat' dir='ltr'><strong>De</strong></span> <span class='ocrx_word' id='word_1_640' title='bbox 706 4923 961 4979; x_wconf 66' lang='lat' dir='ltr'><strong>Ecclesia</strong></span> <span class='ocrx_word' id='word_1_641' title='bbox 1005 4924 1192 4978; x_wconf 83' lang='lat' dir='ltr'><strong>Occid.</strong></span> <span class='ocrx_word' id='word_1_642' title='bbox 1235 4934 1284 4978; x_wconf 85' lang='lat' dir='ltr'><strong>et</strong></span> <span class='ocrx_word' id='word_1_643' title='bbox 1333 4923 1537 4978; x_wconf 85' lang='lat' dir='ltr'><strong>Orient.</strong></span> <span class='ocrx_word' id='word_1_644' title='bbox 1575 4926 1913 4978; x_wconf 84' lang='lat' dir='ltr'><strong>consensione</strong></span> <span class='ocrx_word' id='word_1_645' title='bbox 1965 4925 2001 4980; x_wconf 91' lang='lat' dir='ltr'><strong>l.</strong></span> 
     </span>
     <span class='ocr_line' id='line_1_96' title="bbox 426 4996 904 5051; baseline -0.002 -2"><span class='ocrx_word' id='word_1_646' title='bbox 426 5013 485 5051; x_wconf 88' lang='grc' dir='ltr'>ιι.</span> <span class='ocrx_word' id='word_1_647' title='bbox 523 5017 571 5050; x_wconf 83' lang='lat' dir='ltr'><strong>c.</strong></span> <span class='ocrx_word' id='word_1_648' title='bbox 604 5002 658 5051; x_wconf 67' lang='lat' dir='ltr'><strong>li.</strong></span> <span class='ocrx_word' id='word_1_649' title='bbox 696 5012 747 5051; x_wconf 86' lang='grc' dir='ltr'><strong>ι).</strong></span> <span class='ocrx_word' id='word_1_650' title='bbox 783 4996 904 5049; x_wconf 81' lang='grc'>576.</span> 
     </span>
    </p>
   </div>
   <div class='ocr_carea' id='block_1_96' title="bbox 472 5012 2006 5137">
    <p class='ocr_par' dir='ltr' id='par_1_96' title="bbox 472 5012 2006 5137">
     <span class='ocr_line' id='line_1_97' title="bbox 472 5012 2006 5137; baseline 0.001 -18"><span class='ocrx_word' id='word_1_651' title='bbox 472 5019 571 5137; x_wconf 59' lang='grc' dir='ltr'>’(ἓξ)</span> <span class='ocrx_word' id='word_1_652' title='bbox 604 5012 669 5119; x_wconf 57' lang='lat' dir='ltr'><strong>lii</strong></span> <span class='ocrx_word' id='word_1_653' title='bbox 696 5012 1089 5136; x_wconf 51' lang='lat' dir='ltr'><strong>I:iiiibiii‘loc&#39;liii,</strong></span> <span class='ocrx_word' id='word_1_654' title='bbox 1115 5067 1340 5121; x_wconf 63' lang='lat' dir='ltr'><strong>Andreae</strong></span> <span class='ocrx_word' id='word_1_655' title='bbox 1365 5066 1651 5134; x_wconf 85' lang='lat' dir='ltr'><strong>Cretensis,</strong></span> <span class='ocrx_word' id='word_1_656' title='bbox 1679 5076 1729 5122; x_wconf 89' lang='lat' dir='ltr'><strong>et</strong></span> <span class='ocrx_word' id='word_1_657' title='bbox 1749 5065 2006 5121; x_wconf 87' lang='lat' dir='ltr'><strong>Methodii</strong></span> 
     </span>
    </p>
   </div>
   <div class='ocr_carea' id='block_1_97' title="bbox 426 5135 2006 5208">
    <p class='ocr_par' dir='ltr' id='par_1_97' title="bbox 426 5135 2006 5208">
     <span class='ocr_line' id='line_1_98' title="bbox 426 5135 2006 5208; baseline 0.001 -17"><span class='ocrx_word' id='word_1_658' title='bbox 426 5135 582 5205; x_wconf 80' lang='lat' dir='ltr'><strong>Oper.</strong></span> <span class='ocrx_word' id='word_1_659' title='bbox 646 5135 981 5206; x_wconf 74' lang='lat' dir='ltr'><strong>Responsum</strong></span> <span class='ocrx_word' id='word_1_660' title='bbox 1039 5139 1107 5191; x_wconf 75' lang='lat'><strong>57</strong></span> <span class='ocrx_word' id='word_1_661' title='bbox 1159 5141 1258 5194; x_wconf 86' lang='lat' dir='ltr'><strong>luit</strong></span> <span class='ocrx_word' id='word_1_662' title='bbox 1313 5141 1520 5194; x_wconf 83' lang='lat' dir='ltr'><strong>editum</strong></span> <span class='ocrx_word' id='word_1_663' title='bbox 1585 5155 1705 5208; x_wconf 82' lang='lat' dir='ltr'><strong>pag.</strong></span> <span class='ocrx_word' id='word_1_664' title='bbox 1763 5140 1888 5200; x_wconf 69' lang='lat'><strong>226,</strong></span> <span class='ocrx_word' id='word_1_665' title='bbox 1953 5151 2006 5193; x_wconf 90' lang='lat' dir='ltr'><strong>et</strong></span> 
     </span>
    </p>
   </div>
   <div class='ocr_carea' id='block_1_98' title="bbox 424 5208 2007 5276">
    <p class='ocr_par' dir='ltr' id='par_1_98' title="bbox 424 5208 2007 5276">
     <span class='ocr_line' id='line_1_99' title="bbox 424 5208 2007 5276; baseline 0.003 -16"><span class='ocrx_word' id='word_1_666' title='bbox 424 5209 768 5276; x_wconf 54' lang='lat' dir='ltr'><strong>Restionsum</strong></span> <span class='ocrx_word' id='word_1_667' title='bbox 807 5208 930 5272; x_wconf 67' lang='lat'><strong>125,</strong></span> <span class='ocrx_word' id='word_1_668' title='bbox 957 5214 1011 5262; x_wconf 87' lang='lat' dir='ltr'><strong>in</strong></span> <span class='ocrx_word' id='word_1_669' title='bbox 1039 5213 1249 5264; x_wconf 82' lang='lat' dir='ltr'><strong>Asteria</strong></span> <span class='ocrx_word' id='word_1_670' title='bbox 1282 5211 1336 5265; x_wconf 88' lang='lat' dir='ltr'><strong>in</strong></span> <span class='ocrx_word' id='word_1_671' title='bbox 1362 5226 1512 5266; x_wconf 69' lang='lat' dir='ltr'><strong>calce</strong></span> <span class='ocrx_word' id='word_1_672' title='bbox 1539 5209 1604 5264; x_wconf 83' lang='lat' dir='ltr'><strong>V.</strong></span> <span class='ocrx_word' id='word_1_673' title='bbox 1625 5213 1866 5264; x_wconf 80' lang='lat' dir='ltr'><strong>Auctarii</strong></span> <span class='ocrx_word' id='word_1_674' title='bbox 1892 5209 2007 5264; x_wconf 78' lang='grc' dir='ltr'><strong>Νο-</strong></span> 
     </span>
    </p>
   </div>
   <div class='ocr_carea' id='block_1_99' title="bbox 422 5280 2005 5421">
    <p class='ocr_par' dir='ltr' id='par_1_99' title="bbox 422 5280 2005 5421">
     <span class='ocr_line' id='line_1_100' title="bbox 422 5280 2005 5421; baseline 0.001 -17"><span class='ocrx_word' id='word_1_675' title='bbox 422 5280 957 5421; x_wconf 48' lang='grc' dir='ltr'><strong>υηῗῖὶ)11ιξ’ϐαιαὶοθο</strong></span> <span class='ocrx_word' id='word_1_676' title='bbox 1003 5351 1331 5407; x_wconf 75' lang='lat' dir='ltr'><strong>bibliotheccc</strong></span> <span class='ocrx_word' id='word_1_677' title='bbox 1364 5352 1706 5408; x_wconf 80' lang='lat' dir='ltr'><strong>Coislinianw</strong></span> <span class='ocrx_word' id='word_1_678' title='bbox 1735 5355 2005 5408; x_wconf 89' lang='lat' dir='ltr'><strong>habentur</strong></span> 
     </span>
    </p>
   </div>
   <div class='ocr_carea' id='block_1_100' title="bbox 421 5422 2056 5497">
    <p class='ocr_par' dir='ltr' id='par_1_100' title="bbox 421 5422 2056 5497">
     <span class='ocr_line' id='line_1_101' title="bbox 421 5422 2056 5497; baseline 0.002 -23"><span class='ocrx_word' id='word_1_679' title='bbox 421 5431 659 5497; x_wconf 83' lang='lat' dir='ltr'><strong>quatuor</strong></span> <span class='ocrx_word' id='word_1_680' title='bbox 710 5422 1330 5497; x_wconf 78' lang='lat' dir='ltr'><strong>hujusmodi_responsa</strong></span> <span class='ocrx_word' id='word_1_681' title='bbox 1381 5426 1670 5497; x_wconf 82' lang='lat' dir='ltr'><strong>diligenter</strong></span> <span class='ocrx_word' id='word_1_682' title='bbox 1727 5430 1895 5490; x_wconf 86' lang='lat' dir='ltr'><strong>edita,</strong></span> <span class='ocrx_word' id='word_1_683' title='bbox 1948 5433 2002 5480; x_wconf 87' lang='lat' dir='ltr'><strong>et</strong></span> <span class='ocrx_word' id='word_1_684' title='bbox 2053 5446 2056 5448; x_wconf 90' lang='grc'><strong>·</strong></span> 
     </span>
    </p>
   </div>
   <div class='ocr_carea' id='block_1_101' title="bbox 421 5493 1330 5565">
    <p class='ocr_par' dir='ltr' id='par_1_101' title="bbox 421 5493 1330 5565">
     <span class='ocr_line' id='line_1_102' title="bbox 421 5493 1330 5565; baseline 0.002 -19"><span class='ocrx_word' id='word_1_685' title='bbox 421 5493 789 5565; x_wconf 65' lang='lat' dir='ltr'><strong>Latinqversa</strong></span> <span class='ocrx_word' id='word_1_686' title='bbox 824 5509 938 5562; x_wconf 79' lang='lat' dir='ltr'><strong>pag.</strong></span> <span class='ocrx_word' id='word_1_687' title='bbox 973 5495 1076 5548; x_wconf 78' lang='grc'><strong>546</strong></span> <span class='ocrx_word' id='word_1_688' title='bbox 1095 5493 1330 5565; x_wconf 83' lang='lat' dir='ltr'><strong>etseqq.</strong></span> 
     </span>
    </p>
   </div>
   <div class='ocr_carea' id='block_1_102' title="bbox 489 5561 2000 5686">
    <p class='ocr_par' dir='ltr' id='par_1_102' title="bbox 489 5561 2000 5686">
     <span class='ocr_line' id='line_1_103' title="bbox 489 5561 2000 5686; baseline 0.003 -72"><span class='ocrx_word' id='word_1_689' title='bbox 489 5562 567 5686; x_wconf 48' lang='grc' dir='ltr'>Ψ)</span> <span class='ocrx_word' id='word_1_690' title='bbox 608 5561 664 5616; x_wconf 90' lang='lat' dir='ltr'><strong>In</strong></span> <span class='ocrx_word' id='word_1_691' title='bbox 690 5564 844 5617; x_wconf 78' lang='lat' dir='ltr'><strong>Curis</strong></span> <span class='ocrx_word' id='word_1_692' title='bbox 875 5561 1204 5637; x_wconf 21' lang='lat' dir='ltr'><strong>piltilologicis</strong></span> <span class='ocrx_word' id='word_1_693' title='bbox 1253 5561 1303 5620; x_wconf 73' lang='lat' dir='ltr'><strong>ei</strong></span> <span class='ocrx_word' id='word_1_694' title='bbox 1333 5568 1558 5631; x_wconf 84' lang='lat' dir='ltr'><strong>criticis,</strong></span> <span class='ocrx_word' id='word_1_695' title='bbox 1601 5577 1732 5620; x_wconf 91' lang='lat' dir='ltr'><strong>tom.</strong></span> <span class='ocrx_word' id='word_1_696' title='bbox 1779 5566 1840 5630; x_wconf 86' lang='lat' dir='ltr'><strong>V,</strong></span> <span class='ocrx_word' id='word_1_697' title='bbox 1877 5582 2000 5638; x_wconf 78' lang='lat' dir='ltr'><strong>pag.</strong></span> 
     </span>
     <span class='ocr_line' id='line_1_104' title="bbox 489 5638 2000 5686; baseline 0 0"><span class='ocrx_word' id='word_1_698' title='bbox 489 5660 492 5681; x_wconf 86' lang='grc' dir='ltr'><strong>ι</strong></span> <span class='ocrx_word' id='word_1_699' title='bbox 554 5646 606 5686; x_wconf 86' lang='lat' dir='ltr'><strong>et</strong></span> <span class='ocrx_word' id='word_1_700' title='bbox 630 5651 782 5686; x_wconf 83' lang='lat' dir='ltr'><strong>scml.</strong></span> <span class='ocrx_word' id='word_1_701' title='bbox 822 5638 910 5686; x_wconf 85' lang='lat' dir='ltr'><strong>ubi</strong></span> <span class='ocrx_word' id='word_1_702' title='bbox 938 5649 1064 5686; x_wconf 87' lang='lat' dir='ltr'><strong>sunt</strong></span> <span class='ocrx_word' id='word_1_703' title='bbox 1105 5653 1362 5686; x_wconf 76' lang='lat' dir='ltr'><strong>resnonsa</strong></span> <span class='ocrx_word' id='word_1_704' title='bbox 1395 5641 1517 5686; x_wconf 69' lang='lat'><strong>1‘23-</strong></span> <span class='ocrx_word' id='word_1_705' title='bbox 1552 5646 1647 5686; x_wconf 76' lang='lat' dir='ltr'><strong>sed</strong></span> <span class='ocrx_word' id='word_1_706' title='bbox 1690 5651 1912 5686; x_wconf 71' lang='lat' dir='ltr'><strong>llUSll‘lS-</strong></span> <span class='ocrx_word' id='word_1_707' title='bbox 1948 5649 2000 5686; x_wconf 84' lang='lat' dir='ltr'><strong>nt</strong></span> 
     </span>
    </p>
   </div>
   <div class='ocr_carea' id='block_1_103' title="bbox 421 5631 2004 5708">
    <p class='ocr_par' dir='ltr' id='par_1_103' title="bbox 421 5631 2004 5708">
     <span class='ocr_line' id='line_1_105' title="bbox 421 5631 2004 5708; baseline 0.003 -21"><span class='ocrx_word' id='word_1_708' title='bbox 421 5631 522 5708; x_wconf 65' lang='lat'><strong>551</strong></span> <span class='ocrx_word' id='word_1_709' title='bbox 549 5646 606 5708; x_wconf 82' lang='lat' dir='ltr'><strong>et</strong></span> <span class='ocrx_word' id='word_1_710' title='bbox 630 5651 785 5708; x_wconf 78' lang='lat' dir='ltr'><strong>seqq.</strong></span> <span class='ocrx_word' id='word_1_711' title='bbox 822 5631 910 5688; x_wconf 83' lang='lat' dir='ltr'><strong>tibi</strong></span> <span class='ocrx_word' id='word_1_712' title='bbox 938 5631 1362 5708; x_wconf 45' lang='lat' dir='ltr'><strong>sunt&#39;respunsa</strong></span> <span class='ocrx_word' id='word_1_713' title='bbox 1395 5641 1517 5706; x_wconf 75' lang='lat'><strong>123,</strong></span> <span class='ocrx_word' id='word_1_714' title='bbox 1552 5646 1647 5693; x_wconf 83' lang='lat' dir='ltr'><strong>sed</strong></span> <span class='ocrx_word' id='word_1_715' title='bbox 1690 5631 1912 5703; x_wconf 70' lang='lat' dir='ltr'><strong>nostris,</strong></span> <span class='ocrx_word' id='word_1_716' title='bbox 1948 5631 2004 5692; x_wconf 75' lang='lat' dir='ltr'><strong>iit</strong></span> 
     </span>
    </p>
   </div>
   <div class='ocr_carea' id='block_1_104' title="bbox 421 5705 1044 5774">
    <p class='ocr_par' dir='ltr' id='par_1_104' title="bbox 421 5705 1044 5774">
     <span class='ocr_line' id='line_1_106' title="bbox 421 5705 1044 5774; baseline 0.008 -17"><span class='ocrx_word' id='word_1_717' title='bbox 421 5705 736 5774; x_wconf 85' lang='lat' dir='ltr'><strong>plurimum,</strong></span> <span class='ocrx_word' id='word_1_718' title='bbox 775 5707 1044 5762; x_wconf 84' lang='lat' dir='ltr'><strong>breviora.</strong></span> 
     </span>
    </p>
   </div>
   <div class='ocr_carea' id='block_1_105' title="bbox 2106 4541 3690 4625">
    <p class='ocr_par' dir='ltr' id='par_1_105' title="bbox 2106 4541 3690 4625">
     <span class='ocr_line' id='line_1_107' title="bbox 2106 4541 3690 4625; baseline 0.009 -32"><span class='ocrx_word' id='word_1_719' title='bbox 2106 4541 2395 4596; x_wconf 86' lang='lat' dir='ltr'><strong>scribendo</strong></span> <span class='ocrx_word' id='word_1_720' title='bbox 2434 4544 2757 4614; x_wconf 82' lang='lat' dir='ltr'><strong>elegantiam</strong></span> <span class='ocrx_word' id='word_1_721' title='bbox 2825 4548 2962 4618; x_wconf 80' lang='grc' dir='ltr'><strong>μήτε</strong></span> <span class='ocrx_word' id='word_1_722' title='bbox 3025 4551 3486 4620; x_wconf 78' lang='grc' dir='ltr'><strong>μεμελετηκέναι,</strong></span> <span class='ocrx_word' id='word_1_723' title='bbox 3550 4556 3690 4625; x_wconf 81' lang='grc' dir='ltr'>μήτε</span> 
     </span>
    </p>
   </div>
   <div class='ocr_carea' id='block_1_106' title="bbox 2109 4633 3688 4714">
    <p class='ocr_par' dir='ltr' id='par_1_106' title="bbox 2109 4633 3688 4714">
     <span class='ocr_line' id='line_1_108' title="bbox 2109 4633 3688 4714; baseline 0.009 -30"><span class='ocrx_word' id='word_1_724' title='bbox 2109 4633 2593 4703; x_wconf 79' lang='grc' dir='ltr'><strong>ἐπιτηδεύειν......</strong></span> <span class='ocrx_word' id='word_1_725' title='bbox 2650 4639 2775 4701; x_wconf 75' lang='grc' dir='ltr'>τοὺς</span> <span class='ocrx_word' id='word_1_726' title='bbox 2800 4641 2908 4710; x_wconf 85' lang='grc' dir='ltr'><strong>γὰρ</strong></span> <span class='ocrx_word' id='word_1_727' title='bbox 2964 4641 3073 4692; x_wconf 83' lang='grc' dir='ltr'>τῶν</span> <span class='ocrx_word' id='word_1_728' title='bbox 3121 4641 3321 4707; x_wconf 79' lang='grc' dir='ltr'>λέξεων</span> <span class='ocrx_word' id='word_1_729' title='bbox 3369 4646 3688 4714; x_wconf 80' lang='grc' dir='ltr'>ἐχομένους,</span> 
     </span>
    </p>
   </div>
   <div class='ocr_carea' id='block_1_107' title="bbox 2108 4728 3692 4813">
    <p class='ocr_par' dir='ltr' id='par_1_107' title="bbox 2108 4728 3692 4813">
     <span class='ocr_line' id='line_1_109' title="bbox 2108 4728 3692 4813; baseline 0.013 -35"><span class='ocrx_word' id='word_1_730' title='bbox 2108 4728 2202 4780; x_wconf 73' lang='grc' dir='ltr'>καὶ</span> <span class='ocrx_word' id='word_1_731' title='bbox 2223 4729 2353 4798; x_wconf 78' lang='grc' dir='ltr'>περὶ</span> <span class='ocrx_word' id='word_1_732' title='bbox 2375 4730 2547 4786; x_wconf 84' lang='grc' dir='ltr'><strong>ταῦτα</strong></span> <span class='ocrx_word' id='word_1_733' title='bbox 2573 4732 3001 4803; x_wconf 81' lang='grc' dir='ltr'>ἀσχολουμένους</span> <span class='ocrx_word' id='word_1_734' title='bbox 3025 4734 3387 4808; x_wconf 83' lang='grc' dir='ltr'><strong>διαδιδράσκει</strong></span> <span class='ocrx_word' id='word_1_735' title='bbox 3419 4743 3486 4794; x_wconf 76' lang='grc' dir='ltr'><strong>τὰ</strong></span> <span class='ocrx_word' id='word_1_736' title='bbox 3515 4743 3692 4813; x_wconf 68' lang='grc' dir='ltr'><strong>τιράγ⁴</strong></span> 
     </span>
    </p>
   </div>
   <div class='ocr_carea' id='block_1_108' title="bbox 2109 4825 3690 4894">
    <p class='ocr_par' dir='ltr' id='par_1_108' title="bbox 2109 4825 3690 4894">
     <span class='ocr_line' id='line_1_110' title="bbox 2109 4825 3690 4894; baseline 0.013 -24"><span class='ocrx_word' id='word_1_737' title='bbox 2109 4838 2276 4890; x_wconf 80' lang='grc' dir='ltr'>ματα,</span> <span class='ocrx_word' id='word_1_738' title='bbox 2316 4839 2475 4893; x_wconf 87' lang='lat' dir='ltr'><strong>neque</strong></span> <span class='ocrx_word' id='word_1_739' title='bbox 2513 4825 2810 4893; x_wconf 77' lang='lat' dir='ltr'><strong>a/fectasse,</strong></span> <span class='ocrx_word' id='word_1_740' title='bbox 2846 4844 2938 4881; x_wconf 84' lang='lat' dir='ltr'><strong>nec</strong></span> <span class='ocrx_word' id='word_1_741' title='bbox 2981 4827 3146 4894; x_wconf 77' lang='lat' dir='ltr'><strong>fuisse</strong></span> <span class='ocrx_word' id='word_1_742' title='bbox 3209 4842 3558 4888; x_wconf 70' lang='lat' dir='ltr'><strong>sectatum...</strong></span> <span class='ocrx_word' id='word_1_743' title='bbox 3603 4852 3690 4890; x_wconf 82' lang='lat' dir='ltr'><strong>eos</strong></span> 
     </span>
    </p>
   </div>
   <div class='ocr_carea' id='block_1_109' title="bbox 2159 4931 3689 5018">
    <p class='ocr_par' dir='ltr' id='par_1_109' title="bbox 2159 4931 3689 5018">
     <span class='ocr_line' id='line_1_111' title="bbox 2159 4931 3689 5018; baseline 0.013 -34"><span class='ocrx_word' id='word_1_744' title='bbox 2159 4931 2256 5012; x_wconf 41' lang='lat'><strong>.(8)</strong></span> <span class='ocrx_word' id='word_1_745' title='bbox 2295 4931 2366 5018; x_wconf 32' lang='grc' dir='ltr'><strong>ν...</strong></span> <span class='ocrx_word' id='word_1_746' title='bbox 2403 4933 2694 5018; x_wconf 63' lang='lat' dir='ltr'><strong>Syntagmg</strong></span> <span class='ocrx_word' id='word_1_747' title='bbox 2759 4940 2822 4993; x_wconf 85' lang='lat' dir='ltr'><strong>de</strong></span> <span class='ocrx_word' id='word_1_748' title='bbox 2878 4939 3335 5014; x_wconf 81' lang='lat' dir='ltr'><strong>Engastrimyl/to,</strong></span> <span class='ocrx_word' id='word_1_749' title='bbox 3391 4963 3510 5018; x_wconf 86' lang='lat' dir='ltr'><strong>cap.</strong></span> <span class='ocrx_word' id='word_1_750' title='bbox 3543 4949 3576 5002; x_wconf 72' lang='grc'>2</span> <span class='ocrx_word' id='word_1_751' title='bbox 3616 4949 3689 5004; x_wconf 86' lang='lat' dir='ltr'><strong>De</strong></span> 
     </span>
    </p>
   </div>
   <div class='ocr_carea' id='block_1_110' title="bbox 2109 4997 2716 5078">
    <p class='ocr_par' dir='ltr' id='par_1_110' title="bbox 2109 4997 2716 5078">
     <span class='ocr_line' id='line_1_112' title="bbox 2109 4997 2716 5078; baseline 0.012 -24"><span class='ocrx_word' id='word_1_752' title='bbox 2109 4997 2472 5078; x_wconf 43' lang='lat' dir='ltr'><strong>Sirneonibusv,</strong></span> <span class='ocrx_word' id='word_1_753' title='bbox 2510 4997 2630 5078; x_wconf 68' lang='lat' dir='ltr'><strong>pag.</strong></span> <span class='ocrx_word' id='word_1_754' title='bbox 2664 5010 2716 5064; x_wconf 84' lang='grc'><strong>’5,</strong></span> 
     </span>
    </p>
   </div>
   <div class='ocr_carea' id='block_1_111' title="bbox 2163 5074 3689 5158">
    <p class='ocr_par' dir='ltr' id='par_1_111' title="bbox 2163 5074 3689 5158">
     <span class='ocr_line' id='line_1_113' title="bbox 2163 5074 3689 5158; baseline 0.009 -29"><span class='ocrx_word' id='word_1_755' title='bbox 2163 5074 2254 5158; x_wconf 73' lang='grc'><strong>⁸(9)</strong></span> <span class='ocrx_word' id='word_1_756' title='bbox 2302 5074 2543 5158; x_wconf 41' lang='lat' dir='ltr'><strong>{defensio</strong></span> <span class='ocrx_word' id='word_1_757' title='bbox 2584 5074 2957 5158; x_wconf 66' lang='lat' dir='ltr'><strong>Epistolarum</strong></span> <span class='ocrx_word' id='word_1_758' title='bbox 2998 5086 3335 5158; x_wconf 74' lang='lat' dir='ltr'><strong>pontiﬁcum,</strong></span> <span class='ocrx_word' id='word_1_759' title='bbox 3388 5103 3510 5158; x_wconf 75' lang='lat' dir='ltr'><strong>pag.</strong></span> <span class='ocrx_word' id='word_1_760' title='bbox 3537 5091 3608 5144; x_wconf 74' lang='grc'><strong>24</strong></span> <span class='ocrx_word' id='word_1_761' title='bbox 3634 5101 3689 5144; x_wconf 88' lang='lat' dir='ltr'><strong>et</strong></span> 
     </span>
    </p>
   </div>
   <div class='ocr_carea' id='block_1_112' title="bbox 2108 5144 3682 5267">
    <p class='ocr_par' dir='ltr' id='par_1_112' title="bbox 2108 5144 3682 5267">
     <span class='ocr_line' id='line_1_114' title="bbox 2108 5144 3682 5267; baseline 0.013 -72"><span class='ocrx_word' id='word_1_762' title='bbox 2291 5144 2364 5198; x_wconf 81' lang='lat' dir='ltr'><strong>De</strong></span> <span class='ocrx_word' id='word_1_763' title='bbox 2415 5148 2539 5215; x_wconf 87' lang='lat' dir='ltr'><strong>jure</strong></span> <span class='ocrx_word' id='word_1_764' title='bbox 2587 5144 2870 5206; x_wconf 73' lang='lat' dir='ltr'><strong>ordinandi</strong></span> <span class='ocrx_word' id='word_1_765' title='bbox 2934 5144 3202 5210; x_wconf 67' lang='lat' dir='ltr'><strong>minis-trba</strong></span> <span class='ocrx_word' id='word_1_766' title='bbox 3254 5144 3682 5233; x_wconf 43' lang='lat' dir='ltr'><strong>Ec&#39;clesiiiarpag.</strong></span> 
     </span>
     <span class='ocr_line' id='line_1_115' title="bbox 2143 5231 2229 5267; baseline -0.012 0"><span class='ocrx_word' id='word_1_767' title='bbox 2143 5231 2229 5267; x_wconf 70' lang='lat' dir='ltr'><strong>at).</strong></span> 
     </span>
    </p>
   </div>
   <div class='ocr_carea' id='block_1_113' title="bbox 2143 5231 2229 5268">
    <p class='ocr_par' dir='ltr' id='par_1_113' title="bbox 2143 5231 2229 5268">
     <span class='ocr_line' id='line_1_116' title="bbox 2143 5231 2229 5268; baseline -0.023 0"><span class='ocrx_word' id='word_1_768' title='bbox 2143 5231 2229 5268; x_wconf 70' lang='lat' dir='ltr'><strong>Ui).</strong></span> 
     </span>
    </p>
   </div>
   <div class='ocr_carea' id='block_1_114' title="bbox 2179 5286 3368 5354">
    <p class='ocr_par' dir='ltr' id='par_1_114' title="bbox 2179 5286 3368 5354">
     <span class='ocr_line' id='line_1_117' title="bbox 2179 5286 3368 5354; baseline 0.013 -16"><span class='ocrx_word' id='word_1_769' title='bbox 2179 5286 2288 5354; x_wconf 76' lang='grc'>(10)</span> <span class='ocrx_word' id='word_1_770' title='bbox 2327 5286 2460 5343; x_wconf 76' lang='lat' dir='ltr'><strong>Vide</strong></span> <span class='ocrx_word' id='word_1_771' title='bbox 2487 5292 2779 5348; x_wconf 88' lang='lat' dir='ltr'><strong>editionem</strong></span> <span class='ocrx_word' id='word_1_772' title='bbox 2814 5293 3054 5351; x_wconf 68' lang='lat' dir='ltr'><strong>Colonia:</strong></span> <span class='ocrx_word' id='word_1_773' title='bbox 3086 5313 3175 5353; x_wconf 89' lang='lat' dir='ltr'><strong>an.</strong></span> <span class='ocrx_word' id='word_1_774' title='bbox 3213 5299 3368 5354; x_wconf 85' lang='grc'><strong>1611.</strong></span> 
     </span>
    </p>
   </div>
   <div class='ocr_carea' id='block_1_115' title="bbox 2178 5357 3690 5445">
    <p class='ocr_par' dir='ltr' id='par_1_115' title="bbox 2178 5357 3690 5445">
     <span class='ocr_line' id='line_1_118' title="bbox 2178 5357 3690 5445; baseline 0.015 -36"><span class='ocrx_word' id='word_1_775' title='bbox 2178 5358 2288 5445; x_wconf 77' lang='grc'><strong>(11)</strong></span> <span class='ocrx_word' id='word_1_776' title='bbox 2325 5357 2594 5445; x_wconf 53' lang='grc' dir='ltr'>ρειιιιοιὶιιε</span> <span class='ocrx_word' id='word_1_777' title='bbox 2639 5368 2962 5445; x_wconf 66' lang='lat' dir='ltr'><strong>pi&#39;:eser_titit,</strong></span> <span class='ocrx_word' id='word_1_778' title='bbox 2998 5383 3062 5420; x_wconf 89' lang='lat' dir='ltr'><strong>ac</strong></span> <span class='ocrx_word' id='word_1_779' title='bbox 3091 5368 3497 5445; x_wconf 69' lang='lat' dir='ltr'><strong>Piersennmus,</strong></span> <span class='ocrx_word' id='word_1_780' title='bbox 3549 5390 3690 5445; x_wconf 83' lang='lat' dir='ltr'><strong>quos</strong></span> 
     </span>
    </p>
   </div>
   <div class='ocr_carea' id='block_1_116' title="bbox 2106 5428 3625 5554">
    <p class='ocr_par' dir='ltr' id='par_1_116' title="bbox 2106 5428 3625 5554">
     <span class='ocr_line' id='line_1_119' title="bbox 2106 5428 3625 5554; baseline 0.014 -74"><span class='ocrx_word' id='word_1_781' title='bbox 2106 5428 2247 5553; x_wconf 52' lang='lat' dir='ltr'><strong>v&#39;idq,</strong></span> <span class='ocrx_word' id='word_1_782' title='bbox 2285 5432 2389 5554; x_wconf 47' lang='lat' dir='ltr'><strong>niis:</strong></span> <span class='ocrx_word' id='word_1_783' title='bbox 2428 5433 2593 5501; x_wconf 81' lang='lat' dir='ltr'><strong>piget,</strong></span> <span class='ocrx_word' id='word_1_784' title='bbox 2639 5428 2691 5489; x_wconf 83' lang='lat' dir='ltr'><strong>in</strong></span> <span class='ocrx_word' id='word_1_785' title='bbox 2723 5428 3131 5508; x_wconf 86' lang='lat' dir='ltr'><strong>Prolegomeuis</strong></span> <span class='ocrx_word' id='word_1_786' title='bbox 3161 5442 3228 5494; x_wconf 88' lang='lat' dir='ltr'><strong>ad</strong></span> <span class='ocrx_word' id='word_1_787' title='bbox 3252 5428 3625 5501; x_wconf 55' lang='lat' dir='ltr'><strong>edniouémih</strong></span> 
     </span>
     <span class='ocr_line' id='line_1_120' title="bbox 2106 5515 2502 5554; baseline 0.005 -2"><span class='ocrx_word' id='word_1_788' title='bbox 2106 5515 2175 5553; x_wconf 86' lang='grc' dir='ltr'>ιο</span> <span class='ocrx_word' id='word_1_789' title='bbox 2227 5515 2294 5554; x_wconf 87' lang='lat' dir='ltr'><strong>au</strong></span> <span class='ocrx_word' id='word_1_790' title='bbox 2336 5516 2502 5554; x_wconf 89' lang='lat' dir='ltr'><strong>aam.</strong></span> 
     </span>
    </p>
   </div>
   <div class='ocr_carea' id='block_1_117' title="bbox 2103 5516 2502 5556">
    <p class='ocr_par' dir='ltr' id='par_1_117' title="bbox 2103 5516 2502 5556">
     <span class='ocr_line' id='line_1_121' title="bbox 2103 5516 2502 5556; baseline 0.01 -4"><span class='ocrx_word' id='word_1_791' title='bbox 2103 5516 2175 5553; x_wconf 69' lang='grc'><strong>110</strong></span> <span class='ocrx_word' id='word_1_792' title='bbox 2209 5516 2502 5556; x_wconf 79' lang='lat' dir='ltr'><strong>laudatam.</strong></span> 
     </span>
    </p>
   </div>
   <div class='ocr_carea' id='block_1_118' title="bbox 2177 5571 2829 5646">
    <p class='ocr_par' dir='ltr' id='par_1_118' title="bbox 2177 5571 2829 5646">
     <span class='ocr_line' id='line_1_122' title="bbox 2177 5571 2829 5646; baseline 0.014 -23"><span class='ocrx_word' id='word_1_793' title='bbox 2177 5571 2289 5646; x_wconf 53' lang='grc' dir='ltr'>(ιξὶ)</span> <span class='ocrx_word' id='word_1_794' title='bbox 2325 5571 2454 5646; x_wconf 52' lang='lat' dir='ltr'><strong>itide</strong></span> <span class='ocrx_word' id='word_1_795' title='bbox 2487 5575 2739 5646; x_wconf 68' lang='lat' dir='ltr'><strong>paginam</strong></span> <span class='ocrx_word' id='word_1_796' title='bbox 2775 5577 2829 5632; x_wconf 78' lang='grc'><strong>5.</strong></span> 
     </span>
    </p>
   </div>
   <div class='ocr_carea' id='block_1_119' title="bbox 2178 5641 3632 5722">
    <p class='ocr_par' dir='ltr' id='par_1_119' title="bbox 2178 5641 3632 5722">
     <span class='ocr_line' id='line_1_123' title="bbox 2178 5641 3632 5722; baseline 0.017 -31"><span class='ocrx_word' id='word_1_797' title='bbox 2178 5643 2292 5722; x_wconf 51' lang='lat' dir='ltr'><strong>(is)</strong></span> <span class='ocrx_word' id='word_1_798' title='bbox 2335 5641 2707 5722; x_wconf 26' lang='grc' dir='ltr'><strong>[παρέχοι-αι,-</strong></span> <span class='ocrx_word' id='word_1_799' title='bbox 2722 5649 2824 5722; x_wconf 91' lang='lat' dir='ltr'><strong>lib.</strong></span> <span class='ocrx_word' id='word_1_800' title='bbox 2857 5666 2974 5714; x_wconf 87' lang='lat' dir='ltr'><strong>vm,</strong></span> <span class='ocrx_word' id='word_1_801' title='bbox 3009 5667 3059 5706; x_wconf 90' lang='lat' dir='ltr'><strong>c.</strong></span> <span class='ocrx_word' id='word_1_802' title='bbox 3087 5652 3139 5721; x_wconf 81' lang='lat'><strong>6,</strong></span> <span class='ocrx_word' id='word_1_803' title='bbox 3165 5663 3221 5711; x_wconf 87' lang='lat' dir='ltr'><strong>et</strong></span> <span class='ocrx_word' id='word_1_804' title='bbox 3251 5653 3345 5710; x_wconf 89' lang='lat' dir='ltr'><strong>lib.</strong></span> <span class='ocrx_word' id='word_1_805' title='bbox 3389 5668 3468 5722; x_wconf 82' lang='lat' dir='ltr'><strong>ix,</strong></span> <span class='ocrx_word' id='word_1_806' title='bbox 3491 5669 3544 5712; x_wconf 88' lang='lat' dir='ltr'><strong>c.</strong></span> <span class='ocrx_word' id='word_1_807' title='bbox 3573 5657 3632 5714; x_wconf 78' lang='grc'><strong>2.</strong></span> 
     </span>
    </p>
   </div>
   <div class='ocr_carea' id='block_1_120' title="bbox 2173 5716 3064 5787">
    <p class='ocr_par' dir='ltr' id='par_1_120' title="bbox 2173 5716 3064 5787">
     <span class='ocr_line' id='line_1_124' title="bbox 2173 5716 3064 5787; baseline 0.016 -22"><span class='ocrx_word' id='word_1_808' title='bbox 2173 5717 2286 5783; x_wconf 76' lang='grc' dir='ltr'>(Μ)</span> <span class='ocrx_word' id='word_1_809' title='bbox 2325 5716 2396 5769; x_wconf 88' lang='lat' dir='ltr'><strong>Ue</strong></span> <span class='ocrx_word' id='word_1_810' title='bbox 2427 5717 2647 5786; x_wconf 77' lang='lat' dir='ltr'><strong>ﬁnibus,</strong></span> <span class='ocrx_word' id='word_1_811' title='bbox 2677 5720 2769 5775; x_wconf 91' lang='lat' dir='ltr'><strong>lib.</strong></span> <span class='ocrx_word' id='word_1_812' title='bbox 2799 5737 2879 5787; x_wconf 87' lang='grc' dir='ltr'>ιιι,</span> <span class='ocrx_word' id='word_1_813' title='bbox 2904 5723 3064 5779; x_wconf 75' lang='lat'><strong>0.15.</strong></span> 
     </span>
    </p>
   </div>
  </div>
