  <div class='ocr_page' id='page_1' title='image "/cluster/home/n/w/nwhite01/storage/ocr_20150623/101 pt.1/mdp.39015061955830/036.png"; bbox 0 0 3976 6222; ppageno 0'>
   <div class='ocr_carea' id='block_1_1' title="bbox 331 307 3618 388">
    <p class='ocr_par' dir='ltr' id='par_1_1' title="bbox 331 307 3618 388">
     <span class='ocr_line' id='line_1_1' title="bbox 331 307 3618 388; baseline 0.006 -21"><span class='ocrx_word' id='word_1_1' title='bbox 331 323 415 385; x_wconf 60' lang='lat'>29</span> <span class='ocrx_word' id='word_1_2' title='bbox 1672 315 2262 378; x_wconf 74' lang='lat' dir='ltr'><strong><em>PROLEGOMENA.</em></strong></span> <span class='ocrx_word' id='word_1_3' title='bbox 2311 307 2325 321; x_wconf 85' lang='lat'><strong><em>‘</em></strong></span> <span class='ocrx_word' id='word_1_4' title='bbox 3523 325 3618 388; x_wconf 86' lang='lat'><strong><em>30-</em></strong></span> 
     </span>
    </p>
   </div>
   <div class='ocr_carea' id='block_1_2' title="bbox 332 429 3599 507">
    <p class='ocr_par' dir='ltr' id='par_1_2' title="bbox 332 429 3599 507">
     <span class='ocr_line' id='line_1_2' title="bbox 332 429 3599 507; baseline 0.002 -20"><span class='ocrx_word' id='word_1_5' title='bbox 332 437 502 494; x_wconf 70' lang='lat' dir='ltr'><strong><em>enim,</em></strong></span> <span class='ocrx_word' id='word_1_6' title='bbox 544 431 634 495; x_wconf 81' lang='lat' dir='ltr'><strong><em>qui</em></strong></span> <span class='ocrx_word' id='word_1_7' title='bbox 665 447 696 483; x_wconf 93' lang='lat' dir='ltr'><strong><em>a</em></strong></span> <span class='ocrx_word' id='word_1_8' title='bbox 728 429 1046 484; x_wconf 75' lang='lat' dir='ltr'><strong><em>dictionibus</em></strong></span> <span class='ocrx_word' id='word_1_9' title='bbox 1083 431 1329 498; x_wconf 76' lang='lat' dir='ltr'><strong><em>pendent,</em></strong></span> <span class='ocrx_word' id='word_1_10' title='bbox 1377 440 1427 483; x_wconf 85' lang='lat' dir='ltr'><strong><em>et</em></strong></span> <span class='ocrx_word' id='word_1_11' title='bbox 1465 432 1520 484; x_wconf 84' lang='lat' dir='ltr'><strong><em>in</em></strong></span> <span class='ocrx_word' id='word_1_12' title='bbox 1545 431 1612 485; x_wconf 81' lang='lat' dir='ltr'><strong><em>iis</em></strong></span> <span class='ocrx_word' id='word_1_13' title='bbox 1652 446 1918 500; x_wconf 83' lang='lat' dir='ltr'><strong><em>occupan-</em></strong></span> <span class='ocrx_word' id='word_1_14' title='bbox 1951 441 1994 494; x_wconf 78' lang='grc' dir='ltr'>Α</span> <span class='ocrx_word' id='word_1_15' title='bbox 2023 429 2096 482; x_wconf 87' lang='lat' dir='ltr'><strong><em>ibi</em></strong></span> <span class='ocrx_word' id='word_1_16' title='bbox 2133 437 2282 496; x_wconf 85' lang='lat' dir='ltr'><strong><em>sunt,</em></strong></span> <span class='ocrx_word' id='word_1_17' title='bbox 2319 440 2378 483; x_wconf 91' lang='lat' dir='ltr'><strong><em>ut</em></strong></span> <span class='ocrx_word' id='word_1_18' title='bbox 2405 429 2522 498; x_wconf 87' lang='lat' dir='ltr'><strong><em>ipsa</em></strong></span> <span class='ocrx_word' id='word_1_19' title='bbox 2563 430 2736 499; x_wconf 78' lang='lat' dir='ltr'><strong><em>capita</em></strong></span> <span class='ocrx_word' id='word_1_20' title='bbox 2773 440 3177 490; x_wconf 87' lang='lat' dir='ltr'><strong><em>recenseantur.</em></strong></span> <span class='ocrx_word' id='word_1_21' title='bbox 3215 435 3286 489; x_wconf 82' lang='lat' dir='ltr'><strong><em>At</em></strong></span> <span class='ocrx_word' id='word_1_22' title='bbox 3315 450 3415 507; x_wconf 89' lang='lat' dir='ltr'><strong><em>ego</em></strong></span> <span class='ocrx_word' id='word_1_23' title='bbox 3445 479 3462 504; x_wconf 91' lang='lat'><strong><em>,</em></strong></span> <span class='ocrx_word' id='word_1_24' title='bbox 3492 439 3599 493; x_wconf 86' lang='lat' dir='ltr'><strong><em>nisi</em></strong></span> 
     </span>
    </p>
   </div>
   <div class='ocr_carea' id='block_1_3' title="bbox 335 521 1926 592">
    <p class='ocr_par' dir='ltr' id='par_1_3' title="bbox 335 521 1926 592">
     <span class='ocr_line' id='line_1_3' title="bbox 335 521 1926 592; baseline -0.001 -15"><span class='ocrx_word' id='word_1_25' title='bbox 335 537 449 584; x_wconf 80' lang='lat' dir='ltr'><strong><em>tur,</em></strong></span> <span class='ocrx_word' id='word_1_26' title='bbox 484 525 619 592; x_wconf 76' lang='lat' dir='ltr'><strong><em>ipsa:</em></strong></span> <span class='ocrx_word' id='word_1_27' title='bbox 652 539 731 576; x_wconf 80' lang='lat' dir='ltr'><strong><em>res</em></strong></span> <span class='ocrx_word' id='word_1_28' title='bbox 771 523 1030 592; x_wconf 70' lang='lat' dir='ltr'><strong><em>effugiunt</em></strong></span> <span class='ocrx_word' id='word_1_29' title='bbox 1070 521 1206 592; x_wconf 81' lang='grc'>(15).</span> <span class='ocrx_word' id='word_1_30' title='bbox 1255 521 1395 575; x_wconf 84' lang='lat' dir='ltr'><strong><em>Alibi</em></strong></span> <span class='ocrx_word' id='word_1_31' title='bbox 1441 537 1662 592; x_wconf 87' lang='lat' dir='ltr'><strong><em>quoque</em></strong></span> <span class='ocrx_word' id='word_1_32' title='bbox 1702 523 1818 592; x_wconf 90' lang='lat' dir='ltr'><strong><em>ipse</em></strong></span> <span class='ocrx_word' id='word_1_33' title='bbox 1862 522 1926 575; x_wconf 93' lang='lat' dir='ltr'><strong><em>de</em></strong></span> 
     </span>
    </p>
   </div>
   <div class='ocr_carea' id='block_1_4' title="bbox 333 613 1930 686">
    <p class='ocr_par' dir='ltr' id='par_1_4' title="bbox 333 613 1930 686">
     <span class='ocr_line' id='line_1_4' title="bbox 333 613 1930 686; baseline -0.004 -14"><span class='ocrx_word' id='word_1_34' title='bbox 333 632 420 682; x_wconf 87' lang='lat' dir='ltr'><strong><em>se,</em></strong></span> <span class='ocrx_word' id='word_1_35' title='bbox 465 615 643 686; x_wconf 75' lang='grc' dir='ltr'><strong><em>Ἐμοὶ,</em></strong></span> <span class='ocrx_word' id='word_1_36' title='bbox 678 616 873 684; x_wconf 88' lang='lat' dir='ltr'><strong><em>inquit,</em></strong></span> <span class='ocrx_word' id='word_1_37' title='bbox 906 615 1192 683; x_wconf 82' lang='grc' dir='ltr'><strong><em>πρόκειται</em></strong></span> <span class='ocrx_word' id='word_1_38' title='bbox 1229 613 1555 683; x_wconf 75' lang='grc' dir='ltr'>εὐγλωττίαν</span> <span class='ocrx_word' id='word_1_39' title='bbox 1599 615 1808 684; x_wconf 86' lang='grc' dir='ltr'>μήποτε</span> <span class='ocrx_word' id='word_1_40' title='bbox 1834 613 1930 683; x_wconf 79' lang='grc' dir='ltr'><strong><em>ζη-</em></strong></span> 
     </span>
    </p>
   </div>
   <div class='ocr_carea' id='block_1_5' title="bbox 334 706 1924 780">
    <p class='ocr_par' dir='ltr' id='par_1_5' title="bbox 334 706 1924 780">
     <span class='ocr_line' id='line_1_5' title="bbox 334 706 1924 780; baseline -0.003 -18"><span class='ocrx_word' id='word_1_41' title='bbox 334 709 563 774; x_wconf 67' lang='grc' dir='ltr'>λοῦντα,</span> <span class='ocrx_word' id='word_1_42' title='bbox 587 708 877 780; x_wconf 84' lang='grc' dir='ltr'>ἀρκεῖσθαι</span> <span class='ocrx_word' id='word_1_43' title='bbox 903 709 1049 778; x_wconf 81' lang='grc' dir='ltr'><strong><em>μόνῳ</em></strong></span> <span class='ocrx_word' id='word_1_44' title='bbox 1082 709 1160 778; x_wconf 85' lang='grc' dir='ltr'><strong><em>τῷ</em></strong></span> <span class='ocrx_word' id='word_1_45' title='bbox 1195 706 1502 772; x_wconf 76' lang='grc' dir='ltr'>αἰνίξασθαι</span> <span class='ocrx_word' id='word_1_46' title='bbox 1532 707 1592 760; x_wconf 84' lang='grc' dir='ltr'>τὸ</span> <span class='ocrx_word' id='word_1_47' title='bbox 1615 707 1924 774; x_wconf 82' lang='grc' dir='ltr'>νοούμενον·</span> 
     </span>
    </p>
   </div>
   <div class='ocr_carea' id='block_1_6' title="bbox 331 799 1927 873">
    <p class='ocr_par' dir='ltr' id='par_1_6' title="bbox 331 799 1927 873">
     <span class='ocr_line' id='line_1_6' title="bbox 331 799 1927 873; baseline -0.003 -17"><span class='ocrx_word' id='word_1_48' title='bbox 331 803 512 873; x_wconf 83' lang='grc' dir='ltr'>ὁποίῳ</span> <span class='ocrx_word' id='word_1_49' title='bbox 546 802 601 855; x_wconf 75' lang='grc' dir='ltr'><strong><em>δὲ</em></strong></span> <span class='ocrx_word' id='word_1_50' title='bbox 636 803 858 872; x_wconf 78' lang='grc' dir='ltr'><strong><em>ὀνόματι</em></strong></span> <span class='ocrx_word' id='word_1_51' title='bbox 889 801 1146 872; x_wconf 82' lang='grc' dir='ltr'>δηλοῦται</span> <span class='ocrx_word' id='word_1_52' title='bbox 1179 802 1357 865; x_wconf 83' lang='grc' dir='ltr'>τοῦτο,</span> <span class='ocrx_word' id='word_1_53' title='bbox 1395 801 1533 870; x_wconf 80' lang='grc' dir='ltr'><strong><em>ὅπερ</em></strong></span> <span class='ocrx_word' id='word_1_54' title='bbox 1575 799 1927 870; x_wconf 78' lang='grc' dir='ltr'><strong><em>παραστῆσαι</em></strong></span> 
     </span>
    </p>
   </div>
   <div class='ocr_carea' id='block_1_7' title="bbox 335 893 1928 965">
    <p class='ocr_par' dir='ltr' id='par_1_7' title="bbox 335 893 1928 965">
     <span class='ocr_line' id='line_1_7' title="bbox 335 893 1928 965; baseline -0.002 -18"><span class='ocrx_word' id='word_1_55' title='bbox 335 894 630 965; x_wconf 83' lang='grc' dir='ltr'>βούλομαι,</span> <span class='ocrx_word' id='word_1_56' title='bbox 681 894 841 947; x_wconf 83' lang='grc' dir='ltr'>οὐθέν</span> <span class='ocrx_word' id='word_1_57' title='bbox 884 911 973 964; x_wconf 85' lang='grc' dir='ltr'>μοι</span> <span class='ocrx_word' id='word_1_58' title='bbox 1023 894 1193 964; x_wconf 82' lang='grc' dir='ltr'><strong>μέλει.</strong></span> <span class='ocrx_word' id='word_1_59' title='bbox 1267 893 1399 947; x_wconf 82' lang='lat' dir='ltr'><strong><em>Mihi</em></strong></span> <span class='ocrx_word' id='word_1_60' title='bbox 1477 895 1800 961; x_wconf 81' lang='lat' dir='ltr'><strong><em>propositum</em></strong></span> <span class='ocrx_word' id='word_1_61' title='bbox 1850 900 1928 945; x_wconf 85' lang='lat' dir='ltr'><strong><em>est</em></strong></span> 
     </span>
    </p>
   </div>
   <div class='ocr_carea' id='block_1_8' title="bbox 331 985 1927 1057">
    <p class='ocr_par' dir='ltr' id='par_1_8' title="bbox 331 985 1927 1057">
     <span class='ocr_line' id='line_1_8' title="bbox 331 985 1927 1057; baseline -0.001 -18"><span class='ocrx_word' id='word_1_62' title='bbox 331 996 400 1039; x_wconf 86' lang='lat' dir='ltr'><strong><em>ut</em></strong></span> <span class='ocrx_word' id='word_1_63' title='bbox 444 987 797 1039; x_wconf 77' lang='lat' dir='ltr'><strong><em>elocutionem</em></strong></span> <span class='ocrx_word' id='word_1_64' title='bbox 828 1003 1095 1057; x_wconf 85' lang='lat' dir='ltr'><strong><em>nunquam</em></strong></span> <span class='ocrx_word' id='word_1_65' title='bbox 1127 986 1382 1054; x_wconf 75' lang='lat' dir='ltr'><strong><em>affectans</em></strong></span> <span class='ocrx_word' id='word_1_66' title='bbox 1440 994 1712 1039; x_wconf 79' lang='lat' dir='ltr'><strong><em>contentus</em></strong></span> <span class='ocrx_word' id='word_1_67' title='bbox 1737 987 1856 1049; x_wconf 83' lang='lat' dir='ltr'><strong><em>sint,</em></strong></span> <span class='ocrx_word' id='word_1_68' title='bbox 1881 985 1927 1038; x_wconf 85' lang='lat' dir='ltr'><strong><em>si</em></strong></span> 
     </span>
    </p>
   </div>
   <div class='ocr_carea' id='block_1_9' title="bbox 334 1075 1928 1145">
    <p class='ocr_par' dir='ltr' id='par_1_9' title="bbox 334 1075 1928 1145">
     <span class='ocr_line' id='line_1_9' title="bbox 334 1075 1928 1145; baseline 0.003 -19"><span class='ocrx_word' id='word_1_69' title='bbox 334 1075 632 1144; x_wconf 81' lang='lat' dir='ltr'><strong><em>cogitatum</em></strong></span> <span class='ocrx_word' id='word_1_70' title='bbox 674 1092 845 1128; x_wconf 83' lang='lat' dir='ltr'><strong><em>meum</em></strong></span> <span class='ocrx_word' id='word_1_71' title='bbox 879 1076 1137 1129; x_wconf 82' lang='lat' dir='ltr'><strong><em>declarent</em></strong></span> <span class='ocrx_word' id='word_1_72' title='bbox 1157 1093 1176 1141; x_wconf 89' lang='lat'><strong><em>;</em></strong></span> <span class='ocrx_word' id='word_1_73' title='bbox 1211 1092 1443 1145; x_wconf 80' lang='lat' dir='ltr'><strong><em>quanam</em></strong></span> <span class='ocrx_word' id='word_1_74' title='bbox 1474 1092 1590 1128; x_wconf 88' lang='lat' dir='ltr'><strong><em>vero</em></strong></span> <span class='ocrx_word' id='word_1_75' title='bbox 1639 1076 1780 1129; x_wconf 84' lang='lat' dir='ltr'><strong><em>istud</em></strong></span> <span class='ocrx_word' id='word_1_76' title='bbox 1810 1092 1928 1130; x_wconf 84' lang='lat' dir='ltr'><strong><em>voce</em></strong></span> 
     </span>
    </p>
   </div>
   <div class='ocr_carea' id='block_1_10' title="bbox 331 1166 1925 1239">
    <p class='ocr_par' dir='ltr' id='par_1_10' title="bbox 331 1166 1925 1239">
     <span class='ocr_line' id='line_1_10' title="bbox 331 1166 1925 1239; baseline 0.003 -21"><span class='ocrx_word' id='word_1_77' title='bbox 331 1166 654 1234; x_wconf 75' lang='lat' dir='ltr'><strong><em>explicetur,</em></strong></span> <span class='ocrx_word' id='word_1_78' title='bbox 679 1167 816 1235; x_wconf 86' lang='lat' dir='ltr'><strong><em>quod</em></strong></span> <span class='ocrx_word' id='word_1_79' title='bbox 834 1183 1088 1234; x_wconf 74' lang='lat' dir='ltr'><strong><em>exponere</em></strong></span> <span class='ocrx_word' id='word_1_80' title='bbox 1111 1168 1249 1230; x_wconf 86' lang='lat' dir='ltr'><strong><em>volo,</em></strong></span> <span class='ocrx_word' id='word_1_81' title='bbox 1282 1166 1412 1220; x_wconf 80' lang='lat' dir='ltr'><strong><em>nihil</em></strong></span> <span class='ocrx_word' id='word_1_82' title='bbox 1433 1184 1545 1220; x_wconf 86' lang='lat' dir='ltr'><strong><em>mea</em></strong></span> <span class='ocrx_word' id='word_1_83' title='bbox 1564 1168 1925 1239; x_wconf 77' lang='lat' dir='ltr'><strong><em>intercst(lli).</em></strong></span> 
     </span>
    </p>
   </div>
   <div class='ocr_carea' id='block_1_11' title="bbox 333 1257 1926 1328">
    <p class='ocr_par' dir='ltr' id='par_1_11' title="bbox 333 1257 1926 1328">
     <span class='ocr_line' id='line_1_11' title="bbox 333 1257 1926 1328; baseline 0.002 -17"><span class='ocrx_word' id='word_1_84' title='bbox 333 1257 497 1322; x_wconf 80' lang='lat' dir='ltr'><strong><em>Quod</em></strong></span> <span class='ocrx_word' id='word_1_85' title='bbox 557 1267 737 1312; x_wconf 89' lang='lat' dir='ltr'><strong><em>autem</em></strong></span> <span class='ocrx_word' id='word_1_86' title='bbox 770 1260 940 1327; x_wconf 87' lang='lat' dir='ltr'><strong><em>stylus</em></strong></span> <span class='ocrx_word' id='word_1_87' title='bbox 971 1260 1314 1328; x_wconf 83' lang='lat' dir='ltr'><strong><em>potissimum</em></strong></span> <span class='ocrx_word' id='word_1_88' title='bbox 1347 1261 1400 1313; x_wconf 90' lang='lat' dir='ltr'><strong><em>in</em></strong></span> <span class='ocrx_word' id='word_1_89' title='bbox 1431 1261 1689 1315; x_wconf 85' lang='lat' dir='ltr'><strong><em>curandis</em></strong></span> <span class='ocrx_word' id='word_1_90' title='bbox 1718 1261 1926 1314; x_wconf 89' lang='lat' dir='ltr'><strong><em>versio-</em></strong></span> 
     </span>
    </p>
   </div>
   <div class='ocr_carea' id='block_1_12' title="bbox 335 1348 1927 1422">
    <p class='ocr_par' dir='ltr' id='par_1_12' title="bbox 335 1348 1927 1422">
     <span class='ocr_line' id='line_1_12' title="bbox 335 1348 1927 1422; baseline 0.004 -20"><span class='ocrx_word' id='word_1_91' title='bbox 335 1349 511 1403; x_wconf 90' lang='lat' dir='ltr'><strong><em>nibus</em></strong></span> <span class='ocrx_word' id='word_1_92' title='bbox 549 1348 618 1402; x_wconf 90' lang='lat' dir='ltr'><strong><em>ad</em></strong></span> <span class='ocrx_word' id='word_1_93' title='bbox 665 1349 980 1414; x_wconf 85' lang='lat' dir='ltr'><strong><em>hujusmodi</em></strong></span> <span class='ocrx_word' id='word_1_94' title='bbox 1023 1353 1263 1420; x_wconf 82' lang='lat' dir='ltr'><strong><em>regulam</em></strong></span> <span class='ocrx_word' id='word_1_95' title='bbox 1310 1352 1627 1422; x_wconf 85' lang='lat' dir='ltr'><strong><em>dirigcndus</em></strong></span> <span class='ocrx_word' id='word_1_96' title='bbox 1677 1353 1768 1419; x_wconf 92' lang='lat' dir='ltr'><strong><em>sit,</em></strong></span> <span class='ocrx_word' id='word_1_97' title='bbox 1805 1352 1927 1408; x_wconf 84' lang='lat' dir='ltr'><strong><em>fuse</em></strong></span> 
     </span>
    </p>
   </div>
   <div class='ocr_carea' id='block_1_13' title="bbox 329 1439 1198 1512">
    <p class='ocr_par' dir='ltr' id='par_1_13' title="bbox 329 1439 1198 1512">
     <span class='ocr_line' id='line_1_13' title="bbox 329 1439 1198 1512; baseline 0 -18"><span class='ocrx_word' id='word_1_98' title='bbox 329 1440 526 1494; x_wconf 90' lang='lat' dir='ltr'><strong><em>docuit</em></strong></span> <span class='ocrx_word' id='word_1_99' title='bbox 576 1439 637 1493; x_wconf 92' lang='lat' dir='ltr'><strong><em>D.</em></strong></span> <span class='ocrx_word' id='word_1_100' title='bbox 674 1441 1038 1512; x_wconf 84' lang='lat' dir='ltr'><strong><em>Hieronymus</em></strong></span> <span class='ocrx_word' id='word_1_101' title='bbox 1065 1441 1198 1512; x_wconf 88' lang='lat' dir='ltr'><strong><em>(l7).</em></strong></span> 
     </span>
    </p>
   </div>
   <div class='ocr_carea' id='block_1_14' title="bbox 409 1530 1922 1606">
    <p class='ocr_par' dir='ltr' id='par_1_14' title="bbox 409 1530 1922 1606">
     <span class='ocr_line' id='line_1_14' title="bbox 409 1530 1922 1606; baseline 0.001 -21"><span class='ocrx_word' id='word_1_102' title='bbox 409 1530 524 1586; x_wconf 84' lang='lat' dir='ltr'><strong><em>Nec</em></strong></span> <span class='ocrx_word' id='word_1_103' title='bbox 560 1534 746 1587; x_wconf 89' lang='lat' dir='ltr'><strong><em>minus</em></strong></span> <span class='ocrx_word' id='word_1_104' title='bbox 781 1532 1012 1588; x_wconf 77' lang='lat' dir='ltr'><strong><em>fortasse</em></strong></span> <span class='ocrx_word' id='word_1_105' title='bbox 1047 1534 1255 1604; x_wconf 79' lang='lat' dir='ltr'><strong><em>profuit</em></strong></span> <span class='ocrx_word' id='word_1_106' title='bbox 1283 1533 1661 1606; x_wconf 81' lang='grc' dir='ltr'>παρενθέσεις,</span> <span class='ocrx_word' id='word_1_107' title='bbox 1699 1549 1823 1604; x_wconf 86' lang='lat' dir='ltr'><strong><em>quae</em></strong></span> <span class='ocrx_word' id='word_1_108' title='bbox 1868 1534 1922 1587; x_wconf 89' lang='lat' dir='ltr'><strong><em>in</em></strong></span> 
     </span>
    </p>
   </div>
   <div class='ocr_carea' id='block_1_15' title="bbox 330 1622 1922 1695">
    <p class='ocr_par' dir='ltr' id='par_1_15' title="bbox 330 1622 1922 1695">
     <span class='ocr_line' id='line_1_15' title="bbox 330 1622 1922 1695; baseline 0.003 -19"><span class='ocrx_word' id='word_1_109' title='bbox 330 1622 680 1693; x_wconf 64' lang='lat' dir='ltr'><strong><em>abtoypdtzptp</em></strong></span> <span class='ocrx_word' id='word_1_110' title='bbox 711 1623 960 1692; x_wconf 75' lang='lat' dir='ltr'><strong><em>deerant,</em></strong></span> <span class='ocrx_word' id='word_1_111' title='bbox 1010 1640 1112 1695; x_wconf 89' lang='lat' dir='ltr'><strong><em>pro</em></strong></span> <span class='ocrx_word' id='word_1_112' title='bbox 1157 1642 1215 1680; x_wconf 92' lang='lat' dir='ltr'><strong><em>re</em></strong></span> <span class='ocrx_word' id='word_1_113' title='bbox 1254 1635 1382 1680; x_wconf 84' lang='lat' dir='ltr'><strong><em>nata</em></strong></span> <span class='ocrx_word' id='word_1_114' title='bbox 1414 1626 1739 1681; x_wconf 86' lang='lat' dir='ltr'><strong><em>interserere</em></strong></span> <span class='ocrx_word' id='word_1_115' title='bbox 1766 1667 1780 1692; x_wconf 97' lang='lat'><strong><em>,</em></strong></span> <span class='ocrx_word' id='word_1_116' title='bbox 1821 1642 1922 1681; x_wconf 89' lang='lat' dir='ltr'><strong><em>nec</em></strong></span> 
     </span>
    </p>
   </div>
   <div class='ocr_carea' id='block_1_16' title="bbox 330 1717 1926 1789">
    <p class='ocr_par' dir='ltr' id='par_1_16' title="bbox 330 1717 1926 1789">
     <span class='ocr_line' id='line_1_16' title="bbox 330 1717 1926 1789; baseline 0.003 -19"><span class='ocrx_word' id='word_1_117' title='bbox 330 1732 449 1771; x_wconf 84' lang='lat' dir='ltr'><strong><em>non</em></strong></span> <span class='ocrx_word' id='word_1_118' title='bbox 499 1725 555 1771; x_wconf 89' lang='lat' dir='ltr'><strong><em>et</em></strong></span> <span class='ocrx_word' id='word_1_119' title='bbox 609 1717 771 1771; x_wconf 88' lang='lat' dir='ltr'><strong><em>verba</em></strong></span> <span class='ocrx_word' id='word_1_120' title='bbox 817 1734 1101 1773; x_wconf 88' lang='lat' dir='ltr'><strong><em>sacrarum</em></strong></span> <span class='ocrx_word' id='word_1_121' title='bbox 1172 1717 1525 1786; x_wconf 90' lang='lat' dir='ltr'><strong><em>Litterarum,</em></strong></span> <span class='ocrx_word' id='word_1_122' title='bbox 1581 1719 1926 1789; x_wconf 87' lang='lat' dir='ltr'><strong><em>aliorumque</em></strong></span> 
     </span>
    </p>
   </div>
   <div class='ocr_carea' id='block_1_17' title="bbox 2032 522 3600 594">
    <p class='ocr_par' dir='ltr' id='par_1_17' title="bbox 2032 522 3600 594">
     <span class='ocr_line' id='line_1_17' title="bbox 2032 522 3600 594; baseline 0.008 -20"><span class='ocrx_word' id='word_1_123' title='bbox 2032 522 2210 587; x_wconf 83' lang='lat' dir='ltr'><strong><em>fallor,</em></strong></span> <span class='ocrx_word' id='word_1_124' title='bbox 2256 523 2309 575; x_wconf 89' lang='lat' dir='ltr'><strong><em>in</em></strong></span> <span class='ocrx_word' id='word_1_125' title='bbox 2360 523 2679 578; x_wconf 79' lang='lat' dir='ltr'><strong><em>minutiores</em></strong></span> <span class='ocrx_word' id='word_1_126' title='bbox 2718 524 2904 594; x_wconf 93' lang='lat' dir='ltr'><strong><em>utique</em></strong></span> <span class='ocrx_word' id='word_1_127' title='bbox 2953 535 3134 594; x_wconf 82' lang='lat' dir='ltr'><strong><em>partes</em></strong></span> <span class='ocrx_word' id='word_1_128' title='bbox 3178 537 3346 582; x_wconf 88' lang='lat' dir='ltr'><strong><em>totam</em></strong></span> <span class='ocrx_word' id='word_1_129' title='bbox 3395 532 3600 585; x_wconf 90' lang='lat' dir='ltr'><strong><em>oratio-</em></strong></span> 
     </span>
    </p>
   </div>
   <div class='ocr_carea' id='block_1_18' title="bbox 2031 614 3600 690">
    <p class='ocr_par' dir='ltr' id='par_1_18' title="bbox 2031 614 3600 690">
     <span class='ocr_line' id='line_1_18' title="bbox 2031 614 3600 690; baseline 0.005 -22"><span class='ocrx_word' id='word_1_130' title='bbox 2031 630 2151 669; x_wconf 91' lang='lat' dir='ltr'><strong><em>nem</em></strong></span> <span class='ocrx_word' id='word_1_131' title='bbox 2205 614 2459 669; x_wconf 89' lang='lat' dir='ltr'><strong><em>distribui</em></strong></span> <span class='ocrx_word' id='word_1_132' title='bbox 2505 632 2518 668; x_wconf 92' lang='lat'><strong>:</strong></span> <span class='ocrx_word' id='word_1_133' title='bbox 2560 631 2722 684; x_wconf 90' lang='lat' dir='ltr'><strong><em>quam</em></strong></span> <span class='ocrx_word' id='word_1_134' title='bbox 2754 617 3151 671; x_wconf 88' lang='lat' dir='ltr'><strong><em>institutionem</em></strong></span> <span class='ocrx_word' id='word_1_135' title='bbox 3184 619 3297 688; x_wconf 88' lang='lat' dir='ltr'><strong><em>jam</em></strong></span> <span class='ocrx_word' id='word_1_136' title='bbox 3339 637 3507 690; x_wconf 87' lang='lat' dir='ltr'><strong><em>usque</em></strong></span> <span class='ocrx_word' id='word_1_137' title='bbox 3532 623 3600 676; x_wconf 89' lang='lat' dir='ltr'><strong><em>ab</em></strong></span> 
     </span>
    </p>
   </div>
   <div class='ocr_carea' id='block_1_19' title="bbox 2028 707 3598 783">
    <p class='ocr_par' dir='ltr' id='par_1_19' title="bbox 2028 707 3598 783">
     <span class='ocr_line' id='line_1_19' title="bbox 2028 707 3598 783; baseline 0.004 -22"><span class='ocrx_word' id='word_1_138' title='bbox 2028 707 2254 762; x_wconf 86' lang='lat' dir='ltr'><strong><em>exordio</em></strong></span> <span class='ocrx_word' id='word_1_139' title='bbox 2282 719 2617 776; x_wconf 87' lang='lat' dir='ltr'><strong><em>susceptam,</em></strong></span> <span class='ocrx_word' id='word_1_140' title='bbox 2641 719 3075 764; x_wconf 85' lang='lat' dir='ltr'><strong><em>consentaneum</em></strong></span> <span class='ocrx_word' id='word_1_141' title='bbox 3108 709 3209 763; x_wconf 82' lang='lat' dir='ltr'><strong><em>fuit</em></strong></span> <span class='ocrx_word' id='word_1_142' title='bbox 3236 712 3319 766; x_wconf 88' lang='lat' dir='ltr'><strong><em>vel</em></strong></span> <span class='ocrx_word' id='word_1_143' title='bbox 3346 713 3400 766; x_wconf 91' lang='lat' dir='ltr'><strong><em>in</em></strong></span> <span class='ocrx_word' id='word_1_144' title='bbox 3427 731 3598 783; x_wconf 80' lang='lat' dir='ltr'><strong><em>nuper</em></strong></span> 
     </span>
    </p>
   </div>
   <div class='ocr_carea' id='block_1_20' title="bbox 2030 799 3598 876">
    <p class='ocr_par' dir='ltr' id='par_1_20' title="bbox 2030 799 3598 876">
     <span class='ocr_line' id='line_1_20' title="bbox 2030 799 3598 876; baseline 0.005 -24"><span class='ocrx_word' id='word_1_145' title='bbox 2030 810 2330 854; x_wconf 88' lang='lat' dir='ltr'><strong><em>memorato</em></strong></span> <span class='ocrx_word' id='word_1_146' title='bbox 2369 799 2672 869; x_wconf 81' lang='lat' dir='ltr'><strong><em>fragmento</em></strong></span> <span class='ocrx_word' id='word_1_147' title='bbox 2723 802 3014 871; x_wconf 82' lang='lat' dir='ltr'><strong><em>persequi;</em></strong></span> <span class='ocrx_word' id='word_1_148' title='bbox 3064 815 3227 871; x_wconf 80' lang='lat' dir='ltr'><strong><em>atque</em></strong></span> <span class='ocrx_word' id='word_1_149' title='bbox 3275 805 3411 859; x_wconf 84' lang='lat' dir='ltr'><strong><em>adeo</em></strong></span> <span class='ocrx_word' id='word_1_150' title='bbox 3453 809 3598 876; x_wconf 84' lang='lat' dir='ltr'><strong><em>quod</em></strong></span> 
     </span>
    </p>
   </div>
   <div class='ocr_carea' id='block_1_21' title="bbox 2029 888 3596 964">
    <p class='ocr_par' dir='ltr' id='par_1_21' title="bbox 2029 888 3596 964">
     <span class='ocr_line' id='line_1_21' title="bbox 2029 888 3596 964; baseline 0.007 -23"><span class='ocrx_word' id='word_1_151' title='bbox 2029 904 2136 942; x_wconf 89' lang='lat' dir='ltr'><strong><em>uno</em></strong></span> <span class='ocrx_word' id='word_1_152' title='bbox 2187 888 2429 942; x_wconf 85' lang='lat' dir='ltr'><strong><em>Vaticani</em></strong></span> <span class='ocrx_word' id='word_1_153' title='bbox 2482 891 2688 944; x_wconf 79' lang='lat' dir='ltr'><strong><em>codicis</em></strong></span> <span class='ocrx_word' id='word_1_154' title='bbox 2740 891 2917 959; x_wconf 87' lang='lat' dir='ltr'><strong><em>capite</em></strong></span> <span class='ocrx_word' id='word_1_155' title='bbox 2957 894 3294 958; x_wconf 85' lang='lat' dir='ltr'><strong><em>continetur,</em></strong></span> <span class='ocrx_word' id='word_1_156' title='bbox 3349 895 3399 948; x_wconf 92' lang='lat' dir='ltr'><strong><em>id</em></strong></span> <span class='ocrx_word' id='word_1_157' title='bbox 3451 913 3596 964; x_wconf 81' lang='lat' dir='ltr'><strong><em>saepe</em></strong></span> 
     </span>
    </p>
   </div>
   <div class='ocr_carea' id='block_1_22' title="bbox 2029 978 3594 1050">
    <p class='ocr_par' dir='ltr' id='par_1_22' title="bbox 2029 978 3594 1050">
     <span class='ocr_line' id='line_1_22' title="bbox 2029 978 3594 1050; baseline 0.006 -20"><span class='ocrx_word' id='word_1_158' title='bbox 2029 978 2244 1031; x_wconf 88' lang='lat' dir='ltr'><strong><em>duobus</em></strong></span> <span class='ocrx_word' id='word_1_159' title='bbox 2263 979 2318 1031; x_wconf 93' lang='lat' dir='ltr'><strong><em>in</em></strong></span> <span class='ocrx_word' id='word_1_160' title='bbox 2337 988 2524 1033; x_wconf 89' lang='lat' dir='ltr'><strong><em>nostra</em></strong></span> <span class='ocrx_word' id='word_1_161' title='bbox 2544 979 2784 1034; x_wconf 82' lang='lat' dir='ltr'><strong><em>editione</em></strong></span> <span class='ocrx_word' id='word_1_162' title='bbox 2815 982 3100 1050; x_wconf 64' lang='lat' dir='ltr'><strong><em>capiendis</em></strong></span> <span class='ocrx_word' id='word_1_163' title='bbox 3125 983 3594 1039; x_wconf 82' lang='lat' dir='ltr'><strong><em>accommodatur.</em></strong></span> 
     </span>
    </p>
   </div>
   <div class='ocr_carea' id='block_1_23' title="bbox 2028 1068 3602 1145">
    <p class='ocr_par' dir='ltr' id='par_1_23' title="bbox 2028 1068 3602 1145">
     <span class='ocr_line' id='line_1_23' title="bbox 2028 1068 3602 1145; baseline 0.004 -22"><span class='ocrx_word' id='word_1_164' title='bbox 2028 1068 2246 1124; x_wconf 70' lang='lat' dir='ltr'><strong><em>Scilicet</em></strong></span> <span class='ocrx_word' id='word_1_165' title='bbox 2282 1085 2605 1138; x_wconf 86' lang='lat' dir='ltr'><strong><em>persuasum</em></strong></span> <span class='ocrx_word' id='word_1_166' title='bbox 2641 1081 2724 1125; x_wconf 89' lang='lat' dir='ltr'><strong><em>est</em></strong></span> <span class='ocrx_word' id='word_1_167' title='bbox 2769 1072 2902 1125; x_wconf 89' lang='lat' dir='ltr'><strong><em>mihi</em></strong></span> <span class='ocrx_word' id='word_1_168' title='bbox 2952 1088 3073 1126; x_wconf 90' lang='lat' dir='ltr'><strong><em>eam</em></strong></span> <span class='ocrx_word' id='word_1_169' title='bbox 3120 1074 3453 1144; x_wconf 81' lang='lat' dir='ltr'><strong><em>voluptatem</em></strong></span> <span class='ocrx_word' id='word_1_170' title='bbox 3506 1093 3602 1145; x_wconf 87' lang='lat' dir='ltr'><strong><em>per</em></strong></span> 
     </span>
    </p>
   </div>
   <div class='ocr_carea' id='block_1_24' title="bbox 2029 1160 3601 1240">
    <p class='ocr_par' dir='ltr' id='par_1_24' title="bbox 2029 1160 3601 1240">
     <span class='ocr_line' id='line_1_24' title="bbox 2029 1160 3601 1240; baseline 0.006 -26"><span class='ocrx_word' id='word_1_171' title='bbox 2029 1160 2339 1227; x_wconf 71' lang='lat' dir='ltr'><strong><em>huiusmodi</em></strong></span> <span class='ocrx_word' id='word_1_172' title='bbox 2401 1162 2673 1231; x_wconf 84' lang='grc' dir='ltr'>κεφάλαια</span> <span class='ocrx_word' id='word_1_173' title='bbox 2717 1164 3019 1220; x_wconf 76' lang='lat' dir='ltr'><strong><em>lectoribus</em></strong></span> <span class='ocrx_word' id='word_1_174' title='bbox 3063 1169 3366 1234; x_wconf 90' lang='lat' dir='ltr'><strong><em>conciliari,</em></strong></span> <span class='ocrx_word' id='word_1_175' title='bbox 3435 1185 3601 1240; x_wconf 87' lang='lat' dir='ltr'><strong><em>quam</em></strong></span> 
     </span>
    </p>
   </div>
   <div class='ocr_carea' id='block_1_25' title="bbox 2028 1253 3602 1329">
    <p class='ocr_par' dir='ltr' id='par_1_25' title="bbox 2028 1253 3602 1329">
     <span class='ocr_line' id='line_1_25' title="bbox 2028 1253 3602 1329; baseline 0.005 -22"><span class='ocrx_word' id='word_1_176' title='bbox 2028 1267 2122 1322; x_wconf 89' lang='lat' dir='ltr'><strong><em>per</em></strong></span> <span class='ocrx_word' id='word_1_177' title='bbox 2146 1253 2352 1322; x_wconf 84' lang='lat' dir='ltr'><strong><em>lapides</em></strong></span> <span class='ocrx_word' id='word_1_178' title='bbox 2383 1253 2637 1308; x_wconf 88' lang='lat' dir='ltr'><strong><em>milliaria</em></strong></span> <span class='ocrx_word' id='word_1_179' title='bbox 2667 1265 2918 1312; x_wconf 88' lang='lat' dir='ltr'><strong><em>notantes</em></strong></span> <span class='ocrx_word' id='word_1_180' title='bbox 2949 1259 3232 1329; x_wconf 83' lang='lat' dir='ltr'><strong><em>percipere</em></strong></span> <span class='ocrx_word' id='word_1_181' title='bbox 3264 1262 3439 1316; x_wconf 90' lang='lat' dir='ltr'><strong><em>solent</em></strong></span> <span class='ocrx_word' id='word_1_182' title='bbox 3482 1263 3602 1315; x_wconf 86' lang='lat' dir='ltr'><strong><em>via-</em></strong></span> 
     </span>
    </p>
   </div>
   <div class='ocr_carea' id='block_1_26' title="bbox 2027 1344 2338 1415">
    <p class='ocr_par' dir='ltr' id='par_1_26' title="bbox 2027 1344 2338 1415">
     <span class='ocr_line' id='line_1_26' title="bbox 2027 1344 2338 1415; baseline 0.006 -17"><span class='ocrx_word' id='word_1_183' title='bbox 2027 1354 2172 1400; x_wconf 88' lang='lat' dir='ltr'><strong><em>tores</em></strong></span> <span class='ocrx_word' id='word_1_184' title='bbox 2203 1344 2338 1415; x_wconf 91' lang='grc'>(18).</span> 
     </span>
    </p>
   </div>
   <div class='ocr_carea' id='block_1_27' title="bbox 2096 1434 3604 1508">
    <p class='ocr_par' dir='ltr' id='par_1_27' title="bbox 2096 1434 3604 1508">
     <span class='ocr_line' id='line_1_27' title="bbox 2096 1434 3604 1508; baseline 0.007 -20"><span class='ocrx_word' id='word_1_185' title='bbox 2096 1434 2216 1489; x_wconf 82' lang='lat' dir='ltr'><strong><em>Jam</em></strong></span> <span class='ocrx_word' id='word_1_186' title='bbox 2236 1451 2363 1489; x_wconf 91' lang='lat' dir='ltr'><strong><em>vero</em></strong></span> <span class='ocrx_word' id='word_1_187' title='bbox 2387 1436 2648 1505; x_wconf 85' lang='lat' dir='ltr'><strong><em>quidquid</em></strong></span> <span class='ocrx_word' id='word_1_188' title='bbox 2680 1436 3036 1504; x_wconf 86' lang='lat' dir='ltr'><strong><em>Coisliniano,</em></strong></span> <span class='ocrx_word' id='word_1_189' title='bbox 3070 1439 3414 1508; x_wconf 87' lang='lat' dir='ltr'><strong><em>Taurinensi,</em></strong></span> <span class='ocrx_word' id='word_1_190' title='bbox 3453 1442 3604 1498; x_wconf 79' lang='lat' dir='ltr'><strong><em>Vati-</em></strong></span> 
     </span>
    </p>
   </div>
   <div class='ocr_carea' id='block_1_28' title="bbox 2028 1528 3603 1602">
    <p class='ocr_par' dir='ltr' id='par_1_28' title="bbox 2028 1528 3603 1602">
     <span class='ocr_line' id='line_1_28' title="bbox 2028 1528 3603 1602; baseline 0.003 -18"><span class='ocrx_word' id='word_1_191' title='bbox 2028 1544 2188 1591; x_wconf 89' lang='lat' dir='ltr'><strong><em>cano,</em></strong></span> <span class='ocrx_word' id='word_1_192' title='bbox 2232 1544 2296 1582; x_wconf 89' lang='lat' dir='ltr'><strong><em>ac</em></strong></span> <span class='ocrx_word' id='word_1_193' title='bbox 2346 1528 2647 1583; x_wconf 83' lang='lat' dir='ltr'><strong><em>Barberino</em></strong></span> <span class='ocrx_word' id='word_1_194' title='bbox 2695 1547 2830 1584; x_wconf 90' lang='lat' dir='ltr'><strong><em>mss.</em></strong></span> <span class='ocrx_word' id='word_1_195' title='bbox 2865 1543 3147 1602; x_wconf 91' lang='lat' dir='ltr'><strong><em>acceptum</em></strong></span> <span class='ocrx_word' id='word_1_196' title='bbox 3195 1536 3504 1598; x_wconf 81' lang='lat' dir='ltr'><strong><em>referimus,</em></strong></span> <span class='ocrx_word' id='word_1_197' title='bbox 3547 1539 3603 1590; x_wconf 91' lang='lat' dir='ltr'><strong><em>in</em></strong></span> 
     </span>
    </p>
   </div>
   <div class='ocr_carea' id='block_1_29' title="bbox 2026 1621 3604 1697">
    <p class='ocr_par' dir='ltr' id='par_1_29' title="bbox 2026 1621 3604 1697">
     <span class='ocr_line' id='line_1_29' title="bbox 2026 1621 3604 1697; baseline 0.005 -23"><span class='ocrx_word' id='word_1_198' title='bbox 2026 1622 2228 1676; x_wconf 92' lang='lat' dir='ltr'><strong><em>notulis</em></strong></span> <span class='ocrx_word' id='word_1_199' title='bbox 2259 1637 2359 1676; x_wconf 89' lang='lat' dir='ltr'><strong><em>suo</em></strong></span> <span class='ocrx_word' id='word_1_200' title='bbox 2387 1622 2506 1676; x_wconf 88' lang='lat' dir='ltr'><strong><em>loco</em></strong></span> <span class='ocrx_word' id='word_1_201' title='bbox 2533 1621 2791 1689; x_wconf 87' lang='lat' dir='ltr'><strong><em>subjectis</em></strong></span> <span class='ocrx_word' id='word_1_202' title='bbox 2820 1623 3222 1692; x_wconf 80' lang='lat' dir='ltr'><strong><em>proﬁtcbimur.</em></strong></span> <span class='ocrx_word' id='word_1_203' title='bbox 3251 1626 3323 1680; x_wconf 81' lang='lat' dir='ltr'><strong><em>At</em></strong></span> <span class='ocrx_word' id='word_1_204' title='bbox 3347 1629 3457 1681; x_wconf 90' lang='lat' dir='ltr'><strong><em>duo</em></strong></span> <span class='ocrx_word' id='word_1_205' title='bbox 3480 1628 3604 1697; x_wconf 44' lang='lat' dir='ltr'><strong><em>qui:</em></strong></span> 
     </span>
    </p>
   </div>
   <div class='ocr_carea' id='block_1_30' title="bbox 2027 1715 3602 1784">
    <p class='ocr_par' dir='ltr' id='par_1_30' title="bbox 2027 1715 3602 1784">
     <span class='ocr_line' id='line_1_30' title="bbox 2027 1715 3602 1784; baseline 0.004 -16"><span class='ocrx_word' id='word_1_206' title='bbox 2027 1715 2147 1768; x_wconf 81' lang='lat' dir='ltr'><strong><em>dein</em></strong></span> <span class='ocrx_word' id='word_1_207' title='bbox 2185 1716 2364 1784; x_wconf 86' lang='lat' dir='ltr'><strong><em>priora</em></strong></span> <span class='ocrx_word' id='word_1_208' title='bbox 2390 1715 2708 1770; x_wconf 90' lang='lat' dir='ltr'><strong><em>studuimus</em></strong></span> <span class='ocrx_word' id='word_1_209' title='bbox 2739 1717 2806 1770; x_wconf 90' lang='lat' dir='ltr'><strong><em>de</em></strong></span> <span class='ocrx_word' id='word_1_210' title='bbox 2840 1717 2946 1771; x_wconf 88' lang='lat' dir='ltr'><strong><em>illis</em></strong></span> <span class='ocrx_word' id='word_1_211' title='bbox 2974 1720 3352 1774; x_wconf 87' lang='lat' dir='ltr'><strong><em>tantummodo</em></strong></span> <span class='ocrx_word' id='word_1_212' title='bbox 3380 1721 3602 1775; x_wconf 89' lang='lat' dir='ltr'><strong><em>dubita-</em></strong></span> 
     </span>
    </p>
   </div>
   <div class='ocr_carea' id='block_1_31' title="bbox 327 1808 1922 1883">
    <p class='ocr_par' dir='ltr' id='par_1_31' title="bbox 327 1809 1922 1883">
     <span class='ocr_line' id='line_1_31' title="bbox 327 1809 1922 1883; baseline 0.003 -21"><span class='ocrx_word' id='word_1_213' title='bbox 327 1809 696 1878; x_wconf 83' lang='lat' dir='ltr'><strong><em>scriptorum,</em></strong></span> <span class='ocrx_word' id='word_1_214' title='bbox 740 1810 855 1863; x_wconf 85' lang='lat' dir='ltr'><strong><em>sive</em></strong></span> <span class='ocrx_word' id='word_1_215' title='bbox 886 1810 1155 1881; x_wconf 79' lang='grc' dir='ltr'><strong><em>ἀκριϐῶς,</em></strong></span> <span class='ocrx_word' id='word_1_216' title='bbox 1191 1812 1306 1866; x_wconf 87' lang='lat' dir='ltr'><strong><em>sive</em></strong></span> <span class='ocrx_word' id='word_1_217' title='bbox 1338 1811 1796 1883; x_wconf 80' lang='grc' dir='ltr'>μεταφραστικῶς</span> <span class='ocrx_word' id='word_1_218' title='bbox 1825 1815 1922 1866; x_wconf 88' lang='lat' dir='ltr'><strong><em>ad-</em></strong></span> 
     </span>
    </p>
   </div>
   <div class='ocr_carea' id='block_1_32' title="bbox 2029 1808 3603 1883">
    <p class='ocr_par' dir='ltr' id='par_1_32' title="bbox 2029 1808 3603 1883">
     <span class='ocr_line' id='line_1_32' title="bbox 2029 1808 3603 1883; baseline 0.005 -23"><span class='ocrx_word' id='word_1_219' title='bbox 2029 1808 2269 1863; x_wconf 85' lang='lat' dir='ltr'><strong><em>liouibus</em></strong></span> <span class='ocrx_word' id='word_1_220' title='bbox 2304 1810 2621 1874; x_wconf 89' lang='lat' dir='ltr'><strong><em>consulere,</em></strong></span> <span class='ocrx_word' id='word_1_221' title='bbox 2647 1826 2784 1880; x_wconf 89' lang='lat' dir='ltr'><strong><em>quas</em></strong></span> <span class='ocrx_word' id='word_1_222' title='bbox 2831 1812 2988 1866; x_wconf 89' lang='lat' dir='ltr'><strong><em>nobis</em></strong></span> <span class='ocrx_word' id='word_1_223' title='bbox 3031 1813 3187 1881; x_wconf 91' lang='lat' dir='ltr'><strong><em>primi</em></strong></span> <span class='ocrx_word' id='word_1_224' title='bbox 3237 1815 3603 1883; x_wconf 63' lang='lat' dir='ltr'><strong><em>qumstionum</em></strong></span> 
     </span>
    </p>
   </div>
   <div class='ocr_carea' id='block_1_33' title="bbox 329 1899 1916 1967">
    <p class='ocr_par' dir='ltr' id='par_1_33' title="bbox 329 1899 1916 1967">
     <span class='ocr_line' id='line_1_33' title="bbox 329 1899 1916 1967; baseline 0.005 -16"><span class='ocrx_word' id='word_1_225' title='bbox 329 1899 510 1952; x_wconf 84' lang='lat' dir='ltr'><strong><em>ducta</em></strong></span> <span class='ocrx_word' id='word_1_226' title='bbox 552 1903 778 1964; x_wconf 85' lang='lat' dir='ltr'><strong><em>cursivo,</em></strong></span> <span class='ocrx_word' id='word_1_227' title='bbox 834 1910 894 1954; x_wconf 90' lang='lat' dir='ltr'><strong><em>ut</em></strong></span> <span class='ocrx_word' id='word_1_228' title='bbox 945 1902 1121 1967; x_wconf 89' lang='lat' dir='ltr'><strong><em>aiunt,</em></strong></span> <span class='ocrx_word' id='word_1_229' title='bbox 1165 1905 1483 1958; x_wconf 86' lang='lat' dir='ltr'><strong><em>charactere</em></strong></span> <span class='ocrx_word' id='word_1_230' title='bbox 1529 1905 1842 1959; x_wconf 81' lang='lat' dir='ltr'><strong><em>exscribere</em></strong></span> <span class='ocrx_word' id='word_1_231' title='bbox 1902 1922 1916 1959; x_wconf 89' lang='lat'><strong>:</strong></span> 
     </span>
    </p>
   </div>
   <div class='ocr_carea' id='block_1_34' title="bbox 330 1987 1916 2063">
    <p class='ocr_par' dir='ltr' id='par_1_34' title="bbox 330 1987 1916 2063">
     <span class='ocr_line' id='line_1_34' title="bbox 330 1987 1916 2063; baseline 0.005 -23"><span class='ocrx_word' id='word_1_232' title='bbox 330 1987 450 2041; x_wconf 82' lang='lat' dir='ltr'><strong><em>hoc</em></strong></span> <span class='ocrx_word' id='word_1_233' title='bbox 477 1988 644 2055; x_wconf 87' lang='lat' dir='ltr'><strong><em>enim,</em></strong></span> <span class='ocrx_word' id='word_1_234' title='bbox 673 1988 816 2057; x_wconf 90' lang='lat' dir='ltr'><strong><em>quod</em></strong></span> <span class='ocrx_word' id='word_1_235' title='bbox 861 1989 993 2042; x_wconf 91' lang='lat' dir='ltr'><strong><em>mibi</em></strong></span> <span class='ocrx_word' id='word_1_236' title='bbox 1029 2004 1138 2044; x_wconf 91' lang='lat' dir='ltr'><strong><em>non</em></strong></span> <span class='ocrx_word' id='word_1_237' title='bbox 1173 1991 1402 2046; x_wconf 91' lang='lat' dir='ltr'><strong><em>multum</em></strong></span> <span class='ocrx_word' id='word_1_238' title='bbox 1451 1993 1648 2063; x_wconf 84' lang='lat' dir='ltr'><strong><em>negotii</em></strong></span> <span class='ocrx_word' id='word_1_239' title='bbox 1673 1993 1916 2060; x_wconf 83' lang='lat' dir='ltr'><strong><em>faceSsit,</em></strong></span> 
     </span>
    </p>
   </div>
   <div class='ocr_carea' id='block_1_35' title="bbox 329 2077 1922 2152">
    <p class='ocr_par' dir='ltr' id='par_1_35' title="bbox 329 2077 1922 2152">
     <span class='ocr_line' id='line_1_35' title="bbox 329 2077 1922 2152; baseline 0.006 -20"><span class='ocrx_word' id='word_1_240' title='bbox 329 2077 578 2133; x_wconf 77' lang='lat' dir='ltr'><strong><em>fortasse</em></strong></span> <span class='ocrx_word' id='word_1_241' title='bbox 627 2079 828 2134; x_wconf 88' lang='lat' dir='ltr'><strong><em>alicubi</em></strong></span> <span class='ocrx_word' id='word_1_242' title='bbox 872 2081 1064 2135; x_wconf 91' lang='lat' dir='ltr'><strong><em>lectori</em></strong></span> <span class='ocrx_word' id='word_1_243' title='bbox 1117 2085 1222 2137; x_wconf 91' lang='lat' dir='ltr'><strong><em>erit</em></strong></span> <span class='ocrx_word' id='word_1_244' title='bbox 1273 2084 1609 2152; x_wconf 89' lang='lat' dir='ltr'><strong><em>adjumento.</em></strong></span> <span class='ocrx_word' id='word_1_245' title='bbox 1656 2083 1922 2141; x_wconf 70' lang='lat' dir='ltr'><strong><em>Praeterea</em></strong></span> 
     </span>
    </p>
   </div>
   <div class='ocr_carea' id='block_1_36' title="bbox 328 2172 1922 2247">
    <p class='ocr_par' dir='ltr' id='par_1_36' title="bbox 328 2172 1922 2247">
     <span class='ocr_line' id='line_1_36' title="bbox 328 2172 1922 2247; baseline 0.005 -21"><span class='ocrx_word' id='word_1_246' title='bbox 328 2172 436 2226; x_wconf 85' lang='lat' dir='ltr'><strong><em>abs</em></strong></span> <span class='ocrx_word' id='word_1_247' title='bbox 473 2187 533 2225; x_wconf 87' lang='lat' dir='ltr'><strong><em>re</em></strong></span> <span class='ocrx_word' id='word_1_248' title='bbox 572 2188 678 2226; x_wconf 89' lang='lat' dir='ltr'><strong><em>non</em></strong></span> <span class='ocrx_word' id='word_1_249' title='bbox 715 2174 846 2227; x_wconf 84' lang='lat' dir='ltr'><strong><em>duxi</em></strong></span> <span class='ocrx_word' id='word_1_250' title='bbox 882 2175 1023 2241; x_wconf 85' lang='lat' dir='ltr'><strong><em>loca,</em></strong></span> <span class='ocrx_word' id='word_1_251' title='bbox 1070 2175 1214 2229; x_wconf 85' lang='lat' dir='ltr'><strong><em>unde</em></strong></span> <span class='ocrx_word' id='word_1_252' title='bbox 1264 2177 1378 2246; x_wconf 84' lang='lat' dir='ltr'><strong><em>ipsa</em></strong></span> <span class='ocrx_word' id='word_1_253' title='bbox 1421 2180 1586 2232; x_wconf 86' lang='lat' dir='ltr'><strong><em>verba</em></strong></span> <span class='ocrx_word' id='word_1_254' title='bbox 1634 2179 1922 2247; x_wconf 88' lang='lat' dir='ltr'><strong><em>desumpta</em></strong></span> 
     </span>
    </p>
   </div>
   <div class='ocr_carea' id='block_1_37' title="bbox 330 2264 1921 2339">
    <p class='ocr_par' dir='ltr' id='par_1_37' title="bbox 330 2264 1921 2339">
     <span class='ocr_line' id='line_1_37' title="bbox 330 2264 1921 2339; baseline 0.004 -21"><span class='ocrx_word' id='word_1_255' title='bbox 330 2275 488 2328; x_wconf 88' lang='lat' dir='ltr'><strong><em>sunt,</em></strong></span> <span class='ocrx_word' id='word_1_256' title='bbox 523 2265 581 2318; x_wconf 90' lang='lat' dir='ltr'><strong><em>in</em></strong></span> <span class='ocrx_word' id='word_1_257' title='bbox 612 2264 717 2317; x_wconf 89' lang='lat' dir='ltr'><strong><em>ima</em></strong></span> <span class='ocrx_word' id='word_1_258' title='bbox 749 2267 961 2336; x_wconf 71' lang='lat' dir='ltr'><strong><em>pagina:</em></strong></span> <span class='ocrx_word' id='word_1_259' title='bbox 983 2281 1080 2320; x_wconf 89' lang='lat' dir='ltr'><strong><em>ora</em></strong></span> <span class='ocrx_word' id='word_1_260' title='bbox 1107 2266 1350 2322; x_wconf 89' lang='lat' dir='ltr'><strong><em>indicare</em></strong></span> <span class='ocrx_word' id='word_1_261' title='bbox 1378 2287 1391 2322; x_wconf 91' lang='lat'><strong>:</strong></span> <span class='ocrx_word' id='word_1_262' title='bbox 1430 2284 1493 2323; x_wconf 87' lang='lat' dir='ltr'><strong><em>ac</em></strong></span> <span class='ocrx_word' id='word_1_263' title='bbox 1524 2269 1767 2339; x_wconf 82' lang='lat' dir='ltr'><strong><em>denique</em></strong></span> <span class='ocrx_word' id='word_1_264' title='bbox 1793 2285 1921 2325; x_wconf 88' lang='lat' dir='ltr'><strong><em>ver-</em></strong></span> 
     </span>
    </p>
   </div>
   <div class='ocr_carea' id='block_1_38' title="bbox 331 2355 1921 2428">
    <p class='ocr_par' dir='ltr' id='par_1_38' title="bbox 331 2355 1921 2428">
     <span class='ocr_line' id='line_1_38' title="bbox 331 2355 1921 2428; baseline 0.004 -15"><span class='ocrx_word' id='word_1_265' title='bbox 331 2359 552 2414; x_wconf 86' lang='lat' dir='ltr'><strong><em>sionem</em></strong></span> <span class='ocrx_word' id='word_1_266' title='bbox 591 2355 734 2411; x_wconf 76' lang='lat' dir='ltr'><strong><em>LXX</em></strong></span> <span class='ocrx_word' id='word_1_267' title='bbox 765 2359 1046 2412; x_wconf 90' lang='lat' dir='ltr'><strong><em>seniorum</em></strong></span> <span class='ocrx_word' id='word_1_268' title='bbox 1075 2373 1105 2413; x_wconf 88' lang='lat' dir='ltr'><strong><em>a</em></strong></span> <span class='ocrx_word' id='word_1_269' title='bbox 1133 2357 1332 2414; x_wconf 89' lang='lat' dir='ltr'><strong><em>Pbotio</em></strong></span> <span class='ocrx_word' id='word_1_270' title='bbox 1363 2360 1608 2428; x_wconf 87' lang='lat' dir='ltr'><strong><em>allatam,</em></strong></span> <span class='ocrx_word' id='word_1_271' title='bbox 1634 2378 1760 2416; x_wconf 90' lang='lat' dir='ltr'><strong><em>cum</em></strong></span> <span class='ocrx_word' id='word_1_272' title='bbox 1817 2379 1921 2419; x_wconf 90' lang='lat' dir='ltr'><strong><em>no-</em></strong></span> 
     </span>
    </p>
   </div>
   <div class='ocr_carea' id='block_1_39' title="bbox 336 2449 1916 2525">
    <p class='ocr_par' dir='ltr' id='par_1_39' title="bbox 336 2449 1916 2525">
     <span class='ocr_line' id='line_1_39' title="bbox 336 2449 1916 2525; baseline 0.005 -23"><span class='ocrx_word' id='word_1_273' title='bbox 336 2461 456 2504; x_wconf 89' lang='lat' dir='ltr'><strong><em>stra</em></strong></span> <span class='ocrx_word' id='word_1_274' title='bbox 478 2449 732 2519; x_wconf 80' lang='lat' dir='ltr'><strong><em>Vulgata,</em></strong></span> <span class='ocrx_word' id='word_1_275' title='bbox 766 2464 932 2519; x_wconf 88' lang='lat' dir='ltr'><strong><em>quam</em></strong></span> <span class='ocrx_word' id='word_1_276' title='bbox 956 2451 1073 2518; x_wconf 91' lang='lat' dir='ltr'><strong><em>tibi,</em></strong></span> <span class='ocrx_word' id='word_1_277' title='bbox 1108 2451 1302 2517; x_wconf 89' lang='lat' dir='ltr'><strong><em>lector,</em></strong></span> <span class='ocrx_word' id='word_1_278' title='bbox 1336 2452 1747 2509; x_wconf 81' lang='lat' dir='ltr'><strong><em>fainiliariorem</em></strong></span> <span class='ocrx_word' id='word_1_279' title='bbox 1771 2471 1916 2525; x_wconf 88' lang='lat' dir='ltr'><strong><em>reor,</em></strong></span> 
     </span>
    </p>
   </div>
   <div class='ocr_carea' id='block_1_40' title="bbox 329 2543 1922 2619">
    <p class='ocr_par' dir='ltr' id='par_1_40' title="bbox 329 2543 1922 2619">
     <span class='ocr_line' id='line_1_40' title="bbox 329 2543 1922 2619; baseline 0.005 -23"><span class='ocrx_word' id='word_1_280' title='bbox 329 2554 721 2597; x_wconf 87' lang='lat' dir='ltr'><strong><em>commutare:</em></strong></span> <span class='ocrx_word' id='word_1_281' title='bbox 749 2543 940 2611; x_wconf 89' lang='lat' dir='ltr'><strong><em>paucis</em></strong></span> <span class='ocrx_word' id='word_1_282' title='bbox 976 2554 1184 2599; x_wconf 90' lang='lat' dir='ltr'><strong><em>tantum</em></strong></span> <span class='ocrx_word' id='word_1_283' title='bbox 1220 2546 1464 2616; x_wconf 74' lang='lat' dir='ltr'><strong><em>exceptis</em></strong></span> <span class='ocrx_word' id='word_1_284' title='bbox 1513 2547 1667 2612; x_wconf 85' lang='lat' dir='ltr'><strong><em>locis,</em></strong></span> <span class='ocrx_word' id='word_1_285' title='bbox 1704 2548 1758 2602; x_wconf 91' lang='lat' dir='ltr'><strong><em>in</em></strong></span> <span class='ocrx_word' id='word_1_286' title='bbox 1795 2551 1922 2619; x_wconf 92' lang='lat' dir='ltr'><strong><em>qui-</em></strong></span> 
     </span>
    </p>
   </div>
   <div class='ocr_carea' id='block_1_41' title="bbox 329 2636 1913 2703">
    <p class='ocr_par' dir='ltr' id='par_1_41' title="bbox 329 2636 1913 2703">
     <span class='ocr_line' id='line_1_41' title="bbox 329 2636 1913 2703; baseline 0.004 -14"><span class='ocrx_word' id='word_1_287' title='bbox 329 2637 462 2700; x_wconf 88' lang='lat' dir='ltr'><strong><em>bus,</em></strong></span> <span class='ocrx_word' id='word_1_288' title='bbox 495 2639 572 2689; x_wconf 87' lang='lat' dir='ltr'><strong><em>uti</em></strong></span> <span class='ocrx_word' id='word_1_289' title='bbox 604 2636 974 2703; x_wconf 90' lang='lat' dir='ltr'><strong><em>monebimus,</em></strong></span> <span class='ocrx_word' id='word_1_290' title='bbox 1022 2638 1288 2694; x_wconf 90' lang='lat' dir='ltr'><strong><em>orationis</em></strong></span> <span class='ocrx_word' id='word_1_291' title='bbox 1315 2649 1604 2695; x_wconf 77' lang='lat' dir='ltr'><strong><em>contextus</em></strong></span> <span class='ocrx_word' id='word_1_292' title='bbox 1629 2641 1913 2698; x_wconf 82' lang='lat' dir='ltr'><strong><em>adversari</em></strong></span> 
     </span>
    </p>
   </div>
   <div class='ocr_carea' id='block_1_42' title="bbox 329 2731 642 2784">
    <p class='ocr_par' dir='ltr' id='par_1_42' title="bbox 329 2731 642 2784">
     <span class='ocr_line' id='line_1_42' title="bbox 329 2731 642 2784; baseline 0.003 -3"><span class='ocrx_word' id='word_1_293' title='bbox 329 2731 642 2784; x_wconf 76' lang='lat' dir='ltr'><strong><em>videbatur.</em></strong></span> 
     </span>
    </p>
   </div>
   <div class='ocr_carea' id='block_1_43' title="bbox 413 2823 1921 2894">
    <p class='ocr_par' dir='ltr' id='par_1_43' title="bbox 413 2823 1921 2894">
     <span class='ocr_line' id='line_1_43' title="bbox 413 2823 1921 2894; baseline 0.003 -21"><span class='ocrx_word' id='word_1_294' title='bbox 413 2823 584 2876; x_wconf 83' lang='lat' dir='ltr'><strong><em>Porro</em></strong></span> <span class='ocrx_word' id='word_1_295' title='bbox 628 2839 733 2893; x_wconf 88' lang='lat' dir='ltr'><strong><em>ego</em></strong></span> <span class='ocrx_word' id='word_1_296' title='bbox 790 2833 1054 2894; x_wconf 89' lang='lat' dir='ltr'><strong><em>punctum</em></strong></span> <span class='ocrx_word' id='word_1_297' title='bbox 1110 2824 1265 2890; x_wconf 91' lang='lat' dir='ltr'><strong><em>illud,</em></strong></span> <span class='ocrx_word' id='word_1_298' title='bbox 1311 2824 1457 2894; x_wconf 88' lang='lat' dir='ltr'><strong><em>quod</em></strong></span> <span class='ocrx_word' id='word_1_299' title='bbox 1506 2824 1668 2892; x_wconf 78' lang='lat' dir='ltr'><strong><em>ﬁnale</em></strong></span> <span class='ocrx_word' id='word_1_300' title='bbox 1703 2834 1921 2890; x_wconf 83' lang='lat' dir='ltr'><strong><em>vocant,</em></strong></span> 
     </span>
    </p>
   </div>
   <div class='ocr_carea' id='block_1_44' title="bbox 327 2914 1923 2986">
    <p class='ocr_par' dir='ltr' id='par_1_44' title="bbox 327 2914 1923 2986">
     <span class='ocr_line' id='line_1_44' title="bbox 327 2914 1923 2986; baseline 0.003 -19"><span class='ocrx_word' id='word_1_301' title='bbox 327 2919 552 2984; x_wconf 74' lang='lat' dir='ltr'><strong><em>quoties</em></strong></span> <span class='ocrx_word' id='word_1_302' title='bbox 579 2914 875 2984; x_wconf 80' lang='lat' dir='ltr'><strong><em>perfectus,</em></strong></span> <span class='ocrx_word' id='word_1_303' title='bbox 915 2917 1334 2986; x_wconf 89' lang='lat' dir='ltr'><strong><em>completusque</em></strong></span> <span class='ocrx_word' id='word_1_304' title='bbox 1360 2916 1651 2970; x_wconf 87' lang='lat' dir='ltr'><strong><em>verborum</em></strong></span> <span class='ocrx_word' id='word_1_305' title='bbox 1685 2917 1923 2972; x_wconf 89' lang='lat' dir='ltr'><strong><em>ambitus</em></strong></span> 
     </span>
    </p>
   </div>
   <div class='ocr_carea' id='block_1_45' title="bbox 327 3006 1920 3081">
    <p class='ocr_par' dir='ltr' id='par_1_45' title="bbox 327 3006 1920 3081">
     <span class='ocr_line' id='line_1_45' title="bbox 327 3006 1920 3081; baseline 0.001 -20"><span class='ocrx_word' id='word_1_306' title='bbox 327 3006 604 3062; x_wconf 83' lang='lat' dir='ltr'><strong><em>absoluta:</em></strong></span> <span class='ocrx_word' id='word_1_307' title='bbox 633 3009 887 3080; x_wconf 80' lang='grc' dir='ltr'>περιόδου</span> <span class='ocrx_word' id='word_1_308' title='bbox 915 3010 1130 3081; x_wconf 86' lang='lat' dir='ltr'><strong><em>signum</em></strong></span> <span class='ocrx_word' id='word_1_309' title='bbox 1168 3010 1501 3079; x_wconf 85' lang='lat' dir='ltr'><strong><em>postulabat,</em></strong></span> <span class='ocrx_word' id='word_1_310' title='bbox 1535 3025 1657 3065; x_wconf 92' lang='lat' dir='ltr'><strong><em>meo</em></strong></span> <span class='ocrx_word' id='word_1_311' title='bbox 1681 3010 1806 3080; x_wconf 88' lang='lat' dir='ltr'><strong><em>jure</em></strong></span> <span class='ocrx_word' id='word_1_312' title='bbox 1836 3010 1920 3063; x_wconf 91' lang='lat' dir='ltr'><strong><em>in-</em></strong></span> 
     </span>
    </p>
   </div>
   <div class='ocr_carea' id='block_1_46' title="bbox 325 3103 1920 3175">
    <p class='ocr_par' dir='ltr' id='par_1_46' title="bbox 325 3103 1920 3175">
     <span class='ocr_line' id='line_1_46' title="bbox 325 3103 1920 3175; baseline 0.001 -19"><span class='ocrx_word' id='word_1_313' title='bbox 325 3103 558 3173; x_wconf 82' lang='lat' dir='ltr'><strong><em>terjeci;</em></strong></span> <span class='ocrx_word' id='word_1_314' title='bbox 607 3104 759 3174; x_wconf 92' lang='lat' dir='ltr'><strong><em>quod</em></strong></span> <span class='ocrx_word' id='word_1_315' title='bbox 811 3105 1033 3174; x_wconf 89' lang='lat' dir='ltr'><strong><em>quidem</em></strong></span> <span class='ocrx_word' id='word_1_316' title='bbox 1082 3120 1191 3158; x_wconf 91' lang='lat' dir='ltr'><strong><em>non</em></strong></span> <span class='ocrx_word' id='word_1_317' title='bbox 1243 3105 1413 3159; x_wconf 90' lang='lat' dir='ltr'><strong><em>semel</em></strong></span> <span class='ocrx_word' id='word_1_318' title='bbox 1461 3106 1732 3175; x_wconf 79' lang='lat' dir='ltr'><strong><em>agendum</em></strong></span> <span class='ocrx_word' id='word_1_319' title='bbox 1784 3105 1920 3158; x_wconf 88' lang='lat' dir='ltr'><strong><em>mibi</em></strong></span> 
     </span>
    </p>
   </div>
   <div class='ocr_carea' id='block_1_47' title="bbox 2028 1905 3604 1970">
    <p class='ocr_par' dir='ltr' id='par_1_47' title="bbox 2028 1905 3604 1970">
     <span class='ocr_line' id='line_1_47' title="bbox 2028 1905 3604 1970; baseline 0.003 -13"><span class='ocrx_word' id='word_1_320' title='bbox 2028 1920 2217 1959; x_wconf 88' lang='lat' dir='ltr'><strong><em>versus</em></strong></span> <span class='ocrx_word' id='word_1_321' title='bbox 2257 1905 2593 1970; x_wconf 88' lang='lat' dir='ltr'><strong><em>attulerunt;</em></strong></span> <span class='ocrx_word' id='word_1_322' title='bbox 2640 1921 2764 1958; x_wconf 88' lang='lat' dir='ltr'><strong><em>cum</em></strong></span> <span class='ocrx_word' id='word_1_323' title='bbox 2823 1905 2924 1960; x_wconf 91' lang='lat' dir='ltr'><strong><em>hos</em></strong></span> <span class='ocrx_word' id='word_1_324' title='bbox 2976 1905 3241 1959; x_wconf 77' lang='lat' dir='ltr'><strong><em>duntaxat</em></strong></span> <span class='ocrx_word' id='word_1_325' title='bbox 3289 1906 3604 1962; x_wconf 85' lang='lat' dir='ltr'><strong><em>Bcrnardus</em></strong></span> 
     </span>
    </p>
   </div>
   <div class='ocr_carea' id='block_1_48' title="bbox 2024 1995 3605 2069">
    <p class='ocr_par' dir='ltr' id='par_1_48' title="bbox 2024 1995 3605 2069">
     <span class='ocr_line' id='line_1_48' title="bbox 2024 1995 3605 2069; baseline 0.003 -19"><span class='ocrx_word' id='word_1_326' title='bbox 2024 1997 2465 2051; x_wconf 71' lang='lat' dir='ltr'><strong><em>ltloutlauconius</em></strong></span> <span class='ocrx_word' id='word_1_327' title='bbox 2498 1996 2629 2068; x_wconf 68' lang='grc'>(19),</span> <span class='ocrx_word' id='word_1_328' title='bbox 2664 2014 2725 2051; x_wconf 90' lang='lat' dir='ltr'><strong><em>ac</em></strong></span> <span class='ocrx_word' id='word_1_329' title='bbox 2745 1995 3020 2067; x_wconf 72' lang='lat' dir='ltr'><strong><em>Iosephus</em></strong></span> <span class='ocrx_word' id='word_1_330' title='bbox 3041 1996 3297 2053; x_wconf 88' lang='lat' dir='ltr'><strong><em>Pasinius</em></strong></span> <span class='ocrx_word' id='word_1_331' title='bbox 3339 1998 3450 2069; x_wconf 73' lang='grc'><strong><em>(20)</em></strong></span> <span class='ocrx_word' id='word_1_332' title='bbox 3487 2000 3605 2054; x_wconf 91' lang='lat' dir='ltr'><strong><em>edi-</em></strong></span> 
     </span>
    </p>
   </div>
   <div class='ocr_carea' id='block_1_49' title="bbox 2023 2087 3606 2156">
    <p class='ocr_par' dir='ltr' id='par_1_49' title="bbox 2023 2087 3606 2156">
     <span class='ocr_line' id='line_1_49' title="bbox 2023 2087 3606 2156; baseline 0 -14"><span class='ocrx_word' id='word_1_333' title='bbox 2023 2088 2205 2142; x_wconf 88' lang='lat' dir='ltr'><strong><em>derint</em></strong></span> <span class='ocrx_word' id='word_1_334' title='bbox 2242 2104 2256 2140; x_wconf 90' lang='lat'><strong>:</strong></span> <span class='ocrx_word' id='word_1_335' title='bbox 2303 2087 2603 2156; x_wconf 83' lang='lat' dir='ltr'><strong><em>pOsteriora</em></strong></span> <span class='ocrx_word' id='word_1_336' title='bbox 2642 2097 2822 2140; x_wconf 86' lang='lat' dir='ltr'><strong><em>autem</em></strong></span> <span class='ocrx_word' id='word_1_337' title='bbox 2858 2089 2910 2140; x_wconf 91' lang='lat' dir='ltr'><strong><em>in</em></strong></span> <span class='ocrx_word' id='word_1_338' title='bbox 2947 2088 3159 2142; x_wconf 69' lang='lat' dir='ltr'><strong><em>caateris</em></strong></span> <span class='ocrx_word' id='word_1_339' title='bbox 3192 2087 3606 2142; x_wconf 76' lang='lat' dir='ltr'><strong><em>difﬁcultatibus</em></strong></span> 
     </span>
    </p>
   </div>
   <div class='ocr_carea' id='block_1_50' title="bbox 2028 2175 3606 2248">
    <p class='ocr_par' dir='ltr' id='par_1_50' title="bbox 2028 2175 3606 2248">
     <span class='ocr_line' id='line_1_50' title="bbox 2028 2175 3606 2248; baseline 0.001 -17"><span class='ocrx_word' id='word_1_340' title='bbox 2028 2179 2230 2231; x_wconf 82' lang='lat' dir='ltr'><strong><em>mirum</em></strong></span> <span class='ocrx_word' id='word_1_341' title='bbox 2269 2186 2532 2247; x_wconf 89' lang='lat' dir='ltr'><strong><em>quantum</em></strong></span> <span class='ocrx_word' id='word_1_342' title='bbox 2573 2175 2983 2244; x_wconf 79' lang='lat' dir='ltr'><strong><em>nosjuverunt;</em></strong></span> <span class='ocrx_word' id='word_1_343' title='bbox 3021 2177 3290 2248; x_wconf 85' lang='lat' dir='ltr'><strong><em>siquidem</em></strong></span> <span class='ocrx_word' id='word_1_344' title='bbox 3331 2178 3430 2232; x_wconf 90' lang='lat' dir='ltr'><strong><em>viri</em></strong></span> <span class='ocrx_word' id='word_1_345' title='bbox 3464 2192 3606 2248; x_wconf 64' lang='lat' dir='ltr'><strong><em>prae-</em></strong></span> 
     </span>
    </p>
   </div>
   <div class='ocr_carea' id='block_1_51' title="bbox 2023 2269 3606 2341">
    <p class='ocr_par' dir='ltr' id='par_1_51' title="bbox 2023 2269 3606 2341">
     <span class='ocr_line' id='line_1_51' title="bbox 2023 2269 3606 2341; baseline 0.001 -18"><span class='ocrx_word' id='word_1_346' title='bbox 2023 2269 2318 2324; x_wconf 89' lang='lat' dir='ltr'><strong><em>clarissimi</em></strong></span> <span class='ocrx_word' id='word_1_347' title='bbox 2358 2285 2533 2336; x_wconf 64' lang='lat' dir='ltr'><strong><em>aeque,</em></strong></span> <span class='ocrx_word' id='word_1_348' title='bbox 2581 2279 2742 2337; x_wconf 84' lang='lat' dir='ltr'><strong><em>atque</em></strong></span> <span class='ocrx_word' id='word_1_349' title='bbox 2803 2269 3191 2324; x_wconf 87' lang='lat' dir='ltr'><strong><em>humanissimi</em></strong></span> <span class='ocrx_word' id='word_1_350' title='bbox 3242 2271 3606 2341; x_wconf 80' lang='lat' dir='ltr'><strong><em>Hieronymus</em></strong></span> 
     </span>
    </p>
   </div>
   <div class='ocr_carea' id='block_1_52' title="bbox 2022 2359 3596 2432">
    <p class='ocr_par' dir='ltr' id='par_1_52' title="bbox 2022 2359 3596 2432">
     <span class='ocr_line' id='line_1_52' title="bbox 2022 2359 3596 2432; baseline 0.001 -18"><span class='ocrx_word' id='word_1_351' title='bbox 2022 2361 2272 2417; x_wconf 88' lang='lat' dir='ltr'><strong><em>Amatius</em></strong></span> <span class='ocrx_word' id='word_1_352' title='bbox 2299 2359 2570 2416; x_wconf 64' lang='lat' dir='ltr'><strong><em>Vaticana:</em></strong></span> <span class='ocrx_word' id='word_1_353' title='bbox 2609 2361 2947 2416; x_wconf 71' lang='lat' dir='ltr'><strong><em>bibliotheca:</em></strong></span> <span class='ocrx_word' id='word_1_354' title='bbox 2983 2365 3239 2432; x_wconf 89' lang='lat' dir='ltr'><strong><em>scriptor,</em></strong></span> <span class='ocrx_word' id='word_1_355' title='bbox 3287 2373 3339 2418; x_wconf 91' lang='lat' dir='ltr'><strong><em>et</em></strong></span> <span class='ocrx_word' id='word_1_356' title='bbox 3377 2361 3596 2417; x_wconf 80' lang='lat' dir='ltr'><strong><em>Joachi-</em></strong></span> 
     </span>
    </p>
   </div>
   <div class='ocr_carea' id='block_1_53' title="bbox 2022 2453 3593 2525">
    <p class='ocr_par' dir='ltr' id='par_1_53' title="bbox 2022 2453 3593 2525">
     <span class='ocr_line' id='line_1_53' title="bbox 2022 2453 3593 2525; baseline 0.001 -17"><span class='ocrx_word' id='word_1_357' title='bbox 2022 2470 2146 2509; x_wconf 90' lang='lat' dir='ltr'><strong><em>mus</em></strong></span> <span class='ocrx_word' id='word_1_358' title='bbox 2186 2453 2279 2508; x_wconf 90' lang='lat' dir='ltr'><strong><em>Pla</em></strong></span> <span class='ocrx_word' id='word_1_359' title='bbox 2318 2453 2627 2508; x_wconf 77' lang='lat' dir='ltr'><strong><em>Barberinae</em></strong></span> <span class='ocrx_word' id='word_1_360' title='bbox 2653 2453 2939 2524; x_wconf 77' lang='lat' dir='ltr'><strong><em>praefectus</em></strong></span> <span class='ocrx_word' id='word_1_361' title='bbox 2981 2471 3063 2522; x_wconf 86' lang='lat' dir='ltr'><strong><em>ea,</em></strong></span> <span class='ocrx_word' id='word_1_362' title='bbox 3095 2472 3217 2525; x_wconf 79' lang='lat' dir='ltr'><strong><em>quae</em></strong></span> <span class='ocrx_word' id='word_1_363' title='bbox 3248 2457 3313 2510; x_wconf 88' lang='lat' dir='ltr'><strong><em>ad</em></strong></span> <span class='ocrx_word' id='word_1_364' title='bbox 3345 2457 3593 2511; x_wconf 87' lang='lat' dir='ltr'><strong><em>lectionis</em></strong></span> 
     </span>
    </p>
   </div>
   <div class='ocr_carea' id='block_1_54' title="bbox 2023 2548 3610 2618">
    <p class='ocr_par' dir='ltr' id='par_1_54' title="bbox 2023 2548 3610 2618">
     <span class='ocr_line' id='line_1_54' title="bbox 2023 2548 3610 2618; baseline 0.001 -17"><span class='ocrx_word' id='word_1_365' title='bbox 2023 2548 2482 2612; x_wconf 84' lang='lat' dir='ltr'><strong><em>emendationem,</em></strong></span> <span class='ocrx_word' id='word_1_366' title='bbox 2509 2558 2616 2616; x_wconf 76' lang='lat' dir='ltr'><strong><em>aut</em></strong></span> <span class='ocrx_word' id='word_1_367' title='bbox 2662 2549 3122 2618; x_wconf 83' lang='lat' dir='ltr'><strong><em>complementum</em></strong></span> <span class='ocrx_word' id='word_1_368' title='bbox 3163 2549 3191 2600; x_wconf 89' lang='grc' dir='ltr'>ὁ</span> <span class='ocrx_word' id='word_1_369' title='bbox 3216 2549 3357 2602; x_wconf 85' lang='grc' dir='ltr'><strong><em>πάνυ</em></strong></span> <span class='ocrx_word' id='word_1_370' title='bbox 3382 2549 3610 2603; x_wconf 84' lang='lat' dir='ltr'><strong><em>Andre—</em></strong></span> 
     </span>
    </p>
   </div>
   <div class='ocr_carea' id='block_1_55' title="bbox 2023 2639 3608 2712">
    <p class='ocr_par' dir='ltr' id='par_1_55' title="bbox 2023 2639 3608 2712">
     <span class='ocr_line' id='line_1_55' title="bbox 2023 2639 3608 2712; baseline 0 -18"><span class='ocrx_word' id='word_1_371' title='bbox 2023 2639 2137 2694; x_wconf 81' lang='lat' dir='ltr'><strong><em>sius</em></strong></span> <span class='ocrx_word' id='word_1_372' title='bbox 2199 2641 2590 2709; x_wconf 76' lang='lat' dir='ltr'><strong><em>postulaverat,</em></strong></span> <span class='ocrx_word' id='word_1_373' title='bbox 2671 2657 2792 2696; x_wconf 91' lang='lat' dir='ltr'><strong><em>cum</em></strong></span> <span class='ocrx_word' id='word_1_374' title='bbox 2856 2657 2920 2696; x_wconf 89' lang='lat' dir='ltr'><strong><em>eo</em></strong></span> <span class='ocrx_word' id='word_1_375' title='bbox 2988 2658 3202 2696; x_wconf 89' lang='lat' dir='ltr'><strong><em>summa</em></strong></span> <span class='ocrx_word' id='word_1_376' title='bbox 3275 2643 3608 2712; x_wconf 80' lang='lat' dir='ltr'><strong><em>benignitate</em></strong></span> 
     </span>
    </p>
   </div>
   <div class='ocr_carea' id='block_1_56' title="bbox 2024 2735 3610 2806">
    <p class='ocr_par' dir='ltr' id='par_1_56' title="bbox 2024 2735 3610 2806">
     <span class='ocr_line' id='line_1_56' title="bbox 2024 2735 3610 2806; baseline 0.003 -20"><span class='ocrx_word' id='word_1_377' title='bbox 2024 2738 2524 2790; x_wconf 73' lang='lat' dir='ltr'><strong><em>communirarunt.</em></strong></span> <span class='ocrx_word' id='word_1_378' title='bbox 2583 2735 2854 2790; x_wconf 64' lang='lat' dir='ltr'><strong><em>Caeterum</em></strong></span> <span class='ocrx_word' id='word_1_379' title='bbox 2915 2736 3007 2789; x_wconf 91' lang='lat' dir='ltr'><strong><em>ubi</em></strong></span> <span class='ocrx_word' id='word_1_380' title='bbox 3067 2735 3328 2806; x_wconf 65' lang='grc' dir='ltr'><strong><em>σφάλμα,</em></strong></span> <span class='ocrx_word' id='word_1_381' title='bbox 3379 2735 3610 2806; x_wconf 86' lang='lat' dir='ltr'><strong><em>ejusque</em></strong></span> 
     </span>
    </p>
   </div>
   <div class='ocr_carea' id='block_1_57' title="bbox 2025 2826 3604 2898">
    <p class='ocr_par' dir='ltr' id='par_1_57' title="bbox 2025 2826 3604 2898">
     <span class='ocr_line' id='line_1_57' title="bbox 2025 2826 3604 2898; baseline 0.002 -21"><span class='ocrx_word' id='word_1_382' title='bbox 2025 2826 2304 2897; x_wconf 75' lang='grc' dir='ltr'>διὸροωμα</span> <span class='ocrx_word' id='word_1_383' title='bbox 2344 2826 2489 2880; x_wconf 83' lang='lat' dir='ltr'><strong><em>facili</em></strong></span> <span class='ocrx_word' id='word_1_384' title='bbox 2537 2829 2754 2898; x_wconf 87' lang='lat' dir='ltr'><strong><em>negotio</em></strong></span> <span class='ocrx_word' id='word_1_385' title='bbox 2798 2829 3076 2896; x_wconf 86' lang='lat' dir='ltr'><strong><em>patebant,</em></strong></span> <span class='ocrx_word' id='word_1_386' title='bbox 3112 2837 3206 2881; x_wconf 86' lang='lat' dir='ltr'><strong><em>aut</em></strong></span> <span class='ocrx_word' id='word_1_387' title='bbox 3247 2829 3314 2881; x_wconf 89' lang='lat' dir='ltr'><strong><em>ad</em></strong></span> <span class='ocrx_word' id='word_1_388' title='bbox 3347 2828 3604 2882; x_wconf 87' lang='lat' dir='ltr'><strong><em>lacunam</em></strong></span> 
     </span>
    </p>
   </div>
   <div class='ocr_carea' id='block_1_58' title="bbox 2023 2918 3609 2987">
    <p class='ocr_par' dir='ltr' id='par_1_58' title="bbox 2023 2918 3609 2987">
     <span class='ocr_line' id='line_1_58' title="bbox 2023 2918 3609 2987; baseline 0.004 -17"><span class='ocrx_word' id='word_1_389' title='bbox 2023 2918 2346 2987; x_wconf 73' lang='lat' dir='ltr'><strong><em>explendam</em></strong></span> <span class='ocrx_word' id='word_1_390' title='bbox 2391 2935 2588 2974; x_wconf 89' lang='lat' dir='ltr'><strong><em>sensus</em></strong></span> <span class='ocrx_word' id='word_1_391' title='bbox 2615 2936 2716 2986; x_wconf 48' lang='lat' dir='ltr'><strong><em>.me</em></strong></span> <span class='ocrx_word' id='word_1_392' title='bbox 2763 2933 2910 2974; x_wconf 87' lang='lat' dir='ltr'><strong><em>recte</em></strong></span> <span class='ocrx_word' id='word_1_393' title='bbox 2952 2919 3216 2986; x_wconf 81' lang='lat' dir='ltr'><strong><em>ducebat;</em></strong></span> <span class='ocrx_word' id='word_1_394' title='bbox 3260 2921 3409 2974; x_wconf 92' lang='lat' dir='ltr'><strong><em>nolui</em></strong></span> <span class='ocrx_word' id='word_1_395' title='bbox 3462 2921 3609 2976; x_wconf 82' lang='lat' dir='ltr'><strong><em>viros</em></strong></span> 
     </span>
    </p>
   </div>
   <div class='ocr_carea' id='block_1_59' title="bbox 2024 3007 3594 3079">
    <p class='ocr_par' dir='ltr' id='par_1_59' title="bbox 2024 3007 3594 3079">
     <span class='ocr_line' id='line_1_59' title="bbox 2024 3007 3594 3079; baseline 0.002 -18"><span class='ocrx_word' id='word_1_396' title='bbox 2024 3007 2160 3061; x_wconf 88' lang='lat' dir='ltr'><strong><em>adeo</em></strong></span> <span class='ocrx_word' id='word_1_397' title='bbox 2199 3009 2526 3076; x_wconf 78' lang='lat' dir='ltr'><strong><em>conspicuos</em></strong></span> <span class='ocrx_word' id='word_1_398' title='bbox 2555 3024 2652 3078; x_wconf 90' lang='lat' dir='ltr'><strong><em>pro</em></strong></span> <span class='ocrx_word' id='word_1_399' title='bbox 2696 3025 2753 3062; x_wconf 91' lang='lat' dir='ltr'><strong><em>re</em></strong></span> <span class='ocrx_word' id='word_1_400' title='bbox 2789 3012 2937 3079; x_wconf 84' lang='lat' dir='ltr'><strong><em>parvi</em></strong></span> <span class='ocrx_word' id='word_1_401' title='bbox 2975 3010 3233 3063; x_wconf 89' lang='lat' dir='ltr'><strong><em>momenti</em></strong></span> <span class='ocrx_word' id='word_1_402' title='bbox 3272 3011 3594 3072; x_wconf 86' lang='lat' dir='ltr'><strong><em>obtundere.</em></strong></span> 
     </span>
    </p>
   </div>
   <div class='ocr_carea' id='block_1_60' title="bbox 2027 3102 3606 3173">
    <p class='ocr_par' dir='ltr' id='par_1_60' title="bbox 2027 3102 3606 3173">
     <span class='ocr_line' id='line_1_60' title="bbox 2027 3102 3606 3173; baseline 0 -16"><span class='ocrx_word' id='word_1_403' title='bbox 2027 3102 2120 3157; x_wconf 87' lang='lat' dir='ltr'><strong><em>sed</em></strong></span> <span class='ocrx_word' id='word_1_404' title='bbox 2163 3103 2428 3156; x_wconf 79' lang='lat' dir='ltr'><strong><em>medicam</em></strong></span> <span class='ocrx_word' id='word_1_405' title='bbox 2467 3102 2582 3171; x_wconf 84' lang='lat' dir='ltr'><strong><em>ipse</em></strong></span> <span class='ocrx_word' id='word_1_406' title='bbox 2612 3119 2834 3156; x_wconf 90' lang='lat' dir='ltr'><strong><em>manum</em></strong></span> <span class='ocrx_word' id='word_1_407' title='bbox 2877 3104 3050 3158; x_wconf 88' lang='lat' dir='ltr'><strong><em>codici</em></strong></span> <span class='ocrx_word' id='word_1_408' title='bbox 3088 3103 3326 3166; x_wconf 77' lang='lat' dir='ltr'><strong><em>admovi,</em></strong></span> <span class='ocrx_word' id='word_1_409' title='bbox 3363 3113 3522 3173; x_wconf 90' lang='lat' dir='ltr'><strong><em>atque</em></strong></span> <span class='ocrx_word' id='word_1_410' title='bbox 3554 3104 3606 3157; x_wconf 90' lang='lat' dir='ltr'><strong><em>id</em></strong></span> 
     </span>
    </p>
   </div>
   <div class='ocr_carea' id='block_1_61' title="bbox 326 3187 3608 3266">
    <p class='ocr_par' dir='ltr' id='par_1_61' title="bbox 326 3187 3608 3266">
     <span class='ocr_line' id='line_1_61' title="bbox 326 3187 3608 3266; baseline 0.001 -18"><span class='ocrx_word' id='word_1_411' title='bbox 326 3192 463 3264; x_wconf 80' lang='lat' dir='ltr'><strong><em>fuit,</em></strong></span> <span class='ocrx_word' id='word_1_412' title='bbox 494 3210 622 3250; x_wconf 89' lang='lat' dir='ltr'><strong><em>cum</em></strong></span> <span class='ocrx_word' id='word_1_413' title='bbox 670 3196 726 3251; x_wconf 88' lang='lat' dir='ltr'><strong><em>in</em></strong></span> <span class='ocrx_word' id='word_1_414' title='bbox 768 3195 958 3249; x_wconf 89' lang='lat' dir='ltr'><strong><em>codice</em></strong></span> <span class='ocrx_word' id='word_1_415' title='bbox 988 3204 1202 3261; x_wconf 87' lang='lat' dir='ltr'><strong><em>nostro,</em></strong></span> <span class='ocrx_word' id='word_1_416' title='bbox 1233 3195 1312 3248; x_wconf 90' lang='lat' dir='ltr'><strong><em>uti</em></strong></span> <span class='ocrx_word' id='word_1_417' title='bbox 1354 3205 1407 3250; x_wconf 88' lang='lat' dir='ltr'><strong><em>et</em></strong></span> <span class='ocrx_word' id='word_1_418' title='bbox 1438 3195 1492 3250; x_wconf 91' lang='lat' dir='ltr'><strong><em>in</em></strong></span> <span class='ocrx_word' id='word_1_419' title='bbox 1525 3197 1737 3250; x_wconf 77' lang='lat' dir='ltr'><strong><em>caeteris</em></strong></span> <span class='ocrx_word' id='word_1_420' title='bbox 1780 3194 1927 3265; x_wconf 91' lang='lat' dir='ltr'><strong><em>ejus-</em></strong></span> <span class='ocrx_word' id='word_1_421' title='bbox 1954 3187 1999 3248; x_wconf 92' lang='lat' dir='ltr'><strong>C</strong></span> <span class='ocrx_word' id='word_1_422' title='bbox 2031 3193 2097 3248; x_wconf 90' lang='lat' dir='ltr'><strong><em>de</em></strong></span> <span class='ocrx_word' id='word_1_423' title='bbox 2125 3210 2245 3248; x_wconf 90' lang='lat' dir='ltr'><strong><em>meo</em></strong></span> <span class='ocrx_word' id='word_1_424' title='bbox 2279 3195 2514 3257; x_wconf 69' lang='lat' dir='ltr'><strong><em>resumi,</em></strong></span> <span class='ocrx_word' id='word_1_425' title='bbox 2537 3195 2683 3265; x_wconf 91' lang='lat' dir='ltr'><strong><em>quod</em></strong></span> <span class='ocrx_word' id='word_1_426' title='bbox 2710 3205 2763 3249; x_wconf 91' lang='lat' dir='ltr'><strong><em>et</em></strong></span> <span class='ocrx_word' id='word_1_427' title='bbox 2793 3196 2846 3250; x_wconf 88' lang='lat' dir='ltr'><strong><em>in</em></strong></span> <span class='ocrx_word' id='word_1_428' title='bbox 2888 3197 3097 3266; x_wconf 65' lang='lat' dir='ltr'><strong><em>paginae</em></strong></span> <span class='ocrx_word' id='word_1_429' title='bbox 3125 3197 3278 3251; x_wconf 87' lang='lat' dir='ltr'><strong><em>calce</em></strong></span> <span class='ocrx_word' id='word_1_430' title='bbox 3310 3197 3608 3250; x_wconf 88' lang='lat' dir='ltr'><strong><em>indicatum</em></strong></span> 
     </span>
    </p>
   </div>
   <div class='ocr_carea' id='block_1_62' title="bbox 326 3287 1928 3357">
    <p class='ocr_par' dir='ltr' id='par_1_62' title="bbox 326 3287 1928 3357">
     <span class='ocr_line' id='line_1_62' title="bbox 326 3287 1928 3357; baseline -0.001 -14"><span class='ocrx_word' id='word_1_431' title='bbox 326 3289 456 3344; x_wconf 91' lang='lat' dir='ltr'><strong><em>dem</em></strong></span> <span class='ocrx_word' id='word_1_432' title='bbox 489 3288 690 3354; x_wconf 68' lang='lat' dir='ltr'><strong><em>aetatis,</em></strong></span> <span class='ocrx_word' id='word_1_433' title='bbox 739 3303 864 3342; x_wconf 90' lang='lat' dir='ltr'><strong><em>rara</em></strong></span> <span class='ocrx_word' id='word_1_434' title='bbox 900 3287 1200 3342; x_wconf 89' lang='lat' dir='ltr'><strong><em>admodum</em></strong></span> <span class='ocrx_word' id='word_1_435' title='bbox 1231 3289 1388 3357; x_wconf 86' lang='lat' dir='ltr'><strong><em>signa</em></strong></span> <span class='ocrx_word' id='word_1_436' title='bbox 1431 3287 1804 3344; x_wconf 87' lang='lat' dir='ltr'><strong><em>distinctionis</em></strong></span> <span class='ocrx_word' id='word_1_437' title='bbox 1834 3301 1928 3342; x_wconf 90' lang='lat' dir='ltr'><strong><em>oc-</em></strong></span> 
     </span>
    </p>
   </div>
   <div class='ocr_carea' id='block_1_63' title="bbox 326 3378 1928 3447">
    <p class='ocr_par' dir='ltr' id='par_1_63' title="bbox 326 3378 1928 3447">
     <span class='ocr_line' id='line_1_63' title="bbox 326 3378 1928 3447; baseline -0.001 -13"><span class='ocrx_word' id='word_1_438' title='bbox 326 3389 582 3435; x_wconf 85' lang='lat' dir='ltr'><strong><em>currant.</em></strong></span> <span class='ocrx_word' id='word_1_439' title='bbox 620 3379 762 3444; x_wconf 75' lang='lat' dir='ltr'><strong><em>Quin</em></strong></span> <span class='ocrx_word' id='word_1_440' title='bbox 786 3379 953 3432; x_wconf 85' lang='lat' dir='ltr'><strong><em>etiam</em></strong></span> <span class='ocrx_word' id='word_1_441' title='bbox 985 3378 1403 3433; x_wconf 84' lang='lat' dir='ltr'><strong><em>dissertationes</em></strong></span> <span class='ocrx_word' id='word_1_442' title='bbox 1429 3379 1673 3447; x_wconf 82' lang='lat' dir='ltr'><strong><em>singulas</em></strong></span> <span class='ocrx_word' id='word_1_443' title='bbox 1701 3379 1756 3432; x_wconf 93' lang='lat' dir='ltr'><strong><em>in</em></strong></span> <span class='ocrx_word' id='word_1_444' title='bbox 1777 3393 1928 3447; x_wconf 79' lang='lat' dir='ltr'><strong><em>qua:-</em></strong></span> 
     </span>
    </p>
   </div>
   <div class='ocr_carea' id='block_1_64' title="bbox 326 3473 1927 3544">
    <p class='ocr_par' dir='ltr' id='par_1_64' title="bbox 326 3473 1927 3544">
     <span class='ocr_line' id='line_1_64' title="bbox 326 3473 1927 3544; baseline -0.001 -14"><span class='ocrx_word' id='word_1_445' title='bbox 326 3477 460 3530; x_wconf 89' lang='lat' dir='ltr'><strong><em>dam</em></strong></span> <span class='ocrx_word' id='word_1_446' title='bbox 494 3476 662 3528; x_wconf 84' lang='lat' dir='ltr'><strong><em>veluti</em></strong></span> <span class='ocrx_word' id='word_1_447' title='bbox 713 3474 958 3544; x_wconf 90' lang='lat' dir='ltr'><strong><em>capitula</em></strong></span> <span class='ocrx_word' id='word_1_448' title='bbox 1008 3473 1398 3543; x_wconf 86' lang='lat' dir='ltr'><strong><em>dispescendas</em></strong></span> <span class='ocrx_word' id='word_1_449' title='bbox 1447 3473 1668 3538; x_wconf 89' lang='lat' dir='ltr'><strong><em>curavi;</em></strong></span> <span class='ocrx_word' id='word_1_450' title='bbox 1704 3482 1818 3527; x_wconf 90' lang='lat' dir='ltr'><strong><em>tum</em></strong></span> <span class='ocrx_word' id='word_1_451' title='bbox 1858 3487 1927 3528; x_wconf 90' lang='lat' dir='ltr'><strong><em>ne</em></strong></span> 
     </span>
    </p>
   </div>
   <div class='ocr_carea' id='block_1_65' title="bbox 324 3565 1925 3626">
    <p class='ocr_par' dir='ltr' id='par_1_65' title="bbox 324 3565 1925 3626">
     <span class='ocr_line' id='line_1_65' title="bbox 324 3565 1925 3626; baseline -0.002 -3"><span class='ocrx_word' id='word_1_452' title='bbox 324 3570 582 3623; x_wconf 86' lang='lat' dir='ltr'><strong><em>diversas</em></strong></span> <span class='ocrx_word' id='word_1_453' title='bbox 616 3565 799 3622; x_wconf 87' lang='lat' dir='ltr'><strong><em>Photii</em></strong></span> <span class='ocrx_word' id='word_1_454' title='bbox 825 3566 1358 3626; x_wconf 83' lang='lat' dir='ltr'><strong><em>animadversiones,</em></strong></span> <span class='ocrx_word' id='word_1_455' title='bbox 1397 3566 1925 3620; x_wconf 87' lang='lat' dir='ltr'><strong><em>commentationes-</em></strong></span> 
     </span>
    </p>
   </div>
   <div class='ocr_carea' id='block_1_66' title="bbox 325 3659 1926 3731">
    <p class='ocr_par' dir='ltr' id='par_1_66' title="bbox 325 3659 1926 3731">
     <span class='ocr_line' id='line_1_66' title="bbox 325 3659 1926 3731; baseline -0.001 -17"><span class='ocrx_word' id='word_1_456' title='bbox 325 3675 442 3731; x_wconf 86' lang='lat' dir='ltr'><strong><em>que</em></strong></span> <span class='ocrx_word' id='word_1_457' title='bbox 475 3660 638 3714; x_wconf 87' lang='lat' dir='ltr'><strong><em>unica</em></strong></span> <span class='ocrx_word' id='word_1_458' title='bbox 665 3659 931 3730; x_wconf 72' lang='grc' dir='ltr'>συνεπείᾳ</span> <span class='ocrx_word' id='word_1_459' title='bbox 973 3659 1227 3730; x_wconf 85' lang='lat' dir='ltr'><strong><em>legendas</em></strong></span> <span class='ocrx_word' id='word_1_460' title='bbox 1267 3672 1662 3728; x_wconf 86' lang='lat' dir='ltr'><strong><em>propOnerem;</em></strong></span> <span class='ocrx_word' id='word_1_461' title='bbox 1707 3667 1821 3711; x_wconf 89' lang='lat' dir='ltr'><strong><em>tum</em></strong></span> <span class='ocrx_word' id='word_1_462' title='bbox 1847 3671 1926 3712; x_wconf 82' lang='lat' dir='ltr'><strong><em>ne</em></strong></span> 
     </span>
    </p>
   </div>
   <div class='ocr_carea' id='block_1_67' title="bbox 326 3751 1921 3824">
    <p class='ocr_par' dir='ltr' id='par_1_67' title="bbox 326 3751 1921 3824">
     <span class='ocr_line' id='line_1_67' title="bbox 326 3751 1921 3824; baseline -0.002 -15"><span class='ocrx_word' id='word_1_463' title='bbox 326 3754 619 3824; x_wconf 86' lang='lat' dir='ltr'><strong><em>imparitas</em></strong></span> <span class='ocrx_word' id='word_1_464' title='bbox 653 3755 793 3822; x_wconf 90' lang='lat' dir='ltr'><strong><em>ipsa,</em></strong></span> <span class='ocrx_word' id='word_1_465' title='bbox 821 3768 944 3823; x_wconf 71' lang='lat' dir='ltr'><strong><em>qua:</em></strong></span> <span class='ocrx_word' id='word_1_466' title='bbox 978 3753 1120 3808; x_wconf 90' lang='lat' dir='ltr'><strong><em>inter</em></strong></span> <span class='ocrx_word' id='word_1_467' title='bbox 1151 3761 1336 3806; x_wconf 85' lang='lat' dir='ltr'><strong><em>textus</em></strong></span> <span class='ocrx_word' id='word_1_468' title='bbox 1396 3766 1462 3805; x_wconf 91' lang='lat' dir='ltr'><strong><em>ac</em></strong></span> <span class='ocrx_word' id='word_1_469' title='bbox 1497 3751 1768 3804; x_wconf 86' lang='lat' dir='ltr'><strong><em>versionis</em></strong></span> <span class='ocrx_word' id='word_1_470' title='bbox 1791 3765 1921 3820; x_wconf 90' lang='lat' dir='ltr'><strong><em>pro-</em></strong></span> 
     </span>
    </p>
   </div>
   <div class='ocr_carea' id='block_1_68' title="bbox 327 3843 1918 3917">
    <p class='ocr_par' dir='ltr' id='par_1_68' title="bbox 327 3843 1918 3917">
     <span class='ocr_line' id='line_1_68' title="bbox 327 3843 1918 3917; baseline -0.003 -16"><span class='ocrx_word' id='word_1_471' title='bbox 327 3847 600 3901; x_wconf 81' lang='lat' dir='ltr'><strong><em>lixitatem</em></strong></span> <span class='ocrx_word' id='word_1_472' title='bbox 625 3846 948 3917; x_wconf 89' lang='lat' dir='ltr'><strong><em>plerumque</em></strong></span> <span class='ocrx_word' id='word_1_473' title='bbox 997 3845 1306 3908; x_wconf 88' lang='lat' dir='ltr'><strong><em>intercedit,</em></strong></span> <span class='ocrx_word' id='word_1_474' title='bbox 1343 3852 1455 3898; x_wconf 89' lang='lat' dir='ltr'><strong><em>tota</em></strong></span> <span class='ocrx_word' id='word_1_475' title='bbox 1502 3843 1556 3897; x_wconf 90' lang='lat' dir='ltr'><strong><em>in</em></strong></span> <span class='ocrx_word' id='word_1_476' title='bbox 1603 3843 1918 3898; x_wconf 88' lang='lat' dir='ltr'><strong><em>earumdem</em></strong></span> 
     </span>
    </p>
   </div>
   <div class='ocr_carea' id='block_1_69' title="bbox 328 3937 1972 4007">
    <p class='ocr_par' dir='ltr' id='par_1_69' title="bbox 328 3937 1972 4007">
     <span class='ocr_line' id='line_1_69' title="bbox 328 3937 1972 4007; baseline -0.002 -12"><span class='ocrx_word' id='word_1_477' title='bbox 328 3940 790 3996; x_wconf 89' lang='lat' dir='ltr'><strong><em>dissertationum</em></strong></span> <span class='ocrx_word' id='word_1_478' title='bbox 841 3939 1138 3993; x_wconf 87' lang='lat' dir='ltr'><strong><em>terminum</em></strong></span> <span class='ocrx_word' id='word_1_479' title='bbox 1187 3939 1542 4006; x_wconf 88' lang='lat' dir='ltr'><strong><em>rejiceretur,</em></strong></span> <span class='ocrx_word' id='word_1_480' title='bbox 1591 3946 1754 4007; x_wconf 86' lang='lat' dir='ltr'><strong><em>atque</em></strong></span> <span class='ocrx_word' id='word_1_481' title='bbox 1787 3937 1919 3991; x_wconf 90' lang='lat' dir='ltr'><strong><em>illud</em></strong></span> <span class='ocrx_word' id='word_1_482' title='bbox 1970 3975 1972 3978; x_wconf 53' lang='grc' dir='ltr'>μ</span> 
     </span>
    </p>
   </div>
   <div class='ocr_carea' id='block_1_70' title="bbox 327 4030 1918 4104">
    <p class='ocr_par' dir='ltr' id='par_1_70' title="bbox 327 4030 1918 4104">
     <span class='ocr_line' id='line_1_70' title="bbox 327 4030 1918 4104; baseline -0.003 -16"><span class='ocrx_word' id='word_1_483' title='bbox 327 4035 523 4090; x_wconf 85' lang='lat' dir='ltr'><strong><em>nescio</em></strong></span> <span class='ocrx_word' id='word_1_484' title='bbox 562 4035 692 4104; x_wconf 90' lang='lat' dir='ltr'><strong><em>quid</em></strong></span> <span class='ocrx_word' id='word_1_485' title='bbox 729 4034 993 4088; x_wconf 92' lang='lat' dir='ltr'><strong><em>abnorme</em></strong></span> <span class='ocrx_word' id='word_1_486' title='bbox 1027 4033 1357 4088; x_wconf 87' lang='lat' dir='ltr'><strong><em>intuentium</em></strong></span> <span class='ocrx_word' id='word_1_487' title='bbox 1400 4033 1592 4088; x_wconf 90' lang='lat' dir='ltr'><strong><em>oculos</em></strong></span> <span class='ocrx_word' id='word_1_488' title='bbox 1623 4041 1807 4101; x_wconf 87' lang='lat' dir='ltr'><strong><em>posset</em></strong></span> <span class='ocrx_word' id='word_1_489' title='bbox 1833 4030 1918 4083; x_wconf 78' lang='lat' dir='ltr'><strong><em>of-</em></strong></span> 
     </span>
    </p>
   </div>
   <div class='ocr_carea' id='block_1_71' title="bbox 327 4123 1918 4196">
    <p class='ocr_par' dir='ltr' id='par_1_71' title="bbox 327 4123 1918 4196">
     <span class='ocr_line' id='line_1_71' title="bbox 327 4123 1918 4196; baseline -0.003 -16"><span class='ocrx_word' id='word_1_490' title='bbox 327 4127 577 4180; x_wconf 81' lang='lat' dir='ltr'><strong><em>l&#39;eudere.</em></strong></span> <span class='ocrx_word' id='word_1_491' title='bbox 636 4125 748 4181; x_wconf 84' lang='lat' dir='ltr'><strong><em>Hos</em></strong></span> <span class='ocrx_word' id='word_1_492' title='bbox 808 4133 991 4180; x_wconf 81' lang='lat' dir='ltr'><strong><em>autem</em></strong></span> <span class='ocrx_word' id='word_1_493' title='bbox 1049 4123 1466 4196; x_wconf 81' lang='grc' dir='ltr'>διαμερισμοὺς,</span> <span class='ocrx_word' id='word_1_494' title='bbox 1519 4123 1721 4192; x_wconf 87' lang='lat' dir='ltr'><strong><em>quibus</em></strong></span> <span class='ocrx_word' id='word_1_495' title='bbox 1767 4130 1918 4176; x_wconf 89' lang='lat' dir='ltr'><strong><em>caret</em></strong></span> 
     </span>
    </p>
   </div>
   <div class='ocr_carea' id='block_1_72' title="bbox 327 4212 1916 4284">
    <p class='ocr_par' dir='ltr' id='par_1_72' title="bbox 327 4212 1916 4284">
     <span class='ocr_line' id='line_1_72' title="bbox 327 4212 1916 4284; baseline -0.004 -12"><span class='ocrx_word' id='word_1_496' title='bbox 327 4227 609 4284; x_wconf 85' lang='lat' dir='ltr'><strong><em>nostrum,</em></strong></span> <span class='ocrx_word' id='word_1_497' title='bbox 651 4217 705 4271; x_wconf 93' lang='lat' dir='ltr'><strong><em>in</em></strong></span> <span class='ocrx_word' id='word_1_498' title='bbox 739 4217 1007 4272; x_wconf 81' lang='lat' dir='ltr'><strong><em>Vaticano</em></strong></span> <span class='ocrx_word' id='word_1_499' title='bbox 1033 4233 1160 4281; x_wconf 91' lang='lat' dir='ltr'><strong><em>ms.,</em></strong></span> <span class='ocrx_word' id='word_1_500' title='bbox 1193 4216 1336 4270; x_wconf 90' lang='lat' dir='ltr'><strong><em>unde</em></strong></span> <span class='ocrx_word' id='word_1_501' title='bbox 1372 4229 1624 4284; x_wconf 78' lang='lat' dir='ltr'><strong><em>magnam</em></strong></span> <span class='ocrx_word' id='word_1_502' title='bbox 1657 4212 1916 4283; x_wconf 64' lang='lat' dir='ltr'><strong><em>quaastio-</em></strong></span> 
     </span>
    </p>
   </div>
   <div class='ocr_carea' id='block_1_73' title="bbox 327 4305 1913 4380">
    <p class='ocr_par' dir='ltr' id='par_1_73' title="bbox 327 4305 1913 4380">
     <span class='ocr_line' id='line_1_73' title="bbox 327 4305 1913 4380; baseline -0.005 -16"><span class='ocrx_word' id='word_1_503' title='bbox 327 4310 418 4365; x_wconf 88' lang='lat' dir='ltr'><strong><em>nis</em></strong></span> <span class='ocrx_word' id='word_1_504' title='bbox 448 4311 517 4365; x_wconf 76' lang='grc'><strong>55</strong></span> <span class='ocrx_word' id='word_1_505' title='bbox 550 4318 755 4380; x_wconf 86' lang='lat' dir='ltr'><strong><em>partem</em></strong></span> <span class='ocrx_word' id='word_1_506' title='bbox 779 4310 1140 4374; x_wconf 89' lang='lat' dir='ltr'><strong><em>obtinuimus,</em></strong></span> <span class='ocrx_word' id='word_1_507' title='bbox 1169 4309 1271 4363; x_wconf 90' lang='lat' dir='ltr'><strong><em>rite</em></strong></span> <span class='ocrx_word' id='word_1_508' title='bbox 1300 4322 1399 4376; x_wconf 81' lang='lat' dir='ltr'><strong><em>ego</em></strong></span> <span class='ocrx_word' id='word_1_509' title='bbox 1429 4316 1676 4362; x_wconf 81' lang='lat' dir='ltr'><strong><em>servatos</em></strong></span> <span class='ocrx_word' id='word_1_510' title='bbox 1701 4305 1913 4374; x_wconf 90' lang='lat' dir='ltr'><strong><em>reperi;</em></strong></span> 
     </span>
    </p>
   </div>
   <div class='ocr_carea' id='block_1_74' title="bbox 327 4398 1922 4475">
    <p class='ocr_par' dir='ltr' id='par_1_74' title="bbox 327 4398 1922 4475">
     <span class='ocr_line' id='line_1_74' title="bbox 327 4398 1922 4475; baseline -0.007 -13"><span class='ocrx_word' id='word_1_511' title='bbox 327 4415 444 4462; x_wconf 89' lang='lat' dir='ltr'><strong><em>imo</em></strong></span> <span class='ocrx_word' id='word_1_512' title='bbox 483 4416 628 4460; x_wconf 58' lang='lat' dir='ltr'><strong><em>notat</em></strong></span> <span class='ocrx_word' id='word_1_513' title='bbox 673 4405 922 4475; x_wconf 68' lang='lat' dir='ltr'><strong><em>quaedam</em></strong></span> <span class='ocrx_word' id='word_1_514' title='bbox 971 4402 1265 4458; x_wconf 73' lang='lat' dir='ltr'><strong><em>numerica:</em></strong></span> <span class='ocrx_word' id='word_1_515' title='bbox 1305 4401 1360 4455; x_wconf 93' lang='lat' dir='ltr'><strong><em>in</em></strong></span> <span class='ocrx_word' id='word_1_516' title='bbox 1398 4399 1646 4470; x_wconf 81' lang='lat' dir='ltr'><strong><em>margine</em></strong></span> <span class='ocrx_word' id='word_1_517' title='bbox 1691 4398 1922 4469; x_wconf 68' lang='lat' dir='ltr'><strong><em>appictae</em></strong></span> 
     </span>
    </p>
   </div>
   <div class='ocr_carea' id='block_1_75' title="bbox 2029 3289 3612 3359">
    <p class='ocr_par' dir='ltr' id='par_1_75' title="bbox 2029 3289 3612 3359">
     <span class='ocr_line' id='line_1_75' title="bbox 2029 3289 3612 3359; baseline 0.001 -17"><span class='ocrx_word' id='word_1_518' title='bbox 2029 3289 2355 3357; x_wconf 87' lang='lat' dir='ltr'><strong><em>conspicies.</em></strong></span> <span class='ocrx_word' id='word_1_519' title='bbox 2387 3289 2538 3344; x_wconf 83' lang='lat' dir='ltr'><strong><em>Alias</em></strong></span> <span class='ocrx_word' id='word_1_520' title='bbox 2567 3289 2762 3344; x_wconf 87' lang='lat' dir='ltr'><strong><em>deinde</em></strong></span> <span class='ocrx_word' id='word_1_521' title='bbox 2798 3301 2958 3344; x_wconf 89' lang='lat' dir='ltr'><strong><em>notas</em></strong></span> <span class='ocrx_word' id='word_1_522' title='bbox 2993 3290 3249 3359; x_wconf 85' lang='lat' dir='ltr'><strong><em>reperies,</em></strong></span> <span class='ocrx_word' id='word_1_523' title='bbox 3294 3298 3348 3344; x_wconf 88' lang='lat' dir='ltr'><strong><em>et</em></strong></span> <span class='ocrx_word' id='word_1_524' title='bbox 3373 3289 3612 3344; x_wconf 80' lang='lat' dir='ltr'><strong><em>fortasse</em></strong></span> 
     </span>
    </p>
   </div>
   <div class='ocr_carea' id='block_1_76' title="bbox 2027 3380 3614 3450">
    <p class='ocr_par' dir='ltr' id='par_1_76' title="bbox 2027 3380 3614 3450">
     <span class='ocr_line' id='line_1_76' title="bbox 2027 3380 3614 3450; baseline 0.001 -18"><span class='ocrx_word' id='word_1_525' title='bbox 2027 3395 2134 3433; x_wconf 91' lang='lat' dir='ltr'><strong><em>non</em></strong></span> <span class='ocrx_word' id='word_1_526' title='bbox 2168 3380 2532 3450; x_wconf 90' lang='lat' dir='ltr'><strong><em>importunas,</em></strong></span> <span class='ocrx_word' id='word_1_527' title='bbox 2562 3381 2763 3449; x_wconf 90' lang='lat' dir='ltr'><strong><em>quibus</em></strong></span> <span class='ocrx_word' id='word_1_528' title='bbox 2789 3381 2991 3450; x_wconf 86' lang='lat' dir='ltr'><strong><em>aliquid</em></strong></span> <span class='ocrx_word' id='word_1_529' title='bbox 3021 3382 3086 3434; x_wconf 88' lang='lat' dir='ltr'><strong><em>de</em></strong></span> <span class='ocrx_word' id='word_1_530' title='bbox 3123 3380 3387 3435; x_wconf 85' lang='lat' dir='ltr'><strong><em>Pbotiana</em></strong></span> <span class='ocrx_word' id='word_1_531' title='bbox 3465 3396 3614 3449; x_wconf 67' lang='lat' dir='ltr'><strong><em>qure-</em></strong></span> 
     </span>
    </p>
   </div>
   <div class='ocr_carea' id='block_1_77' title="bbox 2027 3473 3613 3542">
    <p class='ocr_par' dir='ltr' id='par_1_77' title="bbox 2027 3473 3613 3542">
     <span class='ocr_line' id='line_1_77' title="bbox 2027 3473 3613 3542; baseline -0.001 -12"><span class='ocrx_word' id='word_1_532' title='bbox 2027 3475 2226 3530; x_wconf 90' lang='lat' dir='ltr'><strong><em>stionis</em></strong></span> <span class='ocrx_word' id='word_1_533' title='bbox 2246 3475 2521 3530; x_wconf 88' lang='lat' dir='ltr'><strong><em>solutione</em></strong></span> <span class='ocrx_word' id='word_1_534' title='bbox 2549 3476 2838 3539; x_wconf 86' lang='lat' dir='ltr'><strong><em>disseram,</em></strong></span> <span class='ocrx_word' id='word_1_535' title='bbox 2872 3486 2923 3528; x_wconf 89' lang='lat' dir='ltr'><strong><em>et</em></strong></span> <span class='ocrx_word' id='word_1_536' title='bbox 2963 3475 3092 3542; x_wconf 89' lang='lat' dir='ltr'><strong><em>quid</em></strong></span> <span class='ocrx_word' id='word_1_537' title='bbox 3122 3474 3404 3529; x_wconf 59' lang='lat' dir='ltr'><strong><em>catholica?</em></strong></span> <span class='ocrx_word' id='word_1_538' title='bbox 3428 3473 3613 3528; x_wconf 86' lang='lat' dir='ltr'><strong><em>Eccle-</em></strong></span> 
     </span>
    </p>
   </div>
   <div class='ocr_carea' id='block_1_78' title="bbox 2027 3565 3608 3636">
    <p class='ocr_par' dir='ltr' id='par_1_78' title="bbox 2027 3565 3608 3636">
     <span class='ocr_line' id='line_1_78' title="bbox 2027 3565 3608 3636; baseline 0.001 -17"><span class='ocrx_word' id='word_1_539' title='bbox 2027 3565 2121 3620; x_wconf 61' lang='lat' dir='ltr'><strong><em>siae</em></strong></span> <span class='ocrx_word' id='word_1_540' title='bbox 2153 3566 2388 3636; x_wconf 73' lang='grc' dir='ltr'>δόγμασι</span> <span class='ocrx_word' id='word_1_541' title='bbox 2419 3577 2702 3636; x_wconf 83' lang='lat' dir='ltr'><strong><em>repugnet,</em></strong></span> <span class='ocrx_word' id='word_1_542' title='bbox 2734 3567 2864 3635; x_wconf 89' lang='lat' dir='ltr'><strong><em>quid</em></strong></span> <span class='ocrx_word' id='word_1_543' title='bbox 2902 3567 3165 3621; x_wconf 86' lang='lat' dir='ltr'><strong><em>adversus</em></strong></span> <span class='ocrx_word' id='word_1_544' title='bbox 3191 3575 3466 3620; x_wconf 71' lang='lat' dir='ltr'><strong><em>novatore:</em></strong></span> <span class='ocrx_word' id='word_1_545' title='bbox 3505 3581 3608 3620; x_wconf 91' lang='lat' dir='ltr'><strong><em>no-</em></strong></span> 
     </span>
    </p>
   </div>
   <div class='ocr_carea' id='block_1_79' title="bbox 2027 3657 3611 3729">
    <p class='ocr_par' dir='ltr' id='par_1_79' title="bbox 2027 3657 3611 3729">
     <span class='ocr_line' id='line_1_79' title="bbox 2027 3657 3611 3729; baseline -0.001 -17"><span class='ocrx_word' id='word_1_546' title='bbox 2027 3658 2110 3713; x_wconf 86' lang='lat' dir='ltr'><strong><em>bis</em></strong></span> <span class='ocrx_word' id='word_1_547' title='bbox 2139 3657 2399 3727; x_wconf 88' lang='lat' dir='ltr'><strong><em>prodesse</em></strong></span> <span class='ocrx_word' id='word_1_548' title='bbox 2426 3659 2618 3728; x_wconf 84' lang='lat' dir='ltr'><strong><em>possit,</em></strong></span> <span class='ocrx_word' id='word_1_549' title='bbox 2661 3659 2789 3728; x_wconf 82' lang='lat' dir='ltr'><strong><em>quitl</em></strong></span> <span class='ocrx_word' id='word_1_550' title='bbox 2829 3659 3064 3728; x_wconf 83' lang='lat' dir='ltr'><strong><em>denique</em></strong></span> <span class='ocrx_word' id='word_1_551' title='bbox 3097 3657 3396 3729; x_wconf 81' lang='grc' dir='ltr'>ὀρθοδόξων</span> <span class='ocrx_word' id='word_1_552' title='bbox 3433 3659 3611 3728; x_wconf 84' lang='lat' dir='ltr'><strong><em>scrip-</em></strong></span> 
     </span>
    </p>
   </div>
   <div class='ocr_carea' id='block_1_80' title="bbox 2024 3751 3613 3822">
    <p class='ocr_par' dir='ltr' id='par_1_80' title="bbox 2024 3751 3613 3822">
     <span class='ocr_line' id='line_1_80' title="bbox 2024 3751 3613 3822; baseline 0.001 -16"><span class='ocrx_word' id='word_1_553' title='bbox 2024 3761 2208 3807; x_wconf 88' lang='lat' dir='ltr'><strong><em>torum</em></strong></span> <span class='ocrx_word' id='word_1_554' title='bbox 2241 3753 2396 3807; x_wconf 77' lang='lat' dir='ltr'><strong><em>scitis</em></strong></span> <span class='ocrx_word' id='word_1_555' title='bbox 2422 3751 2767 3822; x_wconf 71' lang='lat' dir='ltr'><strong><em>suifragetur,</em></strong></span> <span class='ocrx_word' id='word_1_556' title='bbox 2796 3768 2882 3820; x_wconf 89' lang='lat' dir='ltr'><strong><em>ea,</em></strong></span> <span class='ocrx_word' id='word_1_557' title='bbox 2941 3768 3049 3822; x_wconf 90' lang='lat' dir='ltr'><strong><em>qua</em></strong></span> <span class='ocrx_word' id='word_1_558' title='bbox 3075 3767 3176 3822; x_wconf 91' lang='lat' dir='ltr'><strong><em>par</em></strong></span> <span class='ocrx_word' id='word_1_559' title='bbox 3195 3753 3303 3808; x_wconf 90' lang='lat' dir='ltr'><strong><em>erit</em></strong></span> <span class='ocrx_word' id='word_1_560' title='bbox 3344 3753 3613 3808; x_wconf 87' lang='lat' dir='ltr'><strong><em>brevitate</em></strong></span> 
     </span>
    </p>
   </div>
   <div class='ocr_carea' id='block_1_81' title="bbox 2027 3843 2340 3913">
    <p class='ocr_par' dir='ltr' id='par_1_81' title="bbox 2027 3843 2340 3913">
     <span class='ocr_line' id='line_1_81' title="bbox 2027 3843 2340 3913; baseline 0 -16"><span class='ocrx_word' id='word_1_561' title='bbox 2027 3843 2340 3913; x_wconf 85' lang='lat' dir='ltr'><strong><em>expediam.</em></strong></span> 
     </span>
    </p>
   </div>
   <div class='ocr_carea' id='block_1_82' title="bbox 2096 3933 3611 4004">
    <p class='ocr_par' dir='ltr' id='par_1_82' title="bbox 2096 3933 3611 4004">
     <span class='ocr_line' id='line_1_82' title="bbox 2096 3933 3611 4004; baseline 0 -16"><span class='ocrx_word' id='word_1_562' title='bbox 2096 3933 2371 4004; x_wconf 86' lang='lat' dir='ltr'><strong><em>Quidquid</em></strong></span> <span class='ocrx_word' id='word_1_563' title='bbox 2408 3942 2587 3988; x_wconf 89' lang='lat' dir='ltr'><strong><em>autem</em></strong></span> <span class='ocrx_word' id='word_1_564' title='bbox 2621 3935 2722 3989; x_wconf 90' lang='lat' dir='ltr'><strong><em>hac</em></strong></span> <span class='ocrx_word' id='word_1_565' title='bbox 2756 3934 2821 3987; x_wconf 87' lang='lat' dir='ltr'><strong><em>de</em></strong></span> <span class='ocrx_word' id='word_1_566' title='bbox 2855 3949 2912 3987; x_wconf 92' lang='lat' dir='ltr'><strong><em>re</em></strong></span> <span class='ocrx_word' id='word_1_567' title='bbox 2940 3933 3030 4000; x_wconf 87' lang='lat' dir='ltr'><strong><em>sit,</em></strong></span> <span class='ocrx_word' id='word_1_568' title='bbox 3074 3952 3094 3986; x_wconf 78' lang='grc' dir='ltr'><strong><em>ι</em></strong></span> <span class='ocrx_word' id='word_1_569' title='bbox 3133 3933 3288 4000; x_wconf 85' lang='lat' dir='ltr'><strong><em>Quod</em></strong></span> <span class='ocrx_word' id='word_1_570' title='bbox 3320 3934 3456 4001; x_wconf 82' lang='lat' dir='ltr'><strong><em>dixi,</em></strong></span> <span class='ocrx_word' id='word_1_571' title='bbox 3496 3953 3516 3985; x_wconf 74' lang='grc' dir='ltr'><strong><em>ι</em></strong></span> <span class='ocrx_word' id='word_1_572' title='bbox 3555 3943 3611 3988; x_wconf 88' lang='grc' dir='ltr'><strong><em>ιιι</em></strong></span> 
     </span>
    </p>
   </div>
   <div class='ocr_carea' id='block_1_83' title="bbox 2022 4027 3612 4097">
    <p class='ocr_par' dir='ltr' id='par_1_83' title="bbox 2022 4027 3612 4097">
     <span class='ocr_line' id='line_1_83' title="bbox 2022 4027 3612 4097; baseline -0.001 -15"><span class='ocrx_word' id='word_1_573' title='bbox 2022 4029 2085 4082; x_wconf 85' lang='grc' dir='ltr'><strong><em>υ.</em></strong></span> <span class='ocrx_word' id='word_1_574' title='bbox 2120 4029 2381 4082; x_wconf 86' lang='lat' dir='ltr'><strong><em>Bernardi</em></strong></span> <span class='ocrx_word' id='word_1_575' title='bbox 2409 4029 2590 4082; x_wconf 87' lang='lat' dir='ltr'><strong><em>verbis</em></strong></span> <span class='ocrx_word' id='word_1_576' title='bbox 2641 4037 2782 4091; x_wconf 89' lang='lat' dir='ltr'><strong><em>utar,</em></strong></span> <span class='ocrx_word' id='word_1_577' title='bbox 2821 4046 2840 4078; x_wconf 76' lang='grc' dir='ltr'><strong><em>ι</em></strong></span> <span class='ocrx_word' id='word_1_578' title='bbox 2878 4028 3084 4096; x_wconf 89' lang='lat' dir='ltr'><strong><em>absque</em></strong></span> <span class='ocrx_word' id='word_1_579' title='bbox 3110 4027 3425 4097; x_wconf 78' lang='lat' dir='ltr'><strong><em>praejudieio</em></strong></span> <span class='ocrx_word' id='word_1_580' title='bbox 3479 4042 3612 4080; x_wconf 83' lang='lat' dir='ltr'><strong><em>sane</em></strong></span> 
     </span>
    </p>
   </div>
   <div class='ocr_carea' id='block_1_84' title="bbox 2021 4116 3610 4187">
    <p class='ocr_par' dir='ltr' id='par_1_84' title="bbox 2021 4116 3610 4187">
     <span class='ocr_line' id='line_1_84' title="bbox 2021 4116 3610 4187; baseline -0.001 -15"><span class='ocrx_word' id='word_1_581' title='bbox 2021 4120 2166 4173; x_wconf 87' lang='lat' dir='ltr'><strong><em>dicta</em></strong></span> <span class='ocrx_word' id='word_1_582' title='bbox 2223 4118 2335 4173; x_wconf 75' lang='lat' dir='ltr'><strong><em>sint</em></strong></span> <span class='ocrx_word' id='word_1_583' title='bbox 2376 4117 2565 4172; x_wconf 88' lang='lat' dir='ltr'><strong><em>sanius</em></strong></span> <span class='ocrx_word' id='word_1_584' title='bbox 2651 4118 2936 4187; x_wconf 86' lang='lat' dir='ltr'><strong><em>sapientis.</em></strong></span> <span class='ocrx_word' id='word_1_585' title='bbox 2997 4116 3258 4172; x_wconf 64' lang='lat' dir='ltr'><strong><em>Romanae</em></strong></span> <span class='ocrx_word' id='word_1_586' title='bbox 3311 4119 3610 4187; x_wconf 69' lang='lat' dir='ltr'><strong><em>praesertim</em></strong></span> 
     </span>
    </p>
   </div>
   <div class='ocr_carea' id='block_1_85' title="bbox 2025 4210 3608 4279">
    <p class='ocr_par' dir='ltr' id='par_1_85' title="bbox 2025 4210 3608 4279">
     <span class='ocr_line' id='line_1_85' title="bbox 2025 4210 3608 4279; baseline -0.001 -13"><span class='ocrx_word' id='word_1_587' title='bbox 2025 4212 2284 4266; x_wconf 81' lang='lat' dir='ltr'><strong><em>Ecclesiae</em></strong></span> <span class='ocrx_word' id='word_1_588' title='bbox 2309 4210 2643 4274; x_wconf 87' lang='lat' dir='ltr'><strong><em>auctoritati,</em></strong></span> <span class='ocrx_word' id='word_1_589' title='bbox 2672 4221 2834 4279; x_wconf 87' lang='lat' dir='ltr'><strong><em>atque</em></strong></span> <span class='ocrx_word' id='word_1_590' title='bbox 2866 4210 3104 4264; x_wconf 81' lang='lat' dir='ltr'><strong><em>examini</em></strong></span> <span class='ocrx_word' id='word_1_591' title='bbox 3154 4219 3327 4264; x_wconf 90' lang='lat' dir='ltr'><strong><em>totum</em></strong></span> <span class='ocrx_word' id='word_1_592' title='bbox 3368 4211 3608 4265; x_wconf 91' lang='lat' dir='ltr'><strong><em>boc......</em></strong></span> 
     </span>
    </p>
   </div>
   <div class='ocr_carea' id='block_1_86' title="bbox 2023 4303 3614 4375">
    <p class='ocr_par' dir='ltr' id='par_1_86' title="bbox 2023 4303 3614 4375">
     <span class='ocr_line' id='line_1_86' title="bbox 2023 4303 3614 4375; baseline 0.001 -19"><span class='ocrx_word' id='word_1_593' title='bbox 2023 4319 2276 4370; x_wconf 83' lang='lat' dir='ltr'><strong><em>reservo;</em></strong></span> <span class='ocrx_word' id='word_1_594' title='bbox 2311 4303 2505 4374; x_wconf 81' lang='lat' dir='ltr'><strong><em>ipsius,</em></strong></span> <span class='ocrx_word' id='word_1_595' title='bbox 2553 4305 2596 4358; x_wconf 90' lang='lat' dir='ltr'><strong><em>si</em></strong></span> <span class='ocrx_word' id='word_1_596' title='bbox 2640 4303 2769 4372; x_wconf 89' lang='lat' dir='ltr'><strong><em>quid</em></strong></span> <span class='ocrx_word' id='word_1_597' title='bbox 2811 4303 2968 4358; x_wconf 88' lang='lat' dir='ltr'><strong><em>aliter</em></strong></span> <span class='ocrx_word' id='word_1_598' title='bbox 3004 4303 3179 4375; x_wconf 87' lang='lat' dir='ltr'><strong><em>sapio,</em></strong></span> <span class='ocrx_word' id='word_1_599' title='bbox 3213 4312 3436 4374; x_wconf 89' lang='lat' dir='ltr'><strong><em>paratus</em></strong></span> <span class='ocrx_word' id='word_1_600' title='bbox 3467 4305 3614 4374; x_wconf 84' lang='lat' dir='ltr'><strong><em>judi-</em></strong></span> 
     </span>
    </p>
   </div>
   <div class='ocr_carea' id='block_1_87' title="bbox 2026 4395 2670 4466">
    <p class='ocr_par' dir='ltr' id='par_1_87' title="bbox 2026 4395 2670 4466">
     <span class='ocr_line' id='line_1_87' title="bbox 2026 4395 2670 4466; baseline -0.008 -15"><span class='ocrx_word' id='word_1_601' title='bbox 2026 4402 2112 4452; x_wconf 83' lang='lat' dir='ltr'><strong><em>cio</em></strong></span> <span class='ocrx_word' id='word_1_602' title='bbox 2136 4397 2425 4452; x_wconf 86' lang='lat' dir='ltr'><strong><em>emendare</em></strong></span> <span class='ocrx_word' id='word_1_603' title='bbox 2472 4395 2609 4466; x_wconf 69' lang='lat' dir='ltr'><strong><em>(2i).</em></strong></span> <span class='ocrx_word' id='word_1_604' title='bbox 2651 4413 2670 4446; x_wconf 71' lang='grc' dir='ltr'><strong><em>ι</em></strong></span> 
     </span>
    </p>
   </div>
   <div class='ocr_carea' id='block_1_88' title="bbox 1940 4555 2048 4620">
    <p class='ocr_par' dir='ltr' id='par_1_88' title="bbox 1940 4555 2048 4620">
     <span class='ocr_line' id='line_1_88' title="bbox 1940 4555 2048 4620; baseline 0.037 -5"><span class='ocrx_word' id='word_1_605' title='bbox 1940 4555 2048 4620; x_wconf 87' lang='lat' dir='ltr'><strong><em>1V.</em></strong></span> 
     </span>
    </p>
   </div>
   <div class='ocr_carea' id='block_1_89' title="bbox 454 4682 3494 4765">
    <p class='ocr_par' dir='ltr' id='par_1_89' title="bbox 454 4682 3494 4765">
     <span class='ocr_line' id='line_1_89' title="bbox 454 4682 3494 4765; baseline -0.005 -8"><span class='ocrx_word' id='word_1_606' title='bbox 454 4692 932 4765; x_wconf 83' lang='lat' dir='ltr'><strong><em>CARDINALIS</em></strong></span> <span class='ocrx_word' id='word_1_607' title='bbox 1003 4689 1298 4751; x_wconf 77' lang='lat' dir='ltr'><strong><em>ANGELI</em></strong></span> <span class='ocrx_word' id='word_1_608' title='bbox 1357 4688 1510 4750; x_wconf 84' lang='lat' dir='ltr'><strong><em>MAI</em></strong></span> <span class='ocrx_word' id='word_1_609' title='bbox 1575 4683 1998 4747; x_wconf 68' lang='lat' dir='ltr'><strong><em>PREFATIO</em></strong></span> <span class='ocrx_word' id='word_1_610' title='bbox 2063 4684 2140 4743; x_wconf 85' lang='lat' dir='ltr'><strong><em>lN</em></strong></span> <span class='ocrx_word' id='word_1_611' title='bbox 2187 4683 2714 4757; x_wconf 65' lang='lat' dir='ltr'><strong><em>QUIESTIONES</em></strong></span> <span class='ocrx_word' id='word_1_612' title='bbox 2774 4682 3494 4745; x_wconf 79' lang='lat' dir='ltr'><strong><em>AMPHILOCHIANAS</em></strong></span> 
     </span>
    </p>
   </div>
   <div class='ocr_carea' id='block_1_90' title="bbox 686 4787 3170 4867">
    <p class='ocr_par' dir='ltr' id='par_1_90' title="bbox 686 4787 3170 4867">
     <span class='ocr_line' id='line_1_90' title="bbox 686 4787 3170 4867; baseline -0.005 -7"><span class='ocrx_word' id='word_1_613' title='bbox 686 4797 955 4860; x_wconf 84' lang='lat' dir='ltr'><strong><em>PHOTII</em></strong></span> <span class='ocrx_word' id='word_1_614' title='bbox 990 4793 1527 4856; x_wconf 73' lang='lat' dir='ltr'><strong><em>PATRIARCHJE</em></strong></span> <span class='ocrx_word' id='word_1_615' title='bbox 1569 4789 1776 4867; x_wconf 84' lang='lat' dir='ltr'><strong><em>QUAS</em></strong></span> <span class='ocrx_word' id='word_1_616' title='bbox 1822 4789 2114 4851; x_wconf 83' lang='lat' dir='ltr'><strong><em>PRIMUS</em></strong></span> <span class='ocrx_word' id='word_1_617' title='bbox 2156 4788 2435 4848; x_wconf 87' lang='lat' dir='ltr'><strong><em>EDlDlT</em></strong></span> <span class='ocrx_word' id='word_1_618' title='bbox 2487 4787 2566 4848; x_wconf 87' lang='grc' dir='ltr'>ΙΝ</span> <span class='ocrx_word' id='word_1_619' title='bbox 2597 4787 2828 4849; x_wconf 87' lang='lat' dir='ltr'><strong><em>IVOL.</em></strong></span> <span class='ocrx_word' id='word_1_620' title='bbox 2877 4788 3170 4848; x_wconf 78' lang='lat' dir='ltr'><strong><em>SCRIPT.</em></strong></span> 
     </span>
    </p>
   </div>
   <div class='ocr_carea' id='block_1_91' title="bbox 973 4893 1922 4962">
    <p class='ocr_par' dir='ltr' id='par_1_91' title="bbox 973 4895 1898 4962">
     <span class='ocr_line' id='line_1_91' title="bbox 973 4895 1898 4962; baseline -0.006 0"><span class='ocrx_word' id='word_1_621' title='bbox 973 4901 1156 4962; x_wconf 74' lang='lat' dir='ltr'><strong><em>VET.</em></strong></span> <span class='ocrx_word' id='word_1_622' title='bbox 1191 4899 1414 4962; x_wconf 84' lang='lat' dir='ltr'><strong><em>NOVA</em></strong></span> <span class='ocrx_word' id='word_1_623' title='bbox 1445 4896 1673 4960; x_wconf 86' lang='lat' dir='ltr'><strong><em>COLL.</em></strong></span> <span class='ocrx_word' id='word_1_624' title='bbox 1707 4895 1898 4958; x_wconf 64' lang='lat' dir='ltr'><strong><em>&#39;VAT.</em></strong></span> 
     </span>
    </p>
   </div>
   <div class='ocr_carea' id='block_1_92' title="bbox 2029 4893 2930 4962">
    <p class='ocr_par' dir='ltr' id='par_1_92' title="bbox 2029 4893 2930 4956">
     <span class='ocr_line' id='line_1_92' title="bbox 2029 4893 2930 4956; baseline 0.002 -3"><span class='ocrx_word' id='word_1_625' title='bbox 2029 4895 2079 4955; x_wconf 55' lang='grc'>1.</span> <span class='ocrx_word' id='word_1_626' title='bbox 2118 4893 2273 4955; x_wconf 79' lang='grc'>1825</span> <span class='ocrx_word' id='word_1_627' title='bbox 2308 4895 2405 4955; x_wconf 90' lang='grc' dir='ltr'><strong><em>ΕΤ</em></strong></span> <span class='ocrx_word' id='word_1_628' title='bbox 2436 4895 2708 4956; x_wconf 88' lang='lat' dir='ltr'><strong>DENUO</strong></span> <span class='ocrx_word' id='word_1_629' title='bbox 2753 4894 2930 4956; x_wconf 87' lang='grc'>1831.</span> 
     </span>
    </p>
   </div>
   <div class='ocr_carea' id='block_1_93' title="bbox 397 5155 1920 5224">
    <p class='ocr_par' dir='ltr' id='par_1_93' title="bbox 397 5155 1920 5224">
     <span class='ocr_line' id='line_1_93' title="bbox 397 5155 1920 5224; baseline -0.004 -6"><span class='ocrx_word' id='word_1_630' title='bbox 397 5164 439 5218; x_wconf 86' lang='lat' dir='ltr'><strong><em>l.</em></strong></span> <span class='ocrx_word' id='word_1_631' title='bbox 483 5161 664 5219; x_wconf 71' lang='lat' dir='ltr'><strong><em>Codex</em></strong></span> <span class='ocrx_word' id='word_1_632' title='bbox 695 5163 813 5217; x_wconf 82' lang='lat' dir='ltr'><strong><em>Vat.</em></strong></span> <span class='ocrx_word' id='word_1_633' title='bbox 845 5160 1329 5224; x_wconf 79' lang='lat' dir='ltr'><strong><em>Amphilochiorum</em></strong></span> <span class='ocrx_word' id='word_1_634' title='bbox 1359 5157 1554 5212; x_wconf 82' lang='lat' dir='ltr'><strong><em>Photii.</em></strong></span> <span class='ocrx_word' id='word_1_635' title='bbox 1581 5155 1920 5222; x_wconf 66' lang='lat' dir='ltr'><strong><em>Quiestiones</em></strong></span> 
     </span>
    </p>
   </div>
   <div class='ocr_carea' id='block_1_94' title="bbox 329 5251 1917 5329">
    <p class='ocr_par' dir='ltr' id='par_1_94' title="bbox 329 5251 1917 5329">
     <span class='ocr_line' id='line_1_94' title="bbox 329 5251 1917 5329; baseline -0.005 -16"><span class='ocrx_word' id='word_1_636' title='bbox 329 5257 803 5329; x_wconf 80' lang='lat' dir='ltr'><strong><em>Amphilochiame</em></strong></span> <span class='ocrx_word' id='word_1_637' title='bbox 883 5263 1090 5309; x_wconf 85' lang='lat' dir='ltr'><strong><em>tantam</em></strong></span> <span class='ocrx_word' id='word_1_638' title='bbox 1169 5253 1559 5322; x_wconf 87' lang='lat' dir='ltr'><strong><em>prOpemodum</em></strong></span> <span class='ocrx_word' id='word_1_639' title='bbox 1618 5251 1671 5303; x_wconf 91' lang='lat' dir='ltr'><strong><em>in</em></strong></span> <span class='ocrx_word' id='word_1_640' title='bbox 1744 5252 1917 5307; x_wconf 87' lang='lat' dir='ltr'><strong><em>sacris</em></strong></span> 
     </span>
    </p>
   </div>
   <div class='ocr_carea' id='block_1_95' title="bbox 329 5342 1914 5420">
    <p class='ocr_par' dir='ltr' id='par_1_95' title="bbox 329 5342 1914 5420">
     <span class='ocr_line' id='line_1_95' title="bbox 329 5342 1914 5420; baseline -0.007 -14"><span class='ocrx_word' id='word_1_641' title='bbox 329 5351 508 5406; x_wconf 87' lang='lat' dir='ltr'><strong><em>Pbotii</em></strong></span> <span class='ocrx_word' id='word_1_642' title='bbox 539 5349 783 5420; x_wconf 86' lang='lat' dir='ltr'><strong><em>scriptis,</em></strong></span> <span class='ocrx_word' id='word_1_643' title='bbox 817 5357 1081 5418; x_wconf 88' lang='lat' dir='ltr'><strong><em>quantam</em></strong></span> <span class='ocrx_word' id='word_1_644' title='bbox 1124 5345 1246 5415; x_wconf 91' lang='lat' dir='ltr'><strong><em>ejus</em></strong></span> <span class='ocrx_word' id='word_1_645' title='bbox 1279 5344 1610 5398; x_wconf 84' lang='lat' dir='ltr'><strong><em>Bibliotheca</em></strong></span> <span class='ocrx_word' id='word_1_646' title='bbox 1645 5342 1698 5395; x_wconf 89' lang='lat' dir='ltr'><strong><em>in</em></strong></span> <span class='ocrx_word' id='word_1_647' title='bbox 1732 5342 1914 5411; x_wconf 78' lang='lat' dir='ltr'><strong><em>prol‘a-</em></strong></span> 
     </span>
    </p>
   </div>
   <div class='ocr_carea' id='block_1_96' title="bbox 400 5452 1338 5527">
    <p class='ocr_par' dir='ltr' id='par_1_96' title="bbox 400 5452 1338 5527">
     <span class='ocr_line' id='line_1_96' title="bbox 400 5452 1338 5527; baseline -0.005 -13"><span class='ocrx_word' id='word_1_648' title='bbox 400 5461 513 5527; x_wconf 80' lang='grc'>(15)</span> <span class='ocrx_word' id='word_1_649' title='bbox 550 5459 805 5522; x_wconf 78' lang='lat' dir='ltr'><strong><em>Stromat,</em></strong></span> <span class='ocrx_word' id='word_1_650' title='bbox 833 5456 929 5512; x_wconf 87' lang='lat' dir='ltr'><strong><em>lib.</em></strong></span> <span class='ocrx_word' id='word_1_651' title='bbox 964 5471 1025 5519; x_wconf 90' lang='lat' dir='ltr'><strong><em>ll,</em></strong></span> <span class='ocrx_word' id='word_1_652' title='bbox 1050 5471 1177 5527; x_wconf 57' lang='lat' dir='ltr'><strong><em>pag.</em></strong></span> <span class='ocrx_word' id='word_1_653' title='bbox 1212 5452 1338 5509; x_wconf 65' lang='grc'><strong>265.</strong></span> 
     </span>
    </p>
   </div>
   <div class='ocr_carea' id='block_1_97' title="bbox 400 5524 1201 5599">
    <p class='ocr_par' dir='ltr' id='par_1_97' title="bbox 400 5524 1201 5599">
     <span class='ocr_line' id='line_1_97' title="bbox 400 5524 1201 5599; baseline -0.014 -10"><span class='ocrx_word' id='word_1_654' title='bbox 400 5524 512 5599; x_wconf 58' lang='lat' dir='ltr'><strong><em>illi)</em></strong></span> <span class='ocrx_word' id='word_1_655' title='bbox 552 5530 693 5583; x_wconf 88' lang='lat' dir='ltr'><strong><em>Ibid.</em></strong></span> <span class='ocrx_word' id='word_1_656' title='bbox 729 5529 822 5582; x_wconf 91' lang='lat' dir='ltr'><strong><em>lib.</em></strong></span> <span class='ocrx_word' id='word_1_657' title='bbox 854 5545 893 5599; x_wconf 76' lang='grc' dir='ltr'>ι,</span> <span class='ocrx_word' id='word_1_658' title='bbox 923 5524 1201 5599; x_wconf 36' lang='lat' dir='ltr'><strong><em>pagg‘zls.</em></strong></span> 
     </span>
    </p>
   </div>
   <div class='ocr_carea' id='block_1_98' title="bbox 433 5593 1627 5671">
    <p class='ocr_par' dir='ltr' id='par_1_98' title="bbox 433 5593 1627 5671">
     <span class='ocr_line' id='line_1_98' title="bbox 433 5593 1627 5671; baseline -0.006 -19"><span class='ocrx_word' id='word_1_659' title='bbox 433 5593 515 5671; x_wconf 66' lang='lat' dir='ltr'><strong><em>l7}</em></strong></span> <span class='ocrx_word' id='word_1_660' title='bbox 551 5599 776 5665; x_wconf 86' lang='lat' dir='ltr'><strong><em>Epistol.</em></strong></span> <span class='ocrx_word' id='word_1_661' title='bbox 798 5593 960 5671; x_wconf 57' lang='lat' dir='ltr'><strong><em>iam</em></strong></span> <span class='ocrx_word' id='word_1_662' title='bbox 1085 5597 1150 5650; x_wconf 91' lang='lat' dir='ltr'><strong><em>ad</em></strong></span> <span class='ocrx_word' id='word_1_663' title='bbox 1163 5593 1627 5671; x_wconf 51' lang='lat' dir='ltr'><strong><em>famniachiun}.</em></strong></span> 
     </span>
    </p>
   </div>
   <div class='ocr_carea' id='block_1_99' title="bbox 401 5603 1910 5740">
    <p class='ocr_par' dir='ltr' id='par_1_99' title="bbox 401 5603 1910 5740">
     <span class='ocr_line' id='line_1_99' title="bbox 433 5603 1627 5671; baseline -0.006 -19"><span class='ocrx_word' id='word_1_664' title='bbox 433 5603 515 5671; x_wconf 82' lang='lat' dir='ltr'><strong><em>l7)</em></strong></span> <span class='ocrx_word' id='word_1_665' title='bbox 551 5603 776 5665; x_wconf 82' lang='lat' dir='ltr'><strong><em>Epistol.</em></strong></span> <span class='ocrx_word' id='word_1_666' title='bbox 810 5603 877 5651; x_wconf 74' lang='grc'><strong>49</strong></span> <span class='ocrx_word' id='word_1_667' title='bbox 907 5610 960 5650; x_wconf 91' lang='lat' dir='ltr'><strong><em>et</em></strong></span> <span class='ocrx_word' id='word_1_668' title='bbox 985 5603 1053 5650; x_wconf 84' lang='grc'><strong><em>57</em></strong></span> <span class='ocrx_word' id='word_1_669' title='bbox 1085 5603 1150 5650; x_wconf 89' lang='lat' dir='ltr'><strong><em>ad</em></strong></span> <span class='ocrx_word' id='word_1_670' title='bbox 1187 5603 1627 5648; x_wconf 81' lang='lat' dir='ltr'><strong><em>Pammachium.</em></strong></span> 
     </span>
     <span class='ocr_line' id='line_1_100' title="bbox 401 5603 1910 5740; baseline -0.002 -17"><span class='ocrx_word' id='word_1_671' title='bbox 401 5603 515 5740; x_wconf 48' lang='grc'>(18)</span> <span class='ocrx_word' id='word_1_672' title='bbox 557 5671 613 5724; x_wconf 91' lang='lat' dir='ltr'><strong><em>ld</em></strong></span> <span class='ocrx_word' id='word_1_673' title='bbox 638 5670 837 5724; x_wconf 88' lang='lat' dir='ltr'><strong><em>cecinit</em></strong></span> <span class='ocrx_word' id='word_1_674' title='bbox 868 5667 1107 5722; x_wconf 84' lang='lat' dir='ltr'><strong><em>Rutilius</em></strong></span> <span class='ocrx_word' id='word_1_675' title='bbox 1163 5664 1530 5720; x_wconf 88' lang='lat' dir='ltr'><strong><em>Numatianus</em></strong></span> <span class='ocrx_word' id='word_1_676' title='bbox 1573 5661 1764 5718; x_wconf 86' lang='lat' dir='ltr'><strong><em>Itiuer.</em></strong></span> <span class='ocrx_word' id='word_1_677' title='bbox 1814 5666 1910 5721; x_wconf 88' lang='lat' dir='ltr'><strong><em>lib.</em></strong></span> 
     </span>
    </p>
   </div>
   <div class='ocr_carea' id='block_1_100' title="bbox 333 5740 900 5810">
    <p class='ocr_par' dir='ltr' id='par_1_100' title="bbox 333 5740 900 5810">
     <span class='ocr_line' id='line_1_101' title="bbox 333 5740 900 5810; baseline -0.005 -15"><span class='ocrx_word' id='word_1_678' title='bbox 333 5755 395 5805; x_wconf 81' lang='lat' dir='ltr'><strong><em>II,</em></strong></span> <span class='ocrx_word' id='word_1_679' title='bbox 424 5757 568 5795; x_wconf 77' lang='lat' dir='ltr'><strong><em>vers.</em></strong></span> <span class='ocrx_word' id='word_1_680' title='bbox 595 5740 625 5791; x_wconf 88' lang='grc'>7</span> <span class='ocrx_word' id='word_1_681' title='bbox 656 5749 709 5795; x_wconf 89' lang='lat' dir='ltr'><strong><em>et</em></strong></span> <span class='ocrx_word' id='word_1_682' title='bbox 748 5755 900 5810; x_wconf 90' lang='lat' dir='ltr'><strong><em>seqq.</em></strong></span> 
     </span>
    </p>
   </div>
   <div class='ocr_carea' id='block_1_101' title="bbox 402 5806 1912 5884">
    <p class='ocr_par' dir='ltr' id='par_1_101' title="bbox 402 5806 1912 5884">
     <span class='ocr_line' id='line_1_102' title="bbox 402 5806 1912 5884; baseline -0.002 -17"><span class='ocrx_word' id='word_1_683' title='bbox 402 5810 515 5884; x_wconf 79' lang='grc'>(19)</span> <span class='ocrx_word' id='word_1_684' title='bbox 550 5806 840 5881; x_wconf 75' lang='lat' dir='ltr'><strong><em>Cataloguti</em></strong></span> <span class='ocrx_word' id='word_1_685' title='bbox 864 5806 1188 5866; x_wconf 76' lang='lat' dir='ltr'><strong><em>bibliotheca:</em></strong></span> <span class='ocrx_word' id='word_1_686' title='bbox 1235 5806 1600 5872; x_wconf 73' lang='lat' dir='ltr'><strong><em>Coisliniana&#39;,</em></strong></span> <span class='ocrx_word' id='word_1_687' title='bbox 1655 5821 1775 5879; x_wconf 82' lang='lat' dir='ltr'><strong><em>pag.</em></strong></span> <span class='ocrx_word' id='word_1_688' title='bbox 1809 5808 1912 5864; x_wconf 71' lang='lat'><strong><em>5&#39;28</em></strong></span> 
     </span>
    </p>
   </div>
   <div class='ocr_carea' id='block_1_102' title="bbox 2029 5158 3612 5229">
    <p class='ocr_par' dir='ltr' id='par_1_102' title="bbox 2029 5158 3612 5229">
     <span class='ocr_line' id='line_1_103' title="bbox 2029 5158 3612 5229; baseline 0 -17"><span class='ocrx_word' id='word_1_689' title='bbox 2029 5159 2136 5221; x_wconf 86' lang='lat' dir='ltr'><strong><em>nis,</em></strong></span> <span class='ocrx_word' id='word_1_690' title='bbox 2176 5158 2377 5213; x_wconf 80' lang='lat' dir='ltr'><strong><em>famam</em></strong></span> <span class='ocrx_word' id='word_1_691' title='bbox 2407 5159 2677 5214; x_wconf 84' lang='lat' dir='ltr'><strong><em>obtinent.</em></strong></span> <span class='ocrx_word' id='word_1_692' title='bbox 2719 5159 2941 5214; x_wconf 88' lang='lat' dir='ltr'><strong><em>Primus</em></strong></span> <span class='ocrx_word' id='word_1_693' title='bbox 2973 5159 3117 5215; x_wconf 90' lang='lat' dir='ltr'><strong><em>sacri</em></strong></span> <span class='ocrx_word' id='word_1_694' title='bbox 3154 5159 3336 5229; x_wconf 87' lang='lat' dir='ltr'><strong><em>operis</em></strong></span> <span class='ocrx_word' id='word_1_695' title='bbox 3375 5159 3512 5229; x_wconf 71' lang='lat' dir='ltr'><strong><em>(sive</em></strong></span> <span class='ocrx_word' id='word_1_696' title='bbox 3561 5161 3612 5213; x_wconf 87' lang='lat' dir='ltr'><strong><em>id</em></strong></span> 
     </span>
    </p>
   </div>
   <div class='ocr_carea' id='block_1_103' title="bbox 2029 5251 3614 5322">
    <p class='ocr_par' dir='ltr' id='par_1_103' title="bbox 2029 5251 3614 5322">
     <span class='ocr_line' id='line_1_104' title="bbox 2029 5251 3614 5322; baseline -0.001 -17"><span class='ocrx_word' id='word_1_697' title='bbox 2029 5251 2420 5320; x_wconf 82' lang='lat' dir='ltr'><strong><em>Amphilochia,</em></strong></span> <span class='ocrx_word' id='word_1_698' title='bbox 2442 5252 2557 5307; x_wconf 85' lang='lat' dir='ltr'><strong><em>sive</em></strong></span> <span class='ocrx_word' id='word_1_699' title='bbox 2579 5251 3048 5322; x_wconf 85' lang='lat' dir='ltr'><strong><em>Ampltilochianas</em></strong></span> <span class='ocrx_word' id='word_1_700' title='bbox 3077 5251 3404 5316; x_wconf 68' lang='lat' dir='ltr'><strong><em>Quwstiomes</em></strong></span> <span class='ocrx_word' id='word_1_701' title='bbox 3431 5251 3614 5306; x_wconf 79' lang='lat' dir='ltr'><strong><em>dicere</em></strong></span> 
     </span>
    </p>
   </div>
   <div class='ocr_carea' id='block_1_104' title="bbox 2029 5343 3614 5414">
    <p class='ocr_par' dir='ltr' id='par_1_104' title="bbox 2029 5343 3614 5414">
     <span class='ocr_line' id='line_1_105' title="bbox 2029 5343 3614 5414; baseline -0.001 -17"><span class='ocrx_word' id='word_1_702' title='bbox 2029 5343 2226 5414; x_wconf 85' lang='lat' dir='ltr'><strong><em>mavis)</em></strong></span> <span class='ocrx_word' id='word_1_703' title='bbox 2258 5344 2512 5399; x_wconf 90' lang='lat' dir='ltr'><strong><em>notitiam</em></strong></span> <span class='ocrx_word' id='word_1_704' title='bbox 2548 5344 2790 5414; x_wconf 83' lang='lat' dir='ltr'><strong><em>vulgavit</em></strong></span> <span class='ocrx_word' id='word_1_705' title='bbox 2836 5343 2943 5398; x_wconf 87' lang='lat' dir='ltr'><strong><em>Leo</em></strong></span> <span class='ocrx_word' id='word_1_706' title='bbox 2973 5343 3206 5399; x_wconf 87' lang='lat' dir='ltr'><strong><em>Allatius</em></strong></span> <span class='ocrx_word' id='word_1_707' title='bbox 3241 5345 3318 5414; x_wconf 93' lang='grc'>(1)</span> <span class='ocrx_word' id='word_1_708' title='bbox 3380 5343 3614 5412; x_wconf 69' lang='lat' dir='ltr'><strong><em>ﬁxitque</em></strong></span> 
     </span>
    </p>
   </div>
   <div class='ocr_carea' id='block_1_105' title="bbox 2023 5466 3609 5598">
    <p class='ocr_par' dir='ltr' id='par_1_105' title="bbox 2023 5466 3609 5598">
     <span class='ocr_line' id='line_1_106' title="bbox 2023 5466 3609 5598; baseline -0.001 -20"><span class='ocrx_word' id='word_1_709' title='bbox 2023 5466 2528 5598; x_wconf 34' lang='lat' dir='ltr'><strong><em>el(E&#39;iiiql‘Jatalogua</em></strong></span> <span class='ocrx_word' id='word_1_710' title='bbox 2555 5525 2883 5582; x_wconf 63' lang='lat' dir='ltr'><strong><em>bibliotheca</em></strong></span> <span class='ocrx_word' id='word_1_711' title='bbox 2919 5524 3284 5588; x_wconf 78' lang='lat' dir='ltr'><strong><em>Taurinensis,</em></strong></span> <span class='ocrx_word' id='word_1_712' title='bbox 3322 5532 3361 5577; x_wconf 85' lang='lat' dir='ltr'><strong><em>t.</em></strong></span> <span class='ocrx_word' id='word_1_713' title='bbox 3401 5520 3444 5586; x_wconf 87' lang='lat' dir='ltr'><strong><em>l,</em></strong></span> <span class='ocrx_word' id='word_1_714' title='bbox 3486 5537 3609 5594; x_wconf 68' lang='lat' dir='ltr'><strong><em>pag.</em></strong></span> 
     </span>
    </p>
   </div>
   <div class='ocr_carea' id='block_1_106' title="bbox 2019 5598 3613 5738">
    <p class='ocr_par' dir='ltr' id='par_1_106' title="bbox 2019 5598 3613 5738">
     <span class='ocr_line' id='line_1_107' title="bbox 2019 5598 3613 5738; baseline 0.001 -18"><span class='ocrx_word' id='word_1_715' title='bbox 2019 5598 2407 5738; x_wconf 36' lang='lat' dir='ltr'><strong><em>“(516)l</em></strong></span> <span class='ocrx_word' id='word_1_716' title='bbox 2470 5665 2878 5738; x_wconf 68' lang='lat' dir='ltr'><strong><em>ad-anonicos</em></strong></span> <span class='ocrx_word' id='word_1_717' title='bbox 2931 5665 3328 5737; x_wconf 76' lang='lat' dir='ltr'><strong><em>Lugdunenses,</em></strong></span> <span class='ocrx_word' id='word_1_718' title='bbox 3378 5680 3499 5738; x_wconf 73' lang='lat' dir='ltr'><strong><em>qua:</em></strong></span> <span class='ocrx_word' id='word_1_719' title='bbox 3529 5673 3613 5721; x_wconf 85' lang='lat' dir='ltr'><strong><em>cst</em></strong></span> 
     </span>
    </p>
   </div>
   <div class='ocr_carea' id='block_1_107' title="bbox 2020 5735 3003 5808">
    <p class='ocr_par' dir='ltr' id='par_1_107' title="bbox 2020 5735 3003 5808">
     <span class='ocr_line' id='line_1_108' title="bbox 2020 5735 3003 5808; baseline -0.002 -17"><span class='ocrx_word' id='word_1_720' title='bbox 2020 5735 2143 5804; x_wconf 63' lang='grc'>171,</span> <span class='ocrx_word' id='word_1_721' title='bbox 2179 5735 2294 5808; x_wconf 79' lang='lat' dir='ltr'><strong><em>pag.</em></strong></span> <span class='ocrx_word' id='word_1_722' title='bbox 2332 5737 2433 5791; x_wconf 80' lang='grc'>179</span> <span class='ocrx_word' id='word_1_723' title='bbox 2458 5739 2587 5792; x_wconf 87' lang='lat' dir='ltr'><strong><em>edit.</em></strong></span> <span class='ocrx_word' id='word_1_724' title='bbox 2623 5735 2801 5800; x_wconf 80' lang='lat' dir='ltr'><strong><em>Paris,</em></strong></span> <span class='ocrx_word' id='word_1_725' title='bbox 2843 5738 3003 5808; x_wconf 15' lang='lat'><strong><em>171779.</em></strong></span> 
     </span>
    </p>
   </div>
   <div class='ocr_carea' id='block_1_108' title="bbox 2093 5805 3049 5880">
    <p class='ocr_par' dir='ltr' id='par_1_108' title="bbox 2093 5805 3049 5880">
     <span class='ocr_line' id='line_1_109' title="bbox 2093 5805 3049 5880; baseline -0.001 -21"><span class='ocrx_word' id='word_1_726' title='bbox 2093 5805 2278 5880; x_wconf 46' lang='lat' dir='ltr'><strong><em>(libi:</em></strong></span> <span class='ocrx_word' id='word_1_727' title='bbox 2311 5824 2459 5878; x_wconf 80' lang='lat' dir='ltr'><strong><em>perp.</em></strong></span> <span class='ocrx_word' id='word_1_728' title='bbox 2485 5824 2629 5861; x_wconf 82' lang='lat' dir='ltr'><strong><em>cons.</em></strong></span> <span class='ocrx_word' id='word_1_729' title='bbox 2657 5807 2722 5874; x_wconf 86' lang='lat' dir='ltr'><strong><em>ll,</em></strong></span> <span class='ocrx_word' id='word_1_730' title='bbox 2748 5809 2802 5875; x_wconf 83' lang='lat'><strong><em>6,</em></strong></span> <span class='ocrx_word' id='word_1_731' title='bbox 2839 5824 2890 5878; x_wconf 90' lang='lat' dir='ltr'><strong><em>p.</em></strong></span> <span class='ocrx_word' id='word_1_732' title='bbox 2924 5805 3049 5859; x_wconf 72' lang='lat'><strong><em>576.</em></strong></span> 
     </span>
    </p>
   </div>
  </div>
