3976 6222
411 341 505 421 '31
1599 353 1681 414 IN
1716 351 2240 414 AMPHILOCHIA
2279 351 2541 412 PHOTII
3614 351 3683 419 32

439 487 579 542 opus
604 466 814 522 varium
851 473 905 520 et
927 463 1211 535 multiplici
1244 462 1548 518 eruditione
1576 463 1818 534 plenum,
1851 465 2006 518 theo-
2035 471 2084 528 Α
2115 478 2236 532 quze
2267 480 2373 520 non
2406 465 2688 522 librarium
2734 463 3108 520 tantummodo
3134 463 3406 520 diversum
3443 466 3680 531 exhibet,

441 563 578 632 Iogis
608 575 671 615 ac
723 558 1013 628 Scriptura).
1044 556 1434 625 interpretibus
1473 557 1713 610 maxime
1762 571 2014 611 necessa-

442 657 636 708 rium:
681 649 826 720 quod
869 663 968 718 ego
1021 647 1326 702 doctissimi
1385 647 1568 702 Allatii
1619 648 1687 702 de
1747 647 2016 702 Pbotiano

443 745 651 814 scripto
711 742 1016 811 judicium,
1073 740 1338 794 neoterici
1390 739 1568 794 critici
1626 739 2018 794 malevolentia:

444 835 598 888 valde
646 830 910 886 antefero.
958 830 1098 884 Idem
1136 830 1368 884 Allatius
1429 846 1527 885 nos
1565 829 1749 884 decuit
1779 830 1846 884 de
1884 845 2021 899 prae-

445 929 594 981 claro
626 925 1111 995 Amphilochiorum
1139 924 1324 977 codice
1351 922 1634 988 Vaticano,
1664 921 1880 976 Urbano
1905 920 2018 976 VIII

321 1010 337 1023 “
445 1017 697 1086 pontiﬁce
728 1016 1027 1071 maximme
1059 1013 1255 1068 Lollini
1293 1013 1514 1069 Fcltrini
1543 1014 1777 1083 episcopi
1821 1014 2019 1068 biblio-

446 1113 604 1165 theca
649 1111 702 1162 in
753 1107 1067 1162 Vaticanam
1116 1108 1386 1176 migravit.
1437 1107 1790 1160 Existimabat
1837 1115 2017 1160 autem

444 1203 676 1256 Allatius
712 1202 932 1253 unicum
979 1214 1102 1253 esse
1150 1197 1636 1268 Amphilochiorum
1676 1197 1822 1252 hunc
1868 1197 2018 1251 codi-

446 1307 587 1355 cem,
621 1293 838 1359 dempto
882 1287 1260 1357 Neapolitano,
1308 1288 1374 1340 de
1415 1303 1525 1356 quo
1572 1304 1696 1341 mox
1750 1288 2018 1352 dicemus,

448 1384 772 1452 fragmento.
825 1381 1016 1440 Postea
1068 1389 1247 1432 tamen
1285 1379 1491 1448 aliquot
1523 1379 1611 1432 alii
1644 1379 2017 1442 innotuerunt,

449 1474 610 1527 veluti
627 1471 977 1524 Taurinensis
992 1467 1191 1538 chius
1207 1469 1268 1522 31
1291 1471 1389 1540 (2);
1410 1470 1776 1525 Coislinianus
1793 1472 1898 1526 270
1920 1472 2018 1541 (3);

446 1564 793 1618 ()olbertinus
842 1561 948 1614 444
991 1561 1226 1630 priscos,
1277 1569 1336 1614 ut
1375 1563 1547 1624 aiunt,
1598 1563 1780 1617 saeculi
1818 1578 1896 1625 ιιι,
1929 1563 2021 1632 qui

451 1671 594 1708 nunc
627 1664 710 1708 est
747 1652 947 1721 Regius
995 1653 1303 1706 Parisiacus
1349 1652 1486 1707 1577
1532 1653 1646 1723 (1);
1693 1654 2022 1708 Sevinianus

449 1761 637 1800 recens
667 1745 1000 1808 Parisiacus,
1047 1743 1242 1798 deinde
1271 1752 1325 1798 et
1363 1745 1479 1814 ipse
1506 1743 1706 1815 Regius
1732 1746 1829 1816 (5).
1873 1746 2022 1800 Mitto

449 1837 828 1907 apograpbum
872 1851 901 1888 e
934 1835 1192 1888 Vaticano
1227 1834 1295 1888 ab
1338 1835 1578 1888 Arcudio
1627 1835 1754 1890 olim
1795 1851 2019 1906 expres-

455 1946 601 1992 sum,
630 1930 695 1983 de
745 1946 853 1998 quo
899 1928 1130 1982 Allatius
1180 1927 1296 1981 loco
1332 1928 1586 1998 praedicto
1626 1946 1639 1981 :
1691 1929 1846 1984 mitto
1891 1928 2021 1982 item

451 2023 824 2091 apograpbum
885 2037 913 2075 a
963 2025 1258 2077 liamusato
1305 2034 1552 2076 curatum
1608 2037 1638 2076 e
1685 2021 2024 2076 Coisliniano

449 2130 562 2184 quo
585 2113 818 2169 Wolﬁus
859 2131 999 2169 usus
1023 2127 1100 2170 est
1136 2116 1215 2185 (6)
1251 2133 1264 2168 :
1296 2111 1454 2168 mitto
1481 2114 1714 2180 denique
1753 2111 2024 2166 Miscellos

449 2207 786 2259 diversarum
821 2206 1270 2259 bibliothecarum
1299 2205 1535 2268 codices,
1570 2205 1621 2256 in
1653 2203 1852 2273 quibus
1891 2219 2023 2273 ope-

454 2297 530 2350 ris
559 2297 842 2364 particulae
881 2296 1086 2364 aliquot
1127 2296 1330 2360 insunt,
1373 2295 1537 2348 veluti
1589 2292 1833 2348 Tilianus
1862 2294 2025 2346 Com-

450 2387 623 2441 lelsii
657 2385 772 2457 (7);
822 2386 1117 2441 Bavaricus
1157 2401 1188 2441 a
1233 2385 1426 2440 Wolﬁo
1471 2385 1845 2452 Andresioque
1877 2399 2025 2438 com—

453 2489 786 2532 memoratus
819 2479 935 2548 (8);
985 2477 1424 2533 Vindobonensis
1465 2477 1536 2532 29
1567 2477 1665 2547 (9),
1713 2477 1763 2529 in
1796 2491 1904 2545 quo
1941 2485 2025 2528 est

452 2567 631 2621 I’hotii
685 2571 938 2640 synopsis
1001 2572 1400 2640 categoriarum
1460 2568 1796 2630 Aristotelis,
1857 2582 2020 2636 quam

454 2659 701 2713 nonnulli
737 2660 898 2729 (quos
929 2660 1070 2715 inter
1097 2660 1350 2729 Cavaaus)
1393 2658 1462 2713 ab
1496 2658 1873 2728 Amphilochia":
1923 2657 2024 2711 imo

453 2757 649 2807 merito
703 2755 1078 2823 distinguunt:
1116 2755 1353 2825 denique
1391 2766 1444 2809 et
1488 2752 1732 2806 Vaticani
1778 2752 2022 2806 nonnulli

450 2844 668 2898 codices
699 2845 997 2916 fragmenta
1031 2846 1240 2916 aliquot
1269 2845 1753 2915 Amphilochiorum
1795 2843 2024 2897 fortuito

450 2935 732 2990 continent
785 2938 836 2990 in
881 2935 1183 2993 Miscellis:
1235 2938 1301 2992 de
1356 2939 1555 3008 quibus
1598 2936 1853 2990 omnibus
1905 2935 2024 2989 sive

454 3025 766 3096 lenginquis
795 3028 910 3082 sive
941 3028 1103 3083 etiam
1150 3028 1413 3083 Romanis
1453 3043 1643 3096 parum
1697 3027 1827 3080 mihi
1871 3027 2023 3080 labo-

2118 570 2308 608 verum
2356 555 2516 610 etiam
2570 559 2823 626 supinum
2879 555 3160 626 Graecique
3201 558 3471 612 sermonis
3517 573 3683 629 prope

2115 646 2389 716 ignarum.
2442 647 2587 716 gitur
2629 647 2958 702 exscribenti
3003 647 3132 700 mihi
3175 648 3534 716 quaestionem
3568 652 3683 719 pri-

2119 753 2260 791 mam
2311 737 2841 807 Amphilochianam,
2897 737 2962 792 ad
3011 747 3192 792 vetera
3241 738 3333 793 illa
3381 737 3680 807 fragmenta

2118 831 2515 900 respiciendum
2567 846 2673 884 non
2714 829 2880 884 semel
2933 829 3032 883 fuit
3094 830 3238 900 (quae
3293 831 3348 884 in
3407 832 3683 886 volumine

2118 923 2562 994 conservatajam
2598 922 2755 990 dixi),
2802 931 2862 977 ut
2908 923 3114 976 librarii
3154 923 3276 978 novi
3325 925 3536 980 mendis
3563 941 3684 994 gra-

2121 1018 2356 1073 vissimis
2382 1019 2704 1071 medicinam
2739 1015 2992 1076 facerem,
3023 1031 3252 1086 meaque
3284 1017 3522 1071 editione
3544 1017 3676 1070 hanc

2120 1111 2294 1165 labem
2334 1109 2700 1164 excluderem.
2731 1108 2911 1162 Codex
2954 1123 3085 1177 ergo
3135 1105 3429 1164 Vaticanus
3480 1109 3678 1178 plenis-

2119 1199 2294 1254 simus
2331 1195 2668 1263 Qua-stiones
2713 1195 3194 1264 Amphilochianas
3247 1195 3353 1249 515
3416 1196 3676 1250 continet.

2122 1285 2254 1338 Exin
2286 1285 2338 1338 in
2361 1284 2546 1338 codice
2574 1293 2878 1353 sequuntur
2900 1284 3002 1337 alia
3048 1285 3230 1339 Pbotii
3263 1282 3476 1354 Opera;
3517 1287 3679 1340 nimi-

2121 1393 2241 1433 rum
2275 1376 2348 1446 1.)
2379 1375 2618 1431 Ineditus
2649 1386 2704 1430 et
2729 1376 3062 1432 acatholicus
3086 1377 3152 1430 de
3179 1378 3415 1446 Spiritus
3444 1379 3616 1432 sancti
3651 1394 3680 1432 a

2121 1472 2238 1524 solo
2268 1468 2427 1524 Patre
2465 1469 2808 1538 processione
2852 1468 3012 1530 liber,
3048 1470 3114 1522 de
3151 1484 3262 1538 quo
3301 1485 3404 1523 nos
3434 1470 3574 1524 infra
3602 1473 3682 1526 lo-

2121 1578 2373 1634 quemur.
2407 1561 2488 1632 2.)
2529 1562 2683 1617 Alius
2715 1563 2781 1616 de
2820 1561 3008 1616 eodem
3049 1572 3372 1631 argumento
3408 1561 3588 1618 Photii
3621 1565 3682 1619 li-

2121 1655 2315 1715 bellus,
2347 1667 2539 1721 nempe
2570 1653 2685 1723 ipsa
2717 1653 2953 1707 secunda
2990 1652 3240 1722 epistola.
3286 1668 3408 1723 quae
3448 1653 3502 1707 in
3534 1653 3682 1708 Mon-

2125 1747 2312 1802 taeutii
2361 1746 2598 1800 editione
2649 1745 2907 1810 occurrit,
2951 1744 3041 1800 hic
3098 1754 3280 1799 autem
3331 1761 3474 1800 novo
3526 1747 3684 1800 titulo

2123 1840 2454 1895 instruitur:
2495 1837 2686 1908 Ἑτέρα.
2725 1837 2935 1901 ἔκδυσις
2981 1835 3111 1906 περὶ
3163 1835 3259 1888 τοῦ
3322 1837 3480 1904 ἁγίου
3509 1837 3683 1890 Ilvati-

2125 1948 2310 2004 ματος·
2328 1929 2572 1999 Ἐξεδὸθη
2598 1930 2656 1981 ὲν
2682 1927 2761 1999 τῷ
2785 1927 3161 1999 πατριαρχείῳ
3192 1925 3330 1997 μετὰ
3352 1929 3452 1998 τὴν
3486 1930 3684 1982 suave.

2121 2023 2209 2076 δον
2236 2022 2334 2093 τῆς
2357 2020 2568 2089 ἐξορίας
2591 2035 2607 2085 ;
2635 2019 2870 2087 scriptus
2894 2020 3151 2072 nimirum
3185 2034 3214 2071 a
3251 2016 3446 2073 Photio
3470 2018 3687 2074 libellus

2127 2124 2248 2184 post
2276 2114 2504 2168 reditum
2530 2112 2600 2166 ab
2627 2111 2845 2164 exsilio.
2878 2110 2957 2176 '5.)
2990 2109 3230 2164 Extrerri
3261 2110 3316 2164 in
3347 2112 3536 2166 codice
3559 2122 3688 2165 sunt

2125 2206 2243 2259 libri
2270 2204 2448 2258 Photii
2493 2213 2728 2272 quatuor
2765 2201 3026 2257 adversus
3059 2200 3409 2266 Manicbmos,
3451 2219 3686 2273 quorum

2125 2299 2357 2368 primum
2418 2295 2851 2351 Montfauconius
2895 2310 2927 2349 e
2975 2297 3160 2350 codice
3187 2294 3522 2350 Coisliniano
3549 2296 3687 2366 (11),

2123 2398 2234 2445 tres
2280 2390 2515 2459 reliquos
2557 2387 2787 2444 Wolﬁus
2842 2388 3010 2442 edidit
3060 2386 3172 2456 (12)
3219 2403 3286 2440 ex
3337 2384 3689 2441 I-Iolsteniano

2122 2482 2328 2548 codice,
2359 2496 2518 2551 quem
2571 2496 2602 2535 a
2642 2480 2906 2535 Vaticano
2962 2489 3152 2534 nostro
3207 2477 3376 2535 fuisse
3430 2479 3687 2538 haustum

2123 2575 2435 2641 suspicatur
2468 2573 2770 2627 rectissime
2811 2572 3010 2638 editor,
3060 2587 3160 2642 ego
3200 2588 3329 2626 vero
3366 2573 3549 2628 nullus
3587 2575 3690 2628 du-

2122 2662 2256 2725 bito,
2312 2661 2751 2730 quandoquidem
2804 2661 2968 2714 etiam
3017 2661 3284 2723 clausula,
3331 2677 3451 2729 qua:
3493 2661 3689 2715 Wullio

2124 2752 2436 2823 imperfecta
2464 2752 2697 2819 videtur,
2751 2767 2858 2806 non
2912 2751 3016 2806 alia
3061 2752 3115 2805 in
3165 2752 3354 2806 codice
3403 2750 3687 2819 Vaticano,

2123 2858 2286 2913 quam
2322 2843 2373 2896 in
2400 2841 2580 2897 Wollii
2611 2843 2854 2898 editione
2882 2852 2988 2898 est.

2193 2934 2256 2989 II.
2321 2933 2459 2990 Pars
2525 2934 3008 3003 Amphilochiorum
3073 2934 3291 2988 antehac
3330 2933 3496 2990 edita.
3549 2934 3686 2990 Cum

2125 3028 2306 3095 plures
2335 3027 2498 3097 igitur
2523 3037 2803 3081 exstarent
2832 3028 2884 3081 in
2915 3028 3147 3096 Europae
3184 3027 3526 3083 bibliothecis
3560 3032 3680 3082 Am-

455 3117 685 3170 randum
720 3127 824 3182 est,
853 3119 946 3188 qui
999 3120 1146 3172 nulla
1197 3119 1392 3172 horum
1436 3133 1539 3186 ope
1591 3131 1744 3186 egeo,
1778 3117 2024 3185 quando-
2051 3136 2094 3192 η
2123 3117 2499 3185 philochiorum
2529 3117 2764 3180 codices,
2791 3120 2997 3186 primus
3030 3117 3357 3173 Franctscus
3389 3116 3689 3174 Turrianus

453 3211 675 3279 quidem
721 3209 1044 3264 Vaticanum
1080 3225 1240 3278 quem
1290 3223 1455 3279 supra
1490 3209 1600 3262 dixi
1653 3209 2028 3278 plenissimun

458 3300 654 3354 habeo.
709 3299 806 3353 Est
853 3310 1031 3355 autem
1082 3301 1166 3355 hic
1221 3301 1579 3370 bombycinus
1626 3298 1801 3354 in-I'ol.
1849 3301 2029 3353 saeculi

465 3389 639 3444 ferme
680 3407 799 3453 xm,
835 3390 1019 3445 Gra'ca
1070 3407 1232 3444 manu
1279 3391 1552 3460 eleganter
1595 3392 1851 3460 scriptus.
1887 3389 2028 3443 Olim

463 3494 647 3538 tamen
691 3484 818 3536 huic
856 3483 1031 3536 codici
1097 3483 1296 3536 damna
1345 3483 1454 3537 duo
1501 3483 1872 3552 contigerant;
1923 3484 2032 3552 pri-

463 3591 613 3631 mum
647 3576 790 3644 quod
818 3574 937 3643 ejus
967 3573 1095 3628 folia
1137 3574 1206 3628 ab
1249 3575 1446 3629 inscito
1483 3574 1788 3646 bibliopego
1819 3587 2031 3642 pertur-

456 3665 583 3719 bata
612 3663 886 3732 susdeque
933 3662 1178 3728 fuerant;
1213 3663 1407 3716 iterum
1447 3665 1590 3733 quod
1643 3665 1762 3734 ejus
1795 3666 2027 3721 Iudicem

459 3759 806 3826 primumque
832 3755 1014 3824 aperis
1044 3754 1232 3807 folium
1267 3755 1449 3809 blattae
1488 3763 1582 3808 aut
1611 3755 1800 3810 mador
1831 3759 2027 3825 partim

458 3856 858 3916 corruperant:
903 3861 1028 3898 mox
1079 3855 1256 3900 tamen
1308 3846 1503 3900 doctus
1555 3847 1752 3914 aliquis
1792 3850 2030 3903 materiae

457 3938 704 3990 ordinent
739 3936 1087 4000 instauravit,
1139 3936 1193 3990 in
1241 3936 1586 4006 marginibus
1629 3938 1876 3991 scribens
1923 3955 2027 4007 qua

456 4031 714 4097 quodque
761 4028 948 4081 folium
995 4028 1121 4082 sede
1165 4039 1313 4082 esset
1342 4028 1717 4082 collocandum
1753 4047 1765 4084 :
1801 4041 1910 4083 tum
1953 4030 2025 4083 illi

456 4120 613 4174 initio
659 4120 1030 4188 pessumdato,
1077 4135 1182 4188 ope
1226 4120 1452 4175 alterius
1497 4121 1845 4190 exemplaris,
1901 4139 2030 4190 snp-

457 4218 790 4283 plementum
839 4212 966 4266 fecit
1004 4214 1217 4280 [recenti
1268 4228 1454 4277 manu,
1511 4213 1564 4266 in
1598 4213 1805 4283 vulgari
1839 4212 2025 4265 charta

455 4306 721 4373 scriptum
754 4319 769 4357 :
807 4305 887 4358 sic
919 4313 1099 4357 tamen
1137 4312 1197 4357 ut
1239 4314 1483 4358 veterum
1516 4319 1733 4373 quoque
1773 4305 2023 4358 foliorum

458 4398 681 4450 lacinias
711 4398 936 4451 seorsim
977 4396 1030 4450 in
1058 4397 1332 4450 volumine
1367 4396 1769 4450 conservandas
1803 4413 2029 4451 curave—

2132 3210 2188 3266 S.
2215 3208 2265 3263 ι.
2295 3226 2325 3264 e
2358 3207 2618 3264 Bavarico
2678 3210 2864 3263 codice
2900 3209 3379 3278 Amphilochianas
3418 3225 3512 3265 sex
3549 3227 3694 3281 quaa-

2131 3302 2334 3356 stiones
2364 3302 2875 3370 interpretatusest;
2911 3316 3111 3367 easque
3139 3301 3358 3356 Canisio
3382 3316 3525 3355 anno
3558 3301 3690 3356 1674

2131 3392 2184 3446 in
2228 3393 2576 3461 Antiquarum
2629 3391 2934 3446 Lectionum
2985 3393 3190 3464 sylloge
3237 3391 3430 3447 Latine
3478 3404 3686 3446 tantum

2127 3485 2363 3539 edendas
2402 3485 2674 3539 concessit
2704 3485 2836 3556 (1'5).
2872 3484 2962 3540 Eae
3012 3495 3142 3539 sunt
3188 3486 3241 3538 in
3292 3483 3556 3540 Vaticano
3596 3501 3691 3540 co-

2127 3578 2246 3631 dice
2273 3577 2398 3644 180,
2423 3577 2548 3643 181,
2574 3577 2696 3644 182,
2721 3577 2845 3641 185,
2878 3577 3013 3643 186;
3040 3594 3163 3632 nam
3187 3575 3436 3631 Turriani
3461 3581 3688 3645 primam

2129 3670 2183 3724 in
2226 3670 2410 3724 codice
2462 3685 2568 3723 non
2619 3670 2869 3734 invenio;
2905 3685 3075 3740 quare
3114 3679 3169 3724 et
3211 3668 3513 3738 Basnagius
3564 3686 3690 3725 cum

2127 3775 2272 3814 anno
2309 3758 2448 3812 1725
2473 3757 2748 3814 Canisium
2777 3768 3062 3829 repeteret,
3115 3769 3169 3813 et
3195 3759 3438 3812 Cra!ch
3469 3769 3694 3814 caetera-

2131 3867 2251 3906 rum
2304 3861 2506 3904 textum
2541 3850 2724 3906 ederet
2756 3851 2888 3921 (14),
2925 3851 3154 3920 primam
3207 3851 3396 3904 Latine
3447 3862 3692 3904 tantum-

2127 3943 2289 3996 modo
2308 3943 2506 4012 posuit,
2529 3943 2656 4011 quia
2684 3941 2868 3998 Graece
2890 3958 2998 3996 non
3031 3942 3241 3996 habuit.
3271 3940 3442 3996 Porro
3465 3942 3692 3996 Tui-ria-

2127 4049 2230 4088 nus
2248 4033 2374 4086 alibi
2391 4046 2606 4102 quoque
2617 4032 2970 4100 Amphilochia
2993 4039 3402 4095 memoraverat,
3419 4047 3609 4101 nempe
3625 4034 3691 4087 ad

2128 4123 2301 4192 Epist.
2326 4132 2470 4192 pont.
2492 4121 2688 4192 p.124,
2716 4122 2838 4184 165.
2857 4123 2924 4176 ad
2947 4121 3127 4176 Const.
3156 4138 3242 4190 ap.
3263 4137 3380 4186 VIII,
3398 4121 3453 4188 6,
3480 4122 3554 4176 De
3574 4123 3690 4192 jur.

2125 4219 2241 4272 ord.
2264 4235 2316 4288 p.
2339 4217 2469 4278 155;
2493 4217 2637 4286 quod
2655 4216 2852 4270 eruditi
2867 4217 3355 4286 jaunliudixerunt.
3383 4217 3511 4271 Post
3527 4219 3693 4272 Cani-

2125 4311 2263 4364 sium
2279 4326 2420 4363 anno
2438 4308 2569 4362 1616
2581 4306 2770 4362 Petrus
2787 4308 3100 4363 Stcwartius
3114 4307 3168 4361 S.
3180 4305 3228 4360 J.
3243 4307 3502 4377 prolixam
3518 4308 3692 4363 Photii

2125 4399 2631 4468 Amphilochianam
2667 4399 2734 4453 de
2768 4398 2970 4452 Christi
3020 4399 3385 4453 voluntatibus
3426 4400 3693 4469 gnomicis

457 4489 551 4552 rit,
587 4504 688 4542 nec
723 4490 1020 4558 quidquam
1055 4489 1254 4542 veteris
1295 4488 1578 4556 scripturae
1625 4488 1798 4557 perire
1830 4504 2023 4558 passus
2055 4485 2097 4538 Ι)
2129 4499 2270 4564 (quae
2296 4495 2347 4545 in
2374 4493 2491 4546 cod.
2516 4489 2632 4545 Vat.
2660 4489 3105 4561 estoctogesima)
3120 4491 3304 4545 eodem
3324 4489 3694 4544 Turrianoin-

455 4582 548 4631 sit.
583 4578 875 4632 Instaurati
905 4579 1109 4633 codicis
1135 4576 1386 4632 meritum
1409 4578 1709 4632 Andresius
1737 4580 1848 4648 (10)
1873 4580 2019 4634 Alla-

457 4681 534 4722 t.o
567 4669 776 4722 tribuit.
826 4668 960 4722 Illud
1013 4677 1191 4721 tatnen
1249 4667 1543 4724 falsissime
1597 4685 1628 4723 a
1681 4671 1865 4724 nescio
1915 4686 2024 4740 quo

456 4764 687 4818 relatore
721 4764 925 4818 dictum
971 4763 1237 4816 Andresio
1265 4763 1384 4827 fuit,
1413 4765 1646 4818 recentia
1671 4765 1876 4819 scilicet
1915 4769 2024 4820 haec

459 4857 841 4925 Supplementa
877 4856 1132 4908 Allatium
1167 4870 1327 4908 manu
1355 4873 1452 4911 sua
1477 4859 1905 4927 conscripsisse:
1943 4869 2026 4912 est

457 4964 600 5000 cutim
653 4948 784 5001 mihi
827 4947 1096 5016 vulgoque
1152 4946 1435 5000 notissima
1485 4948 1662 5000 Allatii
1723 4964 1940 5012 manus,
1993 4963 2024 5001 a

457 5037 614 5105 Cujus
636 5037 815 5090 indole
843 5037 1002 5106 longe
1026 5035 1180 5088 abest
1208 5034 1707 5103 supplementorum
1737 5036 2025 5103 scriptura,

528 5205 604 5272 (2)
644 5204 882 5272 Catalog.
909 5219 959 5272 p.
989 5202 1113 5260 108.

523 5273 602 5342 ('5)
635 5275 924 5329 Montlauc.
952 5273 1089 5328 Bibl.
1127 5277 1292 5334 Coisl.

529 5341 606 5416 (4')
641 5347 874 5399 Cotelcr.
913 5343 1150 5402 Monum.
1185 5341 1330 5402 ιοιιιί
1352 5343 1440 5404 III,
1466 5359 1516 5412 p.
1545 5341 1671 5410 556,
1694 5349 1748 5398 et
1780 5343 2024 5414 Catalog.

529 5433 589 5469 is.
623 5415 754 5469 Reiz.
788 5415 960 5469 Paris.
992 5414 1087 5469 Gr.
1111 5430 1242 5469 tom.
1279 5415 1346 5469 II.
1375 5431 1424 5469 [ι.
1449 5414 1573 5468 259.

455 5430 589 5472 mss.
623 5419 754 5486 Reg.
789 5419 960 5469 Paris.
992 5419 1087 5472 Gr.
1111 5430 1242 5473 tom.
1279 5419 1346 5479 II,
1373 5431 1424 5484 p.
1449 5419 1573 5468 259.

530 5485 928 5556 (5)51ont1'auc.
962 5486 1101 5541 Bibl.
1146 5507 1268 5542 mss.
1306 5504 1358 5556 p.
1394 5483 1564 5556 1031.

523 5554 600 5626 (6)
629 5557 786 5628 Ifrael'.
817 5560 880 5610 ad
913 5557 1040 5610 (.‘ur.
1077 5554 1326 5628 philologi.
1355 5568 1488 5628 tom.
1522 5554 1614 5620 III,
1642 5569 1694 5622 p.
1727 5554 1780 5609 7.

532 5625 606 5696 (7)
638 5625 773 5681 Bibl.
799 5644 944 5682 conc.
989 5625 1120 5684 tom.
1157 5630 1196 5694 Ι,
1232 5625 1387 5682 Praei.
1417 5643 1468 5694 p.
1497 5641 1732 5679 xxxviii.

529 5694 604 5767 (8)
633 5697 800 5753 Wolf.
857 5697 1016 5753 Praei.
1060 5716 1113 5771 p.
1169 5716 1231 5770 v;
1284 5697 1452 5753 Andr.
1496 5700 1770 5766 prodrom.
1805 5694 1870 5749 ad
1899 5707 2030 5749 mss.

457 5765 622 5823 Ncan.
649 5786 700 5823 ι).
741 5770 829 5823 81.

505 5783 622 5840 cap.
647 5786 700 5838 p.
741 5783 829 5823 δι.

1320 5289 1372 5342 p.
1409 5271 1534 5328 525.

2125 4597 2354 4655 terprete
2369 4585 2536 4640 edidit
2548 4584 2658 4655 (15)
2678 4585 2862 4651 ;cujus
2878 4580 3120 4638 Graecum
3137 4583 3326 4637 deinde
3338 4594 3541 4637 textum
3561 4584 3693 4639 Bas-

2124 4678 2315 4747 nagius
2347 4676 2710 4745 suppeditavit
2737 4674 2873 4746 (16).
2920 4674 3038 4728 Jam
3077 4676 3205 4743 quia
3239 4673 3491 4728 Canisius
3529 4682 3692 4742 atque

2127 4769 2445 4824 Stewartius
2470 4769 2798 4838 quaestiones
2825 4768 2924 4822 bas
2953 4769 3054 4822 sub
3096 4765 3270 4820 Pbotii
3306 4767 3544 4836 quidem,
3581 4780 3688 4818 non

2124 4870 2302 4916 tamen
2357 4859 2874 4928 Amphilochiorum,
2931 4857 3150 4911 nomine
3205 4857 3509 4919 ediderunt,
3566 4855 3692 4908 hinc

2126 4953 2321 5006 accidit
2345 4961 2404 5005 ut
2424 4951 2516 5020 qui
2539 4950 2733 5003 eruditi
2761 4949 3012 5017 deinceps
3037 4947 3102 5000 de
3131 4946 3502 5015 Amphilochiis
3529 4946 3689 5000 verba

2127 5044 2390 5108 fecerunt,
2427 5043 2461 5097 ii
2499 5027 2877 5112 praldictarum
2905 5051 3107 5111 septem
3151 5042 3439 5095 editionem
3481 5040 3688 5095 nescire

2203 5201 2275 5270 (9)
2303 5199 2554 5254 Lambec.
2587 5212 2627 5254 t.
2660 5197 2856 5270 VII.p.
2885 5196 3005 5252 146.

2201 5269 2218 5340 (
2227 5272 2311 5339 10)
2337 5271 2618 5324 Prodrom.
2643 5285 2698 5339 p.
2737 5269 2826 5340 85.

2201 5337 2312 5414 (11)
2343 5340 2479 5414 Bibl.
2507 5337 2658 5414 coisl.
2688 5355 2746 5414 ρ.
2767 5337 2978 5414 549_sq.

2200 5407 2308 5474 (12)
2341 5411 2533 5464 Anecd.
2562 5407 2698 5465 tom.
2729 5407 2747 5461 I
2779 5420 2831 5463 et
2853 5409 2917 5463 II.

2201 5415 2289 5474 (12
2341 5415 2533 5464 Anecd.
2562 5423 2692 5465 tom.
2730 5415 2747 5461 Ι
2779 5420 2831 5463 et
2853 5415 2917 5463 ιι.

2201 5415 2312 5553 (15)
2342 5481 2438 5553 Ed.
2470 5491 2578 5553 vet.
2611 5490 2742 5534 tom.
2771 5478 2837 5545 V,
2866 5497 2915 5549 p.
2941 5476 3222 5553 1_8§_7seqq.

2203 5548 2315 5622 (14)
2345 5550 2498 5605 Tom.
2529 5551 2596 5617 II,
2626 5561 2778 5622 panL
2799 5548 2943 5619 tt,p.
2967 5548 3092 5602 420.

2203 5620 2313 5692 (15)
2345 5623 2560 5675 Auctar.
2595 5637 2646 5690 p.
2679 5620 2804 5674 457.

2205 5687 2313 5748 l'16)
2349 5695 2502 5748 Tom.
2529 5687 2610 5759 ΙΙ,
2624 5700 2763 5760 part.
2792 5707 2850 5757 ιι,
2876 5705 2928 5761 p.
2952 5687 3075 5745 459.
