3912 6218
143 336 198 401 33
1424 324 2007 388 PROLEGOMENA-
3266 325 3337 389 34

144 449 415 510 videantur;
457 458 687 514 quorum
734 442 789 497 in
831 454 1061 497 numero
1097 449 1226 496 sunt
1277 439 1665 505 Combetisius,
1696 445 1740 499 Α
1771 439 1876 493 tuit
1921 438 2030 511 (l9)
2066 456 2080 493 :
2110 450 2359 510 superest
2399 440 2565 510 igitur
2604 449 2663 496 ut
2706 438 3144 497 Montfauconius
3192 443 3332 497 scri-

141 540 349 603 Allatius,
379 535 827 598 Montfauconius,
858 534 1114 599 Wolfius,
1163 532 1506 596 Gallandius,
1540 534 1655 586 An-

139 632 333 693 dresius,
377 627 613 682 Scottus.
656 625 812 681 Unus
865 625 1097 680 fortasse
1144 623 1428 680 Fabricius
1475 625 1528 677 in
1561 623 1657 679 Gr.

139 722 411 776 bibliotheca
455 718 858 772 lucubrationes
906 717 1028 770 illas
1063 716 1128 770 ad
1168 715 1659 785 amphilochiurum

138 814 333 884 syllogeu
412 808 682 879 pertinere
779 808 1091 876 suspicatus
1195 816 1299 861 est.
1381 804 1659 858 Petavlum

138 904 326 969 denique
376 901 548 970 ipsum
604 899 805 964 miror,
872 898 966 967 qui
1036 912 1160 951 cum
1227 898 1280 949 in
1342 895 1514 963 Opere
1563 909 1665 949 suo

140 992 387 1062 theologica
427 991 539 1059 (17)
592 992 661 1046 de
723 989 1100 1044 monotbelitis
1161 987 1350 1041 tandiu
1406 986 1662 1049 disserat,

138 1085 275 1138 Photii
315 1093 481 1137 tamen
538 1081 877 1152 Opusculum
920 1083 984 1135 de
1039 1078 1401 1135 voluntatibus
1459 1078 1665 1133 Christi

136 1174 361 1245 gnomicis,
408 1172 551 1241 quod
603 1172 724 1241 ejus
773 1180 1095 1243 argumento
1155 1170 1661 1225 commodissimum

137 1276 242 1329 rral,
267 1266 463 1335 penitus
494 1265 848 1335 ignoraverit,
894 1273 971 1317 tot
1022 1264 1149 1317 licet
1194 1271 1322 1316 ante
1368 1258 1544 1315 annos
1592 1261 1662 1315 ab

136 1359 225 1423 ejus
245 1357 501 1410 sodalibus
536 1365 590 1409 et
626 1355 878 1409 Latinum
926 1354 1131 1408 factum
1167 1364 1223 1406 et
1263 1352 1488 1406 editum.
1532 1349 1666 1404 Ter-

137 1451 218 1501 tius
253 1447 742 1516 Amphilochiorum
779 1447 955 1500 editor
1006 1443 1373 1499 Combcﬁsius
1420 1454 1525 1504 est,
1571 1440 1663 1512 qui

136 1554 249 1592 anno
272 1539 396 1593 1614
415 1554 443 1593 e
471 1538 759 1594 Gallicauo
782 1537 905 1591 Tilii
939 1536 1128 1592 codice
1152 1534 1663 1605 Amphilochianam

134 1633 435 1700 quaestionem
466 1632 696 1700 protulit
743 1641 932 1685 contra
966 1628 1289 1697 ubiquisms,
1322 1642 1443 1696 qua:
1466 1625 1518 1679 in
1562 1625 1665 1678 Va~

136 1725 278 1776 ticauo
299 1724 473 1777 codice
512 1723 794 1777 tricesima
830 1730 1022 1775 octava
1065 1729 1167 1774 est.
1198 1719 1449 1774 Graviter
1483 1725 1663 1770 tamen

1762 531 2103 599 ptiunculam
2136 531 2203 586 de
2254 530 2474 601 Sibyllis
2514 532 2726 601 primus
2778 532 3082 602 protulerit.
3139 532 3335 588 Utrum

1762 623 2014 690 quintum
2031 623 2536 693 Amphilochiorum
2559 625 2826 679 editorem
2847 622 3117 693 Spierium
3134 625 3336 692 dicam,

1766 715 1910 769 haud
1951 716 2083 770 satis
2115 717 2258 780 seio;
2287 725 2341 770 et
2372 717 2567 772 merito
2619 716 2673 770 id
2720 716 2929 770 dubito.
2982 715 3116 770 Nam
3155 715 3337 771 Theo-

1767 802 1947 871 philus
1976 800 2193 872 q'uidem
2240 801 2523 859 Harlesius
2565 805 2731 861 Semel
2762 816 2815 859 et
2856 805 3053 859 iterum
3094 805 3171 859 ait
3223 806 3337 875 (20)

1765 910 1783 942 ι
1826 891 2041 946 Justum
2099 892 2369 962 Spierium
2417 910 2561 949 anno
2618 896 2757 950 1758
2806 896 3043 966 quodam
3096 897 3150 951 in
3200 897 3340 952 libro

1765 981 2089 1038 Germanica
2136 986 2316 1053 lingua
2350 987 2551 1056 scripto
2597 988 2813 1041 dedisse
2851 988 3228 1043 adnotationes
3273 990 3340 1042 ad

1768 1073 1944 1127 Photii
1970 1077 2363 1145 Amphilochia,
2392 1088 2447 1130 et
2482 1079 2534 1131 in
2568 1078 2672 1131 fine
2702 1080 2946 1145 qutedam
2977 1095 3043 1133 ex
3086 1080 3168 1133 his
3216 1081 3342 1131 Am-

1766 1166 2045 1233 philochiis
2071 1170 2309 1221 nondum
2352 1169 2517 1223 edita.
2560 1189 2579 1221 ι
2612 1168 2731 1223 .Iam
2765 1184 2895 1225 vero
2931 1170 3061 1240 quid
3097 1170 3342 1240 Spierius

1769 1256 1821 1309 in
1849 1272 1914 1309 eo
1945 1256 2270 1313 Germanico
2299 1259 2458 1322 libro,
2491 1276 2600 1328 quo
2625 1276 2785 1314 careo
2813 1264 3074 1330 posuerit,
3107 1265 3290 1319 nescio
3322 1286 3339 1319 :

1768 1348 1859 1401 sed
1886 1349 2142 1416 quoniam
2173 1351 2331 1405 video
2357 1351 2684 1407 Germanum
2722 1355 2992 1407 hominem
3035 1355 3344 1410 eruditissi-

1769 1452 1917 1490 mum
1969 1436 2226 1491 Woltium
2285 1441 2521 1496 triennio
2579 1452 2699 1511 post
2753 1442 2949 1511 Spierii
3003 1443 3203 1498 librum
3250 1445 3342 1498 vix

1767 1528 1952 1596 elapso
1993 1530 2471 1597 Amphilochianas
2512 1535 2838 1603 quaestiones
2866 1536 3208 1604 depromere,
3251 1538 3342 1591 ni-

1771 1620 1958 1688 hilque
1988 1621 2055 1675 de
2103 1621 2300 1689 Spierii
2348 1625 2518 1687 curis,
2562 1624 2614 1677 in
2653 1624 2974 1680 [’rmfatione
3008 1628 3340 1697 cmteroquin

1769 1713 2009 1775 curiosa,
2037 1714 2238 1777 dicere,
2276 1716 2480 1777 nescio,
2529 1716 2773 1785 inquam,
2823 1720 2953 1781 quid
2993 1733 3093 1787 ego
3121 1719 3339 1773 demum

133 1814 293 1866 erravit
341 1828 444 1867 non
500 1813 780 1866 intellecto
826 1811 1032 1866 codicis
1086 1810 1244 1863 titulo
1281 1808 1662 1869 Combetisius,
1695 1785 1738 1840 Β
1769 1802 2101 1870 temporibus
2131 1804 2357 1874 locoque
2389 1805 2601 1861 distans
2629 1807 2696 1860 de
2746 1806 2941 1875 Spierii
2989 1785 3152 1876 opere
3191 1809 3342 1877 judi-

134 1904 187 1953 ita
211 1910 258 1954 ut
280 1900 521 1968 scriptam
551 1899 623 1953 ad
652 1898 1092 1967 Amphilochium
1123 1912 1152 1950 a
1176 1895 1372 1949 Pliotio
1405 1895 1665 1963 quaestio-

135 2006 248 2053 nem,
274 2006 359 2058 pro
394 1990 763 2055 Amphilochii
796 1991 999 2059 scripto
1030 1987 1354 2055 vulgaverit.
1405 1986 1511 2041 Sed
1538 1986 1664 2041 dein

132 2080 393 2134 admonitus
422 2081 488 2133 ab
528 2080 729 2134 Allatio
759 2078 1124 2134 Combelisius
1171 2080 1486 2134 retractavit
1513 2093 1667 2133 erro-

134 2184 235 2231 rem,
263 2179 410 2238 atque
437 2168 669 2223 alteram
710 2168 782 2221 ab
817 2170 1007 2222 eodem
1052 2168 1254 2221 Allatio
1284 2177 1565 2237 acceptam
1597 2168 1665 2222 de

133 2259 320 2312 Asteriis
346 2259 486 2328 (qute
514 2260 569 2311 in
603 2259 729 2312 cod.
762 2257 879 2311 Vat.
913 2268 998 2311 est
1028 2258 1153 2326 312)
1187 2258 1356 2310 edidit
1390 2256 1669 2325 Amphilo-

132 2350 334 2403 chianam
369 2351 420 2403 in
457 2350 785 2403 Auctarium
822 2349 1067 2415 Patrum,
1098 2350 1305 2418 p.179;
1350 2364 1464 2403 rem
1507 2358 1665 2403 caete-

134 2441 253 2509 roqui
290 2452 387 2495 tam
429 2458 627 2512 parum
665 2442 843 2501 adhuc
875 2443 1123 2503 edoctus.
1173 2451 1233 2496 ut
1268 2443 1508 2497 scribere
1554 2458 1663 2496 non

134 2531 357 2584 erubuerit
396 2532 679 2597 ambigere
712 2547 770 2587 se
798 2532 1052 2602 quisnam
1086 2534 1176 2588 hic
1210 2531 1442 2588 Photius
1477 2533 1663 2599 fuerit,

134 2621 202 2689 qui
223 2622 276 2674 ad
300 2622 739 2691 Amphilochium
777 2622 1105 2691 quaestiones
1134 2622 1360 2676 miserit.
1383 2620 1669 2691 lgnorahat

133 2713 298 2768 scilicet
328 2704 863 2784 Combelisius,'qum
891 2714 1121 2768 Allatius
1160 2716 1211 2767 in
1262 2714 1399 2768 libro
1432 2713 1503 2767 De
1538 2731 1667 2768 con-

133 2820 255 2857 κατι
280 2822 421 2874 super
446 2804 840 2874 Amphilochiis
875 2806 1200 2873 scripserat;
1235 2806 1359 2873 quia
1407 2804 1664 2858 nimirum

134 2897 284 2950 eodem
310 2912 445 2951 anno
476 2897 621 2951 1618
650 2905 759 2950 tum
783 2896 1148 2951 Combelisius
1176 2896 1514 2959 Auctarium,
1551 2903 1667 2949 tum

133 2987 318 3043 Allatius
347 2990 607 3043 volumen
652 3003 811 3042 suum
855 2987 931 3042 De
963 3005 1218 3042 consensu
1256 2988 1666 3057 imprimebant.

135 3076 327 3142 Quartus
403 3080 900 3150 Amphtlochiorum
972 3080 1151 3135 editor
1228 3079 1670 3135 Montfauconius

134 3178 196 3221 est
220 3169 333 3238 (18).
372 3173 462 3241 qui
496 3188 652 3225 anno
706 3172 842 3226 i715
894 3172 1131 3240 vulgavit
1171 3184 1427 3241 quatuor,
1476 3188 1672 3240 nempe

134 3259 183 3311 de
210 3259 408 3317 Hercule
437 3262 752 3315 Amaltheae
796 3278 966 3316 cornu
1011 3272 1280 3330 gestante,
1319 3262 1385 3317 de
1428 3262 1668 3331 Sibyllis,

135 3346 185 3401 de
201 3348 527 3407 Cmsariensis
569 3350 790 3405 Eusebii
832 3351 1050 3415 lneresi,
1082 3351 1150 3404 de
1183 3351 1415 3405 Asteriis
1445 3351 1521 3418 (in
1551 3348 1670 3405 Vat.

136 3439 229 3491 cod.
259 3440 521 3507 107,150,
568 3444 699 3507 221,
737 3444 888 3511 512).
932 3441 1187 3498 Profecto
1233 3440 1673 3496 Montfauconius

134 3527 184 3580 de
204 3530 429 3590 universo
462 3531 741 3586 Photiauo
765 3548 931 3600 opere
961 3532 1098 3585 bene
1124 3534 1351 3585 meritus
1376 3541 1480 3595 est,
1513 3530 1674 3599 cujus

136 3615 360 3687 integrum
405 3620 707 3689 descripsit
754 3620 1013 3687 iudicem,
1051 3621 1421 3691 quaastionum
1468 3620 1676 3673 scilicet

134 3717 229 3760 octo
254 3718 309 3762 et
328 3720 698 3765 trecentarum
736 3725 749 3761 :
783 3712 878 3765 scd
910 3711 1053 3765 idem
1088 3726 1420 3780 magnopere
1449 3712 1673 3776 erravit,

137 3800 326 3864 primum
356 3802 481 3870 quia
513 3785 583 3857 se
616 3802 756 3856 dixit
787 3803 949 3857 edere
995 3818 1061 3856 ex
1090 3801 1494 3871 Amphilochiis
1525 3816 1675 3870 quie-

136 3894 303 3951 slioues
334 3897 467 3961 illas,
496 3914 624 3966 quae
650 3897 877 3966 majoris
898 3900 1156 3952 momenti
1178 3911 1298 3951 esse
1323 3896 1676 3963 videbantur;

137 3988 430 4057 quojudicio
464 3989 603 4044 nihil
628 3989 1106 4053 inconsideratius,
1154 3988 1288 4043 nihil
1339 3986 1532 4042 falsius
1561 3987 1675 4040 fieri

139 4080 299 4144 potuit.
332 4077 463 4133 Nam
504 4080 551 4134 si
590 4080 718 4149 quis
738 4079 1121 4147 Amphilochia
1155 4096 1181 4130 ει
1221 4093 1306 4132 me
1335 4092 1479 4132 nunc
1508 4076 1675 4141 edita,

137 4167 331 4237 itemque
363 4172 451 4224 illa
482 4185 514 4224 a
555 4168 747 4223 Scotlo
780 4167 1090 4239 Wollloque
1140 4169 1377 4238 vulgata,
1416 4182 1542 4221 cum
1592 4166 1678 4219 his

138 4261 384 4317 hrcviculis
410 4278 475 4317 ac
512 4263 674 4317 valde
720 4262 935 4317 levibus
984 4260 1374 4315 Montfanconii
1412 4258 1677 4321 conferet,

138 4366 478 4422 praeposteram
508 4355 705 4410 Hercle
728 4355 942 4409 laudem
970 4354 1317 4423 praedicatum
1352 4351 1677 4421 comperiet.

1768 1904 1907 1955 cem,
1940 1893 2087 1960 quod
2117 1902 2276 1947 atate
2318 1910 2415 1963 par
2444 1904 2497 1949 et
2538 1895 2592 1949 in
2634 1896 2824 1951 limine
2858 1913 3083 1951 versans
3113 1897 3343 1955 Wolfius

1767 1996 1875 2034 non
1912 1984 2154 2053 agnovit.
2190 1982 2448 2053 Sequitur
2472 1986 2586 2054 jam
2614 1994 2800 2041 sextus
2851 1988 3024 2040 multo
3070 1988 3345 2057 praedictis

1766 2074 2043 2143 copiosior
2061 2076 2571 2145 Amphilochiorum
2600 2078 2775 2131 editor
2803 2076 3056 2144 Wolfius,
3089 2095 3119 2133 a
3146 2096 3256 2149 quo
3287 2080 3342 2135 iu

1765 2164 2109 2233 philologicis
2134 2167 2283 2219 curis
2313 2166 2786 2236 Amphilochianm
2826 2170 3159 2238 quaestiones
3203 2186 3347 2240 qua-

1767 2255 2017 2326 draginta
2058 2273 2151 2312 sex
2205 2257 2256 2327 (a
2296 2259 2363 2313 74
2396 2260 2462 2311 ad
2508 2260 2643 2329 119),
2683 2276 2826 2314 anno
2870 2261 3002 2315 17H
3055 2262 3345 2328 publicata;

1769 2345 2029 2413 fuerunt;
2078 2363 2202 2416 quae
2240 2349 2431 2403 deinde
2490 2364 2635 2403 anno
2679 2350 2817 2405 1779
2873 2351 2924 2405 in
2983 2350 3346 2407 Gallandiana

1770 2438 2094 2493 Bibliotheca
2123 2448 2161 2494 ι.
2208 2438 2343 2501 ΧΙΙΙ,
2370 2443 2609 2511 repetita:
2635 2452 2780 2497 sunt.
2812 2444 2879 2499 Et
2903 2444 3122 2513 quidem
3148 2446 3346 2501 adver-

1744 2547 1865 2586 sus
1899 2530 2244 2585 Gallamlinm
2272 2533 2630 2602 expostulare
2663 2534 2872 2595 liceret.
2905 2552 3004 2589 cur
3035 2546 3222 2589 contra
3260 2536 3347 2590 in-

1769 2624 2020 2677 stitutum
2053 2639 2213 2678 suum
2250 2626 2462 2679 minora
2496 2625 2718 2681 Patrum
2752 2625 2926 2697 Opera
2962 2630 3344 2694 coacerVandi.

1769 2717 2097 2785 qmestioncs
2147 2732 2177 2772 a
2234 2716 2428 2771 \Vollio
2485 2720 2660 2774 editas
2717 2720 2999 2786 receperit,
3064 2722 3346 2792 antiquius

1769 2807 1945 2861 editas
1992 2808 2436 2875 prmtermiserit;
2490 2810 2596 2863 nisi
2640 2811 2753 2879 jam
2808 2811 3068 2865 dixissent
3135 2814 3348 2883 ignotas

1770 2894 2056 2950 Gallandio
2103 2897 2272 2952 fuisse
2329 2907 2589 2963 creteras,
2634 2899 2687 2952 id
2737 2901 2881 2969 quod
2945 2900 3065 2970 ejus
3129 2916 3351 2969 quoque

1773 2983 2026 3040 Praefatio
2052 2986 2187 3039 satis
2206 2987 2559 3041 demonstrat.
2594 2988 2738 3041 Inter
2770 3004 2863 3043 cos
2906 2990 2997 3058 qui
3030 2990 3096 3045 de
3124 2990 3348 3058 Amphi-

1775 3074 1960 3128 lochiis
2004 3076 2290 3145 vulgandis
2329 3076 2546 3131 solliciti
2587 3077 2828 3143 fuerunt,
2869 3081 3149 3149 proximus
3190 3080 3349 3135 nobis

1776 3177 1935 3223 actate
1962 3168 2067 3223 fuit
2092 3168 2384 3239 πολυΐστορ
2410 3170 2729 3238 Andresius,
2756 3173 2840 3226 vir
2866 3188 3097 3242 magnus
3136 3174 3352 3244 meique

1773 3259 1902 3312 dum
1935 3259 2073 3313 vixit
2108 3260 2540 3323 amantissimus,
2576 3263 2670 3331 qui
2702 3263 2769 3317 de
2798 3263 3076 3317 anecdotis
3099 3263 3350 3334 Neapoli-

1776 3358 1917 3404 tante
1962 3350 2305 3405 bibliothecae
2354 3351 2711 3406 Prodromum
2762 3354 3033 3420 scribens,
3060 3354 3351 3423 Amphilo-

1775 3443 2025 3497 chiorum
2058 3444 2332 3510 quoddam
2383 3445 2747 3512 fragmentum
2785 3447 2877 3501 diu
2927 3448 3349 3511 commendavit,

1776 3541 1938 3601 atque
1985 3541 2045 3586 ut
2090 3534 2210 3586 luce
2253 3533 2570 3596 donaretur,
2619 3550 2954 3605 magnopere
2988 3546 3180 3591 auctor
3227 3536 3351 3591 fuit.

1776 3624 1931 3692 Quod
1960 3633 2140 3680 autem
2172 3624 2286 3678 fieri
2310 3625 2517 3694 optavit
2542 3626 2862 3691 Andresius,
2900 3626 2955 3681 id
2997 3642 3123 3681 mox
3156 3642 3354 3695 magna

1778 3736 1901 3775 cum
1959 3720 2119 3774 laude
2176 3719 2430 3789 przestitit
2498 3720 2581 3773 vir
2649 3719 3056 3775 illuSIrissimus
3116 3721 3353 3791 Angelus

1781 3810 2021 3872 Scottus.
2055 3810 2395 3864 bibliothecae
2424 3818 2546 3880 post
2570 3811 2897 3864 Andresium
2925 3828 3150 3880 praeses,
3176 3822 3230 3866 et
3265 3829 3355 3869 re-

1778 3904 1987 3970 giorum
2031 3899 2337 3970 principum
2370 3888 2435 3953 in
2483 3900 2677 3954 litteris
2737 3900 3034 3955 institutor.
3084 3899 3354 3954 Nimirum

1780 3992 1848 4056 is,
1880 3993 1974 4061 qui
2015 3992 2231 4061 septimi
2259 3991 2485 4045 cditoris
2513 3992 2693 4046 locum
2722 3991 2950 4056 obtinet,
2988 3992 3356 4057 amphilochia

1780 4084 2174 4154 duodeviginti,
2211 4095 2405 4153 praeter
2439 4083 2840 4149 Praefationem,
2874 4101 2999 4139 cum
3048 4101 3142 4138 sua
3193 4086 3358 4140 inter-

1781 4175 2083 4244 pretatione
2114 4174 2456 4243 Scholiisqne
2495 4172 2718 4243 Neapoli
2760 4174 2899 4245 typis
2941 4174 3188 4239 excudit;
3224 4190 3358 4229 usus

1781 4266 1945 4320 etiam
1978 4264 2220 4319 Vaticani
2268 4265 2475 4321 codicis
2531 4266 2797 4335 suppetiis
2841 4265 3069 4336 aliquot,
3122 4281 3260 4334 quas
3286 4266 3356 4320 cl.

1784 4367 1970 4412 noster
2030 4356 2283 4412 Amatius
2333 4356 2400 4410 ad
2449 4372 2575 4411 eum
2643 4354 2916 4410 submisit.
2980 4355 3358 4424 Amphilochia

138 4440 248 4496 Num
272 4462 388 4513 ergo
410 4446 860 4501 Montfauconius
891 4462 1051 4515 quem
1080 4448 1314 4516 vnlgawt
1344 4446 1576 4500 indicem
1607 4445 1675 4498 ab
1707 4448 1752 4507 D
1782 4450 1944 4519 igitur
1991 4459 2118 4503 ante
2165 4465 2250 4503 me
2294 4463 2388 4502 sex
2436 4447 2603 4502 edidit
2648 4446 2922 4510 Canisius,
2968 4446 3289 4502 Stewartius
3319 4442 3360 4512 l,

138 4542 412 4594 auianurnsi
453 4542 646 4608 aliquo
674 4539 904 4607 accepit,
957 4539 1073 4606 ipse
1122 4552 1249 4590 vero
1302 4537 1545 4589 codicem
1585 4536 1676 4589 vix

139 4629 337 4695 aspexit?
377 4631 634 4697 Alioquin
669 4629 759 4681 vix
801 4628 914 4681 tieri
962 4636 1174 4696 poterat
1220 4635 1277 4680 ut
1305 4625 1387 4678 vir
1426 4640 1677 4679 summus

141 4728 201 4770 tot
222 4722 547 4793 longissimas
591 4732 757 4794 atque
785 4723 1020 4791 optimas
1055 4723 1295 4775 lustrans
1324 4720 1674 4790 quaastiones,

140 4815 360 4881 neglectis
390 4818 495 4882 his,
532 4816 813 4869 breviores
843 4815 964 4869 illas
996 4830 1057 4868 ac
1091 4814 1394 4867 levidenses
1435 4812 1676 4881 eligeret,

142 4917 311 4972 suoque
350 4909 620 4975 praeconio
649 4916 812 4975 atque
840 4907 1046 4959 lr’onore
1090 4918 1343 4974 typorunt
1394 4912 1676 4958 mactaret.

144 4988 227 5044 Sed
256 5009 314 5048 en
358 5014 544 5053 rursus
600 4995 1069 5056 Montfaucouius.
1098 4995 1346 5066 peccavit
1391 4994 1521 5048 dum
1583 4996 1681 5047 has

144 5085 528 5148 quaestiunculas
568 5105 668 5143 ceu
702 5089 935 5143 ineditas
976 5104 1167 5144 omnes
1214 5087 1474 5157 vulgavit.
1517 5086 1679 5156 Atqui

146 5176 197 5228 de
219 5179 420 5236 Asteriis
452 5185 813 5252 quaestionem
848 5184 960 5252 jam
1001 5182 1200 5253 publici
1229 5182 1369 5249 juris
1412 5179 1682 5235 Combeﬁ-

148 5268 239 5324 sius
266 5270 485 5329 fecerat:
539 5277 874 5345 quzestiones
905 5275 973 5330 de
1020 5275 1216 5330 haeresi
1266 5272 1484 5329 Eusebii
1524 5281 1578 5327 et
1617 5272 1684 5324 de

151 5353 337 5414 Hercule
362 5365 411 5416 in
434 5364 613 5419 Photii
642 5365 889 5434 epistolis
926 5365 1099 5420 multo
1130 5375 1255 5420 ante
1286 5380 1316 5419 a
1348 5362 1683 5419 Montacutio

150 5448 275 5503 editis
298 5457 685 5525 occurrebant;
718 5457 768 5511 id
792 5457 936 5525 quod
971 5455 1230 5519 Wollium
1275 5466 1421 5512 certe
1460 5471 1567 5511 non
1600 5456 1681 5510 la-

235 5584 302 5655 ιη
334 5586 398 5640 De
420 5591 626 5644 incarn.
662 5588 754 5645 lib.
788 5607 862 5643 tx.

231 5655 300 5731 is;
330 5656 471 5731 sibi.
497 5658 659 5731 Coisl.
695 5677 745 5731 p.
776 5660 1035 5731 346-548.

233 5722 309 5796 19)
339 5725 489 5784 Praef.
524 5731 593 5783 ad
621 5722 745 5784 Cur.
781 5730 844 5785 '1‘.
882 5732 969 5791 111,
998 5748 1030 5800 p
1077 5729 1129 5787 7.

443 5826 711 5891 PATROL.
750 5827 867 5889 Gtt.
919 5828 1015 5890 Cl.

1785 4541 2147 4595 Combelisius
2195 4540 2261 4602 ll,
2297 4538 2740 4593 Montfauconius
2774 4537 2815 4601 Ι,
2858 4536 3092 4593 Wolfius
3121 4538 3363 4607 quadra—

1787 4631 1933 4699 ginta
1984 4646 2078 4685 sex
2112 4631 2383 4694 breviora,
2419 4631 2638 4685 Scottus
2692 4620 3083 4700 duodeviginti.
3139 4631 3364 4683 Summa

1789 4724 1970 4791 itaque
1999 4730 2124 4775 ante
2152 4737 2237 4775 me
2257 4722 2527 4776 editorum
2550 4720 3059 4790 Amphilochiorum,
3093 4720 3177 4774 74.
3205 4719 3369 4775 Octa-

1789 4831 1889 4870 vus
1928 4816 2147 4869 demum
2178 4816 2352 4869 editor
2396 4830 2497 4885 ego
2545 4830 2691 4879 sum,
2737 4815 2830 4884 qui
2874 4814 3062 4884 viginti
3094 4813 3366 4882 amphilo-

1790 4908 1911 4960 chia
1971 4907 2076 4961 hoc
2120 4906 2396 4961 volumine
2448 4907 2683 4961 exhibeo
2735 4923 2749 4960 :
2803 4922 2975 4975 quare
3019 4905 3367 4959 centenarius

1785 4997 1897 5065 jam
1934 5011 2196 5050 numerus
2246 4995 2638 5065 propemodum
2681 4996 2947 5064 expletur.
2989 4994 3153 5063 Atqui
3195 4994 3369 5048 codex

1792 5087 2091 5143 Vaticanus
2134 5088 2393 5143 tredecim
2442 5090 2682 5143 continet
2735 5102 2900 5156 supra
2950 5092 3210 5139 trecenta.
3262 5082 3367 5138 Sed

1793 5188 1972 5232 tamen
2007 5181 2210 5234 scimus
2257 5179 2462 5247 reliqua
2501 5192 2567 5233 ex
2620 5178 2705 5231 bis
2744 5177 3023 5247 complura
3069 5183 3210 5228 mter
3251 5174 3370 5243 epi-

1793 5271 1961 5326 stolas
1991 5286 2021 5323 a
2057 5268 2389 5325 Montacutio
2417 5272 2589 5325 editas
2623 5268 2833 5337 jamdiu
2868 5277 3105 5322 exstare.
3144 5264 3372 5336 Insuper

1791 5375 1892 5430 ego
1923 5360 2042 5414 dedi
2080 5375 2300 5428 operam
2336 5370 2393 5413 ut
2422 5358 2790 5426 Amphilochia
2823 5358 3140 5429 plerumque
3166 5354 3369 5424 longis-

1793 5454 1954 5519 sima,
1994 5453 2176 5508 dilatis
2223 5452 2589 5515 brevioribus,
2627 5451 2693 5505 ad
2742 5449 3012 5505 edendum
3052 5448 3367 5517 deligerent.

1866 5586 1979 5708 (20-)
2012 5586 2309 5667 Supplemq
2327 5587 2393 5642 ad
2431 5586 2642 5642 Introd.
2676 5582 3103 5669 hist._ling.'Gr.
3140 5593 3270 5636 tom.
3304 5581 3370 5661 ll,

1904 5658 1939 5708 4
2000 5674 2015 5708 :
2070 5667 2125 5708 et
2188 5656 2355 5708 addit.
2419 5658 2488 5708 ad
2545 5656 2707 5708 Fabr.
2756 5654 2899 5708 Bibl.
2952 5656 3046 5708 (ιτ.
3098 5666 3227 5708 tom.
3277 5650 3370 5708 ιλ.

1791 5650 2015 5779 ροὲέη
2070 5650 2145 5713 εἴ
2188 5656 2355 5713 addit.
2419 5658 2488 5712 ad
2545 5656 2707 5713 Fabr.
2756 5650 3046 5710 BiblfGr.
3098 5666 3227 5708 tom.
3277 5650 3371 5719 IX,

1793 5743 1844 5781 υ.
1950 5765 1964 5781 .

2968 5817 3007 5877 2
