3912 6218
501 262 571 323 35
1661 253 1744 315 IN
1785 249 2312 313 AMPHILOCHIA
2355 252 2618 315 PHOTII
3674 263 3737 326 36

497 373 709 439 Quibus
759 370 863 425 rite
911 368 1216 440 perpensis,
1264 366 1545 424 dimidiam
1600 367 1713 422 fere
1751 365 1944 436 Operis
1971 367 2168 431 par-A
2199 375 2310 420 tum
2343 367 2684 432 vicesimam,
2742 375 2852 424 tum
2905 367 3042 425 alias
3091 367 3319 440 aliquot,
3371 374 3482 423 tum
3523 369 3739 442 denique

497 474 605 518 tem
637 472 760 532 post
787 476 872 516 me
900 461 1079 515 adhuc
1109 461 1370 515 ineditam
1396 473 1684 528 superesse
1712 456 1916 528 judico.

569 559 657 613 lll.
703 558 776 611 De
806 573 920 611 mea
948 555 1196 612 editione.
1218 554 1334 609 Jam
1359 554 1619 610 editionis
1643 567 1775 607 mea:
1803 551 1942 605 ratio
1971 549 2076 603 etsi

497 651 728 720 simplex
753 658 858 712 est,
885 650 1070 703 labore
1099 658 1282 702 tamen
1303 661 1367 701 ac
1385 645 1700 700 dillicultate
1728 658 1838 697 non
1874 640 2074 696 caruit.

494 741 632 795 Nam
684 741 739 795 in
791 739 986 810 primis
1025 748 1228 792 tantam
1281 738 1463 806 Operis
1504 746 1711 805 partem
1757 748 1820 786 ex
1846 731 2076 800 antiquo

496 834 685 889 codice
700 831 1037 893 exscribere,
1066 838 1190 900 apte
1221 829 1488 898 digerere,
1523 823 1912 894 orthographia
1939 836 2076 890 pau-

495 927 686 995 sisque
724 923 1132 993 interpungere,
1183 919 1395 974 mendis
1416 919 1579 973 etiam
1617 916 1827 985 aliquot
1854 927 2078 983 perpur-

495 1033 643 1088 gare,
680 1032 788 1070 non
826 1013 1165 1069 levissimum
1215 1011 1492 1080 negotium
1539 1006 1662 1062 fuit.
1723 1005 1800 1059 Eo
1849 1003 2080 1058 accessit

493 1107 702 1162 Latinae
753 1105 1223 1176 interpretationis
1249 1101 1616 1166 elucubratio,
1665 1114 1769 1168 qua
1823 1097 2074 1152 Photium

495 1200 810 1256 necessario
839 1197 1224 1254 declarandum
1278 1193 1503 1264 putavi,
1565 1199 1785 1262 propter
1841 1205 1935 1245 eos
1983 1188 2076 1258 qui

493 1290 684 1346 Graece
727 1290 976 1344 nesciunt
1023 1287 1105 1341 vel
1159 1287 1250 1357 qui
1305 1284 1491 1340 Graece
1533 1299 1591 1338 se
1622 1283 1762 1337 scire
1795 1280 2074 1336 simulant.

499 1383 608 1439 Sed
656 1394 836 1438 tamen
885 1393 941 1435 ut
988 1381 1148 1436 citior
1193 1379 1369 1434 editor
1401 1371 2077 1445 lierem,pauloincultior

496 1477 764 1545 interpres
796 1475 960 1528 videri
1009 1473 1177 1526 malui
1208 1489 1223 1525 :
1261 1471 1426 1540 igitur
1470 1466 1735 1538 quidquid
1765 1465 1933 1519 menti
1967 1463 2078 1532 pri-

495 1582 642 1620 mum
663 1565 924 1628 occurrit,
961 1563 1016 1618 id
1050 1564 1159 1618 fere
1183 1562 1396 1617 calamo
1421 1559 1596 1629 pinxi,
1631 1555 1861 1626 expoliri
1889 1563 2071 1609 autem

494 1673 676 1712 sermo
734 1673 842 1711 non
902 1666 1101 1726 potest,
1155 1653 1256 1708 nisi
1289 1669 1452 1722 quem
1484 1652 1684 1707 decens
1719 1663 1872 1703 mora
1908 1648 2068 1700 lima-

493 1751 652 1804 verit.
694 1747 893 1802 Curavi
929 1757 1108 1802 tamen
1133 1747 1357 1814 ubique,
1397 1751 1457 1798 ut
1496 1743 1740 1797 Graecam
1783 1737 2071 1800 veritatem

495 1841 683 1894 Latina
716 1848 960 1895 servaret
990 1839 1299 1892 translatio.
1348 1834 1743 1888 Adnotationes
1766 1845 1924 1885 raras
1945 1828 2074 1884 sub-

499 1932 680 1995 texui;
745 1931 832 1984 his
870 1931 1015 1984 enim
1051 1930 1288 1983 lectores
1313 1941 1501 1982 carere
1536 1923 1750 1978 facilius
1783 1929 2068 1991 poterant:

496 2022 821 2076 liiblicarum
859 2030 1038 2075 autem
1071 2021 1480 2082 auctoritatutn,
1517 2031 1640 2086 qum
1698 2024 1778 2068 t0t
1821 2028 1851 2066 a
1884 2009 2076 2066 Photio

491 2115 808 2182 laudantur,
858 2115 1015 2169 sedes
1075 2112 1322 2182 proprias
1369 2111 1425 2164 in
1451 2109 1574 2163 libri
1611 2104 1954 2176 marginibus
1983 2101 2075 2155 de-

495 2205 819 2260 monstravi.
881 2202 1234 2271 Quaestiones
1254 2204 1423 2272 ipsas,
1475 2214 1596 2270 quae
1634 2199 1688 2252 in
1720 2196 1908 2251 codice
1937 2207 2073 2248 eon-

493 2301 733 2355 tinentcr
782 2299 1124 2362 scribuntur,
1181 2297 1234 2350 in
1270 2293 1532 2350 atllClllOS
1558 2292 1800 2346 minores
1821 2286 2068 2348 distinxi,

494 2405 606 2460 quo
643 2389 856 2444 scilicet
902 2387 1281 2458 perspicuitati
1318 2384 1594 2442 sermonis
1623 2380 1990 2442 consulerem,
2021 2386 2076 2432 et

495 2483 564 2536 iis
604 2481 697 2547 qui
755 2481 908 2534 locos
969 2480 1219 2533 citabunt
1255 2493 1371 2532 rem
1417 2474 1764 2532 commodam
1809 2471 2070 2524 facerem.

493 2571 798 2640 (lteteroqui
841 2570 1142 2624 ordinalom
1204 2583 1516 2630 numerum,
1575 2580 1683 2636 quo
1734 2575 2074 2630 unaquteque

494 2663 725 2733 quaestio
775 2671 1000 2716 notatur
1038 2662 1090 2714 in
1138 2660 1348 2723 codice,
1395 2658 1600 2713 idcirco
1649 2655 1885 2716 servavi,
1923 2664 2074 2708 utne

495 2762 611 2806 tum
646 2751 867 2822 quidem
894 2751 1098 2806 citandi
1141 2750 1281 2804 ratio
1308 2749 1575 2810 varietur,
1603 2761 1725 2800 cum
1753 2744 2071 2798 universum

494 2858 633 2913 opus
678 2841 938 2897 exstabit.
995 2839 1131 2895 lllod
1177 2839 1462 2893 verissime
1494 2836 1679 2892 testari
1701 2849 1862 2904 queo,
1893 2847 1980 2886 me
2007 2832 2074 2886 de

493 2933 680 2988 codice
702 2930 972 2988 Vaticano
1007 2930 1381 3000 Amphilochia
1425 2929 1674 2983 omnium
1715 2925 1887 2980 ferme
1913 2922 2077 2994 potis-

494 3025 634 3079 sima
663 3024 1004 3093 decerpsisse
1025 3039 1040 3087 ;
1062 3037 1187 3092 qum
1221 3021 1479 3075 nimirum
1506 3018 1592 3072 vel
1626 3018 1742 3087 ipsa
1766 3016 2075 3087 prolixitate

494 3133 614 3181 sua,
684 3117 769 3169 vel
807 3124 1129 3184 argumento
1153 3114 1304 3184 gravi
1339 3123 1393 3168 et
1432 3112 1738 3182 theologica
1762 3151 1778 3176 ,
1830 3108 1918 3163 vel
1969 3106 2072 3162 do-

494 3208 688 3260 ctrinae
714 3205 1027 3268 altitudine,
1051 3205 1133 3257 vel
1152 3205 1394 3258 novitate
1418 3203 1600 3268 aliqua
1618 3197 2079 3269 commendaban-

496 3315 605 3365 tur,
634 3309 688 3354 et
725 3315 846 3368 quae
893 3313 1069 3366 neque
1095 3312 1216 3352 cum
1257 3295 1648 3364 Amphilochiis
1677 3291 1861 3356 editis,
1900 3302 2078 3359 neque

496 3407 688 3447 rursus
706 3407 830 3445 cum
863 3389 1111 3458 epistolis
1145 3387 1542 3458 congruebant.
1593 3381 1851 3437 Profecto
1898 3381 1952 3434 in
1989 3381 2075 3434 his

496 3493 642 3538 tanta
672 3483 748 3537 rei
785 3481 942 3535 bona:
990 3479 1148 3547 copia
1198 3488 1304 3541 est,
1370 3487 1428 3532 ut
1475 3492 1614 3546 quas
1661 3475 1727 3529 de
1759 3475 1862 3528 hoc
1891 3471 2076 3542 Opere

492 3579 681 3632 laudes
703 3575 958 3636 Allatius,
986 3571 1242 3636 Wolfius,
1273 3571 1597 3634 Andresius,
1631 3570 1856 3625 Scottus
1872 3567 2074 3636 aliique

491 3671 652 3740 pleno
699 3683 793 3722 ore
841 3665 1312 3736 praedicaverunt,
1377 3679 1472 3718 eas
1532 3677 1717 3725 nemo,
1767 3670 1827 3715 ut
1884 3672 2070 3728 spero,

490 3761 688 3816 nimias
713 3758 1059 3829 iudicaturus
1091 3758 1184 3812 sit.
1245 3755 1375 3810 Mihi
1417 3771 1547 3810 vero
1578 3754 1840 3824 cogitanti
1872 3750 2073 3821 permi-

491 3868 613 3906 rum
645 3849 814 3904 videri
850 3849 1009 3914 solet,
1071 3848 1168 3918 qui
1218 3847 1335 3902 fieri
1389 3846 1630 3917 potuerit
1663 3854 1720 3899 ut
1750 3843 1980 3897 Photius
2016 3841 2070 3894 in

490 3943 847 3999 saecularibus
880 3941 1028 3996 curis
1055 3939 1343 3994 muneribu
1365 3953 1500 4008 sque
1519 3945 1765 3992 versatus
1794 3950 1972 4005 usque
2004 3934 2072 3989 ad

487 4034 886 4105 episcopatum,
945 4032 1010 4086 ad
1058 4047 1222 4101 quem
1286 4031 1460 4085 laicus
1491 4030 1674 4085 subito
1705 4039 1926 4084 evectus
1946 4026 2069 4090 fuit,

489 4135 690 4181 tantam
717 4124 1028 4178 divinarum
1065 4122 1474 4191 Scripturarom
1517 4131 1681 4191 atque
1713 4117 2070 4176 abstrusioris

487 4214 772 4284 theologia;
825 4213 1073 4267 notitiam
1128 4211 1557 4281 facultatemque
1606 4210 1838 4279 adeptus
1881 4210 2066 4262 fuerit.

488 4303 621 4360 Tres
678 4313 862 4358 tamen
915 4304 970 4357 in
1027 4302 1232 4358 Latinis
1291 4311 1593 4357 occurrunt
1624 4300 1896 4364 Patrihus,
1928 4316 2068 4370 quos

484 4410 641 4466 atquo
665 4395 790 4464 jure
819 4393 1000 4447 Photii
1034 4393 1254 4464 ingenio
1291 4408 1670 4462 opponamus;
1723 4391 1890 4461 hique
1938 4398 2068 4446 sunt

485 4487 813 4558 Cyprianus,
843 4485 1188 4548 Ambrosius,
1223 4493 1388 4553 atque
1426 4484 1803 4552 Augustinus;
1829 4498 2066 4551 quorum

487 4581 698 4651 primus
736 4592 769 4632 a
808 4576 928 4632 foro
960 4585 1015 4631 et
1046 4577 1350 4632 honoribus
1390 4576 1456 4630 ad
1489 4575 1860 4630 sanctuarium
1886 4575 2068 4630 subito

486 4669 727 4734 transiit,
772 4676 827 4723 et
853 4675 1036 4721 tamen
1067 4668 1122 4720 in
1155 4667 1494 4722 acutissimis
1521 4665 1776 4722 Ecclesiae
1803 4666 2068 4737 theologis

485 4767 791 4830 reputatur.
815 4758 1106 4815 Secundus
1143 4773 1174 4811 a
1201 4759 1449 4813 saeculari
1480 4757 1715 4828 Liguriae
1746 4757 2068 4828 praefectura

484 4856 552 4909 ad
583 4852 790 4908 infulas
813 4859 1036 4920 repente
1073 4858 1284 4920 raptus,
1323 4851 1686 4905 nihilominus
1711 4858 1915 4905 tantam
1942 4868 2069 4906 mox

483 4945 708 5001 edidicit
766 4959 938 5001 sacrae
992 4943 1256 4998 doctrinae
1303 4943 1554 5012 copiam,
1614 4955 1875 5013 quantam
1925 4947 2068 5002 edita

484 5038 610 5109 ejus
635 5051 801 5107 Opera
834 5037 1246 5102 demonstrant;
1300 5044 1497 5104 praeter
1550 5037 1640 5091 illa
1685 5054 1806 5107 quae
1826 5039 2068 5093 celeber-

484 5131 627 5186 rima
650 5129 804 5192 olim,
830 5143 977 5183 nunc
996 5127 1198 5183 amissa
1228 5129 1538 5198 querimur.
1574 5129 1916 5201 Augustinus
1939 5132 2068 5187 item

486 5217 734 5291 profanis
761 5216 962 5273 studiis
994 5231 1170 5287 usque
1195 5216 1264 5275 ad
1317 5216 1557 5271 adultam
1587 5229 1799 5273 aetatem
1834 5221 2071 5276 innutri-

489 5323 597 5378 tus,
627 5309 776 5364 brevi
811 5324 936 5364 mox
971 5304 1291 5364 'maximum
1344 5309 1526 5364 omnis
1570 5310 1855 5380 theologiae
1885 5312 2068 5366 lumen

486 5401 760 5460 inclaruit.
816 5398 941 5454 Jam
983 5400 1076 5470 qui
1138 5416 1309 5455 sacrae
1343 5401 1773 5457 Hermeneuticm
1831 5418 2069 5458 canones

485 5507 814 5564 cognoscere
863 5501 1008 5558 avet,
1068 5493 1116 5547 is
1157 5491 1338 5546 Photii
1397 5493 1630 5562 primam
1683 5493 2065 5564 quaestionem,

553 5652 664 5722 (21)
696 5651 830 5709 Bibl.
867 5651 959 5709 Gr.
993 5654 1080 5710 ed.
1117 5668 1220 5707 nov
1273 5662 1312 5707 t.
1353 5651 1442 5720 Xl,
1477 5669 1530 5722 p.
1565 5653 1654 5707 .

2395 462 2575 518 adeat.
2642 461 2940 517 Bihliorum
2992 463 3142 518 locos
3192 463 3283 531 qui
3335 465 3736 532 repugnantium

2181 555 2418 620 Speciem
2451 554 2675 616 habent,
2717 563 2862 607 recte
2891 554 3193 608 conciliant
3216 552 3524 623 complures
3570 570 3633 608 ex
3660 555 3740 610 his

2179 641 2535 710 quaestiones,
2581 642 2718 708 ut6,
2759 643 2852 706 25,
2895 652 3002 696 etc.
3063 641 3256 696 Nonne
3304 643 3422 711 ipsa
3467 643 3740 711 theologia:

2179 736 2476 802 penetralia
2505 737 2784 790 cernimus
2831 738 2883 789 in
2924 735 3321 804 quaestionibus
3361 735 3429 789 de
3479 734 3740 805 baptismo

2180 833 2238 880 et
2257 825 2324 880 de
2350 827 2472 880 vitae
2499 827 2774 880 termino?
2820 825 3018 898 Utique
3039 835 3090 881 et
3143 826 3246 880 illa:
3288 825 3355 880 de
3394 840 3740 895 personarum

2179 916 2490 971 divinarum
2518 918 2942 986 proprietatihus
2996 918 3324 988 persuhtiles
3367 932 3568 987 perque
3589 934 3742 974 accu-

2183 1017 2311 1063 rata:
2339 1019 2488 1064 sunt.
2537 1009 2729 1065 Nonne
2789 1013 3008 1067 demum
3075 1011 3464 1081 componendis
3509 1012 3743 1069 moribus

2181 1111 2412 1169 prosunt
2451 1103 2557 1156 illa:
2603 1103 2670 1157 de
2701 1103 3060 1169 Eucharistia,
3097 1116 3150 1159 et
3182 1104 3251 1160 de
3289 1104 3657 1168 Providentia,
3694 1114 3746 1162 et

2177 1190 2245 1245 de
2275 1191 2624 1259 sempiternis
2653 1193 2919 1247 scelerum
2947 1195 3164 1263 poenis?

2249 1280 2337 1336 IV.
2398 1283 2786 1339 Controversia:
2831 1286 3034 1355 aliquot
3083 1288 3146 1340 de
3196 1288 3585 1357 amphilochiis.
3641 1289 3745 1358 Age

2181 1390 2310 1430 vero
2340 1376 2468 1446 quia
2515 1377 2617 1431 hoc
2646 1392 2784 1446 opus
2825 1378 2893 1433 ad
2926 1379 3369 1449 Amphilochium
3403 1379 3568 1435 scribi
3601 1379 3742 1434 vide-

2180 1481 2321 1532 mus,
2381 1484 2543 1523 nemo
2583 1469 2886 1536 existimet,
2937 1487 3098 1527 omne
3152 1473 3202 1527 id
3253 1472 3496 1542 quaesitis
3549 1473 3616 1526 ab
3647 1471 3746 1527 hoc

2177 1558 2397 1614 homine
2432 1560 2570 1616 forte
2602 1562 2897 1632 propositis
2929 1563 3278 1632 respondere.
3345 1563 3439 1617 Est
3475 1563 3619 1617 enim
3663 1562 3746 1617 hic

2179 1651 2439 1706 solemnis
3019 1670 3159 1719 mos,
3216 1665 3275 1710 ut
3322 1656 3392 1708 ob
3423 1653 3744 1723 captandam

2179 1743 2449 1799 scribendi
2479 1760 2691 1808 ansam,
2716 1762 2830 1801 rem
2854 1748 3127 1818 ejusmodi
3165 1750 3390 1817 lingant.
3444 1745 3537 1799 Sic
3581 1745 3746 1800 Euse-

2176 1836 2327 1891 bium
2367 1839 2713 1895 simulavisse
2755 1852 2907 1910 pulo,
2944 1841 3073 1895 dum
3118 1841 3183 1896 ad
3222 1839 3560 1910 Stephanum
3593 1839 3747 1894 Mari-

2177 1941 2417 1996 numqne
2456 1912 2746 1984 scriberet.
2815 1929 2908 1984 Sic
2951 1929 3278 1986 Theodorus
3309 1929 3744 2001 Mopsuestenus,

2175 2027 2316 2074 teste
2349 2018 2616 2075 Ehediesu
2667 2021 2722 2075 in
2765 2020 3050 2092 Catalogo,
3095 2022 3311 2092 singula
3361 2038 3528 2092 prope
3589 2035 3745 2092 opera

2176 2109 2241 2162 ad
2270 2109 2475 2164 amicos
2509 2111 2678 2174 misit,
2709 2113 2869 2180 quasi
2903 2112 2972 2166 ab
3031 2111 3099 2167 iis
3139 2122 3363 2182 rogatus
3413 2112 3609 2167 fuisset
3651 2129 3664 2164 :
3697 2120 3749 2165 et

2176 2199 2257 2253 sic
2282 2199 2351 2252 ab
2373 2199 2494 2253 aliis
2521 2197 2776 2255 Ecclesiae
2796 2199 3074 2266 Patribus,
3118 2216 3219 2256 nec
3258 2217 3367 2255 non
3414 2217 3447 2256 a
3477 2200 3749 2270 scriptori-

2176 2292 2279 2346 bus
2343 2293 2577 2346 ethnicis
2625 2293 2936 2348 factitatum
2997 2294 3231 2350 scimus.
3272 2293 3530 2348 Profecto
3572 2289 3746 2346 Photii

2178 2386 2276 2438 has
2293 2383 2621 2452 qutestiones
2652 2400 2760 2440 non
2785 2385 2851 2440 ad
2894 2400 3065 2440 unum
3087 2383 3285 2440 missas
3313 2384 3488 2440 fuisse
3515 2385 3600 2438 vel
3630 2384 3750 2439 inde

2177 2483 2342 2543 patet,
2388 2475 2536 2543 quod
2595 2492 2658 2532 ex
2686 2477 2773 2531 his
2825 2478 3137 2546 complures
3173 2477 3227 2530 in
3288 2476 3541 2547 epistolis
3567 2478 3634 2531 ad
3659 2490 3750 2527 vs-

2177 2562 2292 2616 rios
2314 2566 2608 2617 tnittuntur
2631 2564 2918 2620 homines:
2944 2575 3058 2620 tum
3091 2566 3254 2620 etiam
3285 2568 3432 2636 quod
3465 2567 3570 2622 loci
3603 2566 3749 2621 multi

2177 2656 2232 2708 in
2266 2653 2690 2711 Commentariis
2722 2658 2940 2714 biblicis
2974 2674 3004 2712 a
3029 2657 3229 2714 Photio
3263 2659 3509 2723 tractati,
3559 2659 3750 2713 deinde

2177 2749 2230 2801 in
2260 2747 2627 2816 Amphilochia
2663 2751 2907 2806 translati
2944 2752 3185 2807 fuerunt.
3234 2752 3373 2823 Ergo
3401 2767 3477 2807 ex
3508 2753 3592 2807 his
3612 2761 3753 2807 recte

2176 2838 2541 2904 concluditur,
2600 2840 2855 2896 Photium
2907 2857 3032 2897 cum
3083 2843 3250 2898 multa
3290 2844 3344 2897 in
3372 2843 3648 2913 epistolis,
3701 2843 3751 2894 in

2157 2933 2756 3000 commentationibus,
2818 2935 2874 2989 in
2917 2935 3180 2999 homiliis,
3221 2935 3288 2990 de
3315 2950 3477 2990 sacra
3509 2934 3754 2989 doctrina

2180 3021 2566 3088 disseruisset,
2653 3024 2721 3078 ad
2786 3035 3092 3082 extremum
3150 3028 3412 3097 praeclare
3453 3036 3509 3081 et
3553 3026 3756 3080 utiliter

2179 3113 2506 3182 cogitavisse
2531 3115 2599 3169 de
2631 3116 2900 3172 universis
2953 3117 3176 3187 scriptis
3213 3118 3296 3175 his
3333 3117 3386 3172 in
3428 3134 3601 3172 ttnum
3639 3132 3758 3172 cor-

2177 3221 2280 3275 pus
2306 3207 2726 3274 coaeervandis;
2765 3209 2913 3278 quod
2941 3224 3065 3264 cum
3091 3210 3333 3263 mitteret
3364 3209 3597 3264 honoris
3632 3222 3759 3277 ergo

2178 3296 2242 3349 ad
2274 3296 2509 3352 amicum
2546 3300 3018 3368 Amphilochium,
3061 3316 3261 3356 nomen
3303 3301 3434 3356 inde
3471 3301 3759 3357 subortum

2175 3396 2278 3454 est,
2314 3389 2397 3443 vel
2442 3389 2621 3445 Photii
2678 3392 2855 3461 ipsius
2915 3393 3001 3447 vel
3051 3403 3394 3462 posterorum
3454 3394 3760 3457 voluntate,

2175 3477 2566 3547 Amphilochia.
2601 3481 2823 3537 Jamdiu
2875 3483 3096 3552 quidem
3131 3485 3407 3540 dubitavit
3445 3485 3760 3540 Fabricius

2175 3569 2288 3640 (2t)
2321 3587 2450 3626 num
2493 3582 2743 3628 auctores
2788 3584 3104 3630 catenarum
3136 3576 3584 3646 evangelicarum
3612 3578 3763 3630 locos

2179 3665 2380 3729 Photii,
2414 3680 2553 3733 quos
2591 3665 2889 3721 identidem
2923 3667 3226 3738 proferunt,
3261 3684 3343 3742 ,
3374 3667 3762 3739 Ampltilocltiis

2173 3759 2404 3812 mutuati
2426 3759 2555 3822 sint,
2607 3774 2678 3813 an
2713 3759 2897 3828 potius
2931 3761 3000 3814 ab
3038 3759 3286 3830 ejusdem
3332 3761 3430 3830 qui
3462 3759 3764 3831 aliquando

2171 3851 2480 3905 exStitet-int
2501 3850 2924 3907 Commentariis
2951 3840 3291 3923 evangelicis.
3326 3850 3444 3924 Ego
3470 3863 3765 3923 utrumque

2173 3941 2375 3997 factum
2399 3942 2622 4012 judico;
2673 3959 2851 4014 neque
2899 3945 3077 4000 solum
3120 3945 3219 4000 abs
3269 3953 3598 3999 catenarum
3667 3958 3765 3997 au-

2171 4040 2436 4104 ctoribus,
2469 4053 2658 4092 verum
2698 4038 2766 4091 ab
2800 4037 2919 4106 ipso
2948 4036 3143 4092 Photio
3179 4037 3469 4093 materiam
3514 4037 3763 4093 eamdem

2173 4148 2280 4186 non
2310 4146 2422 4186 uno
2452 4130 2507 4184 in
2536 4130 2658 4184 loco
2683 4145 2859 4199 neque
2893 4129 3060 4185 semel
3091 4138 3410 4199 usurpatam
3477 4129 3763 4185 existimo.

2170 4224 2304 4279 Nam
2337 4232 2391 4279 et
2421 4225 2473 4278 in
2505 4223 2716 4278 catenis
2766 4238 2958 4291 reapse
2990 4223 3174 4292 plures
3226 4222 3330 4277 loci
3369 4221 3638 4278 Pbotiani
3669 4237 3765 4276 oc-

2171 4326 2420 4382 currunt,
2476 4317 2571 4387 qui
2628 4316 2684 4370 in
2745 4315 3151 4385 Amphilochiis,
3209 4331 3331 4385 qua:
3367 4332 3526 4371 nunc
3577 4315 3762 4371 omnia

2097 4417 2144 4474 )
2175 4407 2446 4470 novimus,
2487 4422 2594 4462 non
2640 4415 2982 4476 comparent.
3044 4403 3112 4459 Et
3157 4407 3376 4476 quidem
3403 4405 3761 4462 Scholiorutn

2171 4497 2349 4552 Photii
2401 4497 2468 4552 ad
2498 4495 2704 4552 Lucam
2761 4498 3090 4552 ineditorum
3151 4511 3252 4567 ego
3295 4497 3413 4567 ipse
3476 4498 3535 4553 in
3585 4498 3764 4569 prima

2174 4588 2336 4658 hujus
2381 4588 2672 4643 voluminis
2727 4587 2966 4643 editione
3017 4588 3294 4659 specimen
3360 4589 3597 4644 exhibui
3644 4597 3768 4660 post

2170 4679 2567 4748 Apollinarium
2605 4697 2619 4746 ;
2656 4680 2811 4748 plura
2844 4681 3096 4740 daturus.
3151 4680 3262 4736 nisi
3294 4681 3566 4753 pleraque
3597 4696 3770 4753 agno-

2171 4773 2370 4826 vissem
2403 4772 2458 4826 in
2492 4771 2875 4841 Amphilochiis
2922 4773 3007 4828 vel
3066 4773 3120 4827 in
3169 4771 3426 4842 Epistolis
3478 4789 3657 4844 prope
3699 4772 3768 4827 ad

2170 4865 2394 4919 verbum
2451 4867 2644 4935 repeti.
2700 4865 2876 4932 Quam
2923 4881 3040 4921 rem
3085 4874 3144 4920 ut
3181 4865 3486 4920 lectoribus
3513 4866 3770 4936 probem,

2172 4955 2382 5010 idoneis
2412 4955 2748 5026 argumentis
2767 4957 3104 5025 parcendum
3128 4970 3235 5009 non
3263 4967 3373 5012 est.

2242 5048 2296 5100 l.
2329 5046 2563 5102 Matthzei
2605 5047 2784 5103 locum
2825 5063 2904 5112 XI,
2950 5047 3037 5109 l7,
3069 5061 3178 5116 quo
3206 5046 3359 5101 aiunt
3397 5048 3565 5116 pueri
3622 5049 3775 5105 Ceci-

2171 5140 2347 5192 nimus
2379 5139 2544 5202 vobis,
2567 5149 2673 5193 etc.
2702 5139 3091 5208 interpretatur
3118 5138 3309 5194 iisdem
3328 5139 3523 5195 verbis
3538 5138 3774 5195 Photius

2174 5240 2287 5284 tum
2341 5231 2395 5285 in
2457 5231 2664 5286 Catena
2719 5229 2986 5286 Vaticana
3027 5233 3149 5286 cod.
3184 5231 3311 5294 758,
3337 5247 3392 5302 p.
3428 5232 3529 5298 28,
3567 5243 3689 5289 tum
3719 5233 3776 5288 in

2173 5323 2616 5393 Amphilochiana
2663 5323 2968 5393 quaestione
2994 5323 3084 5388 54,
3114 5338 3144 5378 a
3175 5322 3366 5378 Scotto
3391 5323 3576 5379 edita.

2240 5416 2294 5468 2.
2328 5413 2490 5470 Lucae
2518 5415 2672 5472 locus
2698 5430 2760 5484 ll,
2791 5416 2861 5472 35
2908 5433 2922 5471 :
2973 5415 3042 5470 Et
3093 5426 3241 5471 tuam
3295 5415 3472 5487 ipsius
3525 5419 3776 5473 animum

2171 5507 2536 5576 pertransibit,
2561 5519 2695 5576 ctc.,
2721 5508 3022 5566 illustratur
3047 5526 3077 5565 a
3108 5509 3305 5566 Photio
3335 5512 3531 5565 tumin
3561 5510 3778 5568 Catena
