3976 6222
215 341 298 401 37
1437 320 1440 322 ⁷
1575 339 2162 401 PROLEGOMENA.
2345 339 2348 342 ‘
3431 345 3504 408 38

223 452 496 508 Vaticana
530 446 654 504 cod.
688 445 922 516 1935,p.
955 444 1046 511 63,
1111 452 1226 499 tum
1277 445 1444 500 ctiam
1502 445 1556 503 in
1585 448 1812 518 Amphi-

1924 448 2027 502 τῶν
2059 449 2496 529 σταυρωσάντων
2547 449 2952 523 ἐπικαλούμενον
2999 453 3374 524 μυσάττεσθαι
3405 458 3505 527 τὴν

217 541 482 596 lochiana
513 537 819 610 quaestione
850 535 975 590 176.

275 634 351 687 .5.
383 631 517 692 Luc.
578 645 702 691 xm,
763 628 829 682 H
877 645 919 681 :.
953 625 1290 695 Respondeas
1347 627 1816 698 archisgttagogus.

217 722 390 778 Verbi
407 719 772 791 ἀποκρίνομαι
795 717 1044 771 unctiones
1065 717 1228 771 vat-ite
1251 718 1608 771 enucleantur
1628 733 1657 772 a
1685 717 1818 771 Pho-

221 812 302 873 ti_o
328 811 565 865 breviter
581 809 634 862 in
652 807 852 862 Catena
891 805 1148 860 Vaticana
1175 808 1324 870 1955,
1347 823 1399 877 p.
1417 807 1541 869 568,
1557 818 1670 861 ttnn
1695 823 1820 876 pro-

219 907 392 968 lixius
435 913 490 958 et
542 902 758 956 doctius
805 899 1331 970 inAmphilochiana
1373 916 1403 953 a
1447 916 1532 954 me
1561 902 1700 956 edita
1727 901 1818 956 21.

295 999 350 1050 4.
387 995 521 1050 Luc.
578 1009 691 1056 xvi,
743 992 835 1055 ‘26,
895 991 963 1047 de
1014 992 1248 1061 epulone
1289 1001 1342 1045 et
1389 992 1593 1045 Lazaro
1639 991 1818 1044 Photii

220 1091 385 1144 locus
418 1098 502 1141 est
532 1088 585 1140 in
621 1087 824 1140 Catena
856 1082 1122 1138 Vaticana
1149 1083 1272 1146 759,
1310 1099 1360 1152 p.
1398 1084 1487 1150 66,
1534 1083 1628 1153 qui
1676 1083 1818 1138 scri-

219 1181 379 1236 bitur
407 1180 462 1233 in
492 1178 724 1248 epistola
759 1177 900 1232 edita
931 1175 1023 1230 52.
1085 1175 1259 1230 Porro
1288 1185 1340 1230 et
1367 1177 1518 1230 locus
1552 1175 1817 1230 adversus

220 1271 486 1340 Origenis
548 1282 793 1334 errorem
839 1267 906 1320 de
939 1252 1117 1335 poenis
1175 1275 1528 1335 peccatorum
1589 1267 1817 1320 minime

219 1362 474 1424 aeternis,
523 1361 619 1430 qui
674 1359 872 1412 ibidem
926 1357 1117 1428 paucis
1147 1358 1332 1412 verbis
1363 1350 1634 1414 incatena
1662 1357 1818 1428 poni-

219 1464 336 1518 tur,
377 1454 447 1516 is,
471 1452 717 1521 inquam,
750 1449 1252 1517 prmtermittiturin
1283 1449 1511 1518 cpistola
1527 1448 1617 1513 52,
1643 1449 1736 1504 sed
1751 1450 1817 1504 de

217 1561 289 1600 eo
323 1545 558 1616 copiose.
581 1543 636 1596 in
666 1543 838 1611 prima
870 1540 1182 1596 disseritur.

298 1639 355 1694 5.
388 1637 521 1691 Luc.
561 1650 698 1698 xxu,
729 1632 796 1687 ’56
841 1649 853 1684 :
903 1630 1062 1684 Nunc
1088 1632 1177 1700 qui
1205 1631 1359 1685 liabet
1385 1617 1680 1696 sacculum,
1705 1639 1810 1685 etc.

219 1730 440 1785 Locum
489 1728 640 1782 hunc
669 1734 863 1780 tractat
896 1723 1122 1778 Photius
1159 1725 1213 1778 in
1251 1721 1451 1776 Catena
1483 1720 1606 1776 Vat.
1652 1722 1810 1787 1955,

219 1839 281 1893 p.
339 1821 492 1886 557,
557 1821 795 1888 itemque
859 1815 1195 1886 amplissime
1246 1814 1296 1867 in
1359 1795 1889 1882 AmpliilochianaB

215 1914 408 1986 prima
437 1912 738 1981 quaestione
769 1909 956 1966 iisdem
984 1906 1100 1960 fere
1135 1905 1319 1959 verbis
1345 1913 1523 1957 utens.

240 2019 248 2025 '
291 2004 356 2058 6..
387 2002 519 2057 Luc.
553 2017 690 2063 xxii,
712 2000 802 2061 44,
835 1999 1013 2052 locum
1037 1997 1104 2050 de
1125 1995 1324 2048 sudore
1355 1993 1556 2048 Christi
1581 1993 1810 2062 sangui-

216 2106 358 2158 neo,
389 2092 441 2143 in
455 2090 704 2146 eamdem
729 2089 1052 2141 sententiam
1102 2085 1405 2152 iisdemque
1435 2083 1617 2138 verbis
1637 2083 1812 2154 expli-

216 2194 312 2238 cat
364 2183 746 2236 Photius'tum
777 2182 832 2234 in
875 2178 1094 2234 Catenis
1116 2176 1238 2230 Vat.
1273 2177 1400 2242 759,
1463 2192 1518 2246 p.
1562 2176 1704 2243 2H;
1755 2183 1812 2231 et

217 2274 394 2338 195⁸5,
420 2288 475 2343 p.
509 2272 636 2334 562,
665 2280 780 2326 tum
811 2272 864 2326 in
890 2269 1120 2338 cpistola
1146 2267 1268 2322 158.

233 2402 244 2410 .
295 2365 354 2418 7.
387 2363 522 2418 an.
551 2378 739 2428 .xxui,
777 2362 871 2416 25.
933 2360 1162 2423 Disserit
1203 2358 1434 2425 Photius
1499 2359 1553 2411 in
1602 2357 1808 2412 Catena

217 2456 354 2511 Vat.
384 2457 512 2518 758,
546 2472 598 2525 p.
644 2453 732 2520 78,
777 2455 844 2508 de
868 2453 1072 2506 Christi
1122 2452 1389 2521 sanguine
1421 2450 1813 2520 redemptionis

219 2548 429 2617 pretio,
462 2547 607 2616 quod
649 2546 828 2614 ipsum
877 2545 1073 2599 iisdem
1122 2543 1234 2597 fere
1280 2540 1465 2607 verbis
1508 2543 1568 2594 lit
1607 2541 1660 2593 in
1696 2542 1816 2592 Ain-

221 2639 585 2710 pltiloch'talsa
613 2637 682 2691 24

297 2731 355 2784 8.
407 2728 539 2782 Luc.
572 2743 720 2790 xxw,
752 2725 840 2786 3|,
889 2723 1052 2778 verba
1089 2723 1270 2792 Apertt'
1304 2731 1426 2775 sunt
1458 2721 1600 2774 oculi
1631 2737 1811 2774 eorum

221 2824 428 2878 eodem
479 2822 640 2874 modo
686 2819 1036 2888 explicantur
1068 2831 1098 2870 a
1129 2817 1328 2870 Pbotio
1373 2815 1426 2867 in
1452 2813 1655 2867 Catena
1690 2813 1810 2867 Vat.

221 2914 362 2976 759,
411 2909 626 2981 p.‘253,
681 2919 846 2977 atque
899 2909 950 2959 in
1001 2905 1462 2975 Amphilochiana
1512 2904 1815 2972 quaestione

223 3004 474 3060 nondum
502 3001 645 3056 edita
681 2999 769 3052 Ην.

301 3092 356 3146 ’9.
394 3091 527 3144 Luc.
564 3105 722 3150 xxiii,
749 3087 838 3148 50,
870 3089 936 3141 de
959 3084 1199 3154 Josepbo
1228 3084 1296 3138 ab
1328 3083 1655 3137 Arimathtea
1688 3098 1813 3136 nar-

223 3184 378 3238 ratio
423 3191 506 3235 est
551 3187 691 3248 apud
721 3179 974 3233 Pbotium
1013 3177 1167 3230 initio
1192 3173 1443 3242 epistolae
1467 3175 1556 3228 9|.
1615 3174 1815 3228 Verum

217 3277 424 3328 vadem
461 3273 722 3328 scribitur
764 3275 816 3326 in
845 3271 1046 3326 Catena
1073 3254 1348 3331 Vat.»759,
1383 3265 1580 3336 p.244.
1636 3267 1814 3334 Atque

213 3363 450 3435 ego‘vix
476 3365 672 3418 dubito
701 3364 833 3432 quin
867 3377 930 3415 ex
968 3362 1054 3414 illa
1090 3359 1270 3413 Photii
1318 3358 1580 3411 Oratione
1612 3357 1664 3408 in
1712 3355 1820 3409 Do-

230 3455 373 3510 mini
407 3454 772 3524 sepulturam,
801 3466 965 3521 quam
997 3449 1360 3504 Combefisius
1399 3446 1611 3530 manu
1637 3444 1818 3498 Maza-

217 3548 462 3602 ‘riniano
497 3546 687 3601 codice
714 3544 867 3609 vidit,
887 3542 980 3597 sed
1009 3542 1134 3610 quia
1159 3540 1376 3596 carebat
1404 3538 1628 3592 exordio
1659 3536 1822 3591 edere

229 3640 434 3700 noluit.
467 3640 558 3692 vix
605 3639 825 3706 inquam
861 3635 1049 3688 dubito
1074 3633 1226 3707 quin
1253 3633 1358 3686 hoc
1391 3629 1572 3683 Photii
1603 3629 1822 3696 elegans

229 3732 696 3800 ἀποσπασμάτιον
744 3728 811 3782 de
853 3725 1092 3794 Josepho
1143 3726 1211 3777 ab
1240 3724 1568 3776 Arimathaza
1602 3719 1824 3774 Vatica-

230 3842 348 3882 nus
380 3823 688 3894 eclogarius
719 3819 1090 3888 :decerpscrit.
1124 3816 1293 3887 quod
1333 3813 1650 3880 Speciminis
1703 3814 1822 3866 loco

233 3934 352 3973 non
397 3932 484 3970 me
525 3917 670 3986 piget
703 3912 1034 3967 exscribere.
1087 3907 1272 3976 Pergit
1310 3908 1456 3970 enim
1484 3906 1554 3960 ad
1586 3904 1820 3958 Pilatum

212 4006 534 4075 Josephus,
574 4017 810 4071 cumque
836 4009 891 4054 ut
923 3999 1025 4054 sibi
1063 3997 1270 4053 Christi
1315 4011 1518 4064 corpus
1558 3992 1824 4048 concedat

234 4099 547 4167 composita
577 4095 824 4164 oratione
861 4093 941 4148 sic
994 4093 1318 4158 deprecatur
1349 4088 1481 4150 εΔός
1511 4104 1624 4157 μοι,
1657 4085 1824 4155 φησιν

233 4196 266 4245 ὁ
311 4191 532 4261 Ἰωσὴφ,
565 4190 616 4241 εἰ
656 4186 866 4257 βούλει,
898 4183 1072 4252 θάψαι
1120 4183 1212 4234 τὸν
1256 4181 1447 4252 νεκρὸν
1481 4179 1577 4245 τοῦ
1623 4177 1822 4248 Ἰησοῦ,

234 4285 300 4338 ὃν
329 4286 380 4337 oi
418 4281 651 4350 γνωστοὶ
683 4280 884 4339 πάντες
921 4275 1129 4346 ᾤχοντο
1162 4272 1578 4335 καταλιπόντες,
1611 4264 1672 4322 οὗ
1696 4269 1825 4322 πολ-

205 4375 323 4427 ’λοὶ
355 4373 454 4441 μὲν
486 4370 780 4440 συνέρρεον
810 4367 904 4419 ἐπὶ
921 4365 1000 4436 τῷ
1029 4363 1196 4418 πάθει
1221 4363 1432 4426 θεαταὶ,
1455 4361 1552 4414 νῦν
1573 4361 1618 4414 δ’
1647 4359 1822 4420 οὐδεὶς
1849 4387 1892 4446 c

237 4465 567 4534 ὑπέμεινεν,
623 4459 744 4512 οὐδὲ
791 4457 902 4511 τῶν
932 4456 1123 4525 φίλων,
1176 4453 1582 4522 ὲνταφιαστήςο
1626 4450 1824 4505 ἄπεστί

238 4573 327 4608 σοι
349 4553 514 4622 φόὸος
549 4549 830 4620 βασιλείας
855 4563 868 4578 ⁸
898 4547 1165 4616 τέθνηκεν
1197 4547 1226 4598 ὁ
1259 4544 1322 4597 τὸ
1362 4543 1565 4614 κράτος
1598 4542 1698 4611 μὲν
1723 4541 1824 4610 τῆς

205 4662 207 4664 ’
237 4646 489 4715 ἔξουσίας
517 4644 766 4716 ἁρπάσαι
793 4637 1293 4710 κατηγορούμενος,
1335 4635 1500 4705 μέχρι
1520 4633 1577 4685 δὲ
1604 4632 1698 4685 καὶ
1725 4632 1824 4684 αύ-

235 4742 339 4811 τῆς
370 4738 704 4810 προφάσεως
733 4733 912 4795 άθῶος
961 4730 1148 4800 ὀφθεὶς
1205 4727 1408 4789 παντὸς
1447 4725 1823 4794 ἀδικήματοςο

193 4835 198 4839 ’
233 4832 297 4885 ὃν
328 4828 776 4900 προφητοκιόνος
807 4822 1029 4890 γλῶσσα
1053 4821 1145 4873 κα)⁸
1172 4817 1324 4888 φωνὴ
1353 4816 1451 4870 καὶ
1487 4820 1688 4887 χεῖρες,
1722 4813 1818 4866 σοῦ

235 4923 526 4984 δοκοῦντος
561 4920 751 4992 φέρειν
778 4913 1303 4985 φιλανθρωποτέραν
1327 4910 1528 4980 ψῆφον,
1561 4907 1667 4961 ὑπὸ
1695 4906 1822 4976 κρί-

237 5035 324 5070 σιν
353 5017 565 5086 ἦγαγον
596 5011 857 5066 θανάτου’
890 5007 981 5070 δός
1011 5022 1104 5077 μοι
1129 5005 1291 5075 χάριν
1325 5004 1631 5071 ὁμολογεῖν,
1662 5000 1730 5053 δι’
1755 4995 1823 5070 ἦς

237 5109 466 5180 ἐτέρους
515 5105 669 5159 οὐδὲν
715 5102 971 5172 ζημιοῖςο
1007 5099 1131 5152 οὐδὲ
1181 5097 1292 5167 γὰρ
1340 5095 1450 5150 οὐδ’
1484 5095 1512 5147 ὁ
1539 5093 1648 5146 τῶν
1689 5092 1823 5145 Ἰου-

235 5202 410 5256 δαίων
455 5198 613 5269 δχλος
647 5195 934 5250 ἀνιάσεται
969 5194 1039 5262 γῇ
1069 5189 1337 5260 μαθόντες
1368 5187 1458 5241 τὸν
1493 5185 1689 5256 ἐχθρὸν
1719 5201 1824 5236 κα-

235 5291 600 5360 λυπτόμενον.
625 5285 845 5340 Μᾶλλον
877 5285 974 5356 μὲν
1012 5277 1106 5337 οὖν
1141 5279 1560 5355 δυσχεραίνουσι
1605 5276 1702 5330 καὶ
1733 5293 1822 5326 νε-

239 5385 374 5455 κρὸν
424 5381 518 5434 τὸν
550 5378 641 5433 ὑπ’
681 5377 864 5432 αὐτῶν
909 5375 1242 5447 μισούμενον
1288 5373 1619 5443 βλέποντεςο
1663 5367 1824 5421 τοῦτο

244 5477 344 5545 μὲν
391 5474 496 5542 τὴν
541 5471 722 5524 αὐτῶν
769 5468 1082 5541 μιαιφονίαν
1121 5465 1199 5536 τῷ
1249 5463 1468 5534 σταυρῷ
1525 5460 1820 5533 θριαμῦεύο

239 5584 395 5629 οντα,
422 5564 582 5617 τοῦτο
603 5562 658 5615 δὲ
687 5561 796 5615 τῶν
829 5559 1085 5629 ὁρώντων
1107 5559 1196 5612 τὸν
1243 5557 1392 5610 ἔλεον
1435 5555 1685 5618 ἕλκοντα,
1732 5553 1828 5605 καὶ

312 5682 426 5753 (ἳῖζ
463 5681 685 5753 Auctar.
709 5696 826 5753 nov,
864 5677 975 5753 PP;
1003 5694 1058 5748 p.
1090 5675 1258 5753 _1605.

1926 539 2219 610 ὠμότητα·
2260 540 2384 595 οὐδὲ
2425 541 2854 613 τὴν-Καίσαρος
2907 544 3244 599 ἐπισείσουσι
3301 545 3505 616 φιλίαν,

1927 630 2041 684 Οὐκ
2065 625 2118 683 εἴ
2149 630 2322 700 φίλος,
2349 631 2623 701 λέγοντες,
2663 633 2754 688 τοῦ
2788 634 3087 705 Καίσαρος,
3119 638 3168 690 εἰ
3193 639 3393 709 νεκράν
3421 639 3506 692 δίο

1925 718 2030 781 δως
2062 722 2129 790 τῇ
2157 723 2226 791 γῇ
2272 721 2702 793 κατορύττεσθαι
2726 738 2741 752 ⁸
2766 724 3199 794 ἀπροφάσιστος,
3229 729 3278 779 εἰ
3323 727 3504 796 βούλει

1931 809 2170 880 μόνον,ὴ
2205 810 2488 882 πλήρωσις
2539 813 2640 882 τῆς
2689 814 2984 883 αἰτήσεως.
3015 815 3240 878 Τούτοις
3282 817 3381 887 τὴν
3409 819 3504 871 τ-ιῦ

1928 901 2160 954 Πιλάτου
2192 903 2516 973 κατεπᾴδων
2540 903 2743 974 ψυχὴν,
2760 907 3018 975 τυγχάνει
3045 907 3138 960 τοῦ
3160 910 3388 973 σκοποῦ,
3412 912 3506 964 καὶ

1925 991 2190 1061 λαμϐάνει
2223 993 2548 1066 καθαιρόὶὲν
2601 995 2666 1048 τὸ
2695 996 2854 1064 σῶμα
2905 997 2998 1051 τοῦ
3047 998 3244 1070 Ἰησοῦ,
3279 1002 3375 1055 καὶ⁸
3405 1005 3506 1070 τῆς

1927 1085 2191 1154 συνήθους
2213 1085 2355 1151 ἀξιοῖ
2382 1085 2681 1156 φροντίδος.

1996 1172 2062 1228 ν.
2122 1174 2373 1230 Jamvero
2425 1185 2485 1230 ut
2539 1193 2568 1230 a
2616 1177 2797 1247 seipso
2841 1180 3009 1233 multa
3060 1180 3364 1248 sumpsisse
3387 1178 3500 1252 (25)

1926 1264 2178 1321 Pbotium
2220 1267 2470 1322 vidimus
2521 1269 2670 1338 (nam
2699 1269 2857 1337 plura
2900 1271 3060 1326 nobis
3109 1273 3364 1342 persequi
3391 1288 3498 1327 non

1923 1355 2195 1429 vacabat),
2220 1359 2290 1414 ita
2317 1374 2440 1413 eum
2477 1375 2582 1412 non
2612 1375 2783 1429 pauca
2806 1376 3025 1430 quoque
3056 1363 3125 1417 ab
3153 1364 3294 1428 aliis,
3312 1380 3410 1434 pro
3439 1381 3499 1419 re

1922 1458 2050 1502 nata
2081 1449 2164 1502 vel
2198 1459 2356 1519 prout
2384 1450 2649 1504 institutae
2681 1467 2795 1506 sua:
2824 1453 3144 1522 scriptionis
3199 1456 3340 1509 ratio
3395 1470 3500 1526 p0-

1921 1541 2125 1604 scebat,
2144 1539 2308 1594 tacito
2325 1541 2749 1608 licet§aucturum
2770 1543 3008 1609 nomine,
3029 1546 3329 1612 sumpsisse
3344 1561 3498 1600 com-

1920 1631 2182 1701 perimus.
2239 1631 2297 1685 In
2351 1631 2577 1685 exordio
2629 1631 2948 1700 quaeSIionis
2993 1634 3058 1687 de
3119 1635 3497 1691 voluntatibus

1920 1724 2206 1795 gnomicis,
2235 1723 2310 1778 ait
2332 1723 2560 1777 Photius
2586 1738 2643 1778 se
2675 1724 2876 1778 idcirco
2898 1724 3493 1781 hanclucuhrationem

1923 1817 2211 1879 instruere,
2237 1815 2365 1884 quia
2396 1828 2554 1868 nemo
2586 1830 2616 1869 e
2660 1815 2866 1870 sanctis
2901 1815 3190 1886 dignisque
3228 1819 3494 1888 obsequio

1915 1907 2170 1962 Patribus
2223 1923 2343 1962 eam
2389 1907 2455 1961 ad
2508 1907 2767 1976 liquidam
2805 1908 3165 1976 perduxisset,
3201 1912 3282 1964 vel
3330 1912 3495 1981 quid-

1915 2015 2080 2069 quam
2115 1999 2257 2068 frugi
2276 1999 2342 2054 de
2380 2000 2482 2053 hoc
2524 2007 2852 2068 argumento
2883 1999 3128 2060 dixisset.
3154 2014 3352 2070 magno
3377 2001 3494 2055 Ma-

1916 2093 2065 2145 ximo
2087 2102 2338 2159 excepto.
2391 2090 2562 2144 Porro
2606 2091 2790 2144 statim
2827 2089 3055 2143 thius
3094 2090 3253 2158 plane
3275 2090 3341 2144 ad
3372 2106 3497 2145 ver-

1915 2182 2043 2236 bum
2066 2181 2308 2251 expilare
2340 2181 2530 2251 incipit
2574 2182 2750 2237 saucti
2777 2179 3006 2235 Joannis
3024 2179 3496 2249 Datnasccniolius

1915 2274 1983 2327 de
2027 2272 2134 2326 ﬁde
2179 2274 2512 2343 orthodoxa,
2564 2286 2862 2342 suppresso
2908 2271 3152 2326 auctoris
3198 2271 3496 2340 operisque

1917 2363 2305 2430 titulozquam
2360 2376 2474 2414 rem
2520 2360 2934 2429 deprehendere
2991 2359 3116 2412 licet
3173 2369 3496 2429 comparato

1915 2451 2096 2506 Photii
2121 2460 2270 2505 textu
2328 2467 2451 2506 cum
2483 2449 2822 2505 Damasceno
2857 2449 3104 2518 chuinii
3145 2457 3185 2502 t.
3216 2448 3257 2514 1,
3297 2466 3348 2518 p.
3397 2450 3493 2504 187

1917 2560 2070 2613 ιιι-(ιιι.
2103 2542 2312 2613 Nequid
2346 2531 2412 2598 de
2442 2543 2717 2597 Anastasii
2766 2540 2990 2596 Sinaitae
3039 2540 3255 2610 Hodego
3288 2543 3494 2608 dicam,

1916 2636 2075 2703 cujus
2109 2651 2262 2704 aeque
2291 2634 2640 2711 deﬁnitiones
2671 2634 2810 2687 clam
2852 2632 3079 2686 Photius
3114 2633 3312 2686 sectati
3343 2633 3496 2686 vide—

1909 2722 2025 2783 tur.
2081 2727 2278 2795 Utique
2336 2726 2564 2781 Photius
2616 2726 2666 2779 in
2704 2725 3158 2794 Amphilochiana
3196 2725 3496 2794 quaestione

1915 2819 2005 2885 40,
2043 2833 2318 2888 anonymo
2371 2826 2594 2871 auctore
2643 2832 2703 2871 se
2757 2818 2833 2869 uti
2877 2816 3029 2877 dicit,
3065 2831 3226 2884 quem
3290 2813 3494 2868 Dama-

1907 2904 2148 2964 'scenutﬂ
2190 2908 2592 2978 intelligendum
2625 2922 2746 2962 esse
2793 2906 3108 2976 tempestive
3151 2907 3364 2958 monuit
3394 2920 3496 2959 nos

1919 2999 2096 3053 Photii
2132 3000 2404 3067 interpres
2438 2999 2508 3052 cl.
2543 2998 2787 3052 Scottus.
2847 2997 3218 3062 Qumstionem
3267 2996 3496 3064 Amphi-

1919 3092 2231 3147 lochianain
2257 3091 2655 3160 amplissimam
2692 3091 2817 3155 149,
2857 3090 2924 3169 tie
2947 3089 3072 3142 vita:
3101 3087 3334 3141 termino
3371 3086 3496 3139 uni-

1919 3196 2132 3236 versam
2168 3182 2316 3234 nullo
2346 3181 2514 3234 vcrho
2542 3187 2879 3233 commutato
2916 3176 3145 3231 Phetius
3181 3192 3208 3229 e
3241 3176 3497 3230 Germani

1921 3273 2245 3343 patriarcha:
2275 3289 2416 3342 penu
2449 3273 2516 3324 ad
2547 3285 2606 3326 se
2633 3271 2776 3324 clam
2811 3269 3109 3323 transtulit.
3179 3268 3315 3322 Item
3348 3283 3501 3337 quae-

1922 3363 2250 3418 stiunculam
2284 3362 2388 3417 152
2423 3365 2490 3416 de
2531 3362 2870 3416 obscuritate
2910 3359 2969 3414 S.
3009 3359 3308 3428 Seripturte
3339 3359 3504 3413 tacite

1922 3456 1988 3510 ad
2019 3457 2244 3510 verbum
2270 3455 2505 3524 sumpsit
2537 3452 2771 3507 Photius
2817 3469 2847 3506 e
2888 3452 3240 3524 Polychronii
3276 3453 3502 3521 prologo

1921 3547 1988 3599 ad
2011 3543 2210 3599 Jobttm
2245 3562 2258 3599 :
2295 3559 2417 3613 qua:
2439 3543 2620 3598 brevis
2660 3542 2984 3606 lucubratio,
3019 3541 3148 3611 quia
3182 3556 3289 3594 non
3322 3549 3505 3595 exstat

1923 3652 2048 3690 cum
2092 3636 2302 3690 caateris
2335 3633 2681 3704 Polychronii
2719 3633 2785 3686 ad
2805 3631 3007 3686 Jobum
3037 3633 3334 3702 excerptis,
3364 3649 3504 3686 ante

1925 3729 2158 3783 libenter
2205 3727 2350 3780 edita
2395 3726 2513 3782 fuit.
2591 3725 2836 3794 Denique
2881 3725 3243 3794 quzestionem
3298 3724 3400 3778 154
3439 3725 3506 3778 de

1928 3819 2092 3873 variis
2139 3817 2437 3871 Bibliorum
2497 3833 2786 3872 sacrorum
2845 3817 3178 3872 cditionibus
3243 3819 3404 3871 tacite
3437 3819 3506 3871 azl

1924 3911 2152 3964 verbum
2183 3909 2477 3979 exscripsit
2529 3910 2756 3964 Photius
2809 3924 2872 3962 ex
2908 3909 3048 3961 edita
3089 3909 3507 3977 pseudo-Atha-

1926 4002 2067 4056 nasii
2108 4002 2432 4070 quaestione,
2469 4001 2584 4054 sive
2617 4000 2781 4054 etiam
2817 4016 2877 4052 ex
2916 3999 3204 4068 Epiphanii
3233 3998 3504 4052 Panario:

1928 4093 1978 4146 id
2013 4091 2157 4160 quod
2180 4106 2280 4160 ego
2310 4092 2574 4154 sentiens,
2606 4092 2874 4159 scriptum
2896 4092 3238 4159 praetermisi.
3272 4091 3509 4144 Caetero-

1926 4183 2019 4253 qui
2047 4199 2114 4237 ne
2142 4183 2362 4251 gravius
2391 4196 2654 4236 accusare
2686 4180 2946 4235 Pbotium
2980 4181 3190 4245 videar,
3240 4183 3342 4234 hoc
3365 4196 3505 4249 quo-

1926 4289 2035 4343 que
2086 4274 2487 4329 observandum
2545 4283 2662 4338 est,
2735 4269 2990 4325 Pbotium
3048 4271 3226 4341 ipsum
3293 4270 3344 4325 in
3405 4287 3508 4326 suo

1927 4363 2416 4434 Amp/tilocltiorunt
2461 4362 2761 4425 Prommio,
2824 4369 2937 4415 tum
2993 4361 3157 4415 etiam
3203 4363 3510 4431 quaestione

1927 4457 1968 4521 Ι,
2007 4471 2128 4526 cap.
2160 4456 2227 4510 i0
2257 4457 2389 4528 (quo
2417 4444 2694 4526 postremo
2738 4453 2862 4509 loco
2912 4455 2981 4508 de
3011 4454 3392 4522 superioribus
3420 4453 3511 4508 Bi-

1927 4547 2161 4602 bliorum
2183 4547 2572 4618 interpretibus
2590 4546 2730 4600 mira
2751 4561 2876 4600 cum
2898 4546 3203 4602 reverentia
3221 4546 3509 4618 loquitur),

1929 4641 2218 4695 manifeste
2259 4639 2462 4702 dicere,
2522 4655 2581 4694 se
2614 4639 2856 4707 acceptis
2883 4653 2949 4694 ex
2985 4639 3076 4693 illa
3118 4647 3391 4693 vetustate
3423 4655 3514 4693 se-

1928 4731 2192 4794 minibus,
2244 4731 2406 4800 longe
2455 4731 2826 4786 aecuratiores
2874 4730 3373 4786 contradictionum
3417 4746 3510 4785 su-

1930 4825 2169 4879 lutiones
2200 4822 2252 4876 in
2279 4821 2518 4876 medium
2552 4821 2818 4892 proferre.
2883 4821 3050 4894 quue
3083 4823 3265 4878 Photii
3302 4824 3509 4879 dictum

1931 4930 2108 4984 neque
2141 4913 2364 4978 falsum,
2408 4922 2464 4967 ut
2491 4920 2646 4982 puto,
2677 4929 2858 4985 neque
2889 4931 3151 4986 arrogans
3179 4926 3300 4983 est;
3332 4931 3512 4986 quan-

1931 5006 2221 5076 doquidem
2272 5005 2354 5059 hae
2403 5005 2582 5060 Photii
2627 5008 2962 5076 quaastiones
3019 5023 3116 5062 seu
3168 5007 3378 5062 biblicte
3414 5024 3509 5062 seu

1934 5097 2268 5166 theologicae,
2306 5097 2410 5150 etsi
2449 5112 2554 5151 non
2591 5113 2783 5152 omnes
2812 5099 2926 5167 pari
2958 5096 3198 5166 pondere
3230 5112 3293 5152 ac
3333 5097 3514 5168 digni-

1933 5199 2040 5245 tate
2073 5198 2222 5254 sunt,
2277 5198 2461 5244 tamen
2513 5197 2757 5244 veterum
2803 5189 3099 5244 multorum
3144 5191 3211 5244 de
3241 5189 3408 5243 simili
3444 5203 3507 5243 re

1934 5282 2321 5352 scriptionibus
2353 5290 2611 5352 praestare
2635 5281 2890 5336 videntur
2920 5300 2932 5337 :
2970 5291 3024 5336 et
3048 5281 3292 5352 quidem,
3319 5296 3513 5335 exem-

1930 5373 2005 5442 pli
2082 5371 2255 5442 gratia
2294 5411 2312 5436 ,
2401 5371 2735 5426 Caesarensis
2827 5370 3045 5426 Eusebii
3121 5369 3512 5442 qua'stionibus

1931 5461 2280 5531 evangelicis,
2353 5459 2651 5540 quominus
2699 5460 2799 5516 has
2838 5458 3132 5532 photianas
3188 5455 3512 5522 anteferam,

1934 5555 2116 5609 nullus
2147 5553 2387 5626 ambigo.

317 5739 437 5818 iis)
479 5752 541 5806 Id
567 5751 764 5807 fatetur
795 5749 912 5820 ipse
941 5739 1172 5804 Piiotius
1223 5760 1455 5818 prooem.
1513 5741 1850 5814 Amphiloch.
1894 5742 2034 5812 amid
2064 5742 2133 5798 cl.
2175 5739 2448 5796 Scottum.
