  <div class='ocr_page' id='page_1' title='image "/cluster/home/n/w/nwhite01/storage/ocr_20150623/101 pt.1/mdp.39015061955830/041.png"; bbox 0 0 3912 6218; ppageno 0'>
   <div class='ocr_carea' id='block_1_1' title="bbox 544 245 3739 326">
    <p class='ocr_par' dir='ltr' id='par_1_1' title="bbox 544 245 3739 326">
     <span class='ocr_line' id='line_1_1' title="bbox 544 245 3739 326; baseline 0.003 -25"><span class='ocrx_word' id='word_1_1' title='bbox 544 246 614 311; x_wconf 85' lang='lat'><strong>39</strong></span> <span class='ocrx_word' id='word_1_2' title='bbox 1688 247 1770 307; x_wconf 88' lang='lat' dir='ltr'><strong>IN</strong></span> <span class='ocrx_word' id='word_1_3' title='bbox 1798 245 2319 308; x_wconf 79' lang='lat' dir='ltr'><strong>AMPHILOCHIA</strong></span> <span class='ocrx_word' id='word_1_4' title='bbox 2356 248 2585 308; x_wconf 87' lang='lat' dir='ltr'><strong>PHOTI</strong></span> <span class='ocrx_word' id='word_1_5' title='bbox 2593 250 2620 308; x_wconf 92' lang='grc' dir='ltr'><strong>Ι</strong></span> <span class='ocrx_word' id='word_1_6' title='bbox 3675 263 3739 326; x_wconf 67' lang='lat'><strong>40</strong></span> 
     </span>
    </p>
   </div>
   <div class='ocr_carea' id='block_1_2' title="bbox 2117 363 2164 424">
    <p class='ocr_par' dir='ltr' id='par_1_2' title="bbox 2117 363 2164 424">
     <span class='ocr_line' id='line_1_2' title="bbox 2117 363 2164 424; baseline 0 0"><span class='ocrx_word' id='word_1_7' title='bbox 2117 363 2164 424; x_wconf 85' lang='lat' dir='ltr'><strong>V</strong></span> 
     </span>
    </p>
   </div>
   <div class='ocr_carea' id='block_1_3' title="bbox 788 471 3531 548">
    <p class='ocr_par' dir='ltr' id='par_1_3' title="bbox 788 471 3531 548">
     <span class='ocr_line' id='line_1_3' title="bbox 788 471 3531 548; baseline 0.005 -14"><span class='ocrx_word' id='word_1_8' title='bbox 788 471 1144 535; x_wconf 86' lang='lat' dir='ltr'><strong>EJUSDEM</strong></span> <span class='ocrx_word' id='word_1_9' title='bbox 1196 471 1429 533; x_wconf 77' lang='lat' dir='ltr'><strong>CARD.</strong></span> <span class='ocrx_word' id='word_1_10' title='bbox 1477 472 1627 532; x_wconf 83' lang='lat' dir='ltr'><strong>MAI</strong></span> <span class='ocrx_word' id='word_1_11' title='bbox 1672 471 2084 532; x_wconf 68' lang='lat' dir='ltr'><strong>PREFATIO</strong></span> <span class='ocrx_word' id='word_1_12' title='bbox 2123 474 2205 534; x_wconf 86' lang='lat' dir='ltr'><strong>IN</strong></span> <span class='ocrx_word' id='word_1_13' title='bbox 2261 472 2779 544; x_wconf 69' lang='lat' dir='ltr'><strong>QUIESTIONES</strong></span> <span class='ocrx_word' id='word_1_14' title='bbox 2819 478 3531 548; x_wconf 76' lang='lat' dir='ltr'><strong>AMPHILOCHIANAS</strong></span> 
     </span>
    </p>
   </div>
   <div class='ocr_carea' id='block_1_4' title="bbox 542 574 2085 658">
    <p class='ocr_par' dir='ltr' id='par_1_4' title="bbox 542 574 2085 650">
     <span class='ocr_line' id='line_1_4' title="bbox 542 574 2085 650; baseline -0.001 -13"><span class='ocrx_word' id='word_1_15' title='bbox 542 575 749 650; x_wconf 82' lang='lat' dir='ltr'><strong>QUAS</strong></span> <span class='ocrx_word' id='word_1_16' title='bbox 791 576 1078 638; x_wconf 72' lang='lat' dir='ltr'><strong>GRIECE</strong></span> <span class='ocrx_word' id='word_1_17' title='bbox 1107 575 1380 635; x_wconf 86' lang='lat' dir='ltr'><strong>EDIDIT</strong></span> <span class='ocrx_word' id='word_1_18' title='bbox 1409 575 1491 635; x_wconf 87' lang='lat' dir='ltr'><strong>IN</strong></span> <span class='ocrx_word' id='word_1_19' title='bbox 1521 574 2027 636; x_wconf 82' lang='lat' dir='ltr'><strong>SCRIPTORUM</strong></span> <span class='ocrx_word' id='word_1_20' title='bbox 2053 575 2085 635; x_wconf 58' lang='grc' dir='ltr'>ἶ</span> 
     </span>
    </p>
   </div>
   <div class='ocr_carea' id='block_1_5' title="bbox 2217 574 3735 658">
    <p class='ocr_par' dir='ltr' id='par_1_5' title="bbox 2222 577 3735 658">
     <span class='ocr_line' id='line_1_5' title="bbox 2222 577 3735 658; baseline 0.011 -19"><span class='ocrx_word' id='word_1_21' title='bbox 2222 623 2236 639; x_wconf 93' lang='grc'><strong>.</strong></span> <span class='ocrx_word' id='word_1_22' title='bbox 2269 577 2458 638; x_wconf 88' lang='lat' dir='ltr'><strong>NOV.</strong></span> <span class='ocrx_word' id='word_1_23' title='bbox 2493 578 2667 640; x_wconf 91' lang='lat' dir='ltr'><strong>COL.</strong></span> <span class='ocrx_word' id='word_1_24' title='bbox 2700 580 2772 638; x_wconf 90' lang='lat' dir='ltr'><strong>T.</strong></span> <span class='ocrx_word' id='word_1_25' title='bbox 2817 579 3020 654; x_wconf 85' lang='lat' dir='ltr'><strong>lX,P.</strong></span> <span class='ocrx_word' id='word_1_26' title='bbox 3058 585 3269 648; x_wconf 80' lang='grc'><strong>1-158.</strong></span> <span class='ocrx_word' id='word_1_27' title='bbox 3294 587 3735 658; x_wconf 68' lang='grc' dir='ltr'><strong>ΒΟΜΛΕ,1837.</strong></span> 
     </span>
    </p>
   </div>
   <div class='ocr_carea' id='block_1_6' title="bbox 613 695 2176 766">
    <p class='ocr_par' dir='ltr' id='par_1_6' title="bbox 613 695 2176 766">
     <span class='ocr_line' id='line_1_6' title="bbox 613 695 2176 766; baseline 0 -15"><span class='ocrx_word' id='word_1_28' title='bbox 613 697 688 752; x_wconf 91' lang='lat' dir='ltr'><strong>De</strong></span> <span class='ocrx_word' id='word_1_29' title='bbox 728 696 906 751; x_wconf 87' lang='lat' dir='ltr'><strong>Photii</strong></span> <span class='ocrx_word' id='word_1_30' title='bbox 949 695 1419 766; x_wconf 85' lang='lat' dir='ltr'><strong>Amphilochianis</strong></span> <span class='ocrx_word' id='word_1_31' title='bbox 1465 697 1857 766; x_wconf 72' lang='lat' dir='ltr'><strong>qumstionibus</strong></span> <span class='ocrx_word' id='word_1_32' title='bbox 1901 697 2098 766; x_wconf 90' lang='lat' dir='ltr'><strong>partim</strong></span> <span class='ocrx_word' id='word_1_33' title='bbox 2127 705 2176 760; x_wconf 77' lang='grc' dir='ltr'><strong>Α</strong></span> 
     </span>
    </p>
   </div>
   <div class='ocr_carea' id='block_1_7' title="bbox 539 785 2097 856">
    <p class='ocr_par' dir='ltr' id='par_1_7' title="bbox 539 785 2097 856">
     <span class='ocr_line' id='line_1_7' title="bbox 539 785 2097 856; baseline -0.001 -14"><span class='ocrx_word' id='word_1_34' title='bbox 539 789 700 843; x_wconf 79' lang='lat' dir='ltr'><strong>editis</strong></span> <span class='ocrx_word' id='word_1_35' title='bbox 747 787 940 856; x_wconf 97' lang='lat' dir='ltr'><strong>partim</strong></span> <span class='ocrx_word' id='word_1_36' title='bbox 987 786 1242 845; x_wconf 89' lang='lat' dir='ltr'><strong>ineditis.</strong></span> <span class='ocrx_word' id='word_1_37' title='bbox 1289 787 1464 855; x_wconf 85' lang='lat' dir='ltr'><strong>deque</strong></span> <span class='ocrx_word' id='word_1_38' title='bbox 1515 788 1755 856; x_wconf 88' lang='lat' dir='ltr'><strong>ipsarum</strong></span> <span class='ocrx_word' id='word_1_39' title='bbox 1795 785 1987 856; x_wconf 76' lang='lat' dir='ltr'><strong>viginti</strong></span> <span class='ocrx_word' id='word_1_40' title='bbox 2033 801 2097 840; x_wconf 78' lang='lat' dir='ltr'><strong>ex</strong></span> 
     </span>
    </p>
   </div>
   <div class='ocr_carea' id='block_1_8' title="bbox 539 876 2094 966">
    <p class='ocr_par' dir='ltr' id='par_1_8' title="bbox 539 876 2094 966">
     <span class='ocr_line' id='line_1_8' title="bbox 539 876 2094 966; baseline -0.003 -32"><span class='ocrx_word' id='word_1_41' title='bbox 539 880 725 934; x_wconf 85' lang='lat' dir='ltr'><strong>codice</strong></span> <span class='ocrx_word' id='word_1_42' title='bbox 742 877 1008 932; x_wconf 84' lang='lat' dir='ltr'><strong>Vaticano</strong></span> <span class='ocrx_word' id='word_1_43' title='bbox 1023 892 1054 931; x_wconf 89' lang='lat' dir='ltr'><strong>a</strong></span> <span class='ocrx_word' id='word_1_44' title='bbox 1077 893 1162 931; x_wconf 90' lang='lat' dir='ltr'><strong>me</strong></span> <span class='ocrx_word' id='word_1_45' title='bbox 1182 876 1507 945; x_wconf 80' lang='lat' dir='ltr'><strong>jampridem</strong></span> <span class='ocrx_word' id='word_1_46' title='bbox 1527 877 1837 966; x_wconf 51' lang='lat' dir='ltr'><strong>d&#39;gulgatis,</strong></span> <span class='ocrx_word' id='word_1_47' title='bbox 1862 876 2094 943; x_wconf 86' lang='lat' dir='ltr'><strong>abunde,</strong></span> 
     </span>
    </p>
   </div>
   <div class='ocr_carea' id='block_1_9' title="bbox 539 964 2095 1038">
    <p class='ocr_par' dir='ltr' id='par_1_9' title="bbox 539 964 2095 1038">
     <span class='ocr_line' id='line_1_9' title="bbox 539 964 2095 1038; baseline -0.001 -16"><span class='ocrx_word' id='word_1_48' title='bbox 539 979 600 1022; x_wconf 90' lang='lat' dir='ltr'><strong>ut</strong></span> <span class='ocrx_word' id='word_1_49' title='bbox 633 978 785 1038; x_wconf 89' lang='lat' dir='ltr'><strong>puto,</strong></span> <span class='ocrx_word' id='word_1_50' title='bbox 835 967 1067 1021; x_wconf 86' lang='lat' dir='ltr'><strong>disserui</strong></span> <span class='ocrx_word' id='word_1_51' title='bbox 1105 968 1157 1020; x_wconf 92' lang='lat' dir='ltr'><strong>in</strong></span> <span class='ocrx_word' id='word_1_52' title='bbox 1197 966 1493 1020; x_wconf 78' lang='lat' dir='ltr'><strong>voluminis</strong></span> <span class='ocrx_word' id='word_1_53' title='bbox 1540 964 1701 1035; x_wconf 82' lang='lat' dir='ltr'><strong>primi</strong></span> <span class='ocrx_word' id='word_1_54' title='bbox 1751 964 2095 1021; x_wconf 81' lang='lat' dir='ltr'><strong>Praefatione.</strong></span> 
     </span>
    </p>
   </div>
   <div class='ocr_carea' id='block_1_10' title="bbox 539 1057 2068 1125">
    <p class='ocr_par' dir='ltr' id='par_1_10' title="bbox 539 1057 2068 1125">
     <span class='ocr_line' id='line_1_10' title="bbox 539 1057 2068 1125; baseline -0.001 -14"><span class='ocrx_word' id='word_1_55' title='bbox 539 1057 692 1113; x_wconf 82' lang='lat' dir='ltr'><strong>Nunc</strong></span> <span class='ocrx_word' id='word_1_56' title='bbox 716 1059 1029 1112; x_wconf 85' lang='lat' dir='ltr'><strong>earumdem</strong></span> <span class='ocrx_word' id='word_1_57' title='bbox 1057 1057 1419 1125; x_wconf 66' lang='lat' dir='ltr'><strong>quaestionum</strong></span> <span class='ocrx_word' id='word_1_58' title='bbox 1446 1057 1826 1125; x_wconf 83' lang='lat' dir='ltr'><strong>apographum</strong></span> <span class='ocrx_word' id='word_1_59' title='bbox 1855 1073 1920 1110; x_wconf 83' lang='lat' dir='ltr'><strong>ex</strong></span> <span class='ocrx_word' id='word_1_60' title='bbox 1949 1057 2068 1110; x_wconf 81' lang='lat' dir='ltr'><strong>Vati</strong></span> 
     </span>
    </p>
   </div>
   <div class='ocr_carea' id='block_1_11' title="bbox 541 1145 2098 1214">
    <p class='ocr_par' dir='ltr' id='par_1_11' title="bbox 541 1145 2098 1214">
     <span class='ocr_line' id='line_1_11' title="bbox 541 1145 2098 1214; baseline -0.002 -11"><span class='ocrx_word' id='word_1_61' title='bbox 541 1164 679 1204; x_wconf 90' lang='lat' dir='ltr'><strong>cano</strong></span> <span class='ocrx_word' id='word_1_62' title='bbox 743 1149 935 1203; x_wconf 88' lang='lat' dir='ltr'><strong>codice</strong></span> <span class='ocrx_word' id='word_1_63' title='bbox 986 1157 1260 1214; x_wconf 89' lang='lat' dir='ltr'><strong>sumptum</strong></span> <span class='ocrx_word' id='word_1_64' title='bbox 1320 1145 1462 1199; x_wconf 80' lang='lat' dir='ltr'><strong>forte</strong></span> <span class='ocrx_word' id='word_1_65' title='bbox 1541 1156 1770 1213; x_wconf 89' lang='lat' dir='ltr'><strong>nactus,</strong></span> <span class='ocrx_word' id='word_1_66' title='bbox 1840 1148 2098 1200; x_wconf 87' lang='lat' dir='ltr'><strong>constitut</strong></span> 
     </span>
    </p>
   </div>
   <div class='ocr_carea' id='block_1_12' title="bbox 536 1235 2095 1310">
    <p class='ocr_par' dir='ltr' id='par_1_12' title="bbox 536 1235 2095 1310">
     <span class='ocr_line' id='line_1_12' title="bbox 536 1235 2095 1310; baseline -0.002 -16"><span class='ocrx_word' id='word_1_67' title='bbox 536 1241 772 1310; x_wconf 89' lang='lat' dir='ltr'><strong>denique</strong></span> <span class='ocrx_word' id='word_1_68' title='bbox 795 1237 1057 1308; x_wconf 87' lang='lat' dir='ltr'><strong>quidquid</strong></span> <span class='ocrx_word' id='word_1_69' title='bbox 1083 1235 1325 1306; x_wconf 66' lang='lat' dir='ltr'><strong>praeclari</strong></span> <span class='ocrx_word' id='word_1_70' title='bbox 1349 1235 1528 1304; x_wconf 90' lang='lat' dir='ltr'><strong>operis</strong></span> <span class='ocrx_word' id='word_1_71' title='bbox 1554 1236 1732 1290; x_wconf 88' lang='lat' dir='ltr'><strong>adhuc</strong></span> <span class='ocrx_word' id='word_1_72' title='bbox 1760 1237 2095 1307; x_wconf 75' lang='lat' dir='ltr'><strong>invulgatum</strong></span> 
     </span>
    </p>
   </div>
   <div class='ocr_carea' id='block_1_13' title="bbox 537 1325 2096 1399">
    <p class='ocr_par' dir='ltr' id='par_1_13' title="bbox 537 1325 2096 1399">
     <span class='ocr_line' id='line_1_13' title="bbox 537 1325 2096 1399; baseline -0.001 -15"><span class='ocrx_word' id='word_1_73' title='bbox 537 1339 838 1399; x_wconf 87' lang='lat' dir='ltr'><strong>supererat,</strong></span> <span class='ocrx_word' id='word_1_74' title='bbox 871 1329 1008 1398; x_wconf 86' lang='lat' dir='ltr'><strong>typis</strong></span> <span class='ocrx_word' id='word_1_75' title='bbox 1040 1325 1420 1390; x_wconf 84' lang='lat' dir='ltr'><strong>committere;</strong></span> <span class='ocrx_word' id='word_1_76' title='bbox 1451 1327 1692 1396; x_wconf 78' lang='lat' dir='ltr'><strong>exceptis</strong></span> <span class='ocrx_word' id='word_1_77' title='bbox 1727 1327 1816 1393; x_wconf 88' lang='lat' dir='ltr'><strong>iis,</strong></span> <span class='ocrx_word' id='word_1_78' title='bbox 1845 1343 1965 1397; x_wconf 64' lang='lat' dir='ltr'><strong>quae</strong></span> <span class='ocrx_word' id='word_1_79' title='bbox 1993 1329 2096 1383; x_wconf 88' lang='lat' dir='ltr'><strong>etsi</strong></span> 
     </span>
    </p>
   </div>
   <div class='ocr_carea' id='block_1_14' title="bbox 538 1418 2097 1488">
    <p class='ocr_par' dir='ltr' id='par_1_14' title="bbox 538 1418 2097 1488">
     <span class='ocr_line' id='line_1_14' title="bbox 538 1418 2097 1488; baseline 0.001 -14"><span class='ocrx_word' id='word_1_80' title='bbox 538 1422 752 1474; x_wconf 88' lang='lat' dir='ltr'><strong>titulum</strong></span> <span class='ocrx_word' id='word_1_81' title='bbox 815 1418 1303 1487; x_wconf 77' lang='lat' dir='ltr'><strong>Amphilochiorum</strong></span> <span class='ocrx_word' id='word_1_82' title='bbox 1365 1419 1662 1488; x_wconf 77' lang='lat' dir='ltr'><strong>gerebant,</strong></span> <span class='ocrx_word' id='word_1_83' title='bbox 1738 1420 2097 1476; x_wconf 83' lang='lat' dir='ltr'><strong>nihilominus</strong></span> 
     </span>
    </p>
   </div>
   <div class='ocr_carea' id='block_1_15' title="bbox 535 1507 2094 1579">
    <p class='ocr_par' dir='ltr' id='par_1_15' title="bbox 535 1507 2094 1579">
     <span class='ocr_line' id='line_1_15' title="bbox 535 1507 2094 1579; baseline -0.001 -14"><span class='ocrx_word' id='word_1_84' title='bbox 535 1511 680 1572; x_wconf 87' lang='lat' dir='ltr'><strong>alibi,</strong></span> <span class='ocrx_word' id='word_1_85' title='bbox 715 1518 842 1579; x_wconf 88' lang='lat' dir='ltr'><strong>puta</strong></span> <span class='ocrx_word' id='word_1_86' title='bbox 883 1509 1026 1562; x_wconf 90' lang='lat' dir='ltr'><strong>inter</strong></span> <span class='ocrx_word' id='word_1_87' title='bbox 1057 1507 1236 1562; x_wconf 86' lang='lat' dir='ltr'><strong>Photii</strong></span> <span class='ocrx_word' id='word_1_88' title='bbox 1281 1507 1577 1578; x_wconf 78' lang='lat' dir='ltr'><strong>Epistolas,</strong></span> <span class='ocrx_word' id='word_1_89' title='bbox 1616 1509 1729 1578; x_wconf 88' lang='lat' dir='ltr'><strong>jam</strong></span> <span class='ocrx_word' id='word_1_90' title='bbox 1763 1511 2094 1564; x_wconf 80' lang='lat' dir='ltr'><strong>exstabant:</strong></span> 
     </span>
    </p>
   </div>
   <div class='ocr_carea' id='block_1_16' title="bbox 530 1599 2095 1672">
    <p class='ocr_par' dir='ltr' id='par_1_16' title="bbox 530 1599 2095 1672">
     <span class='ocr_line' id='line_1_16' title="bbox 530 1599 2095 1672; baseline 0 -16"><span class='ocrx_word' id='word_1_91' title='bbox 530 1616 842 1672; x_wconf 83' lang='lat' dir='ltr'><strong>quanquam</strong></span> <span class='ocrx_word' id='word_1_92' title='bbox 895 1615 1003 1654; x_wconf 92' lang='lat' dir='ltr'><strong>non</strong></span> <span class='ocrx_word' id='word_1_93' title='bbox 1043 1600 1116 1654; x_wconf 89' lang='lat' dir='ltr'><strong>ita</strong></span> <span class='ocrx_word' id='word_1_94' title='bbox 1169 1599 1245 1652; x_wconf 82' lang='lat' dir='ltr'><strong>fui</strong></span> <span class='ocrx_word' id='word_1_95' title='bbox 1294 1614 1566 1665; x_wconf 87' lang='lat' dir='ltr'><strong>morosus,</strong></span> <span class='ocrx_word' id='word_1_96' title='bbox 1619 1607 1680 1653; x_wconf 91' lang='lat' dir='ltr'><strong>ut</strong></span> <span class='ocrx_word' id='word_1_97' title='bbox 1732 1599 1780 1654; x_wconf 91' lang='lat' dir='ltr'><strong>si</strong></span> <span class='ocrx_word' id='word_1_98' title='bbox 1831 1616 1920 1654; x_wconf 90' lang='lat' dir='ltr'><strong>res</strong></span> <span class='ocrx_word' id='word_1_99' title='bbox 1967 1601 2095 1656; x_wconf 86' lang='lat' dir='ltr'><strong>alibi</strong></span> 
     </span>
    </p>
   </div>
   <div class='ocr_carea' id='block_1_17' title="bbox 533 1691 2094 1756">
    <p class='ocr_par' dir='ltr' id='par_1_17' title="bbox 533 1691 2094 1756">
     <span class='ocr_line' id='line_1_17' title="bbox 533 1691 2094 1756; baseline -0.002 -8"><span class='ocrx_word' id='word_1_100' title='bbox 533 1696 828 1756; x_wconf 91' lang='lat' dir='ltr'><strong>interdum,</strong></span> <span class='ocrx_word' id='word_1_101' title='bbox 879 1692 1221 1747; x_wconf 86' lang='lat' dir='ltr'><strong>brevioribus</strong></span> <span class='ocrx_word' id='word_1_102' title='bbox 1276 1700 1371 1745; x_wconf 90' lang='lat' dir='ltr'><strong>aut</strong></span> <span class='ocrx_word' id='word_1_103' title='bbox 1430 1691 1658 1746; x_wconf 87' lang='lat' dir='ltr'><strong>diversis</strong></span> <span class='ocrx_word' id='word_1_104' title='bbox 1700 1692 1906 1754; x_wconf 85' lang='lat' dir='ltr'><strong>verbis,</strong></span> <span class='ocrx_word' id='word_1_105' title='bbox 1950 1693 2094 1747; x_wconf 87' lang='lat' dir='ltr'><strong>dicta</strong></span> 
     </span>
    </p>
   </div>
   <div class='ocr_carea' id='block_1_18' title="bbox 528 1780 2088 1853">
    <p class='ocr_par' dir='ltr' id='par_1_18' title="bbox 528 1780 2088 1853">
     <span class='ocr_line' id='line_1_18' title="bbox 528 1780 2088 1853; baseline -0.002 -13"><span class='ocrx_word' id='word_1_106' title='bbox 528 1786 612 1840; x_wconf 88' lang='lat' dir='ltr'><strong>vel</strong></span> <span class='ocrx_word' id='word_1_107' title='bbox 634 1785 952 1838; x_wconf 83' lang='lat' dir='ltr'><strong>adumbrata</strong></span> <span class='ocrx_word' id='word_1_108' title='bbox 980 1780 1194 1845; x_wconf 80' lang='lat' dir='ltr'><strong>fuisset,</strong></span> <span class='ocrx_word' id='word_1_109' title='bbox 1220 1796 1337 1835; x_wconf 89' lang='lat' dir='ltr'><strong>eam</strong></span> <span class='ocrx_word' id='word_1_110' title='bbox 1367 1782 1568 1836; x_wconf 90' lang='lat' dir='ltr'><strong>idcirco</strong></span> <span class='ocrx_word' id='word_1_111' title='bbox 1597 1783 2088 1853; x_wconf 75' lang='lat' dir='ltr'><strong>praetermitterem.</strong></span> 
     </span>
    </p>
   </div>
   <div class='ocr_carea' id='block_1_19' title="bbox 529 1873 2090 1943">
    <p class='ocr_par' dir='ltr' id='par_1_19' title="bbox 529 1873 2090 1943">
     <span class='ocr_line' id='line_1_19' title="bbox 529 1873 2090 1943; baseline -0.002 -13"><span class='ocrx_word' id='word_1_112' title='bbox 529 1877 778 1930; x_wconf 83' lang='lat' dir='ltr'><strong>Latinam</strong></span> <span class='ocrx_word' id='word_1_113' title='bbox 814 1882 993 1927; x_wconf 81' lang='lat' dir='ltr'><strong>autent</strong></span> <span class='ocrx_word' id='word_1_114' title='bbox 1022 1873 1385 1942; x_wconf 85' lang='lat' dir='ltr'><strong>quaestionum</strong></span> <span class='ocrx_word' id='word_1_115' title='bbox 1432 1874 1938 1943; x_wconf 90' lang='lat' dir='ltr'><strong>interpretationem</strong></span> <span class='ocrx_word' id='word_1_116' title='bbox 1981 1889 2090 1928; x_wconf 92' lang='lat' dir='ltr'><strong>non</strong></span> 
     </span>
    </p>
   </div>
   <div class='ocr_carea' id='block_1_20' title="bbox 527 1962 2088 2034">
    <p class='ocr_par' dir='ltr' id='par_1_20' title="bbox 527 1962 2088 2034">
     <span class='ocr_line' id='line_1_20' title="bbox 527 1962 2088 2034; baseline -0.001 -14"><span class='ocrx_word' id='word_1_117' title='bbox 527 1964 746 2030; x_wconf 88' lang='lat' dir='ltr'><strong>addidi,</strong></span> <span class='ocrx_word' id='word_1_118' title='bbox 799 1964 928 2034; x_wconf 88' lang='lat' dir='ltr'><strong>quia</strong></span> <span class='ocrx_word' id='word_1_119' title='bbox 986 1978 1073 2017; x_wconf 90' lang='lat' dir='ltr'><strong>me</strong></span> <span class='ocrx_word' id='word_1_120' title='bbox 1130 1962 1390 2017; x_wconf 79' lang='lat' dir='ltr'><strong>festinare</strong></span> <span class='ocrx_word' id='word_1_121' title='bbox 1445 1966 1734 2032; x_wconf 84' lang='lat' dir='ltr'><strong>oportebat</strong></span> <span class='ocrx_word' id='word_1_122' title='bbox 1785 1981 1798 2016; x_wconf 92' lang='lat'>:</span> <span class='ocrx_word' id='word_1_123' title='bbox 1849 1975 2088 2020; x_wconf 87' lang='lat' dir='ltr'><strong>attamen</strong></span> 
     </span>
    </p>
   </div>
   <div class='ocr_carea' id='block_1_21' title="bbox 527 2035 2163 2126">
    <p class='ocr_par' dir='ltr' id='par_1_21' title="bbox 527 2035 2163 2126">
     <span class='ocr_line' id='line_1_21' title="bbox 527 2035 2163 2126; baseline -0.001 -16"><span class='ocrx_word' id='word_1_124' title='bbox 527 2065 848 2126; x_wconf 79' lang='lat' dir='ltr'><strong>argumenta</strong></span> <span class='ocrx_word' id='word_1_125' title='bbox 880 2054 1069 2108; x_wconf 85' lang='lat' dir='ltr'><strong>saltem</strong></span> <span class='ocrx_word' id='word_1_126' title='bbox 1109 2052 1197 2106; x_wconf 92' lang='lat' dir='ltr'><strong>hic</strong></span> <span class='ocrx_word' id='word_1_127' title='bbox 1244 2051 1436 2108; x_wconf 88' lang='lat' dir='ltr'><strong>Latine</strong></span> <span class='ocrx_word' id='word_1_128' title='bbox 1477 2067 1769 2121; x_wconf 81' lang='lat' dir='ltr'><strong>exponam,</strong></span> <span class='ocrx_word' id='word_1_129' title='bbox 1806 2064 1866 2108; x_wconf 90' lang='lat' dir='ltr'><strong>ut</strong></span> <span class='ocrx_word' id='word_1_130' title='bbox 1904 2054 2090 2109; x_wconf 69' lang='lat' dir='ltr'><strong>Graece</strong></span> <span class='ocrx_word' id='word_1_131' title='bbox 2121 2035 2163 2090; x_wconf 77' lang='grc' dir='ltr'><strong>Β</strong></span> 
     </span>
    </p>
   </div>
   <div class='ocr_carea' id='block_1_22' title="bbox 530 2143 2088 2220">
    <p class='ocr_par' dir='ltr' id='par_1_22' title="bbox 530 2143 2088 2220">
     <span class='ocr_line' id='line_1_22' title="bbox 530 2143 2088 2220; baseline -0.001 -20"><span class='ocrx_word' id='word_1_132' title='bbox 530 2146 702 2220; x_wconf 72' lang='lat' dir='ltr'><strong>ignari</strong></span> <span class='ocrx_word' id='word_1_133' title='bbox 737 2160 847 2200; x_wconf 83' lang='lat' dir='ltr'><strong>rem</strong></span> <span class='ocrx_word' id='word_1_134' title='bbox 884 2144 1100 2198; x_wconf 85' lang='lat' dir='ltr'><strong>interim</strong></span> <span class='ocrx_word' id='word_1_135' title='bbox 1139 2143 1370 2198; x_wconf 92' lang='lat' dir='ltr'><strong>summis</strong></span> <span class='ocrx_word' id='word_1_136' title='bbox 1401 2143 1572 2199; x_wconf 90' lang='lat' dir='ltr'><strong>labris</strong></span> <span class='ocrx_word' id='word_1_137' title='bbox 1615 2144 1876 2198; x_wconf 89' lang='lat' dir='ltr'><strong>delibent.</strong></span> <span class='ocrx_word' id='word_1_138' title='bbox 1922 2146 2088 2200; x_wconf 89' lang='lat' dir='ltr'><strong>Porro</strong></span> 
     </span>
    </p>
   </div>
   <div class='ocr_carea' id='block_1_23' title="bbox 526 2234 2086 2305">
    <p class='ocr_par' dir='ltr' id='par_1_23' title="bbox 526 2234 2086 2305">
     <span class='ocr_line' id='line_1_23' title="bbox 526 2234 2086 2305; baseline -0.002 -13"><span class='ocrx_word' id='word_1_139' title='bbox 526 2245 582 2292; x_wconf 87' lang='lat' dir='ltr'><strong>in</strong></span> <span class='ocrx_word' id='word_1_140' title='bbox 616 2238 853 2292; x_wconf 88' lang='lat' dir='ltr'><strong>editione</strong></span> <span class='ocrx_word' id='word_1_141' title='bbox 881 2235 1100 2305; x_wconf 80' lang='lat' dir='ltr'><strong>quidem</strong></span> <span class='ocrx_word' id='word_1_142' title='bbox 1141 2235 1464 2288; x_wconf 87' lang='lat' dir='ltr'><strong>numerandi</strong></span> <span class='ocrx_word' id='word_1_143' title='bbox 1509 2234 1776 2300; x_wconf 86' lang='lat' dir='ltr'><strong>ordinem,</strong></span> <span class='ocrx_word' id='word_1_144' title='bbox 1813 2246 1872 2289; x_wconf 92' lang='lat' dir='ltr'><strong>ut</strong></span> <span class='ocrx_word' id='word_1_145' title='bbox 1905 2245 1990 2290; x_wconf 91' lang='lat' dir='ltr'><strong>est</strong></span> <span class='ocrx_word' id='word_1_146' title='bbox 2031 2236 2086 2289; x_wconf 92' lang='lat' dir='ltr'><strong>in</strong></span> 
     </span>
    </p>
   </div>
   <div class='ocr_carea' id='block_1_24' title="bbox 526 2326 2084 2396">
    <p class='ocr_par' dir='ltr' id='par_1_24' title="bbox 526 2326 2084 2396">
     <span class='ocr_line' id='line_1_24' title="bbox 526 2326 2084 2396; baseline -0.001 -12"><span class='ocrx_word' id='word_1_147' title='bbox 526 2328 844 2388; x_wconf 85' lang='lat' dir='ltr'><strong>codicibus,</strong></span> <span class='ocrx_word' id='word_1_148' title='bbox 898 2326 1258 2390; x_wconf 84' lang='lat' dir='ltr'><strong>conservavi,</strong></span> <span class='ocrx_word' id='word_1_149' title='bbox 1324 2337 1382 2381; x_wconf 88' lang='lat' dir='ltr'><strong>ut</strong></span> <span class='ocrx_word' id='word_1_150' title='bbox 1439 2329 1485 2381; x_wconf 90' lang='lat' dir='ltr'><strong>sl</strong></span> <span class='ocrx_word' id='word_1_151' title='bbox 1551 2327 1843 2396; x_wconf 89' lang='lat' dir='ltr'><strong>aliquando</strong></span> <span class='ocrx_word' id='word_1_152' title='bbox 1912 2337 2084 2382; x_wconf 89' lang='lat' dir='ltr'><strong>totutn</strong></span> 
     </span>
    </p>
   </div>
   <div class='ocr_carea' id='block_1_25' title="bbox 526 2417 2090 2490">
    <p class='ocr_par' dir='ltr' id='par_1_25' title="bbox 526 2417 2090 2490">
     <span class='ocr_line' id='line_1_25' title="bbox 526 2417 2090 2490; baseline 0.001 -17"><span class='ocrx_word' id='word_1_153' title='bbox 526 2418 1007 2488; x_wconf 79' lang='lat' dir='ltr'><strong>Amphilochiorum</strong></span> <span class='ocrx_word' id='word_1_154' title='bbox 1036 2432 1173 2486; x_wconf 90' lang='lat' dir='ltr'><strong>opus</strong></span> <span class='ocrx_word' id='word_1_155' title='bbox 1203 2431 1314 2471; x_wconf 91' lang='lat' dir='ltr'><strong>uno</strong></span> <span class='ocrx_word' id='word_1_156' title='bbox 1342 2417 1621 2474; x_wconf 87' lang='lat' dir='ltr'><strong>volumine</strong></span> <span class='ocrx_word' id='word_1_157' title='bbox 1662 2421 2090 2490; x_wconf 86' lang='lat' dir='ltr'><strong>comprehenda-</strong></span> 
     </span>
    </p>
   </div>
   <div class='ocr_carea' id='block_1_26' title="bbox 526 2507 2089 2580">
    <p class='ocr_par' dir='ltr' id='par_1_26' title="bbox 526 2507 2089 2580">
     <span class='ocr_line' id='line_1_26' title="bbox 526 2507 2089 2580; baseline 0.001 -16"><span class='ocrx_word' id='word_1_158' title='bbox 526 2519 632 2573; x_wconf 88' lang='lat' dir='ltr'><strong>tur,</strong></span> <span class='ocrx_word' id='word_1_159' title='bbox 657 2525 811 2563; x_wconf 89' lang='lat' dir='ltr'><strong>suum</strong></span> <span class='ocrx_word' id='word_1_160' title='bbox 841 2523 1177 2578; x_wconf 64' lang='lat' dir='ltr'><strong>unaquaeque</strong></span> <span class='ocrx_word' id='word_1_161' title='bbox 1228 2507 1456 2578; x_wconf 63' lang='lat' dir='ltr'><strong>quaestio</strong></span> <span class='ocrx_word' id='word_1_162' title='bbox 1482 2509 1660 2564; x_wconf 92' lang='lat' dir='ltr'><strong>locum</strong></span> <span class='ocrx_word' id='word_1_163' title='bbox 1695 2520 1923 2580; x_wconf 89' lang='lat' dir='ltr'><strong>occupet</strong></span> <span class='ocrx_word' id='word_1_164' title='bbox 1949 2511 2089 2578; x_wconf 62' lang='lat' dir='ltr'><strong>:,hic</strong></span> 
     </span>
    </p>
   </div>
   <div class='ocr_carea' id='block_1_27' title="bbox 522 2598 2083 2668">
    <p class='ocr_par' dir='ltr' id='par_1_27' title="bbox 522 2598 2083 2668">
     <span class='ocr_line' id='line_1_27' title="bbox 522 2598 2083 2668; baseline 0.002 -16"><span class='ocrx_word' id='word_1_165' title='bbox 522 2611 700 2654; x_wconf 85' lang='lat' dir='ltr'><strong>tamen</strong></span> <span class='ocrx_word' id='word_1_166' title='bbox 735 2598 918 2652; x_wconf 87' lang='lat' dir='ltr'><strong>Latina</strong></span> <span class='ocrx_word' id='word_1_167' title='bbox 931 2608 1240 2668; x_wconf 76' lang='lat' dir='ltr'><strong>argumenta</strong></span> <span class='ocrx_word' id='word_1_168' title='bbox 1268 2599 1593 2654; x_wconf 88' lang='lat' dir='ltr'><strong>continuatis</strong></span> <span class='ocrx_word' id='word_1_169' title='bbox 1621 2601 1863 2655; x_wconf 89' lang='lat' dir='ltr'><strong>numeris</strong></span> <span class='ocrx_word' id='word_1_170' title='bbox 1884 2601 2083 2657; x_wconf 90' lang='lat' dir='ltr'><strong>scribo.</strong></span> 
     </span>
    </p>
   </div>
   <div class='ocr_carea' id='block_1_28' title="bbox 523 2709 2085 2780">
    <p class='ocr_par' dir='ltr' id='par_1_28' title="bbox 523 2709 2085 2780">
     <span class='ocr_line' id='line_1_28' title="bbox 523 2709 2085 2780; baseline 0.004 -18"><span class='ocrx_word' id='word_1_171' title='bbox 523 2709 702 2763; x_wconf 77' lang='lat' dir='ltr'><strong>Pltotii</strong></span> <span class='ocrx_word' id='word_1_172' title='bbox 721 2711 1064 2780; x_wconf 78' lang='lat' dir='ltr'><strong>qurestionum</strong></span> <span class='ocrx_word' id='word_1_173' title='bbox 1087 2710 1644 2780; x_wconf 79' lang='lat' dir='ltr'><strong>Amphilochianarum</strong></span> <span class='ocrx_word' id='word_1_174' title='bbox 1665 2710 2085 2776; x_wconf 68' lang='lat' dir='ltr'><strong>CXXX,quibul</strong></span> 
     </span>
    </p>
   </div>
   <div class='ocr_carea' id='block_1_29' title="bbox 594 2779 2082 2858">
    <p class='ocr_par' dir='ltr' id='par_1_29' title="bbox 594 2779 2082 2858">
     <span class='ocr_line' id='line_1_29' title="bbox 594 2779 2082 2858; baseline 0.002 -26"><span class='ocrx_word' id='word_1_175' title='bbox 594 2779 822 2858; x_wconf 77' lang='lat' dir='ltr'><strong>universi</strong></span> <span class='ocrx_word' id='word_1_176' title='bbox 849 2783 1016 2846; x_wconf 85' lang='lat' dir='ltr'><strong>operis</strong></span> <span class='ocrx_word' id='word_1_177' title='bbox 1059 2779 1222 2832; x_wconf 79' lang='lat' dir='ltr'><strong>editio</strong></span> <span class='ocrx_word' id='word_1_178' title='bbox 1252 2797 1389 2833; x_wconf 87' lang='lat' dir='ltr'><strong>nunc</strong></span> <span class='ocrx_word' id='word_1_179' title='bbox 1437 2782 1646 2834; x_wconf 86' lang='lat' dir='ltr'><strong>demum</strong></span> <span class='ocrx_word' id='word_1_180' title='bbox 1673 2782 1962 2858; x_wconf 54' lang='lat' dir='ltr'><strong>absoltg&#39;tur</strong></span> <span class='ocrx_word' id='word_1_181' title='bbox 1984 2783 2082 2854; x_wconf 89' lang='lat' dir='ltr'><strong>(l),</strong></span> 
     </span>
    </p>
   </div>
   <div class='ocr_carea' id='block_1_30' title="bbox 591 2849 931 2919">
    <p class='ocr_par' dir='ltr' id='par_1_30' title="bbox 591 2849 931 2919">
     <span class='ocr_line' id='line_1_30' title="bbox 591 2849 931 2919; baseline -0.006 -19"><span class='ocrx_word' id='word_1_182' title='bbox 591 2849 730 2919; x_wconf 81' lang='lat' dir='ltr'><strong>A&#39;rgu</strong></span> <span class='ocrx_word' id='word_1_183' title='bbox 739 2860 931 2902; x_wconf 84' lang='lat' dir='ltr'><strong>menta.</strong></span> 
     </span>
    </p>
   </div>
   <div class='ocr_carea' id='block_1_31' title="bbox 589 2959 2083 3031">
    <p class='ocr_par' dir='ltr' id='par_1_31' title="bbox 589 2959 2083 3031">
     <span class='ocr_line' id='line_1_31' title="bbox 589 2959 2083 3031; baseline -0.001 -17"><span class='ocrx_word' id='word_1_184' title='bbox 589 2962 640 3015; x_wconf 99' lang='grc'><strong>1.</strong></span> <span class='ocrx_word' id='word_1_185' title='bbox 684 2962 741 3016; x_wconf 88' lang='lat' dir='ltr'><strong>Si</strong></span> <span class='ocrx_word' id='word_1_186' title='bbox 775 2961 1007 3031; x_wconf 85' lang='lat' dir='ltr'><strong>septimo</strong></span> <span class='ocrx_word' id='word_1_187' title='bbox 1029 2961 1116 3016; x_wconf 90' lang='lat' dir='ltr'><strong>die</strong></span> <span class='ocrx_word' id='word_1_188' title='bbox 1145 2961 1414 3030; x_wconf 85' lang='lat' dir='ltr'><strong>requievit</strong></span> <span class='ocrx_word' id='word_1_189' title='bbox 1437 2959 1580 3016; x_wconf 89' lang='lat' dir='ltr'><strong>Deus</strong></span> <span class='ocrx_word' id='word_1_190' title='bbox 1607 2976 1636 3015; x_wconf 89' lang='lat' dir='ltr'><strong>a</strong></span> <span class='ocrx_word' id='word_1_191' title='bbox 1662 2961 1872 3015; x_wconf 87' lang='lat' dir='ltr'><strong>cunctis</strong></span> <span class='ocrx_word' id='word_1_192' title='bbox 1905 2961 2083 3028; x_wconf 88' lang='lat' dir='ltr'><strong>operi-</strong></span> 
     </span>
    </p>
   </div>
   <div class='ocr_carea' id='block_1_32' title="bbox 724 3037 2080 3119">
    <p class='ocr_par' dir='ltr' id='par_1_32' title="bbox 724 3037 2080 3119">
     <span class='ocr_line' id='line_1_32' title="bbox 724 3037 2080 3119; baseline -0.003 -13"><span class='ocrx_word' id='word_1_193' title='bbox 724 3054 828 3106; x_wconf 90' lang='lat' dir='ltr'><strong>bus</strong></span> <span class='ocrx_word' id='word_1_194' title='bbox 881 3052 1033 3114; x_wconf 89' lang='lat' dir='ltr'><strong>suis,</strong></span> <span class='ocrx_word' id='word_1_195' title='bbox 1089 3037 1362 3119; x_wconf 86' lang='lat' dir='ltr'><strong>qttomodo</strong></span> <span class='ocrx_word' id='word_1_196' title='bbox 1425 3051 1664 3106; x_wconf 89' lang='lat' dir='ltr'><strong>salutare</strong></span> <span class='ocrx_word' id='word_1_197' title='bbox 1717 3051 1893 3104; x_wconf 89' lang='lat' dir='ltr'><strong>Patris</strong></span> <span class='ocrx_word' id='word_1_198' title='bbox 1943 3048 2080 3104; x_wconf 76' lang='lat' dir='ltr'><strong>Ver-</strong></span> 
     </span>
    </p>
   </div>
   <div class='ocr_carea' id='block_1_33' title="bbox 725 3139 2075 3209">
    <p class='ocr_par' dir='ltr' id='par_1_33' title="bbox 725 3139 2075 3209">
     <span class='ocr_line' id='line_1_33' title="bbox 725 3139 2075 3209; baseline -0.001 -15"><span class='ocrx_word' id='word_1_199' title='bbox 725 3141 853 3194; x_wconf 88' lang='lat' dir='ltr'><strong>bum</strong></span> <span class='ocrx_word' id='word_1_200' title='bbox 887 3142 964 3193; x_wconf 89' lang='lat' dir='ltr'><strong>ait</strong></span> <span class='ocrx_word' id='word_1_201' title='bbox 993 3157 1007 3193; x_wconf 87' lang='lat'><strong>:</strong></span> <span class='ocrx_word' id='word_1_202' title='bbox 1041 3139 1204 3194; x_wconf 85' lang='lat' dir='ltr'><strong>Pater</strong></span> <span class='ocrx_word' id='word_1_203' title='bbox 1246 3156 1390 3193; x_wconf 86' lang='lat' dir='ltr'><strong>meus</strong></span> <span class='ocrx_word' id='word_1_204' title='bbox 1420 3156 1580 3209; x_wconf 79' lang='lat' dir='ltr'><strong>usque</strong></span> <span class='ocrx_word' id='word_1_205' title='bbox 1618 3139 1768 3193; x_wconf 82' lang='lat' dir='ltr'><strong>modo</strong></span> <span class='ocrx_word' id='word_1_206' title='bbox 1799 3150 2075 3207; x_wconf 84' lang='lat' dir='ltr'><strong>operatur,</strong></span> 
     </span>
    </p>
   </div>
   <div class='ocr_carea' id='block_1_34' title="bbox 723 3238 1142 3297">
    <p class='ocr_par' dir='ltr' id='par_1_34' title="bbox 723 3238 1142 3297">
     <span class='ocr_line' id='line_1_34' title="bbox 723 3238 1142 3297; baseline 0 -17"><span class='ocrx_word' id='word_1_207' title='bbox 723 3238 773 3281; x_wconf 83' lang='lat' dir='ltr'><strong>et</strong></span> <span class='ocrx_word' id='word_1_208' title='bbox 804 3244 896 3297; x_wconf 83' lang='lat' dir='ltr'><strong>ego</strong></span> <span class='ocrx_word' id='word_1_209' title='bbox 933 3244 1142 3296; x_wconf 86' lang='lat' dir='ltr'><strong>operor.</strong></span> 
     </span>
    </p>
   </div>
   <div class='ocr_carea' id='block_1_35' title="bbox 586 3315 2075 3382">
    <p class='ocr_par' dir='ltr' id='par_1_35' title="bbox 586 3315 2075 3382">
     <span class='ocr_line' id='line_1_35' title="bbox 586 3315 2075 3382; baseline 0.001 -12"><span class='ocrx_word' id='word_1_210' title='bbox 586 3317 638 3370; x_wconf 80' lang='lat'><strong>2.</strong></span> <span class='ocrx_word' id='word_1_211' title='bbox 678 3315 789 3370; x_wconf 80' lang='lat' dir='ltr'><strong>Cur</strong></span> <span class='ocrx_word' id='word_1_212' title='bbox 845 3317 1108 3372; x_wconf 91' lang='lat' dir='ltr'><strong>Dominus</strong></span> <span class='ocrx_word' id='word_1_213' title='bbox 1152 3317 1251 3371; x_wconf 92' lang='lat' dir='ltr'><strong>luti</strong></span> <span class='ocrx_word' id='word_1_214' title='bbox 1311 3332 1452 3378; x_wconf 90' lang='lat' dir='ltr'><strong>usu,</strong></span> <span class='ocrx_word' id='word_1_215' title='bbox 1505 3332 1612 3370; x_wconf 89' lang='lat' dir='ltr'><strong>non</strong></span> <span class='ocrx_word' id='word_1_216' title='bbox 1666 3317 1770 3371; x_wconf 90' lang='lat' dir='ltr'><strong>alia</strong></span> <span class='ocrx_word' id='word_1_217' title='bbox 1826 3317 2075 3382; x_wconf 89' lang='lat' dir='ltr'><strong>ratione,</strong></span> 
     </span>
    </p>
   </div>
   <div class='ocr_carea' id='block_1_36' title="bbox 723 3407 1434 3476">
    <p class='ocr_par' dir='ltr' id='par_1_36' title="bbox 723 3407 1434 3476">
     <span class='ocr_line' id='line_1_36' title="bbox 723 3407 1434 3476; baseline 0 -16"><span class='ocrx_word' id='word_1_218' title='bbox 723 3407 850 3461; x_wconf 61' lang='lat' dir='ltr'><strong>caeci</strong></span> <span class='ocrx_word' id='word_1_219' title='bbox 883 3407 1072 3462; x_wconf 91' lang='lat' dir='ltr'><strong>oculos</strong></span> <span class='ocrx_word' id='word_1_220' title='bbox 1103 3407 1434 3476; x_wconf 90' lang='lat' dir='ltr'><strong>persanavit.</strong></span> 
     </span>
    </p>
   </div>
   <div class='ocr_carea' id='block_1_37' title="bbox 581 3498 2075 3567">
    <p class='ocr_par' dir='ltr' id='par_1_37' title="bbox 581 3498 2075 3567">
     <span class='ocr_line' id='line_1_37' title="bbox 581 3498 2075 3567; baseline -0.001 -12"><span class='ocrx_word' id='word_1_221' title='bbox 581 3502 634 3555; x_wconf 81' lang='grc'><strong>5.</strong></span> <span class='ocrx_word' id='word_1_222' title='bbox 675 3498 812 3567; x_wconf 84' lang='lat' dir='ltr'><strong>Quid</strong></span> <span class='ocrx_word' id='word_1_223' title='bbox 860 3509 964 3562; x_wconf 90' lang='lat' dir='ltr'><strong>est,</strong></span> <span class='ocrx_word' id='word_1_224' title='bbox 1013 3501 1258 3555; x_wconf 89' lang='lat' dir='ltr'><strong>odientes</strong></span> <span class='ocrx_word' id='word_1_225' title='bbox 1305 3501 1470 3554; x_wconf 89' lang='lat' dir='ltr'><strong>etiant</strong></span> <span class='ocrx_word' id='word_1_226' title='bbox 1519 3501 1794 3555; x_wconf 88' lang='lat' dir='ltr'><strong>carnalem</strong></span> <span class='ocrx_word' id='word_1_227' title='bbox 1840 3501 2075 3554; x_wconf 85' lang='lat' dir='ltr'><strong>macula-</strong></span> 
     </span>
    </p>
   </div>
   <div class='ocr_carea' id='block_1_38' title="bbox 725 3592 1351 3651">
    <p class='ocr_par' dir='ltr' id='par_1_38' title="bbox 725 3592 1351 3651">
     <span class='ocr_line' id='line_1_38' title="bbox 725 3592 1351 3651; baseline 0 -8"><span class='ocrx_word' id='word_1_228' title='bbox 725 3601 833 3643; x_wconf 89' lang='lat' dir='ltr'><strong>tam</strong></span> <span class='ocrx_word' id='word_1_229' title='bbox 867 3592 1130 3644; x_wconf 85' lang='lat' dir='ltr'><strong>tunicam.</strong></span> <span class='ocrx_word' id='word_1_230' title='bbox 1341 3643 1351 3651; x_wconf 82' lang='grc'><em>,</em></span> 
     </span>
    </p>
   </div>
   <div class='ocr_carea' id='block_1_39' title="bbox 583 3679 2075 3749">
    <p class='ocr_par' dir='ltr' id='par_1_39' title="bbox 583 3679 2075 3749">
     <span class='ocr_line' id='line_1_39' title="bbox 583 3679 2075 3749; baseline -0.001 -14"><span class='ocrx_word' id='word_1_231' title='bbox 583 3682 636 3735; x_wconf 72' lang='grc'><strong>4.</strong></span> <span class='ocrx_word' id='word_1_232' title='bbox 677 3679 733 3734; x_wconf 91' lang='lat' dir='ltr'><strong>Si</strong></span> <span class='ocrx_word' id='word_1_233' title='bbox 767 3681 1032 3748; x_wconf 88' lang='lat' dir='ltr'><strong>quidquid</strong></span> <span class='ocrx_word' id='word_1_234' title='bbox 1069 3681 1377 3735; x_wconf 86' lang='lat' dir='ltr'><strong>necessitati</strong></span> <span class='ocrx_word' id='word_1_235' title='bbox 1404 3680 1670 3749; x_wconf 83' lang='lat' dir='ltr'><strong>subjacet,</strong></span> <span class='ocrx_word' id='word_1_236' title='bbox 1704 3680 1929 3734; x_wconf 90' lang='lat' dir='ltr'><strong>invitum</strong></span> <span class='ocrx_word' id='word_1_237' title='bbox 1964 3681 2075 3734; x_wconf 91' lang='lat' dir='ltr'><strong>vio-</strong></span> 
     </span>
    </p>
   </div>
   <div class='ocr_carea' id='block_1_40' title="bbox 720 3771 2072 3840">
    <p class='ocr_par' dir='ltr' id='par_1_40' title="bbox 720 3771 2072 3840">
     <span class='ocr_line' id='line_1_40' title="bbox 720 3771 2072 3840; baseline 0.001 -18"><span class='ocrx_word' id='word_1_238' title='bbox 720 3771 900 3824; x_wconf 80' lang='lat' dir='ltr'><strong>lentiae</strong></span> <span class='ocrx_word' id='word_1_239' title='bbox 935 3779 1108 3840; x_wconf 89' lang='lat' dir='ltr'><strong>paret,</strong></span> <span class='ocrx_word' id='word_1_240' title='bbox 1139 3778 1512 3839; x_wconf 65' lang='lat' dir='ltr'><strong>praetereaque</strong></span> <span class='ocrx_word' id='word_1_241' title='bbox 1541 3785 1767 3824; x_wconf 89' lang='lat' dir='ltr'><strong>necesse</strong></span> <span class='ocrx_word' id='word_1_242' title='bbox 1804 3780 1888 3824; x_wconf 88' lang='lat' dir='ltr'><strong>est</strong></span> <span class='ocrx_word' id='word_1_243' title='bbox 1912 3785 2072 3825; x_wconf 89' lang='lat' dir='ltr'><strong>scan-</strong></span> 
     </span>
    </p>
   </div>
   <div class='ocr_carea' id='block_1_41' title="bbox 715 3861 2073 3930">
    <p class='ocr_par' dir='ltr' id='par_1_41' title="bbox 715 3861 2073 3930">
     <span class='ocr_line' id='line_1_41' title="bbox 715 3861 2073 3930; baseline 0.001 -14"><span class='ocrx_word' id='word_1_244' title='bbox 715 3862 838 3916; x_wconf 87' lang='lat' dir='ltr'><strong>dala</strong></span> <span class='ocrx_word' id='word_1_245' title='bbox 875 3862 929 3915; x_wconf 92' lang='lat' dir='ltr'><strong>in</strong></span> <span class='ocrx_word' id='word_1_246' title='bbox 968 3862 1100 3916; x_wconf 88' lang='lat' dir='ltr'><strong>orbe</strong></span> <span class='ocrx_word' id='word_1_247' title='bbox 1141 3861 1287 3924; x_wconf 84' lang='lat' dir='ltr'><strong>ﬁeri,</strong></span> <span class='ocrx_word' id='word_1_248' title='bbox 1327 3861 1470 3916; x_wconf 91' lang='lat' dir='ltr'><strong>haud</strong></span> <span class='ocrx_word' id='word_1_249' title='bbox 1505 3861 1652 3930; x_wconf 84' lang='lat' dir='ltr'><strong>juste</strong></span> <span class='ocrx_word' id='word_1_250' title='bbox 1677 3861 1810 3915; x_wconf 89' lang='lat' dir='ltr'><strong>diris</strong></span> <span class='ocrx_word' id='word_1_251' title='bbox 1844 3863 2073 3917; x_wconf 84' lang='lat' dir='ltr'><strong>devove-</strong></span> 
     </span>
    </p>
   </div>
   <div class='ocr_carea' id='block_1_42' title="bbox 719 3952 2072 4023">
    <p class='ocr_par' dir='ltr' id='par_1_42' title="bbox 719 3952 2072 4023">
     <span class='ocr_line' id='line_1_42' title="bbox 719 3952 2072 4023; baseline -0.001 -16"><span class='ocrx_word' id='word_1_252' title='bbox 719 3961 808 4007; x_wconf 90' lang='lat' dir='ltr'><strong>tur</strong></span> <span class='ocrx_word' id='word_1_253' title='bbox 838 3952 932 4022; x_wconf 89' lang='lat' dir='ltr'><strong>qui</strong></span> <span class='ocrx_word' id='word_1_254' title='bbox 959 3952 1079 4023; x_wconf 69' lang='lat' dir='ltr'><strong>fuit}</strong></span> <span class='ocrx_word' id='word_1_255' title='bbox 1099 3962 1341 4020; x_wconf 90' lang='lat' dir='ltr'><strong>coactus,</strong></span> <span class='ocrx_word' id='word_1_256' title='bbox 1381 3954 1464 4006; x_wconf 91' lang='lat' dir='ltr'><strong>vel</strong></span> <span class='ocrx_word' id='word_1_257' title='bbox 1497 3966 1655 4021; x_wconf 82' lang='lat' dir='ltr'><strong>poena</strong></span> <span class='ocrx_word' id='word_1_258' title='bbox 1682 3952 1888 4022; x_wconf 88' lang='lat' dir='ltr'><strong>peccati</strong></span> <span class='ocrx_word' id='word_1_259' title='bbox 1917 3954 1981 4007; x_wconf 90' lang='lat' dir='ltr'><strong>de</strong></span> <span class='ocrx_word' id='word_1_260' title='bbox 2006 3967 2072 4007; x_wconf 89' lang='lat' dir='ltr'><strong>eo</strong></span> 
     </span>
    </p>
   </div>
   <div class='ocr_carea' id='block_1_43' title="bbox 715 4045 970 4097">
    <p class='ocr_par' dir='ltr' id='par_1_43' title="bbox 715 4045 970 4097">
     <span class='ocr_line' id='line_1_43' title="bbox 715 4045 970 4097; baseline -0.004 0"><span class='ocrx_word' id='word_1_261' title='bbox 715 4045 970 4097; x_wconf 87' lang='lat' dir='ltr'><strong>sumitur.</strong></span> 
     </span>
    </p>
   </div>
   <div class='ocr_carea' id='block_1_44' title="bbox 576 4130 2067 4200">
    <p class='ocr_par' dir='ltr' id='par_1_44' title="bbox 576 4130 2067 4200">
     <span class='ocr_line' id='line_1_44' title="bbox 576 4130 2067 4200; baseline 0.001 -16"><span class='ocrx_word' id='word_1_262' title='bbox 576 4132 630 4186; x_wconf 84' lang='grc'><strong>5.</strong></span> <span class='ocrx_word' id='word_1_263' title='bbox 671 4131 729 4186; x_wconf 90' lang='lat' dir='ltr'><strong>Si</strong></span> <span class='ocrx_word' id='word_1_264' title='bbox 759 4131 896 4186; x_wconf 86' lang='lat' dir='ltr'><strong>ﬁnes</strong></span> <span class='ocrx_word' id='word_1_265' title='bbox 939 4131 1266 4185; x_wconf 62' lang='lat' dir='ltr'><strong>sarculorum</strong></span> <span class='ocrx_word' id='word_1_266' title='bbox 1300 4130 1411 4198; x_wconf 89' lang='lat' dir='ltr'><strong>jam</strong></span> <span class='ocrx_word' id='word_1_267' title='bbox 1449 4130 1502 4183; x_wconf 92' lang='lat' dir='ltr'><strong>in</strong></span> <span class='ocrx_word' id='word_1_268' title='bbox 1539 4146 1637 4185; x_wconf 90' lang='lat' dir='ltr'><strong>nos</strong></span> <span class='ocrx_word' id='word_1_269' title='bbox 1680 4141 2067 4200; x_wconf 87' lang='lat' dir='ltr'><strong>pervenerunt,</strong></span> 
     </span>
    </p>
   </div>
   <div class='ocr_carea' id='block_1_45' title="bbox 715 4219 2070 4290">
    <p class='ocr_par' dir='ltr' id='par_1_45' title="bbox 715 4219 2070 4290">
     <span class='ocr_line' id='line_1_45' title="bbox 715 4219 2070 4290; baseline 0.001 -15"><span class='ocrx_word' id='word_1_270' title='bbox 715 4223 1045 4290; x_wconf 88' lang='lat' dir='ltr'><strong>quibusnam</strong></span> <span class='ocrx_word' id='word_1_271' title='bbox 1110 4219 1325 4274; x_wconf 73' lang='lat' dir='ltr'><strong>seculis</strong></span> <span class='ocrx_word' id='word_1_272' title='bbox 1389 4219 1592 4273; x_wconf 78' lang='lat' dir='ltr'><strong>divitiae</strong></span> <span class='ocrx_word' id='word_1_273' title='bbox 1648 4219 1852 4274; x_wconf 89' lang='lat' dir='ltr'><strong>Christi</strong></span> <span class='ocrx_word' id='word_1_274' title='bbox 1912 4223 2070 4276; x_wconf 83' lang='lat' dir='ltr'><strong>nobis</strong></span> 
     </span>
    </p>
   </div>
   <div class='ocr_carea' id='block_1_46' title="bbox 713 4313 1094 4366">
    <p class='ocr_par' dir='ltr' id='par_1_46' title="bbox 713 4313 1094 4366">
     <span class='ocr_line' id='line_1_46' title="bbox 713 4313 1094 4366; baseline 0 -2"><span class='ocrx_word' id='word_1_275' title='bbox 713 4313 1094 4366; x_wconf 76' lang='lat' dir='ltr'><strong>ostendantur.</strong></span> 
     </span>
    </p>
   </div>
   <div class='ocr_carea' id='block_1_47' title="bbox 574 4401 2065 4469">
    <p class='ocr_par' dir='ltr' id='par_1_47' title="bbox 574 4401 2065 4469">
     <span class='ocr_line' id='line_1_47' title="bbox 574 4401 2065 4469; baseline 0.001 -15"><span class='ocrx_word' id='word_1_276' title='bbox 574 4403 625 4454; x_wconf 83' lang='lat'><strong>6.</strong></span> <span class='ocrx_word' id='word_1_277' title='bbox 670 4402 779 4456; x_wconf 81' lang='lat' dir='ltr'><strong>Cur</strong></span> <span class='ocrx_word' id='word_1_278' title='bbox 831 4401 922 4456; x_wconf 87' lang='lat' dir='ltr'><strong>Dei</strong></span> <span class='ocrx_word' id='word_1_279' title='bbox 974 4401 1066 4454; x_wconf 84' lang='lat' dir='ltr'><strong>lilii</strong></span> <span class='ocrx_word' id='word_1_280' title='bbox 1109 4401 1366 4454; x_wconf 87' lang='lat' dir='ltr'><strong>dicttntur</strong></span> <span class='ocrx_word' id='word_1_281' title='bbox 1413 4414 1761 4469; x_wconf 87' lang='lat' dir='ltr'><strong>nequaquam</strong></span> <span class='ocrx_word' id='word_1_282' title='bbox 1805 4416 2065 4469; x_wconf 87' lang='lat' dir='ltr'><strong>peccare;</strong></span> 
     </span>
    </p>
   </div>
   <div class='ocr_carea' id='block_1_48' title="bbox 713 4488 2070 4559">
    <p class='ocr_par' dir='ltr' id='par_1_48' title="bbox 713 4488 2070 4559">
     <span class='ocr_line' id='line_1_48' title="bbox 713 4488 2070 4559; baseline 0.001 -17"><span class='ocrx_word' id='word_1_283' title='bbox 713 4490 811 4543; x_wconf 91' lang='lat' dir='ltr'><strong>hos</strong></span> <span class='ocrx_word' id='word_1_284' title='bbox 864 4499 1044 4542; x_wconf 90' lang='lat' dir='ltr'><strong>autem</strong></span> <span class='ocrx_word' id='word_1_285' title='bbox 1093 4489 1372 4558; x_wconf 88' lang='lat' dir='ltr'><strong>Scriptura</strong></span> <span class='ocrx_word' id='word_1_286' title='bbox 1424 4502 1546 4541; x_wconf 90' lang='lat' dir='ltr'><strong>esse</strong></span> <span class='ocrx_word' id='word_1_287' title='bbox 1596 4488 1794 4543; x_wconf 86' lang='lat' dir='ltr'><strong>asserit</strong></span> <span class='ocrx_word' id='word_1_288' title='bbox 1833 4490 1925 4558; x_wconf 92' lang='lat' dir='ltr'><strong>qui</strong></span> <span class='ocrx_word' id='word_1_289' title='bbox 1973 4507 2070 4559; x_wconf 89' lang='lat' dir='ltr'><strong>per</strong></span> 
     </span>
    </p>
   </div>
   <div class='ocr_carea' id='block_1_49' title="bbox 712 4578 2064 4647">
    <p class='ocr_par' dir='ltr' id='par_1_49' title="bbox 712 4578 2064 4647">
     <span class='ocr_line' id='line_1_49' title="bbox 712 4578 2064 4647; baseline 0.001 -15"><span class='ocrx_word' id='word_1_290' title='bbox 712 4593 908 4647; x_wconf 87' lang='lat' dir='ltr'><strong>aquam</strong></span> <span class='ocrx_word' id='word_1_291' title='bbox 957 4588 1012 4632; x_wconf 92' lang='lat' dir='ltr'><strong>et</strong></span> <span class='ocrx_word' id='word_1_292' title='bbox 1066 4580 1314 4646; x_wconf 83' lang='lat' dir='ltr'><strong>spiritum</strong></span> <span class='ocrx_word' id='word_1_293' title='bbox 1365 4578 1531 4647; x_wconf 79' lang='lat' dir='ltr'><strong>geniti</strong></span> <span class='ocrx_word' id='word_1_294' title='bbox 1576 4588 1738 4646; x_wconf 92' lang='lat' dir='ltr'><strong>sunt;</strong></span> <span class='ocrx_word' id='word_1_295' title='bbox 1784 4589 1837 4634; x_wconf 92' lang='lat' dir='ltr'><strong>et</strong></span> <span class='ocrx_word' id='word_1_296' title='bbox 1882 4589 2064 4634; x_wconf 91' lang='lat' dir='ltr'><strong>tamen</strong></span> 
     </span>
    </p>
   </div>
   <div class='ocr_carea' id='block_1_50' title="bbox 712 4667 2138 4739">
    <p class='ocr_par' dir='ltr' id='par_1_50' title="bbox 712 4667 2138 4739">
     <span class='ocr_line' id='line_1_50' title="bbox 712 4667 2138 4739; baseline 0.002 -18"><span class='ocrx_word' id='word_1_297' title='bbox 712 4668 913 4721; x_wconf 91' lang='lat' dir='ltr'><strong>multos</strong></span> <span class='ocrx_word' id='word_1_298' title='bbox 941 4668 1255 4733; x_wconf 87' lang='lat' dir='ltr'><strong>cernimus,</strong></span> <span class='ocrx_word' id='word_1_299' title='bbox 1307 4667 1422 4736; x_wconf 86' lang='lat' dir='ltr'><strong>qui,</strong></span> <span class='ocrx_word' id='word_1_300' title='bbox 1471 4668 1688 4723; x_wconf 87' lang='lat' dir='ltr'><strong>etiamsi</strong></span> <span class='ocrx_word' id='word_1_301' title='bbox 1738 4669 2063 4739; x_wconf 89' lang='lat' dir='ltr'><strong>baptismate</strong></span> <span class='ocrx_word' id='word_1_302' title='bbox 2096 4681 2138 4734; x_wconf 77' lang='grc' dir='ltr'><strong>ι)</strong></span> 
     </span>
    </p>
   </div>
   <div class='ocr_carea' id='block_1_51' title="bbox 709 4756 2064 4826">
    <p class='ocr_par' dir='ltr' id='par_1_51' title="bbox 709 4756 2064 4826">
     <span class='ocr_line' id='line_1_51' title="bbox 709 4756 2064 4826; baseline 0.004 -16"><span class='ocrx_word' id='word_1_303' title='bbox 709 4756 1056 4826; x_wconf 88' lang='lat' dir='ltr'><strong>adoptionent</strong></span> <span class='ocrx_word' id='word_1_304' title='bbox 1106 4757 1384 4812; x_wconf 89' lang='lat' dir='ltr'><strong>consecuti</strong></span> <span class='ocrx_word' id='word_1_305' title='bbox 1428 4757 1652 4822; x_wconf 82' lang='lat' dir='ltr'><strong>fuerint,</strong></span> <span class='ocrx_word' id='word_1_306' title='bbox 1707 4760 2064 4816; x_wconf 84' lang='lat' dir='ltr'><strong>nihilominus</strong></span> 
     </span>
    </p>
   </div>
   <div class='ocr_carea' id='block_1_52' title="bbox 710 4855 956 4917">
    <p class='ocr_par' dir='ltr' id='par_1_52' title="bbox 710 4855 956 4917">
     <span class='ocr_line' id='line_1_52' title="bbox 710 4855 956 4917; baseline -0.004 -16"><span class='ocrx_word' id='word_1_307' title='bbox 710 4855 956 4917; x_wconf 86' lang='lat' dir='ltr'><strong>peccant.</strong></span> 
     </span>
    </p>
   </div>
   <div class='ocr_carea' id='block_1_53' title="bbox 567 4942 2063 5010">
    <p class='ocr_par' dir='ltr' id='par_1_53' title="bbox 567 4942 2063 5010">
     <span class='ocr_line' id='line_1_53' title="bbox 567 4942 2063 5010; baseline 0 -14"><span class='ocrx_word' id='word_1_308' title='bbox 567 4945 620 4996; x_wconf 83' lang='lat'><strong>7.</strong></span> <span class='ocrx_word' id='word_1_309' title='bbox 662 4942 949 5009; x_wconf 81' lang='lat' dir='ltr'><strong>Quomodo</strong></span> <span class='ocrx_word' id='word_1_310' title='bbox 1003 4942 1284 5009; x_wconf 86' lang='lat' dir='ltr'><strong>the0patre</strong></span> <span class='ocrx_word' id='word_1_311' title='bbox 1331 4943 1548 4997; x_wconf 85' lang='lat' dir='ltr'><strong>dicente</strong></span> <span class='ocrx_word' id='word_1_312' title='bbox 1601 4942 1835 5010; x_wconf 88' lang='lat' dir='ltr'><strong>Davide,</strong></span> <span class='ocrx_word' id='word_1_313' title='bbox 1891 4944 2063 4997; x_wconf 82' lang='lat' dir='ltr'><strong>Homo</strong></span> 
     </span>
    </p>
   </div>
   <div class='ocr_carea' id='block_1_54' title="bbox 705 5033 2064 5102">
    <p class='ocr_par' dir='ltr' id='par_1_54' title="bbox 705 5033 2064 5102">
     <span class='ocr_line' id='line_1_54' title="bbox 705 5033 2064 5102; baseline 0.001 -17"><span class='ocrx_word' id='word_1_314' title='bbox 705 5034 842 5085; x_wconf 84' lang='lat' dir='ltr'><strong>sicut</strong></span> <span class='ocrx_word' id='word_1_315' title='bbox 873 5034 1050 5102; x_wconf 84' lang='lat' dir='ltr'><strong>fenum</strong></span> <span class='ocrx_word' id='word_1_316' title='bbox 1072 5033 1184 5085; x_wconf 85' lang='lat' dir='ltr'><strong>dies</strong></span> <span class='ocrx_word' id='word_1_317' title='bbox 1215 5033 1352 5098; x_wconf 85' lang='lat' dir='ltr'><strong>ejus,</strong></span> <span class='ocrx_word' id='word_1_318' title='bbox 1393 5042 1523 5098; x_wconf 90' lang='lat' dir='ltr'><strong>etc.,</strong></span> <span class='ocrx_word' id='word_1_319' title='bbox 1556 5034 1698 5088; x_wconf 88' lang='lat' dir='ltr'><strong>ﬁlius</strong></span> <span class='ocrx_word' id='word_1_320' title='bbox 1727 5035 1868 5089; x_wconf 90' lang='lat' dir='ltr'><strong>illius</strong></span> <span class='ocrx_word' id='word_1_321' title='bbox 1909 5035 2064 5089; x_wconf 89' lang='lat' dir='ltr'><strong>Salo—</strong></span> 
     </span>
    </p>
   </div>
   <div class='ocr_carea' id='block_1_55' title="bbox 708 5123 2058 5197">
    <p class='ocr_par' dir='ltr' id='par_1_55' title="bbox 708 5123 2058 5197">
     <span class='ocr_line' id='line_1_55' title="bbox 708 5123 2058 5197; baseline 0 -19"><span class='ocrx_word' id='word_1_322' title='bbox 708 5139 834 5178; x_wconf 90' lang='lat' dir='ltr'><strong>mon</strong></span> <span class='ocrx_word' id='word_1_323' title='bbox 869 5125 1013 5179; x_wconf 90' lang='lat' dir='ltr'><strong>hanc</strong></span> <span class='ocrx_word' id='word_1_324' title='bbox 1049 5123 1275 5193; x_wconf 80' lang='lat' dir='ltr'><strong>protulit</strong></span> <span class='ocrx_word' id='word_1_325' title='bbox 1320 5125 1643 5179; x_wconf 88' lang='lat' dir='ltr'><strong>sententiam</strong></span> <span class='ocrx_word' id='word_1_326' title='bbox 1677 5142 1690 5179; x_wconf 90' lang='lat'><strong>:</strong></span> <span class='ocrx_word' id='word_1_327' title='bbox 1725 5126 1831 5182; x_wconf 61' lang='lat' dir='ltr'><strong>lies</strong></span> <span class='ocrx_word' id='word_1_328' title='bbox 1866 5143 2058 5197; x_wconf 81' lang='lat' dir='ltr'><strong>magna</strong></span> 
     </span>
    </p>
   </div>
   <div class='ocr_carea' id='block_1_56' title="bbox 714 5216 1784 5286">
    <p class='ocr_par' dir='ltr' id='par_1_56' title="bbox 714 5216 1784 5286">
     <span class='ocr_line' id='line_1_56' title="bbox 714 5216 1784 5286; baseline 0.002 -16"><span class='ocrx_word' id='word_1_329' title='bbox 714 5217 899 5282; x_wconf 89' lang='lat' dir='ltr'><strong>homo,</strong></span> <span class='ocrx_word' id='word_1_330' title='bbox 931 5223 985 5270; x_wconf 89' lang='lat' dir='ltr'><strong>et</strong></span> <span class='ocrx_word' id='word_1_331' title='bbox 1011 5218 1309 5286; x_wconf 86' lang='lat' dir='ltr'><strong>pretiosum</strong></span> <span class='ocrx_word' id='word_1_332' title='bbox 1339 5216 1542 5286; x_wconf 88' lang='lat' dir='ltr'><strong>aliquid</strong></span> <span class='ocrx_word' id='word_1_333' title='bbox 1572 5227 1656 5272; x_wconf 88' lang='lat' dir='ltr'><strong>est</strong></span> <span class='ocrx_word' id='word_1_334' title='bbox 1682 5218 1784 5272; x_wconf 90' lang='lat' dir='ltr'><strong>vir.</strong></span> 
     </span>
    </p>
   </div>
   <div class='ocr_carea' id='block_1_57' title="bbox 564 5308 2059 5379">
    <p class='ocr_par' dir='ltr' id='par_1_57' title="bbox 564 5308 2059 5379">
     <span class='ocr_line' id='line_1_57' title="bbox 564 5308 2059 5379; baseline 0.001 -17"><span class='ocrx_word' id='word_1_335' title='bbox 564 5308 768 5362; x_wconf 79' lang='lat' dir='ltr'><strong>8..Cur</strong></span> <span class='ocrx_word' id='word_1_336' title='bbox 806 5308 1136 5361; x_wconf 68' lang='lat' dir='ltr'><strong>daemoniaco</strong></span> <span class='ocrx_word' id='word_1_337' title='bbox 1187 5309 1378 5363; x_wconf 88' lang='lat' dir='ltr'><strong>morbo</strong></span> <span class='ocrx_word' id='word_1_338' title='bbox 1409 5319 1688 5379; x_wconf 91' lang='lat' dir='ltr'><strong>correptos</strong></span> <span class='ocrx_word' id='word_1_339' title='bbox 1729 5309 2059 5379; x_wconf 78' lang='lat' dir='ltr'><strong>evangelista</strong></span> 
     </span>
    </p>
   </div>
   <div class='ocr_carea' id='block_1_58' title="bbox 566 5421 2057 5491">
    <p class='ocr_par' dir='ltr' id='par_1_58' title="bbox 566 5421 2057 5491">
     <span class='ocr_line' id='line_1_58' title="bbox 566 5421 2057 5491; baseline -0.003 -11"><span class='ocrx_word' id='word_1_340' title='bbox 566 5422 641 5491; x_wconf 77' lang='lat' dir='ltr'><strong>(l)</strong></span> <span class='ocrx_word' id='word_1_341' title='bbox 679 5421 1036 5476; x_wconf 82' lang='lat' dir='ltr'><strong>Doctissitnus</strong></span> <span class='ocrx_word' id='word_1_342' title='bbox 1092 5421 1175 5475; x_wconf 89' lang='lat' dir='ltr'><strong>vir</strong></span> <span class='ocrx_word' id='word_1_343' title='bbox 1255 5429 1406 5490; x_wconf 88' lang='lat' dir='ltr'><strong>putat</strong></span> <span class='ocrx_word' id='word_1_344' title='bbox 1463 5429 1630 5475; x_wconf 89' lang='lat' dir='ltr'><strong>totam</strong></span> <span class='ocrx_word' id='word_1_345' title='bbox 1681 5421 2057 5476; x_wconf 82' lang='lat' dir='ltr'><strong>collectionem</strong></span> 
     </span>
    </p>
   </div>
   <div class='ocr_carea' id='block_1_59' title="bbox 497 5491 2053 5562">
    <p class='ocr_par' dir='ltr' id='par_1_59' title="bbox 497 5491 2053 5562">
     <span class='ocr_line' id='line_1_59' title="bbox 497 5491 2053 5562; baseline -0.002 -15"><span class='ocrx_word' id='word_1_346' title='bbox 497 5491 996 5562; x_wconf 67' lang='lat' dir='ltr'><strong>Amphilochiorum</strong></span> <span class='ocrx_word' id='word_1_347' title='bbox 1049 5492 1132 5546; x_wconf 89' lang='lat' dir='ltr'><strong>his</strong></span> <span class='ocrx_word' id='word_1_348' title='bbox 1179 5492 1341 5545; x_wconf 86' lang='lat' dir='ltr'><strong>editis</strong></span> <span class='ocrx_word' id='word_1_349' title='bbox 1399 5491 1789 5559; x_wconf 62' lang='lat' dir='ltr'><strong>quaestionibus</strong></span> <span class='ocrx_word' id='word_1_350' title='bbox 1823 5492 2053 5556; x_wconf 81' lang='lat' dir='ltr'><strong>absolvi,</strong></span> 
     </span>
    </p>
   </div>
   <div class='ocr_carea' id='block_1_60' title="bbox 2405 698 2952 768">
    <p class='ocr_par' dir='ltr' id='par_1_60' title="bbox 2405 698 2952 768">
     <span class='ocr_line' id='line_1_60' title="bbox 2405 698 2952 768; baseline 0.007 -16"><span class='ocrx_word' id='word_1_351' title='bbox 2405 699 2638 768; x_wconf 85' lang='lat' dir='ltr'><strong>appellat</strong></span> <span class='ocrx_word' id='word_1_352' title='bbox 2665 698 2952 755; x_wconf 92' lang='lat' dir='ltr'><strong>lunaticos.</strong></span> 
     </span>
    </p>
   </div>
   <div class='ocr_carea' id='block_1_61' title="bbox 2267 787 3740 862">
    <p class='ocr_par' dir='ltr' id='par_1_61' title="bbox 2267 787 3740 862">
     <span class='ocr_line' id='line_1_61' title="bbox 2267 787 3740 862; baseline 0.006 -19"><span class='ocrx_word' id='word_1_353' title='bbox 2267 787 2321 843; x_wconf 89' lang='lat'><strong>9.</strong></span> <span class='ocrx_word' id='word_1_354' title='bbox 2362 787 2492 852; x_wconf 86' lang='lat' dir='ltr'><strong>Cur,</strong></span> <span class='ocrx_word' id='word_1_355' title='bbox 2514 789 2729 843; x_wconf 89' lang='lat' dir='ltr'><strong>etiamsi</strong></span> <span class='ocrx_word' id='word_1_356' title='bbox 2759 791 2927 843; x_wconf 81' lang='lat' dir='ltr'><strong>Adam</strong></span> <span class='ocrx_word' id='word_1_357' title='bbox 2960 792 3221 860; x_wconf 86' lang='lat' dir='ltr'><strong>peccavit,</strong></span> <span class='ocrx_word' id='word_1_358' title='bbox 3248 801 3304 848; x_wconf 92' lang='lat' dir='ltr'><strong>et</strong></span> <span class='ocrx_word' id='word_1_359' title='bbox 3329 795 3528 862; x_wconf 70' lang='lat' dir='ltr'><strong>paenali</strong></span> <span class='ocrx_word' id='word_1_360' title='bbox 3561 799 3740 852; x_wconf 83' lang='lat' dir='ltr'><strong>mortis</strong></span> 
     </span>
    </p>
   </div>
   <div class='ocr_carea' id='block_1_62' title="bbox 2408 876 3740 957">
    <p class='ocr_par' dir='ltr' id='par_1_62' title="bbox 2408 876 3740 957">
     <span class='ocr_line' id='line_1_62' title="bbox 2408 876 3740 957; baseline 0.01 -28"><span class='ocrx_word' id='word_1_361' title='bbox 2408 876 2626 932; x_wconf 88' lang='lat' dir='ltr'><strong>decreto</strong></span> <span class='ocrx_word' id='word_1_362' title='bbox 2677 880 2957 947; x_wconf 77' lang='lat' dir='ltr'><strong>perculsus</strong></span> <span class='ocrx_word' id='word_1_363' title='bbox 3013 879 3151 947; x_wconf 85' lang='lat' dir='ltr'><strong>iuit,</strong></span> <span class='ocrx_word' id='word_1_364' title='bbox 3221 883 3572 940; x_wconf 88' lang='lat' dir='ltr'><strong>nihilominus</strong></span> <span class='ocrx_word' id='word_1_365' title='bbox 3631 888 3740 957; x_wconf 86' lang='lat' dir='ltr'><strong>ejus</strong></span> 
     </span>
    </p>
   </div>
   <div class='ocr_carea' id='block_1_63' title="bbox 2409 967 3357 1040">
    <p class='ocr_par' dir='ltr' id='par_1_63' title="bbox 2409 967 3357 1040">
     <span class='ocr_line' id='line_1_63' title="bbox 2409 967 3357 1040; baseline 0.008 -20"><span class='ocrx_word' id='word_1_366' title='bbox 2409 967 2555 1021; x_wconf 88' lang='lat' dir='ltr'><strong>ﬁlius</strong></span> <span class='ocrx_word' id='word_1_367' title='bbox 2583 969 2846 1025; x_wconf 82' lang='lat' dir='ltr'><strong>innocens</strong></span> <span class='ocrx_word' id='word_1_368' title='bbox 2868 982 3226 1040; x_wconf 68' lang='lat' dir='ltr'><strong>praemortuus</strong></span> <span class='ocrx_word' id='word_1_369' title='bbox 3254 985 3357 1028; x_wconf 89' lang='lat' dir='ltr'><strong>est.</strong></span> 
     </span>
    </p>
   </div>
   <div class='ocr_carea' id='block_1_64' title="bbox 2231 1055 3740 1134">
    <p class='ocr_par' dir='ltr' id='par_1_64' title="bbox 2231 1055 3740 1134">
     <span class='ocr_line' id='line_1_64' title="bbox 2231 1055 3740 1134; baseline 0.007 -25"><span class='ocrx_word' id='word_1_370' title='bbox 2231 1056 2320 1110; x_wconf 86' lang='grc'><strong>10.</strong></span> <span class='ocrx_word' id='word_1_371' title='bbox 2356 1055 2509 1122; x_wconf 86' lang='lat' dir='ltr'><strong>Quod</strong></span> <span class='ocrx_word' id='word_1_372' title='bbox 2539 1061 2763 1114; x_wconf 88' lang='lat' dir='ltr'><strong>minime</strong></span> <span class='ocrx_word' id='word_1_373' title='bbox 2786 1076 3088 1130; x_wconf 77' lang='lat' dir='ltr'><strong>repugnant</strong></span> <span class='ocrx_word' id='word_1_374' title='bbox 3112 1063 3257 1118; x_wconf 84' lang='lat' dir='ltr'><strong>dicta</strong></span> <span class='ocrx_word' id='word_1_375' title='bbox 3293 1065 3415 1125; x_wconf 83' lang='lat' dir='ltr'><strong>(etsi</strong></span> <span class='ocrx_word' id='word_1_376' title='bbox 3454 1066 3604 1119; x_wconf 88' lang='lat' dir='ltr'><strong>aliter</strong></span> <span class='ocrx_word' id='word_1_377' title='bbox 3625 1069 3740 1134; x_wconf 85' lang='lat' dir='ltr'><strong>qui-</strong></span> 
     </span>
    </p>
   </div>
   <div class='ocr_carea' id='block_1_65' title="bbox 2407 1146 3742 1223">
    <p class='ocr_par' dir='ltr' id='par_1_65' title="bbox 2407 1146 3742 1223">
     <span class='ocr_line' id='line_1_65' title="bbox 2407 1146 3742 1223; baseline 0.007 -23"><span class='ocrx_word' id='word_1_378' title='bbox 2407 1146 2633 1201; x_wconf 87' lang='lat' dir='ltr'><strong>busdam</strong></span> <span class='ocrx_word' id='word_1_379' title='bbox 2664 1150 2898 1220; x_wconf 90' lang='lat' dir='ltr'><strong>videtur)</strong></span> <span class='ocrx_word' id='word_1_380' title='bbox 2933 1169 2946 1204; x_wconf 92' lang='lat'><strong>:</strong></span> <span class='ocrx_word' id='word_1_381' title='bbox 2978 1150 3092 1221; x_wconf 81' lang='lat' dir='ltr'><strong>Ego</strong></span> <span class='ocrx_word' id='word_1_382' title='bbox 3135 1155 3248 1207; x_wconf 74' lang='lat' dir='ltr'><strong>veni</strong></span> <span class='ocrx_word' id='word_1_383' title='bbox 3277 1166 3335 1208; x_wconf 86' lang='lat' dir='ltr'><strong>ut</strong></span> <span class='ocrx_word' id='word_1_384' title='bbox 3383 1157 3630 1208; x_wconf 87' lang='lat' dir='ltr'><strong>mundum</strong></span> <span class='ocrx_word' id='word_1_385' title='bbox 3655 1157 3742 1223; x_wconf 80' lang='lat' dir='ltr'><strong>ju-</strong></span> 
     </span>
    </p>
   </div>
   <div class='ocr_carea' id='block_1_66' title="bbox 2409 1235 3743 1312">
    <p class='ocr_par' dir='ltr' id='par_1_66' title="bbox 2409 1235 3743 1312">
     <span class='ocr_line' id='line_1_66' title="bbox 2409 1235 3743 1312; baseline 0.008 -25"><span class='ocrx_word' id='word_1_386' title='bbox 2409 1235 2610 1299; x_wconf 86' lang='lat' dir='ltr'><strong>dicem;</strong></span> <span class='ocrx_word' id='word_1_387' title='bbox 2646 1238 2920 1308; x_wconf 87' lang='lat' dir='ltr'><strong>itemque:</strong></span> <span class='ocrx_word' id='word_1_388' title='bbox 2962 1240 3082 1294; x_wconf 81' lang='lat' dir='ltr'><strong>Non</strong></span> <span class='ocrx_word' id='word_1_389' title='bbox 3130 1246 3244 1297; x_wconf 82' lang='lat' dir='ltr'><strong>veni</strong></span> <span class='ocrx_word' id='word_1_390' title='bbox 3281 1254 3339 1297; x_wconf 86' lang='lat' dir='ltr'><strong>ut</strong></span> <span class='ocrx_word' id='word_1_391' title='bbox 3384 1249 3630 1297; x_wconf 85' lang='lat' dir='ltr'><strong>mundum</strong></span> <span class='ocrx_word' id='word_1_392' title='bbox 3659 1245 3743 1312; x_wconf 83' lang='lat' dir='ltr'><strong>ju-</strong></span> 
     </span>
    </p>
   </div>
   <div class='ocr_carea' id='block_1_67' title="bbox 2428 1328 3568 1400">
    <p class='ocr_par' dir='ltr' id='par_1_67' title="bbox 2428 1328 3568 1400">
     <span class='ocr_line' id='line_1_67' title="bbox 2428 1328 3568 1400; baseline 0.006 -21"><span class='ocrx_word' id='word_1_393' title='bbox 2428 1328 2616 1391; x_wconf 83' lang='lat' dir='ltr'><strong>dicent,</strong></span> <span class='ocrx_word' id='word_1_394' title='bbox 2659 1333 2746 1382; x_wconf 87' lang='lat' dir='ltr'><strong>sed</strong></span> <span class='ocrx_word' id='word_1_395' title='bbox 2774 1340 2832 1382; x_wconf 87' lang='lat' dir='ltr'><strong>ut</strong></span> <span class='ocrx_word' id='word_1_396' title='bbox 2858 1333 3083 1386; x_wconf 85' lang='lat' dir='ltr'><strong>mundus</strong></span> <span class='ocrx_word' id='word_1_397' title='bbox 3107 1350 3198 1400; x_wconf 84' lang='lat' dir='ltr'><strong>per</strong></span> <span class='ocrx_word' id='word_1_398' title='bbox 3220 1351 3299 1388; x_wconf 89' lang='lat' dir='ltr'><strong>me</strong></span> <span class='ocrx_word' id='word_1_399' title='bbox 3322 1335 3568 1388; x_wconf 79' lang='lat' dir='ltr'><strong>salvetur.</strong></span> 
     </span>
    </p>
   </div>
   <div class='ocr_carea' id='block_1_68' title="bbox 2233 1417 3743 1492">
    <p class='ocr_par' dir='ltr' id='par_1_68' title="bbox 2233 1417 3743 1492">
     <span class='ocr_line' id='line_1_68' title="bbox 2233 1417 3743 1492; baseline 0.006 -22"><span class='ocrx_word' id='word_1_400' title='bbox 2233 1417 2319 1471; x_wconf 92' lang='grc'><strong>11.</strong></span> <span class='ocrx_word' id='word_1_401' title='bbox 2363 1417 2500 1482; x_wconf 87' lang='lat' dir='ltr'><strong>Quid</strong></span> <span class='ocrx_word' id='word_1_402' title='bbox 2521 1427 2624 1481; x_wconf 90' lang='lat' dir='ltr'><strong>est,</strong></span> <span class='ocrx_word' id='word_1_403' title='bbox 2654 1420 2835 1486; x_wconf 85' lang='lat' dir='ltr'><strong>Aperti</strong></span> <span class='ocrx_word' id='word_1_404' title='bbox 2859 1431 2980 1474; x_wconf 82' lang='lat' dir='ltr'><strong>sunt</strong></span> <span class='ocrx_word' id='word_1_405' title='bbox 3007 1423 3146 1474; x_wconf 87' lang='lat' dir='ltr'><strong>oculi</strong></span> <span class='ocrx_word' id='word_1_406' title='bbox 3172 1424 3391 1476; x_wconf 83' lang='lat' dir='ltr'><strong>eorum?</strong></span> <span class='ocrx_word' id='word_1_407' title='bbox 3412 1433 3464 1477; x_wconf 88' lang='lat' dir='ltr'><strong>et</strong></span> <span class='ocrx_word' id='word_1_408' title='bbox 3483 1425 3743 1492; x_wconf 88' lang='lat' dir='ltr'><strong>quomodo</strong></span> 
     </span>
    </p>
   </div>
   <div class='ocr_carea' id='block_1_69' title="bbox 2407 1507 3742 1580">
    <p class='ocr_par' dir='ltr' id='par_1_69' title="bbox 2407 1507 3742 1580">
     <span class='ocr_line' id='line_1_69' title="bbox 2407 1507 3742 1580; baseline 0.005 -21"><span class='ocrx_word' id='word_1_409' title='bbox 2407 1507 2660 1576; x_wconf 68' lang='lat' dir='ltr'><strong>praecepti</strong></span> <span class='ocrx_word' id='word_1_410' title='bbox 2700 1510 3063 1580; x_wconf 76' lang='lat' dir='ltr'><strong>transgressio</strong></span> <span class='ocrx_word' id='word_1_411' title='bbox 3111 1511 3218 1564; x_wconf 89' lang='lat' dir='ltr'><strong>vim</strong></span> <span class='ocrx_word' id='word_1_412' title='bbox 3263 1511 3538 1579; x_wconf 88' lang='lat' dir='ltr'><strong>aperiendi</strong></span> <span class='ocrx_word' id='word_1_413' title='bbox 3566 1511 3742 1566; x_wconf 86' lang='lat' dir='ltr'><strong>oculos</strong></span> 
     </span>
    </p>
   </div>
   <div class='ocr_carea' id='block_1_70' title="bbox 2404 1599 2612 1653">
    <p class='ocr_par' dir='ltr' id='par_1_70' title="bbox 2404 1599 2612 1653">
     <span class='ocr_line' id='line_1_70' title="bbox 2404 1599 2612 1653; baseline 0.005 -2"><span class='ocrx_word' id='word_1_414' title='bbox 2404 1599 2612 1653; x_wconf 88' lang='lat' dir='ltr'><strong>habuit.</strong></span> 
     </span>
    </p>
   </div>
   <div class='ocr_carea' id='block_1_71' title="bbox 2232 1685 3740 1760">
    <p class='ocr_par' dir='ltr' id='par_1_71' title="bbox 2232 1685 3740 1760">
     <span class='ocr_line' id='line_1_71' title="bbox 2232 1685 3740 1760; baseline 0.004 -23"><span class='ocrx_word' id='word_1_415' title='bbox 2232 1685 2323 1741; x_wconf 72' lang='lat'><strong>12.</strong></span> <span class='ocrx_word' id='word_1_416' title='bbox 2363 1685 2476 1741; x_wconf 91' lang='lat' dir='ltr'><strong>Cur</strong></span> <span class='ocrx_word' id='word_1_417' title='bbox 2524 1688 2774 1742; x_wconf 87' lang='lat' dir='ltr'><strong>tellurem</strong></span> <span class='ocrx_word' id='word_1_418' title='bbox 2820 1687 3031 1760; x_wconf 78' lang='lat' dir='ltr'><strong>Moyses</strong></span> <span class='ocrx_word' id='word_1_419' title='bbox 3070 1688 3397 1744; x_wconf 85' lang='lat' dir='ltr'><strong>invisibilem</strong></span> <span class='ocrx_word' id='word_1_420' title='bbox 3443 1688 3740 1758; x_wconf 84' lang='lat' dir='ltr'><strong>appellavit.</strong></span> 
     </span>
    </p>
   </div>
   <div class='ocr_carea' id='block_1_72' title="bbox 2231 1777 3745 1850">
    <p class='ocr_par' dir='ltr' id='par_1_72' title="bbox 2231 1777 3745 1850">
     <span class='ocr_line' id='line_1_72' title="bbox 2231 1777 3745 1850; baseline 0.003 -20"><span class='ocrx_word' id='word_1_421' title='bbox 2231 1779 2320 1833; x_wconf 78' lang='grc'><strong>15.</strong></span> <span class='ocrx_word' id='word_1_422' title='bbox 2361 1779 2472 1833; x_wconf 87' lang='lat' dir='ltr'><strong>Cur</strong></span> <span class='ocrx_word' id='word_1_423' title='bbox 2514 1777 2659 1833; x_wconf 90' lang='lat' dir='ltr'><strong>Deus</strong></span> <span class='ocrx_word' id='word_1_424' title='bbox 2712 1793 2867 1832; x_wconf 89' lang='lat' dir='ltr'><strong>esum</strong></span> <span class='ocrx_word' id='word_1_425' title='bbox 2911 1780 3156 1833; x_wconf 89' lang='lat' dir='ltr'><strong>carnium</strong></span> <span class='ocrx_word' id='word_1_426' title='bbox 3203 1795 3232 1833; x_wconf 87' lang='lat' dir='ltr'><strong>a</strong></span> <span class='ocrx_word' id='word_1_427' title='bbox 3279 1778 3410 1834; x_wconf 86' lang='lat' dir='ltr'><strong>feris</strong></span> <span class='ocrx_word' id='word_1_428' title='bbox 3457 1781 3745 1850; x_wconf 83' lang='lat' dir='ltr'><strong>discerpta-</strong></span> 
     </span>
    </p>
   </div>
   <div class='ocr_carea' id='block_1_73' title="bbox 2405 1869 3194 1924">
    <p class='ocr_par' dir='ltr' id='par_1_73' title="bbox 2405 1869 3194 1924">
     <span class='ocr_line' id='line_1_73' title="bbox 2405 1869 3194 1924; baseline 0.001 -3"><span class='ocrx_word' id='word_1_429' title='bbox 2405 1884 2525 1922; x_wconf 91' lang='lat' dir='ltr'><strong>rum</strong></span> <span class='ocrx_word' id='word_1_430' title='bbox 2556 1869 2870 1924; x_wconf 91' lang='lat' dir='ltr'><strong>hominibus</strong></span> <span class='ocrx_word' id='word_1_431' title='bbox 2897 1870 3194 1924; x_wconf 77' lang='lat' dir='ltr'><strong>interdixit.</strong></span> 
     </span>
    </p>
   </div>
   <div class='ocr_carea' id='block_1_74' title="bbox 2230 1953 3742 2027">
    <p class='ocr_par' dir='ltr' id='par_1_74' title="bbox 2230 1953 3742 2027">
     <span class='ocr_line' id='line_1_74' title="bbox 2230 1953 3742 2027; baseline 0.003 -19"><span class='ocrx_word' id='word_1_432' title='bbox 2230 1955 2320 2009; x_wconf 80' lang='grc'><strong>14.</strong></span> <span class='ocrx_word' id='word_1_433' title='bbox 2361 1953 2646 2021; x_wconf 82' lang='lat' dir='ltr'><strong>Quomodo</strong></span> <span class='ocrx_word' id='word_1_434' title='bbox 2678 1955 3089 2025; x_wconf 83' lang='lat' dir='ltr'><strong>intelligendum</strong></span> <span class='ocrx_word' id='word_1_435' title='bbox 3117 1956 3245 2011; x_wconf 88' lang='lat' dir='ltr'><strong>illud</strong></span> <span class='ocrx_word' id='word_1_436' title='bbox 3277 1975 3292 2011; x_wconf 91' lang='lat'><strong>:</strong></span> <span class='ocrx_word' id='word_1_437' title='bbox 3322 1955 3451 2012; x_wconf 85' lang='lat' dir='ltr'><strong>Non</strong></span> <span class='ocrx_word' id='word_1_438' title='bbox 3478 1957 3742 2027; x_wconf 78' lang='lat' dir='ltr'><strong>apparebis</strong></span> 
     </span>
    </p>
   </div>
   <div class='ocr_carea' id='block_1_75' title="bbox 2397 2061 2933 2099">
    <p class='ocr_par' dir='ltr' id='par_1_75' title="bbox 2397 2061 2933 2099">
     <span class='ocr_line' id='line_1_75' title="bbox 2397 2061 2933 2099; baseline 0.004 -2"><span class='ocrx_word' id='word_1_439' title='bbox 2397 2061 2591 2098; x_wconf 80' lang='lat' dir='ltr'><strong>vacuus</strong></span> <span class='ocrx_word' id='word_1_440' title='bbox 2625 2061 2803 2099; x_wconf 88' lang='lat' dir='ltr'><strong>coram</strong></span> <span class='ocrx_word' id='word_1_441' title='bbox 2831 2062 2933 2099; x_wconf 87' lang='lat' dir='ltr'><strong>me.</strong></span> 
     </span>
    </p>
   </div>
   <div class='ocr_carea' id='block_1_76' title="bbox 2227 2133 3746 2207">
    <p class='ocr_par' dir='ltr' id='par_1_76' title="bbox 2227 2133 3746 2207">
     <span class='ocr_line' id='line_1_76' title="bbox 2227 2133 3746 2207; baseline 0.003 -19"><span class='ocrx_word' id='word_1_442' title='bbox 2227 2134 2316 2191; x_wconf 81' lang='grc'><strong>15.</strong></span> <span class='ocrx_word' id='word_1_443' title='bbox 2357 2133 2636 2202; x_wconf 88' lang='lat' dir='ltr'><strong>Quomodo</strong></span> <span class='ocrx_word' id='word_1_444' title='bbox 2677 2151 2784 2190; x_wconf 91' lang='lat' dir='ltr'><strong>non</strong></span> <span class='ocrx_word' id='word_1_445' title='bbox 2837 2143 3142 2205; x_wconf 85' lang='lat' dir='ltr'><strong>repugnant</strong></span> <span class='ocrx_word' id='word_1_446' title='bbox 3183 2136 3327 2191; x_wconf 86' lang='lat' dir='ltr'><strong>dicta</strong></span> <span class='ocrx_word' id='word_1_447' title='bbox 3378 2139 3514 2202; x_wconf 66' lang='lat' dir='ltr'><strong>haec,</strong></span> <span class='ocrx_word' id='word_1_448' title='bbox 3559 2152 3746 2207; x_wconf 87' lang='lat' dir='ltr'><strong>nempe</strong></span> 
     </span>
    </p>
   </div>
   <div class='ocr_carea' id='block_1_77' title="bbox 2403 2225 3746 2291">
    <p class='ocr_par' dir='ltr' id='par_1_77' title="bbox 2403 2225 3746 2291">
     <span class='ocr_line' id='line_1_77' title="bbox 2403 2225 3746 2291; baseline 0.001 -11"><span class='ocrx_word' id='word_1_449' title='bbox 2403 2225 2599 2280; x_wconf 88' lang='lat' dir='ltr'><strong>Omnia</strong></span> <span class='ocrx_word' id='word_1_450' title='bbox 2619 2238 2769 2280; x_wconf 83' lang='lat' dir='ltr'><strong>erant</strong></span> <span class='ocrx_word' id='word_1_451' title='bbox 2803 2227 2955 2280; x_wconf 82' lang='lat' dir='ltr'><strong>valde</strong></span> <span class='ocrx_word' id='word_1_452' title='bbox 2980 2233 3153 2291; x_wconf 84' lang='lat' dir='ltr'><strong>bona;</strong></span> <span class='ocrx_word' id='word_1_453' title='bbox 3182 2227 3382 2283; x_wconf 81' lang='lat' dir='ltr'><strong>deinde</strong></span> <span class='ocrx_word' id='word_1_454' title='bbox 3411 2244 3536 2284; x_wconf 84' lang='lat' dir='ltr'><strong>vero</strong></span> <span class='ocrx_word' id='word_1_455' title='bbox 3558 2230 3746 2284; x_wconf 84' lang='lat' dir='ltr'><strong>distin-</strong></span> 
     </span>
    </p>
   </div>
   <div class='ocr_carea' id='block_1_78' title="bbox 2395 2318 3743 2387">
    <p class='ocr_par' dir='ltr' id='par_1_78' title="bbox 2395 2318 3743 2387">
     <span class='ocr_line' id='line_1_78' title="bbox 2395 2318 3743 2387; baseline -0.001 -14"><span class='ocrx_word' id='word_1_456' title='bbox 2395 2320 2523 2384; x_wconf 91' lang='lat' dir='ltr'><strong>ctio,</strong></span> <span class='ocrx_word' id='word_1_457' title='bbox 2557 2335 2664 2387; x_wconf 91' lang='lat' dir='ltr'><strong>qua</strong></span> <span class='ocrx_word' id='word_1_458' title='bbox 2706 2318 2816 2372; x_wconf 91' lang='lat' dir='ltr'><strong>alia</strong></span> <span class='ocrx_word' id='word_1_459' title='bbox 2857 2319 3112 2373; x_wconf 89' lang='lat' dir='ltr'><strong>animalia</strong></span> <span class='ocrx_word' id='word_1_460' title='bbox 3152 2319 3294 2374; x_wconf 89' lang='lat' dir='ltr'><strong>dicta</strong></span> <span class='ocrx_word' id='word_1_461' title='bbox 3343 2330 3478 2375; x_wconf 78' lang='lat' dir='ltr'><strong>sunt</strong></span> <span class='ocrx_word' id='word_1_462' title='bbox 3525 2319 3743 2385; x_wconf 85' lang='lat' dir='ltr'><strong>munda,</strong></span> 
     </span>
    </p>
   </div>
   <div class='ocr_carea' id='block_1_79' title="bbox 2397 2407 2833 2464">
    <p class='ocr_par' dir='ltr' id='par_1_79' title="bbox 2397 2407 2833 2464">
     <span class='ocr_line' id='line_1_79' title="bbox 2397 2407 2833 2464; baseline 0.002 -2"><span class='ocrx_word' id='word_1_463' title='bbox 2397 2409 2499 2463; x_wconf 90' lang='lat' dir='ltr'><strong>alia</strong></span> <span class='ocrx_word' id='word_1_464' title='bbox 2531 2407 2833 2464; x_wconf 88' lang='lat' dir='ltr'><strong>immunda.</strong></span> 
     </span>
    </p>
   </div>
   <div class='ocr_carea' id='block_1_80' title="bbox 2223 2497 3743 2567">
    <p class='ocr_par' dir='ltr' id='par_1_80' title="bbox 2223 2497 3743 2567">
     <span class='ocr_line' id='line_1_80' title="bbox 2223 2497 3743 2567; baseline 0.001 -14"><span class='ocrx_word' id='word_1_465' title='bbox 2223 2497 2307 2553; x_wconf 88' lang='grc'><strong>16.</strong></span> <span class='ocrx_word' id='word_1_466' title='bbox 2347 2497 2456 2552; x_wconf 89' lang='lat' dir='ltr'><strong>Cur</strong></span> <span class='ocrx_word' id='word_1_467' title='bbox 2503 2499 2584 2551; x_wconf 83' lang='lat' dir='ltr'><strong>vir</strong></span> <span class='ocrx_word' id='word_1_468' title='bbox 2628 2500 2694 2552; x_wconf 90' lang='lat' dir='ltr'><strong>ab</strong></span> <span class='ocrx_word' id='word_1_469' title='bbox 2745 2497 2936 2553; x_wconf 69' lang='lat' dir='ltr'><strong>haeresi</strong></span> <span class='ocrx_word' id='word_1_470' title='bbox 2977 2498 3243 2567; x_wconf 88' lang='lat' dir='ltr'><strong>resiliens,</strong></span> <span class='ocrx_word' id='word_1_471' title='bbox 3289 2501 3341 2555; x_wconf 91' lang='lat' dir='ltr'><strong>si</strong></span> <span class='ocrx_word' id='word_1_472' title='bbox 3385 2504 3552 2556; x_wconf 85' lang='lat' dir='ltr'><strong>modo</strong></span> <span class='ocrx_word' id='word_1_473' title='bbox 3585 2502 3743 2556; x_wconf 87' lang='lat' dir='ltr'><strong>vitam</strong></span> 
     </span>
    </p>
   </div>
   <div class='ocr_carea' id='block_1_81' title="bbox 2394 2588 3746 2658">
    <p class='ocr_par' dir='ltr' id='par_1_81' title="bbox 2394 2588 3746 2658">
     <span class='ocr_line' id='line_1_81' title="bbox 2394 2588 3746 2658; baseline 0.003 -16"><span class='ocrx_word' id='word_1_474' title='bbox 2394 2588 2724 2658; x_wconf 89' lang='lat' dir='ltr'><strong>inculpatam</strong></span> <span class='ocrx_word' id='word_1_475' title='bbox 2752 2589 2964 2650; x_wconf 88' lang='lat' dir='ltr'><strong>haheat,</strong></span> <span class='ocrx_word' id='word_1_476' title='bbox 2996 2590 3064 2642; x_wconf 89' lang='lat' dir='ltr'><strong>ad</strong></span> <span class='ocrx_word' id='word_1_477' title='bbox 3102 2589 3476 2646; x_wconf 83' lang='lat' dir='ltr'><strong>sacerdotium</strong></span> <span class='ocrx_word' id='word_1_478' title='bbox 3512 2592 3746 2646; x_wconf 85' lang='lat' dir='ltr'><strong>admitti-</strong></span> 
     </span>
    </p>
   </div>
   <div class='ocr_carea' id='block_1_82' title="bbox 2393 2678 3749 2747">
    <p class='ocr_par' dir='ltr' id='par_1_82' title="bbox 2393 2678 3749 2747">
     <span class='ocr_line' id='line_1_82' title="bbox 2393 2678 3749 2747; baseline 0.003 -17"><span class='ocrx_word' id='word_1_479' title='bbox 2393 2687 2513 2742; x_wconf 93' lang='lat' dir='ltr'><strong>tur;</strong></span> <span class='ocrx_word' id='word_1_480' title='bbox 2566 2678 2660 2747; x_wconf 93' lang='lat' dir='ltr'><strong>qui</strong></span> <span class='ocrx_word' id='word_1_481' title='bbox 2722 2688 2901 2731; x_wconf 89' lang='lat' dir='ltr'><strong>autent</strong></span> <span class='ocrx_word' id='word_1_482' title='bbox 2959 2680 3245 2746; x_wconf 90' lang='lat' dir='ltr'><strong>corporeis</strong></span> <span class='ocrx_word' id='word_1_483' title='bbox 3310 2682 3540 2736; x_wconf 76' lang='lat' dir='ltr'><strong>maculis</strong></span> <span class='ocrx_word' id='word_1_484' title='bbox 3594 2681 3749 2735; x_wconf 80' lang='lat' dir='ltr'><strong>fuerit</strong></span> 
     </span>
    </p>
   </div>
   <div class='ocr_carea' id='block_1_83' title="bbox 2395 2769 3850 2838">
    <p class='ocr_par' dir='ltr' id='par_1_83' title="bbox 2395 2769 3850 2838">
     <span class='ocr_line' id='line_1_83' title="bbox 2395 2769 3850 2838; baseline 0.003 -16"><span class='ocrx_word' id='word_1_485' title='bbox 2395 2769 2735 2838; x_wconf 89' lang='lat' dir='ltr'><strong>inquinatus,</strong></span> <span class='ocrx_word' id='word_1_486' title='bbox 2771 2769 2986 2823; x_wconf 90' lang='lat' dir='ltr'><strong>etiamsi</strong></span> <span class='ocrx_word' id='word_1_487' title='bbox 3021 2770 3201 2838; x_wconf 86' lang='lat' dir='ltr'><strong>pravis</strong></span> <span class='ocrx_word' id='word_1_488' title='bbox 3232 2773 3451 2828; x_wconf 90' lang='lat' dir='ltr'><strong>actibus</strong></span> <span class='ocrx_word' id='word_1_489' title='bbox 3481 2773 3749 2828; x_wconf 82' lang='lat' dir='ltr'><strong>abstinue-</strong></span> <span class='ocrx_word' id='word_1_490' title='bbox 3843 2770 3850 2778; x_wconf 83' lang='grc'><em>’</em></span> 
     </span>
    </p>
   </div>
   <div class='ocr_carea' id='block_1_84' title="bbox 2394 2860 3748 2935">
    <p class='ocr_par' dir='ltr' id='par_1_84' title="bbox 2394 2860 3748 2935">
     <span class='ocr_line' id='line_1_84' title="bbox 2394 2860 3748 2935; baseline 0.003 -21"><span class='ocrx_word' id='word_1_491' title='bbox 2394 2862 2483 2923; x_wconf 91' lang='lat' dir='ltr'><strong>rlt,</strong></span> <span class='ocrx_word' id='word_1_492' title='bbox 2536 2860 2892 2916; x_wconf 85' lang='lat' dir='ltr'><strong>nihilominus</strong></span> <span class='ocrx_word' id='word_1_493' title='bbox 2933 2861 3001 2914; x_wconf 90' lang='lat' dir='ltr'><strong>ad</strong></span> <span class='ocrx_word' id='word_1_494' title='bbox 3046 2862 3418 2918; x_wconf 83' lang='lat' dir='ltr'><strong>sacerdOtium</strong></span> <span class='ocrx_word' id='word_1_495' title='bbox 3471 2879 3580 2918; x_wconf 91' lang='lat' dir='ltr'><strong>non</strong></span> <span class='ocrx_word' id='word_1_496' title='bbox 3629 2877 3748 2935; x_wconf 89' lang='lat' dir='ltr'><strong>pro-</strong></span> 
     </span>
    </p>
   </div>
   <div class='ocr_carea' id='block_1_85' title="bbox 2389 2962 2658 3003">
    <p class='ocr_par' dir='ltr' id='par_1_85' title="bbox 2389 2962 2658 3003">
     <span class='ocr_line' id='line_1_85' title="bbox 2389 2962 2658 3003; baseline 0 -1"><span class='ocrx_word' id='word_1_497' title='bbox 2389 2962 2658 3003; x_wconf 87' lang='lat' dir='ltr'><strong>movetur.</strong></span> 
     </span>
    </p>
   </div>
   <div class='ocr_carea' id='block_1_86' title="bbox 2218 3039 3751 3114">
    <p class='ocr_par' dir='ltr' id='par_1_86' title="bbox 2218 3039 3751 3114">
     <span class='ocr_line' id='line_1_86' title="bbox 2218 3039 3751 3114; baseline 0.003 -20"><span class='ocrx_word' id='word_1_498' title='bbox 2218 3039 2305 3094; x_wconf 90' lang='grc'><strong>17.</strong></span> <span class='ocrx_word' id='word_1_499' title='bbox 2349 3041 2589 3094; x_wconf 77' lang='lat' dir='ltr'><strong>Curnam</strong></span> <span class='ocrx_word' id='word_1_500' title='bbox 2619 3051 2908 3111; x_wconf 88' lang='lat' dir='ltr'><strong>antequam</strong></span> <span class='ocrx_word' id='word_1_501' title='bbox 2931 3041 3126 3114; x_wconf 83' lang='lat' dir='ltr'><strong>Joseph</strong></span> <span class='ocrx_word' id='word_1_502' title='bbox 3148 3044 3218 3099; x_wconf 91' lang='lat' dir='ltr'><strong>de</strong></span> <span class='ocrx_word' id='word_1_503' title='bbox 3239 3044 3568 3100; x_wconf 86' lang='lat' dir='ltr'><strong>dimittenda</strong></span> <span class='ocrx_word' id='word_1_504' title='bbox 3590 3041 3751 3100; x_wconf 76' lang='lat' dir='ltr'><strong>Maria</strong></span> 
     </span>
    </p>
   </div>
   <div class='ocr_carea' id='block_1_87' title="bbox 2387 3131 3751 3215">
    <p class='ocr_par' dir='ltr' id='par_1_87' title="bbox 2387 3131 3751 3215">
     <span class='ocr_line' id='line_1_87' title="bbox 2387 3131 3751 3215; baseline 0.002 -31"><span class='ocrx_word' id='word_1_505' title='bbox 2387 3131 2666 3199; x_wconf 83' lang='lat' dir='ltr'><strong>cogitaret,</strong></span> <span class='ocrx_word' id='word_1_506' title='bbox 2701 3131 2843 3186; x_wconf 82' lang='lat' dir='ltr'><strong>haud</strong></span> <span class='ocrx_word' id='word_1_507' title='bbox 2861 3135 3054 3215; x_wconf 55' lang='lat' dir='ltr'><strong>.astitit</strong></span> <span class='ocrx_word' id='word_1_508' title='bbox 3097 3134 3326 3204; x_wconf 73' lang='lat' dir='ltr'><strong>angelus</strong></span> <span class='ocrx_word' id='word_1_509' title='bbox 3368 3137 3751 3206; x_wconf 85' lang='lat' dir='ltr'><strong>cogitationem</strong></span> 
     </span>
    </p>
   </div>
   <div class='ocr_carea' id='block_1_88' title="bbox 2389 3225 3752 3294">
    <p class='ocr_par' dir='ltr' id='par_1_88' title="bbox 2389 3225 3752 3294">
     <span class='ocr_line' id='line_1_88' title="bbox 2389 3225 3752 3294; baseline 0.002 -20"><span class='ocrx_word' id='word_1_510' title='bbox 2389 3235 2510 3274; x_wconf 91' lang='lat' dir='ltr'><strong>eam</strong></span> <span class='ocrx_word' id='word_1_511' title='bbox 2555 3231 2934 3290; x_wconf 85' lang='lat' dir='ltr'><strong>antevertens;</strong></span> <span class='ocrx_word' id='word_1_512' title='bbox 2967 3240 3150 3278; x_wconf 83' lang='lat' dir='ltr'><strong>verum</strong></span> <span class='ocrx_word' id='word_1_513' title='bbox 3191 3237 3489 3294; x_wconf 78' lang='lat' dir='ltr'><strong>postquam</strong></span> <span class='ocrx_word' id='word_1_514' title='bbox 3541 3247 3568 3282; x_wconf 80' lang='lat' dir='ltr'><strong>tt</strong></span> <span class='ocrx_word' id='word_1_515' title='bbox 3605 3225 3752 3293; x_wconf 60' lang='lat' dir='ltr'><strong>coti-</strong></span> 
     </span>
    </p>
   </div>
   <div class='ocr_carea' id='block_1_89' title="bbox 2389 3313 3755 3380">
    <p class='ocr_par' dir='ltr' id='par_1_89' title="bbox 2389 3313 3755 3380">
     <span class='ocr_line' id='line_1_89' title="bbox 2389 3313 3755 3380; baseline 0.006 -16"><span class='ocrx_word' id='word_1_516' title='bbox 2389 3313 2596 3365; x_wconf 90' lang='lat' dir='ltr'><strong>tatione</strong></span> <span class='ocrx_word' id='word_1_517' title='bbox 2640 3314 2704 3366; x_wconf 88' lang='lat' dir='ltr'><strong>ad</strong></span> <span class='ocrx_word' id='word_1_518' title='bbox 2739 3324 2918 3368; x_wconf 89' lang='lat' dir='ltr'><strong>actum</strong></span> <span class='ocrx_word' id='word_1_519' title='bbox 2957 3315 3048 3369; x_wconf 91' lang='lat' dir='ltr'><strong>ille</strong></span> <span class='ocrx_word' id='word_1_520' title='bbox 3071 3316 3233 3380; x_wconf 88' lang='lat' dir='ltr'><strong>venit,</strong></span> <span class='ocrx_word' id='word_1_521' title='bbox 3263 3327 3404 3372; x_wconf 90' lang='lat' dir='ltr'><strong>tunc</strong></span> <span class='ocrx_word' id='word_1_522' title='bbox 3439 3317 3652 3373; x_wconf 74' lang='lat' dir='ltr'><strong>astitit!</strong></span> <span class='ocrx_word' id='word_1_523' title='bbox 3688 3317 3755 3372; x_wconf 68' lang='lat' dir='ltr'><strong>lit</strong></span> 
     </span>
    </p>
   </div>
   <div class='ocr_carea' id='block_1_90' title="bbox 2386 3404 3517 3474">
    <p class='ocr_par' dir='ltr' id='par_1_90' title="bbox 2386 3404 3517 3474">
     <span class='ocr_line' id='line_1_90' title="bbox 2386 3404 3517 3474; baseline 0.005 -18"><span class='ocrx_word' id='word_1_524' title='bbox 2386 3419 2485 3457; x_wconf 91' lang='lat' dir='ltr'><strong>cur</strong></span> <span class='ocrx_word' id='word_1_525' title='bbox 2515 3404 2800 3474; x_wconf 83' lang='lat' dir='ltr'><strong>virginem,</strong></span> <span class='ocrx_word' id='word_1_526' title='bbox 2833 3407 3054 3474; x_wconf 79' lang='lat' dir='ltr'><strong>Josepbi</strong></span> <span class='ocrx_word' id='word_1_527' title='bbox 3087 3420 3320 3461; x_wconf 83' lang='lat' dir='ltr'><strong>uxorem</strong></span> <span class='ocrx_word' id='word_1_528' title='bbox 3354 3407 3517 3462; x_wconf 84' lang='lat' dir='ltr'><strong>dixit.</strong></span> 
     </span>
    </p>
   </div>
   <div class='ocr_carea' id='block_1_91' title="bbox 2213 3493 3752 3568">
    <p class='ocr_par' dir='ltr' id='par_1_91' title="bbox 2213 3493 3752 3568">
     <span class='ocr_line' id='line_1_91' title="bbox 2213 3493 3752 3568; baseline 0.004 -23"><span class='ocrx_word' id='word_1_529' title='bbox 2213 3494 2298 3548; x_wconf 85' lang='grc'><strong>18.</strong></span> <span class='ocrx_word' id='word_1_530' title='bbox 2340 3493 2486 3559; x_wconf 89' lang='lat' dir='ltr'><strong>Quid</strong></span> <span class='ocrx_word' id='word_1_531' title='bbox 2525 3495 2836 3562; x_wconf 80' lang='lat' dir='ltr'><strong>signiﬁcant</strong></span> <span class='ocrx_word' id='word_1_532' title='bbox 2873 3497 3079 3551; x_wconf 89' lang='lat' dir='ltr'><strong>verba:</strong></span> <span class='ocrx_word' id='word_1_533' title='bbox 3112 3495 3245 3550; x_wconf 83' lang='lat' dir='ltr'><strong>Ecce</strong></span> <span class='ocrx_word' id='word_1_534' title='bbox 3289 3499 3469 3553; x_wconf 80' lang='lat' dir='ltr'><strong>Adam</strong></span> <span class='ocrx_word' id='word_1_535' title='bbox 3501 3509 3752 3568; x_wconf 82' lang='lat' dir='ltr'><strong>tanquam</strong></span> 
     </span>
    </p>
   </div>
   <div class='ocr_carea' id='block_1_92' title="bbox 2390 3586 3756 3661">
    <p class='ocr_par' dir='ltr' id='par_1_92' title="bbox 2390 3586 3756 3661">
     <span class='ocr_line' id='line_1_92' title="bbox 2390 3586 3756 3661; baseline 0.004 -25"><span class='ocrx_word' id='word_1_536' title='bbox 2390 3600 2526 3638; x_wconf 84' lang='lat' dir='ltr'><strong>unus</strong></span> <span class='ocrx_word' id='word_1_537' title='bbox 2567 3601 2632 3638; x_wconf 73' lang='lat' dir='ltr'><strong>ea;</strong></span> <span class='ocrx_word' id='word_1_538' title='bbox 2682 3586 2828 3639; x_wconf 86' lang='lat' dir='ltr'><strong>nobis</strong></span> <span class='ocrx_word' id='word_1_539' title='bbox 2873 3587 3046 3656; x_wconf 81' lang='lat' dir='ltr'><strong>[actus</strong></span> <span class='ocrx_word' id='word_1_540' title='bbox 3094 3599 3193 3654; x_wconf 86' lang='lat' dir='ltr'><strong>est,</strong></span> <span class='ocrx_word' id='word_1_541' title='bbox 3228 3589 3304 3642; x_wconf 85' lang='lat' dir='ltr'><strong>ad</strong></span> <span class='ocrx_word' id='word_1_542' title='bbox 3349 3593 3475 3643; x_wconf 85' lang='lat' dir='ltr'><strong>boni</strong></span> <span class='ocrx_word' id='word_1_543' title='bbox 3508 3593 3756 3661; x_wconf 80' lang='lat' dir='ltr'><strong>pravique</strong></span> 
     </span>
    </p>
   </div>
   <div class='ocr_carea' id='block_1_93' title="bbox 2382 3675 2751 3744">
    <p class='ocr_par' dir='ltr' id='par_1_93' title="bbox 2382 3675 2751 3744">
     <span class='ocr_line' id='line_1_93' title="bbox 2382 3675 2751 3744; baseline 0.005 -17"><span class='ocrx_word' id='word_1_544' title='bbox 2382 3675 2751 3744; x_wconf 83' lang='lat' dir='ltr'><strong>cognitionem.</strong></span> 
     </span>
    </p>
   </div>
   <div class='ocr_carea' id='block_1_94' title="bbox 2213 3763 3755 3840">
    <p class='ocr_par' dir='ltr' id='par_1_94' title="bbox 2213 3763 3755 3840">
     <span class='ocr_line' id='line_1_94' title="bbox 2213 3763 3755 3840; baseline 0.005 -22"><span class='ocrx_word' id='word_1_545' title='bbox 2213 3764 2296 3819; x_wconf 86' lang='lat' dir='ltr'><strong>l9.</strong></span> <span class='ocrx_word' id='word_1_546' title='bbox 2335 3763 2478 3830; x_wconf 86' lang='lat' dir='ltr'><strong>Quid</strong></span> <span class='ocrx_word' id='word_1_547' title='bbox 2533 3765 2843 3835; x_wconf 78' lang='lat' dir='ltr'><strong>signiﬁcant</strong></span> <span class='ocrx_word' id='word_1_548' title='bbox 2894 3765 2985 3820; x_wconf 91' lang='lat' dir='ltr'><strong>illa</strong></span> <span class='ocrx_word' id='word_1_549' title='bbox 3032 3768 3174 3822; x_wconf 90' lang='lat' dir='ltr'><strong>dicta</strong></span> <span class='ocrx_word' id='word_1_550' title='bbox 3229 3786 3242 3822; x_wconf 91' lang='lat'><strong>:</strong></span> <span class='ocrx_word' id='word_1_551' title='bbox 3307 3769 3475 3825; x_wconf 87' lang='lat' dir='ltr'><strong>Omni</strong></span> <span class='ocrx_word' id='word_1_552' title='bbox 3526 3783 3755 3840; x_wconf 81' lang='lat' dir='ltr'><strong>tempore</strong></span> 
     </span>
    </p>
   </div>
   <div class='ocr_carea' id='block_1_95' title="bbox 2382 3858 3751 3930">
    <p class='ocr_par' dir='ltr' id='par_1_95' title="bbox 2382 3858 3751 3930">
     <span class='ocr_line' id='line_1_95' title="bbox 2382 3858 3751 3930; baseline 0.006 -22"><span class='ocrx_word' id='word_1_553' title='bbox 2382 3867 2543 3908; x_wconf 81' lang='lat' dir='ltr'><strong>vestes</strong></span> <span class='ocrx_word' id='word_1_554' title='bbox 2582 3864 2686 3910; x_wconf 69' lang='lat' dir='ltr'><strong>tua:</strong></span> <span class='ocrx_word' id='word_1_555' title='bbox 2721 3859 2832 3910; x_wconf 84' lang='lat' dir='ltr'><strong>sint</strong></span> <span class='ocrx_word' id='word_1_556' title='bbox 2867 3858 3127 3925; x_wconf 75' lang='lat' dir='ltr'><strong>candidae,</strong></span> <span class='ocrx_word' id='word_1_557' title='bbox 3174 3876 3346 3930; x_wconf 85' lang='lat' dir='ltr'><strong>neque</strong></span> <span class='ocrx_word' id='word_1_558' title='bbox 3394 3863 3573 3916; x_wconf 87' lang='lat' dir='ltr'><strong>oleum</strong></span> <span class='ocrx_word' id='word_1_559' title='bbox 3619 3864 3751 3920; x_wconf 81' lang='lat' dir='ltr'><strong>desit</strong></span> 
     </span>
    </p>
   </div>
   <div class='ocr_carea' id='block_1_96' title="bbox 2381 3949 3749 4023">
    <p class='ocr_par' dir='ltr' id='par_1_96' title="bbox 2381 3949 3749 4023">
     <span class='ocr_line' id='line_1_96' title="bbox 2381 3949 3749 4023; baseline 0.004 -23"><span class='ocrx_word' id='word_1_560' title='bbox 2381 3949 2546 4015; x_wconf 85' lang='lat' dir='ltr'><strong>capiti</strong></span> <span class='ocrx_word' id='word_1_561' title='bbox 2580 3956 2670 4001; x_wconf 91' lang='lat' dir='ltr'><strong>tuo</strong></span> <span class='ocrx_word' id='word_1_562' title='bbox 2689 3963 2708 4012; x_wconf 88' lang='lat'><strong>;</strong></span> <span class='ocrx_word' id='word_1_563' title='bbox 2741 3957 2792 4001; x_wconf 88' lang='lat' dir='ltr'><strong>et</strong></span> <span class='ocrx_word' id='word_1_564' title='bbox 2822 3949 2966 4002; x_wconf 85' lang='lat' dir='ltr'><strong>oculi</strong></span> <span class='ocrx_word' id='word_1_565' title='bbox 2995 3952 3257 4018; x_wconf 81' lang='lat' dir='ltr'><strong>sapientes</strong></span> <span class='ocrx_word' id='word_1_566' title='bbox 3300 3953 3358 4005; x_wconf 86' lang='lat' dir='ltr'><strong>in</strong></span> <span class='ocrx_word' id='word_1_567' title='bbox 3397 3957 3578 4021; x_wconf 82' lang='lat' dir='ltr'><strong>capite</strong></span> <span class='ocrx_word' id='word_1_568' title='bbox 3611 3956 3749 4023; x_wconf 81' lang='lat' dir='ltr'><strong>ejus.</strong></span> 
     </span>
    </p>
   </div>
   <div class='ocr_carea' id='block_1_97' title="bbox 2204 4036 3752 4112">
    <p class='ocr_par' dir='ltr' id='par_1_97' title="bbox 2204 4036 3752 4112">
     <span class='ocr_line' id='line_1_97' title="bbox 2204 4036 3752 4112; baseline 0 -18"><span class='ocrx_word' id='word_1_569' title='bbox 2204 4038 2297 4094; x_wconf 73' lang='lat'><strong>20.</strong></span> <span class='ocrx_word' id='word_1_570' title='bbox 2337 4036 2534 4103; x_wconf 79' lang='lat' dir='ltr'><strong>Verba,</strong></span> <span class='ocrx_word' id='word_1_571' title='bbox 2581 4037 2838 4103; x_wconf 74' lang='lat' dir='ltr'><strong>Quantam</strong></span> <span class='ocrx_word' id='word_1_572' title='bbox 2894 4048 2969 4091; x_wconf 88' lang='lat' dir='ltr'><strong>est</strong></span> <span class='ocrx_word' id='word_1_573' title='bbox 3020 4051 3202 4112; x_wconf 0' lang='lat' dir='ltr'><strong>mater,</strong></span> <span class='ocrx_word' id='word_1_574' title='bbox 3232 4057 3376 4106; x_wconf 87' lang='lat' dir='ltr'><strong>mea,</strong></span> <span class='ocrx_word' id='word_1_575' title='bbox 3433 4053 3486 4096; x_wconf 89' lang='lat' dir='ltr'><strong>et</strong></span> <span class='ocrx_word' id='word_1_576' title='bbox 3531 4046 3752 4112; x_wconf 84' lang='lat' dir='ltr'><strong>quinam</strong></span> 
     </span>
    </p>
   </div>
   <div class='ocr_carea' id='block_1_98' title="bbox 2377 4129 3753 4206">
    <p class='ocr_par' dir='ltr' id='par_1_98' title="bbox 2377 4129 3753 4206">
     <span class='ocr_line' id='line_1_98' title="bbox 2377 4129 3753 4206; baseline 0.004 -24"><span class='ocrx_word' id='word_1_577' title='bbox 2377 4139 2501 4182; x_wconf 78' lang='lat' dir='ltr'><strong>sunt</strong></span> <span class='ocrx_word' id='word_1_578' title='bbox 2568 4129 2760 4197; x_wconf 77' lang='lat' dir='ltr'><strong>fratres</strong></span> <span class='ocrx_word' id='word_1_579' title='bbox 2815 4131 2957 4192; x_wconf 88' lang='lat' dir='ltr'><strong>mei,</strong></span> <span class='ocrx_word' id='word_1_580' title='bbox 3017 4133 3294 4198; x_wconf 89' lang='lat' dir='ltr'><strong>quomodo</strong></span> <span class='ocrx_word' id='word_1_581' title='bbox 3356 4135 3753 4206; x_wconf 80' lang='lat' dir='ltr'><strong>intelligenda?</strong></span> 
     </span>
    </p>
   </div>
   <div class='ocr_carea' id='block_1_99' title="bbox 2377 4221 3749 4298">
    <p class='ocr_par' dir='ltr' id='par_1_99' title="bbox 2377 4221 3749 4298">
     <span class='ocr_line' id='line_1_99' title="bbox 2377 4221 3749 4298; baseline 0.005 -22"><span class='ocrx_word' id='word_1_582' title='bbox 2377 4222 2532 4276; x_wconf 81' lang='lat' dir='ltr'><strong>Multi</strong></span> <span class='ocrx_word' id='word_1_583' title='bbox 2546 4221 2690 4276; x_wconf 93' lang='lat' dir='ltr'><strong>enim</strong></span> <span class='ocrx_word' id='word_1_584' title='bbox 2706 4222 2831 4276; x_wconf 90' lang='lat' dir='ltr'><strong>hinc</strong></span> <span class='ocrx_word' id='word_1_585' title='bbox 2843 4222 3145 4278; x_wconf 82' lang='lat' dir='ltr'><strong>oll&#39;endiculi</strong></span> <span class='ocrx_word' id='word_1_586' title='bbox 3162 4240 3352 4280; x_wconf 87' lang='lat' dir='ltr'><strong>ansam</strong></span> <span class='ocrx_word' id='word_1_587' title='bbox 3369 4240 3749 4298; x_wconf 90' lang='lat' dir='ltr'><strong>sumpserunt.</strong></span> 
     </span>
    </p>
   </div>
   <div class='ocr_carea' id='block_1_100' title="bbox 2208 4311 3753 4388">
    <p class='ocr_par' dir='ltr' id='par_1_100' title="bbox 2208 4311 3753 4388">
     <span class='ocr_line' id='line_1_100' title="bbox 2208 4311 3753 4388; baseline 0.005 -23"><span class='ocrx_word' id='word_1_588' title='bbox 2208 4312 2301 4366; x_wconf 68' lang='lat'><strong>9|.</strong></span> <span class='ocrx_word' id='word_1_589' title='bbox 2343 4311 2630 4377; x_wconf 88' lang='lat' dir='ltr'><strong>Quomodo</strong></span> <span class='ocrx_word' id='word_1_590' title='bbox 2665 4312 2868 4366; x_wconf 93' lang='lat' dir='ltr'><strong>dictum</strong></span> <span class='ocrx_word' id='word_1_591' title='bbox 2902 4314 3028 4366; x_wconf 88' lang='lat' dir='ltr'><strong>illttd</strong></span> <span class='ocrx_word' id='word_1_592' title='bbox 3065 4317 3309 4384; x_wconf 89' lang='lat' dir='ltr'><strong>antiquis</strong></span> <span class='ocrx_word' id='word_1_593' title='bbox 3342 4336 3357 4372; x_wconf 89' lang='lat'><strong>:</strong></span> <span class='ocrx_word' id='word_1_594' title='bbox 3393 4319 3628 4374; x_wconf 87' lang='lat' dir='ltr'><strong>Oculum</strong></span> <span class='ocrx_word' id='word_1_595' title='bbox 3659 4337 3753 4388; x_wconf 86' lang='lat' dir='ltr'><strong>pro</strong></span> 
     </span>
    </p>
   </div>
   <div class='ocr_carea' id='block_1_101' title="bbox 2382 4401 3755 4480">
    <p class='ocr_par' dir='ltr' id='par_1_101' title="bbox 2382 4401 3755 4480">
     <span class='ocr_line' id='line_1_101' title="bbox 2382 4401 3755 4480; baseline 0.004 -25"><span class='ocrx_word' id='word_1_596' title='bbox 2382 4401 2553 4465; x_wconf 88' lang='lat' dir='ltr'><strong>oculo,</strong></span> <span class='ocrx_word' id='word_1_597' title='bbox 2602 4412 2651 4456; x_wconf 90' lang='lat' dir='ltr'><strong>et</strong></span> <span class='ocrx_word' id='word_1_598' title='bbox 2699 4401 2905 4454; x_wconf 82' lang='lat' dir='ltr'><strong>dentem</strong></span> <span class='ocrx_word' id='word_1_599' title='bbox 2949 4420 3043 4472; x_wconf 84' lang='lat' dir='ltr'><strong>pro</strong></span> <span class='ocrx_word' id='word_1_600' title='bbox 3090 4407 3266 4470; x_wconf 84' lang='lat' dir='ltr'><strong>dente,</strong></span> <span class='ocrx_word' id='word_1_601' title='bbox 3319 4425 3432 4464; x_wconf 88' lang='lat' dir='ltr'><strong>non</strong></span> <span class='ocrx_word' id='word_1_602' title='bbox 3487 4419 3755 4480; x_wconf 76' lang='lat' dir='ltr'><strong>repugnat</strong></span> 
     </span>
    </p>
   </div>
   <div class='ocr_carea' id='block_1_102' title="bbox 2377 4490 3752 4566">
    <p class='ocr_par' dir='ltr' id='par_1_102' title="bbox 2377 4490 3752 4566">
     <span class='ocr_line' id='line_1_102' title="bbox 2377 4490 3752 4566; baseline 0.005 -21"><span class='ocrx_word' id='word_1_603' title='bbox 2377 4491 2507 4545; x_wconf 91' lang='lat' dir='ltr'><strong>huic</strong></span> <span class='ocrx_word' id='word_1_604' title='bbox 2546 4491 2736 4545; x_wconf 90' lang='lat' dir='ltr'><strong>dicto:</strong></span> <span class='ocrx_word' id='word_1_605' title='bbox 2774 4490 2880 4561; x_wconf 80' lang='lat' dir='ltr'><strong>Ego</strong></span> <span class='ocrx_word' id='word_1_606' title='bbox 2915 4502 3088 4546; x_wconf 85' lang='lat' dir='ltr'><strong>autem</strong></span> <span class='ocrx_word' id='word_1_607' title='bbox 3123 4495 3240 4548; x_wconf 87' lang='lat' dir='ltr'><strong>dico</strong></span> <span class='ocrx_word' id='word_1_608' title='bbox 3286 4498 3464 4566; x_wconf 80' lang='lat' dir='ltr'><strong>vobis,</strong></span> <span class='ocrx_word' id='word_1_609' title='bbox 3503 4517 3570 4553; x_wconf 90' lang='lat' dir='ltr'><strong>ne</strong></span> <span class='ocrx_word' id='word_1_610' title='bbox 3609 4501 3752 4552; x_wconf 86' lang='lat' dir='ltr'><strong>malo</strong></span> 
     </span>
    </p>
   </div>
   <div class='ocr_carea' id='block_1_103' title="bbox 2381 4582 3753 4660">
    <p class='ocr_par' dir='ltr' id='par_1_103' title="bbox 2381 4582 3753 4660">
     <span class='ocr_line' id='line_1_103' title="bbox 2381 4582 3753 4660; baseline 0.007 -26"><span class='ocrx_word' id='word_1_611' title='bbox 2381 4583 2679 4648; x_wconf 85' lang='lat' dir='ltr'><strong>resistatis;</strong></span> <span class='ocrx_word' id='word_1_612' title='bbox 2707 4582 2796 4637; x_wconf 85' lang='lat' dir='ltr'><strong>sed</strong></span> <span class='ocrx_word' id='word_1_613' title='bbox 2829 4583 2876 4636; x_wconf 80' lang='lat' dir='ltr'><strong>si</strong></span> <span class='ocrx_word' id='word_1_614' title='bbox 2902 4585 3019 4653; x_wconf 84' lang='lat' dir='ltr'><strong>quis</strong></span> <span class='ocrx_word' id='word_1_615' title='bbox 3043 4585 3099 4637; x_wconf 90' lang='lat' dir='ltr'><strong>in</strong></span> <span class='ocrx_word' id='word_1_616' title='bbox 3129 4585 3353 4641; x_wconf 75' lang='lat' dir='ltr'><strong>dextera</strong></span> <span class='ocrx_word' id='word_1_617' title='bbox 3377 4606 3522 4660; x_wconf 89' lang='lat' dir='ltr'><strong>gena</strong></span> <span class='ocrx_word' id='word_1_618' title='bbox 3557 4601 3607 4644; x_wconf 91' lang='lat' dir='ltr'><strong>te</strong></span> <span class='ocrx_word' id='word_1_619' title='bbox 3637 4607 3753 4660; x_wconf 82' lang='lat' dir='ltr'><strong>per-</strong></span> 
     </span>
    </p>
   </div>
   <div class='ocr_carea' id='block_1_104' title="bbox 2376 4673 3417 4742">
    <p class='ocr_par' dir='ltr' id='par_1_104' title="bbox 2376 4673 3417 4742">
     <span class='ocr_line' id='line_1_104' title="bbox 2376 4673 3417 4742; baseline 0.003 -15"><span class='ocrx_word' id='word_1_620' title='bbox 2376 4675 2620 4734; x_wconf 83' lang='lat' dir='ltr'><strong>cusserit,</strong></span> <span class='ocrx_word' id='word_1_621' title='bbox 2651 4674 2700 4726; x_wconf 86' lang='lat' dir='ltr'><strong>ei</strong></span> <span class='ocrx_word' id='word_1_622' title='bbox 2722 4673 2946 4742; x_wconf 72' lang='lat' dir='ltr'><strong>praebeto</strong></span> <span class='ocrx_word' id='word_1_623' title='bbox 2972 4676 3132 4728; x_wconf 88' lang='lat' dir='ltr'><strong>etiam</strong></span> <span class='ocrx_word' id='word_1_624' title='bbox 3157 4677 3417 4732; x_wconf 87' lang='lat' dir='ltr'><strong>alteram.</strong></span> 
     </span>
    </p>
   </div>
   <div class='ocr_carea' id='block_1_105' title="bbox 2204 4763 3760 4843">
    <p class='ocr_par' dir='ltr' id='par_1_105' title="bbox 2204 4763 3760 4843">
     <span class='ocr_line' id='line_1_105' title="bbox 2204 4763 3760 4843; baseline 0.006 -26"><span class='ocrx_word' id='word_1_625' title='bbox 2204 4764 2294 4818; x_wconf 72' lang='lat'><strong>9.2.</strong></span> <span class='ocrx_word' id='word_1_626' title='bbox 2336 4764 2474 4818; x_wconf 90' lang='lat' dir='ltr'><strong>Cum</strong></span> <span class='ocrx_word' id='word_1_627' title='bbox 2514 4763 2777 4818; x_wconf 90' lang='lat' dir='ltr'><strong>Dominus</strong></span> <span class='ocrx_word' id='word_1_628' title='bbox 2827 4765 3023 4819; x_wconf 78' lang='lat' dir='ltr'><strong>dixerit</strong></span> <span class='ocrx_word' id='word_1_629' title='bbox 3065 4783 3080 4819; x_wconf 89' lang='lat'><strong>:</strong></span> <span class='ocrx_word' id='word_1_630' title='bbox 3137 4766 3236 4821; x_wconf 78' lang='lat' dir='ltr'><strong>Vos</strong></span> <span class='ocrx_word' id='word_1_631' title='bbox 3290 4773 3426 4826; x_wconf 82' lang='lat' dir='ltr'><strong>estis</strong></span> <span class='ocrx_word' id='word_1_632' title='bbox 3484 4791 3553 4827; x_wconf 73' lang='lat' dir='ltr'><strong>ea:</strong></span> <span class='ocrx_word' id='word_1_633' title='bbox 3608 4785 3760 4843; x_wconf 85' lang='lat' dir='ltr'><strong>patre</strong></span> 
     </span>
    </p>
   </div>
   <div class='ocr_carea' id='block_1_106' title="bbox 2378 4854 3758 4927">
    <p class='ocr_par' dir='ltr' id='par_1_106' title="bbox 2378 4854 3758 4927">
     <span class='ocr_line' id='line_1_106' title="bbox 2378 4854 3758 4927; baseline 0.008 -19"><span class='ocrx_word' id='word_1_634' title='bbox 2378 4854 2599 4917; x_wconf 88' lang='lat' dir='ltr'><strong>diaboli,</strong></span> <span class='ocrx_word' id='word_1_635' title='bbox 2631 4855 2893 4921; x_wconf 72' lang='lat' dir='ltr'><strong>quaeritur</strong></span> <span class='ocrx_word' id='word_1_636' title='bbox 2930 4871 3220 4924; x_wconf 88' lang='lat' dir='ltr'><strong>quemnam</strong></span> <span class='ocrx_word' id='word_1_637' title='bbox 3248 4859 3548 4918; x_wconf 87' lang='lat' dir='ltr'><strong>diabolum</strong></span> <span class='ocrx_word' id='word_1_638' title='bbox 3586 4867 3758 4927; x_wconf 85' lang='lat' dir='ltr'><strong>dicat.</strong></span> 
     </span>
    </p>
   </div>
   <div class='ocr_carea' id='block_1_107' title="bbox 2341 4943 3274 5014">
    <p class='ocr_par' dir='ltr' id='par_1_107' title="bbox 2341 4943 3274 5014">
     <span class='ocr_line' id='line_1_107' title="bbox 2341 4943 3274 5014; baseline 0.003 -17"><span class='ocrx_word' id='word_1_639' title='bbox 2341 4971 2353 4981; x_wconf 90' lang='lat'><strong>-</strong></span> <span class='ocrx_word' id='word_1_640' title='bbox 2376 4951 2430 4997; x_wconf 91' lang='lat' dir='ltr'><strong>et</strong></span> <span class='ocrx_word' id='word_1_641' title='bbox 2464 4958 2754 5012; x_wconf 89' lang='lat' dir='ltr'><strong>quemnam</strong></span> <span class='ocrx_word' id='word_1_642' title='bbox 2791 4943 2992 4998; x_wconf 89' lang='lat' dir='ltr'><strong>diaboli</strong></span> <span class='ocrx_word' id='word_1_643' title='bbox 3039 4955 3274 5014; x_wconf 89' lang='lat' dir='ltr'><strong>patrem.</strong></span> 
     </span>
    </p>
   </div>
   <div class='ocr_carea' id='block_1_108' title="bbox 2201 5033 3763 5114">
    <p class='ocr_par' dir='ltr' id='par_1_108' title="bbox 2201 5033 3763 5114">
     <span class='ocr_line' id='line_1_108' title="bbox 2201 5033 3763 5114; baseline 0.008 -27"><span class='ocrx_word' id='word_1_644' title='bbox 2201 5034 2292 5089; x_wconf 72' lang='grc'><strong>25.</strong></span> <span class='ocrx_word' id='word_1_645' title='bbox 2334 5033 2605 5100; x_wconf 84' lang='lat' dir='ltr'><strong>Quotnam</strong></span> <span class='ocrx_word' id='word_1_646' title='bbox 2653 5034 2756 5088; x_wconf 78' lang='lat' dir='ltr'><strong>illze</strong></span> <span class='ocrx_word' id='word_1_647' title='bbox 2795 5035 2924 5099; x_wconf 91' lang='lat' dir='ltr'><strong>sint,</strong></span> <span class='ocrx_word' id='word_1_648' title='bbox 2959 5051 3081 5104; x_wconf 74' lang='lat' dir='ltr'><strong>quac</strong></span> <span class='ocrx_word' id='word_1_649' title='bbox 3121 5037 3426 5095; x_wconf 88' lang='lat' dir='ltr'><strong>Dominum</strong></span> <span class='ocrx_word' id='word_1_650' title='bbox 3471 5053 3763 5114; x_wconf 82' lang='lat' dir='ltr'><strong>unguento</strong></span> 
     </span>
    </p>
   </div>
   <div class='ocr_carea' id='block_1_109' title="bbox 2376 5133 2670 5179">
    <p class='ocr_par' dir='ltr' id='par_1_109' title="bbox 2376 5133 2670 5179">
     <span class='ocr_line' id='line_1_109' title="bbox 2376 5133 2670 5179; baseline 0.007 -2"><span class='ocrx_word' id='word_1_651' title='bbox 2376 5133 2670 5179; x_wconf 86' lang='lat' dir='ltr'><strong>unxerunt.</strong></span> 
     </span>
    </p>
   </div>
   <div class='ocr_carea' id='block_1_110' title="bbox 2197 5213 3764 5294">
    <p class='ocr_par' dir='ltr' id='par_1_110' title="bbox 2197 5213 3764 5294">
     <span class='ocr_line' id='line_1_110' title="bbox 2197 5213 3764 5294; baseline -0.001 -25"><span class='ocrx_word' id='word_1_652' title='bbox 2197 5214 2286 5269; x_wconf 71' lang='grc'><strong>24.</strong></span> <span class='ocrx_word' id='word_1_653' title='bbox 2329 5213 2614 5280; x_wconf 89' lang='lat' dir='ltr'><strong>Quomodo</strong></span> <span class='ocrx_word' id='word_1_654' title='bbox 2644 5215 3048 5282; x_wconf 80' lang='lat' dir='ltr'><strong>intelligendum</strong></span> <span class='ocrx_word' id='word_1_655' title='bbox 3083 5217 3212 5268; x_wconf 83' lang='lat' dir='ltr'><strong>illud</strong></span> <span class='ocrx_word' id='word_1_656' title='bbox 3247 5234 3262 5269; x_wconf 89' lang='lat'><strong>:</strong></span> <span class='ocrx_word' id='word_1_657' title='bbox 3294 5218 3595 5283; x_wconf 84' lang='lat' dir='ltr'><strong>Quodlibet</strong></span> <span class='ocrx_word' id='word_1_658' title='bbox 3639 5243 3764 5294; x_wconf 75' lang='lat' dir='ltr'><strong>pec-</strong></span> 
     </span>
    </p>
   </div>
   <div class='ocr_carea' id='block_1_111' title="bbox 2375 5306 3763 5382">
    <p class='ocr_par' dir='ltr' id='par_1_111' title="bbox 2375 5306 3763 5382">
     <span class='ocr_line' id='line_1_111' title="bbox 2375 5306 3763 5382; baseline 0.009 -24"><span class='ocrx_word' id='word_1_659' title='bbox 2375 5316 2550 5358; x_wconf 87' lang='lat' dir='ltr'><strong>catum</strong></span> <span class='ocrx_word' id='word_1_660' title='bbox 2604 5307 2901 5359; x_wconf 81' lang='lat' dir='ltr'><strong>remittetur</strong></span> <span class='ocrx_word' id='word_1_661' title='bbox 2959 5306 3300 5372; x_wconf 66' lang='lat' dir='ltr'><strong>numinibus;</strong></span> <span class='ocrx_word' id='word_1_662' title='bbox 3357 5310 3763 5382; x_wconf 81' lang='lat' dir='ltr'><strong>blasphemanti</strong></span> 
     </span>
    </p>
   </div>
   <div class='ocr_carea' id='block_1_112' title="bbox 2159 5419 3762 5496">
    <p class='ocr_par' dir='ltr' id='par_1_112' title="bbox 2159 5419 3762 5496">
     <span class='ocr_line' id='line_1_112' title="bbox 2159 5419 3762 5496; baseline 0.009 -25"><span class='ocrx_word' id='word_1_663' title='bbox 2159 5421 2252 5496; x_wconf 72' lang='lat' dir='ltr'><strong>sed</strong></span> <span class='ocrx_word' id='word_1_664' title='bbox 2285 5419 2512 5496; x_wconf 76' lang='lat' dir='ltr'><strong>fallitur,</strong></span> <span class='ocrx_word' id='word_1_665' title='bbox 2559 5429 2619 5473; x_wconf 90' lang='lat' dir='ltr'><strong>ut</strong></span> <span class='ocrx_word' id='word_1_666' title='bbox 2649 5420 2863 5496; x_wconf 74' lang='lat' dir='ltr'><strong>probat</strong></span> <span class='ocrx_word' id='word_1_667' title='bbox 2893 5420 3243 5496; x_wconf 72' lang='lat' dir='ltr'><strong>doctissimus</strong></span> <span class='ocrx_word' id='word_1_668' title='bbox 3299 5421 3762 5496; x_wconf 71' lang='lat' dir='ltr'><strong>llergenroetlter</strong></span> 
     </span>
    </p>
   </div>
   <div class='ocr_carea' id='block_1_113' title="bbox 2159 5486 3358 5558">
    <p class='ocr_par' dir='ltr' id='par_1_113' title="bbox 2159 5486 3358 5558">
     <span class='ocr_line' id='line_1_113' title="bbox 2159 5486 3358 5558; baseline 0.002 -14"><span class='ocrx_word' id='word_1_669' title='bbox 2159 5490 2216 5544; x_wconf 90' lang='lat' dir='ltr'><strong>in</strong></span> <span class='ocrx_word' id='word_1_670' title='bbox 2247 5505 2344 5543; x_wconf 87' lang='lat' dir='ltr'><strong>sua</strong></span> <span class='ocrx_word' id='word_1_671' title='bbox 2382 5486 2768 5544; x_wconf 79' lang='lat' dir='ltr'><strong>Dissertatione</strong></span> <span class='ocrx_word' id='word_1_672' title='bbox 2798 5504 2958 5558; x_wconf 88' lang='lat' dir='ltr'><strong>supra</strong></span> <span class='ocrx_word' id='word_1_673' title='bbox 2986 5491 3150 5544; x_wconf 82' lang='lat' dir='ltr'><strong>edita.</strong></span> <span class='ocrx_word' id='word_1_674' title='bbox 3190 5486 3358 5549; x_wconf 83' lang='lat' dir='ltr'><strong>Em&#39;r.</strong></span> 
     </span>
    </p>
   </div>
  </div>
