3912 6218
204 320 256 385 ll
1489 294 2070 361 PROLEGOMENA-

383 438 549 481 autem
599 426 848 479 adversus
891 421 1149 490 Spiritum
1188 427 1430 474 sanctum
1486 428 1645 481 neque
1683 412 1736 463 in
1766 416 1812 467 Α

383 520 473 573 hoc
501 520 693 573 steculo
722 516 873 570 venia
904 514 1120 567 dabitur
1150 525 1311 576 neque
1340 510 1393 561 in
1425 508 1627 575 futuro.

227 612 303 665 25.
339 608 469 664 Cum
518 609 715 662 beatus
766 605 983 658 Marcus
1027 601 1360 671 evangelista
1409 594 1733 664 scripserit:

380 702 635 754 Exierunt
679 696 889 765 cognati
922 695 1037 763 ejus
1080 703 1134 745 ut
1178 708 1295 745 eum
1333 686 1735 755 comprehende-

379 799 516 852 rent,
548 789 798 841 dicebant
841 787 979 838 enim
1020 785 1193 851 ipsum
1236 781 1509 843 insanire;
1542 791 1734 846 quem-

381 894 503 933 nam
552 893 780 931 sensum
828 875 959 929 huic
992 874 1283 928 verborum
1314 878 1601 923 structura:
1640 867 1737 920 tri-

310 1018 317 1025 .
381 971 625 1031 huentes,
663 969 805 1022 haud
845 967 1035 1037 procul
1072 964 1383 1035 evangelica
1425 961 1738 1015 narratione

379 1060 670 1113 abibimus.

231 1152 306 1205 26.
341 1150 441 1205 Cur
454 1150 769 1220 paradisum
791 1147 938 1202 Deus
953 1146 1281 1208 conseverit,
1304 1142 1568 1214 siquidem
1591 1139 1738 1194 illico

383 1244 655 1297 hominem
685 1258 752 1295 ex
790 1257 853 1295 eo
885 1240 1214 1308 depulsurus
1243 1246 1379 1293 erat.

231 1335 302 1387 27.
349 1333 470 1388 Divo
504 1342 763 1387 monente
802 1333 1089 1397 apostolo:
1124 1328 1184 1384 Si
1208 1328 1735 1383 esurierit-inimicus

384 1434 523 1488 tuus,
559 1424 678 1475 ciba
716 1422 908 1480 illum;
938 1422 985 1474 si
1018 1421 1264 1483 sitiverit,
1293 1426 1473 1486 potum
1503 1417 1611 1480 da;
1641 1416 1736 1467 Itoc

384 1510 519 1562 enim
552 1525 736 1576 agens,
759 1509 935 1575 igneos
963 1505 1215 1559 carbones
1246 1520 1403 1573 super
1432 1510 1586 1571 caput
1623 1502 1735 1569 ejus

381 1615 657 1667 congeres;
700 1596 975 1667 quomodo
1021 1595 1387 1663 intelligemus
1414 1592 1568 1658 illud,
1600 1588 1735 1646 Car-

382 1692 531 1744 bones
564 1692 740 1759 igneos
774 1705 1017 1758 congeres
1042 1704 1199 1758 super
1224 1696 1381 1755 caput
1406 1686 1539 1755 ejus.

233 1780 307 1835 28.
338 1780 614 1846 Quomodo
662 1780 1065 1849 intelligendum
1114 1778 1318 1832 dictum
1361 1776 1490 1831 illud
1546 1790 1576 1829 a
1615 1773 1727 1828 Deo
1765 1761 1809 1817 Β

382 1872 593 1943 Moysi:
629 1872 763 1927 Ecce
805 1873 1056 1926 constitui
1105 1881 1152 1924 te
1195 1870 1495 1923 Pharaonis
1544 1866 1727 1922 Deum.

240 1962 314 2017 S9.
351 1964 631 2029 Quomodo
663 1963 1070 2031 intelligendum
1100 1961 1453 2030 apostolicum
1486 1960 1689 2014 dictum
1716 1975 1730 2011 :

381 2054 530 2119 Quod
591 2056 638 2107 si
697 2055 917 2107 invicem
975 2052 1228 2105 mor-detis
1308 2068 1371 2104 ac
1428 2050 1730 2114 devoratis,

378 2157 548 2200 cavete
598 2162 661 2199 ne
694 2146 908 2198 invicem
936 2142 1342 2202 consumamini,
1378 2150 1485 2196 etc.

234 2238 307 2292 30.
344 2238 597 2305 Quaenam
636 2235 898 2290 sententia
933 2233 1109 2288 subsit
1139 2233 1223 2288 his
1256 2232 1472 2285 verbis:
1505 2230 1735 2285 Ubicun-

375 2345 468 2399 que
487 2328 833 2396 prtedicatum
866 2326 1023 2394 fuerit
1048 2324 1382 2394 Evangelium
1399 2324 1515 2385 hoc,
1533 2324 1737 2376 dicetur

374 2419 579 2489 etquod
604 2420 714 2471 [nec
744 2418 866 2485 fecit
891 2417 1102 2479 mulier,
1159 2417 1211 2469 in
1252 2416 1557 2467 memoriam
1597 2413 1731 2481 ejus.

237 2510 311 2564 51.
349 2511 575 2573 Quinam
621 2508 1005 2577 congruentior
1039 2508 1427 2575 honestiorque
1469 2519 1662 2559 sensus
1704 2519 1733 2557 a

379 2595 533 2648 nobis
583 2594 879 2663 excogitari
916 2593 1089 2662 possit
1134 2595 1421 2646 verborum
1467 2593 1731 2647 illorum:

381 2682 493 2735 Tibi
521 2683 625 2736 soli
655 2682 884 2749 peccavi,
915 2693 961 2734 et
992 2680 1191 2733 malum
1223 2697 1401 2733 coram
1428 2691 1475 2733 te
1502 2682 1623 2747 feci,
1675 2690 1731 2733 ut

369 2776 676 2846 justiﬁceris
711 2777 765 2830 in
805 2778 1129 2829 sermonibus
1172 2777 1300 2841 tuis,
1330 2785 1379 2829 et
1408 2777 1585 2830 uincas
1611 2792 1731 2829 cum

380 2867 655 2930 iudicaris.

226 2956 303 3010 32.
336 2957 439 3011 Cur
466 2957 878 3026 baptizantibus
907 2956 1211 3013 Servatoris
1238 2956 1544 3025 discipulis,
1566 2955 1733 3011 Joan~

381 3063 473 3101 nes
505 3048 685 3102 adhuc
716 3047 1043 3115 baptizabat.

223 3136 301 3189 33.
340 3136 444 3192 Cur
472 3138 522 3190 in
548 3136 746 3192 Genesi
774 3137 985 3207 Moyses
1018 3138 1317 3205 principum
1343 3137 1559 3191 lamilia:
1586 3136 1728 3191 Esau

384 3228 723 3298 genealogias
777 3242 1090 3293 recensens,
1140 3238 1462 3283 czeterorum
1513 3228 1730 3298 quidem

379 3319 519 3373 nuda
548 3320 700 3388 ponit
736 3320 993 3384 nomina;
1024 3319 1089 3373 ad
1131 3318 1330 3373 Ainam
1362 3330 1538 3372 autem
1569 3320 1732 3374 deve-

379 3410 565 3465 niens:
598 3408 723 3473 llic,
756 3409 949 3479 inquit.
985 3411 1177 3463 invenit
1209 3410 1391 3462 Jamin
1425 3411 1481 3462 in
1507 3411 1732 3473 deserto,

380 3503 501 3555 dum
530 3502 777 3571 Scegonis
804 3504 975 3570 patris
1003 3504 1087 3556 sui
1115 3501 1420 3571 subjugalia
1454 3503 1735 3571 pasceret?

376 3594 629 3662 quidnam
663 3609 795 3661 ergo
848 3596 894 3647 is
940 3595 1186 3649 invenit?
1223 3605 1278 3649 et
1318 3609 1417 3648 cur
1469 3596 1732 3649 memoria

378 3683 570 3753 dignus
604 3684 855 3738 habetur.

218 3772 296 3826 3A.
334 3773 470 3838 Quid
525 3773 801 3840 signiﬁcat
847 3774 901 3828 in
954 3772 1377 3829 Deuteronomio
1420 3793 1435 3830 :
1480 3775 1634 3839 Quod
1689 3776 1735 3827 si

379 3864 718 3931 azdiﬁcaveris
760 3882 949 3920 novam
987 3866 1202 3920 domum
1249 3869 1396 3937 eique
1437 3869 1737 3922 coronidem

367 3955 705 4022 jmposueris,
743 3970 843 4007 non
871 3955 1034 4023 facies
1065 3958 1259 4009 credent
1289 3957 1433 4009 domi
1461 3966 1586 4011 tuae.

218 4043 293 4101 55.
333 4045 440 4099 Cur
483 4054 699 4100 vetante
743 4047 858 4117 lege
905 4046 1102 4115 leprosi
1149 4056 1498 4114 contactum;
1552 4063 1731 4113 secus,

378 4137 646 4205 impurum
679 4138 796 4191 fore
825 4138 915 4207 qui
941 4138 1200 4207 tetigerit,
1236 4154 1407 4207 usque
1441 4141 1506 4191 ad
1548 4154 1737 4207 vespe-

371 4241 661 4293 ram;cum
677 4228 895 4293 quidem
926 4228 1195 4296 leprosum
1227 4230 1435 4283 sanavit
1465 4228 1737 4294 Servator,

371 4318 550 4385 ipsum
596 4318 807 4386 tetigit,
836 4318 1049 4372 etiamsi
1076 4319 1243 4371 verbo
1286 4335 1480 4373 sanare
1510 4330 1736 4387 poterat.

225 4405 299 4461 '56.
340 4406 473 4473 Quid
502 4409 810 4477 signiﬁcant
831 4408 993 4462 verba
1024 4429 1035 4462 :
1066 4409 1286 4476 Sperare
1311 4410 1453 4473 licet,
1485 4412 1731 4465 viventem
1762 4412 1808 4468 D

404 4516 557 4552 auem
578 4512 832 4567 pra’stare
864 4500 1001 4552 leoni
1037 4502 1309 4554 exstincto.

224 4587 298 4641 37.
337 4590 474 4655 Quid
536 4591 807 4658 signiﬁcat
866 4591 1209 4648 Ecclesiastes
1265 4596 1468 4649 dictum
1520 4613 1531 4648 :
1584 4593 1736 4649 Mitte

372 4698 556 4749 panem
605 4692 751 4734 tuum
788 4684 842 4735 in
876 4687 1202 4753 superﬁciem
1253 4704 1422 4755 aqua',
1458 4690 1645 4741 etenim
1682 4688 1736 4741 in

374 4775 715 4827 multitudine
743 4775 947 4829 dierum
974 4780 1196 4846 reperies
1228 4780 1398 4832 illum.

221 4858 296 4914 58.
335 4862 471 4927 Quid
522 4865 838 4933 signiﬁcat:
879 4868 970 4936 qui
1006 4869 1213 4922 foveam
1249 4869 1407 4935 fodit,
1462 4871 1515 4925 in
1556 4872 1729 4941 ipsam

374 4954 594 5009 incidet.

224 5040 299 5095 59.
334 5044 563 5111 Quinam
607 5058 691 5103 est
731 5064 925 5105 sensus
953 5051 1243 5105 verborum
1291 5052 1431 5121 apud
1464 5051 1734 5109 Ecclesia-

374 5146 509 5191 stem
544 5155 559 5190 :
593 5137 699 5202 Qui
728 5139 873 5209 ligna
897 5141 1098 5207 fundit,
1129 5144 1464 5211 periclitatur
1501 5145 1555 5198 in
1586 5146 1732 5212 ipsis,

376 5226 421 5278 si
481 5228 617 5295 forte
674 5230 873 5283 securis
925 5231 1216 5295 exciderit,
1274 5245 1320 5287 et
1387 5235 1494 5302 ipse
1543 5235 1735 5301 faciem

379 5318 639 5381 turbavit,
680 5329 731 5373 et
779 5320 911 5374 vires
952 5320 1257 5386 roborabit;
1312 5333 1360 5376 et
1404 5324 1735 5378 abundantia

376 5406 499 5472 uiri,
527 5409 809 5476 sapientia.

229 5483 306 5543 ιο.
338 5491 451 5558 Quo
494 5506 743 5565 spectant
772 5500 935 5555 verba
969 5518 982 5555 :
1010 5500 1289 5555 Generatio
1331 5500 1460 5566 abit,
1496 5513 1545 5555 et
1584 5520 1733 5573 gene~

382 5586 518 5639 ratio
548 5590 686 5641 venit
704 5605 723 5653 ;
758 5598 899 5643 terra
932 5602 1108 5645 autem
1134 5603 1391 5653 retentum,
1414 5602 1543 5646 stat.

230 5661 305 5722 41.
342 5671 634 5737 Quemnam
669 5693 891 5734 sensum
940 5681 1221 5736 continent
1258 5683 1420 5736 verba
1454 5700 1467 5736 :
1502 5681 1599 5735 Est
1648 5683 1731 5745 iu-

377 5773 486 5819 stus
513 5768 603 5834 qui
636 5768 689 5821 in
712 5771 929 5838 justitia
968 5788 1063 5825 sua
1097 5774 1269 5841 perit;
1310 5782 1358 5827 et
1388 5784 1464 5828 est
1499 5774 1725 5841 injustas

3330 285 3401 348 ἀεὶ

2052 405 2105 456 in
2143 419 2240 457 sua
2269 402 2533 471 injustitia
2561 417 2887 470 permanens.

1874 496 1969 549 42.
2010 496 2293 560 Quomodo
2326 493 2732 567 intelligendum
2778 492 2907 545 illud
2939 508 2953 545 :
2991 491 3049 545 Si
3097 504 3275 547 autem
3314 495 3407 548 in-

1872 680 1941 734 45

1873 1501 1941 1556 44

2040 587 2257 654 justitia
2288 598 2467 639 nostra
2504 586 2596 638 Dei
2621 586 2891 654 justitiam
2928 588 3276 643 commendat.

1948 719 1959 732 .
2006 679 2066 733 Si
2119 680 2349 747 genuerit
2402 680 2517 747 quis
2560 688 2766 731 centum
2824 678 3037 741 liberos,
3090 690 3139 730 et
3208 680 3401 732 multos

2048 786 2211 822 annos
2258 770 2465 831 vixerit,
2510 778 2558 821 et
2598 778 3027 837 quantoscunque
3065 770 3174 822 dies
3230 773 3404 822 a'tatis

2049 860 2307 921 habuerit,
2354 875 2457 911 non
2500 859 2784 912 satiabitur
2820 858 3092 926 felicitate,
3134 875 3295 928 neque
3324 860 3405 913 illi

2047 952 2314 1018 sepultura
2351 952 2469 1003 erit.
2508 951 2629 1004 Dixi
2678 950 2862 1003 melius
2902 968 3009 1003 esse
3056 952 3165 1019 ipso
3207 950 3405 1003 aborti-

2054 1060 2195 1102 vum.
2248 1042 2384 1111 quod
2431 1046 2695 1095 incassum
2739 1043 2898 1103 venit,
2953 1042 3167 1111 ejusque
3219 1058 3405 1094 nomen

2052 1134 2311 1189 occulitur
2338 1133 2579 1197 tenebris,
2615 1151 2772 1203 neque
2801 1136 2937 1187 enim
2960 1138 3122 1187 solem
3156 1134 3283 1188 vidit
3309 1144 3402 1187 aut

2048 1230 2210 1279 novit.
2267 1226 2406 1280 lluic
2452 1226 2627 1294 magis
2678 1242 2841 1294 quam
2897 1226 2972 1279 illi
3027 1226 3242 1294 requies
3290 1234 3393 1280 est.

2045 1315 2250 1386 Nempe
2305 1317 2407 1370 hoc
2444 1316 2648 1370 dictum
2691 1315 2964 1384 quodnam
2998 1316 3263 1384 judicium
3311 1326 3405 1370 aut

2047 1409 2320 1462 notionem
2356 1407 2612 1461 exhibere
2643 1415 2842 1475 potest,

1950 1542 1962 1555 .
2004 1497 2141 1564 Quid
2176 1498 2487 1563 signiﬁcant
2522 1499 2681 1550 verba
2715 1513 2731 1551 :
2766 1496 2890 1550 Vive
2936 1498 2991 1548 in
3024 1512 3177 1560 oono,
3203 1508 3250 1550 et
3292 1498 3403 1552 ride

2046 1593 2102 1644 in
2129 1592 2216 1644 die
2258 1590 2438 1652 mala;
2476 1590 2619 1655 vide,
2668 1590 2933 1658 siquidem
2966 1592 3069 1645 hoc
3099 1606 3400 1646 consonum

2048 1684 2122 1737 illi
2170 1682 2297 1737 fecit
2346 1682 2489 1737 Deus
2539 1684 2682 1736 circa
2749 1682 3059 1750 loquelam,
3116 1698 3182 1736 ne
3240 1685 3403 1737 homo

2047 1775 2353 1855 quidquam.
2384 1783 2501 1844 post
2531 1790 2590 1828 se
2618 1773 2877 1843 reperiat.

1868 1866 1956 1920 45.
1999 1865 2260 1931 Quasnam
2319 1864 2684 1933 intelligenda:
2734 1865 2847 1916 sint
2898 1863 3137 1933 pellicem
3179 1864 3397 1928 tunicae,

1871 2136 1940 2191 46

1870 2406 1937 2462 47

2042 1956 2238 2025 quibus
2285 1954 2455 2008 Adam
2509 1964 2563 2008 et
2603 1953 2711 2007 Eva
2748 1963 2868 2021 post
2901 1953 3397 2023 przevaricationem

2048 2047 2136 2100 ittd
2146 2045 2217 2099 uti
2249 2045 2273 2099 l'
2274 2053 2488 2099 uerunt.

1946 2176 1961 2189 .
2003 2138 2081 2189 Ad
2142 2152 2436 2205 quamnam
2506 2137 2828 2190 sententiam
2900 2151 2998 2190 nos
3056 2144 3255 2189 vocant
3310 2135 3398 2189 illa

2051 2230 2213 2280 verba
2247 2246 2259 2280 :
2293 2225 2412 2279 Non
2438 2236 2576 2280 recte
2604 2228 2874 2291 obtuleris,
2917 2237 3050 2280 recte
3082 2238 3258 2282 autem
3296 2244 3401 2282 non

2045 2319 2322 2381 diviseris;
2352 2320 2622 2387 peccasti?
2659 2319 2884 2388 quiesce,
2917 2327 3022 2373 etc.

1945 2447 1959 2460 .
2001 2406 2134 2459 Divo
2176 2405 2343 2460 Paulo
2371 2408 2584 2461 dicente
2613 2426 2626 2460 :
2659 2409 2829 2460 Adam
2874 2424 2976 2460 non
3007 2418 3084 2461 est
3121 2409 3399 2476 deceptus,

2046 2501 2235 2557 mulier
2261 2511 2435 2553 autem
2470 2502 2683 2569 decepta
2720 2502 2774 2554 in
2802 2504 3241 2570 prcevaricatione
3260 2502 3361 2570 fuit
3380 2522 3396 2565 ;

2048 2601 2399 2644 verumtamen
2434 2602 2644 2659 propter
2668 2591 2858 2645 liberos
2905 2594 3182 2660 pariendos
3222 2609 3403 2647 serua-

2045 2682 2223 2746 bitur;
2285 2683 2558 2751 quomodo
2614 2683 2955 2752 intelligenda
3010 2691 3137 2737 sunt
3194 2686 3399 2751 verba,

2042 2782 2257 2841 propter
2280 2774 2470 2826 liberos
2499 2774 2779 2842 pariendos
2815 2775 3130 2826 seruabitur.

1870 2865 1957 2919 £8.
2006 2863 2289 2930 Quomodo
2322 2863 2464 2918 Deus
2503 2866 2704 2933 ubique
2742 2880 2863 2918 esse
2894 2867 3128 2930 dicitur;
3159 2875 3213 2918 et
3255 2882 3397 2934 quo-

1871 3228 1941 3282 49

1875 3589 1941 3641 50

1872 3679 1959 3733 51.

1873 3769 1941 3821 52

1874 3862 1944 3915 55

1873 4137 1941 4190 55

1876 4320 1944 4375 56

1872 4504 1941 4557 57

1876 4593 1943 4646 58

1878 4774 1945 4829 59

1821 4956 1941 5011 ·60

1872 5139 1933 5193 6l

1873 5314 1941 5369 0‘2

1874 5499 1942 5554 63

1873 5592 1941 5648 64

2047 2957 2211 3010 modo
2261 2956 2486 3009 dissolvi
2550 2967 2781 3025 possunt
2825 2958 3231 3020 dubitationes,
3281 2972 3402 3024 qua:

2048 3048 2311 3101 adversus
2338 3047 2479 3102 hanc
2523 3049 2849 3103 sententiam
2898 3064 2929 3102 a
2972 3048 3249 3103 nonnullis
3280 3062 3403 3116 pro-

2051 3136 2318 3193 feruntur.

1949 3268 1960 3280 .
2003 3228 2139 3282 Cum
2173 3227 2315 3284 Deus
2338 3230 2455 3300 ipse
2477 3227 2800 3283 Hebraicum
2832 3228 3089 3298 populum
3118 3228 3171 3282 in
3205 3226 3400 3282 Sama-

2050 3319 2267 3373 riticum
2297 3330 2351 3374 et
2376 3320 2663 3374 Judaicum
2701 3320 2967 3386 diviserit,
3001 3320 3141 3374 sicut
3174 3320 3403 3389 ipsemet

2046 3410 2321 3465 Salomoni
2366 3427 2425 3467 se
2473 3412 2739 3467 facturum
2780 3412 2933 3475 dixit,
2960 3426 3059 3465 cur
3080 3426 3286 3466 noseos
3317 3427 3402 3464 re-

2036 3501 2422 3568 prehendimus
2454 3502 2593 3570 quia
2611 3501 2717 3556 Deo
2737 3502 3055 3556 divisionem
3087 3502 3231 3571 passi
3255 3510 3400 3555 sunt.

1949 3627 1962 3641 .
2005 3588 2290 3654 Quomodo
2311 3590 2435 3644 caeli
2466 3599 2723 3643 enarrant
2752 3591 2976 3659 gloriam
3005 3590 3119 3644 Dei.

2007 3678 2143 3743 Quid
2168 3689 2249 3732 est
2280 3696 2293 3732 :
2320 3677 2615 3747 Increpasti
2638 3689 2833 3749 gentes,
2866 3689 2915 3733 et
2937 3680 3091 3747 periit
3114 3681 3329 3749 impius.

1946 3808 1961 3822 .
1999 3769 2295 3838 Cuiusnam
2316 3779 2396 3824 est
2420 3770 2508 3822 illa
2539 3785 2641 3823 vox
2666 3769 2829 3835 :Quis
2853 3781 2929 3824 est
2950 3772 3048 3824 iste
3072 3787 3163 3824 rea:
3190 3771 3406 3839 glorice?

1949 3900 1964 3915 .
2005 3861 2115 3916 Cur
2160 3861 2357 3931 jejunii
2423 3871 2637 3931 tempus
2694 3864 3128 3933 quadragenatio
3192 3865 3402 3918 dierum

2049 3967 2277 4007 numero
2302 3954 2621 4021 pratlinitur.

1948 4083 1962 4097 .
2002 4043 2136 4099 Cum
2158 4047 2569 4114 primogenitum
2598 4046 2737 4100 Deus
2757 4046 3005 4101 lsraelem
3037 4047 3401 4114 appellaverit.

1946 4173 1962 4190 .
2002 4135 2077 4190 De
2120 4137 2463 4190 ethnicorum
2511 4138 2817 4202 sententiis,
2868 4153 2989 4207 qua:
3033 4137 3086 4190 in
3124 4135 3405 4206 Scriptura

2052 4236 2240 4283 nostra
2278 4228 2646 4296 reperiuntur.

1949 4361 1967 4379 .
2007 4322 2243 4385 Tiaram,
2289 4323 2485 4392 inquit,
2527 4321 2829 4392 Scriptura,
2863 4323 2916 4377 in
2953 4324 3129 4392 capite
3162 4322 3403 4393 pontifex

2046 4413 2284 4483 gerebat.

1947 4543 1962 4558 .
2005 4502 2295 4568 Quomodo
2324 4504 2534 4573 legatus
2567 4505 2712 4558 venit
2743 4505 2996 4559 Christus
3031 4521 3058 4557 ει
3100 4504 3277 4559 Patre.

1950 4631 1963 4647 .
2006 4592 2119 4646 Cur
2166 4593 2368 4647 omissa
2410 4594 2618 4648 visione
2664 4595 2831 4648 Isaias
2860 4594 2928 4648 de
2977 4596 3115 4649 ccelo
3159 4605 3408 4665 terraque

2047 4684 2284 4737 disserit.

1956 4810 1971 4827 .
2011 4773 2295 4840 Quomodo
2316 4774 2725 4845 intelligendum
2751 4776 2883 4830 illud
2909 4776 2977 4832 de
3004 4777 3140 4833 Jobo
3161 4778 3365 4833 dictum
3390 4795 3405 4831 :

2050 4864 2336 4918 Maledicta
2358 4866 2469 4920 dies
2497 4882 2600 4934 qua
2628 4879 2787 4921 natus
2818 4884 2955 4921 sum.

1947 4997 1961 5013 .
2002 4954 2141 5022 Quid
2169 4965 2252 5011 est
2281 4956 2413 5011 illud
2442 4976 2457 5012 :
2486 4956 2589 5011 Per
2616 4960 2973 5027 memetipsum
2994 4960 3201 5028 juravi,
3232 4962 3407 5032 inquit

2050 5048 2329 5103 Dominus.

1947 5179 1960 5193 .
2002 5138 2139 5205 Quid
2162 5149 2246 5194 est
2278 5159 2292 5194 :
2328 5138 2397 5192 Et
2421 5148 2567 5194 tuam
2596 5141 2764 5209 ipsius
2787 5142 3021 5195 animam
3046 5142 3258 5213 gladius
3286 5161 3407 5213 per-

2052 5226 2321 5280 transibit.

1948 5353 1962 5369 .
2005 5314 2143 5381 Quid
2189 5327 2273 5371 est
2304 5333 2318 5369 :
2352 5316 2531 5371 Nolite
2575 5319 2917 5388 ingemiscere
2966 5323 3019 5374 in
3061 5324 3399 5387 alterutrum,

2049 5422 2111 5460 ne
2141 5408 2359 5461 invicem
2388 5408 2724 5477 judicemini.

1949 5540 1961 5553 .
2005 5500 2237 5565 Quinam
2266 5511 2395 5554 sunt
2424 5500 2622 5554 moechi
2649 5510 2704 5554 et
2737 5502 2981 5556 moechae.

1948 5633 1962 5648 .
2003 5591 2142 5658 Quid
2193 5603 2276 5646 est
2328 5593 2686 5661 apostolicum
2742 5594 2870 5648 illud
2916 5612 2929 5646 :
2966 5593 3198 5659 Subjecti
3240 5600 3404 5645 estote

2052 5684 2194 5736 ontni
2245 5685 2487 5736 humana:
2532 5695 2789 5737 creatura
2832 5693 3041 5752 propter
3090 5682 3399 5747 Dominum,

2052 5786 2299 5844 tanquam
2325 5774 2563 5827 libertate
2604 5782 2822 5829 utentes.
