3976 6222
483 303 553 368 43

511 418 601 471 tn‘i.
645 415 700 469 Si
748 414 891 470 Deus
956 415 1156 484 ubique
1212 421 1315 481 est,
1367 427 1590 467 curnam
1645 413 1714 466 sit
1771 411 2040 466 calumnia

687 508 952 562 adversus
996 507 1335 577 mysterium,
1369 505 1669 574 praesentia
1722 503 1842 572 ejus
1885 503 1937 556 in
1968 500 2040 556 fe-

687 599 848 652 minae
887 599 1083 650 utero?
1115 594 1330 665 Utique,
1382 597 1459 648 ait
1492 595 1860 652 adversarius,
1899 591 2040 644 haud

687 695 766 736 est
800 684 1073 736 calumnia
1102 683 1386 750 praesentia
1423 683 1512 736 Dei
1541 683 1591 735 in
1625 681 1838 736 feminae
1865 688 2041 744 tttero,

685 777 826 829 sicut
899 776 1025 829 alibi
1071 778 1296 841 ubique;
1347 775 1814 828 verumcuimvero
1862 772 2042 824 incar-

688 869 834 922 natio
865 867 953 920 Dei
989 882 1055 919 ex
1083 867 1218 936 ipsa,
1248 867 1339 935 qui
1371 866 1483 919 ﬁeri
1515 862 1718 932 potuit?

514 955 602 1010 66.
650 955 842 1010 Utrum
891 957 1166 1010 daemones
1195 956 1474 1014 sciverint,
1509 955 1651 1022 quod
1681 953 1725 1007 si
1778 952 2037 1021 resipuis-

688 1055 840 1108 seut,
888 1047 1100 1100 veniam
1150 1046 1359 1116 peccati
1419 1053 1909 1112 consrquereutur;
1967 1058 2035 1095 an

693 1138 874 1206 potius
908 1138 1090 1192 divina
1121 1136 1383 1204 sapientia
1420 1137 1587 1190 semel
1611 1134 1836 1198 amissa,
1877 1132 2038 1201 hujus

694 1242 912 1296 qquue
938 1228 1013 1281 rei
1051 1228 1238 1280 notitia
1265 1225 1477 1294 spoliati
1505 1225 1724 1279 fuerint.

511 1317 600 1370 67.
641 1316 878 1371 Curnam
929 1326 1076 1370 totus
1122 1317 1371 1384 leprosus
1415 1315 1468 1368 in
1496 1315 1864 1372 Testamento
1928 1318 2037 1374 Ve-

689 1415 822 1467 tere,
849 1406 1079 1457 tnundus
1102 1404 1556 1469 existimabatur;
1591 1405 1835 1474 lcpmsus
1858 1418 2036 1460 autem

686 1513 752 1549 ex
784 1507 953 1564 parte,
986 1496 1321 1550 immundus.

513 1586 603 1640 68.
645 1587 756 1639 Cur
797 1587 1033 1654 Spiritus
1079 1587 1279 1640 dicitur
1311 1585 1433 1638 Filii
1477 1585 1694 1656 imago?
1734 1595 1786 1641 et
1811 1585 2032 1656 quinam

686 1684 767 1731 est
802 1675 1263 1747 Pythagoreorum
1295 1678 1602 1744 quaternio.

641 1766 751 1822 Cur
781 1768 1012 1834 lapidem
1045 1765 1212 1820 Jacob
1242 1768 1482 1820 tinxerit.

647 1857 761 1911 Tibi
798 1855 899 1909 soli
935 1857 1166 1924 peccavi,
1215 1866 1263 1909 et
1289 1856 1486 1907 malum
1525 1871 1702 1907 coram
1743 1865 1790 1909 te
1829 1857 1948 1920 feci,
1980 1869 2036 1911 ut

690 1948 866 1999 vincas
899 1963 1018 1998 cum
1031 1946 1320 2014 judicaris.

592 2077 605 2091 .
648 2034 792 2097 Scio,
831 2037 970 2105 quod
999 2039 1050 2088 in
1099 2052 1182 2088 me
1218 2051 1320 2088 non
1347 2035 1545 2088 habitet
1588 2036 1660 2105 (id
1691 2048 1773 2092 est
1800 2039 1854 2091 in
1882 2055 2038 2094 carne

699 2127 856 2193 mea),
890 2127 1103 2179 bonum.

509 1768 598 1822 69.

511 1858 600 1912 70.

513 2215 604 2270 72.

691 2312 873 2379 pravis
905 2311 1238 2365 hominibus.

645 2396 756 2452 Cur
786 2396 1038 2452 Samouat
1070 2398 1300 2453 inditum
1336 2414 1531 2454 nomen
1566 2401 1920 2456 confessoris.

647 2488 759 2542 Cur
791 2488 1089 2544 cruciﬁxus
1118 2489 1371 2544 Christus
1397 2489 1582 2545 fuerit.
1785 2557 1790 2562 _

644 2579 929 2645 Quomodo
953 2583 1307 2650 apostolicum
1336 2583 1540 2637 dictum
1577 2581 1745 2653 Signa
1782 2599 1883 2636 non
1910 2591 2034 2636 sunt

686 2667 951 2736 ﬁdelibus,
987 2675 1075 2722 sed
1104 2671 1405 2739 inﬁdelibus
1433 2687 1556 2725 cum
1591 2672 1886 2727 Dominicis
1917 2688 2038 2726 ver-

685 2755 809 2810 bis:
848 2755 1010 2810 Fides
1065 2767 1156 2812 tua
1195 2759 1399 2812 salvum
1446 2769 1494 2812 te
1522 2760 1690 2828 fecit;
1745 2771 1800 2814 et
1833 2777 1846 2814 :
1878 2760 2038 2814 Haud

684 2850 855 2916 potuit
898 2851 1050 2917 signa
1089 2849 1261 2917 facere
1296 2861 1508 2919 propter
1537 2867 1715 2904 eorum
1749 2853 2038 2905 increduli-

683 2949 840 2992 tatem
859 2957 878 3003 ;
897 2948 1089 2994 etcum
1111 2941 1319 2995 caeteris
1336 2943 1620 3010 ejusmodi,
1640 2928 2039 2998 conciliabitur.

594 3069 608 3083 .
651 3028 705 3084 Si
744 3031 903 3085 tellus
937 3044 1077 3098 erat,
1111 3035 1384 3102 quomodo
1415 3034 1554 3088 facta
1583 3036 1704 3088 est?
1734 3036 1822 3089 Ait
1851 3037 1992 3087 enim
2020 3052 2034 3090 :

686 3121 859 3177 Tellus
894 3132 1030 3176 erat.

583 3249 600 3266 .
643 3212 698 3266 Si
741 3215 915 3267 lucem
968 3213 1109 3268 Deus
1134 3216 1851 3285 creavit,nequaquamipse
1883 3226 1937 3271 et
1963 3226 2040 3272 tc-

686 3304 880 3358 nebras
907 3302 1060 3369 fecit;
1086 3313 1210 3357 sunt
1229 3305 1372 3367 enim
1389 3306 1503 3359 hth
1521 3307 1658 3359 inter
1676 3321 1734 3361 se
1745 3309 2038 3364 contraria.

514 3392 600 3446 78.
647 3391 758 3446 Cur
793 3393 938 3447 feras
972 3404 1026 3448 et
1049 3395 1258 3463 reptilia
1295 3397 1434 3450 Deus
1467 3397 1688 3450 creavit.

584 3523 598 3536 .
638 3485 867 3538 Cuinam
929 3485 1067 3539 dixit
1098 3485 1241 3539 Deus
1273 3504 1287 3540 :
1327 3485 1619 3540 Faciamus
1663 3488 1923 3542 hominem
1972 3491 2042 3542 ad

685 3575 966 3644 imaginem
1001 3587 1048 3631 ct
1093 3577 1497 3631 similitudinem
1531 3590 1793 3633 nostram.

508 3657 600 3714 80.
642 3661 781 3726 Quid
805 3671 912 3724 est,
937 3663 1001 3716 ad
1028 3663 1346 3731 imaginem.

513 3751 602 3806 81.
643 3751 748 3817 Qui
781 3752 946 3806 Deum
987 3753 1272 3823 appellatis
1305 3755 1544 3819 bonum,
1576 3771 1674 3809 cur
1705 3754 1880 3810 eidem
1915 3765 2039 3810 tan-

684 3856 791 3898 tam
832 3845 1085 3900 duritiem
1144 3847 1479 3902 attribuitis?
1531 3847 1839 3902 Crudelitas
1895 3848 2038 3902 enim

683 3942 848 3998 atque
874 3933 1079 3986 saevitia
1120 3941 1225 4000 est,
1273 3935 1458 4003 exigui
1499 3935 1606 3988 cibi
1642 3951 1809 3990 causa
1835 3945 2038 3990 tantam

685 4037 899 4090 poenam
954 4023 1218 4092 inﬂigere,
1270 4039 1376 4078 non
1438 4026 1616 4079 solum
1665 4028 2034 4096 peccantibus.

681 4128 866 4166 verum
895 4113 1059 4166 etiam
1088 4114 1332 4182 ipsorum
1361 4117 1618 4183 posteris.

505 4199 595 4253 82.
635 4200 912 4266 Quosnatn
946 4203 1036 4256 Dei
1069 4203 1208 4257 ﬁlios
1247 4203 1461 4274 Moyses
1491 4208 1860 4276 appellaverit.

506 4288 593 4342 35.
639 4288 778 4358 Lege
807 4291 1050 4344 nondum
1080 4293 1276 4360 posita,
1311 4308 1431 4360 quae
1462 4305 1668 4362 patrem
1693 4309 2035 4369 matremque

683 4382 915 4435 revereri
941 4383 1175 4452 juberet,
1199 4399 1426 4437 curnam
1454 4384 1625 4440 Cham
1657 4390 1820 4444 veluti
1857 4393 2036 4459 parri-

684 4470 804 4524 cida
834 4471 1144 4528 damnatur.

511 4560 596 4613 84.
646 4559 881 4614 Curnam
920 4561 1108 4618 Chami
1141 4571 1444 4636 peccatoris
1470 4570 1613 4626 ﬁlius
1635 4572 1861 4628 dilectus
1889 4584 1990 4628 est.

507 4643 596 4698 85.
638 4644 877 4700 Curnam
906 4650 1181 4706 Abraham
1213 4659 1485 4713 credentis
1532 4661 1690 4714 titulo
1722 4662 2036 4730 insignitur,

681 4737 773 4803 qui
822 4736 936 4792 Deo
980 4741 1181 4797 dixerit
1211 4763 1224 4798 :
1258 4745 1376 4811 Quo
1424 4749 1574 4819 signo
1629 4767 1932 4822 agnoscant,
1962 4770 2042 4808 me

680 4825 830 4879 illam
865 4828 1103 4899 (terram)
1131 4832 1240 4898 fore
1271 4852 1660 4903 possessurum.

504 4914 595 4969 86.
636 4914 807 4981 Quam
827 4919 898 4972 ob
920 4935 1140 4976 causam
1171 4925 1404 4980 luctatur
1420 4945 1542 4983 cum
1566 4931 1772 4985 Jacobo
1793 4934 2037 5000 angelus.

505 5003 596 5056 87.
631 5004 932 5074 Cujusnam
974 5010 1049 5061 rei
1093 5011 1309 5082 signum
1347 5014 1484 5084 fuit,
1526 5019 1720 5073 rubum
1765 5022 1955 5076 ardere
1987 5030 2043 5076 et

681 5112 792 5151 non
826 5099 1098 5155 comburi.

504 5183 595 5239 88.
636 5184 808 5256 chra
849 5193 1033 5244 manui
1071 5191 1268 5261 injecta
1299 5210 1415 5250 cur.

500 5276 592 5330 89.
633 5283 742 5331 Cur
773 5282 995 5349 angelus
1026 5282 1244 5355 Moysen
1290 5287 1604 5344 interimere
1637 5291 1894 5346 voluerit.

501 5365 592 5423 90.
635 5369 746 5423 Cur
775 5370 953 5442 fugam
987 5381 1404 5445 properantibus
1436 5383 1722 5450 imperavit
1756 5384 1896 5439 Deus
1949 5401 2040 5454 pa-

680 5461 886 5519 schalis
908 5465 1300 5523 solemnitatem
1335 5487 1611 5541 peragere.

505 5549 596 5605 9|.
638 5551 926 5619 Quomodo
949 5557 1355 5628 intelligendum
1385 5563 1517 5617 illud
1544 5563 1772 5634 apostoli
1805 5583 1816 5620 :
1847 5566 2038 5621 Omnes

685 5643 739 5698 in
775 5647 991 5717 Moysen
1032 5651 1290 5721 baptizati
1330 5671 1530 5723 sumus,
1585 5663 1716 5721 etc.~,
1755 5671 1926 5727 usque
1972 5658 2037 5713 ad

517 2396 605 2450 75.

514 2487 605 2540 74.

516 2579 605 2633 75.

2066 3074 2109 3132 C

1611 305 1873 366 PHQTII
1913 306 2412 365 PATRIARCHIE
2450 307 2560 364 CP.

2074 419 2115 471 Α

3635 286 3714 352 14

2353 420 2501 480 petra
2535 421 2711 464 autem
2737 418 2850 464 erat
2879 407 3140 463 Christus.

2172 503 2262 556 92.
2302 503 2604 568 Quomodo,
2650 501 2863 570 justitia
2898 499 3199 565 incolumi,
3242 511 3338 558 pro
3377 493 3707 564 parentibus

2175 677 2263 730 95.

2175 769 2263 822 94.

2181 859 2268 913 95.

2172 950 2256 1003 96.

2355 594 2657 661 puniuntur
2689 593 2867 646 liberi.

2308 676 2447 741 Quid
2478 687 2582 743 est,
2617 678 2989 747 conﬁguratus
3019 673 3222 728 infans.

2303 767 2414 822 Cur
2439 769 2846 822 tabernaculum
2875 767 3015 821 Deus
3041 767 3153 819 ficri
3177 761 3421 833 jusserit.

2315 860 2422 913 Cur
2447 859 2656 912 tabulas
2694 857 2905 927 Moyses
2937 852 3285 918 confregerit.

2304 949 2586 1016 Quomodo
2615 946 2949 1003 vestimentis
2971 946 3112 1010 lepra
3145 941 3442 997 accidebat.
3541 935 3711 1009 [Ιειειι.

2172 1042 2260 1095 97.
2301 1040 2437 1106 Quid
2475 1039 2778 1110 signiﬁcant
2806 1040 2924 1091 duae
2944 1035 3166 1090 avicula:
3195 1047 3292 1103 pro
3319 1031 3578 1084 mundato
3609 1029 3716 1081 ob-

2171 1129 2257 1184 98.
2297 1130 2407 1184 Cur
2447 1131 2635 1199 procul
2676 1129 3025 1182 tabernaculo
3077 1126 3216 1178 Deus
3255 1123 3422 1192 jussit
3473 1119 3713 1189 pecudes

2345 1221 2464 1275 esui
2495 1230 2647 1289 aptas
2672 1219 2869 1274 occidi.

2166 1309 2252 1363 99.
2290 1309 2406 1378 Cur,
2424 1309 2696 1362 numerari
2726 1307 2978 1376 populum
3011 1304 3152 1358 Deus
3191 1301 3487 1356 mandavit.

2137 1398 2256 1454 100.
2296 1399 2405 1454 Cur
2445 1398 2617 1452 farina
2651 1397 2947 1451 hordeacea
2977 1410 3073 1465 pro
3097 1410 3180 1457 ea,
3215 1409 3334 1462 qua:
3360 1398 3614 1460 suspecta
3640 1387 3713 1442 de

2353 1488 2620 1541 adulterio
2652 1494 2809 1559 erat,
2839 1485 3185 1539 oll‘erebatur.

2135 1571 2255 1632 101.
2296 1571 2406 1632 Cur
2437 1577 2785 1648 peccantibus
2823 1575 3005 1629 statim
3056 1587 3232 1641 ptent}:
3268 1568 3670 1637 irrogahantur.

2137 1669 2261 1723 102.
2301 1668 2424 1722 Curi
2466 1666 2850 1720 seditiosorum
2911 1664 3184 1718 thuribula
3209 1660 3411 1715 servari
3462 1657 3714 1728 deposita

2071 1753 2111 1805 Β

2141 1846 2260 1900 105.

2354 1757 2492 1824 apud
2521 1757 2690 1808 altare
2711 1754 2863 1819 Deus
2891 1751 3257 1821 imperaverit.

2303 1845 2411 1899 Cur
2469 1846 2634 1915 Moysi
2689 1854 2742 1899 et
2804 1844 3004 1897 Aaroni
3066 1843 3380 1910 indignatus
3433 1846 3519 1892 est
3567 1836 3716 1890 Deus

2356 1948 2575 2006 propter
2603 1952 2798 2005 aquam
2830 1952 2860 1990 c
2889 1944 3037 2004 petra
3066 1936 3317 1988 eductam

2140 2009 2261 2079 101.
2299 2024 2407 2079 Cur
2434 2027 2630 2081 cmlum
2657 2034 2923 2081 etlerrain
2944 2024 3363 2078 testesiuvocari
3377 2023 3711 2091 jussumest.

2142 2117 2264 2172 105.

646 2215 755 2271 Cur
783 2219 1142 2271 admonemur
1175 2217 1485 2272 renuntiare
1507 2219 1746 2283 Satanae,
1776 2235 1883 2273 non
1911 2221 2036 2276 item
2071 2253 2084 2263 ο

2146 2389 2268 2457 106,

2142 2665 2264 2719 107.

2143 2847 2263 2902 108.

2145 2940 2269 2994 109.

2140 3388 2262 3442 112.

2142 3569 2264 3622 115.

2141 3751 2264 3803 1M.

2142 3842 2265 3895 115.

2145 3932 2268 3985 116.

2141 4109 2266 4163 117.

2146 4199 2266 4253 118.

2068 4255 2113 4310 D
2150 4292 2271 4344 ne.

2147 4381 2268 4434 120.

2143 4474 2264 4528 121.

2144 4566 2266 4619 122.

2142 4745 2263 4799 125.

2142 4834 2266 4887 124.

2145 5016 2268 5070 125.

2144 5197 2269 5251 120.

2142 5289 2266 5341 127.

2147 5381 2268 5434 128.

2145 5469 2264 5523 129.

2146 5661 2248 5728 139

2148 3117 2271 3171 110.

2147 3208 2270 3260 111.

2306 2117 2588 2182 Quomodo
2626 2117 3028 2185 intelligendum
3055 2116 3190 2181 illud
3221 2113 3556 2175 :Lwtamini,
3587 2129 3720 2181 gen—

2353 2210 2446 2270 tes,
2487 2223 2604 2258 cum
2647 2207 2836 2274 populo
2875 2206 3008 2272 ejus,
3051 2215 3142 2258 et:
3191 2201 3330 2256 Huic
3381 2200 3720 2254 anailientur

2357 2297 2528 2366 angeli
2552 2297 2668 2350 Dei.

2306 2392 2418 2444 Cur
2443 2391 2512 2443 ob
2542 2390 2656 2443 lere
2685 2397 2922 2442 erratum
2956 2385 3166 2456 Moyses
3186 2384 3375 2455 jussus
3396 2393 3479 2437 est
3507 2391 3714 2437 terram

2358 2481 2544 2552 procul
2586 2481 2849 2549 aspicere,
2883 2478 3011 2532 illuc
3060 2488 3237 2530 autem
3264 2477 3519 2546 populum
3546 2473 3714 2527 indu-

2351 2589 2475 2627 cere
2513 2573 2731 2627 vetitus.

2304 2664 2441 2731 Quid
2473 2673 2576 2727 est,
2609 2663 2661 2716 in
2695 2662 2906 2716 modico
2954 2660 3088 2714 inihi
3131 2659 3426 2730 persuades
3465 2665 3523 2710 ut
3552 2654 3718 2710 Chri-

2353 2756 2564 2810 stianus
2600 2756 2745 2807 (iam.

2304 2846 2441 2912 Quid
2472 2855 2570 2907 est,
2590 2846 2681 2914 qui
2701 2845 2994 2914 praeﬁnitus
3009 2840 3272 2896 cstFilius
3295 2838 3456 2893 Deiin
3486 2838 3716 2892 virtute.

2310 2937 2449 3003 Quid
2489 2947 2593 3001 est,
2644 2936 2946 3004 prohibitus
2977 2949 3096 2988 sum
3135 2947 3308 3000 usque
3335 2931 3548 2993 adhuc,
3575 2944 3720 2997 quo—

2356 3027 2534 3080 minus
2568 3027 2802 3080 fructunt
2829 3026 3063 3093 aliquem
3097 3039 3366 3092 caperem.

2311 3116 2451 3181 Quid
2475 3123 2578 3178 est,
2611 3115 2821 3183 justitia
2848 3123 3025 3166 autem
3059 3112 3150 3166 Dei
3187 3112 3238 3165 in
3269 3112 3383 3180 ipso
3416 3119 3715 3164 revelatur.

2311 3205 2448 3272 Quid
2507 3204 2776 3272 signiﬁcat
2841 3204 3047 3256 dictum
3111 3200 3240 3254 illud
3303 3200 3714 3269 apostolicum:

2363 3295 2582 3350 Tradite
2608 3296 2774 3363 ipsum
2805 3292 3042 3347 Saturne.

2303 3387 2442 3453 Quid
2474 3395 2589 3439 est:
2624 3383 2689 3436 In
2724 3385 2880 3452 ﬁnem
2922 3393 3134 3453 propter
3180 3400 3293 3438 eam
3334 3398 3450 3453 qua:
3487 3380 3720 3435 luet-edi-

2352 3486 2515 3531 tatem
2544 3476 2787 3529 sortitur.

2304 3568 2544 3629 Domine,
2576 3582 2636 3619 ne
2663 3567 2717 3618 in
2749 3566 2927 3633 furore
2957 3573 3044 3616 tuo
3084 3579 3281 3633 arguas
3321 3579 3434 3628 me,
3465 3580 3628 3632 neque
3661 3565 3719 3616 in

2351 3660 2434 3711 ira
2466 3667 2556 3710 tua
2586 3657 2843 3724 corripias
2874 3671 2970 3708 nte.
3315 3662 3320 3667 ‘

2307 3748 2447 3813 Quia
2474 3750 2787 3801 conturbata
2817 3757 2936 3800 sunt
2967 3761 3087 3798 ossa
3119 3761 3255 3797 mea.

2312 3841 2551 3904 Domine,
2589 3839 2657 3890 ad
2691 3847 2736 3890 te
2767 3837 3010 3900 clamavi,
3038 3836 3234 3890 exaudi
3273 3850 3372 3887 me.

2321 3930 2451 3983 Voce
2469 3945 2582 3981 mea
2609 3930 2676 3980 ad
2704 3927 2985 3978 Dominum
3015 3925 3270 3988 clamavi,
3303 3938 3420 3976 voce
3445 3938 3556 3974 mea
3604 3920 3719 3974 Do-

2350 4019 2552 4070 minum
2590 4015 2900 4083 deprecatus
2924 4030 3060 4067 sum.
3483 4018 3500 4030 '

2307 4108 2444 4174 Quid
2480 4117 2583 4171 est,
2610 4109 2752 4176 quod
2785 4105 2981 4159 Michul
3013 4103 3200 4156 Davidi
3235 4101 3531 4156 benedixit.

2309 4201 2417 4252 Cur
2449 4197 2616 4251 David
2647 4196 2824 4264 ephod
2852 4195 3074 4247 indutus
3114 4201 3220 4246 est.

2309 4291 2578 4354 Quidnam
2611 4291 2803 4357 agebat
2829 4286 3000 4340 Adam
3033 4286 3085 4337 in
3123 4283 3374 4353 paradiso

2312 4384 2419 4434 Cur
2455 4382 2555 4433 sub
2583 4395 2864 4446 vesperam
2901 4377 3283 4429 immolabatur
3306 4387 3499 4444 agnus.

2308 4472 2449 4538 Quid
2477 4482 2580 4536 est,
2616 4472 2823 4524 Ponant
2855 4487 3037 4524 arcum
3064 4485 3234 4522 meum
3265 4471 3321 4520 in
3353 4470 3507 4520 nube.

2307 4565 2496 4619 Justus
2527 4563 2639 4618 Noe
2686 4579 2786 4618 cur
2830 4563 3014 4616 ebrius
3056 4561 3502 4631 deprehenditur,
3534 4573 3720 4628 neque

2353 4670 2538 4722 poenas
2577 4655 2689 4710 dat.

2305 4744 2442 4810 Quid
2465 4753 2568 4809 est,
2594 4745 2836 4809 Domine,
2864 4764 2967 4800 non
2983 4755 3059 4800 est
3080 4745 3375 4800 exaltatum
3398 4763 3490 4800 cor
3519 4763 3716 4800 meum.

2308 4836 2422 4900 Qua
2453 4837 2520 4890 de
2554 4852 2718 4891 causa
2747 4838 2799 4892 in
2826 4839 2982 4902 rubo,
3031 4854 3137 4890 non
3167 4847 3342 4892 autem
3379 4839 3434 4890 in
3473 4838 3584 4892 alio
3626 4853 3718 4891 ar-

2352 4926 2502 4980 boris
2531 4943 2745 4994 genere,
2777 4929 2943 5000 Moysi
2972 4929 3115 4984 Deus
3143 4929 3472 4998 apparuerit.

2310 5015 2422 5070 Cur
2446 5032 2477 5071 a
2527 5018 2638 5073 Deo
2671 5021 2998 5088 permissum
3026 5019 3113 5082 sit,
3139 5021 3324 5073 divum
3372 5018 3628 5073 Davidem
3661 5020 3720 5072 in

2354 5109 2457 5162 tale
2489 5119 2812 5179 tantumque
2845 5120 3126 5180 peccatum
3170 5111 3427 5164 incidere.

2307 5197 2382 5251 De
2404 5200 2590 5268 pOpuli
2615 5200 2981 5270 descriptione
3008 5202 3110 5255 sub
3145 5200 3333 5254 David.

2305 5289 2417 5342 Cur
2442 5289 2609 5345 David
2647 5291 2826 5345 dictus
2863 5293 2934 5346 sit
2968 5293 3051 5345 vir
3084 5293 3382 5347 secundum
3413 5307 3509 5346 cor
3535 5292 3634 5345 Ι)ρί

2309 5381 2420 5436 Cur
2449 5401 2610 5439 mane
2639 5386 2918 5454 deplueret
2943 5386 2996 5439 in
3030 5385 3304 5440 desertum
3347 5401 3568 5438 manna.

2305 5473 2462 5526 Cura
2497 5475 2606 5528 Deo
2634 5475 2840 5532 dictum
2881 5477 3194 5530 Ahrahamo
3221 5495 3233 5532 :
3262 5475 3467 5529 Ponant
3499 5482 3718 5544 pactum

2360 5580 2528 5620 meum
2560 5568 2694 5620 inter
2721 5582 2802 5618 me
2827 5574 2874 5619 et
2902 5575 2950 5618 te

2311 5659 2386 5716 De
2416 5656 2621 5713 Jacobo
2647 5665 2698 5713 et
2729 5655 2841 5711 Lia.
