3976 6222
268 258 349 321 45
1339 258 1439 317 AD
1470 253 2065 316 AMPHILOCHIUM
2102 252 2518 314 PREFATIO.
3479 250 3550 311 46

272 405 1814 439 Μ

1401 420 1793 432 ———-———-——

1800 405 2260 416 --—.—_

1800 418 2260 430 ’ΨΜ

1976 402 2278 416 ..ι’-.-

1587 565 2227 699 ΦΩΤΙΟΥ

1112 795 1658 850 ΠΛΤΡΙΔΡΧΟΥ
1718 794 2708 849 ΚΩΝΣΤΑΝΤΙΝΟΥΠΟΛΕΩΣ

1320 969 1521 1079 ΤΑ
1614 959 2514 1082 ΑΜΦΙΛΟΧΙΑ

1892 1189 1939 1239 Η

685 1358 1063 1446 ΛΟΓΩΝ
1108 1357 1434 1444 ΙΕΡΩΝ
1474 1355 1667 1443 ΚΑΙ
1728 1354 2420 1442 ΖΗΤΗΜΑΤΩΝ
2460 1357 3119 1446 ΙΕΡΟΛΟΓΙΑΙ.

1572 1726 2237 1879 ΡΗΟΤΙΙ

1084 1953 1647 2012 ΡΛΤΒΙΑΒΟΗᾹΞ
1720 1951 2725 2010 CONSTANTINOPOLITANI

1200 2138 2565 2265 AMPHILOCHIA

1850 2387 1968 2425 SH’E

338 2549 468 2637 IN
545 2543 961 2637 SACRAS
1012 2542 1592 2633 LITTERAS
1670 2542 1823 2631 ET
1896 2540 2689 2649 QUAESTIONES
2797 2544 3453 2639 DIATBIBIE.

255 2864 444 2918 ΠΡΟΣ
494 2859 927 2917 ΔΜΦῘΛΟΧΙΟΝ
973 2859 1111 2914 TON
1157 2858 1538 2913 ΟΣῙΩΤΑΤΟΝ
1576 2858 1847 2913 ΜΗΤΡΟ-
1874 2863 1903 2921 Δ

1951 2859 2040 2913 AD
2109 2857 2634 2915 AMPIIILOCIIIUM
2716 2861 3232 2919 SANCTISSIMUM
3301 2863 3525 2920 CYZiCl

727 2951 1038 3006 HOAITHN
1076 2952 1393 3005 ΚΥΖΙΚΟΥ

254 3049 358 3103 ΕΝ
405 3048 494 3120 Τῼ
532 3046 745 3117 ΚΑΙΡῼ
782 3046 919 3099 ΤΩΝ
958 3042 1356 3099 ΠΕῙΡΑΣΜΩΝ
1409 3041 1845 3096 ΖΗΤΙΙΜΑΤΩΝ

392 3138 733 3193 ΔΙΑΦΟΡΩΝ
774 3138 881 3192 ΕΙΣ
933 3136 1249 3190 ΔΡΙΘΜΟΝ
1287 3134 1711 3189 ΤΡΙΔΚΟΣΙΩΝ

306 3229 859 3287 ΣΥΝΤΕΙΝΟΝΤΩΝ
896 3227 1230 3282 ΕΠΙΛΥΣῘΝ
1263 3224 1791 3279 ΔΙΤΗΣΑΜΕΝΟΝ.

334 3343 448 3414 Τῆς
478 3341 718 3411 σπουδῆς
748 3358 841 3393 σου
886 3339 947 3392 τὸ
986 3340 1209 3409 γνήσιον
1238 3337 1585 3407 δυσωπηθεὶς
1612 3338 1713 3410 τὴν
1747 3338 1847 3408 σὴν

252 3436 451 3505 ἀφῆκα
478 3434 616 3503 πρὸς
650 3433 822 3503 πέρας
850 3431 1045 3495 ἐλθεῖν,
1079 3430 1154 3493 ὡς
1185 3429 1432 3495 ἐλπίσας,
1459 3430 1676 3499 αἴτησιν
1697 3445 1711 3460 ο
1752 3429 1847 3481 καί

249 3544 349 3580 τοι
374 3524 544 3579 πολλὰ
566 3520 656 3595 ἦν,
693 3526 787 3576 καὶ
818 3524 1019 3594 κράτος
1049 3517 1214 3592 εἶχεν,
1249 3520 1283 3575 ἃ
1314 3520 1413 3591 τὴν
1445 3519 1585 3590 ὲμὴν
1618 3519 1846 3590 γνώμην

251 3617 477 3671 ἐκεῖθεν
507 3614 846 3669 ἀνέστελλεν.
878 3615 975 3667 Ἐν
1011 3613 1109 3684 μὲν
1137 3613 1218 3666 ὅτι
1244 3628 1351 3683 περ
1381 3612 1482 3665 οὐκ
1504 3612 1707 3678 ὀλίγοις
1732 3614 1847 3675 τοῖς

250 3708 373 3778 πρὸ
410 3706 569 3779 ἡμῶν
621 3706 781 3777 ἱερῶν
813 3705 1023 3777 ἀνδρῶν
1054 3704 1122 3757 τὰ
1160 3704 1391 3756 πλεῖστα
1427 3703 1537 3755 τῶν
1570 3703 1678 3755 σῶν
1705 3703 1843 3756 ἀπο-

255 3800 531 3871 ρημάτων
562 3798 663 3868 τῆς
685 3797 912 3867 δεούσης
938 3796 1263 3866 διακρίσεως
1292 3794 1503 3864 ἔτυχεν.
1533 3794 1763 3863 ’Ἕτερον
1788 3793 1847 3845 δὲ

250 3892 344 3945 ὅτι
372 3891 509 3962 ἡμῖν
536 3889 720 3952 αὐτοῖς
768 3889 867 3941 οὐκ
908 3886 1065 3954 ὀλίγα
1093 3885 1301 3938 τούτων
1333 3884 1627 3954 ἀλλαχόθεν
1660 3884 1846 3937 ἐπιλέ-

252 3981 440 4036 λυται.
470 3981 545 4034 Οὐ
574 3981 681 4052 μὴν
715 3979 849 4034 ἀλλὰ
878 3981 972 4032 καὶ
1004 3978 1161 4047 ὄχλον
1193 3976 1449 4031 τοσοῦτον
1484 3977 1712 4031 διελθεῖν
1747 3994 1845 4029 συ-

254 4073 388 4145 χνὸν
417 4072 643 4126 ἀπαιτεῖ
669 4071 857 4141 χρόνον
880 4087 895 4100 ⁸
950 4069 1128 4123 καίτοι
1169 4068 1264 4122 τοῦ
1302 4068 1496 4139 καιροῦ
1552 4068 1846 4125 συνεσταλ-

260 4168 428 4237 μένου
456 4165 599 4218 κατὰ
625 4164 724 4234 τὴν
758 4162 907 4216 θείαν
943 4160 1038 4214 τοῦ
1075 4162 1333 4232 Κήρυκος
1375 4162 1581 4232 φωνὴν,
1618 4162 1709 4215 καὶ
1743 4161 1841 4225 ὀψὲ

257 4260 624 4329 τυγχάνοντος
646 4271 661 4288 ⁸
694 4258 825 4326 ἡμῖν
857 4255 909 4308 δὲ
946 4253 1067 4324 οὐχὶ
1100 4253 1178 4324 τῷ
1213 4253 1374 4324 κοινῷ
1424 4254 1566 4325 λόγῳ
1606 4253 1701 4307 τοῦ
1742 4255 1839 4306 ἀν-

259 4352 539 4422 θρωπίνου
572 4348 686 4419 βίου
725 4349 905 4419 μόνον.
940 4347 1075 4401 ἀλλά
1097 4364 1160 4414 γε
1194 4348 1291 4400 καὶ
1320 4346 1434 4413 νῦν,
1470 4348 1562 4399 καὶ
1598 4347 1675 4415 τῷ
1704 4346 1840 4400 ἰδιά-

259 4440 408 4505 ζοντι
457 4441 487 4493 ὁ
528 4437 740 4509 καιρὸς,
773 4438 849 4501 ὡς
889 4439 1040 4509 ὁρᾷς,
1077 4436 1482 4489 ὑποστέλλεται.
1527 4435 1651 4498 Πῶς
1691 4437 1737 4489 δ’
1772 4436 1838 4491 ἂν

258 4531 465 4601 πλῆθος
488 4529 820 4601 ζητημάτων
857 4530 936 4592 εἰς
959 4529 1286 4600 τριακοσίων
1338 4529 1838 4600 συγκεφαλαιούμε-

257 4642 348 4678 νον
378 4622 613 4693 ἀριθμὸν
643 4623 832 4693 (μέχρι
858 4621 967 4693 γὰρ
995 4622 1252 4675 τοσούτου
1284 4622 1346 4674 τὸ
1379 4623 1510 4691 περὶ
1534 4620 1707 4677 ταῦτὰ
1742 4639 1837 4675 σου

326 4761 341 4789 ³
382 4762 427 4817 ll
459 4762 584 4817 Cor.
616 4776 715 4824 vlt,
753 4760 777 4813 1
813 4774 897 4831 sq.

330 4922 411 4995 (1)
454 4921 665 4977 Revera
690 4924 810 4995 ejus
832 4920 1095 4995 epistolas
1120 4920 1303 4995 aliqua
1328 4923 1567 4995 primum
1593 4937 1657 4977 ex
1691 4932 1846 4995 parte

256 4991 552 5051 37‘Gra2ce
580 4991 786 5048 tantum
839 4991 1005 5046 David
1037 4991 1377 5047 Hoescbelius
1408 4994 1670 5063 Augusta:
1713 4992 1845 5046 Viu-

254 5066 565 5120 delicorum
619 5063 897 5124 anAGOl,
928 5077 993 5116 ac
1041 5063 1238 5116 deinde
1286 5062 1571 5117 universas
1612 5062 1740 5124 255,
1790 5072 1847 5117 et

252 5135 488 5204 quidem
516 5131 708 5188 Latina
763 5134 1014 5188 versione
1041 5134 1245 5204 dilatas
1292 5134 1601 5188 lticliardus
1630 5133 1845 5188 Monta-

251 5204 439 5260 eutius
475 5203 709 5257 Londini
754 5204 889 5259 1651
946 5204 1147 5271 publici
1187 5203 1330 5272 juris
1370 5204 1845 5259 reddideruntzct

251 5275 505 5343 quadam
535 5274 681 5328 nulla
704 5274 873 5328 ferme
898 5274 1186 5328 verborum
1209 5274 1550 5338 diversitate,
1575 5283 1841 5343 quantum

251 5360 319 5398 ex
364 5344 473 5403 his.
516 5358 656 5412 quas
690 5343 1135 5399 Montfauconius
1173 5345 1344 5399 edidit
1387 5346 1439 5398 in
1484 5348 1685 5406 lucem,
1734 5344 1840 5398 huc

252 5428 432 5484 usque
453 5414 611 5467 licuit
639 5430 851 5481 eruere,
874 5414 989 5468 haec
1020 5415 1134 5481 ipsa
1162 5424 1482 5484 argumenta
1507 5422 1833 5467 tractarunt.

2445 2952 2997 3010 METROPOLITAM
3010 2996 3026 3021 ,

1946 3043 2066 3112 QUI
2118 3043 2483 3101 VARIARUM
2546 3045 3023 3113 QUAESTIONUM
3079 3048 3525 3106 SOLUTIONEM

2084 3137 2173 3189 AD
2212 3135 2736 3192 TRECENTARUM
2773 3138 2997 3205 USQUE
3036 3140 3384 3197 NUMERUM

2053 3227 2390 3284 TEMPOBE
2429 3226 2929 3285 TENTATIONUM
2978 3231 3417 3288 FLAGITAVf-T.

2019 3335 2261 3391 Tandem
2290 3339 2456 3394 studii
2483 3340 2560 3393 tui
2587 3340 2905 3395 sinceritate
2933 3351 3232 3410 permotus.
3254 3351 3313 3395 ut
3334 3342 3525 3411 petitio

1950 3438 2043 3483 tua
2070 3430 2137 3484 ad
2169 3430 2357 3494 finem,
2378 3431 2457 3485 uti
2487 3432 2767 3501 sperabas,
2791 3434 3203 3501 perduceretur,
3236 3434 3483 3503 acquievi
3508 3454 3521 3489 :

1950 3521 2163 3575 etiamsi
2214 3521 2407 3583 multa,
2444 3529 2499 3575 et
2537 3524 2757 3594 quidem
2801 3540 2907 3579 non
2959 3526 3094 3581 levis
3140 3526 3402 3579 momenti
3436 3525 3525 3581 fo-

1949 3618 2094 3675 rent,
2122 3626 2244 3681 quze
2284 3610 2530 3665 animum
2564 3629 2748 3669 meum
2780 3615 2907 3670 inde
2937 3628 3251 3673 avocarent.
3279 3616 3523 3671 Primum

1949 3712 2086 3769 erat,
2122 3703 2267 3772 quod
2300 3718 2579 3758 sacrorum
2616 3705 2859 3760 virorum
2894 3709 3115 3776 plurimi
3146 3717 3273 3763 aute
3300 3724 3402 3763 nos
3434 3709 3523 3762 in-

1949 3794 2143 3847 tricata
2197 3794 2311 3849 haec
2364 3806 2688 3865 argumenta
2744 3799 2982 3852 maxima
3033 3815 3097 3853 ex
3146 3810 3296 3870 parte
3344 3801 3523 3855 debita

1948 3883 2323 3936 enucleatione
2335 3882 2609 3937 donarint.
2632 3884 2898 3947 Alterum,
2922 3885 3066 3954 quod
3080 3886 3390 3942 eorumdem
3413 3902 3526 3941 non

1948 3987 2121 4042 pauca
2178 3973 2306 4027 alibi
2367 3990 2465 4042 per
2528 3990 2627 4029 nos
2692 3976 2840 4045 ipsos
2897 3977 3181 4046 explanata
3248 3979 3357 4033 sint
3425 3980 3523 4049 (l).

1948 4064 2129 4119 Nihilo
2174 4075 2355 4120 tamen
2408 4066 2589 4121 minus
2621 4075 2826 4121 tantam
2886 4084 3208 4138 percurrere
3273 4072 3522 4124 multitu-

1950 4157 2130 4212 dinem
2169 4158 2412 4211 diuturni
2464 4159 2725 4227 temporis
2768 4175 2906 4229 opus
2942 4170 3065 4225 est;
3121 4163 3272 4230 atqui
3312 4170 3525 4232 tempus

1948 4251 2111 4305 breve
2178 4261 2279 4315 est,
2331 4252 2408 4305 uti
2484 4250 2587 4306 fert
2646 4252 2828 4305 divina
2896 4253 3139 4320 Apostoli
3209 4257 3521 4309 sententia'

1948 4354 2002 4401 et
2048 4344 2228 4399 factus
2269 4343 2423 4398 adest
2466 4358 2700 4412 vesper;
2751 4344 2907 4398 nobis
2939 4355 3120 4400 autem
3170 4361 3276 4399 non
3309 4362 3374 4401 eo
3405 4357 3525 4401 tan-

1948 4447 2063 4491 tum
2114 4452 2301 4501 sensu,
2348 4451 2457 4506 quo
2507 4436 2575 4489 de
2614 4436 2848 4489 humana
2892 4436 3005 4490 vita
3071 4437 3285 4503 dicitur,
3330 4440 3423 4492 sed
3472 4450 3526 4495 et

1945 4529 1998 4583 in
2049 4530 2326 4599 praesenti,
2361 4538 2417 4584 et
2459 4529 2718 4598 peculiari
2768 4529 2979 4585 ratione
3008 4538 3241 4600 tempus,
3271 4540 3329 4585 ut
3360 4532 3527 4601 probe

1948 4623 2115 4688 nosti,
2144 4621 2373 4691 aufugit.
2412 4620 2696 4687 Quomodo
2720 4629 2901 4676 autem
2933 4621 3045 4678 ﬁeri
3079 4633 3312 4693 poterat,
3349 4632 3407 4679 ut
3437 4640 3526 4679 ar-

1950 4922 2148 4994 litteris
2176 4920 2795 4994 Ampliilocbiomissis,
2828 4937 3060 4992 quarum
3087 4933 3291 4994 septem
3333 4934 3522 4992 protu-

1950 4992 2015 5046 lit
2038 4992 2444 5064 Moutacutiuis’;
2483 4992 2576 5064 sed
2612 4994 2665 5047 in
2696 4993 2819 5048 aliis
2853 5010 3071 5064 quoque
3098 4992 3164 5049 ad
3198 4996 3380 5057 plures
3410 5011 3524 5050 sua:

1953 5063 2296 5131 tempestatis
2325 5062 2635 5134 philologos
2685 5062 2923 5119 exaratis
2974 5065 3060 5119 his
3106 5064 3399 5134 ipsissimis
3435 5068 3521 5119 in-

1951 5136 2167 5205 terdum
2196 5133 2441 5201 quaesitis
2472 5132 2765 5205 satisfacit.
2807 5135 2987 5205 Quare
3026 5135 3071 5189 si
3116 5132 3281 5205 datur
3332 5138 3520 5205 conje-

1951 5204 2125 5256 cturis
2157 5203 2329 5266 locus,
2360 5201 2506 5272 quod
2534 5202 2713 5257 facere
2741 5204 2822 5257 vel
2862 5205 3225 5260 morosissimi
3270 5201 3521 5261 homines

1952 5272 2089 5343 iure
2112 5287 2219 5325 non
2244 5272 2601 5343 intercedant,
2627 5272 2876 5337 Photius,
2907 5275 3121 5343 opinor,
3147 5275 3348 5327 multas
3373 5275 3523 5328 idcu-

1949 5342 2112 5412 tidem
2148 5342 2481 5410 quaestiones
2520 5358 2619 5412 pro
2647 5360 2703 5397 re
2739 5353 2861 5397 nata
2892 5342 3194 5398 amicorum
3228 5344 3519 5397 commodo

1947 5411 2217 5467 solverat:
2257 5412 2454 5466 deinde
2481 5411 2609 5467 vero
2635 5424 2863 5475 cunctae,
2895 5430 2962 5468 nc
2997 5414 3248 5475 laterent,
3283 5424 3377 5465 aut
3407 5414 3516 5464 dis-

252 5481 492 5554 ISIarum
532 5499 818 5554 numerus,
850 5484 1104 5539 videlicet
1134 5481 1310 5549 65,ὀά
1339 5487 1589 5554 quintam
1616 5484 1835 5539 circiter
1943 5482 2342 5554 perderentur,
2377 5482 2449 5554 in
2483 5498 2672 5554 Aunum
2724 5481 3046 5554 fasciculum
3101 5484 3360 5554 collectae,
3413 5494 3518 5533 suo

253 5552 752 5625 interrogationum
816 5564 1046 5624 partem,
1102 5550 1652 5625 quarum—syllabum
1704 5569 1827 5608 cum
1937 5551 2326 5625 Amphilocbio
2376 5551 2428 5606 id
2474 5550 2708 5609 fortasse
2753 5552 3024 5622 cupienti,
3066 5553 3381 5623 petentique
3429 5562 3515 5603 re-

251 5625 441 5678 codice
474 5620 829 5679 ’Coisliniano'
866 5620 1132 5680 collatum
1167 5640 1281 5681 suae
1310 5620 1550 5680 vcréioni
1581 5626 1827 5693 praetexit
1936 5620 2116 5678 missa:
2145 5630 2297 5677 sunt.

247 5692 689 5764 Gliristophorus
721 5694 973 5761 Wolﬁus,
1004 5696 1368 5766 protenditur.
1411 5692 1521 5749 Nec
1552 5692 1727 5751 selum
1766 5698 1820 5753 iu
