3976 6222
352 285 431 350 49
1381 285 1481 344 AD
1518 281 1942 343 AMPHILOCF

2044 283 2111 341 ’Μ
2148 283 2497 354 QU/ESTIO
2538 286 2585 344 Ι.
3440 278 3447 286 ’
3543 286 3612 351 50

352 403 572 464 τούτοις
601 400 759 470 μόνον
795 398 929 453 πολὺ
962 400 1057 453 καὶ
1086 398 1313 468 ἄπειρον
1343 395 1639 468 ύπονοηθὲν
1670 397 1730 449 τὸ
1752 396 1942 464 διάφο-

2051 406 2257 451 veteres
2306 397 2584 451 doctrinas
2623 397 2956 467 proﬂtendas
3002 409 3054 455 et
3105 401 3408 459 rhetoricas
3464 414 3614 459 artes

355 512 475 565 ρον,
506 493 731 563 ὕστερον
753 493 1039 562 ἀκριϐείας
1062 491 1411 559 δικαζούσης,
1442 490 1705 557 διαφορᾶς
1733 486 1930 557 ἀφείθη

351 585 658 655 ὲλεύθερεν
688 584 823 636 ἀλλὰ
870 583 967 635 καὶ
1010 583 1068 635 ὲν
1115 583 1254 651 αὐτῇ
1297 597 1361 648 γε
1402 582 1468 650 τῇ
1501 578 1932 649 καθωμιλημένῃ

351 676 469 728 τῶν
503 675 714 729 πολλῶν
742 675 936 745 χρήσει
964 673 1133 726 πολλὰ
1166 674 1262 743 μὲν
1296 671 1481 733 ἁπλῶς
1506 668 1679 732 οὕτως
1704 669 1934 722 ἀκοῦσαι

353 769 612 835 φαίνεται
653 766 941 836 μάχεσθαι·
978 764 1276 834 κριθέντων
1306 764 1381 824 δὲ,
1428 763 1507 824 είς
1542 760 1858 829 συμφωνίαν
1897 763 1931 829 ἡ

356 859 509 926 μάχη
547 858 861 926 μετέπεσεν.
893 854 959 907 Et
979 872 1065 916 τις
1086 850 1177 907 οὖν
1206 854 1311 922 τὴν
1339 853 1436 921 μὲν
1462 853 1519 902 ὲν
1550 853 1615 918 τῇ
1649 850 1750 902 ἀνὰ
1779 851 1937 919 χεῖρα

349 948 545 1017 ὁμιλίᾳ
574 946 903 1014 φαινομένην
935 946 1121 999 στάσιν
1147 946 1246 1014 τῆς
1272 943 1505 1014 ἀληθοῦς
1537 945 1715 1014 μάχης
1743 942 1939 995 ἀδεκά-

353 1053 472 1105 στῳ
502 1037 697 1107 γνώμῃ
725 1037 1009 1106 διακρίνει,
1040 1035 1288 1107 ἀφορίζει
1311 1036 1364 1087 δὲ
1392 1035 1495 1088 κᾶν
1522 1037 1635 1096 τοῖς
1665 1034 1757 1085 τδν
1787 1032 1936 1101 φιλό-

354 1145 524 1196 σοφον
554 1129 647 1180 καὶ
679 1129 883 1197 ῥήτορα
905 1127 1019 1196 βίον
1039 1129 1208 1179 ἁσκου
1218 1128 1397 1196 μένοις
1424 1126 1490 1178 τὰ
1524 1125 1808 1194 μαχόμενα
1827 1124 1933 1175 τῶν

350 1219 725 1285 φαινομένων.
760 1217 855 1269 ἐπὶ
894 1218 952 1270 δὲ
998 1218 1096 1286 τῆς
1142 1218 1290 1288 ἱερᾶς
1323 1216 1480 1285 ἡμῶν
1520 1214 1837 1283 φιλοσοφίας
1869 1213 1931 1265 ού

349 1308 451 1359 τὸν
478 1308 643 1361 αὑτὸν
683 1307 940 1371 διασώζει
981 1308 1166 1376 νόμον,
1199 1306 1335 1360 ἀλλά
1376 1308 1468 1360 καὶ
1491 1308 1589 1375 τὴν
1616 1305 1935 1358 ἐπιπόλαιον

250 1386 255 1389 ’
348 1394 674 1462 ἀντιλογίαν
694 1398 773 1456 είς
802 1396 1067 1449 ἄσπονδον
1095 1395 1430 1459 ἐκϐιάζεται,
1464 1388 1621 1457 οὗτος
1652 1397 1745 1448 καὶ
1768 1395 1933 1465 χωρίς

347 1503 501 1548 τινος
527 1487 855 1554 αἰτιωμένου
892 1488 1234 1558 συκοφάντην
1256 1488 1450 1541 ἑαυτὸν
1474 1487 1569 1540 καὶ
1592 1486 1793 1556 φαῦλον
1821 1503 1936 1556 κρι-

345 1579 455 1645 τὴν
485 1576 800 1643 ἀποφαίνει.

346 1669 707 1725 insolubilem
756 1680 971 1725 vertere
1024 1669 1217 1724 nititur
1266 1670 1790 1734 contradictionem;
1823 1668 1935 1733 hic,
1977 1667 2236 1738 inquam,
2268 1670 2399 1739 quin
2427 1685 2566 1740 opus
2612 1683 2933 1726 accusatore
2959 1673 3066 1737 sit,

346 1761 925 1830 nialumquejudicem
951 1775 1073 1815 esse
1102 1761 1303 1830 prodit.

2036 489 2367 542 exercendas
2390 489 2493 543 sibi
2512 500 2884 559 sumpserunt,
2912 491 3136 545 multam
3163 494 3215 546 in
3239 494 3321 547 his
3342 502 3506 562 atque
3529 494 3613 546 in-

2040 580 2244 632 tinitam
2277 577 2612 633 discordiam
2643 596 2869 636 cernere
2894 583 2999 636 sibi
3032 585 3298 652 principio
3334 585 3611 650 videntur,

2040 684 2161 738 qua:
2191 684 2313 722 mox
2344 685 2433 723 res
2459 671 2749 739 diligenter
2780 688 3062 741 perpensze
3106 675 3173 726 ab
3206 674 3350 729 omni
3391 689 3613 729 contra-

2041 760 2281 813 dietione
2326 761 2710 827 absolvuntur;
2750 778 2937 816 verum
2987 763 3151 816 etiam
3200 766 3251 817 in
3296 766 3413 833 ipso
3453 766 3614 818 fami-

2042 850 2161 903 liari
2213 850 2354 919 vulgi
2390 867 2490 904 usu
2528 852 2670 905 haud
2703 868 2871 920 pauca
2911 854 3085 922 primo
3136 856 3324 908 auditu
3364 857 3617 909 videntur

2042 956 2367 1008 repugnare,
2394 942 2594 1009 quibus
2626 943 2691 996 ad
2714 945 2971 997 trutinam
3004 946 3294 1009 revocatis,
3327 944 3615 1000 conﬂictus

2040 1031 2094 1084 in
2125 1035 2472 1087 concordiam
2498 1036 2744 1089 vertitur.
2779 1036 2834 1089 Si
2871 1037 2995 1105 quis
3032 1038 3195 1106 igitur
3226 1053 3407 1091 rerum
3432 1039 3616 1107 quoti-

2038 1123 2322 1178 dianarum
2354 1137 2701 1193 apparentem
2721 1128 3054 1189 dissensum,
3084 1129 3399 1196 incorrupto
3419 1128 3616 1182 mentis

2033 1216 2264 1285 judicio,
2306 1233 2335 1271 a
2384 1234 2508 1272 vera
2566 1218 2870 1273 diﬂ‘erentia
2922 1221 3217 1289 discernit;
3272 1223 3510 1290 itemque
3559 1222 3616 1273 in

2043 1305 2431 1375 philosophicis
2456 1308 2760 1377 disciplinis
2788 1320 2952 1379 atque
2987 1314 3041 1365 in
3074 1314 3389 1379 rhetoricis,
3444 1329 3472 1365 a
3530 1313 3617 1365 di-

2041 1394 2397 1447 scordibusin
2440 1397 2677 1461 speciem
2710 1400 3006 1466 pugnantia
3046 1415 3171 1453 vere
3210 1400 3526 1470 distinguit;
3561 1400 3616 1452 in

2039 1499 2193 1539 sacra
2213 1500 2341 1539 vero
2366 1496 2552 1539 nostra
2581 1486 2825 1541 doctrina
2854 1491 3040 1543 eodem
3066 1490 3189 1556 jure
3210 1506 3318 1544 non
3350 1491 3493 1560 agit;
3519 1489 3615 1543 sed

2037 1577 2121 1629 vel
2158 1578 2590 1645 superﬁciariam
2616 1581 2913 1648 quamlibet
2948 1582 3240 1635 verborum
3286 1596 3520 1650 pugnam
3549 1580 3617 1635 ad

3141 1674 3528 1744 sycophantam
3558 1687 3619 1727 se

430 1854 498 1924 β’.
525 1856 734 1907 Αὐτίκα
754 1854 885 1923 γοῦν
907 1855 994 1909 ἵνα.
1024 1855 1134 1908 ἀπὸ
1157 1856 1258 1924 τῆς
1286 1855 1392 1908 τῶν
1413 1855 1625 1909 πολλῶν
1651 1854 1941 1923 συνηθείας

2117 1849 2175 1904 2.
2214 1848 2466 1905 Profecto
2498 1859 2560 1903 ut
2593 1866 2623 1904 a
2656 1864 2715 1903 re
2743 1849 2877 1905 satis
2906 1850 3184 1903 communi
3221 1851 3495 1913 exordiar,
3520 1849 3621 1903 ho-

345 1948 632 2017 ἄρξωμαι,
667 1948 695 1999 6
732 1949 891 2014 φόνος
924 1948 1108 2010 αὐτοῖς
1142 1947 1237 2001 καὶ
1269 1948 1546 2011 πολιτείας
1574 1948 1692 2000 ἐστὶ⁹
1737 1946 1933 2014 φύλαξ,

346 2040 451 2091 καὶ
484 2039 688 2108 μύσους
713 2038 971 2100 ὑπόθεσις
998 2055 1012 2068 ο
1047 2039 1138 2089 καὶ
1170 2038 1233 2108 δὴ
1260 2041 1353 2091 καὶ
1387 2041 1419 2107 ἡ
1458 2039 1699 2108 ἐμπορία
1734 2039 1938 2107 κόσμος

346 2135 421 2200 τῇ
450 2131 625 2192 πόλει,
660 2130 755 2182 καὶ
787 2130 945 2200 ὕϐρις
974 2130 1074 2182 οὐκ
1104 2130 1345 2184 ἔλαττον.
1381 2132 1490 2184 Καὶ
1516 2131 1633 2194 πῶς
1662 2131 1761 2183 οὑκ
1791 2132 1939 2183 ὲνανσ

346 2224 446 2275 τία
470 2222 644 2275 ταῦτα
668 2238 682 2288 ;
711 2223 829 2275 Ὀτι
855 2222 1101 2289 φονεύειν
1132 2223 1229 2290 μὲν
1259 2223 1360 2275 οὐκ
1386 2222 1595 2287 ἔξεστιν
1620 2223 1936 2292 εὐεργέτην,

348 2314 478 2365 οὐδὲ
515 2313 739 2381 πολίτην
768 2312 956 2365 εὔνουν
1097 2313 1251 2365 πόλει
1273 2330 1288 2344 ο
1328 2314 1439 2365 οὐδ’
1465 2315 1515 2366 εἴ
1546 2330 1628 2375 τις
1664 2314 1937 2375 ἀναίτιος·

350 2406 617 2474 πολέμιον
641 2404 697 2457 δὲ
723 2407 817 2458 καὶ
838 2406 1149 2475 κακοῦργον
1173 2408 1267 2458 καὶ
1300 2406 1565 2475 προδότην
1596 2406 1770 2469 ἄλλως
1798 2404 1938 2458 ἔνδι-

352 2515 455 2551 κον
494 2496 769 2550 τεθνάναι.
798 2497 909 2550 Καὶ
944 2497 1007 2567 δὴ
1038 2498 1132 2551 καὶ
1157 2499 1247 2549 τὸν
1287 2498 1602 2567 ἀλλοτρίους
1626 2498 1839 2566 γάμους
1862 2496 1942 2549 διο

353 2590 677 2658 ορύττοντα,
707 2592 795 2645 ἐπ’
823 2590 1110 2661 αὐτοφόρῳ
1137 2590 1354 2655 ἁλόντα,
1385 2574 1575 2661 κύριός
1599 2592 1746 2643 ἐστιν
1772 2593 1800 2644 6
1826 2590 1941 2658 ἠδι-

356 2683 601 2752 κημένος
645 2681 742 2735 καὶ
785 2682 879 2735 τοῦ
922 2682 1343 2753 είσπράττεσθαι
1371 2682 1470 2752 τὴν
1503 2682 1659 2751 δίκην
1685 2697 1699 2712 ο
1740 2680 1845 2746 ἔξω
1883 2680 1940 2733 δὲ

352 2777 453 2829 τοῦ
489 2774 698 2845 μύσους
725 2772 929 2835 λαϐὼν,
956 2774 1217 2841 δικαστὴν
1254 2773 1413 2826 ἄλλον
1443 2773 1695 2842 ἐπιζητεί
1724 2770 1818 2824 τοῦ
1848 2773 1940 2838 ἐγ-

355 2868 659 2937 κλήματος.
708 2865 877 2919 Πάλιν
908 2866 1023 2917 ὅσοι.
1066 2863 1125 2915 τὸ
1149 2864 1404 2916 ταπεινὸν
1430 2864 1617 2933 σχῆμα
1648 2863 1749 2930 τῆς
1786 2861 1942 2914 πολι-

353 2958 511 3020 τείας
542 2955 889 3018 ὑποδύονται,
918 2954 1213 3024 ἐμπορίαις
1244 2953 1344 3023 τὴν
1378 2953 1533 3005 πόλιν
1563 2950 1938 3016 συναύξουσιν’

353 3050 408 3102 oi
456 3048 515 3100 δὲ
562 3045 959 3117 στρατηγεϊνῆ
1001 3042 1352 3113 δημαγωγεῖν
1397 3042 1429 3113 ἢ
1472 3043 1542 3095 τὰ
1572 3043 1799 3095 τοιαῦτα
1844 3058 1940 3094 τα-

353 3141 603 3212 χθέντες,
667 3140 745 3201 είς
798 3136 1016 3205 ἐκείνην
1076 3135 1496 3198 καταϐαίνοντες
1554 3134 1653 3205 τὴν
1714 3134 1936 3202 πρᾶξιν,

2037 1942 2319 1995 micidium
2350 1953 2404 1995 et
2427 1941 2738 2009 reipublicze
2764 1942 2931 1995 tutela
2962 1941 3203 1995 creditur
3235 1942 3375 2010 apud
3402 1942 3618 2012 vulgus,

2040 2034 2296 2102 idemque
2341 2034 2570 2087 materia
2618 2033 2862 2088 sceleris.
2901 2032 3040 2087 Tum
3074 2044 3381 2099 mercatura
3436 2034 3619 2087 decori

2039 2125 2202 2180 simul
2246 2126 2478 2191 civibus,
2512 2126 2786 2191 simulque
2808 2125 3063 2180 dedecori
3086 2136 3188 2180 est.
3226 2125 3423 2191 Quidni
3456 2125 3621 2195 igitur

2040 2217 2155 2271 haec
2183 2219 2461 2272 contraria
2503 2218 2671 2272 sunt?
2704 2218 2830 2287 quia
2875 2218 3124 2273 videlicet
3164 2234 3341 2287 neque
3371 2218 3623 2272 beneme-

2039 2309 2205 2363 ritum
2242 2312 2489 2365 occidere
2516 2310 2639 2364 licet
2664 2311 2861 2372 civem,
2898 2326 3075 2379 neque
3106 2311 3257 2365 urbis
3280 2311 3611 2371 studiosum,

2039 2415 2139 2454 nec
2168 2401 2419 2469 quemvis
2453 2401 2784 2454 innocuum:
2821 2402 3031 2455 hostem
3067 2416 3196 2455 vero
3226 2411 3277 2455 ct
3312 2402 3622 2455 malelicum

2039 2495 2385 2561 etprzecipue
2421 2492 2777 2562 proditorem,
2823 2508 3040 2561 militum
3075 2500 3159 2545 est
3190 2492 3443 2545 interﬁci.
3478 2492 3627 2546 Piac-

2043 2591 2188 2636 terea
2214 2585 2305 2652 qui
2340 2584 2548 2637 alienos
2573 2584 2841 2638 thalamos
2864 2584 3052 2646 violat,
3086 2584 3131 2638 si
3160 2587 3212 2637 in
3247 2584 3493 2638 facinore
3536 2582 3626 2636 de-

2042 2676 2431 2744 prehendatur.
2464 2677 2589 2729 licet
2618 2676 2837 2744 conjugi
2878 2678 3007 2730 laeso
3045 2692 3237 2745 poenas
3286 2677 3352 2729 de
3401 2676 3493 2728 illo
3533 2689 3626 2728 su-

2041 2782 2224 2820 mere:
2254 2768 2300 2819 si
2334 2777 2511 2820 tamen
2548 2767 2767 2822 aliunde
2803 2759 3425 2837 facinus'cognoscatur,
3456 2764 3624 2818 alium

2038 2858 2277 2925 judicem
2317 2872 2485 2911 causa
2522 2859 2784 2926 postulat.
2834 2858 3049 2912 Rursus
3093 2859 3345 2911 homines
3386 2857 3627 2909 obscuro

2042 2948 2167 2999 vita:
2195 2948 2377 3015 generi
2416 2948 2602 3010 dediti,
2642 2948 3011 3001 mercimoniis
3053 2948 3170 3001 suis
3213 2947 3450 3001 civitatis
3473 2962 3629 2999 com-

2044 3038 2206 3092 moda
2238 3048 2437 3109 augent
2466 3056 2479 3092 :
2510 3038 2603 3107 qui
2649 3054 2779 3092 vero
2813 3047 2908 3092 aut
2933 3040 3152 3093 ordines
3194 3039 3487 3099 militares,
3532 3046 3628 3091 aut

2044 3129 2232 3183 civiles
2263 3130 2651 3198 magistratus,
2678 3138 2771 3183 aut
2812 3128 3009 3185 similia
3048 3146 3273 3183 munera
3305 3138 3502 3201 gerunt
3522 3168 3538 3190 ,
3569 3129 3627 3184 hi

352 3193 461 3301 :71;
510 3193 787 3292 πολιτείας
846 3193 1190 3297 ἐξυϐρίζουσι
1247 3231 1311 3279 τὸ
1361 3193 1618 3295 dite—ipa:
1674 3193 1775 3278 καί

2044 3220 2090 3275 si
2116 3221 2291 3275 adilla
2328 3222 2543 3290 negotia
2574 3236 2633 3276 se
2664 3220 2801 3275 forte
2833 3222 3143 3287 demittant,
3164 3223 3286 3275 vitm
3307 3193 3422 3275 stite
3443 3222 3627 3290 digni-

356 3322 825 3394 παραδειγμάτων
866 3321 967 3373 οὐκ
998 3319 1113 3372 ἔστι
1151 3319 1329 3390 πέρας
1370 3317 1449 3387 τῷ
1486 3316 1795 3387 βουλομένῳ
1828 3315 1944 3368 δια-

357 3414 728 3487 περάνασθαι.
765 3413 927 3483 Ὁρᾷς
975 3412 1050 3475 ὡς
1109 3411 1279 3464 πολλὰ
1326 3411 1422 3481 μὲν
1465 3409 1767 3479 φαντασίαν
1799 3424 1944 3477 παρ-

358 3508 545 3577 έχεται
586 3504 935 3567 ἀντιθέσεως,
972 3502 1338 3571 ἐξεταζόμενα
1379 3502 1439 3554 δὲ
1478 3501 1577 3570 τὴν
1624 3498 1944 3569 συμφωνίαν

357 3595 703 3661 ἁππάζεται;
762 3594 948 3659 Οὕτως
1005 3593 1099 3646 οὖν
1144 3595 1239 3646 καὶ
1280 3592 1376 3645 ἐπὶ
1425 3591 1527 3660 τῆς
1585 3592 1736 3659 ἱερᾶς
1788 3589 1944 3660 ήμῶν

357 3688 584 3757 Γραφῆς
616 3688 734 3739 δέον
761 3686 1008 3755 θεωρεῖν,
1031 3679 1098 3755 ἧς
1128 3684 1289 3753 ῥητὸν
1314 3684 1406 3736 καὶ
1432 3683 1493 3735 τὸ
1516 3681 1607 3733 σὺν
1630 3680 1943 3751 πρόϐλημα,

359 3780 498 3847 πρὸς
548 3779 577 3831 ὃ
626 3778 869 3847 δηλονότι
924 3774 1234 3844 διετυπώθη
1268 3775 1365 3828 καὶ
1398 3774 1456 3826 τὸ
1487 3773 1607 3826 ὅλον
1650 3770 1746 3825 τοῦ
1781 3771 1943 3839 λόγου

362 3873 671 3944 προοίμιον.

428 3966 502 4033 γ’.
546 3964 750 4033 Μωσῆς
792 3963 821 4015 6
848 3962 1144 4032 νομοθέτης
1179 3955 1318 4021 εἷπε,
1374 3956 1575 4027 μᾶλλον
1616 3955 1663 4007 δ’
1693 3956 1720 4007 6
1767 3952 1946 4015 κοινὸς

356 4058 454 4111 καὶ
497 4057 743 4124 πλάστης
779 4055 873 4107 καὶ
906 4053 1199 4124 νομοθέτης
1244 4051 1311 4104 δι’
1341 4049 1527 4109 αὐτοῦ,
1570 4066 1588 4098 ι
1634 4047 1707 4099 Οὐ
1749 4044 1946 4114 φονεύ-

358 4165 516 4210 σεις·
558 4166 575 4197 ι
632 4147 728 4199 καὶ
784 4144 983 4198 πάλιν·
1036 4161 1055 4193 ι
1092 4142 1263 4195 Θέσθε
1316 4142 1545 4202 ἕκαστος
1594 4139 1695 4206 τὴν
1750 4135 1945 4188 ἑαυτοῦ

360 4241 641 4310 ῥομφαίαν
685 4239 775 4290 ὲπὶ
816 4238 909 4291 τὸν
948 4236 1143 4307 μηρὸν,
1173 4235 1268 4287 καὶ
1302 4232 1540 4284 διέλθετε
1571 4231 1664 4282 καὶ
1696 4230 1948 4299 ἀνακάμ-

355 4335 499 4401 ψατε
528 4334 636 4386 ἀπὸ
663 4331 839 4399 πύλης
870 4331 953 4392 εἰς
980 4328 1157 4397 πύλην
1188 4327 1276 4379 διὰ
1302 4327 1401 4392 τῆς
1428 4323 1808 4393 παρεμϐολῆς,
1850 4321 1946 4374 καὶ

358 4424 720 4477 ἀποκτείνατε
747 4422 976 4485 ἕκαστος
999 4421 1091 4472 τὸν
1121 4419 1347 4485 ἀδελφὸν
1377 4415 1567 4480 αὐτοῦ,
1597 4414 1689 4467 καὶ
1715 4414 1947 4473 ἕκαστος

356 4516 454 4569 τὸν
487 4515 716 4585 πλησίον
738 4513 927 4578 αὑτοῦ,
957 4512 1050 4564 καὶ
1074 4510 1301 4571 ἕκαστος
1330 4507 1421 4559 τὸν
1452 4507 1678 4573 ἔγγιστα
1703 4502 1888 4556 αὑτοῦ.
1916 4522 1934 4552 ι
1976 4539 2017 4592 D

354 4607 487 4670 Πῶς
517 4602 611 4659 οὖν
637 4599 799 4659 αὗται
828 4606 884 4658 αἱ
910 4604 1083 4671 φωναί⁵
1121 4602 1221 4672 τὴν
1258 4598 1503 4668 ἀλλήλων
1530 4598 1589 4650 οὺ
1618 4594 1942 4666 νομοθετοῦ-

358 4717 449 4752 σιν
470 4699 754 4767 ἀναίρεσιν
779 4714 794 4762 ;
828 4698 897 4747 "H
924 4694 1167 4766 δηλονότι
1200 4696 1261 4746 οὐ
1293 4693 1574 4761 φονεύσεις
1604 4689 1700 4758 μὲν
1729 4688 1819 4739 τὸν
1853 4686 1947 4741 ἀν-

360 4792 539 4845 αίτιον
562 4807 576 4820 ο
600 4790 691 4842 τὸν
721 4789 777 4841 δέ
802 4805 864 4855 γε
899 4788 1131 4839 θανάτου
1164 4784 1369 4852 ἔνοχον,
1394 4782 1497 4839 καὶ
1527 4779 1617 4831 τὸν
1655 4777 1947 4847 πατρῴους

360 4884 576 4952 νόμους
602 4881 981 4951 ἐνυϐρίσαντα,
1001 4878 1239 4938 εἰδώλοις
1269 4892 1329 4928 τε
1362 4874 1422 4928 τὸ
1449 4872 1543 4925 τοῦ
1570 4871 1814 4924 Πλάστου
1852 4869 1946 4922 σέ-

359 4973 467 5035 ϐας
496 4972 866 5041 ἀναψάμενον,
908 4969 1052 5039 φόνῳ
1098 4967 1367 5027 κολάσεις.
1423 4963 1636 5015 Ἐάσειν
1684 4977 1775 5030 μοι
1804 4958 1947 5011 δοκῶ

358 5064 444 5115 τόο
479 5082 496 5113 ι
535 5063 611 5115 Οὐ
642 5061 969 5132 μοιχεύσεις,
1002 5078 1021 5111 ι
1049 5059 1143 5112 καὶ
1164 5058 1247 5111 τό“
1283 5076 1302 5107 ι
1331 5055 1477 5109 Λάϐε
1509 5051 1722 5120 σεαυτῷ
1762 5052 1947 5117 γυναῖ-

359 5170 436 5206 κα
470 5152 728 5221 πορνείας
755 5152 849 5203 καὶ
872 5150 1039 5203 τέκνα
1074 5146 1348 5219 πορνείας.
1384 5164 1402 5196 ι
1444 5145 1597 5212 Ἔχει
1624 5142 1732 5211 γάρ
1762 5157 1817 5191 τι
1851 5139 1946 5191 καὶ

360 5242 459 5298 τοῦ
489 5243 823 5313 ζητουμένου
864 5241 1160 5311 βαθύτερον
1188 5238 1267 5306 (8)
1292 5254 1307 5269 ⁸
1337 5237 1475 5307 πλὴν
1504 5238 1591 5293 ὅτι
1618 5234 1945 5304 περίστασις

360 5336 644 5391 κάνταῦθα
678 5335 939 5405 ποιεῖτὴν
970 5330 1305 5402 φαινομένην
1337 5330 1516 5399 μάχην
1550 5327 1623 5397 μὴ
1651 5323 1940 5396 μάχεσθαι’

2049 3318 2210 3362 tatem
2244 3309 2594 3363 dedecorant.
2626 3309 2817 3364 Nullus
2847 3310 3221 3377 exemplorum
3267 3310 3392 3363 linis
3421 3313 3545 3373 erit,
3580 3311 3628 3364 si

2050 3401 2176 3468 quis
2206 3401 2391 3453 omnia
2424 3402 2675 3470 persequi
2709 3402 2859 3455 velit.
2885 3399 3076 3455 Viden‘
3106 3412 3162 3454 ut
3192 3401 3359 3454 multa
3390 3402 3627 3468 speciem

2046 3507 2157 3560 prie
2198 3506 2257 3545 se
2307 3492 2487 3545 ferunt
2527 3493 2972 3557 contrarietatis,
3022 3508 3145 3563 quae
3192 3508 3316 3546 mox
3363 3507 3628 3562 perpensa

2046 3584 2392 3638 concordiam
2436 3585 2703 3639 tuentur?
2740 3584 2834 3638 llis
2889 3586 3053 3653 igitur
3104 3586 3631 3641 considerationibus

2048 3675 2100 3727 in
2129 3690 2285 3729 sacra
2315 3692 2534 3745 quoque
2574 3676 2853 3746 Scriptura
2886 3688 3071 3733 nostra
3102 3679 3181 3731 uti
3209 3687 3445 3747 oportet,
3471 3678 3631 3745 cujus

2046 3768 2363 3822 estelfattttii
2388 3768 2517 3823 illud
2543 3770 2686 3838 quod
2725 3779 2779 3824 tu
2811 3770 2943 3823 mihi
2963 3770 3177 3839 ohjicis,
3206 3781 3258 3824 et
3278 3771 3438 3840 cujus
3456 3771 3630 3839 gratia

2059 3867 2232 3913 totum
2264 3863 2534 3917 sermonis
2553 3862 2712 3927 hujus
2741 3864 3021 3931 praemium
3050 3864 3374 3917 adornatum
3397 3864 3517 3918 fuit.

2120 3953 2171 4004 5.
2210 3949 2517 4019 Legislator
2538 3952 2715 4008 Moses
2741 3955 2872 4023 (imo
2894 3970 3023 4008 vero
3050 3956 3359 4010 communis
3382 3957 3626 4009 omnium

2048 4050 2265 4092 creator
2294 4050 2349 4092 et
2377 4040 2655 4107 legislator
2686 4055 2782 4093 ore
2825 4040 2944 4109 ejus
2993 4041 3243 4109 loquens)
3275 4043 3391 4094 ait:
3429 4059 3448 4091 ι
3506 4040 3625 4092 Non

2048 4130 2268 4183 occides
2303 4129 2375 4181 ‘l‘.
2418 4149 2437 4181 ι
2466 4130 2783 4198 Rursusque
2814 4147 2827 4183 :
2861 4150 2879 4181 ι
2920 4133 3198 4200 Accingite
3247 4131 3623 4197 unusquisque

2051 4222 2195 4275 latus
2232 4200 2392 4287 ense;
2423 4225 2553 4276 itote
2583 4238 2647 4275 ac
2693 4225 2979 4277 circumita
3034 4232 3343 4275 castrorum
3404 4232 3623 4291 portas;

2048 4314 2300 4367 occidant
2339 4315 2533 4383 singuli
2565 4313 2783 4367 fratrem
2826 4330 2987 4367 suum
3038 4324 3091 4368 et
3139 4318 3509 4368 necessarium
3563 4329 3630 4368 ac

2048 4408 2355 4476 proximum
2386 4408 2428 4458 ¹.
2477 4425 2496 4458 ι
2552 4406 2751 4472 Quidni
2805 4408 2973 4475 igitur
3029 4407 3173 4460 dicta
3232 4406 3349 4460 haec
3410 4416 3628 4460 mutuas

2049 4501 2222 4553 caades
2254 4500 2369 4569 lege
2397 4499 2686 4554 sanciunt?
2738 4498 2843 4552 nisi
2895 4498 3023 4567 quia
3087 4499 3443 4568 intelligimus
3504 4515 3628 4567 par-

2043 4593 2275 4645 cendum
2307 4607 2427 4645 esse
2464 4592 2725 4657 innoxio;
2760 4593 2955 4645 mortis
2991 4601 3173 4645 autem
3210 4608 3383 4656 reum,
3427 4600 3481 4645 et
3530 4592 3626 4661 qui

2042 4685 2249 4752 patrias
2280 4685 2425 4752 leges
2463 4683 2705 4747 violavit,
2763 4684 3117 4754 debitumque
3172 4683 3417 4738 Creatori
3461 4686 3624 4740 obse-

2043 4773 2231 4843 quium
2274 4774 2339 4825 ad
2371 4773 2512 4826 idola
2550 4775 2846 4841 transtulit,
2876 4776 3044 4836 hunc,
3076 4776 3323 4844 inquam,
3350 4776 3465 4828 neci
3503 4790 3626 4829 esse

2043 4862 2394 4918 tradendum.
2428 4862 2685 4916 Libenter
2715 4865 2911 4919 omitto
2934 4866 3098 4919 verba
3132 4883 3151 4916 ι
3183 4866 3527 4919 Adulterium
3557 4880 3626 4919 ne

2044 4953 2254 5021 facito;
2298 4974 2317 5007 ι
2355 4965 2452 5010 et:
2499 4975 2516 5008 ι
2546 4956 2690 5026 Cape
2717 4958 2815 5011 tibi
2846 4960 3106 5013 feminam
3151 4960 3516 5025 meretricem,
3560 4974 3623 5014 ac

2044 5046 2243 5101 liberos
2293 5049 2490 5103 nothos
2547 5065 2671 5104 crea
2700 5051 2749 5114 ’ς
2808 5070 2826 5101 ›
2900 5051 3101 5105 habent
3165 5052 3310 5105 enim
3371 5052 3621 5111 altiorem

2043 5140 2301 5207 praesenti
2332 5142 2633 5209 quaestione
2661 5156 2882 5197 sensum
2911 5160 2925 5197 :
2960 5142 3053 5197 sed
3081 5151 3260 5196 tamen
3290 5143 3376 5197 hic
3405 5159 3623 5212 quoque

2042 5228 2453 5284 circumstantia
2485 5231 2634 5291 facit,
2669 5242 2729 5285 ut
2760 5245 3030 5301 apparens
3082 5247 3258 5303 pugna
3289 5247 3481 5300 reapse
3512 5246 3620 5284 non

2045 5331 2268 5389 pugnet.
2305 5320 2458 5376 llaud
2484 5323 2611 5379 licet
2663 5322 2759 5379 Dei
2804 5324 3127 5395 prophetam
3175 5340 3364 5389 manu,
3416 5323 3624 5392 lingua,

435 5471 490 5505 ί*
522 5468 696 5524 Exod.
738 5466 950 5533 xx,15.
1026 5468 1047 5497 ⁸
1089 5463 1261 5518 Exod.
1304 5475 1476 5523 xxxii,
1523 5458 1617 5510 27.
1690 5458 1711 5488 ³
1745 5456 1883 5509 Osee
1913 5470 1953 5517 ι,
1985 5453 2042 5507 2.

1866 5568 2096 5625 ΝΟΤιιΕ.

433 5692 512 5767 (8)
548 5693 759 5751 Videsis
803 5689 1075 5749 Theodori
1118 5688 1485 5761 Mopsucsteni
1530 5686 2038 5757 interpretationem
2068 5683 2224 5742 Oscae
2257 5684 2549 5758 prophetia.
