3976 6222
347 279 409 344 51
545 257 554 267 '
1505 252 1771 315 PHOTII
1795 253 1949 314 PATI

2052 255 2306 316 \RCHE
2344 255 2456 317 ΕΡ.
2589 269 2592 272 ’
3543 256 3613 320 5?.

348 373 512 429 modo
539 372 803 443 quolibet,
834 371 1048 427 violari.
1101 369 1200 427 Rei
1233 379 1402 428 testes
1453 370 1706 427 illusores
1749 371 1928 442 pueri,

2052 371 2154 423 Οὐκ
2189 369 2399 434 ἔξεστιν
2438 370 2520 435 είς
2560 367 2696 424 Θεοῦ
2731 370 3021 442 προφήτην
3053 366 3321 441 ὑϐρίζειν,
3355 367 3419 423 ού
3446 371 3610 441 χειρὶ,

347 468 442 538 qui
477 482 601 521 cum
629 465 948 535 prophetam
982 465 1120 520 risui
1165 463 1509 525 habuissent,
1555 464 1802 517 convicia
1831 477 1930 517 sua

348 573 645 629 corporum
682 557 968 626 suppliciis
1005 555 1296 610 luerunt‘.
1347 555 1655 624 Caeteroqui
1687 564 1741 607 et
1761 554 1931 608 alium

351 653 621 715 invenies,
655 651 748 721 qui
782 649 909 719 quia
943 648 1219 718 propheta:
1243 647 1436 702 faciem
1467 663 1573 702 non
1603 648 1930 710 verberavit,

352 747 408 800 in
461 752 766 798 extremum
820 741 1047 794 exitium
1113 738 1302 792 incidit
1333 738 1372 792 ⁸.
1435 738 1704 808 Quodque
1758 740 1933 808 magis

351 835 724 893 diliicnltatem
757 832 1002 898 roborat,
1033 838 1089 886 et
1145 829 1271 884 illos
1311 829 1406 899 qui
1459 829 1647 899 injurii
1712 827 1934 884 fuerant

353 931 468 985 fera
498 926 749 991 laniavit,
778 936 834 980 et
859 940 984 979 eum
1016 922 1272 979 similiter
1296 923 1389 992 qui
1423 922 1491 976 ab
1520 936 1586 976 eo
1615 921 1762 976 facto
1805 922 1935 976 imi-

353 1021 524 1076 tando
555 1028 791 1080 caverat,
823 1018 926 1070 alia
967 1015 1081 1071 fera
1125 1015 1346 1070 invasit.
1377 1013 1519 1080 Quid
1552 1014 1716 1084 ergo?
1752 1029 1936 1070 nonne

357 1114 473 1168 haec
529 1111 802 1166 contraria
867 1109 1049 1165 sunt?
1107 1108 1330 1162 Minime
1391 1107 1657 1177 gentium.
1718 1107 1934 1163 Etenim

355 1199 604 1269 quaedam
665 1198 886 1267 proprio
936 1197 1156 1266 judicio'
1199 1196 1574 1264 instinctuque
1641 1206 1934 1266 suscepta,

356 1301 586 1355 prorsus
618 1301 724 1338 non
755 1285 920 1338 licent
956 1303 968 1338 :
1006 1299 1193 1337 verum
1245 1284 1338 1337 ubi
1399 1282 1540 1338 Deus
1583 1284 1835 1354 jusserit,
1882 1296 1938 1340 et

358 1378 628 1432 sententia
659 1378 874 1432 coalitus
910 1377 1014 1430 lata
1052 1377 1238 1438 fuerit,
1278 1393 1386 1430 non
1419 1379 1596 1432 solum
1623 1379 1788 1432 verbo
1829 1395 1934 1433 non

360 1469 480 1523 licet
525 1470 677 1522 locus
705 1469 846 1521 haud
881 1476 986 1530 est,
1032 1481 1220 1520 verum
1263 1467 1428 1520 etiam
1486 1467 1934 1535 inobsequentem

357 1573 523 1629 pinna
545 1559 737 1612 acerba
764 1557 1140 1626 consequitur.
1185 1556 1492 1626 Utrumque
1544 1558 1710 1627 igitur
1753 1573 1938 1612 sacra-

361 1666 482 1704 rum
512 1649 840 1703 Litterarum
877 1650 1187 1718 exemplum
1233 1657 1588 1718 apparentem
1634 1649 1938 1703 contrarie-

361 1752 524 1795 tatem
556 1742 828 1810 dispellit;
864 1741 1096 1794 alterum
1146 1741 1366 1811 quidem
1420 1742 1566 1794 noxii
1617 1751 1671 1795 et
1727 1742 1939 1795 innoxii

362 1833 811 1899 circumstantia;
848 1833 1080 1888 alterum
1121 1848 1152 1888 a
1182 1833 1367 1889 divino
1391 1835 1611 1890 decreto
1653 1845 1708 1890 et
1761 1835 1940 1890 humi-

360 1925 448 1980 nis
482 1926 784 1979 voluntate.

434 2099 488 2153 4.
523 2097 686 2152 Multa
724 2114 943 2169 quoque
973 2100 1079 2156 alia
1108 2116 1231 2171 quae
1265 2101 1424 2157 aliter
1469 2118 1719 2173 pugnare
1748 2105 1943 2159 viden-

364 2196 473 2250 tur,
501 2191 790 2258 perpensis
825 2201 970 2245 recte
993 2192 1447 2259 circumstantiis,
1497 2193 1565 2248 ad
1612 2209 1942 2250 consensum

364 2290 712 2337 revocantur.
745 2282 797 2337 Id
829 2299 959 2339 vero
1006 2286 1204 2341 accidit
1239 2302 1386 2342 nunc
1429 2287 1570 2353 loco,
1613 2303 1762 2342 nunc
1805 2297 1945 2342 tem-

364 2388 517 2442 pore,
548 2375 817 2430 interdum
849 2393 1068 2446 quoque
1120 2394 1376 2448 persona.
1428 2378 1494 2434 Et
1549 2389 1675 2435 sunt
1723 2380 1944 2449 quidem

365 2464 423 2518 in
455 2473 697 2534 tempore
725 2465 1044 2521 differentia:
1069 2483 1176 2522 non
1206 2484 1411 2538 paucze,
1453 2470 1627 2523 multo
1658 2479 1839 2524 autem
1890 2461 1944 2523 in

365 2570 602 2624 persona
637 2557 855 2625 plures;
889 2559 1150 2614 dominus
1175 2569 1229 2613 et
1282 2560 1572 2623 subditus;
1603 2560 1712 2613 dux
1753 2569 1809 2614 et
1843 2560 1948 2613 du-

366 2655 519 2713 ctus;
548 2648 766 2704 initians
798 2658 851 2703 et
895 2649 1180 2717 initiatus;
1219 2651 1520 2718 discipulus
1569 2661 1622 2705 ct
1653 2652 1944 2720 magister;

366 2737 568 2790 noxius
597 2747 650 2790 et
683 2738 959 2794 innoxius.
995 2738 1210 2795 Rursus
1239 2741 1554 2795 communis
1585 2749 1669 2795 est
1700 2757 1948 2810 persona:

366 2826 588 2890 divisio,
615 2828 926 2884 immutatio
947 2831 1192 2900 ejusdem
1225 2833 1307 2886 vel
1337 2832 1664 2901 suppositio.
1697 2831 1949 2902 Namque

367 2919 472 2973 alia
501 2923 709 2989 species
739 2923 1016 2992 consurgit
1051 2931 1260 2976 mutato
1292 2937 1466 2983 more,
1511 2935 1770 2978 manente
1827 2940 1951 2993 per-

368 3026 536 3076 sona;
573 3014 679 3066 alia
736 3029 928 3068 rursus
990 3030 1115 3068 cum
1167 3016 1259 3068 uni
1313 3015 1390 3068 rei
1433 3015 1540 3068 alia
1597 3017 2017 3117 supponitur.C

829 3103 1015 3117 ..-ἢ
1151 3103 1279 3117 η.
1806 3105 1853 3117 ..

367 3098 572 3164 Veluti,
602 3119 806 3171 regem,
827 3103 956 3158 fecit
979 3104 1120 3158 Deus
1151 3103 1392 3167 Saulem,
1426 3113 1482 3159 et
1502 3105 1743 3158 vicissim
1770 3105 1946 3159 eidem

369 3208 596 3262 regnum
643 3194 863 3248 ademit.
901 3215 918 3247 ι
957 3196 1150 3249 Adhuc
1177 3207 1286 3249 tres
1324 3196 1440 3249 dies
1487 3205 1540 3248 et
1579 3195 1772 3249 Ninive
1817 3196 1950 3250 sub-

369 3281 682 3344 vertetur‘;
743 3300 761 3331 ι
824 3290 1105 3349 exspectat
1156 3290 1337 3335 autem
1386 3283 1516 3336 urbs
1582 3284 1950 3351 priestitutum

371 3377 587 3437 tempus
622 3370 788 3424 libera
817 3372 960 3424 malo
983 3381 1038 3424 et
1079 3367 1304 3426 illibata.
1349 3373 1614 3426 Sescenta
1657 3373 1766 3427 alia
1798 3383 1947 3439 sunt,

371 3476 496 3529 quae
532 3476 626 3530 per
664 3476 878 3516 morum
946 3463 1302 3518 mutationem
1359 3479 1652 3534 personam
1706 3466 1952 3520 subdivi-

373 3553 579 3618 dentia,
617 3555 815 3607 mentis
847 3555 1139 3608 tumultum
1188 3555 1256 3609 ad
1297 3557 1533 3624 quietem
1586 3566 1803 3612 vocant.
1831 3555 1949 3611 Jam

374 3644 521 3713 quod
551 3642 730 3698 Aaron
770 3660 958 3713 ptenas
988 3661 1094 3700 non
1127 3647 1336 3701 dederit
1363 3646 1579 3702 conflati
1621 3647 1797 3714 vituli,
1844 3664 1954 3717 quo

376 3743 617 3804 tempore
644 3734 832 3790 alliues
866 3737 1042 3791 eidem
1071 3737 1286 3792 crimini
1319 3737 1534 3807 gladius
1561 3738 1951 3802 ulciscebatur,

377 3827 428 3879 id
459 3829 660 3895 ipsum,
681 3828 925 3899 inquam,
959 3830 1084 3885 aliis
1113 3831 1587 3900 causisimputare
1618 3831 1763 3897 licet,
1791 3841 1956 3900 atque

376 3917 497 3987 ejus
551 3921 626 3980 rei
671 3923 1084 3990 repugnantiam
1130 3923 1198 3976 ad
1251 3924 1559 3993 :equitatem
1622 3924 1952 3992 pertrahere.

378 4007 564 4080 Itaque
593 4029 950 4079 personarum
998 4015 1286 4070 diversitas
1335 4031 1441 4069 non
1499 4016 1849 4070 mediocriter
1891 4017 1957 4070 ad

379 4102 754 4158 conciliandas
784 4105 1153 4160 dissonantias
1207 4106 1383 4169 valet;
1423 4104 1870 4175 quandoquidem
1907 4114 1961 4160 et

379 4196 502 4248 alia:
532 4210 619 4248 res
642 4195 784 4250 eirea
821 4211 1111 4264 personam
1143 4197 1414 4265 praecipue
1440 4205 1604 4266 atque
1645 4198 1715 4251 ab
1753 4213 1814 4251 ea
1839 4213 1958 4251 mo-

381 4295 625 4338 mentum
674 4289 974 4356 accipinnt.
1029 4288 1093 4340 Et
1146 4289 1364 4356 quidem
1423 4291 1473 4342 in
1531 4290 1704 4344 sacris
1766 4290 1958 4344 litteris

2031 461 2092 513 ού
2125 461 2381 532 γλώσσῃ,
2423 462 2524 533 οὐχ
2565 460 2741 533 ἑτέρῳ
2779 461 2966 532 τρόπῳ
2997 459 3125 515 τινίο
3165 461 3261 514 καὶ
3289 459 3609 532 μαρτύριον,

2033 555 2226 618 παῖδες
2263 554 2560 626 ἁθύροντες
2590 555 2687 610 καὶ
2716 556 3006 626 προφήτην
3039 553 3357 624 ποιούμενοι
3380 552 3611 622 γέλωτα,

2033 646 2156 699 ἀντὶ
2182 648 2534 717 σκωμμάτιον
2578 647 2849 717 σωμάτων
2879 644 3322 717 είσεπράχθησαν
3352 643 3575 713 ὄλεθρον
3597 661 3612 676 ο

2033 737 2149 798 ἀλλ’
2189 740 2447 811 εὑρήσεις
2482 738 2624 803 τινά,
2656 738 2780 792 ἐπεὶ
2806 737 2882 810 μὴ
2917 737 3012 791 τοῦ
3045 737 3325 808 προφήτου
3366 737 3467 806 τὴν
3496 736 3615 805 ww:

2034 830 2326 898 ἐπάταξεν,
2375 832 2460 885 ὅτι
2506 831 2607 902 τὴν
2643 830 2880 902 ἐσχάτην
2918 830 3076 901 δίκην
3119 829 3376 884 ἀπέτισεο
3424 829 3520 882 καὶ
3555 828 3616 880 τὸ

2035 923 2302 996 κρατύνον
2341 923 2543 995 μᾶλλον
2571 923 2634 977 τὸ
2661 923 2890 994 ἄπορον,
2919 922 3050 986 τούς
3072 939 3133 976 τε
3169 921 3308 992 πρὸς
3338 921 3495 992 ὓϐριν
3527 920 3614 986 te-

2037 1014 2356 1086 ενεχθέντας
2401 1015 2590 1085 θηρίον
2637 1014 2935 1086 ὲσπάραξε,
2983 1013 3079 1067 καὶ
3115 1013 3206 1066 τὸν
3248 1010 3616 1079 εὐλαϐηθέντα

2036 1105 2134 1176 τὴν
2173 1106 2426 1177 μίμησιν,
2459 1104 2650 1176 θηρίον
2677 1105 2804 1160 ἄλλο
2836 1105 3120 1158 διέσπασε.
3157 1103 3222 1156 Τί
3254 1101 3350 1156 οῦν
3379 1102 3488 1173 ἄρα
3520 1100 3619 1154 ούκ

2037 1198 2254 1251 ἐναντία
2286 1196 2389 1251 ταῦ
2403 1215 2460 1250 τα
2485 1215 2500 1263 ;
2536 1197 2611 1250 υύ
2646 1197 2743 1267 μὲν
2773 1193 2868 1251 οῦν
2896 1196 3016 1250 οὐδὲ
3041 1193 3239 1249 πολλοῦ
3270 1195 3384 1248 δεῖο
3416 1193 3516 1246 οὐκ
3539 1192 3622 1256 ἔξ·-

2038 1307 2155 1342 εστι
2186 1291 2284 1358 μὲν
2309 1290 2418 1360 γὰρ
2439 1289 2550 1342 οὐδ’
2567 1289 2706 1352 ὅλως
2734 1289 2911 1356 οίκείᾳ
2933 1289 3115 1359 κρίσει
3137 1288 3232 1340 καὶ
3260 1288 3402 1356 ὁρμῇ
3431 1287 3622 1355 ἀνερε-

2039 1379 2361 1448 θισόμενον·
2421 1378 2643 1432 ἐπειδὰν
2699 1377 2756 1430 δὲ
2804 1377 2935 1440 Θεὸς
2985 1377 3184 1448 κελεύῃ
3232 1377 3326 1430 καὶ
3375 1377 3408 1445 ἡ
3441 1374 3622 1443 ψῆφος

2039 1471 2245 1525 ἄνωθεν
2268 1470 2504 1540 φέροιτο,
2537 1469 2599 1522 ού
2641 1468 2798 1539 μόνον
2826 1468 2927 1521 ούκ
2955 1467 3069 1538 ἔχει
3097 1466 3282 1539 χώραν
3311 1466 3370 1519 τὸ
3399 1465 3513 1518 Οὐκ
3541 1462 3628 1527 ἑξε-

2039 1578 2207 1624 εστιν,
2245 1561 2380 1624 ἀλλὰ
2429 1561 2524 1614 καὶ
2567 1560 2667 1631 τὴν
2696 1557 3129 1628 παρημεληκότα
3160 1555 3374 1627 πικρῶς
3421 1557 3455 1625 ὴ
3499 1554 3624 1623 δίκη

2046 1652 2393 1722 μετέρχεται.
2437 1650 2729 1720 Ἑκάτερον
2775 1645 2868 1702 οῦν
2905 1648 3015 1700 τῶν
3069 1645 3232 1717 ίερῶν
3277 1644 3628 1715 γραμμάτων

2045 1741 2399 1811 παράδειγμα
2442 1739 2539 1810 τὴν
2585 1739 2851 1793 δοκοῦσαν
2885 1738 3202 1792 ἐναντίωσιν
3247 1732 3627 1798 ἀποσκευάζε-

2035 1847 2133 1883 .ται
2153 1846 2166 1859 ·
2194 1830 2255 1881 τὸ
2290 1829 2388 1898 μὲν
2418 1830 2482 1882 ὲκ
2506 1829 2604 1898 τῆς
2633 1827 2726 1881 τοῦ
2752 1826 3048 1881 άνευθύνου
3078 1829 3174 1880 καὶ
3206 1823 3506 1878 ύπευθύνου
3536 1823 3630 1892 δη-

2044 1921 2216 1976 λονότι
2245 1920 2642 1991 περιστάσεως.
2670 1919 2731 1973 τὸ
2755 1918 2814 1973 δὲ
2846 1917 2997 1988 παρὰ
3016 1917 3117 1990 τὴν
3146 1917 3299 1970 θείαν
3325 1916 3504 1986 ψῆφον
3532 1915 3632 1970 καὶ

2043 2015 2104 2068 τὸ
2135 2013 2477 2082 ἀνθρώπινον
2500 2013 2754 2084 ὅρμημα.

2113 2101 2177 2157 δ’.
2212 2102 2392 2156 Πολλὰ
2435 2102 2495 2154 δὲ
2532 2103 2628 2156 καὶ
2668 2101 2806 2157 ἄλλα
2838 2101 2938 2172 τὴν
2973 2101 3031 2154 ὲν
3058 2098 3241 2162 ἄλλοις
3278 2098 3460 2170 μάχην
3495 2115 3633 2168 προ-

2047 2194 2325 2263 φαίνοντα,
2378 2191 2490 2246 τῶν
2533 2191 2940 2264 περιστατικῶν
2988 2191 3164 2261 ὀρθῶς
3214 2189 3630 2262 διακριθέντων,

2047 2284 2125 2347 είς
2149 2281 2470 2351 συμφωνίαν
2501 2281 2858 2351 μεθίσταται·
2888 2266 3017 2333 ἄλλο
3043 2279 3100 2332 δὲ
3126 2280 3337 2348 γίνεται
3369 2277 3500 2332 ποτὲ
3530 2279 3633 2348 μὲν

2047 2373 2198 2444 παρά
2238 2373 2332 2427 τὸν
2373 2372 2558 2436 τόπον,
2588 2371 2717 2425 άλλο
2749 2389 2809 2424 τε
2836 2370 2986 2441 παρὰ
3016 2370 3106 2423 τὸν
3137 2370 3346 2439 χρόνον,
3378 2368 3549 2422 ἐνίοτε
3573 2368 3633 2421 δὲ

2047 2465 2140 2518 καὶ
2183 2466 2336 2532 παρά
2369 2464 2430 2516 τὸ
2468 2464 2787 2532 πρόσωπον.
2816 2463 2969 2531 Ἔχει
3001 2461 3100 2531 μὲν
3129 2457 3224 2514 οὖν
3268 2461 3360 2514 καὶ
3385 2463 3412 2514 ὁ
3442 2459 3634 2531 χρόνος

2046 2555 2309 2624 διαφορὰς
2344 2557 2444 2608 οὐκ
2475 2555 2685 2623 ὀλίγας,
2717 2555 2850 2608 πολὺ
2881 2553 2940 2607 δὲ
2963 2554 3024 2606 τὸ
3050 2553 3342 2626 πρόσωπον
3371 2553 3589 2617 πλείους
3614 2571 3631 2586 υ

2048 2647 2286 2719 ἄρχοντα
2310 2649 2400 2701 καὶ
2421 2647 2726 2718 ἀρχόμενον
2744 2662 2759 2677 ⁶
2787 2646 3098 2714 εἰσάγοντα,
3127 2647 3483 2716 εἰσαγόμενον
3500 2662 3515 2678 ⁸
3542 2663 3635 2699 τε-

2048 2743 2316 2807 λειοῦντα,
2362 2741 2768 2810 τελειούμενονο
2815 2740 3085 2811 μαθητὴν,
3135 2738 3496 2793 διδάσκαλον·
3538 2739 3636 2792 καὶ

2048 2836 2110 2888 τὸ
2135 2835 2310 2889 αἴτιον
2341 2835 2438 2889 καὶ
2457 2835 2517 2887 τὸ
2537 2834 2776 2887 ἀναίτιον
2795 2849 2809 2865 ·
2843 2833 2938 2886 καὶ
2969 2831 3124 2902 κοινὴ
3153 2831 3316 2885 πάλιν
3338 2829 3431 2883 τοῦ
3467 2845 3638 2900 προσ·

2050 2925 2200 2980 ώπου
2255 2927 2420 2996 τομὴ,
2470 2925 2747 2996 μεταϐολὴ
2790 2925 2984 2979 τούτου
3020 2925 3115 2978 καὶ
3147 2923 3435 2992 ὑπαλλαγή
3458 2938 3472 2950 ·
3508 2922 3638 2976 ἄλλο

2049 3018 2160 3086 γὰρ
2191 3011 2329 3079 εἶδος
2353 3017 2718 3081 ἀποτελεῖται,
2744 3015 2836 3069 τοῦ
2861 3013 3027 3086 ήθους
3051 3017 3152 3086 μὲν
3181 3015 3639 3086 μεταπίπτοντος,

2051 3108 2143 3161 τοῦ
2170 3107 2464 3177 προσώπου
2491 3108 2547 3160 δὲ
2570 3107 2917 3177 διαμένοντος
2936 3123 2950 3136 ⁸
2979 3106 3076 3160 καὶ
3105 3106 3192 3160 ἕτε
3203 3123 3293 3176 ρον
3316 3105 3479 3160 πάλιν
3508 3107 3639 3159 ὅταν

2051 3196 2170 3248 ἀνθ’
2202 3197 2390 3266 ἑτέρου
2417 3198 2602 3268 ἕτερον
2638 3197 3009 3269 ύποΰάλληται
3031 3213 3045 3229 ⁸
3079 3191 3192 3250 οἷον
3223 3196 3574 3249 ἐϐασίλευσεν
3610 3197 3641 3248 ὁ

2053 3285 2186 3348 Θεὸς
2226 3286 2316 3338 τὸν
2355 3287 2553 3352 Σαοὺλ,
2586 3289 2681 3341 καὶ
2715 3288 2879 3342 πάλιν
2911 3287 3131 3356 ἀφεῖλεν
3159 3287 3322 3341 αὐτὸν
3350 3287 3451 3358 τῆς
3483 3287 3642 3357 βασι-

2053 3377 2202 3441 λείας
2227 3395 2242 3408 ·
2282 3396 2301 3429 ι
2329 3381 2451 3431 Ἔτι
2491 3382 2643 3450 τρεῖς
2683 3381 2759 3452 (9)
2802 3380 3031 3450 ἡμέραι,
3077 3382 3174 3433 καὶ
3224 3378 3428 3450 Νινευὴ
3476 3395 3644 3433 κατα-

2055 3469 2451 3537 στραφήσεται,
2475 3488 2492 3521 ι
2531 3471 2626 3523 καὶ
2658 3471 2808 3540 μένει
2840 3472 3029 3541 χρόνον
3059 3473 3092 3541 ή
3120 3471 3274 3535 πόλις
3305 3471 3404 3541 τῆς
3437 3471 3643 3541 προθε-

2056 3559 2222 3626 σμίας
2248 3560 2533 3630 ἐλεύθερος
2561 3561 2657 3614 τοῦ
2694 3562 2902 3624 πάθους
2929 3561 3224 3634 ἀπείρατος
3247 3579 3260 3593 ·
3300 3561 3392 3615 καὶ
3428 3561 3564 3616 ἄλλα
3585 3560 3645 3614 δὲ

2059 3651 2228 3722 μυρία
2262 3653 2328 3723 τῇ
2362 3653 2633 3722 μεταϐολῇ
2669 3653 2776 3706 τῶν
2817 3654 2964 3724 ἠθῶν
2993 3655 3057 3707 τὸ
3090 3655 3381 3727 πρόσωπον
3417 3654 3645 3725 μεριζό-

2058 3759 2217 3810 μενα,
2241 3743 2350 3795 τῶν
2383 3744 2659 3811 λογισμῶν
2683 3745 2783 3815 τὴν
2811 3746 2999 3800 στάσιν
3027 3745 3184 3799 καλεῖ
3208 3747 3342 3817 πρὸς
3375 3745 3643 3798 διάλυσιν.

2058 3832 2132 3885 Τὸ
2156 3834 2212 3886 δὲ
2239 3834 2332 3886 τὸν
2372 3835 2586 3906 ’Λαρὼν
2621 3837 2695 3907 μὴ
2725 3835 2909 3888 δοῦναι
2942 3835 3100 3904 δίκην
3135 3835 3236 3906 τῆς
3266 3836 3644 3906 μοσχοποιίας,

2055 3929 2142 3979 ὅτε
2189 3926 2248 3978 τὸ
2295 3926 2446 3995 ξίφος
2491 3927 2615 3990 τοὺς
2667 3927 3072 3996 μετεσχηκότας
3106 3927 3204 3996 τῆς
3250 3927 3422 3996 αὐτῆς
3465 3926 3648 3990 αἰτίας

2057 4017 2294 4082 ἐδίκαζε,
2345 4017 2441 4070 καὶ
2484 4019 2561 4078 είς
2594 4016 2760 4080 ἄλλας
2793 4017 2892 4086 μὲν
2926 4016 3074 4070 ἔστιν
3111 4015 3408 4086 ἀναφέρειν
3438 4017 3646 4080 αίτίας,

2058 4107 2153 4159 καὶ
2175 4107 2233 4157 τὸ
2257 4105 2580 4158 ἁντιπίπτον
2607 4106 2816 4158 ἐκεῖθεν
2847 4106 3100 4173 συνάγειν
3133 4107 3210 4168 εἰς
3241 4106 3302 4158 τὸ
3327 4105 3644 4168 ἀκόλουθον,

2057 4196 2174 4250 ἀλλ’
2200 4193 2293 4251 οὖν
2319 4213 2382 4266 γε
2415 4198 2510 4250 καὶ
2539 4196 2701 4266 ήτῶν
2732 4196 3041 4266 προσώπων
3071 4197 3322 4267 ἑτερότης
3353 4197 3415 4250 οὐ
3449 4195 3648 4268 μικρὸν

2058 4289 2417 4344 διαλύσασθαι
2477 4290 2576 4360 τὴν
2611 4289 2951 4354 ἐναντίωσιν,
2986 4289 3038 4341 εί
3061 4305 3124 4356 γε
3157 4287 3393 4355 μάλιστα
3436 4287 3532 4340 καὶ
3577 4288 3648 4342 τά

381 4377 549 4429 multa
587 4387 641 4431 et
673 4378 931 4447 frequens
957 4391 1037 4434 est
1078 4380 1150 4435 ob
1196 4396 1444 4449 persome
1491 4383 1949 4436 circumstantiam

2064 4379 2200 4436 ἀλλα
2238 4381 2367 4452 περὶ
2405 4381 2540 4434 αύτό
2585 4397 2645 4433 τε
2676 4381 2772 4433 καὶ
2803 4381 2862 4443 ἐξ
2890 4380 3051 4432 αὑτοῦ
3079 4378 3345 4457 λαμβάνει
3375 4375 3475 4447 τὴν
3511 4375 3647 4446 πρό-

382 4471 636 4523 varietas.
673 4470 966 4540 Complura
999 4474 1290 4541 itcm,qua:
1330 4473 1546 4542 dempta
1591 4474 1807 4528 inscitia
1847 4490 1962 4528 ma-

383 4560 566 4615 litiare
619 4561 870 4631 legentis,
903 4564 1036 4617 nihil
1085 4566 1373 4620 dissonum
1413 4565 1634 4631 habent,
1678 4566 1960 4621 nihilomi-

383 4667 488 4705 nus
565 4667 665 4705 ceu
748 4653 896 4705 nullo
952 4653 1153 4725 etlugio
1229 4656 1650 4711 consonantiam
1719 4658 1963 4713 nancisci

383 4754 606 4812 queant,
641 4744 999 4813 objiciuntur.

354 4932 358 4934 '
454 4922 508 4977 5.
545 4921 618 4976 Ex
659 4922 974 4991 bujusmodi
1009 4938 1141 4992 ergo
1170 4923 1387 4978 inscitia
1414 4925 1496 4977 vel
1533 4925 1741 4979 malitia
1781 4934 1967 4980 manat

387 5016 514 5072 item
547 5017 780 5084 quaestio
815 5017 925 5081 illa,
964 5037 982 5068 ‹
1020 5014 1098 5070 Ne
1130 5017 1376 5070 habeatis
1421 5032 1612 5069 zonam
1649 5033 1824 5086 neque
1853 5019 1966 5072 cal-

385 5119 669 5163 ουιιιιιι-ιιιιι
687 5125 860 5178 neque
876 5126 1091 5179 peram:
1120 5130 1138 5160 ι
1160 5110 1478 5172 tumeliam,
1503 5127 1520 5158 ι
1543 5107 1698 5164 Νηιιο
1719 5126 1846 5162 vero
1869 5110 1962 5178 qui

387 5199 552 5253 habet
577 5216 915 5263 crumenam,
961 5211 1140 5255 sumat
1191 5199 1393 5269 pariter
1441 5209 1494 5252 et
1556 5217 1738 5268 peram
1779 5219 1791 5253 :
1827 5216 1964 5269 quas

2062 4475 2179 4528 οδον
2205 4491 2217 4504 ·
2253 4474 2390 4527 ἀλλὰ
2424 4473 2560 4527 πολὺ
2604 4467 2704 4544 μὲν
2734 4472 2831 4526 καὶ
2865 4468 3133 4540 πολλαχοῦ
3181 4469 3281 4538 τῆς
3314 4467 3464 4530 θείας
3512 4468 3653 4538 Γρα-

2065 4569 2172 4637 φῆς
2205 4567 2266 4619 τὸ
2301 4565 2546 4618 ποικίλον
2586 4564 2686 4634 τῆς
2727 4565 2786 4616 ὲν
2817 4562 2894 4632 τῷ
2932 4559 3210 4632 προσώπῳ
3239 4560 3650 4630 περιστάσεωςο

2065 4657 2160 4710 καὶ
2185 4655 2356 4709 πολλὰ
2382 4655 2532 4725 παρὰ
2551 4653 2649 4724 τὴν
2674 4653 2899 4722 ἄγνοιαν
2942 4652 2976 4722 ἢ
3021 4649 3357 4720 κακουργίαν
3387 4647 3482 4701 τοῦ
3517 4647 3655 4700 θεω-

2068 4750 2136 4821 ρή
2148 4766 2314 4819 ματος
2347 4749 2447 4801 οὐκ
2475 4747 2666 4818 ἔχοντα
2703 4746 2904 4816 μάχην,
2937 4744 3011 4806 ὡς
3043 4743 3166 4812 μηδ’
3190 4740 3538 4811 ἀποστροφὴν
3561 4738 3653 4792 εὑο

2070 4844 2182 4911 ρεῖν
2211 4839 2546 4910 δεδυνημένα
2578 4836 2920 4907 συμφωνίας,
2955 4837 3318 4906 προτείνεται.

2141 4938 2201 4986 ε’.
2263 4933 2359 4984 Ἐκ
2403 4929 2510 4982 τῶν
2561 4929 2819 4982 τοιούτων
2870 4924 3160 4996 τοιγαροῦν
3208 4923 3571 4994 ἀγνοημάτων
3614 4921 3648 4991 ἢ

2069 5023 2548 5092 κακουργημάτων
2567 5021 2663 5073 καὶ
2679 5021 2738 5072 τὸ
2761 5038 2778 5070 ι
2801 5019 2893 5090 Μὴ
2921 5018 3072 5087 ἔχετε
3096 5016 3272 5086 ζώνην
3289 5017 3426 5086 μήτε
3453 5013 3652 5082 ὑποδή-

2072 5131 2218 5185 ματα
2234 5116 2370 5184 μήτε
2387 5114 2591 5184 πήραν,
2616 5131 2633 5161 ι
2659 5111 2828 5164 καὶτὸ
2846 5131 2862 5161 ι
2884 5109 3042 5162 Ἀλλὰ
3053 5107 3147 5161 νῦν
3162 5109 3189 5160 ὁ
3215 5109 3352 5177 ἔχων
3371 5105 3652 5176 βαλάντιον

2067 5207 2253 5275 ἀράτω
2268 5203 2468 5276 ὁμοίως
2491 5206 2583 5257 καὶ
2609 5205 2792 5272 πήραν
2811 5219 2824 5233 ·
2853 5219 2874 5254 ›
2895 5201 2988 5255 καὶ
3012 5219 3030 5252 ι
3056 5200 3111 5253 Ὀ
3143 5197 3218 5270 μὴ
3243 5198 3383 5268 ἔχων
3411 5197 3652 5266 πωλήσει

455 5314 477 5346 ⁸
509 5313 575 5370 ιν
611 5315 744 5386 Reg.
785 5331 845 5378 ιι,
877 5315 966 5368 24.
1044 5317 1064 5347 ⁵
1095 5313 1159 5369 lll
1220 5315 1350 5386 Reg.
1399 5331 1488 5377 xx,
1532 5316 1623 5370 55.
1702 5317 1722 5347 θ
1761 5313 1915 5370 Jontc
1957 5333 2038 5380 ιιι,
2075 5318 2128 5372 4.

1017 5431 1028 5438 '
1893 5430 2126 5486 NOTAE.

457 5523 533 5594 (9)
560 5525 737 5596 _Tpsi;
775 5539 873 5596 pro
901 5526 1311 5596 τεσσαράκοντα
1370 5524 1543 5596 habes
1592 5524 1755 5596 etiam
1823 5525 1963 5592 apud

387 5591 732 5648 Tlt'eodormn
776 5591 1219 5663 Mopsuestetium
1273 5611 1476 5650 comm.
1533 5595 1585 5647 in
1635 5591 1870 5663 donaui,
1910 5603 1966 5646 et

392 5666 535 5731 apud
594 5660 1093 5736 pseudo-Cyrillum
1139 5682 1351 5721 comm.
1414 5680 1567 5734 aeque
1621 5664 1674 5718 in
1717 5660 1959 5730 Jonam;

2074 5525 2512 5578 conciliationem
2541 5522 2832 5591 quamdam
2861 5519 3056 5591 legcsis
3077 5516 3219 5588 apud
3261 5513 3650 5584 Augusﬁnum,

2075 5595 2150 5651 De
2175 5597 2273 5651 civ.
2302 5594 2368 5648 ι).
2408 5608 2561 5658 xvni,
2585 5593 2676 5645 «is.
