3976 6222
354 316 434 376 53
1417 304 1517 364 AD
1553 300 1935 363 AMPHILOC

2039 298 2142 358 UM
2181 294 2525 367 QUASSTIO
2555 295 2605 356 Ι.
3540 288 3608 350 54

351 429 433 479 ’τά
453 425 642 493 ἱμάτια
661 419 825 476 αὑτοῦ
854 417 945 473 καὶ
962 416 1220 488 ἀγοράσει
1245 416 1542 485 μάχαιραν,
1560 433 1577 464 ι
1609 414 1683 477 ὡς
1714 414 1931 465 ἐναντία

2039 410 2079 465 si
2103 426 2228 479 quis
2251 424 2360 462 non
2395 408 2579 471 habet,
2616 405 2937 461 vestimenta
2963 421 3062 460 sua
3102 402 3299 459 vendet
3340 403 3607 473 gladium-

352 511 763 582 ’προϐάλλονται
788 511 881 562 καὶ
914 508 1213 577 μαχόμενα.
1251 504 1392 573 Ἐγὼ
1410 505 1465 557 δὲ
1484 505 1633 556 οὓπω
1666 506 1761 572 μὲν
1791 503 1931 566 λέγω

352 605 434 658 τὰ
468 602 626 667 ἄλλα,
661 601 775 652 ἀλλ’
801 602 994 660 ἐκεῖνο,
1029 599 1147 660 πῶς
1177 601 1210 668 ὴ
1250 597 1359 649 τῶν
1395 595 1572 665 ῥητῶν
1609 594 1806 662 ἐφεξῆς
1839 594 1934 645 καὶ

354 690 510 742 κατά
552 687 835 756 συνέχειαν
873 685 1122 746 σύνθεσις
1169 685 1267 737 οὐκ
1313 682 1577 735 ἐδυσώπει
1610 684 1798 750 φυγεῖν
1835 680 1932 747 τὴν

353 779 469 846 τῆς
507 777 684 844 μάχης
715 772 1002 840 ὑπόληψιν,
1038 771 1400 840 παραπέμπει
1437 769 1494 821 δὲ
1529 768 1727 838 μᾶλλον
1760 765 1933 817 ἐλθεῖν

356 865 461 915 ἐπὶ
485 863 714 931 ζήτησιν
749 860 920 912 καὶτὸ
946 857 1105 928 βάθος
1132 856 1430 927 ἀνιχνεύειν
1456 855 1551 908 τοῦ
1581 854 1934 923 προστάγμα-

350 969 497 1017 τος;
536 952 689 1021 ’Δμα
723 950 832 1021 γὰρ
871 950 963 1002 καὶ
991 952 1049 1001 ἐν
1077 946 1152 1017 τῷ
1183 947 1379 1015 ἀκαρεῖ
1405 946 1540 1015 μήτε
1564 944 1734 1014 λήθης
1766 944 1932 1011 ἐμπι-

355 1045 633 1112 πτούσης,
689 1042 822 1109 μήτε
874 1037 1098 1107 γνώμης
1150 1037 1510 1106 ἀστατούσης,
1561 1036 1620 1087 ού
1665 1034 1773 1104 μὴν
1812 1033 1933 1085 οὐδὲ

358 1135 493 1202 βίας
528 1132 836 1202 ίσχυούσης,
873 1131 986 1183 ἀλλ’
1007 1129 1112 1181 οὐδ’
1140 1130 1308 1198 ἀκοῆς
1335 1128 1395 1179 τὸ
1422 1127 1676 1195 διάφορον
1700 1122 1935 1177 ὑποϐαλ-

356 1227 621 1296 λομένης,
661 1223 776 1286 πῶς
820 1222 945 1288 ἐνῆν
975 1220 1066 1272 τὸν
1095 1218 1254 1271 αὐτὸν
1280 1216 1539 1270 τάναντία
1580 1212 1937 1282 ἐπισημαινό-

360 1337 534 1388 μενον
564 1315 874 1385 νομοθετεῖν
908 1311 1178 1381 αἱρεῖσθαι
1201 1309 1236 1362 ἀ
1263 1310 1355 1361 καὶ
1386 1306 1605 1376 φεύγειν
1631 1304 1932 1373 προσέτατ-

353 1428 494 1473 τεν;
548 1406 691 1460 Ἀλλ’
723 1403 1060 1471 εὐγνώμονος
1109 1401 1208 1467 μὲν
1242 1399 1369 1459 ἴσως
1410 1397 1473 1448 ἂν
1503 1397 1587 1465 εἴη
1631 1394 1814 1448 λαϐεῖν
1847 1395 1934 1445 ἐν·
1984 1392 2001 1395 ”

354 1497 559 1552 τεῦθεν
601 1495 700 1562 τῆς
740 1492 969 1563 θεωρίας
1009 1489 1264 1542 ὑπόθεσιν
1287 1502 1300 1517 ⁸
1326 1487 1385 1538 τὸ
1419 1485 1475 1538 δὲ
1507 1486 1601 1537 καὶ
1641 1483 1819 1553 ῥητῶς
1845 1484 1936 1534 τὸν

354 1589 558 1658 χρόνον
582 1586 824 1654 ἀμείὸειν
852 1582 1075 1641 καὶτοῖς
1105 1576 1510 1649 ῥᾳδιουργοῦσιν
1532 1576 1932 1643 ἀντιστήσεταιο

354 1682 451 1733 ὅτι
481 1678 589 1747 γάρ
624 1692 809 1744 φησιν,
851 1693 868 1724 ι
891 1669 1213 1723 Ἀπέστειλα
1257 1668 1400 1736 ὑμᾶς
1425 1680 1440 1695 ο
1480 1694 1551 1705 -
1576 1665 1689 1718 Νῦν
1715 1664 1769 1716 δὲ
1793 1662 1936 1731 λέγω

2033 516 2136 569 que
2165 511 2328 554 emet.
2380 518 2399 551 ι
2434 498 2546 568 Ego
2572 512 2721 563 vero,
2759 498 2882 553 aliis
2911 497 3126 553 interim
3194 497 3436 559 omissis,
3480 494 3612 549 illud

2032 605 2187 665 rogo,
2225 606 2322 643 cur
2351 605 2455 643 non
2488 603 2551 643 ea
2588 603 2710 656 qua:
2761 587 2835 641 ibi
2888 594 3301 655 consequenter
3333 584 3609 646 dicuntur,

2033 688 2435 748 contextusque
2477 686 2773 739 structura,
2821 676 3133 731 suﬂ‘ecerint
3199 675 3265 729 ad
3321 674 3612 728 excluden-

2032 770 2155 823 dam
2185 784 2404 823 omnem
2430 768 2800 839 repugnantia
2828 768 3173 836 opinionem;
3207 767 3318 819 imo
3349 780 3477 818 vero
3498 780 3606 818 non

2035 859 2353 930 impulerint
2378 858 2445 911 ad
2480 858 2871 927 exquirendum
2909 858 3185 927 altiusque
3232 856 3608 926 vestigantium

2032 956 2285 1027 praecepti
2318 970 2539 1009 sensum
2572 954 2875 1007 arcanum?
2925 951 3084 1006 Nullo
3126 952 3270 1006 enim
3322 948 3605 1018 interiecto

2032 1045 2294 1113 temporis
2325 1044 2520 1113 spatio,
2550 1058 2725 1112 neque
2757 1043 3088 1112 snbrepente
3113 1042 3407 1103 oblivione,
3436 1054 3608 1107 neque

2035 1136 2230 1190 mentis
2261 1134 2648 1197 inconstantia,
2683 1149 2857 1200 neque
2891 1134 2939 1187 vi
2968 1134 3149 1202 aliqua
3177 1133 3487 1200 ingruente,
3515 1145 3611 1183 ne-

2035 1242 2141 1295 que
2166 1240 2387 1279 rumore
2406 1224 2653 1292 quolibet
2675 1237 2790 1275 rem
2829 1222 3100 1277 diversam
3135 1221 3481 1290 subjiciente,
3513 1218 3607 1288 qui

2036 1315 2150 1367 ﬁeri
2182 1323 2390 1383 poterat
2438 1322 2498 1367 ut
2538 1314 2677 1367 idem
2719 1313 2994 1366 contraria
3048 1312 3375 1381 approbans,
3418 1310 3606 1365 eadem

2035 1401 2213 1456 facere
2233 1403 2466 1470 juberet,
2502 1418 2623 1471 quae
2679 1418 2868 1456 cavere
2917 1402 3307 1470 imperaverat?
3350 1401 3463 1455 lino
3504 1400 3604 1452 ho-

2036 1493 2201 1545 minis
2231 1492 2514 1559 prudentis
2549 1492 2654 1544 erit
2707 1492 2835 1545 hinc
2880 1507 3095 1545 sumere
3137 1492 3469 1559 explicandae
3532 1490 3606 1543 rei

2037 1592 2436 1651 argumentum.
2487 1580 2621 1635 Illud
2657 1582 2821 1634 etiam
2867 1582 3352 1635 contradicentium
3401 1580 3604 1634 levitati

2038 1675 2374 1737 adversatur,
2406 1674 2549 1742 quod
2583 1674 2800 1727 diversa
2836 1682 3074 1740 tempora
3107 1673 3309 1727 diserte
3350 1670 3607 1725 Servator

355 1771 501 1838 ὑμῖν
521 1786 534 1799 ⁸
569 1787 589 1818 ›
620 1766 762 1834 ἄλλῳ
789 1765 846 1818 δὲ
881 1763 974 1815 καὶ
1002 1762 1143 1830 ἄλλῳ
1184 1758 1358 1828 καιρῷ
1389 1757 1578 1826 ἑτέραν
1622 1757 1715 1807 καὶ
1746 1756 1935 1823 ἐτέραν

2040 1765 2253 1829 innuit;
2305 1779 2427 1818 cum
2485 1764 2651 1827 enim,
2712 1763 2920 1832 inquit,
2960 1781 2979 1813 ι
3017 1764 3134 1818 lilisi
3185 1780 3313 1828 vos;
3347 1794 3414 1813 --
3451 1760 3608 1816 Nunc

357 1858 693 1928 ἐναρμόζειν
715 1854 954 1923 ἐντολὴν,
985 1853 1045 1904 ού
1084 1851 1240 1920 μόνον
1273 1847 1424 1900 οὐδὲν
1447 1847 1663 1909 ἄτοπον,
1691 1846 1803 1898 ἀλλ’
1823 1846 1934 1897 ἐσθ’

354 1953 455 2005 ὅτε
484 1950 682 2019 μᾶλλον
710 1947 1050 2013 οἰκειότερον,
1089 1942 1123 2011 ἢ
1149 1940 1200 1993 εἴ
1226 1957 1308 2001 τις
1337 1940 1406 1990 τὰ
1432 1938 1569 1990 αὑτά
1591 1937 1935 2006 προστάττει,

354 2042 462 2095 τοῦ
489 2041 629 2094 κατὰ
655 2039 745 2092 τὸν
774 2036 965 2107 καιρὸν
992 2033 1246 2103 διαφόρου
1274 2029 1332 2097 ἐξ
1370 2029 1613 2099 ἀνάγχης
1649 2027 1937 2099 ζητοῦντος

353 2132 619 2202 διάφορα.

439 2305 514 2371 ς’.
559 2304 721 2358 Ἀλλά
751 2304 861 2373 γάρ
895 2302 1037 2356 οὓτω
1067 2302 1177 2356 τῶν
1210 2302 1514 2373 εἰρημένων
1542 2300 1937 2370 διεσκευασμέε

358 2416 495 2463 νων,
533 2396 677 2459 τινὲς
708 2396 1067 2467 προκείμενον
1091 2394 1437 2463 ἐπιλυόμενοί
1475 2411 1607 2462 φασι
1643 2392 1734 2444 τὸν
1758 2392 1935 2443 κοινὸν

357 2489 644 2558 Δεσπότην
677 2487 804 2549 τοὺς
838 2487 1079 2556 μαθητὰς
1121 2485 1287 2539 πάλαι
1335 2484 1433 2554 μὲν
1470 2482 1933 2553 παιδοτριῶῦντα,

360 2582 463 2633 καὶ
511 2579 650 2648 πρὸς
701 2578 762 2630 τὸ
802 2576 904 2646 τῆς
944 2575 1330 2645 ἀκτημοσύνης
1380 2576 1665 2643 εἰσάγοντα
1701 2575 1933 2637 στάδιον,

365 2670 537 2741 μηδὲν
567 2670 746 2731 αὐτοῖς
776 2668 882 2721 τῶν
912 2668 1192 2737 προσύλων
1215 2669 1308 2719 καὶ
1333 2668 1509 2736 χιιμοι)⁵
1533 2666 1815 2719 καθέλκειν
1844 2666 1935 2718 δυ-

361 2762 616 2828 ναμένων
648 2759 935 2828 ἐπιτρέψαι
964 2757 1407 2825 συνεφέλκεσθαι,
1440 2757 1560 2826 μηδ’
1591 2758 1657 2809 ἂν
1681 2756 1767 2824 εἴη
1796 2751 1875 2818 οἷς
1907 2757 1935 2808 ὁ

368 2852 511 2920 ῥέων
537 2849 651 2919 βίος
686 2843 839 2905 οὗτος
879 2850 973 2902 καὶ
1011 2848 1142 2918 πρὸς
1170 2846 1267 2918 τὴν
1298 2846 1499 2916 φθορὰν
1530 2846 1768 2899 ἐλαύνων
1808 2862 1933 2897 συν-

363 2942 553 3011 έχεται
578 2958 590 2972 ’
626 2940 787 2992 εἴωθε
816 2940 923 3009 γὰρ
947 2939 1202 3002 πολλάκις
1232 2939 1327 2991 καὶ
1354 2938 1586 3007 μάλιστα
1612 2940 1724 2999 τοῖς
1752 2936 1936 2989 ἀτελε-

366 3031 584 3099 στέροις
608 3030 642 3100 ἢ
666 3031 773 3082 τῶν
802 3030 1112 3096 ἀναγκαίων
1136 3030 1396 3097 μέριμνα,
1420 3027 1641 3081 καὶτῶν
1668 3025 1933 3095 περιττῶν

362 3123 463 3174 καὶ
495 3121 640 3191 ὑπὲρ
671 3119 770 3191 τὴν
806 3119 993 3189 χρείαν
1025 3120 1124 3189 τὴν
1164 3119 1400 3188 σπουδὴν
1434 3118 1551 3170 κατ’
1580 3118 1758 3185 ὀλίγον
1808 3135 1935 3169 συν-

366 3211 744 3280 επισύρεσθαι,
775 3211 867 3262 καὶ
895 3210 1092 3280 πολλὴν
1126 3213 1189 3279 τῇ
1214 3210 1357 3279 ψυχῇ
1382 3209 1478 3279 τὴν
1498 3208 1676 3278 λύμην
1702 3225 1936 3274 συγκατ-

366 3302 717 3374 εργάζεσθαι.
753 3302 850 3353 Διὰ
890 3302 1067 3365 τοῦτο,
1097 3301 1279 3367 φασὶν,
1306 3302 1333 3351 ὁ
1376 3300 1564 3369 Σωτὴρ
1598 3300 1719 3369 ἄρτι
1763 3315 1933 3368 μυστ-

367 3391 776 3460 αγωγουμένοις
808 3390 1005 3442 ἀπεῖπε
1043 3388 1164 3441 τότε
1203 3389 1367 3458 μηδὲν
1389 3391 1501 3451 τοῖς
1532 3389 1798 3457 μαθηταῖς
1825 3388 1935 3441 τῶν

366 3485 571 3553 γηΐνων
593 3481 689 3534 καὶ
708 3479 1031 3550 σωματικῶν
1055 3478 1493 3546 συνεφέλκεσθαιν
1522 3479 1646 3531 ὓστε
1655 3496 1743 3547 ρον
1762 3478 1820 3549 δὲ
1844 3478 1934 3529 τὸν

366 3575 553 3642 ἀγῶνα
584 3572 901 3642 διηνυκότας
932 3570 1272 3639 ἀνύϐριστον,
1312 3570 1404 3621 καὶ
1444 3572 1636 3639 πεῖραν
1675 3572 1797 3622 ὅσον
1828 3570 1934 3623 ἔδει

366 3663 555 3724 δόντας
579 3663 638 3712 ἐν
661 3654 741 3722 οἷς
773 3659 864 3711 τοῦ
892 3658 1153 3726 σαρκικοῢ
1186 3658 1615 3728 κατεφρόνησαν,
1657 3657 1735 3710 ἔτι
1759 3658 1814 3710 δὲ
1842 3659 1934 3710 καὶ

365 3752 458 3805 τοῦ
482 3751 750 3821 σωτηρίου
772 3748 973 3811 πάθους
992 3748 1177 3802 λοιπὸν
1200 3748 1511 3817 ἑστηκότος,
1539 3748 1656 3816 μεθ’
1679 3748 1707 3800 ὃ
1724 3747 1933 3803 πολλῶν

367 3841 695 3911 πειρασμῶν
739 3841 957 3909 νιφάδες
1003 3841 1126 3901 τοὺς
1169 3838 1474 3906 ἀγωνιστάς
1511 3840 1931 3909 περιστοιχίζειν

366 3936 611 4004 ἠφίεντο,
640 3934 733 3985 κοιλ⁸
763 3930 965 4002 χειμὼν
1006 3932 1373 3992 ἀνυπόστατος
1409 3931 1662 3998 διωγμῶν
1700 3932 1793 3983 καὶ
1825 3930 1935 3982 θλί-

366 4025 514 4092 ψεων
546 4024 856 4092 ὑπεδέχετο,
893 4022 979 4074 διὰ
1004 4021 1176 4074 ταῦτα
1200 4021 1298 4091 τὴν
1326 4021 1433 4073 τῶν
1466 4021 1703 4091 μετρίων
1741 4022 1934 4091 κτῆσιν

366 4118 463 4169 καὶ
492 4114 529 4168 ἆ
564 4116 853 4184 συγκροτεῖ
876 4116 974 4181 τὴν
1001 4112 1142 4182 ζωὴν
1172 4112 1243 4181 μὴ
1277 4112 1617 4182 διαρρυῆναι,
1640 4114 1931 4181 συγχωρεῖ.

368 4206 473 4258 Τοῦ
504 4206 613 4275 γὰρ
632 4204 726 4273 τῆς
744 4203 1176 4273 φιλοχρηματίας
1196 4202 1400 4264 πάθους
1427 4203 1534 4254 τῶν
1564 4202 1935 4254 ἀποστολικῶν

366 4294 515 4363 ἠθῶν
553 4310 611 4346 τε
648 4293 739 4345 καὶ
774 4293 989 4361 τρόπων
1015 4290 1073 4354 ἐξ
1105 4292 1273 4359 αὐτῆς
1311 4290 1567 4361 κρηπῖδος
1598 4291 1936 4362 ἀνατραπέν-

2039 1866 2218 1909 autem
2258 1855 2381 1909 dico
2417 1854 2592 1907 vobis.
2635 1871 2653 1903 ι
2685 1854 2801 1908 iam
2828 1854 2972 1923 quod
3003 1854 3232 1908 diversis
3262 1854 3598 1922 temporibus

2043 1944 2258 1998 diversa
2290 1953 2558 2013 praecepta
2607 1952 2931 2013 congruant,
2982 1960 3089 1997 non
3146 1944 3320 1998 solum
3374 1958 3481 1996 non
3525 1951 3607 1996 est

2039 2035 2357 2093 absurdum.
2396 2050 2584 2087 verum
2612 2034 2775 2088 etiam
2823 2034 3153 2103 quandoque
3199 2034 3400 2103 aptius,
3443 2048 3605 2100 quam

2038 2126 2085 2180 si
2115 2127 2236 2195 quis
2266 2127 2452 2179 eadem
2494 2127 2740 2196 imperet,
2768 2128 2981 2181 etiamsi
3027 2126 3315 2180 diversitas
3351 2124 3609 2194 temporis

2039 2218 2349 2271 necessario
2373 2217 2641 2269 diversam
2674 2234 2782 2271 rem
2824 2218 3079 2287 postulet.

2112 2311 2163 2361 6.
2207 2307 2337 2372 Quae
2364 2322 2486 2361 cum
2540 2308 2614 2361 ita
2666 2324 2722 2362 se
2750 2309 3006 2369 habeant,
3038 2307 3281 2361 nonnulli
3317 2314 3377 2361 ut
3409 2320 3608 2375 prepo-

2039 2399 2197 2453 sitam
2226 2402 2583 2467 quaestionem
2612 2399 2847 2464 solvant,
2900 2400 3054 2453 aiunt
3105 2413 3451 2452 communem
3500 2396 3606 2448 Do-

2038 2490 2245 2542 minum
2278 2488 2573 2556 discipulos
2607 2489 2737 2542 olim
2769 2490 3103 2543 erudientem
3152 2499 3311 2556 atque
3368 2491 3419 2540 In
3473 2502 3608 2556 pau-

2039 2578 2260 2647 pertatis
2295 2578 2571 2631 curriculo
2611 2587 2979 2645 exercentem.
3024 2579 3165 2631 nulla
3215 2592 3310 2632 eos
3352 2591 3408 2631 re
3437 2586 3608 2631 mate-

2038 2668 2155 2720 riali
2181 2677 2343 2736 atque
2374 2667 2524 2721 humi
2554 2668 2858 2735 deprimere
2892 2669 3051 2722 solita
3082 2669 3275 2722 sivisse
3312 2668 3507 2736 abripi,
3542 2681 3609 2720 ne

2039 2758 2146 2811 illis
2175 2759 2313 2811 forte
2334 2757 2515 2811 ﬂuxus
2546 2759 2634 2812 hic
2671 2759 2928 2825 mumlus,
2972 2760 3064 2827 qui
3097 2760 3162 2812 ad
3198 2758 3475 2811 interitum
3507 2759 3609 2811 du-

2038 2848 2130 2911 cit,
2160 2849 2480 2901 adhaereret.
2524 2847 2671 2902 Solet
2717 2850 2859 2903 enim
2899 2865 3296 2917 saepenumero,
3337 2850 3609 2919 praecipue

2040 2938 2569 3006 imperfectioribus,
2628 2941 2806 2993 victus
2858 2941 3150 2994 necessarii
3195 2956 3366 3003 cura,
3424 2954 3606 2991 rerum

2038 3044 2255 3098 quoque
2278 3030 2673 3098 superiluarmn
2729 3045 2973 3098 quasque
3020 3045 3153 3084 usus
3211 3045 3316 3082 non
3371 3029 3609 3097 postulat

2039 3122 2295 3189 paulatim
2327 3123 2565 3175 studium
2597 3123 2864 3190 ingerere,
2900 3121 3240 3187 multumque
3293 3116 3487 3173 anima:
3518 3121 3610 3170 de-

2036 3215 2344 3268 trimentum
2418 3213 2637 3267 aﬂ‘erre.
2694 3213 3009 3289 Propterea,
3077 3212 3283 3275 dicunt,
3349 3210 3608 3264 Scrvator

2036 3321 2207 3372 nuper
2258 3288 2490 3359 initiatis
2546 3305 2830 3373 discipulis
2878 3304 3261 3363 interdicebat,
3305 3302 3602 3371 quominus

2036 3397 2270 3469 terrenis
2298 3398 2461 3451 rebus
2491 3396 2881 3465 corporeisque
2918 3396 3373 3449 distraherentur.
3400 3391 3607 3447 Deinde

2036 3495 2214 3539 autem
2249 3501 2419 3553 agone
2446 3486 2557 3553 jam
2598 3487 2899 3539 honoriiice
2953 3496 3196 3554 peracto,
3254 3485 3607 3539 documento-

2035 3590 2140 3643 que
2197 3576 2332 3630 satis
2376 3577 2521 3629 edito
2581 3585 2916 3645 quantopere
2967 3575 3205 3628 carnalia
3267 3584 3604 3643 spernerent,

2034 3665 2315 3719 Dominica
2343 3666 2563 3732 insuper
2600 3667 2848 3732 passione
2891 3648 3147 3726 instante,
3177 3672 3464 3733 postquam
3492 3676 3608 3717 ten-

2036 3754 2659 3827 tationibusinn[utier-is
2685 3756 2901 3808 athleta:
2927 3754 3318 3821 propemodum
3335 3751 3601 3805 obruemli

2034 3854 2210 3905 erant,
2247 3854 2411 3912 atque
2482 3844 2805 3898 intolerabili
2851 3844 3288 3911 persecutionum
3333 3840 3608 3910 angustia-

2034 3948 2262 4000 rumque
2305 3933 2553 4000 procella:
2607 3932 2935 4001 objiciendi;
2995 3931 3200 3985 idcirco
3247 3930 3475 3983 modica
3527 3929 3604 3982 rei

2034 4004 2322 4076 familiaris
2379 4038 2689 4091 possessum
2737 4022 3025 4085 concedit,
3083 4036 3193 4089 quo
3243 4020 3449 4074 scilicet
3500 4019 3607 4071 vita

2035 4124 2452 4168 sustentaretur.
2484 4113 2730 4182 Namque
2758 4114 3003 4167 avaritiae
3028 4113 3158 4165 vitio
3200 4127 3261 4164 ex
3285 4108 3600 4178 apostolicis

2036 4205 2281 4258 moribus
2355 4206 2572 4274 vitaque
2649 4204 2893 4259 funditus
2965 4216 3177 4265 everso,
3231 4199 3607 4269 persecutione

2035 4282 2213 4351 autem
2246 4297 2588 4349 vehementer
2615 4304 2776 4364 atque
2826 4293 3223 4347 intolerandum
3272 4292 3325 4343 in
3362 4290 3601 4347 .modum

365 4401 478 4446 τος,
501 4384 600 4436 καὶ
624 4382 718 4434 τοῦ
744 4379 984 4449 διωγμοῦ
1008 4381 1235 4450 σφοδρὸν
1256 4382 1351 4433 καὶ
1368 4382 1735 4435 ἀνυπόστατον
1759 4384 1935 4434 πνέον-

2039 4387 2222 4451 "Atille,
2257 4403 2471 4456 aequum
2497 4396 2614 4440 erat
2655 4386 2897 4441 solamen
2948 4384 3169 4452 aliquod
3242 4399 3306 4436 ac
3352 4391 3604 4450 tanquam

366 4491 477 4537 τος,
518 4474 685 4542 ἐχρῆν
729 4490 782 4524 τι
828 4469 1170 4540 παραμύθιον
1209 4472 1288 4531 εἰς
1336 4470 1545 4539 ἐφόδιον
1603 4472 1787 4539 φέρειν
1837 4471 1936 4539 τῆς

367 4563 706 4633 πανταχόθεν
751 4561 1196 4631 ἐπηρεαζομένης
1244 4560 1390 4630 ζωῆς
1414 4580 1427 4594 ”
1464 4564 1557 4615 καὶ
1599 4564 1706 4616 οὐδ’
1734 4566 1790 4615 ἐν
1826 4565 1935 4617 οὐδ’

365 4656 502 4717 ὅλως
532 4654 735 4724 θατέρᾳ
767 4653 858 4721 τῆς
883 4653 1100 4722 ἐντολῆς
1129 4654 1161 4723 ἡ
1186 4654 1347 4722 ἐτέρα
1378 4653 1726 4724 λυμαίνεται·
1749 4655 1936 4725 ὥσπερ

366 4747 475 4798 οὐδ’
508 4747 667 4807 εἴτις
698 4743 1035 4814 στρατιώτην
1069 4747 1207 4812 μετὰ
1244 4746 1401 4808 νίκας
1444 4748 1535 4798 ml.
1561 4748 1794 4817 τρόπαια
1829 4748 1935 4800 τῶν

367 4835 680 4906 πολεμικῶν
726 4834 953 4902 ἀγώνων
996 4834 1130 4897 τέως
1179 4837 1409 4904 ἀπάγων
1447 4837 1626 4890 δίδωσι
1662 4842 1802 4890 πιεῖν
1843 4840 1937 4891 καὶ

365 4925 467 4977 ὅσα
508 4924 701 4994 εἰρήνη
743 4924 1026 4993 χαρίζεται
1050 4942 1063 4955 ο
1096 4925 1128 4993 ἥ
1165 4926 1217 4977 εἷ
1250 4943 1330 4987 τις
1365 4928 1445 4989 είς
1485 4926 1801 4979 διδασκάλου
1838 4929 1937 4997 μὲν

370 5012 643 5079 φοιτῶντα
685 5012 868 5073 ἄλλαις
904 5016 1161 5065 συνασκεί
1206 5015 1477 5083 μελέταις,
1519 5018 1609 5068 τὸν
1649 5017 1849 5087 ἔφηϐον
1878 5017 1936 5069 δὲ

368 5103 630 5167 διεςιόντα
677 5102 994 5171 βαθυτέροις
1026 5105 1205 5171 νόμοις
1252 5104 1345 5156 καὶ
1376 5105 1732 5175 ὑψηλοτέραις
1772 5109 1936 5173 ἐγγυ-

374 5191 567 5263 μνάζει
603 5194 856 5263 θεωρίαις
883 5209 897 5223 '
934 5194 1025 5247 καὶ
1058 5196 1305 5261 ποίμνιον
1331 5198 1428 5263 μὲν
1459 5196 1635 5260 ἄλλοις
1658 5197 1805 5250 ἔθεσι
1843 5199 1937 5249 καὶ

369 5285 591 5354 θεσμοῖς
622 5285 951 5353 εύθηνεῖται,
977 5287 1066 5337 τὸν
1098 5286 1334 5356 ποιμένα
1368 5287 1425 5339 δὲ
1461 5289 1559 5357 οὐχ
1610 5289 1642 5357 ὴ
1673 5288 1809 5358 αὑτὴ
1841 5288 1934 5339 τοῦ

368 5375 484 5448 βίου
514 5375 701 5447 τρίϐος
724 5377 1072 5447 κατευθύνειη

436 5638 505 5702 ζ’.
554 5638 693 5691 Ἀλλ’
714 5638 860 5697 οὕτω
891 5641 989 5710 μέν
1019 5657 1161 5705 τινες
1184 5643 1262 5706 εἰς
1284 5643 1598 5713 συμφωνίαν
1629 5641 1726 5706 τὰς
1752 5643 1806 5696 ἐν
1829 5645 1937 5705 τοῖς

2043 4477 2300 4530 viaticum
2329 4477 2681 4531 circumferre
2718 4475 2845 4528 vitae
2887 4488 3303 4543 quaquaversus
3326 4471 3606 4526 calamita-

2043 4570 2189 4623 tibus
2229 4570 2497 4637 appetitte.
2555 4566 2741 4635 Neque
2790 4568 3110 4620 alterutrum
3164 4574 3486 4633 prmeeptum
3538 4563 3606 4615 ab

2043 4660 2210 4713 altero
2243 4674 2466 4729 prorsus
2496 4657 2727 4711 laeditur.
2762 4656 2937 4711 Veluti
2987 4657 3031 4710 si
3064 4656 3187 4725 quis
3220 4654 3438 4707 militem
3486 4665 3607 4721 post

2045 4751 2297 4805 victorias
2328 4758 2491 4818 atque
2543 4758 2741 4817 tropaea
2804 4749 3015 4803 bellicis
3067 4746 3456 4801 certaminibus
3502 4744 3602 4796 ali-

2043 4841 2283 4909 quandiu
2333 4830 2685 4901 subduceris,
2747 4850 2875 4908 potu
2933 4846 3200 4893 recrearet
3256 4838 3341 4889 vel
3398 4834 3605 4889 caeteris

2042 4944 2162 4996 qua:
2192 4942 2320 4995 pace
2351 4926 2782 4997 suppeditantur.
2827 4926 2924 4981 Vel
2954 4928 2997 4982 si
3026 4927 3151 4996 quis
3193 4940 3418 4993 puerum
3477 4926 3602 4976 dum

2044 5018 2098 5070 in
2132 5016 2257 5069 ludo
2288 5016 2530 5083 magistri
2565 5026 2810 5070 versatur
2851 5017 3015 5069 certis
3043 5015 3368 5082 quibusdam
3399 5011 3605 5063 imbue-

2044 5118 2123 5162 ret
2153 5108 2495 5170 rudimentis,
2538 5116 2648 5160 tum
2699 5123 2825 5161 vero
2879 5108 2931 5160 in
2986 5107 3225 5174 ephebos
3283 5105 3605 5172 productum

2043 5198 2381 5267 gravioribus
2412 5199 2672 5251 institutis
2702 5198 3137 5263 celsioribusqne
3164 5195 3427 5247 doctrinis
3452 5208 3608 5246 exer-

2044 5295 2207 5339 ceret.
2245 5285 2487 5354 Denique
2534 5287 2626 5353 qui
2677 5302 2804 5355 grex
2856 5295 2959 5348 est,
3017 5283 3140 5336 aliis
3200 5283 3395 5335 ritibus
3448 5293 3607 5347 atque

2043 5377 2369 5445 praescriptis
2396 5378 2529 5429 bene
2552 5392 2608 5428 se
2643 5376 2829 5441 habet;
2865 5375 2953 5441 qui
2980 5383 3158 5426 autem
3204 5370 3435 5439 pastoris
3490 5382 3608 5419 mu-

2045 5482 2174 5519 nere
2220 5467 2481 5535 lungitur,
2519 5481 2627 5517 non
2676 5465 2864 5518 eadem
2916 5465 3036 5516 vitae
3082 5462 3276 5516 semita
3324 5455 3607 5512 commode

2045 5557 2232 5610 utitur.

2118 5646 2168 5699 7.
2204 5646 2294 5700 Sic
2320 5660 2448 5717 ergo
2471 5643 2717 5698 nonnulli
2753 5641 3155 5710 Scripturarum
3182 5634 3360 5687 varias
3384 5641 3603 5687 senten-
