3976 6222
417 288 491 356 55
1577 283 1837 350 PHOTII
1881 290 2384 354 PATRIARCII/E
2426 298 2533 358 ep.
3603 315 3675 377 bo

417 397 523 452 tias
591 395 658 450 ad
711 393 1060 450 concordiam
1113 395 1359 451 trahunt.
1419 395 1555 452 Aliis
1589 413 1718 452 vero
1742 400 1979 468 quatdam

2097 404 2281 472 ῥητοῖς
2326 405 2622 474 συνάγουσι
2666 408 2940 474 διανοίαςσ
2988 415 3118 469 οίδέ
3169 417 3239 471 τά
3270 419 3369 488 μὲν
3397 420 3532 474 ἀλλα
3563 425 3675 479 τῶν

414 489 556 550 aliae,
585 495 777 554 prazter
809 486 1115 552 praedictas,
1162 487 1462 542 solutiones
1495 489 1637 543 haud
1669 491 1848 545 minus
1878 493 1994 560 pla-

414 583 560 630 cent.
591 575 758 628 Aiunt
790 575 978 645 igitur,
1031 590 1140 644 quo
1186 585 1431 645 tempore
1477 579 1726 648 discipuli
1759 581 1992 649 primum

411 667 803 721 erudiebantur
847 683 910 721 ac
964 679 1214 736 tyronum
1259 670 1506 723 ordinem
1553 672 1828 730 tenebant.
1854 686 1993 740 Opus

412 760 584 812 fuisse
611 768 670 812 ut
697 757 828 811 nulli
856 757 946 812 alii
974 759 1049 812 rei
1080 769 1288 828 partem
1320 760 1561 815 tribuere
1595 762 1989 828 cogitationum

410 853 850 920 permitterentur
874 867 888 914 ;
916 862 975 904 ut
1009 852 1268 904 nimirum
1342 852 1410 904 ad
1449 853 1796 905 ediscendam
1831 866 1989 906 exer-

410 943 744 1010 cendamque
773 941 1080 996 Servatoris
1119 942 1426 996 doctrinam
1466 953 1577 996 tota
1611 952 1790 997 mente
1825 958 1989 998 vaca-

411 1043 572 1087 rent:
612 1033 913 1102 praesertim
954 1035 1082 1102 quia
1103 1035 1361 1102 magister
1393 1035 1506 1101 ipse
1549 1035 1754 1098 aderat,
1790 1050 1986 1102 suppe-

409 1124 722 1192 ditabatque
758 1140 822 1178 ex
888 1133 1130 1192 tempore
1165 1121 1274 1176 non
1309 1124 1483 1177 solum
1533 1139 1594 1177 ea
1632 1124 1752 1178 sine
1778 1127 1979 1193 quibus

408 1217 519 1270 vita
563 1219 692 1281 ruit,
720 1232 910 1270 verum
940 1218 1106 1271 etiam
1140 1231 1333 1270 manus
1383 1231 1571 1269 eorum
1603 1217 1676 1270 ita
1707 1216 1982 1284 implebat,

408 1315 469 1359 ut
499 1307 813 1362 illaboratas
861 1309 1049 1376 epulas
1104 1306 1290 1359 multis
1332 1307 1505 1361 turbis
1558 1307 1821 1375 impertiri
1854 1323 1986 1377 pos-

409 1404 550 1450 sent.
583 1394 685 1449 Sed
710 1397 852 1449 enim
881 1410 1002 1448 cum
1040 1395 1153 1462 jam
1200 1395 1304 1464 ipsi
1360 1396 1800 1464 itnperl'ectornm
1835 1400 1984 1453 rudi-

407 1497 591 1542 menta
631 1488 1019 1552 excessissent,
1070 1495 1233 1556 atque
1271 1502 1301 1541 a
1349 1497 1493 1541 statu
1533 1487 1774 1557 perfecto
1817 1506 1984 1560 prope

408 1581 685 1644 abessent,
732 1582 990 1650 magister
1021 1592 1202 1634 autem
1233 1583 1578 1650 praesentiam
1603 1599 1754 1638 suam
1788 1587 1981 1640 volun-

410 1671 545 1722 taria
599 1669 935 1739 salutarique
985 1685 1118 1724 nece
1177 1671 1340 1738 paulo
1371 1681 1492 1740 post
1533 1673 1666 1741 ipsis
1692 1684 1980 1744 erepturus

2106 491 2545 562 προτεθειμένων
2569 497 2670 550 οὐκ
2697 498 2916 553 ἔλαττον
2970 503 3226 572 ἀγαπῶσι
3247 523 3261 537 ο
3307 510 3437 576 φασὶ
3477 509 3537 564 δέ
3565 511 3675 566 τιῖιν

2105 581 2366 651 μαθητῶν
2399 586 2664 656 πρότερον
2696 589 2797 658 μὲν
2832 592 3204 663 εἰσαγομένων
3236 599 3328 649 καὶ
3356 600 3672 672 τελειουμέ-

2101 689 2208 724 νων
2250 674 2403 737 τάξιν
2434 677 2759 746 ἐπεχόντων,
2796 681 3094 748 ἀναγκαῖον
3150 681 3289 739 εἶναι
3325 692 3453 759 περὶ
3503 693 3674 761 μηδὲν

2100 763 2227 817 ἀλλο
2255 768 2380 830 τοὺς
2408 767 2702 838 λογισμοὺς
2731 773 3048 843 μερίζεσθαι
3077 778 3418 846 ἐπιτρέπειν,
3461 783 3582 835 ὂλον
3610 785 3672 837 δὲ

2097 853 2190 906 τὸν
2227 859 2350 908 νοῦν
2378 858 2514 928 πρὸς
2538 860 2638 930 τὴν
2672 863 2907 931 μάθησιν
2932 866 3039 917 τῶν
3066 869 3350 938 σωτηρίων
3377 873 3469 924 καὶ
3504 891 3670 942 μετα-

2098 945 2331 1016 χείρισιν
2362 951 2770 1021 ἐπεστράφθαιο
2802 954 2976 1018 ἄλλως
3012 974 3070 1009 τε
3103 959 3195 1012 καὶ
3222 960 3318 1012 τοῦ
3343 961 3668 1016 διδασκάλου

2097 1041 2364 1110 παρόντος
2396 1044 2488 1095 καὶ
2511 1046 2843 1114 παρέχοντος
2871 1050 3231 1119 αὐτοσχεδίως
3257 1054 3352 1121 οὐχ
3375 1055 3475 1106 ὅσα
3503 1056 3668 1123 μόνον

2095 1131 2128 1200 ἡ
2156 1130 2314 1197 φύσις
2343 1133 2442 1184 οὐκ
2469 1133 2668 1202 ἔχουσα
2690 1135 2843 1189 λύσιν
2871 1137 3006 1207 ἔχει,
3041 1138 3176 1192 ἀλλὰ
3200 1141 3294 1192 καὶ
3319 1143 3507 1211 χεῖρας
3532 1143 3668 1196 πολ-

2092 1220 2205 1284 λοῖς
2251 1222 2478 1290 πλήθεσι
2536 1227 2741 1294 τροφὴν
2795 1227 3145 1297 ἀγεώργητον
3191 1230 3663 1301 ὑπηρετουμὲνας.

2107 1310 2323 1380 Ἐπειδὴ
2357 1312 2414 1364 δὲ
2443 1313 2597 1365 αὐτοὶ
2639 1314 2762 1386 μὲν.
2794 1315 2892 1385 τὴν
2925 1316 3033 1368 τῶν
3065 1317 3268 1370 ἀτελῶν
3294 1320 3668 1391 ὑπερανέδρα-

2097 1419 2194 1472 μον
2220 1403 2613 1472 παιδαγωγίαν,
2643 1407 2922 1475 ἐγγυτέρω
2963 1406 3006 1458 δ’
3031 1408 3278 1474 ἐγένοντο
3303 1410 3395 1461 τοῦ
3426 1410 3662 1474 τελείου,

2092 1494 2254 1557 αὐτὸς
2281 1495 2337 1547 δὲ
2375 1496 2475 1565 ἠδη
2505 1496 2583 1566 τῷ
2616 1497 2848 1566 ἑκουσίῳ
2886 1497 2980 1551 καὶ
3008 1500 3264 1570 σωτηρίῳ
3310 1502 3524 1571 θανάτῳ
3560 1503 3665 1571 τῆς

2093 1588 2410 1657 σωματικῆς
2461 1588 2660 1651 αὐτοὺς
2710 1589 3036 1658 ἀποστερεῖν
3086 1591 3382 1661 ἐπλησίαζε
3444 1610 3662 1662 παρου-

2091 1679 2230 1744 σίας,
2263 1679 2526 1749 καὶπρὸς
2570 1695 2633 1746 γε
2674 1678 2735 1731 τὸ
2788 1680 3049 1750 κήρυγμα
3092 1682 3274 1744 αὐτοῖς
3307 1683 3659 1754 ἐγχειρίζειν,

406 1769 589 1826 esset;
629 1772 739 1814 tum
789 1763 952 1815 etiam
1013 1763 1455 1829 prtedicatiouetn
1491 1765 1684 1818 iisdem
1722 1770 1979 1823 commis-

2089 1772 2181 1821 καὶ
2217 1771 2296 1832 εἰς
2326 1769 2660 1822 διδασκάλων
2702 1767 2797 1820 καὶ
2828 1772 3106 1839 ποιμένων
3137 1774 3431 1842 προνόμιον
3461 1777 3660 1829 ἀναϐι-

405 1866 589 1914 surus,
647 1861 808 1920 atque
853 1853 919 1906 ad
986 1854 1374 1922 magistrorum
1425 1863 1821 1928 pastorumque
1845 1876 1983 1928 prae-

404 1944 706 2012 rogativam
747 1953 1099 2012 promoturus
1123 1963 1138 2011 ;
1171 1955 1299 1999 tunc
1325 1963 1420 2001 eos
1443 1949 1984 2016 admonuit,minitne

406 2047 531 2086 esse
558 2035 782 2086 vetitum
814 2036 1110 2102 quominus
1143 2033 1515 2091 necessarium
1555 2040 1682 2093 vitae
1716 2042 1978 2096 viaticum

406 2138 589 2177 secum
624 2123 858 2178 ferrent:
891 2126 983 2193 qui
1012 2142 1126 2180 mos
1156 2142 1221 2178 eo
1265 2138 1505 2196 tempore
1535 2129 1806 2200 inceptus,
1834 2119 1980 2188 cura:

404 2227 622 2281 quoque
646 2214 872 2268 asseclis
903 2215 1276 2283 impendendae
1304 2229 1484 2272 ortum
1514 2220 1661 2274 dedit
1687 2240 1700 2287 ;
1747 2223 1799 2277 id
1834 2225 1978 2292 quod

403 2318 471 2355 ex
499 2303 631 2372 ipsis
670 2303 834 2357 rebus
864 2303 1058 2358 deinde
1083 2307 1251 2374 gestis
1283 2311 1773 2375 cognoscerelicet.
1809 2311 1978 2365 Nam-

405 2408 511 2460 que
538 2401 663 2446 ante
692 2395 854 2462 pedes
880 2397 1251 2461 apostolorum
1281 2399 1456 2465 pretia
1491 2400 1778 2455 domorum
1814 2418 1981 2472 agro-

404 2498 638 2552 rumque
685 2484 844 2538 allata
893 2487 1204 2554 ponebant:
1276 2488 1626 2560 vicissimque
1663 2493 1894 2564 singulis
1925 2497 1980 2550 id

404 2577 547 2644 quod
579 2576 700 2628 usui
729 2588 873 2631 esset
905 2579 1376 2645 suppeditabatur.

476 2667 532 2721 8.
569 2665 803 2736 insuper
831 2668 977 2721 aliud
999 2684 1218 2738 quoque
1241 2671 1498 2738 praeclare
1521 2675 1978 2729 considerandum

403 2759 679 2812 exhibent.
713 2760 937 2813 Creator
991 2759 1106 2828 ipse
1166 2763 1411 2815 omnium
1467 2779 1649 2817 rerum
1681 2776 1735 2818 et
1757 2783 1980 2822 conser-

401 2861 579 2916 vator,
621 2850 749 2903 dum
782 2851 929 2904 omni
964 2866 1096 2905 cura
1147 2856 1392 2908 terrestri
1429 2855 1726 2923 discipulos
1756 2874 1977 2927 posses-

405 2957 580 3008 suque
614 2941 852 3007 arcebat,
896 2943 1232 3011 marsupium
1269 2954 1450 2998 tamen
1515 2946 1765 3014 habebat,
1801 2961 1854 3005 et
1881 2953 1973 3022 qui

2085 1859 2290 1925 ϐάζειν,
2324 1859 2598 1916 ἀκώλυτον
2622 1860 2805 1922 αὐτοῖς
2843 1860 2964 1913 τότε
2994 1863 3061 1914 τὰ
3083 1865 3355 1932 ἀναγκαῖα
3384 1867 3482 1935 τῆς
3509 1865 3660 1935 ζωῆς

2083 1950 2270 2018 ἐφόδια
2297 1951 2482 2020 φέρειν
2503 1954 2826 2023 ἀποφαίνει·
2843 1957 3000 2022 ὅπερ,
3032 1954 3241 2008 ἐκεῖθεν
3266 1957 3398 2023 φυὲν
3425 1957 3522 2025 τὴν
3550 1957 3656 2025 ἀρ-

2083 2043 2207 2112 χὴν,
2234 2044 2330 2095 καὶ
2356 2045 2453 2115 τὴν
2479 2047 2585 2098 τῶν
2614 2049 3019 2118 διδασκομένων
3052 2049 3308 2118 πρόνοιαν
3340 2047 3656 2116 ἐκαρποφό-

2085 2151 2192 2203 ρει,
2219 2134 2294 2196 ὡς
2324 2137 2411 2188 ἐπ’
2445 2138 2629 2200 αὐτοῖς
2655 2137 2769 2190 ἐστι
2797 2141 2909 2200 τοῖς
2940 2140 3121 2207 ἔργοις
3152 2137 3344 2206 προϊὸν
3373 2137 3497 2190 ἰδεῖν
3515 2153 3530 2168 ο
3559 2137 3658 2190 καί⁵

2083 2223 2190 2294 γὰρ
2218 2225 2370 2294 παρὰ
2403 2229 2529 2288 τοὺς
2552 2228 2720 2291 πόδας
2745 2227 2852 2280 τῶν
2879 2227 3190 2280 ἀποστόλων
3221 2226 3320 2290 τάς
3349 2226 3515 2294 τιμὰς
3542 2225 3656 2278 τῶν

2080 2316 2264 2368 οἰκιῶν
2293 2318 2385 2369 καὶ
2417 2317 2524 2370 τῶν
2557 2319 2742 2388 ἀγρῶν
2773 2320 3035 2388 φέροντες
3067 2318 3297 2384 ἐτίθουν,
3323 2319 3419 2371 καὶ
3447 2318 3654 2372 ἐδίδοτο

2083 2408 2299 2476 ἑκάστῳ
2325 2408 2446 2461 καθ’
2472 2409 2500 2462 ὃ
2527 2410 2594 2464 ἄν
2623 2427 2709 2472 τις
2739 2411 2931 2481 χρείαν
2963 2405 3127 2480 εἶχεν.

2148 2679 2220 2743 η’.
2260 2673 2422 2728 Ἀλλά
2463 2675 2560 2727 καὶ
2604 2675 2762 2729 τοῦτο
2787 2676 2968 2740 καλῶς
3013 2677 3331 2747 ἐπιθεωρεῖν
3366 2677 3656 2730 ὑποτίθενη

2080 2783 2193 2819 ται.
2239 2766 2414 2828 Αὐτὸς
2440 2768 2468 2818 ὁ
2493 2769 2836 2836 Δημιουργὸς
2867 2768 2964 2820 καὶ
3002 2768 3262 2836 συνοχεὺς
3300 2766 3397 2819 τοῦ
3426 2767 3652 2831 παντὸς,

2077 2856 2167 2908 ὅτε
2216 2855 2509 2925 συμπάσης
2555 2856 2735 2926 ἀπῆγε
2785 2858 2912 2918 τοὺς
2982 2857 3232 2927 μαθητάς
3285 2856 3656 2927 περιπαθείας

2078 2945 2346 3014 προσύλου
2393 2947 2485 3000 καὶ
2531 2947 2801 3016 κτήσεως,
2845 2948 3231 3016 γλωσσόκομον
3255 2941 3367 3016 εἶχε
3399 2947 3656 3009 καὶτοὺς

405 3033 608 3102 aliquid
642 3033 926 3100 injicerent
948 3051 1052 3088 non
1089 3036 1398 3104 respuebat.
1431 3038 1611 3104 Quare
1639 3042 1738 3096 hoc
1760 3059 1977 3113 quoque

2084 3035 2377 3106 βάλλοντας
2425 3038 2749 3106 ἀπεδέχετο·
2793 3037 2935 3090 ὥστε
2992 3041 3051 3090 οὐ
3104 3039 3169 3090 τὸ
3227 3039 3300 3108 μὴ
3348 3038 3652 3107 κεκτῆσθαι
3734 3093 3740 3097 ,

403 3140 671 3199 praecepto
708 3131 851 3183 haud
905 3146 1128 3199 prorsus
1183 3132 1380 3200 opibus
1440 3133 1732 3198 interdicit,
1788 3137 1880 3190 sed
1911 3153 1976 3190 ne

405 3222 492 3274 bis
527 3221 700 3275 simus
727 3222 951 3274 obnoxii
979 3238 1042 3275 ac
1069 3222 1236 3275 dediti
1279 3241 1291 3275 :
1358 3237 1484 3276 nam
1517 3233 1570 3278 et
1616 3225 1752 3292 ipse,
1789 3235 1850 3279 ut
1888 3227 1974 3280 di-

404 3310 604 3374 ximus,
663 3324 773 3362 non
845 3310 1092 3364 habendo
1158 3311 1653 3381 babebat:nempe
1688 3316 1968 3382 egentium

404 3400 782 3454 tantummodo
808 3415 992 3465 causa,
1023 3411 1075 3454 et
1095 3401 1162 3453 ob
1178 3417 1364 3454 eorum
1397 3402 1647 3458 solandus
1675 3407 1976 3473 angustias,

403 3502 566 3561 atque
603 3493 669 3545 ad
703 3493 1043 3546 necessitatis
1074 3493 1445 3561 depulsionem
1483 3495 1770 3564 quamdam
1813 3507 1977 3568 atque

404 3581 690 3634 medelam.
728 3579 896 3633 Sicuti
952 3596 1080 3650 ergo
1129 3581 1351 3636 minime
1409 3587 1767 3652 repugnabat,
1797 3586 1972 3655 ipsum

409 3670 550 3723 ferre
626 3669 856 3734 loculos,
923 3669 1030 3724 illis
1097 3672 1258 3728 simul
1308 3672 1627 3728 interdicere
1677 3677 1975 3744 quominus

403 3761 699 3831 quidquam
737 3762 1063 3826 retinerent;
1106 3763 1176 3816 ita
1214 3778 1319 3816 non
1351 3772 1434 3817 est
1465 3769 1819 3830 contrarium,
1845 3770 1973 3823 olim

403 3854 622 3922 quidem
663 3869 758 3906 eos
807 3854 870 3905 ad
936 3868 1190 3921 asperum
1247 3857 1579 3923 paupertatis
1635 3858 1977 3928 arduumque

403 3946 620 3999 culmen
659 3944 1040 4009 contendisse;
1091 3953 1277 4012 postea
1328 3961 1456 4000 vero
1494 3947 1704 4001 modica
1755 3951 1831 4003 rei
1877 3966 1976 4005 ue-

402 4037 652 4088 cessariae
725 4034 1073 4102 possessione
1136 4035 1321 4090 multis
1384 4051 1442 4090 se
1517 4037 1975 4096 sollicitudinibus

401 4125 764 4193 expedivisse,
816 4140 880 4178 ac
935 4141 1274 4178 summarum
1325 4128 1696 4195 angustiarum
1730 4132 1974 4186 solamen

402 4217 721 4271 obtinuisse.
765 4215 868 4269 Sed
907 4225 1104 4284 praeter
1162 4217 1294 4278 haac,
1332 4217 1442 4272 imo
1468 4233 1597 4272 vero
1647 4221 1699 4272 in
1758 4222 1972 4289 primis,

404 4324 527 4362 cum
556 4307 776 4367 videris.
811 4308 980 4371 aiunt,
1024 4307 1356 4376 paupertatis
1396 4309 1679 4376 praemium
1730 4312 1968 4378 divitias,

404 4407 517 4450 tum
547 4399 764 4452 demum
813 4401 1100 4469 cogitando
1137 4400 1339 4453 clarius
1388 4400 1654 4469 intelliges
1698 4417 1807 4456 non
1845 4419 1967 4458 esse
2003 4408 2042 4460 D

402 4492 518 4545 haec
549 4490 780 4544 invicem
831 4493 1216 4561 peretnptoria,
1269 4509 1444 4562 neque
1483 4510 1723 4562 pugnare
1751 4497 1974 4550 manda-

403 4593 515 4635 tum
541 4597 646 4635 non
675 4584 983 4649 possidendi
1022 4601 1142 4638 cum
1198 4585 1291 4638 illo
1320 4586 1462 4653 quod
1497 4585 1616 4654 ejus
1650 4586 1726 4640 rei
1759 4588 1970 4656 copiam

402 4671 576 4725 facit:
641 4673 936 4726 dummodo
991 4675 1142 4742 prius
1197 4675 1330 4728 illud
1373 4675 1438 4728 de
1472 4674 1693 4730 homine
1747 4676 1973 4743 pecunia

402 4763 708 4832 perturbari
764 4763 923 4817 solito
976 4765 1180 4818 dictum
1229 4774 1421 4835 putes;
1472 4770 1749 4836 possessio
1788 4780 1970 4822 autem

404 4853 480 4903 rei
515 4851 799 4906 familiaris
838 4868 1068 4906 vacuum
1119 4862 1170 4906 te
1221 4855 1632 4921 petturbatione
1679 4857 1971 4924 relinquat.

406 4942 692 5008 Quomodo
751 4942 898 4994 enitn
947 4941 1144 4996 mentis
1187 4942 1483 4998 liberalitas
1537 4953 1591 4997 et
1640 4945 1974 5012 paupertatis

405 5035 637 5089 sublime
667 5034 904 5088 studium
951 5035 1297 5103 multiplicem
1345 5051 1508 5105 opum
1561 5037 1975 5106 mirabilemque

405 5125 616 5192 copiam
640 5133 854 5194 pareret
889 5141 955 5181 ac
982 5128 1335 5195 get-initiaret,
1372 5128 1415 5182 si
1455 5129 1593 5182 forte
1622 5127 1975 5196 conﬂigerent

403 5215 546 5268 inter
586 5229 644 5268 se
687 5216 832 5284 justa
874 5215 1152 5285 possessio
1205 5224 1260 5272 et
1317 5217 1656 5285 paupertatis
1695 5216 1977 5270 doctrina?

403 5308 638 5374 Quinam
673 5323 801 5361 vero
840 5317 928 5363 est
953 5308 1116 5377 hujus
1144 5307 1220 5360 rei
1259 5307 1453 5361 testis?
1489 5304 1614 5374 quis
1667 5306 1804 5360 adeo
1863 5322 1976 5362 ser-

402 5398 582 5452 monis
622 5398 848 5452 auctor?
887 5399 1142 5451 nimirum
1176 5398 1292 5467 ipse
1342 5395 1652 5451 communis
1693 5397 1974 5452 hominum

402 5486 658 5541 Servator
683 5503 752 5542 .ac
811 5485 1090 5547 Dominus.
1126 5487 1221 5556 qui
1278 5487 1495 5556 propria
1533 5487 1716 5539 omnia
1759 5500 1978 5556 propter

402 5592 528 5630 eum
596 5577 929 5645 deserentes,
984 5578 1344 5647 centuplicem
1417 5576 1656 5629 fructum
1709 5577 1978 5632 relaturos

405 5671 785 5729 denuntiavit:
850 5689 1025 5744 neque
1083 5673 1346 5729 hactenus
1397 5671 1680 5742 praemium
1741 5673 1977 5727 circum-

2083 3129 2296 3194 ἀπλῶς,
2348 3128 2482 3180 ἀλλὰ
2512 3129 2570 3180 τὸ
2605 3129 2678 3198 μὴ
2725 3129 2936 3191 τούτοις
2966 3128 3188 3198 ἔχεσθαι
3226 3129 3324 3182 καὶ
3366 3126 3656 3199 προσηλῶ-

2081 3219 2225 3279 σθαι,
2273 3218 2370 3271 καὶ
2398 3219 2486 3271 διὰ
2517 3219 2615 3287 τῆς
2647 3219 2864 3287 ἐντολῆς
2893 3217 3098 3288 ταύτης
3138 3217 3374 3271 κωλύει·
3404 3217 3527 3270 ἐπεὶ⁵
3557 3218 3654 3270 καὶ

2078 3312 2262 3374 αὐτὸς,
2304 3311 2493 3381 ὥσπερ
2549 3309 2780 3380 ἔφημεν,
2818 3307 2962 3379 εἶχεν
2994 3313 3093 3363 οὐκ
3117 3311 3289 3380 ἔχων⁶
3327 3311 3516 3364 ἕνεκεν
3540 3311 3650 3379 γάρ

2076 3402 2186 3456 τῶν
2213 3403 2505 3471 δεομένων,
2540 3404 2634 3456 καὶ
2684 3402 3030 3472 παραμύθιον
3078 3401 3186 3454 τῶν
3228 3401 3648 3472 ἀπορουμένων,

2077 3496 2171 3548 καὶ
2202 3497 2303 3564 τῆς
2327 3495 2575 3564 ἀνάγκης
2603 3495 2955 3563 ἀποστροφήν
2987 3511 3108 3547 τινα
3130 3494 3225 3546 καὶ
3253 3493 3650 3564 λύσιν.“Ὠσπερ

2076 3583 2172 3640 οὖν
2215 3587 2317 3641 οὐκ
2361 3589 2603 3639 ἐναντίον
2655 3587 2818 3639 αὑτὸν
2855 3587 2954 3655 μὲν
3001 3585 3388 3654 γλωσσόκομον
3436 3585 3647 3654 φέρειν,

2077 3677 2320 3740 ἐκείνους
2349 3676 2406 3730 δέ
2456 3677 2621 3746 μηδὲν
2655 3676 3036 3745 συνεπιφέρειν
3065 3676 3202 3738 ὅλως
3252 3674 3645 3744 ἀπαγορεύειν,

2076 3768 2246 3831 οὕτως
2296 3768 2396 3820 οὐκ
2435 3767 2580 3819 ἐστιν
2632 3766 2874 3819 ἐναντίον
2921 3765 3043 3818 οὺδέ
3091 3764 3258 3818 πάλαι
3305 3766 3404 3834 μὲν
3449 3766 3649 3829 αὐτοὺς

2076 3860 2214 3931 πρὸς
2250 3859 2311 3912 τὸ
2333 3859 2434 3928 τῆς
2461 3860 2602 3927 ἀκτη
2613 3858 2848 3927 μοσύνης
2876 3856 3048 3927 τραχύ
3073 3875 3134 3910 τε
3163 3859 3256 3910 καὶ
3285 3857 3648 3928 δυσπρόσοδον

2077 3951 2421 4018 ἀνατρέχειν,
2455 3947 2679 4015 ὕστερον
2703 3948 2758 3999 δέ
2791 3950 2885 4000 καὶ
2915 3950 2981 4016 τῇ
3015 3948 3316 4016 συμμέτρῳ
3343 3947 3454 3999 τῶν
3480 3948 3648 4013 ἀναγ-

2076 4039 2244 4091 καίων
2290 4039 2478 4104 κτήσει
2509 4035 2621 4087 τῶν
2651 4035 2860 4087 πολλῶν
2891 4034 3137 4087 ἀνίεσθαι
3174 4034 3373 4097 πόνων,
3415 4034 3508 4086 καὶ
3545 4034 3647 4101 τῆς

2076 4129 2314 4194 ἐσχάτης
2341 4124 2486 4193 ἔχειν
2517 4123 2863 4193 παραμύθιον
2909 4123 3292 4193 στενοχωρίας.
3348 4123 3506 4175 Ἀλλά
3535 4123 3646 4192 γὰρ

2074 4219 2168 4270 καὶ
2214 4217 2350 4285 πρὸς
2393 4215 2624 4279 τούτοις,
2677 4215 2877 4284 μᾶλλον
2921 4215 2978 4266 δέ
3013 4215 3119 4284 πρὸ
3153 4213 3262 4264 τῶν
3313 4214 3644 4283 εἰρημένων,

2075 4309 2201 4360 ὅταν
2244 4307 2379 4378 ἴδῃς,
2409 4306 2562 4374 φασὶ,
2595 4306 2694 4375 τῆς
2727 4308 2866 4373 ἀκτη
2877 4304 3116 4373 μοσύνης
3161 4300 3323 4356 ἆθλον
3358 4304 3447 4356 τὸν
3473 4303 3643 4356 πλοῦ-

2074 4417 2182 4462 τον,
2212 4399 2544 4467 σαφέστερον
2585 4396 2652 4448 ἂν
2681 4397 2983 4464 ἐπιστήσας
3015 4395 3221 4465 συνήσῃ
3247 4394 3322 4456 ὡς
3368 4395 3468 4446 οὐκ
3497 4394 3646 4446 ἐστιν

2073 4490 2316 4560 ἀλλήλων
2344 4486 2666 4557 ἀναιρετικά
2693 4525 2707 4549 ,
2744 4486 2866 4538 ούδέ
2899 4485 3224 4556 διαμάχεται
3253 4488 3286 4555 ἠ
3321 4484 3510 4555 ἐντολὴ
3548 4485 3643 4538 τοῦ

2077 4581 2151 4652 μὴ
2176 4579 2480 4649 κεκτῆσθαι
2506 4578 2641 4648 πρὸς
2667 4578 2768 4646 τὴν
2799 4577 3201 4646 ἐπιτρέπουσαν
3235 4575 3558 4643 κεκτῆσθαι,
3578 4575 3647 4628 ἀν

2073 4673 2132 4726 τὸ
2162 4672 2259 4742 μὲν
2291 4670 2568 4741 συνάπτῃς
2617 4668 2858 4739 δηλονότι
2899 4667 2976 4735 τῷ
3006 4667 3263 4736 ἐμπαθεῖ,
3294 4669 3326 4736 ἠ
3356 4669 3550 4737 κτῆσις
3586 4667 3645 4720 δέ

2077 4779 2156 4815 σοι
2186 4761 2281 4814 τοῦ
2308 4762 2512 4823 πάθους
2542 4759 2842 4831 ἐλεύθερον.
2868 4758 2992 4820 Πῶς
3014 4759 3123 4829 γὰρ
3151 4758 3217 4810 ἂν
3249 4759 3311 4811 τὸ
3336 4759 3644 4827 ἀφιλάργυ-

2079 4868 2170 4921 ρον
2198 4851 2297 4920 τῆς
2327 4850 2551 4919 γνώμης
2580 4851 2676 4902 καὶ
2709 4850 2770 4901 τὸ
2813 4849 2914 4918 τῆς
2958 4848 3346 4918 ἀκτημοσύνης
3404 4849 3647 4918 ἀνυπέρ-

2076 4943 2270 5011 ϐλητον
2331 4943 2411 5012 si;
2464 4941 2525 4992 τὸ
2594 4940 2996 4993 πολλαπλάσιον
3045 4941 3138 4993 καὶ
3199 4939 3647 5008 θαυμασιώτερον

2077 5034 2400 5086 ἐϐλάστανεν
2428 5031 2517 5094 ἂν,
2555 5032 2652 5085 καὶ¹
2682 5031 3052 5100 ἐκαρποφόρει
3099 5033 3198 5102 τῆς
3233 5033 3549 5100 περιουσίας
3586 5033 3650 5086 τὸ

2077 5125 2328 5192 ἄφθονον,
2381 5124 2429 5175 εἰ
2477 5123 2568 5175 διά
2627 5123 2805 5193 μάχης
2858 5122 3108 5188 ἀλλήλοις
3157 5124 3190 5188 ἠ
3226 5121 3412 5175 δικαία
3454 5122 3648 5192 κτῆσις

2077 5215 2172 5269 καὶ
2215 5215 2242 5268 ὁ
2293 5218 2392 5279 τῆς
2439 5214 2829 5283 ἀκτημοσύνης
2877 5213 3034 5281 λόγος
3091 5213 3388 5282 προΐεσαν;
3421 5215 3648 5276 Καὶ-τίς

2081 5309 2325 5379 μάρτυς;
2363 5308 2446 5370 τίς
2473 5307 2529 5358 δέ
2560 5307 2913 5374 παραστάτης
2941 5304 3034 5356 τοῦ
3064 5305 3224 5371 λόγου
3247 5321 3262 5369 ;
3293 5303 3463 5364 Αὐτὸς
3483 5305 3512 5355 ὁ
3537 5319 3653 5355 κοι-

2078 5401 2168 5462 νὸς
2196 5398 2288 5452 τοῦ
2316 5399 2507 5466 γένους
2532 5397 2722 5466 Σωτὴρ
2755 5397 2848 5448 καὶ
2881 5394 3178 5462 Δεσπότης,
3206 5393 3265 5456 ὃς
3297 5395 3408 5455 τοῖς
3440 5392 3506 5444 δι’
3546 5392 3647 5444 αὑ-

2076 5491 2167 5543 τὸν
2196 5490 2413 5543 λιποῦσι
2440 5488 2620 5542 πάντα
2655 5488 2724 5539 τά
2752 5485 2932 5540 αὐτῶν
2960 5484 3493 5538 ἑκατονταπλασίονα
3547 5483 3649 5552 λή-

2077 5581 2273 5649 ψεσθαι
2326 5576 2731 5648 ἐπηγγείλατω
2787 5575 2883 5628 καὶ
2929 5574 3051 5627 οὐδὲ
3111 5573 3275 5643 μέχρι
3321 5571 3528 5624 τούτων
3585 5574 3649 5624 τὸ

2079 5670 2313 5725 ἔπαθλον
2361 5667 2750 5740 περιέγραψεν,
2803 5665 2916 5720 ἀλλ’
2949 5665 3028 5718 ἔτι
3063 5664 3197 5737 πρὸς
3222 5663 3284 5716 τὸ
3319 5661 3520 5734 μεῖζον,
3554 5663 3648 5717 καὶ
