3912 6218
243 269 306 331 57
1216 264 1317 324 AD
1354 253 1943 320 AMPHILOCHIUM
1971 253 2318 324 QU1ESTIO
2352 255 2381 314 Ι
3391 251 3463 316 58

239 385 340 440 οὐδ’
367 385 482 437 ὅσον
509 379 654 434 ἔστιν
696 379 873 434 εἰπεῖν
907 376 1114 447 μεῖζον,
1162 373 1368 443 ἐξαίρει
1413 372 1508 424 καὶ
1558 367 1775 437 ὑπερτί-

1911 365 2124 433 eripsit,
2178 365 2272 420 sed
2338 365 2514 436 magis
2564 365 2764 421 extulit
2809 375 2865 422 et
2925 366 3252 431 cumulavit,
3297 369 3371 422 ita
3403 380 3464 426 ut

240 472 491 543 θησι·τὴν
509 471 619 541 γὰρ
647 470 756 524 τῶν
786 469 1032 539 οὐρανῶν
1063 466 1339 537 βασιλείαν
1369 463 1572 533 κλῆρον
1594 461 1778 522 αὐτοῖς

239 566 489 632 ἐπιφέρει.
873 634 883 641 .

303 656 363 709 θ’.
401 654 631 708 Τοιαῦτα
675 655 774 724 μὲν
805 654 900 709 οὖν
936 656 1032 708 καὶ
1076 657 1124 707 οἱ
1175 651 1316 722 μετά
1361 651 1486 713 τοὺς
1531 650 1780 720 πρώτους

239 745 526 812 συμφωνεῖν
541 743 805 814 ,ἀλλήλοις
833 744 902 798 τά
931 744 1051 811 ίερά
1077 741 1578 802 κατασκευάζοντες
1600 740 1776 806 λόγια’

237 834 324 886 καὶ
353 834 504 902 δῆλον
529 833 605 896 ὡς
644 834 878 904 ἑκατέρα
907 837 1069 904 μοῖρα
1095 823 1181 886 διά
1211 833 1310 903 τῆς
1347 834 1489 885 κατά
1517 833 1578 885 τὸ
1609 832 1782 900 πρόσ-

236 940 372 977 ωπον
396 924 764 994 περιστάσεως
795 925 1017 978 ἑλκύσαι
1059 923 1158 993 τὴν
1195 921 1347 974 λύσιν
1400 919 1780 988 ἐνεδυναμώθη

233 1013 322 1066 τοῦ
366 1013 750 1082 ἀπορήματος·
791 1012 974 1084 ἕτεραι
1022 1013 1079 1065 δὲ
1125 1012 1256 1081 παρ’
1307 1012 1430 1064 ὅσον
1469 1009 1781 1079 ἐπήλθομεν

233 1104 372 1169 δόξαι
413 1105 475 1156 ὲκ
520 1105 630 1156 τῶν
675 1105 857 1157 αὐτῶν
911 1105 1007 1173 μὲν
1047 1105 1212 1170 ἐγγὺς
1259 1103 1498 1164 ἐκείναις
1529 1102 1784 1171 ἀφορμᾷν

235 1196 380 1266 ἔσχον
425 1197 521 1263 τὴν
557 1196 804 1265 κίνησινο
838 1195 962 1248 οὔτε
989 1196 1046 1248 δὲ
1072 1198 1193 1257 ταῖς
1225 1193 1624 1266 προλαϐούσαις
1659 1192 1783 1244 οὒτε

235 1287 360 1352 πρὸς
397 1285 644 1356 ἀλλήλοις
689 1286 758 1338 τὰ
788 1286 927 1339 αὐτὰ
957 1284 1283 1346 διασώζουσι
1327 1284 1490 1353 τέλη·
1539 1284 1647 1336 ἀπὸ
1687 1283 1785 1351 μὲν

235 1375 335 1442 γὰρ
359 1375 455 1441 τῆς
499 1374 609 1426 τῶν
642 1373 949 1444 προσώπων
987 1375 1328 1444 ἑτερότητος,
1363 1374 1455 1426 καὶ
1494 1373 1686 1434 αὐταίς
1725 1372 1786 1424 τὸ

235 1465 422 1533 ἄπορον
448 1464 659 1520 λύεται.
702 1466 935 1534 Λέγουσι
966 1466 1025 1518 δὲ
1059 1465 1156 1537 τὴν
1188 1467 1286 1535 μὲν
1317 1467 1594 1536 προτέραν
1634 1467 1786 1518 ἐντο-

234 1551 465 1622 λὴν,ἧτις
494 1553 586 1604 τὸν
619 1554 721 1622 τῆς
749 1555 1138 1626 ἀκτημοσύνης
1173 1556 1422 1624 εἰσέφερε
1448 1555 1634 1624 νόμον,
1651 1554 1787 1622 πρδς

1881 455 2018 510 nihil
2043 457 2223 525 majus
2248 457 2353 510 dici
2385 466 2582 526 queat:
2621 458 2771 528 regni
2797 458 3047 514 videlicet
3073 459 3310 515 caelestis
3350 460 3467 514 ha:-

1884 550 2168 604 reditatem
2205 549 2312 603 illis
2337 549 2551 619 adjecit.

1951 642 2006 697 9.
2049 640 2172 696 Haec
2203 642 2463 712 aiuntqui
2493 649 2616 710 post
2643 641 2766 695 illos
2795 641 3004 710 priores
3036 641 3168 696 dant
3216 657 3463 712 operam,

1881 741 1943 786 ut
1972 747 2128 787 sacra
2167 732 2388 786 oracula
2430 733 2570 786 inter
2598 747 2657 786 se
2687 741 3015 786 consonent.
3043 732 3259 786 Et'saue
3283 733 3469 801 explo-

1884 831 2061 876 ratum
2106 831 2189 876 est
2230 831 2438 890 partem
2508 832 2799 892 utramque
2857 838 2888 876 a
2937 836 3181 890 persona:
3229 822 3467 876 circum-

1884 917 2082 966 stantia
2147 913 2212 966 ad
2272 914 2667 988 conciliandam
2731 913 2882 968 dubii
2942 913 3271 966 solutionem
3322 913 3466 965 vires

1884 1003 2155 1073 colligere.
2193 1006 2414 1059 Cretera:
2445 1021 2594 1067 vero,
2632 1017 2898 1074 quantum
2939 1005 3212 1066 novimus,
3243 1014 3468 1058 senten-

1886 1095 1974 1148 tiae
2000 1110 2067 1150 ex
2099 1096 2290 1151 iisdem
2315 1096 2427 1150 fere
2451 1098 2734 1166 principiis
2767 1106 3024 1160 manant;
3070 1110 3248 1164 neque
3281 1104 3462 1148 tamen

1887 1183 2001 1238 sive
2027 1200 2152 1239 cum
2183 1186 2462 1255 prioribus
2494 1187 2608 1240 sive
2644 1187 2775 1255 ipsa:
2805 1201 2987 1241 secum
3015 1187 3080 1240 ad
3110 1185 3272 1240 linem
3298 1199 3471 1254 usque

1888 1279 2261 1333 consentiunt.
2316 1281 2452 1334 Nam
2504 1286 2559 1332 et
2604 1281 2734 1349 ipsae
2798 1280 3015 1348 quidem
3048 1295 3078 1332 a
3111 1291 3468 1347 personarum

1887 1370 2201 1425 diversitate
2260 1376 2621 1440 quastionetn
2674 1372 2942 1426 solvunt:
2982 1371 3278 1439 cteteroqui
3311 1369 3463 1438 prius

1888 1472 2259 1531 praeceptum,
2325 1464 2471 1532 quod
2552 1465 2891 1532 paupertatis
2942 1463 3114 1532 legem
3167 1463 3470 1526 sanciebat,

1888 1553 2171 1622 discipulis
2202 1569 2389 1608 revera
2421 1555 2575 1608 aiunt
2607 1556 2888 1617 traditum,
2934 1554 3125 1622 hisque
3150 1554 3284 1608 solis
3327 1568 3465 1607 con-

233 1644 344 1704 τοὺς
373 1643 621 1712 μαθητὰς
654 1644 730 1706 ὡς
759 1645 974 1712 ἀληθῶς
1005 1646 1291 1714 εἰρῆσθαι,
1321 1645 1594 1708 κάκείνοις
1623 1648 1789 1715 έφαρο

1909 1661 2106 1712 gruere,
2141 1661 2243 1700 nec
2284 1663 2391 1700 non
2419 1647 2485 1700 iis
2509 1648 2822 1702 hominibus
2845 1647 2938 1716 qui
2973 1647 3212 1716 religiosi
3233 1646 3473 1701 instituti

237 1733 407 1802 μύζειν
451 1736 660 1803 μόνοις,
701 1737 796 1788 καὶ
837 1737 982 1799 ὅσοις
1015 1737 1076 1789 τὸ
1098 1737 1197 1805 τῆς
1231 1737 1548 1805 φιλοσοφίας
1578 1736 1788 1789 ἔντονον

234 1825 318 1876 καὶ
341 1825 722 1895 παραπλήσιον
753 1827 947 1880 ἄλυτον
968 1827 1056 1882 διὰ
1091 1828 1209 1896 βίου
1244 1828 1424 1897 μένειο
1452 1828 1550 1900 τὴν
1589 1829 1646 1881 δὲ
1666 1828 1788 1880 δευ-

234 1917 382 1987 τέραν
414 1917 569 1970 οὐδὲν
618 1920 718 1986 μὲν
747 1924 1073 1988 παρακινεῖν
1103 1919 1196 1973 τοῦ
1231 1922 1360 1991 περὶ
1391 1921 1492 1989 τῆς
1541 1922 1788 1991 ἀκτημο-

235 2006 386 2072 σύνης
409 2009 528 2070 τοῖς
554 2005 821 2077 ἀθληταῖς
865 2008 1150 2077 δεδομένου
1183 2011 1371 2079 νόμου,
1405 2011 1696 2080 πρόσωπον
1733 2011 1792 2064 δὲ

233 2094 544 2146 ὑποϐάλλειν
598 2095 697 2165 μὲν
745 2095 854 2148 τῶν
900 2096 1180 2166 μαθητῶν,
1232 2099 1311 2161 εἰς
1342 2099 1561 2168 ἐτέρους
1598 2099 1655 2151 δὲ
1691 2100 1793 2168 τὴν

233 2185 501 2255 ἀναφορὰν
535 2185 704 2254 ἔχειν.
749 2187 888 2239 Ἀλλ’
924 2189 1162 2260 ἑκατέρᾳ
1215 2189 1322 2259 μὴν
1364 2190 1490 2262 δόξῃ
1531 2191 1599 2244 τά
1639 2193 1794 2246 κοινά

237 2276 388 2347 μέχρι
417 2275 610 2330 τούτου
630 2293 643 2307 ο
670 2279 915 2348 σχίζεται
940 2279 996 2332 δὲ
1019 2280 1080 2333 τὸ
1096 2280 1280 2333 λοιπὸν
1297 2281 1534 2350 θατέρας
1556 2285 1585 2352 ἡ
1608 2283 1792 2353 ἑτέρα.⁸

236 2369 318 2419 καὶ
344 2370 378 2438 ἡ
411 2368 514 2438 μὲν
546 2371 838 2438 πρόσωπον
873 2370 1238 2442 ὑποτιθεμένη
1269 2373 1392 2425 ὅσον
1421 2373 1698 2427 πολιτικόν
1735 2392 1794 2429 τε

237 2466 321 2516 καὶ
346 2462 441 2516 τοῦ
480 2465 708 2534 μιγάδος
733 2466 884 2518 οὐδὲν
913 2467 1120 2536 ἀνέχει,
1151 2467 1246 2520 ἆτε
1274 2469 1337 2534 δὴ
1384 2470 1519 2540 πρὸς
1573 2470 1797 2541 μείζονα

238 2555 548 2622 φιλοσοφίαν
573 2555 958 2624 δυσανάγωγόν
987 2575 1046 2610 τε
1075 2561 1170 2610 καὶ
1196 2559 1476 2628 δυσήνιον·
1505 2563 1712 2625 τούτοις
1741 2563 1798 2616 δὲ

238 2645 336 2715 ἄρα
377 2646 713 2716 ὑπαγορεύει
757 2647 1212 2718 διοικονομεῖσθαι
1257 2652 1350 2703 καὶ
1397 2652 1498 2723 τὴν
1551 2653 1657 2706 τῶν
1705 2671 1801 2722 με-

237 2732 393 2803 τρίων
422 2734 622 2802 κτῆσιν
647 2776 662 2800 ,
691 2737 786 2787 καὶ
819 2735 919 2804 τῆς
955 2738 1082 2800 τοὺς
1127 2739 1376 2808 μαθητὰς
1405 2740 1800 2810 ἀθλοθετούσης

238 2823 549 2892 νομοθεσίας
575 2824 899 2895 ἐλευθέρους
937 2827 1161 2889 τούτους
1194 2829 1450 2898 ἀφίησινο
1492 2833 1526 2900 ἡ
1571 2831 1627 2884 δὲ
1674 2832 1803 2894 τοὺς

249 2912 532 2976 Ἰουδαίους
569 2913 682 2966 τῶν
727 2915 990 2984 μαθητῶν
1032 2917 1431 2985 ἀντεισάγουσα
1462 2921 1803 2989 προφητείαν

1891 1751 2078 1807 parem
2114 1737 2456 1793 severitatem
2511 1737 2878 1792 insolubiliter
2926 1752 3020 1805 per
3052 1752 3269 1791 onmem
3304 1738 3471 1791 vitam

1890 1830 2127 1899 amplexi
2157 1840 2303 1885 sunt.
2321 1830 2509 1884 Altero
2538 1843 2719 1885 autem
2745 1829 2999 1883 mandato
3025 1829 3166 1883 haud
3199 1828 3472 1882 inlirmari

1891 1922 2047 1976 aiunt
2072 1922 2234 1976 latam
2273 1922 2694 1990 perlectioribus
2745 1921 2852 1975 illis
2904 1921 3239 1989 paupertatis
3268 1920 3474 1989 legem;

1893 2013 2056 2082 idque
2095 2027 2380 2080 personam
2426 2011 2644 2081 quidem
2681 2010 3013 2080 prauendere
3058 2008 3476 2077 discipulorum,

1893 2111 2264 2156 verumtamen
2304 2103 2441 2156 alios
2493 2101 2743 2155 homines
2792 2115 2982 2168 reapse
3031 2108 3299 2167 spectare.
3336 2096 3480 2151 Hac-

1897 2205 2054 2246 tenus
2097 2192 2376 2246 sententiee
2409 2193 2625 2261 utrique
2667 2207 2960 2246 commune
3030 2189 3237 2259 aliquid
3315 2189 3478 2243 inest.

1899 2284 2098 2339 Deinde
2133 2285 2185 2338 in
2215 2286 2430 2340 diversa
2455 2285 2656 2339 abeunt
2684 2303 2697 2339 :
2739 2285 2940 2339 etenim
2974 2282 3145 2336 altera
3186 2297 3479 2351 personam

1896 2377 2152 2446 proponit
2187 2377 2255 2430 ab
2283 2377 2430 2431 omni
2485 2376 2706 2444 quidem
2744 2391 2801 2430 re
2837 2374 3061 2441 politica
3109 2389 3176 2428 ac
3226 2371 3479 2442 populari

1898 2469 2302 2535 abhorrentem,
2337 2469 2634 2538 caeteroqui
2683 2466 3023 2523 sublimioris
3051 2463 3174 2520 vitae
3199 2465 3342 2518 haud
3375 2479 3474 2518 ca-

1899 2577 2086 2631 pacem
2129 2576 2307 2630 neque
2340 2561 2678 2629 patientem:
2737 2558 2844 2622 his,
2878 2559 3127 2626 inquam,
3166 2554 3485 2609 hominibus

1901 2650 2177 2706 modicum
2219 2651 2297 2705 rei
2347 2651 2635 2704 familiaris
2671 2664 2984 2718 possessum
3044 2647 3313 2708 attribuit,
3357 2660 3484 2699 eos-

1901 2743 2134 2811 demque
2177 2742 2311 2810 legis
2334 2743 2477 2810 ejus,
2514 2756 2635 2809 qua:
2681 2740 2968 2808 discipulis
3000 2746 3262 2794 coronata
3298 2745 3479 2790 certa-

1901 2835 2050 2887 mina
2074 2833 2282 2896 indicit,
2304 2834 2575 2887 immunes
2607 2847 2727 2886 esse
2761 2831 2910 2886 sinit.
2952 2830 3138 2884 Altera
3185 2844 3316 2884 vero
3351 2844 3480 2882 sen-

1907 2924 2076 2977 tentia
2097 2922 2320 2977 Judzeos
2358 2922 2755 2992 discipulorum
2785 2922 2904 2974 loco
2948 2935 3178 2988 ponens,
3208 2918 3262 2972 in
3296 2927 3486 2987 postes

239 3001 374 3058 εἶναι
425 3006 527 3074 τῆς
572 3005 835 3077 δευτέρας
889 3007 958 3060 τά
1018 3009 1238 3079 ῥήματα
1292 3009 1592 3063 διατίθεται
1661 3012 1802 3064 κατά

1909 3016 2069 3069 ri0ris
2093 3013 2331 3069 mandati
2362 3015 2540 3069 verbis
2567 3013 2884 3066 vaticinium
2934 3019 3124 3066 contra
3166 3009 3480 3063 universam

239 3097 436 3160 παντὸς
477 3097 571 3149 τοῦ
603 3099 816 3166 γένους,
844 3099 965 3168 ἥτις
995 3101 1089 3152 καὶ
1121 3101 1256 3170 πρὸς
1291 3103 1451 3171 ἔργον
1480 3101 1802 3171 ἐκϐέϐηκεν,

243 3189 653 3242 Οὐεσπασιανοῦ
685 3192 776 3242 καὶ
807 3191 965 3244 Τίτου
999 3192 1079 3254 εἰς
1108 3191 1424 3262 πολιορκίαν
1448 3194 1547 3262 τῆς
1588 3191 1810 3262 Ἰεροσο-

241 3277 422 3346 λύμων
453 3278 661 3340 πόλεως
685 3281 1090 3342 καταστάντων,
1122 3281 1192 3346 οἳ,
1222 3286 1315 3335 καὶ
1337 3282 1543 3355 ταύτην
1571 3283 1807 3353 πολέμου

242 3371 388 3440 νόμῳ
419 3373 930 3440 παραστησάμενοι.
964 3373 1238 3443 μαχαίρας
1261 3373 1418 3443 ἔργον
1449 3374 1510 3425 τὸ
1545 3374 1810 3428 Ἰουδαίων

244 3460 392 3521 ἔθνος
423 3459 727 3526 ἐπέδειξαν.
765 3461 808 3512 Τ
811 3461 898 3513 ότε
923 3461 1032 3532 γὰρ
1058 3463 1122 3532 δὴ
1155 3462 1276 3514 τότε
1305 3457 1394 3524 οἷς
1431 3463 1529 3531 μὲν
1553 3463 1587 3533 ἡ
1620 3463 1812 3533 κτῆσις

243 3552 446 3606 επιπλά
486 3569 546 3604 τε
584 3551 679 3605 καὶ
727 3553 826 3605 ὅσα
857 3553 988 3606 ἄλλα
1032 3553 1260 3622 κομίσαι
1293 3554 1470 3625 ῥᾴδια,
1511 3553 1684 3608 ταῦτα
1719 3554 1813 3622 φέ-

247 3659 428 3713 ροντες
449 3643 532 3704 εἰς
562 3641 658 3704 τὰς
691 3642 948 3694 ἐπέκεινα
975 3645 1073 3712 τῆς
1117 3643 1377 3706 Ἰουδαίας
1403 3644 1590 3706 πόλεις
1617 3647 1716 3711 τῆς
1737 3646 1817 3698 οί·

245 3733 399 3796 κείας
429 3734 734 3803 ἀπέτρεχον
769 3733 1154 3803 μητροπόλεως
1173 3747 1189 3764 ⁸
1241 3734 1291 3785 oi
1318 3733 1362 3786 δ’
1395 3733 1569 3798 ἄλλως
1601 3735 1815 3805 πλούτῳ

249 3822 627 3892 βαρυνόμενοι,
657 3824 690 3892 ἢ
719 3823 813 3875 καί
843 3840 982 3876 τισιν
1028 3824 1234 3893 ἑτέροις
1263 3825 1488 3892 τρόποις
1516 3826 1816 3896 ἐνεσχημέ-

249 3934 348 3980 vat,
377 3911 525 3970 οὗτοι
569 3916 634 3987 δὴ
682 3919 748 3987 τῇ
778 3916 930 3970 πόλει
967 3917 1152 3988 μένειν
1179 3917 1649 3991 έξαπαιτούμενοι,
1690 3920 1816 3991 ξίφη

250 4013 342 4064 καὶ
375 4009 650 4078 μαχαίρας
695 4009 916 4070 καὶτὰς
963 4008 1126 4070 ἄλλας
1175 4010 1476 4078 πολεμικὰς
1518 4011 1819 4073 πανοπλίας

250 4101 568 4164 ἐξωνεῖσθαι
621 4099 1035 4169 συνηλαύνοντο,
1091 4100 1184 4152 τοῦ
1235 4101 1473 4172 πολέμου
1537 4102 1674 4172 πρὸς
1721 4103 1818 4172 τὴν

255 4189 452 4260 πρᾶξιν
491 4191 591 4242 καὶ
639 4191 716 4259 μὴ
765 4189 1124 4260 βουλομένους
1172 4193 1676 4260 ὲπαναγκάζοντος·
1727 4193 1821 4246 καὶ

255 4281 407 4334 τοῦτο
433 4281 499 4349 δὴ
527 4279 688 4334 τοῦτο
714 4275 854 4333 εἶναι
877 4281 904 4334 δ
926 4281 988 4333 τὺ
1013 4281 1329 4336 δεσποτικὸν
1379 4282 1820 4352 προαπεθέσπισε

258 4374 461 4442 στόμαο
505 4391 525 4422 ‹
558 4371 674 4424 Νὗν
715 4371 773 4424 δὲ
814 4375 842 4425 ὁ
888 4371 1025 4440 ἔχων
1057 4372 1340 4442 βαλάντιον
1383 4373 1571 4444 ἀράτω
1621 4375 1821 4444 ὁμοίως

259 4469 346 4519 καὶ
372 4467 560 4536 πήραν
581 4481 596 4496 ·
631 4466 660 4516 ό
685 4464 743 4517 δὲ
774 4465 849 4533 μὴ
874 4464 1013 4534 ἔχων
1041 4465 1284 4533 πωλήσει
1313 4465 1381 4517 τὰ
1410 4465 1601 4534 ἱμάτια
1631 4465 1822 4532 αὑτοῦ,

259 4560 348 4613 καὶ
378 4560 640 4630 ἀγοράσει
675 4559 974 4628 μάχαιρανο
1011 4576 1031 4608 ι
1077 4557 1236 4610 τοῦτο
1285 4558 1341 4610 δὲ
1391 4561 1500 4628 ἀρα
1544 4559 1636 4610 καὶ
1686 4576 1826 4628 χρη-

261 4655 412 4721 σμοῖς
437 4651 648 4704 ἀνωθεν
678 4649 1074 4720 προδηλοῦσθαι
1092 4667 1105 4681 ’
1145 4669 1162 4701 ι
1183 4649 1498 4718 Συγκόῲατε
1523 4649 1590 4702 τὰ
1616 4649 1822 4720 ἄροτρα

262 4744 407 4811 ὑμῶν
440 4745 518 4806 εἷς
557 4743 852 4812 ῥομφαίας,
902 4742 996 4793 καὶ
1029 4741 1096 4793 ea:
1137 4741 1382 4811 δρέπανα
1434 4743 1514 4802 είς
1556 4743 1819 4813 σειρομά-

263 4851 406 4896 στας,
451 4852 470 4884 ι
525 4832 619 4885 τοῦ
667 4831 812 4884 θείου
865 4831 1454 4900 προκαταγγέλλοντος.
1503 4832 1688 4896 Οὕτως
1739 4829 1832 4888 οὖν

266 4927 443 4993 φασιν,
495 4924 751 4993 οὐδαμῶς
785 4923 1056 4993 μάχεσθαι
1088 4923 1150 4974 τὸ
1182 4922 1255 4993 μὴ
1295 4922 1438 4992 ἔχειν
1484 4923 1662 4994 ζώνην
1693 4927 1831 4996 μήτε

268 5017 585 5085 ὑποδήματα
621 5017 759 5083 μήτε
816 5015 1028 5084 πήραν,
1084 5013 1220 5083 πρὸς
1249 5014 1309 5066 τὸ
1343 5032 1362 5064 ‹
1399 5013 1513 5067 Νῦν
1542 5014 1597 5067 δὲ
1631 5017 1659 5068 ὁ
1689 5016 1826 5087 ἔχων

1909 3115 2118 3176 gentem
2150 3106 2415 3160 Contineri
2481 3105 2599 3158 ait:
2660 3106 2804 3172 quod
2864 3118 2997 3159 sane
3028 3102 3235 3156 exitum
3263 3110 3483 3154 nactum

1907 3209 2012 3261 est,
2035 3213 2160 3253 cum
2191 3195 2562 3266 Vespasianus
2588 3211 2652 3250 ac
2699 3195 2856 3249 Titus
2885 3195 3257 3263 Hierosolyma
3291 3191 3480 3246 urbem

1911 3290 2194 3345 obsidione
2223 3289 2546 3352 cinxerunt;
2571 3288 2663 3356 qui
2705 3298 2826 3356 post
2875 3287 3015 3360 hanc
3041 3285 3163 3340 belli
3198 3284 3318 3353 jure
3357 3283 3486 3336 sub-

1911 3388 2123 3443 actam,
2164 3379 2382 3433 .Iudazos
2426 3379 2620 3448 gladiis
2663 3379 3070 3433 consumendos
3121 3375 3482 3430 tradiderunt.

1913 3474 2068 3526 'l'unc
2096 3473 2239 3525 enim
2271 3487 2504 3540 quorum
2537 3471 2812 3540 possessio
2838 3470 3082 3539 supellex
3099 3476 3217 3523 erat
3238 3478 3294 3523 et
3320 3467 3484 3536 quid-

1913 3564 2044 3634 quid
2067 3563 2229 3618 facile
2255 3564 2525 3633 asportari
2567 3572 2802 3632 poterat,
2843 3562 2897 3617 id
2935 3563 2986 3615 in
3040 3561 3174 3615 alias
3203 3568 3354 3614 extra
3383 3557 3483 3612 Ju-

1913 3658 2085 3709 dzeam
2124 3657 2286 3710 nrbes
2313 3655 2569 3720 ferentes,
2603 3671 2634 3709 a
2658 3671 2755 3710 sua
2795 3653 3079 3722 metmpoli
3110 3650 3484 3721 diﬂ‘ugiebant:

1915 3749 2045 3800 dum
2092 3748 2180 3802 alii
2217 3748 2431 3801 interim
2466 3748 2672 3802 divitiis
2700 3747 2931 3818 gravati,
2973 3755 3067 3801 aut
3093 3744 3338 3816 quolibet
3366 3757 3488 3797 mo-

1919 3839 1987 3891 do
2020 3838 2242 3901 delenti,
2301 3838 2430 3892 dum
2493 3839 2714 3892 urbanae
2761 3837 3008 3910 stationis
3071 3834 3287 3890 tenaces
3336 3843 3488 3897 sunt,

1918 3944 2212 3984 mucrones
2239 3937 2294 3983 et
2323 3944 2485 3984 enses
2517 3938 2681 3998 atque
2712 3929 2817 3983 alia
2849 3944 3000 3982 arma
3026 3928 3217 3982 bellica
3239 3940 3491 3980 coemere

1921 4019 2266 4085 festinabant,
2300 4021 2440 4075 bello
2459 4022 2525 4074 ad
2559 4022 2608 4074 id
2645 4022 2845 4075 invitos
2884 4028 3126 4089 urgente.
3151 4019 3327 4084 Atque
3352 4017 3493 4069 hanc

1922 4126 2037 4164 rem
2073 4111 2327 4164 nimirum
2356 4109 2639 4166 Dominieo
2662 4127 2757 4165 ore
2777 4110 2992 4179 pmdici
3017 4126 3030 4175 ;
3058 4123 3200 4162 nunc
3229 4121 3356 4160 vero
3394 4106 3496 4174 qui

1924 4202 2085 4256 habet
2113 4217 2449 4266 crumenam,
2484 4210 2666 4256 sumat
2696 4203 2900 4270 pariter
2935 4211 2987 4255 et
3021 4215 3204 4268 peram
3238 4216 3250 4250 :
3288 4211 3423 4266 quas
3445 4197 3498 4250 si

1854 4295 2046 4396 unis
2094 4310 2200 4348 non
2259 4295 2439 4358 habet,
2498 4293 2788 4348 divenditis
2851 4291 3188 4346 vestimentis
3253 4288 3499 4358 gladium

1931 4386 2196 4453 acquiret.
2241 4383 2298 4438 ld
2333 4384 2510 4453 ipsum
2541 4382 2945 4452 antiquioribus
2987 4395 3206 4449 quoque
3256 4378 3501 4434 oraculis

1929 4476 2290 4546 significatum
2347 4475 2543 4534 fuerat.
2613 4474 2872 4542 propheta
2922 4471 3176 4526 dicente:
3219 4489 3239 4521 ι
3303 4470 3500 4523 Aratra

1928 4575 2107 4621 vestra
2145 4569 2198 4620 in
2223 4567 2453 4637 gladios,
2487 4575 2540 4621 et
2589 4566 2758 4633 falces
2780 4565 2834 4620 in
2865 4567 3084 4619 lanceas
3112 4560 3442 4616 concidite'.
3477 4576 3494 4609 ι

1924 4657 2016 4712 Sic
2047 4658 2213 4728 igitur
2243 4659 2404 4712 verba
2437 4675 2451 4711 :
2488 4675 2506 4707 ι
2539 4655 2616 4710 Ne
2650 4656 2898 4709 habeatis
2939 4669 3132 4709 zonam
3185 4665 3362 4718 neque
3397 4649 3508 4701 cal.

1930 4757 2208 4804 ceamenta
2235 4765 2411 4818 neque
2441 4765 2648 4818 peram.
2689 4769 2708 4801 ι
2739 4756 2934 4817 negant
2955 4762 3196 4816 pugnare
3215 4760 3339 4800 cum
3373 4744 3464 4797 his
3485 4778 3500 4792 .

1946 4859 1963 4892 ι
1996 4839 2151 4893 Nune
2173 4839 2264 4908 qui
2299 4839 2454 4894 habet
2485 4855 2827 4902 crumenam,
2868 4846 3049 4893 sumat
3087 4835 3288 4906 pariter
3325 4841 3379 4886 et
3425 4846 3510 4900 pe-

1940 4946 2056 4985 ram
2086 4949 2098 4984 :
2140 4931 2234 5000 qui
2273 4945 2400 4983 vero
2441 4946 2549 4986 non
2583 4932 2764 4997 habet,
2815 4930 3140 4985 vestimenta
3169 4941 3267 4981 sua
3293 4923 3508 4988 vendet,

1935 5021 2280 5093 gladiumque
2306 5033 2534 5078 coemet.
2571 5041 2589 5073 ι

272 5103 550 5170 βαλάντιον
592 5107 786 5176 ἀράτω
824 5105 1024 5172 ὁμοίως
1048 5105 1142 5157 καὶ
1176 5105 1390 5173 πήραν⁹
1436 5103 1466 5154 ὁ
1527 5103 1584 5158 δὲ
1621 5105 1696 5176 μὴ
1760 5106 1902 5178 ἔχων
1940 5110 2182 5180 πωλήσει
2245 5112 2307 5164 τὸ
2369 5113 2584 5181 ἱμάτιον
2651 5110 2857 5174 αὐτοῦ,
2923 5107 3020 5163 καὶ
3081 5107 3347 5177 ἀγοράσει
3409 5103 3514 5175 μάφ

220 5213 224 5233 ⁴
277 5220 478 5256 γαιοαν.
519 5221 540 5254 ι
1809 5245 1817 5252 ,

304 5221 478 5258 αιοαν.
519 5221 540 5254 ι
1809 5245 1817 5252 ,

274 5223 304 5275 χ
435 5293 601 5349 Ἀλλά
626 5311 692 5360 γε
722 5295 838 5356 τοῖς
873 5290 1017 5346 οὕτω
1045 5265 1144 5362 την
1190 5292 1425 5362 ἀπορίαν
1457 5291 1837 5363 ὲπιλυομένοις

277 5386 636 5439 ἁντιπεσεῖται
672 5385 770 5455 μὲν
803 5385 934 5446 ἴσως
966 5383 1108 5436 αὐτὰ.
1154 5381 1225 5434 τὰ
1248 5383 1542 5436 δεσποτικὰ
1582 5386 1834 5455 ρήματω

285 5478 475 5533 ιὈτιιν
503 5480 608 5551 γὰρ
640 5477 935 5532 ἀπέστειλα
969 5476 1132 5548 ὑμᾶς,
1177 5493 1195 5528 ι
1230 5475 1386 5545 φησί.
1419 5474 1549 5541 Καὶ,
1589 5494 1608 5527 ι
1637 5474 1751 5528 Νῦν
1779 5476 1835 5530 δὲ

345 5619 368 5653 ⁷
396 5616 528 5673 Joel.
564 5635 644 5684 nt,
683 5618 761 5671 l0.

2016 5296 2101 5350 10.
2147 5295 2249 5352 Sed
2291 5298 2437 5352 enim
2473 5299 2557 5354 his
2587 5300 2679 5368 qui
2714 5299 2815 5352 hae
2841 5296 3054 5351 ratione
3082 5288 3514 5349 controversiam

1943 5389 2226 5454 dirimunt,
2266 5390 2380 5459 ipsa
2431 5390 2664 5446 fortasse
2702 5389 2979 5444 Dominica
3030 5387 3194 5440 verba
3241 5378 3519 5436 contradi-

1942 5488 2110 5536 cunt:
2151 5499 2171 5532 ι
2205 5480 2342 5536 Cum
2375 5483 2496 5540 misi
2523 5498 2640 5547 vos,
2678 5501 2696 5535 ι
2733 5482 2932 5552 inquit.
2962 5499 2980 5532 r
3006 5477 3163 5532 Nunc
3184 5483 3363 5530 autem
3395 5469 3517 5525 dico
