3912 6218
455 280 525 345 59
1608 265 1871 348 PHOTII
1913 288 2420 350 PATRIARCH/E
2450 288 2557 348 cr.
3642 271 3712 350 σο

463 390 658 458 vobis;
694 407 714 443 ι
743 406 853 447 non
890 393 1012 449 aliis
1046 393 1138 449 sed
1165 395 1322 451 vobis
1357 397 1515 466 ipsis,
1547 415 1686 468 quos
1718 411 1873 456 antea
1904 418 2025 472 pra:«

2143 404 2286 471 λέγω
2308 402 2471 465 ὑμῖν·
2515 420 2532 451 ι
2567 399 2667 455 οὐκ
2699 399 2878 466 ἄλλοις
2923 400 3042 454 ἀλλ’
3077 401 3206 471 ὑμῖν
3255 399 3455 465 αὐτοῖς,
3487 397 3581 464 οὒς
3623 398 3713 453 καὶ

454 480 694 534 dicatum
731 483 876 537 misi.
920 486 1098 550 Quare
1135 486 1288 540 locus
1333 487 1659 556 recipiendae
1684 505 2035 558 personarum

455 575 740 627 mutationi
773 576 954 629 nullus
985 585 1091 638 est.
1119 575 1231 631 lmo
1252 594 1380 633 vero
1411 581 1540 650 qttid
1578 591 2034 648 consentaneum,

453 663 540 716 vel
572 679 732 730 quem
774 681 972 719 nexum
1020 668 1218 723 habent
1247 672 1408 726 verba
1440 688 1454 725 :
1499 691 1517 722 ι
1555 672 1712 729 Nunc
1740 675 1831 744 qui
1879 675 2042 728 habet

457 753 803 820 crumenam,
842 766 1022 810 sumat
1057 760 1262 826 pariter
1313 769 1367 815 et
1402 777 1611 830 peram,
1660 781 1679 813 ι
1730 779 1850 818 cum
1901 779 2038 833 pau-

454 847 680 911 pertatis
723 849 1155 905 mandato?Cur
1181 852 1324 906 enim
1363 870 1568 924 pauper
1598 872 1913 910 crumenam
1946 857 2042 910 ha—

455 937 636 1003 beret!
652 935 771 990 Jam
799 939 912 1007 ipsa
933 957 1071 1007 perae
1091 957 1210 994 cum
1234 959 1491 998 crumena
1511 947 1837 1014 assumptio,
1861 947 2039 1014 quod-

457 1041 602 1086 nam,
641 1043 848 1095 quaeso.
881 1029 1092 1085 .ludaici
1120 1034 1270 1086 exitii
1314 1035 1627 1089 vaticinium
1656 1037 1868 1090 innuit?
1898 1037 2041 1091 Sane

457 1114 572 1168 hinc
625 1117 942 1183 opinionum
1014 1123 1288 1191 indagatio
1341 1125 1383 1176 si
1444 1126 1616 1179 libero
1664 1125 1874 1193 judicio
1925 1128 2036 1189 liat,

457 1207 835 1274 przedictarum
892 1228 1110 1281 quoque
1174 1216 1574 1271 sententiarum
1616 1218 1894 1273 nonnullis
1937 1219 2038 1273 ob-

459 1298 645 1364 stabit,
683 1316 858 1368 neque
903 1303 1050 1357 sinet
1094 1305 1371 1360 indubiam
1414 1308 1744 1362 solutionem
1788 1311 2036 1364 evadere.

457 1387 710 1456 Namque
757 1392 882 1445 olim
938 1395 1286 1451 interdixisse
1335 1397 1646 1466 discipulis,
1681 1400 1875 1453 deinde
1905 1415 2040 1454 con-

463 1480 717 1542 cessisse,
769 1497 928 1551 opes;
984 1485 1088 1548 his,
1147 1486 1404 1556 inquam,
1452 1491 1723 1544 mandatis
1778 1491 1869 1560 qui
1921 1491 2039 1548 ﬁeri

461 1586 641 1646 potest
667 1585 724 1628 ut
766 1578 1206 1630 accommodetur
1246 1580 1449 1632 dictum
1491 1582 1619 1634 illud
1655 1597 1668 1632 :
1706 1602 1725 1633 ‹
1763 1582 1917 1638 Nunc
1948 1583 2039 1653 qui

453 1667 616 1721 habet
662 1683 1006 1732 crumenam,
1059 1677 1241 1723 surnat
1285 1681 1339 1723 et
1389 1672 1614 1740 peram?
1671 1691 1689 1724 ›
1736 1688 2038 1744 rursusque

455 1757 581 1811 illud

452 1850 692 1918 gladium
730 1850 906 1903 emet?
935 1869 952 1900 ι
984 1849 1171 1920 Neque
1192 1867 1345 1918 vero,
1372 1852 1419 1907 si
1454 1853 1537 1906 vel
1581 1855 1695 1907 hate
1723 1856 2033 1909 concedan-

456 1950 566 2004 tur,
612 1941 816 1995 idcirco
860 1952 1081 2011 apparet
1119 1944 1316 2012 prioris
1359 1947 1599 1999 mandati
1633 1947 1772 2015 apud
1813 1962 1908 2002 eos
1939 1947 2033 2017 qui

457 2041 784 2102 acceperant
835 2035 1216 2089 observantia:
1269 2037 1474 2106 alioqui
1531 2040 1711 2095 nullus
1763 2055 2036 2096 crumena:

454 2124 607 2177 lerus
650 2133 815 2178 esset.
873 2123 1154 2180 Posterius
1186 2141 1364 2181 autem
1414 2131 1728 2184 mandatum
1771 2149 1878 2185 non
1925 2141 2033 2187 tam

455 2212 771 2279 possidendi
799 2214 1012 2282 copiam
1054 2214 1202 2278 facit,
1240 2233 1404 2286 quam
1438 2220 1745 2287 superioris
1785 2221 2034 2273 violatio-

454 2319 574 2356 nem
618 2307 887 2372 coarguit.
936 2306 1066 2370 Quae
1117 2322 1241 2359 cum
1293 2308 1363 2360 ita
1404 2323 1464 2363 se
1513 2310 1785 2375 habeant,
1835 2301 2033 2364 nihilo-

455 2399 639 2450 minus
688 2413 874 2452 sacros
921 2399 1039 2452 illos
1085 2399 1405 2468 interpretes
1451 2411 1669 2471 prepter
1719 2419 1817 2457 sua
1851 2407 2032 2473 priora

455 2490 762 2542 tentamina
808 2491 1068 2559 piumque
1116 2491 1359 2546 animum
1400 2493 1599 2547 divinis
1639 2497 1924 2562 pra:coniis
1953 2495 2033 2551 ef-

454 2581 596 2633 ferre
623 2582 797 2636 de‘cet.
825 2579 998 2650 Opum
1031 2583 1227 2652 quippe
1247 2584 1778 2640 hermeneuticarum
1815 2588 2030 2642 iuitiutn

452 2670 580 2724 inde
631 2680 912 2727 traxerunt
949 2676 1004 2740 ii,
1050 2677 1141 2744 qui
1189 2679 1309 2733 illos
1354 2681 1632 2734 consecuti
1668 2691 1816 2744 sunt,
1859 2683 2032 2737 inter-

450 2772 655 2831 pretes,
688 2767 995 2822 seminibus
1027 2769 1283 2823 nimirum
1319 2773 1558 2841 acceptis
1589 2787 1653 2827 ac
1689 2773 2027 2829 solutionum

449 2856 868 2910 act-uratiorum
913 2860 1190 2927 primitiis.
1234 2861 1399 2932 quue
1450 2864 1622 2932 magis
1669 2865 1775 2919 illis
1815 2876 2028 2932 patrum

454 2957 544 3010 Jus
570 2961 698 3014 erga
731 2963 827 3000 nos
859 2950 1076 3016 asserit,
1104 2967 1308 3022 nosque
1339 2953 1518 3008 omnis
1548 2954 1904 3008 observantiae
1935 2955 2029 3009 de-

449 3035 658 3090 bitores
691 3039 1054 3104 demonstrat,
1095 3043 1242 3111 quod
1275 3044 1533 3096 nimirutn
1579 3045 1801 3098 acribus
1833 3060 2024 3098 eorum
2053 3076 2097 3137 Ο

447 3129 738 3183 conatibus
781 3147 845 3184 ac
893 3132 1196 3193 laboribus,
1249 3151 1392 3188 nunc
1442 3137 1661 3188 demum
1710 3136 1775 3188 ad
1819 3138 2027 3204 apicem

444 3217 632 3271 videre
675 3217 798 3272 licet
828 3235 1108 3275 sacrarum
1155 3223 1482 3277 Litterarum
1519 3225 2025 3294 interpretationem

445 3319 782 3376 provectam,
839 3326 939 3365 nec
994 3313 1233 3382 cuipiam
1273 3315 1501 3368 inscitia:
1530 3325 1626 3369 aut
1671 3316 2027 3374 dubitationis

448 3415 638 3454 ansam
676 3401 790 3467 jam
821 3417 946 3458 esse
976 3406 1244 3460 relictam.

527 3488 610 3541 ll.
651 3488 805 3554 Quod
838 3493 882 3546 si
917 3493 1054 3547 forte
1082 3495 1281 3563 aliquis
1307 3498 1478 3552 sancti
1506 3496 1741 3566 Spiritus
1765 3501 2023 3557 instinctu

444 3575 614 3646 dicat,
646 3582 940 3650 praedictas
963 3585 1296 3643 oﬂ‘eusiones
1326 3589 1637 3644 declinandi
1687 3608 1874 3658 causa,
1914 3595 2026 3662 ple-

445 3681 647 3737 rasque
693 3687 885 3725 earum
929 3689 1050 3743 qua:
1098 3675 1152 3729 in
1205 3677 1385 3730 divina
1440 3677 1716 3748 Scriptura
1769 3683 2024 3737 videntur

442 3762 930 3828 contradictiones,
965 3767 1181 3822 inscitia
1219 3770 1492 3824 malitiave
1541 3788 1727 3828 eorum
1774 3775 1891 3828 ﬁeri
1925 3778 2019 3844 qui

443 3857 623 3904 textus
653 3852 774 3908 illos
801 3869 1149 3926 oppugnant;
1177 3859 1250 3922 id,
1275 3861 1522 3928 inquam,
1552 3876 1698 3918 recte
1725 3867 2018 3920 admodum

440 3938 702 4009 justeque
726 3943 962 4002 dicetur.
1003 3948 1217 4002 Etenim
1251 3951 1447 4018 partim
1484 3953 1628 4007 haud
1667 3958 2020 4012 censiderant

439 4031 884 4092 circumstantias
945 4040 1148 4108 quibus
1207 4046 1580 4110 repugnantia:
1643 4047 2014 4117 auferuntur,

438 4125 638 4191 partim
672 4142 802 4181 vero
835 4131 1187 4199 improbitate
1228 4148 1327 4187 sua
1373 4136 1746 4192 difﬁcultatem
1783 4156 2018 4212 exagge-

437 4222 582 4268 rant.
638 4216 891 4272 Attamen
964 4237 1325 4289 personarum
1391 4226 1803 4284 circumstantia
1872 4231 2016 4286 haud

436 4318 764 4374 magnopere
811 4316 1060 4378 praesenti
1095 4327 1418 4386 argumento
1453 4320 1695 4388 prodest,
1741 4322 1833 4376 sed
1868 4323 2015 4392 ipsa-

2140 491 2436 562 κηρύσσειν
2492 491 2826 544 ἀπέστειλα·
2859 491 3001 543 ὥστε
3034 489 3128 544 νῦν
3168 492 3202 560 ἡ
3249 490 3359 541 τῶν
3405 488 3714 560 προσώπων

2142 583 2428 652 ὐπαλλαγὴ
2479 583 2737 651 οὐδεμίαν
2785 583 3032 654 εὑρίσκει
3077 582 3263 652 χώραν
3305 581 3598 650 ἀποδοχῆς.
3639 580 3712 632 Οὐ

2143 674 2250 743 μὴν
2283 673 2419 726 άλλά
2450 674 2547 726 καὶ
2576 675 2697 726 τίνα
2725 673 2903 741 λόγον,
2941 675 3095 726 ποῖον
3127 673 3184 726 δὲ
3216 672 3578 725 συνδιασὼσει
3603 672 3716 739 εἱρ-

2144 763 2243 833 μὸν
2281 763 2360 827 τὸ,
2397 782 2414 815 ι
2463 763 2622 816 Ἀλλά
2671 762 2765 816 νῦν
2810 765 2838 816 ὁ
2887 762 3026 831 ἔχων
3079 762 3362 829 βαλάντιον
3395 761 3586 832 ἀράτω
3622 760 3715 811 καὶ

2145 859 2350 927 πήραν,
2389 875 2406 907 ι
2445 859 2580 926 πρὸς
2607 856 2707 928 τὴν
2747 857 2847 923 τῆς
2883 855 3270 926 ἀκτημοσύνης
3300 853 3557 924 ὲντολήν;
3595 852 3716 914 Πῶς

2141 948 2249 1017 γὰρ
2287 947 2352 1000 ἂν
2402 949 2430 999 ὁ
2464 948 2727 1017 ἀκτήμων
2763 945 3046 1016 βαλάντιον
3071 946 3222 1016 exat;
3259 943 3392 998 Τίνα
3423 945 3479 998 δὲ
3505 957 3718 1014 προφηι

2139 1039 2292 1091 τείαν
2338 1038 2398 1091 τὸ
2445 1038 2773 1109 προσλαϐεῖν
2805 1039 2882 1107 τῷ
2923 1038 3194 1108 βαλαντίῳ
3245 1037 3339 1089 καὶ
3391 1036 3577 1107 πήραν
3619 1039 3714 1106 τῆς

2139 1132 2250 1186 τῶν
2309 1131 2578 1185 Ἰουδαίων
2637 1131 2946 1200 ὑπογράφει
3010 1126 3447 1200 καταστροφῆςς
3491 1127 3632 1181 Ἀλλ’
3680 1131 3713 1197 ὴ

2140 1222 2361 1290 τοιαύτη
2411 1222 2510 1291 μὲν
2563 1220 2757 1292 ἔρευνα
2787 1221 2896 1274 τῶν
2924 1220 3202 1291 λογισμῶν
3229 1219 3508 1290 άδεκάστῳ
3536 1219 3715 1289 κρίσει

2141 1314 2369 1368 καὶτῶν
2416 1314 2728 1386 ἔμπροσθεν
2757 1313 3166 1383 ἀποδεδομένων
3198 1312 3372 1381 λόγων
3407 1312 3570 1372 ἐνίοις
3606 1314 3716 1364 τισὶ

2141 1404 2402 1468 διανοίαις
2433 1404 2684 1476 ἐμποδὼν
2709 1405 2775 1459 ἂν
2798 1407 2979 1476 σταίη,
3012 1406 3108 1459 καὶ
3129 1407 3230 1458 οὐκ
3247 1404 3312 1458 ἂν
3339 1404 3714 1475 συγχωρήσειε

2140 1496 2240 1566 τὴν
2273 1495 2426 1549 λύσιν
2449 1497 2930 1566 ἀναμφισϐήτητον
2953 1495 3236 1565 προελθεῖν
3254 1511 3267 1524 ·
3306 1494 3365 1548 τδ
3393 1495 3504 1563 γάρ
3545 1493 3714 1547 πάλαι

2145 1589 2245 1658 μὲν
2294 1592 2407 1652 τοῖς
2441 1587 2710 1659 μαθηταῖς
2745 1588 3120 1654 ἀποκωλῦσαι,
3161 1587 3387 1658 ὕστερον
3413 1587 3457 1639 δ’
3491 1585 3711 1657 ἐπιτρέ-

2140 1678 2240 1744 ψαι
2288 1679 2388 1749 τὴν
2421 1680 2649 1749 κτῆσινο
2689 1678 2915 1740 ταύταις
2955 1679 3011 1732 δὲ
3065 1681 3185 1740 ταῖς
3226 1677 3465 1738 ἐντολαῖς
3495 1676 3614 1740 πῶς
3651 1677 3717 1728 ἂν

631 1778 642 1812 :
689 1777 706 1809 ι
749 1759 841 1828 qui
874 1769 1056 1813 autem
1099 1775 1207 1814 non
1242 1757 1423 1825 habet,
1461 1763 1750 1817 divenditis
1792 1765 2025 1820 vestibus

2139 1746 2876 1842 seelzueOEE-rl‘auvappécat
2901 1771 2983 1836 τὸ,
3019 1789 3036 1822 ι
3068 1770 3229 1824 Ἀλλά
3265 1769 3362 1822 νῦν
3386 1771 3415 1822 ό
3448 1766 3589 1839 ἔχων
3619 1768 3713 1847 βα-

2136 1864 2350 1916 λάντιον
2377 1864 2566 1932 ἀράτω
2600 1863 2698 1915 καὶ
2725 1864 2800 1933 πή
2811 1879 2946 1932 ραν;
2973 1881 2991 1914 ι
3018 1862 3116 1915 καὶ
3144 1862 3226 1922 τὸ,
3264 1881 3282 1913 ι
3304 1863 3363 1914 ’0
3392 1861 3448 1914 δὲ
3482 1863 3560 1931 μὴ
3582 1859 3717 1929 ἔχων

2137 1953 2380 2024 πωλήσει
2403 1953 2463 2005 τὸ
2489 1954 2702 2022 ἱμάτιον
2731 1954 2917 2018 αὐτοῦ,
2941 1955 3035 2007 καὶ
3065 1954 3326 2020 ἀγοράσει
3351 1953 3630 2023 μάχαιραν
3655 1965 3708 2016 ς)

2137 2046 2274 2100 Οὔτε
2308 2046 2416 2117 γὰρ
2450 2048 2498 2098 εί
2531 2045 2706 2099 ταῦτα
2749 2045 2927 2117 δοθείη
2956 2084 2972 2109 ,
3022 2047 3118 2114 τῆς
3167 2045 3438 2116 προτέρας
3494 2042 3714 2117 ἐντολῆς

2135 2138 2386 2208 οὐδαμῶς
2421 2136 2855 2206 ἐπιγινώσκεται
2887 2140 2998 2201 τοῖς
3051 2136 3312 2190 λαϐοῦσιν
3365 2137 3397 2205 ή
3456 2135 3710 2204 φυλακή·

2135 2229 2196 2282 οὐ
2231 2230 2339 2299 γάρ
2386 2230 2450 2282 ἂν
2511 2229 2696 2298 χώραν
2727 2224 2840 2300 εἶχε
2903 2229 2966 2282 τὸ
3028 2227 3331 2299 βαλάντιον.
3382 2228 3496 2281 Καὶ
3525 2230 3558 2297 ἡ
3598 2228 3715 2280 δευ-

2134 2322 2268 2391 τέρα
2323 2320 2380 2372 δὲ
2438 2320 2537 2373 οὐκ
2577 2320 2881 2392 ἐπιτροπὴν
2913 2321 3124 2387 εἰσάγει
3176 2319 3378 2389 μᾶλλον
3447 2317 3544 2371 τοῦ
3579 2323 3711 2390 κτήν-

2137 2410 2355 2476 σασθαι,
2401 2411 2515 2463 ἀλλ’
2565 2410 2784 2480 ἔλεγχον
2827 2411 2921 2463 τοῦ
2959 2413 3034 2482 μὴ
3067 2411 3298 2480 φυλάξαι
3331 2410 3401 2468 τὰ
3435 2410 3710 2481 πρότερα·

2135 2502 2272 2555 ἀλλὰ
2298 2504 2406 2573 γὰρ
2434 2503 2560 2564 τοὺς
2589 2502 2688 2572 μὲν
2731 2502 2911 2572 ἱεροὺς
2953 2501 3194 2565 ἐκείνους
3233 2500 3428 2570 ἄνδρας
3460 2502 3617 2569 ἄγειν
3654 2517 3712 2553 τε

2134 2593 2309 2665 χρεὼν
2344 2595 2436 2646 καὶ
2458 2593 2697 2656 θειάζειν
2725 2594 2825 2663 τῆς
2853 2609 2911 2644 τε
2945 2593 3170 2662 πρώτης
3200 2591 3459 2662 ἐπιϐολῆς
3485 2594 3582 2646 καὶ
3611 2592 3710 2662 τῆς

2133 2684 2462 2754 εὐσεϐούσης
2505 2683 2762 2753 γνώμηςο
2799 2684 2894 2735 καὶ
2941 2684 3022 2736 ὅτι
3063 2684 3160 2749 τὴν
3203 2683 3377 2752 ἀρχὴν
3405 2682 3508 2752 τῆς
3549 2684 3709 2736 εὐπο-

2135 2776 2257 2848 ρίας
2289 2775 2500 2828 ἐκεῖθεν
2545 2776 2594 2828 οί
2629 2774 2748 2845 μετ’
2781 2775 2977 2836 αὐτοὺς
3019 2773 3360 2840 ἀνεδέξαντο,
3417 2776 3708 2844 σπέρματα

2131 2869 2390 2931 λαϐόντες
2419 2870 2514 2920 καὶ
2545 2867 2801 2936 ἀπαρχὰς
2828 2865 3236 2936 ἀκριϐεστέρων
3269 2866 3574 2919 ὲπιλύσεων
3623 2866 3711 2918 καὶ

2129 2961 2189 3013 τό
2229 2977 2292 3027 γε
2324 2960 2568 3030 πατέρας
2612 2957 2809 3019 αὐτοὺς
2838 2956 3037 3027 μᾶλλον
3066 2957 3198 3027 ἡμῖν
3227 2955 3573 3026 ἐπιγράφων,
3613 2955 3709 3010 καὶ

2130 3053 2564 3123 τροφείωνιήμᾶς
2591 3051 2888 3118 ἀποφαῖνον
2926 3049 3226 3121 χρεώστας,
3263 3049 3344 3102 ὅτι
3369 3050 3490 3111 ταῖς
3520 3048 3705 3102 συντό-

2131 3161 2242 3208 νοις
2282 3142 2462 3196 αὐτῶν
2522 3141 2806 3206 ἐπιϐολαῖς
2852 3142 2948 3194 καὶ¹
2996 3141 3350 3212 φιλοπονίαις,
3398 3143 3478 3205 είς
3538 3141 3706 3210 ἄκρον

2131 3237 2280 3290 ἔστιν
2333 3237 2462 3290 ἰδεῖν
2512 3235 2580 3288 τὰ
2625 3235 2849 3288 πλεῖστα
2877 3234 2986 3287 τῶν
3021 3233 3181 3307 ἱερῶν
3225 3233 3572 3305 γραμμάτων
3610 3234 3706 3303 τὴν

2129 3327 2392 3397 ἐργασίαν
2454 3325 2833 3396 ἀπειληφότα,
2911 3326 3006 3379 καὶ
3069 3325 3341 3396 μηδεμίαν
3389 3325 3613 3393 ἀγνοίας
3669 3324 3702 3392 ἢ

2128 3419 2592 3492 ἀμφισϐητήσεώς
2615 3435 2725 3472 τισι
2753 3419 3182 3473 καταλελοιπότα
3207 3419 3507 3490 πρόφασιν.

2205 3510 2294 3564 ια’.
2332 3509 2471 3580 Φαίη
2493 3511 2537 3562 δ’
2565 3510 2630 3563 ἄν
2663 3526 2746 3573 τις
2784 3511 2913 3572 ἴσως
2937 3509 3116 3579 ἐνδηγῷ
3146 3509 3223 3578 τῷ
3258 3509 3538 3578 Πνεύματι
3564 3506 3704 3579 χρώ-

2130 3620 2308 3673 μενος,
2356 3601 2499 3654 ὥστε
2527 3603 2621 3655 καὶ
2654 3602 2751 3664 τὰς
2785 3602 3082 3672 εἰρημένας
3113 3601 3283 3665 λαϐὰς
3310 3602 3594 3669 ἐκφυγεῖν,
3628 3601 3700 3663 ὡς

2125 3695 2183 3746 τὸ
2218 3694 2316 3763 μὲν
2366 3691 2537 3746 πολλὰ
2594 3693 2701 3745 τῶν
2737 3695 3078 3761 φαινομένων
3130 3695 3186 3747 ὲν
3227 3695 3292 3763 τῇ
3333 3692 3453 3762 θείᾳ⁴
3512 3693 3699 3763 Γραφῇ

2128 3783 2394 3855 μάχεσθαι
2441 3787 2592 3853 παρά
2634 3785 2732 3854 τὴν
2764 3785 2986 3852 ἄγνοιαν
3023 3786 3055 3856 ἢ
3087 3787 3186 3856 τὴν
3216 3786 3554 3856 κακουργίαν
3593 3786 3699 3838 τῶν

2121 3879 2232 3939 τοῖς
2269 3879 2452 3946 ῥητοῖς
2494 3876 2916 3941 ἐπιϐαλλόντων,
2954 3877 3129 3946 ὀρθῶς
3159 3894 3218 3929 τε
3252 3879 3345 3931 καὶ
3377 3871 3602 3942 δικαίως
3633 3876 3701 3930 εἴη

2126 3981 2316 4036 ρηται·
2351 3969 2400 4018 οἱ
2437 3967 2535 4036 μὲν
2569 3968 2677 4035 γάρ
2730 3969 2791 4020 οὐ
2843 3968 3176 4038 συνορῶντες
3219 3969 3288 4022 τά
3338 3971 3701 4040 περιστατικά

2119 4057 2185 4110 δι’
2215 4051 2290 4109 ὧν
2318 4057 2386 4111 τά
2418 4059 2704 4128 μαχόμενα
2737 4059 2923 4112 λύεται
2945 4075 2959 4089 ο
2991 4061 3039 4111 οἱ
3084 4059 3141 4111 δὲ
3184 4061 3699 4130 κακομηχανοῦντες

2119 4149 2216 4219 τὴν
2261 4150 2496 4220 ἀπορίαν
2526 4147 2898 4221 κρατύνουσι⁶¹
2937 4152 3076 4220 πλὴν
3117 4151 3254 4205 ἀλλά
3283 4168 3347 4220 γε
3391 4153 3486 4205 νῦν
3518 4155 3551 4224 ή
3591 4152 3698 4206 ἀπὸ

2117 4239 2213 4294 τοῦ
2263 4240 2561 4310 προσώπου
2594 4243 2920 4313 περίστασις
2950 4245 3105 4298 οὐδὲν
3156 4246 3299 4315 μέγα
3345 4247 3410 4314 τῇ
3445 4248 3694 4316 παρούσῃ

2120 4333 2325 4407 θεωρίᾳ
2360 4337 2765 4410 συμϐάλλεται,
2817 4339 2994 4392 αὐτῶν
3039 4339 3097 4392 δὲ
3141 4341 3342 4410 μᾶλλον
3373 4342 3482 4396 τῶν
3532 4342 3694 4412 ἱερῶν

439 4408 560 4475 rum
603 4399 785 4466 potius
817 4418 1100 4460 sacrarum
1155 4409 1460 4465 litterarum
1507 4411 1738 4481 diligens
1764 4415 2011 4470 conside-

2129 4399 2463 4498 γραμμάτων
2494 4431 2527 4500 ὴ
2557 4399 2791 4500 ἀκριϐής
2839 4399 3186 4496 συνεξέτασίς
3221 4432 3278 4498 ἐξ
3334 4434 3538 4487 ἑαυτῶν
3573 4399 3693 4488 δια-

438 4484 601 4549 ratio,
655 4489 881 4546 inscitiae
940 4497 1129 4552 sordes
1196 4501 1432 4568 puritate
1489 4502 1573 4556 sui
1628 4519 1823 4559 sensus
1884 4505 2013 4561 hinc

435 4576 646 4644 ejiciet.
689 4579 929 4652 Sequere
978 4604 1066 4643 me
1100 4589 1265 4659 igitur
1298 4593 1622 4662 cogitatione
1655 4604 1767 4661 tua,
1803 4612 2013 4650 meam-

435 4683 542 4735 que
565 4683 785 4738 operam
814 4677 1096 4733 comitare.
1125 4681 1308 4736 Primo
1330 4685 1549 4752 quidem
1578 4685 1843 4742 Dominus
1870 4687 2011 4742 haud

429 4757 583 4825 jubet
608 4760 905 4832 discipulos
936 4782 1256 4824 crumenam
1290 4787 1498 4841 gerere,
1543 4791 1730 4830 verum
1774 4793 1869 4833 eos
1917 4782 2011 4848 qui

432 4845 575 4902 hanc
625 4851 911 4918 haberent,
963 4871 1150 4926 peram
1195 4875 1414 4931 quoque
1457 4864 1622 4918 simul
1662 4863 1806 4921 ferre
1855 4845 2008 4923 sin—it.

429 4937 558 5005 Qui,
583 4957 790 5010 qua:so,
833 4944 949 5000 haec
1006 4947 1149 5002 inter
1181 4964 1242 5003 se
1275 4952 1578 5020 dissonant,
1614 4956 1696 5009 vel
1736 4960 2012 5026 quomodo

428 5031 532 5086 sibi
561 5031 970 5089 adversantur?
1000 5037 1052 5092 in
1083 5039 1480 5111 discipulorum
1531 5061 1764 5102 numero
1811 5049 2012 5104 habere

427 5137 492 5176 ac
514 5125 810 5192 praedicare
831 5142 926 5182 eos
947 5131 1041 5199 qui
1067 5136 1403 5201 paupertatis
1435 5140 1750 5192 mandatum
1776 5151 2007 5207 curant;

427 5215 790 5273 violatoribus
821 5229 1003 5275 autem
1036 5221 1342 5296 indulgere,
1379 5241 1542 5298 atque
1577 5230 1696 5300 ejus
1753 5234 1828 5287 rei
1870 5249 2009 5302 pra:-

427 5315 649 5374 ceptum
686 5309 999 5377 antiquare.
1038 5314 1249 5368 litenim
1295 5317 1524 5374 inﬁrma:
1554 5323 1720 5375 menti
1747 5326 2010 5380 severitas

425 5396 876 5484 regulaeinutilis
919 5411 1033 5468 est;
1085 5415 1139 5458 et
1188 5408 1284 5476 qui
1338 5413 1620 5479 superiore
1671 5415 1776 5468 vita
1826 5417 2010 5486 negle-

425 5495 539 5539 tum
588 5478 723 5559 legis
760 5507 869 5559 pra:
907 5507 967 5547 se
995 5497 1139 5559 tulit,
1174 5499 1219 5554 is
1254 5478 1461 5556 inhibet
1489 5503 1806 5558 ulteriorem
1839 5478 2008 5576 legis-

423 5579 614 5636 latoris
645 5583 1078 5650 providentiam.
1110 5590 1444 5648 Conceditur
1474 5610 1626 5666 ergo,
1659 5605 1720 5651 ut
1749 5597 2006 5664 diximus,

423 5669 749 5731 habentibus
784 5691 1104 5735 crumenam
1133 5684 1295 5740 etiam
1324 5701 1491 5756 pera;
1529 5688 1610 5744 vel
1645 5688 1829 5759 potius
1861 5688 2008 5744 l‘ntu-

2117 4517 2438 4580 σκεδάζεται
2475 4519 2831 4573 ὲπιθολοῦσαν
2862 4522 3087 4589 ἄγνοιαν
3116 4525 3182 4592 τῇ
3233 4522 3567 4594 καθαρότητι
3597 4522 3689 4577 τοῦ

2114 4606 2406 4679 νοήματος.
2439 4611 2548 4663 Καί
2587 4628 2676 4678 μοι
2711 4613 3099 4666 συνδιασκόπει
3127 4616 3238 4677 τοῖς
3285 4614 3562 4681 λογισμοῖς
3598 4615 3690 4668 καὶ

2116 4701 2500 4755 συνακολούθει
2527 4685 2604 4773 τῷ
2635 4707 3017 4777 ἐγχειρήματι.
3059 4707 3283 4778 Πρῶτον
3311 4707 3411 4778 μὲ⁴ν
3435 4707 3462 4759 ό
3487 4707 3688 4759 Δεσπό⁴

2113 4806 2212 4860 της
2246 4792 2346 4845 οὐκ
2380 4795 2660 4848 ἐπιτάττει
2705 4797 2833 4859 τοὺς
2880 4797 3130 4868 μαθητάς
3181 4793 3462 4868 βαλάντιον
3490 4800 3683 4867 αἴρειν,

2112 4880 2249 4934 άλλά
2287 4882 2413 4946 τοὺς
2441 4883 2688 4954 ἔχοντας,
2725 4887 2821 4940 καὶ
2848 4888 3031 4959 πήραν
3062 4891 3446 4960 συνεπιφέρειν
3471 4890 3682 4960 ἀφίησι.

2114 4969 2223 5023 Ποῦ
2270 4972 2450 5025 τοίνυν
2495 4975 2666 5028 ταῦτα
2695 4977 3021 5048 ἀσύμφωνα,
3064 4981 3158 5033 καὶ
3185 4980 3303 5042 πῶς
3338 4980 3404 5034 ἂν
3436 4978 3685 5049 ἀλλήλοις

2115 5062 2376 5132 μάχοιτο;
2440 5068 2689 5137 μαθητάς
2747 5070 2845 5141 μὲν
2898 5074 3073 5126 ποιεῖν
3122 5074 3216 5125 καὶ
3264 5072 3540 5127 δεικνύναι
3584 5073 3683 5141 τῆς

2111 5152 2499 5228 άκτημοσύνης
2558 5160 2973 5229 νομοφύλακας,
3044 5162 3171 5226 τοὺς
3231 5163 3567 5235 ⁴ίγθετηκότας
3625 5163 3680 5216 δὲ

2114 5248 2434 5314 συγχωρεῖν,
2482 5250 2618 5302 κάπὶ
2647 5251 2755 5304 τῶν
2788 5253 2988 5322 ὁμοίων
3021 5253 3168 5309 λύειν
3208 5255 3270 5308 τὸ
3313 5257 3640 5325 πρόσταγμα
3661 5269 3675 5285 ⁸

2111 5331 2508 5403 ἁρῤωστήματι
2545 5338 2655 5409 γάρ
2690 5339 2913 5412 γνώμης
2964 5343 3140 5399 κανὼν
3173 5347 3461 5417 ἀκριϐείας
3506 5345 3679 5415 ἀσύμ-

2112 5432 2279 5492 φορον
2303 5441 2315 5454 ·
2350 5426 2446 5478 καὶ
2470 5429 2498 5480 ὁ
2531 5429 2653 5493 δοὺς
2706 5436 2819 5496 τοῖς
2866 5435 3200 5505 προλαϐοῦσι
3242 5439 3340 5507 τῆς
3387 5437 3678 5509 ὀλιγωρίας

2109 5513 2200 5566 τὸν
2243 5514 2480 5586 ἔλεγχον,
2532 5521 2692 5586 αὐτὸς
2733 5525 3070 5593 ἀναχαιτίζει
3121 5528 3216 5580 τοῦ
3253 5529 3542 5598 νομοθέτου
3582 5527 3677 5597 τὴν

2109 5602 2207 5655 ἐπὶ
2244 5609 2354 5670 τοῖς
2400 5608 2657 5678 μέλλουσι
2689 5614 2966 5682 πρόνοιαν.
3015 5617 3388 5688 Συγχωρεῖται
3429 5618 3527 5688 μὲν
3563 5614 3672 5678 οὖν,

2109 5694 2182 5758 ὡς
2235 5696 2466 5769 ἔφημεν,
2517 5703 2628 5766 τοῖς
2672 5709 3033 5778 κτησαμένοις
3076 5711 3137 5763 τὸ
3180 5709 3463 5779 βαλάντιον
3512 5709 3602 5763 καὶ
3641 5708 3673 5778 ἡ
