3912 6218
273 310 336 378 61
1307 311 1406 370 AD
1435 310 2027 371 AMPHILOCHIUM
2063 312 2408 382 QU/ESTIO
2442 313 2492 373 Ι.

3445 306 3518 384 62

274 425 422 495 πήρα
446 439 461 454 ⁸
487 424 517 495 ἢ
540 462 555 489 ,
580 424 630 477 εί
662 422 881 494 βούλει,
915 422 1395 493 προαναφωνεϊται
1428 422 1529 489 τῆς
1569 422 1826 492 ἐσομένης

1939 437 2058 474 rum
2094 422 2215 475 vitae
2243 438 2413 490 genus
2436 437 2649 487 eorum,
2678 423 2769 492 qui
2798 422 2978 492 priora
3004 426 3255 483 mandata
3287 430 3516 488 minime

272 514 540 578 ⁴πολιτείας
588 518 702 577 τοῖς
756 514 829 584 μὴ
878 514 947 568 τά
996 513 1277 579 φθάσαντα
1345 516 1752 584 συντηρήσασιν
1809 518 1837 567 6

270 607 490 677 τρόπος·
518 608 758 660 ἐναντίον
783 607 839 659 δὲ
872 609 935 677 τῇ
961 607 1169 675 ἐντολῇ,
1201 606 1267 659 δι’
1291 601 1357 677 ἦς
1384 608 1432 659 οἱ
1457 607 1835 670 τελειωθέντες

271 697 360 767 τήν
402 698 784 766 ἁκτημοσύνην
830 698 1221 767 κατώρθωσαν,
1266 700 1517 770 οὐδαμῶς
1576 699 1642 752 ἂν
1676 700 1835 753 τοῦτο

271 790 608 862 συνοραθείή.
655 791 821 860 Ὁρᾷς
853 791 970 852 πῶς
995 790 1053 853 ἐξ
1084 790 1258 858 αὐτῆς
1303 791 1403 858 τῆς
1433 790 1631 857 λέξεως
1663 791 1835 845 καθα-

270 879 426 947 ρῶςή
456 878 609 940 λύσις
645 879 1009 948 προέρχεται,
1043 879 1211 947 μηδὲν
1234 879 1471 946 ἐργῶδες
1506 880 1641 949 μηδὲ
1682 897 1835 949 περι-

264 970 578 1039 νενοημένον
609 971 945 1040 παρέχουσα·
988 989 1007 1022 ι
1045 969 1204 1024 ’Λλλά
1234 971 1347 1037 νῦν,
1392 974 1578 1042 φησὶν,
1622 972 1651 1023 6
1696 971 1833 1040 ἔχων

268 1062 568 1131 βαλάντιον,
599 1062 792 1132 ἀράτω
824 1062 1027 1132 ὁμοίως
1057 1063 1149 1115 καὶ
1171 1064 1373 1133 πήραν.
1402 1082 1419 1113 ι

330 1153 418 1222 ιβ’.
443 1154 548 1206 Δύο
573 1153 757 1217 τάξεις
784 1154 898 1216 νῦν,
939 1154 967 1207 ὃ
991 1154 1084 1207 καὶ
1115 1155 1211 1208 ἐπὶ
1251 1156 1429 1225 πάσης
1467 1154 1634 1226 ἄλλης
1685 1155 1832 1208 ἔστιν

264 1246 431 1314 εὑρεῖν
479 1246 721 1316 ἐντολῆς,
780 1242 1153 1315 συνορῶνταιυ
1195 1250 1243 1301 οἱ
1304 1250 1400 1317 μὲν
1449 1248 1829 1319 κατορθοῦσιν,

261 1339 306 1388 oi
327 1337 380 1388 δὲ
412 1338 472 1390 τὸ
503 1338 837 1407 πρόσταγμα
870 1337 1271 1409 παραϐαίνουσι
1296 1356 1309 1369 ·
1343 1342 1455 1401 τοῖς
1494 1340 1593 1408 μὲν
1623 1356 1831 1410 κατωρο

263 1429 450 1481 θωκόσι
482 1429 579 1482 καὶ
641 1428 749 1481 τῶν
805 1430 1067 1499 μειζόνων
1095 1431 1122 1482 6
1159 1430 1320 1492 πόνος
1354 1431 1687 1498 πιστεύεται,
1717 1435 1831 1495 τοῖς

259 1517 298 1569 δ’
321 1517 756 1589 ἐρρᾳθυμηκόσι,
818 1518 970 1571 οὐδὲν
997 1520 1123 1574 ἄλλο
1154 1518 1319 1589 βάρος
1355 1521 1658 1573 ἐπιτίθεται
1682 1539 1695 1551 '
1733 1522 1828 1575 ἀλ-

259 1609 319 1662 λὰ
346 1611 439 1662 καὶ
465 1613 836 1680 συγχωρεῖται
882 1612 943 1664 τὸ
990 1606 1224 1680 φθάσαν,
1277 1613 1363 1666 ἴνα
1398 1614 1470 1683 μὴ
1500 1614 1560 1666 τὸ
1599 1615 1706 1666 πᾶν
1769 1615 1827 1681 ἐξ

259 1700 618 1767 ἀπογνώσεως
650 1702 982 1757 ἀπολέσωσι.
1016 1702 1223 1755 Ἔδωκε
1255 1706 1369 1766 τοῖς
1407 1703 1676 1773 μαθηταῖς
1717 1723 1823 1775 μη-

257 1794 336 1846 δὲν
366 1793 707 1862 κεκτῆσθαι*
740 1794 893 1845 οὐδὲν
923 1795 1108 1859 αὐτοῖς
1140 1795 1249 1847 τῶν
1283 1772 1600 1862 ἀναγκαίων
1646 1772 1825 1851 ἐπιλέ-
1859 1772 1896 1823 Β

256 1884 545 1947 λοιπεν,ού
613 1885 829 1954 μικρὸν,
865 1886 924 1938 οὐ
967 1885 1137 1954 μέγα·
1198 1886 1296 1956 οὐχ
1350 1883 1509 1958 εὗρον
1573 1890 1828 1959 ἀφορμὴν

256 1977 496 2047 οὐδεμίαν
531 1978 642 2030 οὐδ’
675 1978 856 2030 αἰτίαν
887 1978 1087 2032 πλάσαι
1120 1980 1486 2048 παραϐάσεως
1507 2000 1519 2011 ·
1556 1983 1650 2034 καὶ
1683 1982 1826 2051 μάρ-

254 2087 401 2138 τυρες
430 2069 591 2123 αὐτοὶ
622 2068 717 2121 τοῦ
751 2069 978 2138 μηδενὸς
1004 2070 1062 2121 ἐν
1101 2069 1277 2141 ἐνδείᾳ
1320 2072 1826 2140 νομοφυλακοῦντες

256 2164 603 2231 καταστῆναι.
625 2180 643 2212 ι
670 2161 759 2231 Μή
776 2178 918 2222 τινος
955 2162 1080 2231 γάρ,
1110 2180 1127 2213 ι
1161 2164 1346 2231 φησὶν,
1376 2181 1393 2213 ι
1417 2164 1769 2233 ὑστερήσατε;
1804 2185 1821 2216 ι

255 2254 361 2305 οίδὲ
385 2272 401 2302 ι
427 2252 684 2314 Οὐδενός.
709 2271 726 2302 ι
746 2252 899 2304 Ἐπεὶ
920 2251 1012 2304 οὖν
1034 2253 1314 2322 ὁμοτίμως
1335 2254 1482 2322 μένή
1512 2256 1697 2324 ἐντολὴ
1716 2256 1827 2309 ἐδόο

256 2347 333 2416 θη,
369 2346 657 2415 δμοτίμως
688 2344 744 2397 δὲ
790 2344 848 2397 τὸ
878 2344 974 2413 τῆς
1018 2344 1208 2413 χρείας
1250 2344 1481 2412 ἄφθονον
1538 2347 1783 2417 ὑπῆρχεν
1809 2365 1822 2378 ·

256 2438 355 2491 ἀλλ’
382 2440 429 2490 οἱ
464 2438 593 2505 μὲν,
631 2437 691 2488 οὐ
727 2437 843 2489 δέον
876 2436 1276 2506 συνεπιφέρειν,
1329 2436 1613 2506 βαλάντιον
1642 2435 1819 2508 εἶχον*

253 2531 295 2581 οἱ
323 2529 375 2581 δὲ
410 2529 511 2597 τῆς
538 2528 767 2595 ἐντολῆς
792 2525 932 2597 ἦσαν
958 2544 971 2557 ·
1024 2528 1152 2589 τοὺς
1207 2529 1305 2597 μὲν
1357 2531 1711 2601 ὑπεριδόντας
1765 2532 1827 2585 τὸ

256 2620 574 2687 πρόσταγμα
610 2658 624 2680 ,
677 2617 793 2686 ἅμα
856 2617 957 2682 μὲν
1017 2616 1274 2686 ἐλέγχων,
1338 2618 1454 2688 ἅμα
1537 2620 1594 2673 δὲ
1646 2624 1824 2689 ἀφιεὶς

254 2708 497 2778 φέρεσθαι
526 2710 601 2777 τῇ
631 2705 846 2774 γνώμῃ,
865 2705 959 2757 καὶ
985 2705 1044 2757 οὐ
1075 2706 1383 2772 συγκλείων
1412 2710 1493 2770 εἰς
1518 2708 1639 2777 βίαν
1663 2728 1676 2741 ·
1706 2710 1824 2778 ἄμα

254 2801 301 2853 δὲ
323 2803 365 2853 εἰ
400 2798 592 2868 βούλει
623 2797 717 2850 καὶ
744 2797 1145 2866 προαναφωνῶν
1180 2797 1362 2860 αὐτοῖς
1403 2799 1501 2867 τῆς
1550 2799 1825 2864 πολιτείας

254 2892 304 2944 τδ
327 2891 536 2959 μέλλον,
578 2907 599 2939 ι
644 2889 705 2940 '0
729 2887 885 2956 ἔχων,
922 2887 1075 2954 φησὶ,
1097 2886 1397 2955 βαλάντιον,
1418 2889 1604 2958 ἀράτω
1626 2892 1823 2956 ὁμοίως

257 2983 335 3034 καὶ
365 2983 574 3051 πήραν.
617 2996 635 3029 ι
669 2974 1086 3046 Προανεκήρυξε
1124 2975 1232 3045 γὰρ
1261 2978 1288 3028 6
1326 2978 1581 3046 παραϐὰς
1611 2973 1693 3040 οἷς
1729 2978 1824 3046 ἐνρ-

1940 511 2387 575 observaverunt,
2418 511 2750 581 przedicitur.
2779 512 2974 568 Verum
3016 517 3063 569 id
3090 519 3333 586 profecto
3368 521 3513 576 haud

1939 602 2277 655 contrarium
2316 612 2543 671 apparet
2579 603 2835 658 mandato
2871 605 2965 669 illi,
3003 589 3091 660 cui
3140 609 3360 675 perfecti
3429 613 3515 667 di-

1939 692 2133 759 scipttli
2168 693 2569 762 obsequentes,
2613 703 2982 763 paupertatem
3024 699 3214 753 sedqu
3240 720 3241 723 η
3267 704 3482 758 retinue

1940 796 2085 839 runt.
2116 784 2305 839 Viden’
2335 796 2396 840 ut
2429 802 2492 841 ex
2530 790 2647 857 ipsa
2692 790 2968 844 locutione
2991 793 3274 862 perspicue
3309 799 3511 852 solutio

1936 878 2086 936 fluat,
2120 879 2238 932 sine
2269 880 2379 934 ullo
2413 882 2493 935 vel
2530 880 2714 935 labore
2742 882 2826 935 vel
2850 883 3035 937 subtili
3068 889 3508 956 excogitatione:

1942 986 1959 1018 ι
1995 966 2148 1022 Nunc
2184 984 2312 1022 vero
2356 970 2450 1039 qui
2498 972 2661 1026 habet
2707 987 3043 1039 crumenam,
3075 985 3255 1029 sumat
3304 979 3509 1046 pariter

1934 1070 1987 1115 et
2016 1077 2199 1130 peram
2227 1063 2239 1113 l
2276 1081 2296 1113 ›

2005 1153 2091 1205 12.
2138 1153 2282 1209 Duos
2313 1155 2399 1209 hic
2430 1155 2716 1210 hominum
2753 1155 2972 1210 ordines
3012 1156 3093 1227 (ut
3126 1156 3177 1210 in
3215 1158 3325 1212 alio
3369 1175 3508 1227 quo-

1932 1245 2015 1298 vis
2039 1245 2197 1313 jusso
2231 1246 2637 1315 deprehendere
2669 1248 2813 1315 licet)
2844 1249 3095 1304 videmus
3134 1267 3145 1301 :
3179 1252 3269 1303 alii
3301 1254 3507 1305 scilicet

1932 1340 2248 1392 mandatum
2300 1348 2513 1403 curant,
2564 1340 2654 1393 alii
2709 1340 2913 1393 violant
2968 1358 2981 1393 :
3034 1351 3180 1395 recte
3218 1344 3507 1412 agentibus

1933 1429 2156 1499 majoris
2183 1446 2400 1499 quoque
2445 1430 2604 1485 molis
2650 1431 2803 1484 labor
2830 1432 3214 1499 concreditur;
3258 1435 3505 1488 socordi-

1931 1521 2036 1575 bus
2083 1521 2288 1574 nullum
2323 1521 2548 1590 insuper
2590 1522 2803 1590 pondus
2832 1522 3110 1589 adjicitur,
3149 1523 3258 1575 imo
3289 1534 3343 1578 et
3374 1522 3505 1576 illud

1929 1611 2081 1681 prius
2132 1611 2444 1676 remittitur,
2501 1626 2567 1664 ne
2599 1611 2780 1663 omnia
2827 1613 3205 1679 desperatione
3250 1628 3506 1682 pessum-

1932 1704 2082 1757 dent.
2146 1702 2417 1757 Mandavit
2454 1702 2735 1770 discipulis
2792 1702 2926 1755 nihil
2987 1711 3043 1756 ut
3093 1703 3433 1773 possiderent
3486 1721 3500 1758 :

1931 1793 2064 1846 nihil
2112 1793 2179 1847 iis
2226 1794 2622 1854 necessarium,
2679 1792 2792 1846 sive
2828 1792 2878 1845 id
2935 1807 3161 1861 parvum
3199 1804 3343 1849 esset
3389 1797 3504 1848 sive

1930 1898 2223 1951 magnum,
2286 1881 2495 1947 defuit;
2552 1883 2755 1936 nullam
2809 1884 3155 1936 occasionem
3211 1897 3506 1937 causamve

1929 1973 2238 2040 contingere
2282 1980 2597 2040 potuerunt,
2637 1988 2736 2025 cur
2776 1971 3142 2025 obedientiam
3181 1973 3500 2039 abjicerent.

1928 2062 2070 2128 Quin
2122 2064 2223 2133 ipsi
2256 2063 2435 2117 testati
2467 2073 2592 2116 sunt
2622 2062 2765 2115 nulla
2814 2078 2874 2116 se
2902 2072 3141 2132 egestate
3173 2063 3505 2119 laboravisse

1928 2156 2057 2207 dum
2087 2154 2135 2207 ei
2172 2165 2438 2222 praecepto
2470 2154 2918 2221 obsequerentur.
2969 2171 2987 2203 ι
3034 2151 3308 2223 Nunquid,
3347 2172 3365 2206 ι
3405 2155 3502 2219 ait,

1935 2263 1953 2296 ι
1993 2245 2147 2298 vobis
2174 2244 2382 2297 deluit?
2417 2263 2436 2295 ι
2472 2245 2893 2312 responderunt,
2923 2258 2943 2293 ι
2986 2240 3149 2297 Nihil.
3193 2263 3211 2297 ι
3249 2245 3507 2310 Quando-

1927 2337 2145 2407 quidem
2180 2336 2344 2405 igitur
2364 2350 2653 2389 commune
2682 2335 2996 2389 mandatum
3025 2343 3165 2397 erat,
3192 2335 3504 2390 communis

1926 2444 2146 2499 quoque
2195 2428 2294 2481 fuit
2326 2429 2500 2482 vietus
2536 2428 2714 2495 copia.
2754 2425 3143 2480 Verumtamen
3176 2427 3266 2479 alii
3312 2437 3501 2479 contra

1926 2517 2159 2570 ol'licium
2209 2532 2520 2570 crumenam
2582 2516 2913 2578 habuerunt,
2966 2516 3058 2570 alii
3108 2517 3365 2570 mandato
3408 2516 3503 2570 ad-

1928 2611 2223 2663 haeserunt.
2267 2608 2447 2674 Quare
2498 2611 2740 2663 mandati
2792 2610 3081 2665 violatores
3118 2611 3278 2665 simul
3316 2628 3501 2681 reprc-

1924 2701 2130 2763 henilit,
2163 2710 2219 2755 et
2271 2701 2435 2755 simul
2491 2716 2593 2754 suo
2648 2716 2921 2769 quemque
2967 2704 3232 2771 permittit
3272 2705 3501 2759 arbitrio

1926 2795 2079 2862 ferri,
2106 2797 2359 2865 nullaque
2387 2790 2436 2849 vi
2465 2797 2632 2864 COgit.
2673 2796 2847 2849 Simul
2876 2804 3081 2860 autem,
3114 2797 3158 2851 si
3196 2798 3269 2851 ita
3301 2798 3499 2867 placet,

1925 2888 2227 2955 prmdicens
2257 2888 2361 2942 illis
2390 2886 2627 2941 futuram
2656 2887 2898 2955 ipsorum
2934 2888 3096 2941 vitam
3118 2905 3167 2941 τι
3188 2889 3291 2953 Qui
3318 2892 3499 2953 habet,

1926 2979 2021 3044 ait,
2057 2995 2395 3040 crumenam,
2430 2989 2609 3033 sumat
2641 2979 2845 3047 pariter
2877 2989 2930 3032 et
2952 2995 3156 3048 peram.
3194 3000 3212 3031 ι
3250 2981 3382 3034 Nam
3408 2983 3500 3050 qui

254 3071 367 3124 θασε
394 3070 641 3141 πράξας,
670 3069 765 3121 καὶ
817 3067 915 3135 τῆς
963 3066 1185 3131 ἐντολῆς
1231 3066 1525 3136 ἀλογήσας,
1580 3070 1700 3122 οἷαν
1733 3072 1823 3123 ναὶ

1930 3077 2088 3123 antea
2113 3070 2366 3139 deliquit,
2395 3071 2649 3124 mandato
2672 3079 3005 3138 contempto,
3041 3070 3086 3125 is
3116 3072 3252 3125 satis
3280 3081 3502 3140 porten-

253 3164 368 3232 περὶ
388 3160 482 3214 τοῦ
518 3158 827 3226 συστοίχων
854 3157 954 3225 τὴν
994 3156 1049 3207 ἐν
1069 3155 1147 3225 τῷ
1181 3155 1430 3224 μέλλοντι
1459 3156 1696 3209 διάθεσιν
1718 3158 1823 3210 δεί-

256 3258 326 3322 ξει
347 3273 359 3287 '
394 3257 508 3317 τοῖς
541 3253 607 3305 δὲ
633 3249 886 3319 καθαρῶς
914 3248 1326 3316 ἀσπασαμένοις
1383 3250 1442 3301 τὸ
1474 3250 1822 3319 πρόσταγμα,

256 3348 341 3416 τῆς
368 3347 607 3414 γνώμης
631 3340 808 3395 αὐτῶν
839 3338 1238 3406 ἀποδεξάμενος
1270 3337 1331 3390 τὸ
1359 3339 1605 3409 στερρὸν,
1638 3341 1734 3393 καὶ
1764 3341 1826 3393 τὸ

257 3440 545 3507 κεφάλαιον
586 3434 695 3487 τῶν
717 3431 1161 3501 κατορθωμάτων
1188 3432 1244 3482 ἐν
1281 3431 1493 3498 ἀγῶνος
1525 3433 1691 3503 μοίρᾳ
1727 3450 1825 3502 χα.

261 3530 453 3599 ρίζεται
486 3528 593 3581 καὶ
624 3524 762 3595 πρὸς
791 3522 853 3575 τὸ
884 3522 984 3591 τῆς
1018 3520 1337 3589 φιλοσοφίας
1371 3523 1541 3593 ἄκρον
1582 3518 1661 3586 οἷς
1710 3527 1824 3577 τίσ-

257 3622 365 3688 ἀγει
397 3618 694 3688 ἀναφέρει.

318 3718 397 3779 ιγ’.
428 3711 526 3763 Διό
564 3725 697 3778 φησι
720 3706 856 3777 πρὸς
878 3705 1170 3776 ἑκατέρους
1193 3702 1284 3757 τοῦ
1302 3703 1460 3771 λόγου
1478 3702 1823 3774 σχιζομένου*

256 3802 358 3854 Νῦν
390 3803 446 3855 δὲ
475 3803 577 3855 ὅτε
605 3799 840 3867 μάλιστα
865 3798 926 3850 τὸ
950 3798 1119 3859 πάθος
1147 3797 1346 3865 ἦκειτὸ
1364 3796 1513 3865 ἐμὸν,
1538 3798 1630 3847 καὶ
1657 3798 1684 3848 6
1705 3798 1824 3850 καθ’

256 3891 395 3959 ὑμῶν
438 3891 544 3955 ἐπὶ
591 3889 735 3957 μέγα
784 3882 1111 3955 κρατύνεται
1163 3884 1419 3952 πόλεμος,
1468 3884 1564 3937 καὶ
1613 3884 1825 3937 πολλῶν

254 3982 459 4050 ἔλεγχον
490 3978 731 4033 δώσουσι
759 3976 1037 4045 λογισμοί·
1066 3969 1146 4037 οἷς
1175 3974 1272 4044 μὲν
1302 3977 1329 4026 6
1369 3975 1467 4043 τῆς
1490 3976 1711 4043 ἐντολῆς
1740 3976 1826 4026 λό-

255 4090 338 4139 γος
369 4073 475 4125 οὐδ’
511 4071 663 4123 οὔτω
710 4068 949 4137 χαλεπὸς
996 4066 1069 4118 ῶν
1109 4067 1209 4118 οὐκ
1265 4065 1564 4135 ἐφυλάχθη,
1616 4066 1825 4129 τούτοις

262 4164 618 4233 ἀκολουθήσει
653 4159 792 4229 μετὰ
823 4157 918 4211 τοῦ
984 4157 1267 4226 βαλαντίου
1295 4157 1387 4209 καὶ
1413 4159 1445 4226 ή
1479 4157 1825 4227 περιποίησις

254 4253 343 4324 τῆς
373 4255 564 4324 πήρας
593 4266 607 4281 ⁶
640 4245 721 4313 οἷς
745 4249 789 4302 δ’
817 4249 1072 4318 ἀνωτέρω
1102 4246 1357 4315 γενέσθαι
1388 4247 1487 4315 τῆς
1515 4246 1825 4317 άθετήσεως

255 4346 562 4414 διεπονήθη,
594 4336 742 4395 οὗτοι
772 4339 867 4392 καὶ
898 4339 958 4391 τὸ
996 4338 1151 4401 τέλος
1200 4338 1401 4390 οἰκεῖον
1426 4336 1536 4388 τῶν
1571 4352 1825 4406 προηγω-

1927 3159 2009 3213 dit
2051 3161 2269 3229 qualem
2318 3169 2535 3228 postero
2578 3175 2798 3229 quoque
2848 3168 3089 3230 tempore
3132 3164 3184 3216 in
3233 3179 3292 3217 re
3337 3164 3501 3218 simili

1927 3252 2167 3306 animum
2201 3260 2454 3321 gesturus
2500 3253 2591 3306 sit.
2627 3253 2830 3307 Contra
2876 3268 3089 3318 eorum,
3123 3256 3217 3324 qui
3250 3267 3503 3312 accurate

1927 3357 2040 3395 rem
2093 3341 2411 3410 imperatam
2452 3341 2719 3407 fecerunt,
2770 3350 3030 3397 constans
3061 3344 3336 3414 ingenium
3378 3363 3502 3415 pro-

1927 3433 2083 3495 bans,
2114 3448 2381 3487 summam
2413 3448 2630 3502 quoque
2654 3434 3046 3502 perfectionem
3077 3436 3128 3488 in
3158 3438 3348 3505 agonis
3378 3454 3503 3507 par-

1927 3534 2032 3577 tem
2070 3524 2318 3592 largitur,
2342 3538 2546 3591 eosque
2578 3522 2643 3577 ad
2672 3524 2939 3592 religiosa:
2981 3525 3104 3579 vitae
3135 3525 3346 3579 culmen
3381 3544 3501 3581 mo—

1926 3615 2056 3668 nitis
2096 3615 2212 3668 suis
2249 3614 2521 3667 subvehit.

2000 3703 2086 3757 l5.
2127 3703 2490 3768 Quamobrem
2530 3703 2606 3757 ait
2628 3701 2843 3772 utrique
2866 3702 3063 3766 ordini,
3093 3701 3348 3773 bipartito
3383 3720 3500 3760 ser-

1927 3811 2086 3849 mone
2126 3793 2325 3848 :Nunc
2372 3809 2495 3847 cum
2528 3794 2765 3847 maxime
2818 3794 2999 3862 passio
3053 3811 3167 3848 mea
3204 3798 3498 3866 appropin-

1926 3894 2075 3954 quat,
2137 3884 2446 3952 bellumque
2496 3898 2755 3950 magnum
2789 3894 2979 3937 contra
3018 3898 3114 3937 vos
3150 3884 3497 3953 ingravescit,

1928 3976 2221 4030 multorum
2261 3975 2495 4042 denique
2564 3975 2947 4027 revelabuntur
2988 3975 3365 4042 cogitationes.
3405 3976 3501 4030 Et-

1925 4065 2072 4118 enim
2106 4064 2256 4126 illos,
2289 4079 2317 4116 a
2350 4063 2549 4131 quibus
2582 4063 2836 4130 snperius
2868 4063 3207 4125 mandatum,
3233 4063 3357 4117 licet
3388 4079 3496 4118 non

1926 4157 1998 4211 ita
2016 4157 2270 4220 arduum,
2292 4156 2551 4209 violatum
2576 4154 2697 4219 fuit,
2723 4169 2838 4217 eos,
2867 4155 3111 4220 inquam,
3138 4163 3259 4223 post
3289 4171 3499 4209 crume-

1926 4262 2052 4301 nam
2096 4254 2457 4313 consequetur
2500 4259 2643 4313 perze
2691 4258 2906 4313 quoque
2953 4230 3188 4311 adjeeiio
3239 4260 3254 4299 :
3305 4254 3497 4299 contra

1925 4340 2024 4415 illi,
2056 4340 2259 4409 quibus
2291 4353 2435 4393 curae
2466 4337 2654 4391 fuitut
2696 4336 2765 4389 ab
2816 4334 3183 4390 inobedientia
3218 4348 3493 4403 caverent,

257 4438 516 4507 νισμένων
551 4433 913 4502 ἐπιθήσουσι·
950 4429 1044 4482 καὶ
1072 4430 1197 4490 τοὺς
1229 4429 1327 4497 μὲν
1358 4428 1456 4498 τῆς
1510 4427 1684 4497 ἄκρας
1738 4443 1825 4494 φι-

1930 4432 2241 4484 coronidem
2268 4444 2484 4499 quoque
2507 4428 2755 4481 idoneam
2789 4426 3062 4494 prioribus
3087 4427 3299 4483 actibus
3323 4429 3498 4497 impo-

257 4529 526 4599 λοσοφίας,
565 4526 666 4581 καὶ
697 4525 783 4577 διὰ
812 4523 967 4576 τοῦτο
1003 4522 1099 4574 καὶ
1130 4521 1229 4591 τῆς
1272 4520 1537 4588 ἀκτησίας
1592 4536 1823 4586 κατενη-

257 4624 565 4693 νεγμένους,
602 4624 637 4693 ὴ
685 4619 793 4673 τῶν
825 4617 1037 4672 πολλῶν
1073 4616 1313 4686 μέριμνα
1372 4616 1465 4668 καὶ
1516 4616 1549 4686 ή
1606 4616 1826 4683 φροντὶς

259 4715 561 4779 ὑποδέξεται
590 4730 605 4745 ο
633 4708 717 4787 οἷς
754 4711 892 4782 μετά
923 4709 1018 4763 τοῦ
1050 4707 1336 4778 βαλαντίου
1370 4706 1460 4759 καὶ
1484 4706 1518 4774 ή
1541 4707 1714 4775 πήρα,
1733 4705 1826 4757 καὶ

258 4805 348 4858 ὅσα
368 4806 433 4858 ἂν
457 4806 520 4859 τὸ
549 4803 943 4871 εὐπερίστατον
1002 4797 1267 4870 ἐπιτάττῃ
1298 4797 1392 4851 τοῦ
1427 4798 1565 4867 βίου,
1608 4799 1668 4850 οὐ
1712 4798 1827 4850 δια-

259 4895 417 4964 λείψει
446 4895 513 4949 δι’
538 4894 701 4964 ὄχλου
728 4892 990 4961 γινόμενα
1014 4907 1028 4921 ο
1062 4892 1174 4952 τοῖς
1217 4890 1273 4942 δέ
1304 4906 1368 4956 γε
1410 4890 1717 4959 τηρήσασιν
1769 4890 1826 4941 ἐν

261 4986 449 5055 σπουδῇ
479 4984 576 5038 καὶ
604 4983 786 5043 πόνοις
811 4981 873 5033 τὸ
904 4978 1215 5049 ἀγώνισμα.
1252 4978 1404 5030 Ἐπεὶ
1432 4977 1610 5041 τοῦτο,
1639 4978 1823 5047 φησὶν,

264 5076 376 5143 ὑμῖν
398 5075 572 5145 ὀρθῶς
600 5090 658 5126 τε
706 5072 802 5125 καί
836 5070 1111 5140 ἐπιμελῶς
1164 5069 1599 5137 διαπέπρακται,
1634 5070 1727 5121 καὶ
1766 5068 1826 5120 τδ

260 5165 348 5233 τῆς
373 5162 759 5235 άκτημοσύνης
788 5159 947 5215 ἆλθον
977 5159 1166 5228 ὥσπερ
1198 5158 1417 5229 ἀρραγῆ
1452 5158 1693 5227 κρηπῖδα
1718 5156 1825 5209 τῶν

267 5257 551 5326 μελλόντων
576 5254 802 5324 ἀγώνων
830 5251 1087 5321 ἐπήξατε,
1124 5251 1372 5302 λείπεται
1415 5248 1472 5302 δὲ
1512 5264 1823 5318 παρεσκευο

266 5353 519 5419 ασμένους
547 5351 627 5404 ἔτι
660 5350 860 5420 μᾶλλον
883 5348 978 5401 καὶ
1021 5346 1269 5414 ἑτοίμους
1300 5345 1443 5412 ὑμᾶς
1477 5338 1616 5395 εἶναι
1652 5342 1746 5395 νῦν
1787 5342 1820 5412 ἢ

268 5444 517 5517 πρότερον
543 5443 681 5513 πρὸς
729 5442 821 5493 τὸν
859 5440 997 5509 ὑπὲρ
1060 5436 1196 5507 ἐμοῦ
1251 5437 1515 5490 θάνατον·
1567 5436 1670 5505 ήδη
1714 5436 1821 5505 γάρ

268 5537 408 5604 κάγὼ
426 5539 517 5590 τὸν
544 5537 685 5605 ὑπὲρ
701 5532 795 5586 τοῦ
818 5532 1021 5601 κόσμου
1051 5530 1381 5600 ὑπέρχομαι.
1416 5529 1489 5581 Εὖ
1527 5529 1583 5580 δέ
1612 5527 1823 5581 ποιοῦν-

270 5643 349 5690 τες
365 5627 733 5697 προαπέθεσθε
755 5625 853 5696 μὲν
880 5624 1056 5676 πάντα
1071 5621 1141 5673 τὰ
1159 5619 1255 5674 τοῦ
1276 5620 1390 5690 βίου
1420 5635 1435 5650 ο
1463 5619 1613 5672 οὐδὲν
1632 5617 1677 5671 δ’
1694 5618 1823 5685 ὑμῖν

269 5717 566 5789 ἐπισύρεται
597 5719 707 5775 τῶν
762 5714 1044 5785 μεθέλκειν
1076 5712 1390 5782 δυναμένων
1443 5710 1549 5766 ἀπὸ
1601 5708 1694 5763 τοῦ
1746 5710 1821 5780 μὴ

1926 4532 2075 4577 neut.
2108 4522 2244 4575 Hinc
2291 4535 2385 4574 eos
2419 4518 2509 4587 qui
2542 4534 2571 4571 a
2613 4518 2833 4571 sublimi
2872 4517 3215 4586 philosophia
3263 4518 3496 4588 ideoque

1923 4616 2085 4669 etiam
2135 4629 2165 4667 a
2217 4610 2552 4681 paupertatis
2590 4609 2750 4662 laude
2796 4607 3137 4674 exciderunt,
3197 4608 3494 4663 multarum

1924 4720 2104 4760 rerum
2132 4700 2436 4758 sollicitudo
2457 4710 2513 4754 et
2540 4716 2672 4754 cura
2700 4700 2935 4768 excipiet
2963 4715 2976 4751 :
3001 4700 3331 4769 eosdemque
3360 4716 3496 4769 pne-

1928 4806 2009 4850 ter
2054 4809 2373 4850 crumenam
2412 4801 2467 4847 et
2498 4806 2709 4862 peram,
2741 4799 2935 4845 caetera
2972 4791 3160 4857 etiam,
3206 4807 3328 4862 qua:
3371 4794 3497 4848 vita:

1915 4888 2135 4940 lautitia
2188 4884 2379 4955 exigit,
2430 4883 2708 4938 turmatim
2769 4884 3199 4940 circumsistent.
3249 4884 3318 4939 At
3366 4899 3495 4939 vero

1924 4977 2030 5031 illis
2051 4978 2144 5045 qui
2173 4975 2362 5029 sedulo
2390 4984 2446 5029 et
2471 4974 2687 5030 fortiter
2714 4975 2766 5029 in
2810 4976 3093 5044 proposito
3123 4991 3286 5045 opere
3316 4991 3498 5045 perse-

1922 5075 2267 5130 veraverunt,
2293 5067 2555 5136 quoniam
2580 5068 2705 5130 hoc,
2731 5067 2926 5136 inquit,
2960 5075 3106 5121 recte
3130 5077 3184 5121 et
3211 5068 3498 5137 diligenter

1922 5177 1952 5212 a
1982 5159 2137 5212 vobis
2182 5170 2456 5226 peractum
2486 5167 2761 5212 certamen
2804 5167 2906 5221 est,
2954 5173 3017 5212 ac
3057 5159 3389 5227 paupertatis
3418 5158 3499 5213 la-

1923 5249 2110 5303 borem
2167 5264 2263 5303 ceu
2311 5247 2642 5302 immobilem
2690 5248 2999 5301 futurorum
3028 5263 3262 5317 agonum
3289 5249 3499 5303 colum-

1923 5357 2047 5395 nam
2070 5341 2457 5407 co_nstituistis,
2486 5349 2735 5408 superest
2766 5348 2825 5392 ut
2876 5354 3021 5393 nunc
3057 5340 3300 5409 apprime
3332 5339 3493 5392 morti

1922 5447 2020 5500 pro
2055 5444 2140 5484 me
2167 5431 2426 5485 obeundae
2468 5430 2639 5499 parati
2676 5429 2795 5484 sitis
2839 5446 2851 5483 :
2893 5445 3015 5482 nam
3057 5441 3110 5483 et
3156 5445 3255 5498 ego
3307 5441 3496 5481 necent

1922 5536 2019 5591 pro
2055 5522 2257 5575 mundo
2306 5536 2433 5575 mox
2469 5520 2749 5575 subiturus
2777 5534 2921 5573 sum.
2978 5518 3120 5572 Bene
3164 5526 3342 5570 autem
3388 5524 3494 5581 est,

1922 5616 2066 5687 quod
2114 5624 2271 5669 antea
2334 5612 2609 5667 mundana
2648 5611 2831 5665 omnia
2883 5607 3159 5678 abjecistis
3200 5623 3214 5658 :
3259 5607 3393 5660 nihil
3438 5617 3498 5661 ut

1924 5723 2021 5766 vos
2049 5707 2277 5777 pelliciat
2326 5719 2538 5769 eorum,
2566 5718 2688 5776 quae
2734 5700 2994 5771 impedire
3020 5704 3260 5765 possent,
3284 5698 3498 5766 quomi-
