3976 6222
389 283 461 344 63
1549 278 1812 342 ΡΗΟΤΙΙ
1841 278 1967 339 PA']

2074 275 2347 338 ARCHJE
2384 276 2492 336 (ΣΡ.
3239 288 3244 294 ’
3583 287 3651 350 64

391 408 497 448 nus
527 392 821 448 laetabundi
855 390 922 448 ad
953 406 1222 448 summam
1264 390 1342 448 rei
1380 391 1634 454 veniatis,
1659 405 1879 455 nempe
1910 390 1967 443 ad

2080 386 2368 456 χαίροντας
2398 384 2575 438 ἐλθεῖν
2623 385 2716 440 ἐπὶ
2742 386 2802 440 τὺ
2824 388 3045 444 πάντων
3069 393 3366 462 κεφάλαιον
3391 395 3492 468 τὴν
3520 399 3655 471 ὑπὲρ

386 483 592 538 caedem
616 484 722 537 mei
754 499 921 538 causa
946 484 1280 554 patiendam.
1316 483 1555 538 Pronum
1590 484 1785 553 oppido
1817 481 1972 536 vobis

387 575 490 630 erit
515 575 787 629 alacribus
815 574 952 640 ﬁeri,
983 583 1146 645 atque
1173 584 1480 630 extremum
1516 575 1820 629 amiculum
1859 581 1972 626 tra-

388 664 540 728 dere,
584 673 640 719 et
669 666 772 720 mei
808 665 980 735 gratia
1016 674 1246 720 mortem
1296 682 1421 721 cum
1465 664 1576 720 vita
1609 674 1967 720 commutare.

389 755 448 811 ld
504 756 650 811 enim
702 757 1150 813 commodissime
1197 759 1444 812 omnium
1503 758 1762 828 praediola
1809 757 1970 808 verba

389 845 723 916 significant,
757 861 1078 900 crumenam
1112 861 1218 901 non
1253 847 1468 909 habere,
1502 844 1808 901 vestimenti
1841 858 1970 897 ven-

389 941 545 1005 ditio,
598 940 810 1009 gladius
842 959 855 994 :
886 941 1052 994 veluti
1089 956 1155 994 ne
1205 940 1509 995 novissimo
1562 938 1779 1008 quidem
1831 935 1972 990 ami-

391 1033 515 1087 culo
546 1031 818 1100 perfectus
849 1034 1185 1101 paupertatis
1218 1031 1426 1085 assecla
1453 1045 1720 1098 parsurus
1749 1029 1845 1089 sit,
1873 1043 1971 1082 ve-

390 1137 512 1176 rum
544 1122 671 1176 illud
703 1138 921 1191 quoque
951 1137 1229 1186 cessurus,
1258 1120 1386 1174 dum
1419 1110 1676 1189 expedite.
1697 1119 1870 1173 currit
1903 1119 1968 1172 ad

389 1213 648 1282 gladium.
675 1211 814 1267 Hinc
839 1228 946 1267 non
982 1217 1057 1267 ait
1089 1214 1273 1266 vendat
1301 1223 1395 1266 aut
1421 1220 1602 1275 emat;
1648 1211 1742 1265 sed
1785 1210 1970 1264 vendet

390 1315 444 1359 et
468 1315 600 1358 emet
631 1321 650 1359 :
680 1305 1093 1373 quibumverbis
1142 1320 1318 1374 neque
1344 1304 1513 1374 legem
1547 1318 1724 1372 neque
1756 1303 1969 1371 iussum

387 1397 612 1462 statuit;
645 1405 696 1450 et
732 1406 912 1450 tamen
946 1411 1058 1449 rem
1090 1393 1331 1449 futuram
1364 1404 1490 1448 ante
1519 1394 1825 1447 denuntiat.
1863 1393 1974 1448 Sci-

389 1486 516 1542 licet
541 1487 682 1540 haud
724 1488 948 1550 mando,
980 1486 1177 1555 inquit,
1223 1497 1284 1541 ut
1335 1488 1450 1540 haec
1485 1488 1637 1548 liant,
1673 1486 1764 1540 scd
1803 1486 1968 1540 futuri

389 1578 650 1648 praescius
700 1587 825 1631 ante
863 1576 1041 1641 edico,
1083 1577 1200 1632 fore
1228 1586 1289 1632 ut
1319 1578 1572 1646 praecepti
1614 1578 1861 1632 custodia
1903 1577 1969 1631 ad

388 1682 691 1726 extremum
744 1685 965 1740 quoque
1017 1679 1072 1726 et
1129 1671 1342 1741 insigne
1382 1671 1596 1725 facinus
1628 1671 1770 1724 viam
1813 1669 1968 1724 vobis

389 1761 638 1814 muniat:
671 1761 758 1815 illa
787 1763 930 1815 enim
966 1762 1214 1816 suadebit
1244 1762 1419 1827 vobis,
1459 1771 1518 1816 ut
1542 1777 1726 1816 necem
1750 1777 1966 1830 quoque

385 1849 490 1904 mci
527 1865 693 1903 causa
719 1850 950 1904 libenter
973 1851 1124 1904 adire
1148 1850 1352 1916 velitis,
1391 1852 1538 1904 omni
1564 1866 1696 1906 cura
1719 1851 1966 1904 saculari

385 1941 611 2006 vacetis,
651 1942 787 1994 nihil
812 1942 1099 2011 corporale
1122 1943 1434 2009 sectemini,
1463 1952 1660 1999 cuneta
1691 1944 1754 1996 ad
1786 1959 1964 1996 meum

387 2031 709 2086 famulatum
743 2033 1015 2088 referatis.
1050 2035 1220 2104 Quod
1275 2045 1456 2089 autem
1497 2035 1639 2089 haud
1692 2035 1832 2089 alius
1889 2034 1966 2088 rei

388 2123 559 2193 gratia
590 2123 799 2192 gladios
853 2136 1116 2180 memoret
1160 2141 1362 2180 arcano
1403 2127 1722 2181 Dominicus
1760 2141 1965 2191 sermo,

382 2213 594 2283 jamdiu
645 2217 920 2283 parabolis
959 2218 1030 2270 uti
1087 2218 1302 2282 solitus,
1357 2217 1461 2272 nisi
1513 2228 1573 2272 ut
1611 2233 1707 2273 eos
1740 2234 1851 2273 suae
1903 2233 1969 2273 ac

387 2304 778 2373 discipulorum
812 2309 1090 2376 passionis
1120 2310 1430 2380 symbolum
1462 2309 1649 2375 faciat,
1680 2309 1968 2366 manifeste

386 2397 642 2451 enucleat
684 2399 738 2451 iu
784 2399 1273 2469 subsequentibus.
1309 2401 1445 2456 Cum
1471 2402 1617 2457 enim
1649 2402 1966 2471 respondis-

387 2497 512 2543 sent
547 2489 800 2558 discipuli
836 2500 1036 2560 praesto
1063 2507 1186 2548 esse
1219 2493 1428 2563 gladios
1461 2493 1623 2554 duos.
1659 2495 1795 2548 nihil
1826 2510 1966 2564 prae-

387 2589 533 2634 terea
562 2584 630 2635 ab
655 2582 723 2636 iis
757 2583 1074 2652 quuisivit,
1109 2594 1236 2653 puta
1267 2585 1352 2639 vel
1376 2593 1452 2654 ,ιιι
1479 2594 1682 2641 vestem
1709 2587 1967 2641 divende-

387 2674 630 2737 rent,ch
664 2690 730 2728 an
765 2675 823 2738 ii,
849 2676 1050 2744 quibus
1073 2687 1514 2742 essetcrumcua,
1544 2694 1728 2748 peram
1751 2694 1969 2750 quoque

389 2765 776 2830 sumpsissent,
805 2782 981 2836 neque
1031 2769 1098 2822 ad
1147 2769 1281 2822 alias
1322 2785 1416 2825 eos
1461 2772 1738 2826 transtulit
1773 2772 1971 2842 cogita-

377 2855 598 2941 tiones;
648 2861 742 2916 sed
796 2880 813 2913 ι
853 2861 997 2917 Satis
1045 2875 1147 2930 est,
1208 2884 1226 2918 ι
1279 2866 1353 2920 ait
1389 2885 1402 2920 :
1440 2867 1648 2922 scilicet
1681 2868 1851 2938 signis
1883 2883 1970 2924 res

389 2963 512 3019 quae
540 2952 880 3019 portenditur
902 2955 1316 3024 circumscripta
1343 2967 1460 3021 est;
1492 2971 1654 3028 atque
1677 2960 1791 3015 hate
1819 2975 1972 3015 asse-

387 3043 606 3112 quendo
637 3061 807 3115 scopo
840 3048 1136 3102 sufﬁciunt.
1189 3048 1387 3104 Totum
1437 3053 1638 3121 quippe
1693 3053 1966 3117 negotium

389 3135 555 3204 gladii
597 3137 706 3192 duo
735 3138 910 3192 oculis
937 3140 1256 3208 subjiciunt,
1292 3150 1346 3195 et
1372 3143 1502 3211 quid
1534 3143 1636 3198 sibi
1663 3143 1789 3196 velit
1826 3159 1970 3213 sym-

387 3225 571 3280 bolum
608 3228 966 3296 patefaciunt.
1019 3231 1171 3284 Alter
1223 3232 1368 3286 enim
1420 3233 1630 3300 gladius
1679 3232 1973 3287 Dominica:

389 3315 659 3382 paSsionis
711 3315 890 3384 imago
937 3329 1074 3381 erat,
1126 3320 1264 3373 alter
1295 3321 1576 3386 Evangelii
1607 3323 1968 3389 genuinorum

387 3414 443 3459 et
475 3405 591 3459 sine
616 3404 738 3460 fuco
772 3408 1192 3477 discipulorum,
1221 3413 1314 3480 qui
1341 3413 1556 3466 cunctis
1587 3413 1728 3467 infra
1758 3414 1971 3468 Domini

389 3493 714 3549 charitatem
749 3495 965 3562 locatis,
1001 3499 1362 3553 novissimum
1406 3515 1626 3570 quoque
1673 3503 1969 3557 amiculum

389 3594 625 3650 exuunt,
683 3595 846 3654 atque
880 3587 1029 3642 omni
1074 3591 1318 3643 terrestri
1364 3605 1442 3652 re,
1484 3592 1596 3645 imo
1627 3602 1681 3648 et
1725 3594 1840 3662 ipsa
1875 3609 1972 3650 na-

389 3687 532 3743 tura,
560 3679 770 3743 nudati,
821 3680 984 3735 simul
1015 3697 1078 3736 ac
1121 3681 1340 3736 Occasio
1388 3683 1624 3740 athletas
1653 3696 1866 3750 evocat,
1901 3685 1970 3740 ad

391 3785 582 3826 necem
617 3786 716 3842 pro
749 3770 950 3826 dilecto
979 3781 1206 3828 ovantes
1241 3775 1553 3830 convolant.

458 4015 547 4079 {4.
580 4024 758 4094 Atque
787 4023 861 4078 ita
891 4025 1005 4081 haec
1034 4026 1199 4081 etiam
1231 4043 1352 4097 qua:
1373 4028 1428 4082 in
1465 4030 1716 4085 manibus
1745 4041 1830 4087 est
1856 4032 1971 4089 dis-

383 4118 595 4188 putatio
641 4117 1057 4171 consonantiam
1091 4118 1363 4173 dictorum
1413 4119 1778 4186 demonstrat,
1826 4124 1967 4179 haud

383 4205 635 4276 equidem
651 4218 1008 4273 personarum
1027 4205 1350 4270 differentia,
1375 4223 1538 4276 quam
1565 4210 1768 4265 divinae
1785 4209 1970 4280 Scrip-

383 4305 522 4349 tura:
557 4296 760 4350 locutio
818 4294 907 4351 hic
941 4312 1049 4350 non
1082 4299 1310 4366 patitur,
1363 4301 1457 4353 sed
1496 4305 1966 4370 consequentibus

385 4384 564 4448 factis,
599 4392 652 4438 et
677 4387 1054 4454 progrediente
1085 4390 1358 4443 sermonis
1384 4391 1576 4444 ordine
1607 4392 1962 4461 symbolicani

386 4475 677 4528 verborum
729 4475 1181 4545 significationem
1224 4480 1498 4546 aperiens.
1548 4480 1800 4536 Profecto
1844 4484 1968 4539 licet

389 4580 496 4620 non
525 4565 701 4620 solum
750 4568 1019 4636 praedictis
1068 4568 1246 4624 modis
1291 4572 1732 4627 srmulamentum
1779 4591 1972 4644 pugna:

383 4671 733 4728 c0guoscere,
763 4658 857 4711 sed
888 4659 1008 4712 aliis
1034 4661 1198 4713 etiam
1225 4663 1394 4716 multo
1427 4663 1516 4728 iis,
1543 4666 1638 4732 qui
1667 4667 1794 4721 dicti
1822 4678 1969 4734 sunt,

382 4749 655 4818 pluribus,
681 4764 919 4817 quorum
953 4751 1223 4820 expositio
1258 4763 1424 4824 atque
1468 4759 1775 4824 pet-censio,
1807 4775 1972 4829 pecu-

381 4841 536 4896 liaris
580 4842 887 4910 cujusdam,
937 4857 1046 4895 non
1103 4847 1407 4912 praasentis,
1463 4851 1806 4906 tractationis
1860 4865 1964 4907 est.

380 4929 524 4984 Nihil
559 4939 740 4984 tamen
789 4934 1250 5000 vetatquominus
1279 4936 1488 5004 aliquot
1512 4941 1963 5011 perstringamus,

381 5025 477 5092 qui
502 5024 666 5077 etiam
700 5024 978 5078 nonnullis
1011 5023 1132 5077 aliis
1155 5024 1591 5083 dubitatiouibus
1623 5034 1750 5097 tuis,
1774 5036 1818 5087 si
1842 5035 1966 5102 quis

335 5131 342 5136 '
380 5133 494 5171 rem
531 5127 710 5172 tecum
750 5119 1143 5186 considerabit,
1181 5124 1594 5190 responsionem
1649 5131 1968 5198 suppedita—

377 5209 538 5262 bunt.
563 5209 701 5264 Nam
736 5210 903 5264 multa
938 5226 1150 5276 eorum,
1193 5227 1315 5282 quae
1356 5214 1579 5270 minime
1608 5219 1746 5273 inter
1769 5237 1829 5275 se
1858 5237 1960 5290 pu-

378 5303 565 5370 gnant,
595 5301 641 5354 si
682 5303 880 5370 partim
915 5302 1218 5357 secundum
1269 5308 1634 5361 (Bconomiam
1684 5311 1954 5380 dicantur,

378 5392 570 5460 partim
606 5395 902 5446 secundum
926 5400 1137 5447 natura:
1161 5395 1435 5459 ordinem,
1466 5407 1633 5468 tuque
1657 5415 1721 5454 ea
1741 5403 1964 5460 minime

377 5482 682 5547 discemus,
704 5483 1155 5539 contradictionis
1175 5484 1360 5541 fucum
1385 5487 1604 5544 facient.
1630 5488 1961 5549 (Economia

2075 477 2209 546 ἐμοῦ
2246 477 2464 547 σφαγήν
2487 491 2499 504 ·
2533 477 2722 546 ἕψεται
2742 479 2960 544 πάντως
2980 481 3109 552 ὑμῖν
3137 485 3456 557 προθύμους
3490 485 3653 553 εἶναι,

2075 569 2170 620 καὶ
2211 567 2274 621 τὸ
2301 567 2524 638 ἔσχατον
2550 569 2845 624 ἀποδοῦναι
2874 574 3244 644 περιϐόλαιον,
3289 579 3385 630 καὶ
3421 579 3654 645 ἀλλάξαι

2075 659 2198 711 σθαι
2229 659 2327 728 τῆς
2355 658 2500 729 ζωῆς
2526 659 2619 712 τὸν
2649 660 2789 731 ὑπὲρ
2819 663 2955 732 ἐμοῦ
3014 663 3268 722 θάνατον,
3327 669 3498 723 Τοῦτο
3550 674 3654 743 γὰρ

2076 750 2331 820 σημαίνοι
2369 749 2434 803 ἂν
2466 751 2578 803 τῶν
2619 752 2926 822 εἰρημένων
2981 756 3200 810 πάντων
3257 759 3656 833 εὑστοχώτερον

2072 840 2133 891 τὸ
2181 839 2462 908 βαλάντιον
2501 840 2575 910 μὴ
2607 840 2774 911 ἔχειν,
2806 843 2900 896 καὶ
2952 846 2985 915 ἡ
3021 845 3134 924 τοῦ.
3160 848 3380 916 ἱματίου
3433 853 3653 924 πρᾶσις,
3719 848 3739 864 ¹

2073 930 2169 982 καὶ
2198 930 2232 999 ὴ
2266 929 2508 999 μάχαιρα
2537 947 2549 959 ·
2581 929 2782 983 ὡσανεὶ
2816 932 2947 985 ὅταν
2980 951 3088 1005 περ
3115 936 3236 990 οὐδέ
3278 937 3373 991 τοῦ
3425 940 3650 1008 ἐσχάτου

2072 1022 2424 1091 περιϐολαίου
2485 1023 2514 1074 ὁ
2551 1022 2650 1092 τὴν
2694 1025 2794 1093 τῆς
2853 1024 3240 1099 άκτημοσύνης
3287 1030 3649 1100 τελεσάμενος

2075 1115 2342 1186 φείσεται,
2374 1115 2510 1169 ἀλλὰ
2538 1120 2762 1170 κακεῖνο
2797 1118 2960 1172 δώσει
2991 1122 3188 1190 χωρῶν
3227 1123 3488 1194 εὐθύμως
3517 1128 3650 1195 πρδς

2076 1210 2368 1278 μάχαιραν.
2396 1209 2486 1261 Διὸ
2517 1211 2576 1262 οὐ
2632 1213 2987 1276 πωλησάτω,
3037 1214 3225 1282 φησιν,
3254 1216 3373 1269 οὐδὲ
3437 1219 3653 1286 ἁγορα-

2073 1299 2257 1366 σάτω,
2288 1300 2422 1353 ἀλλὰ
2455 1301 2728 1366 πωλήσει
2759 1302 2851 1356 καὶ
2901 1303 3188 1372 ἀγοράσει
3218 1321 3233 1336 ·
3285 1306 3403 1377 ἅμα
3440 1309 3542 1377 μὲν
3591 1312 3651 1364 οὗ

2073 1392 2257 1460 νόμον,
2288 1389 2398 1442 οὐδ’
2429 1391 2711 1459 ἐπίταγμα
2757 1393 2826 1444 τὰ
2859 1391 3082 1461 ῥήματα
3111 1394 3301 1458 ποιῶν,
3329 1395 3448 1464 ἅμα
3475 1396 3532 1450 δέ
3563 1399 3658 1451 καὶ

2073 1482 2135 1534 τὸ
2174 1481 2366 1550 μέλλον
2396 1479 2788 1552 προαγορεύων
2815 1498 2830 1512 ·
2855 1477 2985 1546 οἷον,
3014 1483 3129 1536 Οὐκ
3161 1483 3462 1546 ἐπιτάσσω,
3489 1487 3650 1556 φησὶ,

2073 1573 2232 1626 τοῦτο
2259 1571 2534 1640 γένεσθαι,
2565 1571 2680 1625 ἁλλ’
2705 1571 2860 1634 εἰδὼς
2890 1573 2950 1625 τὸ
2979 1574 3342 1644 γενησόμενον
3373 1577 3652 1646 προλέγω,

2073 1665 2204 1734 ὼςή
2239 1663 2338 1734 τῆς
2371 1663 2593 1731 ἐντολῆς
2624 1663 2841 1734 φυλακὴ
2882 1665 2978 1718 καὶ
3031 1665 3092 1717 τὺ
3125 1665 3350 1736 ἔσχατόν
3406 1685 3510 1720 που
3563 1671 3658 1722 καὶ

2001 1739 2040 1792 Β
2073 1756 2217 1827 μέγα
2248 1757 2376 1825 ὑμῖν
2418 1755 2834 1827 προύπογράφει
2867 1757 3199 1827 κατόρθωμα
3235 1773 3250 1789 ·
3308 1759 3490 1830 ἐκείνη
3547 1760 3660 1831 γάρ

2069 1851 2248 1902 πείσει
2299 1847 2503 1902 καὶτὸν
2533 1847 2676 1918 ὑπὲρ
2727 1846 2864 1917 ἐμοῦ
2915 1848 3145 1901 θάνατον
3195 1849 3371 1920 ἡδέως
3419 1851 3656 1914 ἑλέσθαι,

2065 1940 2126 1992 τὸ
2163 1942 2343 2010 πάσης
2381 1941 2524 2008 ὑμᾶς
2559 1939 2818 2008 βιωτικῆς
2847 1939 3161 2004 ἐλευθέρους
3194 1936 3331 1994 εἶναι
3361 1943 3660 2012 μερίμνης,

2072 2029 2208 2100 πρὸς
2237 2030 2298 2082 τὺ
2348 2030 2514 2100 μηδὲν
2549 2028 2974 2100 ἐπιστρέφεσθαι
3034 2029 3143 2081 τῶν
3197 2030 3549 2099 σωματικῶν,
3600 2032 3662 2084 τὸ

2068 2123 2246 2176 πάντα
2267 2121 2403 2192 πρὸς
2431 2121 2530 2193 τὴν
2559 2121 2696 2192 ἐμὴν
2719 2120 3008 2192 ἀναφέρειν
3039 2119 3353 2190 θεραπείαν.
3379 2122 3502 2175 Ὅτι
3521 2122 3578 2175 δὲ
3595 2126 3659 2176 οὐ

2071 2211 2472 2282 μᾶλλονέτέρου
2498 2211 2640 2276 τινὸς
2679 2212 2838 2281 χάριν
2867 2211 2964 2274 τὰς
2995 2211 3270 2282 μαχαίρας
3297 2210 3411 2264 ότὰ
3439 2213 3534 2265 ἀπ’
3556 2215 3659 2284 ἁρ-

2067 2307 2169 2376 χῆς
2203 2305 2564 2376 προϐλήματα
2581 2304 2953 2374 φθεγγόμενος
2984 2305 3431 2373 αἰνιγματίςεται
3474 2305 3659 2373 λόγος,

2067 2397 2102 2468 ἢ
2138 2396 2405 2466 σύμϐολον
2437 2395 2608 2458 αὑτὰς
2625 2396 2994 2466 πεποιημένος
3026 2397 3119 2450 τοῦ
3145 2413 3202 2448 τε
3219 2397 3419 2450 οἰκείου
3451 2397 3662 2462 πάθους

2069 2487 2164 2541 καὶ
2196 2486 2300 2540 τῶν
2338 2486 2618 2557 μαθητῶν,
2653 2484 2840 2555 σαφῶς
2869 2486 3272 2540 άναπτύσσεται
3295 2491 3408 2550 τοῖς
3433 2487 3659 2558 ἐφεξῆς.

2079 2578 2560 2649 Ἀποκριναμένων
2598 2578 2707 2648 γάρ
2725 2579 2832 2630 τῶν
2865 2577 3128 2648 μαθητῶν
3158 2579 3233 2642 ὡς
3264 2579 3534 2648 μάχαιραι
3564 2581 3660 2632 δύο

2072 2671 2234 2736 εἰσὶν,
2267 2668 2380 2722 οὔθ’
2418 2669 2607 2738 ἐτερόν
2629 2686 2682 2721 τι
2744 2667 3136 2739 προσαπῄτησε
3161 2669 3292 2739 παρ’
3319 2669 3516 2731 αὐτῶν,
3548 2665 3663 2722 οἷον

2075 2763 2293 2832 ἱμάτιον
2327 2761 2599 2829 πωλῆσαι,
2629 2761 2662 2831 ἦ
2689 2762 2799 2822 τοῖς
2817 2760 2998 2830 ἔχουσι
3019 2760 3078 2812 τὺ
3101 2761 3402 2828 βαλάντιον,
3429 2763 3478 2814 εί
3505 2763 3600 2815 καὶ
3623 2763 3661 2834 ἡ

2072 2855 2225 2922 πὴρα
2255 2852 2677 2924 προσείληπται,
2718 2850 2841 2904 οὔτε
2877 2850 3014 2922 πρὸς
3053 2851 3221 2920 ἄλλην
3251 2850 3492 2924 διάνοιαν
3528 2869 3661 2921 μετο

2072 2944 2344 3006 εϐίϐασεν,
2377 2943 2491 2997 ἀλλ’
2540 2944 2746 2996 Ἱκανόν
2775 2944 2913 3008 ἐστι,
2974 2943 3144 3014 φησίν
3171 2959 3184 2974 ⁸
3213 2943 3333 2996 ἀντὶ
3375 2942 3469 2996 τοῦ
3501 2960 3664 3015 περι-

2077 3036 2295 3106 εγράφη
2331 3038 2444 3098 τοῖς
2471 3052 2533 3086 συ
2543 3035 2761 3103 μϐόλοις
2782 3035 2843 3086 τὸ
2864 3035 3220 3104 μηνυόμενον,
3235 3033 3331 3087 καὶ
3349 3034 3662 3104 ἀρκούντως

2075 3127 2187 3198 ἔχει
2215 3126 2568 3196 παραστῆσαι
2593 3126 2768 3180 ταῦτα
2794 3127 2884 3179 τὸν
2914 3126 3140 3180 σκοπόν.
3176 3127 3242 3179 At
3289 3125 3399 3196 γὰρ
3427 3125 3524 3180 δύο
3551 3129 3656 3197 μά-

2074 3235 2261 3289 χαιραι
2288 3217 2384 3287 τὴν
2424 3219 2615 3288 χρείαν
2641 3218 2776 3288 ὅλην
2809 3219 3207 3288 ὑπογράφουσι,
3238 3220 3332 3270 καὶ
3389 3219 3482 3271 τοῦ
3518 3235 3659 3288 συμ-

2073 3309 2232 3362 ϐόλου
2259 3310 2320 3362 τὸ
2359 3309 2607 3379 βούλημα
2635 3309 3012 3378 διαγγέλλουσι
3040 3325 3055 3340 ο
3098 3309 3194 3363 καὶ
3223 3310 3331 3378 γὰρ
3391 3310 3597 3364 τούτων
3626 3312 3662 3384 ἡ

2073 3403 2174 3466 μὲν
2207 3401 2523 3472 παραϐολὴν
2557 3404 2744 3471 ἐπεῖχε
2774 3400 2868 3454 τοῦ
2899 3401 3222 3454 δεσποτικοῦ
3275 3403 3504 3467 πάθους,
3540 3403 3655 3474 ἠδὲ

2071 3492 2180 3546 τῶν
2224 3493 2463 3564 γνησίων
2501 3510 2561 3546 τε
2589 3494 2683 3547 καὶ
2712 3492 2788 3556 ὡς
2819 3493 3038 3562 άληθῶς
3064 3492 3158 3546 τοῦ
3203 3493 3361 3561 λόγον
3398 3494 3660 3564 μαθητῶν

2072 3580 2152 3648 οἷς
2183 3583 2399 3638 ἅπαντα
2419 3585 2517 3652 τῆς
2533 3585 2611 3645 εἰς
2635 3583 2696 3635 τὸ
2716 3583 2993 3653 Δεσπότην
3008 3583 3220 3647 εὐνοίας
3237 3583 3660 3654 ἀλλασσομένοις

2073 3678 2168 3730 καὶ
2193 3675 2331 3746 αὐτὴ
2345 3675 2858 3747 προσαποδεύεταιή
2888 3676 3175 3730 τελευταία
3215 3677 3474 3748 περιϐολή
3503 3694 3519 3710 ·
3561 3696 3662 3746 γυ-

2077 3772 2203 3838 μνοὶ
2229 3769 2291 3822 δὲ
2317 3770 2428 3822 τῶν
2461 3769 2778 3838 περιγείων,
2808 3768 2944 3821 ἀλλά
2980 3769 3074 3822 καὶ
3098 3770 3265 3838 αὐτῆς
3293 3769 3389 3840 τῆς
3423 3769 3660 3838 φύσεως,

2071 3859 2354 3930 χαίροντες
2383 3859 2619 3930 ἔδραμον
2653 3860 2786 3928 πρὸς
2832 3857 3104 3930 τὴν,ὃταν
3161 3860 3189 3912 ὁ
3231 3859 3420 3930 καιρὸς
3474 3859 3661 3913 ἐκάλει

2069 3951 2197 4011 τοὺς
2237 3948 2495 4019 ἀθλητὰς,
2528 3949 2668 4019 ὑπὲρ
2699 3948 2792 4002 τοῦ
2841 3947 3175 4017 ποθουμένου
3212 3951 3444 4018 σφαγήν.

2143 4039 2225 4092 ιδ’.
2268 4039 2431 4093 Ἀλλὰ
2462 4039 2724 4108 τοιαύτην
2758 4038 2857 4108 μὲν
2888 4041 2981 4092 καὶ
3009 4041 3042 4109 ή
3077 4037 3172 4091 νῦν
3195 4039 3300 4092 τῶν
3331 4038 3512 4109 ῥητῶν
3560 4039 3661 4109 τὴν

2071 4130 2392 4200 συμφωνίαν
2419 4129 2681 4182 δεικνῦσα
2707 4129 2929 4200 θεωρία,
2963 4131 3026 4201 τῇ
3050 4129 3149 4200 μὲν
3184 4129 3293 4184 τῶν
3349 4131 3662 4200 προσώπων

2069 4222 2130 4274 οὐ
2186 4222 2510 4292 χρησαμένη
2534 4221 2790 4293 διαφορᾷ,
2821 4222 2902 4274 ὅτι
2934 4221 3058 4290 μηδ’
3079 4221 3351 4291 ἐπέτρεπε
3377 4220 3540 4275 τοῦτο
3560 4227 3662 4292 τῆς

2072 4314 2221 4382 ίερᾶς
2253 4313 2475 4383 Γραφῆς
2498 4315 2530 4383 ἠ
2556 4313 2732 4384 φωνὴ,
2790 4313 2881 4366 ὑπ’
2907 4313 3085 4368 αὐτῶν
3124 4313 3181 4366 δὲ
3203 4313 3310 4366 τῶν
3360 4313 3663 4386 ἐκϐεϐηκό-

2069 4418 2176 4456 των
2216 4405 2557 4474 πραγμάτων
2593 4403 2689 4457 καὶ
2737 4404 2836 4474 τῆς
2892 4403 3232 4474 καθέἱρμδν
3279 4405 3507 4476 προόδου
3562 4407 3660 4458 τοῦ

2070 4495 2230 4563 λόγου
2269 4498 2369 4564 τὴν
2393 4495 2724 4567 συμϐολικὴν
2751 4495 2860 4548 τῶν
2903 4497 3164 4567 ῥημάτων
3197 4498 3474 4566 σημασίαν
3521 4501 3660 4553 ἅνα-

2079 4586 2422 4642 πτύσσουσα.
2459 4587 2615 4640 Ἔστι
2663 4588 2760 4657 μὲν
2800 4583 2915 4654 οὖν,
2967 4588 3112 4640 ἐστιν
3142 4589 3202 4642 οὐ
3229 4589 3371 4640 κατὰ
3403 4590 3528 4652 τοὺς
3585 4593 3662 4654 εἰ.»

2072 4677 2342 4746 ρημένους
2379 4677 2540 4747 μόνον
2571 4679 2812 4748 τρόπους
2853 4679 2954 4749 τὴν
2987 4680 3289 4748 φαντασίαν
3316 4680 3418 4750 τῆς
3473 4680 3656 4752 μάχης

2069 4767 2396 4821 ἀπαντῶσαν
2425 4769 2637 4834 λαϐεῖν,
2675 4769 2813 4822 ἀλλὰ
2846 4770 2942 4824 καλ⁸
2969 4774 3090 4824 κατ’
3119 4770 3315 4834 ἄλλους
3347 4771 3526 4842 πολλῷ
3547 4771 3659 4826 τῶν

2067 4861 2374 4932 εἰρημένων
2402 4862 2674 4925 πλείονας,
2727 4855 2861 4933 ὧνή
2899 4864 3237 4933 στοιχείωσις
3293 4864 3388 4917 καὶ
3454 4880 3659 4932 συγκει-

2068 4953 2372 5018 φαλαίωσις
2403 4953 2738 5024 ίδιαζούσης,
2785 4955 2899 5008 ἀλλ’
2930 4955 3053 5025 οὐχὶ
3097 4956 3197 5025 τῆς
3227 4954 3322 5007 νῦν
3346 4957 3495 5008 ἐστιν
3520 4957 3656 5009 ὑπο-

2067 5045 2288 5108 θέσεως.
2322 5046 2469 5118 Πλὴν
2494 5048 2650 5101 οὐδὲν
2689 5048 2889 5102 κωλύει
2941 5048 3034 5102 καί
3088 5065 3241 5112 τινας
3277 5048 3458 5102 αὐτῶν
3513 5049 3654 5101 διελ-

2069 5134 2204 5200 θεῖν,
2240 5137 2290 5188 oi
2316 5139 2410 5204 καὶ
2447 5140 2584 5209 προς
2623 5139 2760 5193 ἄλλα
2791 5140 2915 5193 τινὰ
2945 5141 3055 5193 τῶν
3109 5140 3218 5193 σῶν
3280 5141 3656 5211 ἁπορημάτων

2066 5229 2178 5288 τοῖς
2217 5231 2680 5284 συνεπισκοποῦσι
2713 5232 2880 5302 πόρον
2910 5233 3261 5303 παρέχονται.
3321 5231 3500 5285 Πολλά
3555 5233 3656 5302 μὲν

2068 5317 2177 5388 γὰρ
2202 5317 2312 5371 τῶν
2339 5319 2401 5373 οὐ
2439 5323 2782 5392 μαχομένων,
2809 5322 2875 5376 ἂν
2899 5324 2961 5376 τὸ
2991 5325 3089 5393 μὲν
3113 5325 3395 5394 οἰκονομία
3416 5325 3572 5398 λέγῃ,
3593 5326 3656 5379 τὸ

2068 5410 2126 5463 δὲ
2159 5410 2257 5481 τῆς
2296 5411 2511 5479 φύσεως
2549 5413 2611 5467 τὸ
2638 5415 2960 5479 ἀκόλουθον,
2993 5419 3056 5470 σὺ
3091 5417 3147 5471 δέ
3212 5417 3286 5488 μὴ
3323 5416 3654 5494 διαστείλῃςι

2073 5500 2282 5572 πλάνην
2313 5507 2459 5557 ποιεῖ
2514 5505 2843 5570 ἀντιθέσεως
2891 5508 3170 5579 οἰκονομία
3204 5509 3314 5579 (10)
3371 5508 3428 5562 δὲ
3454 5509 3659 5578 λέγοιτ’

448 5665 564 5740 (10)
596 5667 671 5725 De
701 5670 804 5726 hoc
827 5685 986 5728 sacro
1021 5673 1284 5760 vocabulo
1325 5672 1531 5729 multus
1573 5683 1656 5730 est
1710 5587 2390 5748 Suicerﬁgi‘huauro,
2417 5701 2581 5756 quem
2613 5702 2739 5742 cum
2771 5687 2953 5753 fructu
2978 5691 3175 5747 adibis.
