3976 6222
347 245 423 307 65
1473 247 1573 306 ΑΙ)
1597 244 1909 304 ΑΜΡΗΙΙΑ(

2012 244 2191 304 nUM
2219 245 2563 316 QU/ESTIO
2595 249 2635 308 ι.
2939 338 2946 344 θ
3554 253 3625 317 es

337 361 411 414 ἂν
443 357 652 430 κυρίως
695 358 793 429 μὲν
824 361 859 429 ἠ
892 358 987 413 τοῦ
1038 360 1213 428 Λόγου
1258 359 1520 430 φρικτικὴ
1563 356 1705 426 ὑπὲρ
1735 355 1909 408 ὲννοία

2012 369 2179 412 ινειιὈ
2228 355 2605 425 principaliter
2648 359 2851 414 dicitur
2913 360 3073 417 Verbi
3110 363 3419 423 iucarnatio
3458 387 3625 443 supra

339 450 784 521 ἑνανθρώπησις.
812 451 923 505 Καὶ
944 450 1069 505 καθ’
1092 452 1278 524 ἕτερον
1312 451 1367 504 δὲ
1398 451 1600 520 τρόπον
1643 447 1752 501 τῶν
1776 447 1935 516 ἀκρι-

332 542 618 612 ϐεστέρων
647 542 829 612 νόμων
856 544 889 613 ή
922 542 1011 595 ἐπί
1031 558 1154 597 τινα
1178 543 1373 613 χρόνον
1418 538 1686 609 ὑποστολὴ
1708 539 1740 609 ἦ
1766 537 1930 608 σχολὴ

333 635 371 702 ἢ
414 634 529 686 τῶν
560 634 866 703 ἀνειμένων
896 635 1128 705 εἰσφορὰ
1158 634 1293 706 πρὸς
1316 634 1415 702 τὴν
1470 631 1579 685 τῶν
1624 631 1928 701 δεχομένων

332 725 654 789 ἀσθένειαν,
683 726 1147 797 διοικονομοῦντος
1177 726 1270 779 τοῦ
1326 723 1618 795 νομοθέτου
1650 723 1710 774 τὸ
1760 722 1932 792 πρόσ-

332 834 553 886 ταγμα.
586 816 974 888 Προκύπτουσι
999 818 1055 869 δὲ
1085 818 1184 886 τῆς
1218 815 1441 885 πρώτης
1470 812 1805 883 οἰκονομίας,
1850 811 1932 863 οὐ·

330 907 388 959 δὲ
424 910 524 979 τῆς
569 907 827 978 δευτέρας
860 907 1094 978 ἐχούσης
1125 908 1185 959 τὸ
1238 905 1564 976 ἀδιαίρετον,
1624 904 1718 955 καὶ
1778 901 1929 954 ἄλλοι

330 999 532 1067 τρόποι
561 997 827 1069 διάφοροι.
880 998 1089 1051 Αὐτίκα
1146 1000 1173 1052 ό
1208 998 1398 1067 Σωτὴρ
1450 995 1660 1067 ἠγωνία
1718 1011 1778 1046 τε
1832 993 1928 1046 καὶ

332 1090 641 1159 παρῃτεῖτο
692 1089 785 1140 τὸν
810 1088 1061 1153 θάνατον,
1112 1086 1249 1142 ἀλλὰ
1275 1088 1370 1141 καὶ
1402 1085 1648 1150 ἐξουσίαν
1669 1080 1783 1155 εἶχε
1816 1085 1925 1136 θεῖ-

326 1199 428 1236 ναι
455 1184 554 1253 τὴν
591 1182 771 1252 ψυχὴν
795 1181 960 1235 αὐτοῦ
996 1181 1093 1234 καὶ
1120 1181 1285 1234 πάλιν
1336 1181 1523 1233 λαϐεῖν
1563 1180 1756 1249 αὑτήν.
1815 1176 1924 1229 Καὶ

324 1278 441 1348 ὅρα
481 1279 580 1342 ὡς,
609 1280 661 1331 εῖ
686 1295 769 1341 τις
798 1279 873 1348 μὴ
906 1278 968 1331 τὸ
1000 1277 1099 1346 μὲν
1142 1280 1211 1348 τῇ
1237 1274 1521 1346 οἰκονομίᾳ
1568 1274 1705 1345 δοίη,
1743 1274 1813 1328 τὰ
1864 1273 1922 1326 δὲ

322 1372 399 1441 τῇ
433 1370 656 1440 ἐξουσίᾳ
692 1372 757 1439 τῇ
783 1368 960 1439 θεῖκῇ,
989 1369 1183 1422 ἑαυτὸν
1208 1358 1332 1430 ’τοῖς
1362 1366 1630 1430 ἐναντίοις
1663 1364 1921 1436 περιτρέ-

321 1462 477 1530 Qus.
514 1462 625 1516 Καὶ
656 1463 717 1514 τό
749 1478 813 1529 γε
871 1461 965 1514 νῦν
1000 1461 1104 1532 τῆς
1144 1459 1456 1530 οἰκονομίας
1494 1459 1663 1529 ὄνομα
1721 1458 1919 1527 φύεται

325 1554 461 1621 μὲν,
490 1553 681 1624 ὥσπερ
711 1556 951 1624 εἴρηται,
982 1554 1090 1608 ἀπό
1116 1571 1180 1622 γε
1208 1556 1305 1624 τῆς
1337 1553 1605 1624 δηλούσης
1636 1552 1738 1622 τὴν
1757 1553 1917 1605 ὲναν-

2037 461 2256 501 onmem
2274 447 2686 519 intelligentiam
2708 453 3067 511 admirabilis.
3098 456 3310 515 Rursus
3326 462 3435 517 alio
3459 468 3625 522 modo

2037 539 2343 592 (economia
2369 540 2685 610 intelligitur
2713 546 2885 598 severi
2913 546 3057 615 juris
3078 548 3146 601 ad
3169 560 3375 605 certum
3408 562 3624 626 tempus

2035 631 2294 685 remissio
2327 633 2777 704 atquejustitiuiu
2803 655 2819 705 ;
2841 640 2923 693 vel
2953 641 3117 694 etiam
3144 641 3469 701 immunium
3491 664 3625 718 pen-

2033 724 2218 778 sitatio
2244 736 2467 795 propter
2489 742 2666 797 aegros
2695 732 3070 800 recipientium
3101 735 3316 793 animos
3348 741 3613 809 praestita;

2030 813 2113 869 sic
2136 814 2388 869 videlicet
2409 815 2723 886 legislature
2746 823 3060 877 mandatum
3084 840 3247 880 suum
3268 829 3610 886 moderante.

2029 904 2315 962 Exsistunt
2346 917 2531 963 autem
2563 926 2595 965 e
2625 912 2808 980 priore
2838 916 3147 970 oeconomia
3197 916 3402 989 (neque
3437 932 3623 991 poste-

2029 997 2143 1051 rior
2180 997 2292 1067 ipsa
2324 998 2609 1071 abhorret)
2634 1003 2728 1057 alii
2759 1019 2984 1074 quoque
3006 1008 3153 1061 modi
3184 1008 3388 1078 plures.
3418 1011 3620 1067 Exem-

2027 1088 2097 1158 pli
2126 1103 2316 1153 causa,
2338 1087 2599 1146 Servatur
2628 1092 2681 1147 in
2712 1096 2905 1165 agonia
2926 1099 3135 1165 positus
3165 1109 3396 1155 mortem
3426 1102 3622 1173 depre-

2027 1178 2253 1232 cabatur
2273 1179 2313 1233 ⁸.
2342 1177 2505 1249 Atqui
2534 1182 2673 1237 idem
2698 1194 3017 1253 potestatem
3048 1188 3283 1243 habebat
3315 1190 3619 1259 deponendi

2025 1268 2285 1331 animam,
2336 1278 2502 1339 atque
2550 1270 2747 1328 iterum
2805 1277 3055 1331 sumendi
3124 1293 3244 1333 eam
3285 1280 3324 1333 ’.
3364 1279 3618 1345 Censtat,

2024 1361 2129 1414 nisi
2215 1363 2340 1433 quis
2426 1366 2581 1435 prius
2686 1367 2823 1422 illud
2914 1371 3238 1424 oeconomiae
3336 1373 3614 1440 ascribat,

2019 1454 2253 1509 alterum
2326 1446 2457 1515 vero
2511 1450 2709 1514 divinae
2768 1464 3048 1529 potestati,
3101 1462 3276 1531 ipsum
3340 1480 3401 1521 se
3478 1482 3615 1524 con-

2019 1546 2433 1605 tradictionibus
2514 1551 2947 1621 implicaturum.
3023 1552 3087 1606 Et
3160 1555 3265 1611 hoc
3311 1556 3433 1613 loco
3489 1560 3615 1628 qui-

322 1646 641 1716 Θρώπησιν,
661 1648 786 1718 ῆτις
802 1648 898 1700 καὶ
923 1646 1130 1717 κυρίως
1158 1646 1223 1699 ἂν
1255 1644 1349 1699 καὶ
1374 1643 1606 1716 πρώτως
1630 1642 1909 1713 οἰκονομία

2018 1636 2137 1691 dem
2186 1642 2510 1697 (ecnnomiaa
2561 1643 2782 1697 nomine
2824 1643 3169 1713 intelligitur,
3225 1655 3285 1701 ut
3343 1647 3605 1708 diximus.

316 1739 408 1807 τῷ
433 1736 703 1809 ἀξιώματί
742 1755 803 1792 τε
822 1739 918 1792 καὶ
951 1738 1031 1809 τῷ
1062 1738 1222 1808 αἰτίῳ
1244 1737 1346 1806 τῆς
1385 1737 1443 1803 ἐξ
1477 1734 1649 1806 αὐτῆς
1682 1735 1909 1803 λέγοιτο·

2019 1729 2344 1796 incarnatio,
2393 1749 2517 1803 quas
2584 1737 2855 1804 praecipue
2919 1737 3284 1807 primitusque
3346 1741 3417 1794 oh
3491 1742 3613 1812 dig-

317 1828 389 1878 οὐ
427 1827 533 1898 μὴν
558 1829 639 1890 εἰς
665 1827 786 1880 ὅλον
820 1827 1007 1899 ἐκείνῃ
1036 1825 1345 1896 συμφύεται
1364 1840 1380 1855 ο
1424 1823 1671 1895 σχίζεται
1697 1822 1807 1891 γὰρ
1842 1821 1923 1884 εἰς

312 1917 426 1971 δύο
458 1920 599 1982 τέως
629 1919 723 1973 καὶ
762 1919 935 1989 αὕτηο
979 1920 1077 1973 καὶ
1104 1919 1167 1971 τὸ
1201 1918 1299 1979 μὲν
1338 1917 1509 1987 αὐτῆς
1551 1916 1646 1969 ἐπὶ
1697 1913 1918 1985 μᾶλλον,

314 2010 389 2061 τὸ
430 2010 489 2063 δὲ
522 2010 613 2064 ἐπ’
639 2011 863 2065 ἔλαττον
894 2011 974 2081 τῷ
1045 2010 1433 2081 σημαινομένῳ
1496 2006 1917 2078 συμϐιϐἀζεται.

308 2102 387 2183 βξ
427 2103 526 2170 μὲν
558 2103 667 2174 γάρ
694 2120 778 2166 τις
814 2106 916 2175 τὴν
955 2104 1197 2173 ἀγωνίαν
1246 2102 1342 2156 καὶ
1382 2102 1482 2171 τὴν
1519 2099 1614 2154 τοῦ
1686 2100 1919 2153 θανάτου

214 2216 219 2217 ί
316 2196 662 2266 παραίτησιν
692 2196 815 2249 καθ’
848 2197 876 2249 ὃ
908 2198 1132 2265 γέγονεν
1164 2195 1449 2266 ἄνθρωπος
1486 2193 1671 2248 λαῦεῖν
1729 2191 1920 2261 ἐθελή-

312 2301 433 2349 σοι,
474 2277 786 2355 οἰκονομίαν
818 2286 1054 2341 ἐνταῦθα
1080 2288 1179 2358 τὴν
1226 2286 1427 2355 μᾶλλον
1491 2284 1918 2357 προσφυομένην

309 2376 438 2441 ἔξει
471 2376 548 2446 τῷ
577 2377 943 2448 προταχθέντι
972 2379 1179 2449 ῥήματι
1198 2395 1212 2410 ·
1245 2381 1295 2432 εἰ
1319 2378 1364 2431 δ’
1389 2378 1629 2449 ἀγωνιᾷν
1650 2378 1745 2430 καὶ
1776 2392 1916 2446 παρ-

310 2470 598 2523 αιτεῖσθαι
628 2470 720 2523 τὸν
755 2471 1008 2535 θάνατον,
1040 2471 1144 2524 οὐκ
1171 2470 1303 2524 αὐτὸ
1336 2470 1497 2525 τοῦτο
1523 2470 1660 2523 διότι
1691 2470 1915 2538 γέγονεν

312 2563 615 2633 ἅνθρωπός
647 2581 733 2628 τις
774 2564 1039 2617 ύπολάεοι
1068 2564 1307 2634 (πολλοῖς
1342 2564 1452 2635 γὰρ
1478 2565 1570 2617 καὶ
1599 2564 1709 2618 τῶν
1769 2581 1912 2634 μαρ-

311 2660 506 2731 τύρων
533 2661 627 2713 καὶ
655 2659 913 2731 ἀσκητῶν
930 2660 1178 2723 ἑκούσιος
1194 2660 1338 2730 ὁρμὴ
1360 2660 1455 2711 καὶ
1486 2658 1629 2729 χαρὰ.
1650 2658 1788 2728 πρὸς
1816 2658 1911 2712 τὸν

311 2753 603 2818 θάνατον),
621 2752 739 2805 ἀλλ’
758 2752 1160 2822 οἰκονομεῖσθαι
1190 2752 1283 2805 νῦν
1313 2754 1413 2823 τὴν
1442 2753 1682 2821 ἀγωνίαν
1704 2752 1796 2804 καὶ
1814 2750 1912 2819 τὴν

308 2843 420 2896 ’τὉῦ
451 2844 683 2897 θανάτου
724 2843 1057 2918 παραίτησιν
1089 2845 1168 2903 εἰς
1200 2844 1492 2913 βεϐαίωσιν
1513 2843 1612 2914 μὲν
1631 2843 1731 2912 τῆς
1758 2843 1912 2895 ὲναν-

310 2935 686 3006 ορωπήσεως,
720 2935 940 3007 ἔλεγχον
967 2936 1027 2988 δὲ
1081 2934 1356 3002 φθάνοντα
1384 2934 1493 2988 τῶν
1555 2932 1910 3000 ὑποθεμένων

311 3026 628 3096 φαντασίαν
652 3027 712 3080 τὸ
738 3027 967 3099 φρικτὸν
994 3028 1095 3097 τῆς
1121 3028 1595 3099 ὲνανθρωπήσεως
1614 3027 1708 3078 καὶ
1731 3025 1908 3097 παρά-

2023 1820 2248 1877 nitatem
2284 1840 2440 1878 suam
2468 1834 2524 1879 et
2544 1826 2889 1881 elliclentiam
2923 1830 3117 1883 merito
3143 1829 3343 1884 dicitur
3372 1846 3610 1889 teeouo-

2024 1915 2156 1968 mia.
2183 1912 2373 1985 Neque
2407 1926 2589 1973 tamen
2634 1917 2955 1988 praedictum
3000 1934 3202 1974 nomen
3249 1922 3304 1975 in
3354 1921 3457 1978 hac
3502 1940 3607 1977 una

2022 2008 2245 2063 notione
2286 2010 2561 2065 consistit.
2603 2008 2740 2066 Nam
2773 2020 2828 2065 et
2875 2012 2992 2080 ipsa
3038 2012 3190 2068 notio
3234 2012 3506 2069 interdum
3553 2015 3610 2070 in

2020 2096 2159 2154 duas
2188 2100 2495 2167 scinditur;
2529 2117 2763 2171 quarum
2797 2101 2970 2157 altera
2993 2103 3188 2173 magis,
3221 2104 3394 2160 altera
3425 2107 3609 2162 minus

2020 2203 2147 2244 cum
2198 2206 2257 2245 re
2293 2192 2565 2248 intellecta
2589 2194 2863 2264 congruit.
2912 2193 3047 2248 Nam
3096 2196 3142 2251 si
3173 2196 3302 2267 quis
3346 2198 3604 2268 agoniam

2020 2282 2324 2353 mortisque
2356 2284 2794 2354 deprecationem
2828 2295 3103 2356 quatenus
3149 2289 3315 2343 homo
3365 2296 3487 2345 erat
3518 2290 3606 2345 in—

2028 2374 2275 2444 telligere
2336 2376 2501 2442 volet,
2551 2376 2602 2430 is
2647 2379 3007 2433 oeconomiam
3047 2380 3338 2450 praeposito
3382 2382 3609 2437 nomine

2017 2466 2256 2520 tuatime
2303 2467 2528 2537 dignam
2584 2468 2809 2524 habebit
2852 2487 2867 2524 :
2926 2472 3014 2525 sin
3066 2472 3344 2543 agoniam]
3389 2476 3501 2543 pati
3549 2484 3608 2530 et

2016 2566 2253 2611 mortem
2290 2557 2594 2623 deprecari,
2639 2558 2784 2612 haud
2820 2574 2851 2613 a
2882 2558 3089 2615 Christi
3132 2561 3475 2619 humanitate
3518 2580 3608 2620 reo

2014 2660 2162 2720 petet
2195 2655 2503 2723 (propterea
2539 2654 2685 2721 quod
2711 2655 2868 2709 multi
2902 2666 3170 2729 martyres
3188 2660 3607 2729 piiqueathleta'.

2015 2752 2210 2811 sponte
2254 2753 2418 2812 atque
2464 2745 2724 2801 alacriter
2754 2748 2825 2802 ad
2868 2764 3058 2803 necem
3094 2757 3601 2823 properaverunt);

2012 2850 2204 2889 verum
2258 2835 2466 2891 ideirco
2508 2839 2748 2908 positum
2800 2857 2924 2895 esse
2967 2843 3018 2896 in
3066 2845 3260 2912 agonia
3302 2845 3491 2902 Jesum
3549 2858 3606 2904 et

2011 2927 2207 2980 mortis
2234 2926 2418 2998 fugam
2453 2931 2784 2999 appetivisse
2807 2931 3101 3002 iudicabit,
3151 2945 3210 2991 ut
3236 2938 3630 2997 humanitatis'

2013 3033 2126 3073 suae
2160 3017 2317 3073 tidem
2346 3019 2567 3086 faceret,
2598 3032 2763 3092 atque
2797 3032 2857 3077 ut
2899 3023 2953 3078 in
2996 3034 3346 3083 antecessum
3377 3045 3475 3085 eos
3510 3046 3602 3085 re-

307 3077 492 3183 ἑοξον,
523 3119 624 3189 τὴν
647 3077 979 3173 animum“
1012 3077 1169 3183 ούτος
1187 3077 1602 3189 συναπτομένην
1633 3116 1734 3186 τῆς
1762 3118 1908 3169 οἱκο-

2014 3107 2245 3173 felleret,
2272 3110 2366 3180 qui
2400 3077 2722 3167 admirabile
2751 3122 2915 3183 atque
2937 3115 3224 3185 inopinum
3269 3118 3604 3177 incarnatio-

316 3212 517 3280 νομίας
573 3211 758 3282 φωνὴν
808 3211 946 3284 πρὸς
1016 3211 1120 3283 τὴν
1171 3211 1274 3281 τῆς
1327 3211 1509 3282 μάχης
1544 3209 1701 3262 λύσιν
1752 3203 1912 3278 εὗρεν

314 3303 622 3373 ἐπίκουρον
644 3319 661 3337 ο
699 3303 842 3374 πλὴν
870 3303 986 3357 ἀλλ’
1014 3304 1171 3356 οὐδὲν
1200 3303 1424 3357 ἔλαττον
1482 3299 1824 3372 ἑκατέρωθεν
1873 3302 1907 3370 ἡ

316 3395 600 3469 φαντασία
632 3394 738 3465 τῆς
779 3396 963 3467 μάχης
996 3395 1306 3450 ἐλαύνεται.

382 3693 469 3741 ιε’.
508 3687 635 3741 Εἰσὶ
668 3685 726 3739 δὲ
753 3685 850 3739 καί¹
884 3684 1038 3756 παρά
1065 3683 1282 3746 τούτοις
1313 3681 1627 3751 οἰκονομίας
1673 3681 1909 3750 διάφορα

314 3779 415 3849 μὶν
445 3778 851 3849 σημαινόμενα,
880 3778 980 3847 τῆς
1014 3775 1189 3845 αὐτῆς
1218 3774 1262 3828 δ’
1301 3775 1451 3843 ὅμως
1480 3772 1717 3845 λαχόντα
1753 3771 1908 3840 γενέ-

314 3890 474 3937 σεως,
513 3870 656 3941 πλὴν
690 3869 829 3924 ἀλλά
854 3887 920 3938 γε
953 3868 1053 3924 νῦν
1080 3868 1252 3940 μυρία
1298 3868 1399 3939 μὲν
1454 3866 1550 3919 καὶ
1601 3865 1740 3920 ἄλλα
1795 3865 1906 3918 τῶν

310 3968 390 4029 εἰς
418 3966 659 4036 ἀπορίαν
689 3962 1137 4036 ἀναφερομένων,
1170 3963 1238 4031 τῇ
1268 3960 1548 4031 ἐπικρίσει
1571 3975 1633 4011 τε
1663 3958 1759 4011 καὶ
1787 3958 1905 4010 δια-

308 4058 471 4126 λήψει
507 4056 606 4110 τοῦ
635 4057 733 4126 τὴν
765 4057 970 4126 κυρίως
999 4054 1317 4124 οἰκονομίαν
1330 4051 1616 4124 δηλοῦντος
1638 4052 1906 4121 ὀνόματος

310 4154 341 4220 ἡ
378 4151 537 4214 λύσις
565 4149 782 4203 ἐκεῖθεν
811 4149 946 4221 πρὸς
980 4148 1041 4201 τὸ
1075 4147 1244 4215 σαφὲς
1285 4146 1411 4215 ἄγει
1436 4164 1450 4179 ο
1496 4145 1799 4208 ἐπιλύσεως
1841 4146 1902 4198 δὲ

305 4246 462 4299 οὐδὲν
493 4243 717 4297 ἔλαττον
746 4243 835 4296 διὰ
862 4242 1066 4312 ταύτης
1100 4242 1255 4311 τύχοι
1286 4241 1352 4294 ἂν
1393 4239 1426 4309 ἢ
1480 4239 1549 4293 δι’
1581 4238 1747 4308 ἄλλης
1805 4239 1900 4308 ὲφ-

304 4339 429 4391 όδου
461 4338 558 4391 καὶ
586 4337 670 4399 τὸ,
699 4354 718 4387 ι
752 4335 817 4388 Τί
851 4352 917 4406 με
945 4335 1162 4403 ζητεῖτε
1188 4334 1509 4387 ἀποκτεῖναι
1534 4332 1823 4402 ἄώρωπον
1840 4329 1901 4392 ὃς

2014 3201 2099 3255 nis
2126 3214 2268 3269 opus
2302 3200 2606 3269 phantasia:
2627 3204 2925 3273 ascripturi
2973 3217 3170 3273 erant;
3196 3211 3318 3279 qui,
3348 3209 3600 3281 inquam.

2012 3292 2093 3347 sic
2120 3293 2455 3363 opinabitur,
2487 3296 2534 3349 is
2558 3298 2881 3354 meouomiaa
2910 3300 3599 3360 vocabulutn-sccundario

2010 3397 2176 3439 sensu
2209 3387 2280 3439 ad
2324 3392 2702 3457 repugnantia!
2755 3391 3197 3448 conciliationem
3244 3396 3596 3453 auxiliarium

2010 3476 2267 3532 habebit:
2289 3494 2445 3548 aeque
2470 3488 2651 3536 tamen
2674 3482 2932 3554 utrinque
2966 3485 3220 3542 simulata
3240 3490 3597 3560 repugnantia

2008 3569 2321 3638 expellitur.

2084 3662 2170 3717 l5.
2208 3662 2349 3718 Sunt
2379 3674 2561 3720 autem
2587 3675 2783 3735 praater
2817 3667 2917 3724 has
2946 3668 3068 3725 alite
3099 3686 3324 3743 quoque
3348 3683 3403 3729 et
3428 3675 3596 3731 variae

2008 3756 2259 3810 vocabuli
2300 3760 2623 3814 mconomiae
2657 3760 3106 3830 signiﬁcationes,
3144 3780 3268 3835 qua:
3306 3775 3493 3823 tamen
3524 3770 3598 3824 ab

2007 3848 2197 3902 eadem
2227 3849 2447 3920 origine
2469 3860 2714 3906 manant.
2749 3852 2995 3926 Denique
3025 3857 3132 3911 alia
3167 3857 3456 3915 innumera
3472 3877 3598 3932 qua:

2007 3939 2073 3993 ad
2107 3938 2472 3997 dubitandum
2501 3944 2745 4011 trahunt,
2788 3945 3000 4015 judicio
3021 3958 3077 4003 et
3103 3949 3443 4007 discretione
3486 3970 3589 4007 no-

2006 4032 2175 4087 minis
2218 4034 2364 4103 quod
2403 4035 2779 4105 principaliter
2822 4038 3260 4095 incarnationem
3296 4044 3591 4112 signiﬁcat,

2003 4125 2430 4181 declarationem
2490 4130 2833 4199 perspicuam
2867 4143 3305 4204 consequuntur.
3358 4135 3427 4190 Et
3489 4137 3592 4192 hac

2003 4217 2232 4285 quidem
2263 4219 2502 4286 ratione,
2532 4221 2707 4274 nihilo
2733 4224 2912 4279 secius
2944 4239 3110 4293 quam
3132 4225 3262 4291 alia,
3300 4227 3591 4284 solutionis

1999 4319 2281 4379 compotes
2316 4310 2434 4366 lieri
2469 4311 2621 4367 licet.
2667 4311 2843 4369 Veluti
2881 4315 2933 4369 in
2964 4317 3067 4371 hoc
3100 4315 3261 4372 loco:
3303 4335 3323 4369 ι
3356 4319 3468 4374 Cur
3500 4335 3590 4377 me

307 4432 407 4497 τὴν
439 4427 705 4498 ἀλήθειαν
742 4425 1016 4494 λελάληκα
1046 4425 1214 4495 ὑμῖν;
1252 4442 1270 4474 ι
1330 4423 1447 4486 καὶ,
1481 4440 1501 4474 ι
1552 4419 1694 4490 Ἐγὼ
1722 4422 1818 4474 καί⁵
1868 4421 1897 4473 ό

2012 4405 2246 4474 quaeritis
2269 4405 2580 4461 interficere
2608 4406 2883 4461 hominem
2928 4409 3020 4477 qui
3056 4410 3340 4466 veritatem
3368 4413 3586 4471 locutus

307 4518 503 4588 Πατὴρ
523 4518 583 4569 ἓν
610 4519 798 4586 ὲσμεν.
840 4535 860 4566 ο
898 4514 1234 4586 Συγκρούειν
1264 4514 1362 4584 μὲν
1391 4520 1501 4583 γὰρ
1530 4512 1781 4583 ἀλλήλοις
1806 4510 1891 4564 δοο

304 4613 392 4662 κεί
427 4625 545 4671 πως
574 4611 689 4670 τοῖς
747 4607 1029 4669 ἀσυνέτοις
1072 4606 1104 4677 ἦ
1172 4604 1551 4678 ῥᾳδιουργοῦσι
1574 4605 1645 4657 τὰ
1702 4606 1842 4674 ρητά
1871 4621 1886 4636 ο

301 4697 418 4751 ἀλλ’
443 4698 473 4751 ὅ
501 4714 567 4765 γε
598 4697 763 4766 σοφὸς
788 4696 887 4767 τῆς
915 4694 1175 4766 ἀληθείας
1201 4695 1360 4763 λόγος
1387 4694 1486 4766 τὴν
1526 4694 1624 4765 μὲν
1650 4694 1758 4746 τῶν
1784 4710 1891 4762 φω-

299 4788 409 4841 νῶν
440 4791 507 4858 τῇ
542 4788 808 4859 ἀκηράτῳ
837 4786 934 4840 καὶ
972 4786 1221 4857 μακαρία
1252 4788 1351 4857 τῆς
1412 4785 1687 4857 θειότητος
1754 4786 1884 4837 ὑπο-

300 4880 489 4948 φέρων
525 4878 707 4945 φύσει,
738 4878 838 4946 τὴν
883 4877 940 4929 δὲ
996 4875 1118 4929 καθ’
1164 4876 1233 4948 ἢν
1265 4877 1437 4947 αὐτὴν
1484 4878 1512 4931 ό
1559 4878 1730 4944 Λόγος
1788 4877 1885 4946 τὴν

297 4968 583 5037 ἡμετέραν
619 4966 811 5019 οὐσίαν
850 4966 1235 5037 προσείληφεν,
1274 4970 1455 5020 πᾶσαν
1475 4967 1746 5020 διωθεῖται
1774 4969 1885 5038 ἀμ-

298 5060 655 5130 φισϐήτησιν.
687 5057 804 5113 Οὐκ
833 5060 1230 5129 ἀποστατήσειε
1261 5058 1305 5111 δ’
1332 5058 1400 5112 ἄν
1436 5057 1531 5112 τοῦ
1561 5060 1769 5123 εἰκότος
1791 5060 1886 5113 καὶ

297 5151 353 5204 εί
386 5168 474 5214 τις
526 5153 593 5222 τῇ
626 5151 763 5221 αὐτῇ
802 5149 1057 5204 διαλύοιτ’
1089 5150 1155 5202 ἂν
1185 5149 1469 5219 ἐπισκέψει
1504 5152 1597 5203 καὶ
1643 5151 1723 5214 τὸ,
1768 5171 1785 5203 ι
1828 5151 1885 5206 ’0

296 5245 491 5313 Πατήρ
524 5258 627 5311 μου
670 5242 871 5310 μείζων
909 5240 1010 5311 μού
1046 5243 1194 5294 ἐστι’
1228 5260 1246 5292 ι
1277 5242 1444 5296 δεῖται
1485 5243 1586 5311 μὲν
1614 5245 1722 5315 γὰρ
1756 5262 1881 5297 συν-

294 5331 435 5382 ετῶν
470 5333 562 5383 καὶ
595 5329 718 5382 καθ’
753 5330 910 5382 ἑαυτὸ
940 5329 1100 5381 τοῦτο
1130 5329 1192 5381 τὸ
1248 5329 1392 5400 ἱερὸν
1430 5330 1628 5403 χωρίον
1678 5334 1881 5403 ἀκροα-

291 5421 425 5475 τῶν.
458 5420 672 5473 Μᾶλλον
698 5418 744 5471 δ’
772 5420 837 5472 ἂν
870 5418 1089 5488 δεηθείη
1125 5419 1219 5471 καὶ
1248 5418 1347 5488 τῆς
1360 5420 1661 5490 εἰρημένης
1694 5422 1879 5490 φωνῆς

1987 4514 2110 4558 sum
2126 4498 2279 4552 vobis
2304 4498 2382 4551 κτα
2407 4497 2573 4553 »Τυηι
2596 4515 2610 4552 ι
2635 4517 2653 4550 ι
2685 4498 2795 4570 Ego
2814 4507 2868 4553 et
2889 4498 3050 4556 Pater
3076 4518 3244 4557 unum
3264 4520 3459 4560 sumus
3483 4508 3578 4560 “.-

1986 4589 2396 4660 Stultisoppido
2443 4590 2756 4647 hominibus
2814 4593 3028 4663 levique
3084 4606 3261 4651 mente
3331 4600 3576 4667 prazditis

1984 4682 2260 4738 contraria
2311 4681 2425 4737 haec
2466 4681 2611 4737 dicta
2654 4683 2952 4739 videntur:
3013 4686 3108 4742 sed
3164 4688 3308 4742 enim
3360 4692 3581 4760 sapiens

1986 4774 2231 4829 veritatis
2251 4787 2434 4828 sermo
2455 4773 2685 4828 alterum
2716 4777 2935 4845 quidem
2959 4778 3163 4833 dictum
3180 4781 3250 4835 ad
3302 4780 3584 4837 immorta-

1988 4869 2093 4922 lein
2112 4868 2436 4932 beatamque
2450 4865 2751 4923 divinitatis
2777 4879 3026 4926 naturain
3052 4873 3316 4939 referens,
3348 4875 3579 4931 alterum

1990 4959 2058 5013 ad
2138 4958 2438 5011 humanam
2514 4973 2640 5012 cum
2692 4959 2950 5015 Christus
2998 4977 3343 5019 communem
3420 4966 3579 5022 nobis

1990 5049 2353 5105 substantiam
2382 5050 2637 5120 sumpsit.
2671 5054 2981 5109 universam
3017 5054 3575 5133 proﬂigatambigui-

1993 5150 2185 5196 tatem.
2202 5139 2436 5210 Nequea
2451 5142 2598 5211 justo
2621 5146 2891 5200 sententia
2920 5148 3153 5209 recedet,
3181 5148 3224 5203 si
3246 5147 3370 5218 quis
3384 5152 3574 5206 eodem

1991 5234 2221 5289 consilio
2262 5234 2497 5304 explicet
2533 5236 2696 5290 etiam
2721 5277 2736 5302 ,
2771 5255 2790 5288 ι
2831 5237 2991 5293 Pater
3022 5239 3198 5310 major
3224 5256 3311 5294 me
3334 5251 3416 5296 est
3442 5243 3507 5297 “.
3553 5263 3571 5293 ι

1975 5326 2112 5381 Nam
2141 5343 2265 5381 cum
2300 5342 2458 5382 sacer
2492 5328 2580 5381 hic
2598 5328 2749 5384 locus
2782 5344 2876 5399 per
2901 5346 2960 5385 se
2981 5332 3275 5400 prudentes
3296 5333 3573 5388 auditores

1979 5418 2242 5488 postulat,
2274 5427 2387 5473 tum
2415 5419 2590 5473 multo
2615 5420 2781 5474 etiam
2807 5421 2982 5491 magis
3025 5422 3252 5494 indiget,
3284 5433 3346 5479 ut
3374 5414 3573 5492 supra-

292 5514 415 5582 ῆτις
450 5512 640 5581 ἐδήλου
680 5511 779 5581 τὴν
830 5511 1050 5581 ἰσότητα
1106 5510 1338 5581 Πατρὸς,
1385 5511 1877 5584 συνεξεταζομένης

2012 5510 2129 5564 licia
2166 5525 2288 5576 vos,
2338 5526 2460 5580 quae
2486 5526 2610 5566 cum
2655 5509 2819 5567 Patre
2863 5514 3230 5584 aequalitatem
3279 5514 3569 5585 signiﬁcat,

293 5607 390 5658 καὶ
429 5604 1034 5676 συμπαραὸαλλομένης
1065 5603 1246 5675 αὐτῷ·
1290 5606 1337 5657 εί
1370 5604 1480 5675 γὰρ
1531 5606 1625 5659 καὶ
1658 5606 1877 5677 ἑτέραις

2012 5606 2316 5677 ιιηυιιειιιιιι·
2360 5606 2489 5661 huic
2534 5607 2804 5679 juxtaque
2858 5624 3115 5680 ponatur.
3149 5609 3282 5663 Nam
3348 5608 3398 5664 si
3450 5609 3573 5665 aliis

363 5716 385 5750 ⁸
420 5715 557 5772 Luc.
596 5732 731 5780 χχιι,
763 5716 855 5772 45.
922 5718 943 5749 ’
974 5716 1131 5771 Joan.
1179 5735 1232 5786 ι,
1280 5719 1365 5774 l8.
1400 5718 1441 5752 ³⁸
1476 5718 1636 5775 Joau.
1673 5736 1790 5789 vni,
1821 5723 1909 5781 ιο.

2012 5726 2021 5757 ¹
2056 5721 2213 5778 Joan.
2248 5736 2302 5787 ι,
2332 5719 2420 5774 50.
2489 5720 2532 5753 η
2560 5719 2723 5777 Joau.
2749 5739 2863 5787 Juv,
2884 5725 2978 5779 28.

592 5805 866 5869 ΡΑτιιοι..
907 5812 1031 5872 Gn.
1054 5812 1158 5872 Cl.
3110 5818 3152 5876 3
