3976 6222
388 253 460 318 6⁸7
1511 255 1781 318 ΡΗΟΤΗ
1820 255 1962 315 ΡΑΤ

2068 256 2326 319 ᾹῐῖίῖιῖίΕ
2365 259 2473 321 CP.

3588 260 3673 326 (i8

391 380 610 438 quoque
639 364 834 435 patriis
862 365 1181 422 notionibus
1231 365 1492 422 simulata
1521 367 1768 437 ipsorum
1799 381 1965 437 pugna

2082 372 2375 441 πατρικαῖς
2424 369 2767 432 ἐπιστασίαις
2805 370 2838 441 ή
2869 369 2927 423 ἐν
2956 370 3147 434 αὑταῖς
3175 371 3475 444 φαινομένη
3507 375 3666 446 μάχη

390 458 742 515 concordiam
773 458 1029 525 exhibet;
1066 459 1232 515 veluti
1263 460 1394 530 quia
1439 460 1767 517 vocabulum
1799 458 1974 525 major

384 552 457 607 ad
495 566 717 608 causam
748 550 1013 617 refertur;
1040 568 1205 605 unum
1228 562 1409 608 autem
1438 562 1653 607 natura).
1686 550 1972 622 aequalita-

391 652 497 698 tem
524 643 827 713 signiﬁcat;
848 643 1102 712 sequitur
1119 652 1179 697 ut
1197 644 1517 699 oeconomiae
1532 658 1751 714 quoque
1766 655 1969 703 sermo,

388 737 483 807 qui
514 737 567 791 in
594 751 653 792 se
678 735 866 807 recipit
897 752 1089 792 vocem
1121 754 1212 791 ma
1214 738 1575 807 jor,liberam
1610 750 1797 791 errore
1816 749 1970 789 com-

390 829 584 897 probet
604 844 700 899 per
732 844 920 884 vocem
949 845 1115 884 unum
1142 829 1319 884 Patris
1354 844 1480 885 cum
1506 827 1645 882 Filio
1681 825 1969 897 aequalita-

391 931 519 974 tem.
553 918 726 974 Porro
779 920 914 974 nihil
958 922 1211 991 prohibet
1280 920 1575 991 quominus
1617 918 1654 972 ii
1688 930 1970 973 sermones

389 1011 482 1080 qui
523 1011 833 1068 adhaerente
873 1013 975 1067 sibi
1024 1014 1378 1068 contentione
1424 1012 1693 1076 laborant,
1733 1009 1968 1065 diversis

389 1097 531 1152 hanc
555 1099 874 1170 propulsent
905 1102 1265 1171 argumentis.
1290 1102 1355 1156 Et
1376 1101 1595 1171 quidem
1629 1100 1733 1155 hoc
1765 1100 1964 1170 ipsum,

385 1190 456 1244 de
477 1206 588 1261 quo
606 1208 751 1248 nunc
766 1194 1000 1263 agimus,
1014 1214 1032 1246 ι
1059 1193 1219 1249 Pater
1238 1192 1413 1262 major
1438 1209 1523 1247 me
1543 1202 1645 1259 est,
1660 1193 1810 1247 ialiis
1828 1207 1859 1247 a
1881 1208 1968 1247 me

396 1285 728 1351 rationibus,
769 1303 891 1357 quae
937 1297 1174 1343 mentem
1227 1288 1540 1342 auditorum
1591 1285 1964 1357 pervicerunt,

387 1377 538 1429 omni
567 1378 906 1434 dubitatione
943 1378 1253 1449 expeditum
1286 1377 1411 1446 fuit,
1443 1391 1565 1434 cum
1597 1376 1869 1447 probabili
1905 1377 1969 1429 ut

388 1468 628 1524 arbitror
654 1470 945 1526 solutione.

2073 459 2174 529 τὴν
2231 460 2553 532 συμφωνίαν
2596 463 2954 532 προήνεγκεν,
3014 457 3125 515 οἷον
3164 463 3246 516 ὅτι
3291 464 3354 516 τὸ
3406 462 3509 534 μὲν
3534 467 3671 534 μεί-

2069 549 2187 611 ζων
2222 554 2303 617 είς
2360 553 2421 606 τὸ
2480 554 2652 608 αἴτιον
2723 553 2864 624 (ii)
2929 554 3300 625 ἀναφέρεται,
3363 555 3423 609 τὸ
3478 555 3536 609 δὲ
3589 556 3671 611 ἐν

2077 645 2269 715 μηνύει
2321 646 2418 717 τῆς
2451 644 2667 715 φύσεως
2725 645 2826 717 τὴν
2876 647 3120 717 ἰσότητα,
3177 646 3297 701 ἀλλ’
3345 645 3441 700 οὖν
3491 648 3587 702 καὶ
3627 649 3666 701 ὁ

2072 736 2174 804 τῆς
2201 736 2509 809 οἰκονομίας
2538 739 2694 807 λόγος
2725 739 2805 801 είς
2833 739 3027 792 ἐαυτὸν
3050 739 3111 792 τὸ
3148 739 3365 808 μείζων
3397 739 3664 809 ἀναδεχό-

2075 844 2256 897 μενος,
2287 827 2577 897 ἐλευθέραν
2605 828 2871 898 ἐπηρείας
2894 829 2993 899 τὴν
3019 829 3112 883 τοῦ
3148 830 3364 901 [ἰατρὸς
3399 830 3536 901 πρὸς
3561 831 3663 883 τὸν

2072 919 2200 973 Υἱδν
2227 919 2316 974 διὰ
2337 918 2435 973 τοῦ
2466 919 2603 986 ἐνὸς
2631 920 3142 988 συγκατασκευάζει
3177 921 3421 991 ἰσότητα.
3484 921 3662 973 Οὐδὲν

2069 1009 2126 1064 δὲ
2171 1010 2371 1065 κωλύει
2403 1012 2530 1075 τοὺς
2556 1010 2653 1082 τὴν
2676 1010 2792 1082 ἔριν
2816 1010 3203 1082 ἐπιτιθεμένην
3233 1013 3417 1074 αὐτοῖς
3445 1012 3661 1080 ὑποφέ-

2072 1117 2265 1172 ροντας
2289 1099 2481 1170 λόγους
2504 1100 2783 1172 διαφόροις
2798 1099 3273 1165 ἀποσκευάζεσθαι
3320 1101 3529 1169 ταύτην
3552 1103 3657 1169 ἐφ-

2068 1190 2227 1253 όδοις·
2252 1190 2373 1243 ἐπεὶ
2394 1190 2488 1242 καὶ
2511 1189 2651 1260 ὅπερ
2670 1188 2766 1242 νῦν
2790 1188 3022 1259 εἴρηται,
3058 1207 3076 1240 ι
3099 1188 3159 1240 '0
3179 1189 3376 1258 Πατήρ
3400 1205 3502 1257 μου
3531 1187 3659 1258 μεί-

2070 1281 2180 1348 ζων
2212 1281 2315 1352 μού
2338 1282 2511 1349 ἐστιν,
2543 1300 2563 1333 ι
2588 1281 2805 1353 ἐτέραις
2835 1281 2968 1351 παρ’
2997 1281 3031 1350 ή
3042 1280 3157 1349 μῶν
3173 1278 3565 1348 ἰὲπισκέψεσιν,
3592 1278 3657 1330 αἶ

2067 1374 2168 1446 τὴν
2185 1374 2295 1430 τῶν
2315 1374 2602 1446 ἀκροατῶν
2619 1372 2887 1442 ὑπόληψιν
2905 1368 3379 1443 ὑπε[ρε]6άλοντο,
3400 1369 3502 1438 τῆς
3519 1369 3659 1420 άπο-

2070 1466 2192 1535 ρίας
2206 1465 2582 1537 ἀνεκαθάρθη,
2609 1465 2673 1519 οὐ
2708 1463 2986 1536 μεμπτὴν,
3018 1457 3196 1533 οἶμαι,
3234 1463 3333 1530 τὴν
3362 1460 3518 1516 λύσιν
3543 1462 3656 1515 ἀπ-

2067 1554 2451 1626 ἐνεγκάμενον.

465 1645 551 1699 16.
574 1643 780 1699 Praeter
802 1645 1070 1701 hactenus
1090 1645 1259 1709 dicta,
1287 1654 1342 1701 et
1361 1653 1556 1715 praeter
1579 1646 1959 1701 necessitatem

2142 1654 2236 1713 ις’.
2269 1649 2454 1719 Χωρὶς
2481 1647 2539 1701 δέ
2567 1646 2677 1701 τῶν
2709 1644 3015 1717 εἰρημένων
3045 1645 3139 1699 καὶ
3165 1644 3320 1716 παρά
3345 1643 3447 1714 τὴν
3480 1643 3658 1713 ἀνάγ-

384 1748 437 1795 et
487 1737 910 1800 immunitatem,
964 1737 999 1791 ii
1048 1738 1142 1807 qui
1210 1736 1578 1793 diﬁicultatem
1630 1737 1968 1794 calumniose

383 1845 666 1887 sermones
697 1829 1001 1894 clamitant,
1047 1840 1339 1883 auctorum
1380 1842 1607 1883 suorum
1653 1830 1967 1899 sycophan-

384 1925 515 1979 tiam
557 1928 885 1991 coarguunt.
917 1920 1096 1985 Quare
1150 1928 1205 1974 et
1248 1919 1558 1974 communis
1607 1917 1876 1975 Dominus
1912 1930 1967 1975 et

382 2014 613 2069 Creator
647 2009 862 2081 generis
886 2018 1049 2071 atque
1081 2006 1336 2062 Servator
1365 2006 1642 2071 Davideni,
1675 2007 1769 2076 qui
1799 2021 1965 2076 panes

385 2100 679 2155 oblationis
746 2098 1003 2162 comedit,
1038 2096 1106 2151 de
1173 2095 1302 2151 lzcso
1349 2095 1473 2166 jure
1533 2095 1785 2152 absolvit.
1828 2095 1962 2151 Nam

386 2198 570 2261 utpote
617 2187 913 2259 legislator,
993 2194 1243 2240 naturam
1287 2185 1422 2255 legis
1494 2185 1716 2255 vimque
1764 2200 1965 2253 cogno-

384 2296 562 2347 scens,
584 2289 639 2335 et
679 2280 880 2349 quibus
944 2279 1157 2333 actibus
1208 2276 1558 2332 moderandis
1602 2276 1688 2331 lex
1740 2277 1811 2333 sit
1859 2292 1963 2347 po-

383 2374 487 2428 sita
550 2372 718 2443 probe
761 2372 961 2435 sciens,
1008 2370 1241 2439 injurios
1284 2371 1541 2439 equidem
1602 2379 1658 2425 et
1708 2371 1802 2440 qui
1867 2386 1965 2440 per

383 2473 752 2534 contemptum
784 2474 1029 2533 peccant,
1064 2477 1220 2533 pcena
1237 2462 1431 2534 dignos
1457 2477 1600 2532 sape
1626 2463 1961 2519 declaravit:

383 2565 755 2611 verumtamen
788 2555 857 2609 iis
900 2553 1103 2624 quibus
1144 2569 1300 2608 amor
1336 2564 1392 2609 et
1426 2554 1734 2609 reverentia
1781 2554 1959 2625 legum

383 2648 545 2710 inest,
596 2647 688 2701 sed
753 2644 1053 2701 necessitas
1107 2660 1233 2700 cum
1294 2645 1616 2701 inﬁrmitate
1665 2645 1960 2716 conjuncta

382 2754 627 2793 amorem
658 2738 1132 2808 reverentiamque
1174 2738 1489 2804 labefactat,
1514 2740 1730 2794 veniam
1779 2739 1961 2795 molli-

388 2833 594 2887 tudinis
617 2831 947 2898 impertitur,
988 2846 1165 2901 neque
1196 2832 1250 2885 in
1286 2833 1385 2887 hos
1411 2832 1531 2888 sine
1567 2833 1962 2888 misericordiae.

385 2924 666 2981 aﬁ‘ectibns
706 2925 1031 2980 sententiam
1093 2924 1220 2979 fert.
1271 2924 1444 2980 Sicuti
1488 2926 1709 2981 beatum
1742 2940 1961 2997 quoque

2071 1756 2174 1811 κην
2200 1740 2295 1793 καὶ
2321 1738 2419 1810 τὴν
2448 1738 2654 1803 ἄδειαν,
2683 1739 2733 1791 οἱ
2774 1738 2854 1801 είς
2884 1736 2944 1791 τὸ
2968 1736 3171 1809 ἄπορον
3214 1734 3655 1807 ἐπηρεαζόμενοι

2068 1832 2214 1900 λόγοι
2251 1830 2595 1900 συκοφάντας
2622 1830 2748 1892 τοὺς
2777 1828 3186 1897 ἐπιτιθεμένους
3198 1827 3382 1889 αὐτοῖς
3406 1824 3651 1894 ἀπελέγὲ
3764 1865 3771 1869 .

2065 1939 2273 1995 χουσιν.
2292 1921 2386 1987 Ἐξ
2401 1914 2461 1975 οὗ
2488 1922 2626 1975 καὶὸ
2651 1921 2831 1984 κοινὸς
2855 1920 3132 1989 Δεσπότης
3162 1921 3257 1973 καὶ
3287 1919 3531 1988 πλάστης
3553 1914 3654 1970 τοῦ

2065 2014 2257 2081 γένους
2286 2012 2381 2066 καὶ
2416 2013 2607 2083 Σωτὴρ
2654 2012 2747 2065 τὸν
2779 2010 2943 2065 Δαὸὶδ
2981 2011 3109 2073 τοὺς
3160 2010 3357 2079 ἄρτους
3405 2009 3654 2078 φαγόντα

2065 2104 2167 2175 τῆς
2195 2103 2530 2174 προθέσεως,
2560 2102 2743 2173 νόμων
2770 2100 2996 2172 ἀφίησιν
3027 2100 3370 2170 άθετήσεως.
3412 2098 3502 2162 Ὡς
3534 2100 3654 2169 γὰρ

2066 2192 2311 2265 θέμενος,
2331 2193 2426 2247 καὶ
2452 2191 2609 2255 εἰδὼς
2636 2192 2735 2263 τήν
2758 2207 2819 2244 τε
2838 2190 2998 2260 φύσιν
3025 2191 3124 2243 καὶ
3151 2189 3306 2260 ἰσχὺν
3334 2188 3428 2242 τοῦ
3456 2189 3652 2258 νόμου,

2065 2286 2161 2337 καὶ
2189 2277 2264 2337 ὧν
2299 2285 2327 2336 ὀ
2347 2283 2514 2353 νόμος
2537 2282 2636 2354 τὴν
2670 2281 2952 2335 πολιτείαν
2986 2279 3148 2350 ἐτέθη
3178 2278 3487 2350 ῥυθμίζειν,
3518 2279 3651 2341 τοὺς

2068 2374 2168 2445 μέν
2197 2374 2477 2445 ὑϐριστὰς,
2515 2374 2609 2427 καὶ
2637 2368 2721 2438 οἷς
2743 2372 3014 2443 ὑπεροψία
3035 2375 3181 2426 ποιεῖ
3204 2372 3304 2444 τὴν
3331 2370 3651 2441 παράϐασιν

2063 2465 2261 2519 δικαιοῖ
2279 2466 2377 2537 τὴν
2420 2466 2579 2535 δίκην
2611 2467 2671 2519 ἐν
2715 2466 2896 2529 ἀλλοις
2955 2464 3215 2527 πολλάκις
3260 2464 3521 2535 ὑπέχειν-⁸
3564 2455 3653 2525 οἷς

2062 2557 2119 2611 δέ
2152 2558 2356 2629 στοργὴ
2401 2558 2503 2629 μὲν
2556 2558 2653 2612 καὶ
2699 2555 2864 2620 αἰδὼς
2910 2556 3020 2610 τῶν
3067 2556 3268 2627 νόμων,
3316 2557 3532 2625 ἀνάγκη
3590 2555 3653 2608 δὲ

2064 2650 2165 2719 τὴν
2196 2649 2436 2721 στοργὴν
2466 2650 2560 2703 καὶ
2580 2649 2643 2702 τὸ
2685 2649 3003 2719 αἰδούμενον
3048 2648 3139 2703 διὰ
3194 2647 3296 2718 τῆς
3358 2646 3651 2710 ἀσθενείας

2064 2739 2270 2804 ἐκλύει,
2296 2739 2627 2811 συγγνώμην
2655 2740 2832 2804 διδοὺς
2862 2743 2927 2810 τῇ
2965 2739 3149 2812 ἀτονία
3185 2741 3280 2792 καὶ
3317 2738 3648 2808 σπλάγχνοις

2062 2832 2246 2895 ἐλέους
2286 2832 2510 2896 τούτους
2542 2832 2871 2902 ἀνακρίνων.
2905 2832 3176 2901 Καθάπερ
3202 2830 3261 2884 δὲ
3289 2832 3387 2884 καὶ
3416 2831 3508 2885 τὸν
3543 2833 3653 2885 Δα-

2063 2922 2149 2976 ϐὶδ
2167 2923 2349 2993 νόμων
2368 2922 2732 2994 παραϐάσεως
2751 2923 2999 2986 ἀπολύει,
3016 2926 3130 2986 τοῖς
3143 2923 3533 2994 ἐνεγκαμένοις
3549 2923 3651 2993 οὐχ

385 3016 640 3071 Davidem
676 3016 747 3071 de
804 3015 952 3071 laesis
988 3016 1214 3086 legibus
1252 3016 1519 3084 absolvit;
1554 3018 1621 3072 iis
1660 3018 1754 3088 qui
1793 3033 1961 3087 panes

2068 3012 2369 3083 ὑπεροψίαν
2405 3012 2654 3081 ἐγκαλῶν
2682 3012 2956 3083 τολμῆσαι
2982 3012 3092 3066 τῶν
3118 3013 3321 3083 νόμων,
3357 3015 3457 3084 τῆς
3497 3013 3545 3064 δ’
3591 3013 3653 3065 ἐν

384 3109 722 3164 abstulerant
755 3107 899 3162 haud
932 3107 1198 3161 audacem
1242 3106 1424 3178 legum
1456 3115 1831 3177 contemptum
1861 3122 1957 3161 ex-

385 3201 688 3268 probrans;
718 3201 812 3254 sed
854 3200 982 3269 quia
1017 3208 1226 3253 naturae
1258 3200 1426 3253 robur
1455 3214 1565 3253 non
1596 3200 1730 3255 satis
1762 3200 1960 3277 mentis

387 3291 671 3360 proposito
720 3290 1107 3359 respondebat,
1156 3289 1209 3343 id
1251 3289 1333 3343 eis
1370 3289 1424 3343 in
1461 3289 1794 3347 defensionis
1840 3290 1960 3346 loco

384 3397 613 3452 ponens,
651 3381 1054 3436 absolutionem
1103 3380 1352 3435 decernit
1392 3382 1636 3437 clemens
1675 3380 1857 3439 Jesus.
1894 3382 1961 3439 Et

385 3473 506 3527 aliae
532 3473 755 3543 quidem
786 3473 1176 3528 controversia
1225 3473 1410 3528 multa:
1444 3473 1512 3529 ad
1539 3472 1805 3543 liquidum
1858 3474 1961 3531 hac

386 3564 597 3619 ratione
624 3565 994 3621 deducuntur.

494 3658 579 3713 l7.
596 3656 837 3716 Caeteras
860 3668 1042 3715 autem
1071 3660 1510 3718 circumstantias
1526 3673 1812 3717 recensere
1829 3661 1957 3732 quid

384 3748 642 3804 interest"
680 3748 816 3804 Nam
861 3760 917 3805 et
966 3753 1083 3822 ipse
1129 3768 1225 3823 per
1270 3766 1331 3808 se
1374 3750 1624 3806 lectionis
1663 3751 1879 3818 modus,
1913 3751 1961 3808 si

383 3842 577 3913 cuique
588 3841 871 3897 sententia:
889 3843 1165 3913 proprium
1185 3844 1332 3899 vocis
1344 3859 1538 3899 sonum
1559 3844 1957 3910 accommodet,

384 3936 590 3989 aditum
626 3935 774 3989 omni
816 3936 1143 3990 dubitationi
1168 3937 1403 3993 obstruit
1453 3955 1467 3992 :
1512 3937 1596 3991 sin
1654 3945 1778 4006 apta
1807 3936 1959 3991 vocis

383 4026 524 4081 ratio
553 4041 582 4079 a
607 4025 914 4097 signiﬁcatu
953 4042 1054 4082 suo
1081 4026 1409 4091 demutetur,
1460 4042 1548 4083 res
1582 4027 1863 4097 perspicua
1903 4027 1958 4081 in

382 4116 672 4171 obscuram
713 4117 958 4170 vertitur.
1000 4135 1020 4169 ι
1058 4116 1170 4187 Ego
1206 4133 1302 4172 vos
1340 4117 1498 4187 elegi,
1544 4136 1563 4170 ι
1597 4118 1676 4171 ait
1706 4116 1961 4172 Servator

382 4207 662 4277 discipulis
686 4205 749 4259 “'.
782 4205 1047 4277 Itemque,
1093 4225 1111 4259 ι
1146 4205 1264 4261 Non
1299 4206 1409 4277 (15)
1449 4222 1549 4276 ego
1584 4207 1722 4277 elegi
1750 4222 1846 4262 vos
1876 4207 1958 4261 ‘5?

384 4299 441 4353 Si
467 4299 587 4368 quis
610 4299 773 4369 igitur
802 4308 1086 4369 utramque
1115 4314 1181 4354 ex
1202 4296 1289 4354 his
1319 4299 1557 4369 periodis
1591 4300 1779 4354 eodem
1813 4302 1958 4356 vocis

384 4400 517 4443 tono
540 4389 757 4458 ﬁguret;
787 4390 1002 4446 velvice
1018 4406 1173 4445 versa
1195 4391 1431 4461 priorem
1456 4391 1856 4460 interrogative,
1886 4393 1964 4446 al-
1993 4382 2041 4440 Ι)

385 4491 554 4533 teram
574 4482 647 4534 ita
676 4480 865 4536 eﬁ‘erat
903 4493 961 4536 ut
996 4482 1234 4551 priorem
1279 4490 1579 4552 oporteret,
1616 4498 1729 4537 rem
1784 4484 1962 4540 mani-

388 4571 583 4627 festam
610 4572 676 4625 ad
742 4573 1154 4643 perplexitatem
1184 4574 1384 4639 trahet,
1433 4584 1487 4629 et
1537 4591 1603 4630 ea
1654 4592 1777 4645 qua:
1826 4579 1963 4632 nulli

383 4662 750 4717 criminationi
791 4663 1029 4717 obnoxia
1088 4674 1265 4730 erant,
1292 4664 1346 4719 in
1392 4665 1550 4734 culpa
1582 4672 1764 4733 ponet.
1824 4665 1962 4722 Nam

386 4754 482 4821 qui
533 4754 787 4823 elegerat,
843 4768 969 4808 cum
1022 4754 1305 4811 electionis
1347 4771 1460 4812 sua:
1507 4757 1769 4813 conscius
1796 4771 1961 4825 esset,

389 4856 553 4915 atque
588 4848 728 4899 hanc
756 4845 1040 4917 discipulis
1067 4847 1120 4901 in
1144 4855 1377 4901 mentem
1426 4858 1726 4915 revocaret,
1765 4866 1836 4906 ne
1868 4866 1968 4905 an-

385 4940 594 5017 tiquum
630 4940 838 4995 scilicet
861 4939 1245 4995 benevolentiae
1290 4957 1415 5011 erga
1447 4956 1508 4998 se
1555 4942 1795 4998 debitum
1832 4945 1973 4999 obli-

382 5031 560 5087 vionis
599 5030 855 5087 ﬂuctibus
887 5032 1245 5102 abriperetur,
1277 5043 1443 5103 atque
1460 5041 1521 5088 ut
1549 5048 1643 5090 eos
1672 5038 1972 5107 proinptio-

2068 3105 2133 3174 τῇ
2167 3104 2325 3172 φύσει
2359 3103 2548 3174 ῥώμης
2593 3103 2656 3157 οὑ
2682 3106 3266 3177 συμπαρατεινομένης
3306 3107 3372 3175 τῇ
3421 3103 3645 3175 γνώμῃ,

2068 3194 2164 3249 καὶ
2195 3194 2352 3249 τοῦτο
2368 3195 2525 3263 λόγον
2551 3196 2736 3260 αὑτοῖς
2764 3196 3049 3266 τιθέμενος
3063 3199 3091 3250 ὁ
3109 3196 3493 3265 φιλάνθρωπος
3513 3198 3655 3266 γρά-

2068 3304 2158 3356 φει
2201 3286 2302 3359 τὴν
2333 3285 2670 3357 ἐλευθερίαν.
2720 3287 2834 3340 Καὶ
2876 3285 3049 3339 πολλά
3089 3285 3225 3340 ἄλλα
3252 3286 3363 3339 τῶν
3406 3286 3649 3357 ἀπορου-

2071 3378 2247 3450 μένων
2272 3380 2351 3443 είς
2377 3378 2437 3432 τὸ
2463 3377 2695 3450 εὔπορον
2726 3376 2816 3431 διὰ
2859 3374 2962 3445 τῆς
3000 3378 3174 3447 αὐτῆς
3200 3378 3462 3452 ἐπιϐολῆς
3515 3379 3653 3451 μεθ-

2068 3472 2155 3524 οδε
2166 3471 2341 3525 ύεται.

2157 3674 2242 3740 ιζ’,
2273 3674 2337 3727 Τί
2370 3673 2426 3727 δὲ
2471 3672 2556 3725 δεῖ
2594 3671 2689 3736 τὰς
2730 3672 2899 3737 ἀλλας
2951 3673 3227 3742 ἐπεξιέναι
3260 3674 3645 3745 περιστάσειςς

2066 3766 2237 3831 Αὐτὸς
2271 3766 2392 3821 καθ’
2418 3766 2611 3820 ἐαυτὸν
2638 3766 2667 3818 ὁ
2694 3766 2795 3837 τῆς
2818 3766 3179 3835 ἀναγνώσεως
3203 3768 3407 3839 τρόπος
3427 3767 3649 3831 οἰκείως

2069 3861 2169 3932 μὲν
2196 3862 2311 3924 τοῖς
2338 3861 2575 3931 νοήμασι
2615 3858 2718 3929 τῆς
2775 3858 2961 3930 φωνῆς
2988 3860 3081 3913 τὸν
3108 3856 3243 3931 ἦχον
3269 3860 3649 3931 ἐναρμοζόμε-

2064 3971 2176 4017 νος,
2214 3954 2395 4025 πάσης
2422 3952 2659 4022 ἀπορίας
2687 3952 3025 4022 ἀποτειχίζει
3058 3952 3295 4023 πάροδον
3317 3967 3331 3981 ·
3363 3953 3645 4009 ἀπαλλατ-

2064 4046 2297 4117 τομένης
2325 4046 2382 4099 δὲ
2414 4045 2514 4114 τῆς
2543 4043 2883 4114 καταλλήλου
2914 4043 3101 4114 φωνῆς
3144 4043 3223 4113 τῷ
3272 4044 3532 4114 νοήματι,
3567 4046 3645 4107 είς

2063 4138 2123 4191 τὸ
2149 4137 2464 4207 ἀδιανόητον
2490 4136 2552 4189 τὸ
2584 4135 2754 4205 σαφὲς
2779 4135 3109 4191 καταδύεται
3128 4151 3146 4166 ⁸
3191 4156 3211 4189 σ
3262 4136 3426 4206 Ἐγὼ,
3450 4138 3640 4209 φησὶν,

2064 4224 2400 4295 ἐξελεξάμην
2420 4224 2587 4295 ὑμᾶς,
2618 4243 2637 4276 ι
2663 4224 2801 4293 πρὸς
2821 4227 2949 4289 τοὺς
2974 4224 3225 4296 μαθητάς
3247 4229 3276 4280 ὁ
3292 4228 3504 4297 Σωτήρ*
3530 4231 3642 4293 καὶ,

2072 4332 2091 4366 ι
2132 4315 2249 4367 Οὑκ
2278 4313 2388 4381 ἐγὼ
2417 4313 2750 4385 ἐξελεξάμην
2774 4314 2921 4383 ὑμᾶς
2952 4315 3064 4387 (12)
3092 4334 3107 4383 ;
3142 4334 3160 4369 ι
3185 4316 3254 4371 Εἴ
3277 4334 3361 4380 τις
3387 4312 3483 4371 οὖν
3522 4318 3647 4372 ἐκα-

2064 4407 2231 4477 τέραν
2273 4405 2380 4459 τῶν
2408 4407 2785 4477 προκειμένων
2835 4407 3083 4477 περίοδον
3105 4408 3183 4479 τῷ
3215 4409 3366 4479 αὑτῷ
3391 4409 3495 4480 τῆς
3534 4428 3644 4478 φω-

2064 4499 2161 4569 νῆς
2191 4498 2695 4568 κατασχηματίσειε
2734 4497 2952 4569 τόνῳ,ἢ
2990 4499 3052 4552 τὸ
3094 4501 3367 4555 ἀνάπαλιν
3416 4502 3519 4573 τὴν
3545 4501 3645 4572 μὲν

2065 4588 2336 4659 προτέραν
2364 4590 2421 4640 ἐν
2449 4589 2734 4659 ἐρωτήσει,
2761 4588 2862 4659 τὴν
2906 4588 2964 4641 δέ
2998 4590 3259 4661 δευτέραν
3280 4593 3417 4663 ὅπερ
3445 4586 3517 4663 ἦν
3545 4590 3645 4660 τῆς

2065 4680 2340 4751 προτέρας
2370 4678 2796 4749 ἀποφηνάμενος
2835 4684 3183 4751 προενέγκοι,
3212 4684 3280 4737 τά
3312 4685 3456 4754 σαφῆ
3489 4685 3641 4754 ποιή-

2067 4790 2151 4825 σει
2182 4772 2582 4842 δυστέκμαρτα,
2620 4773 2717 4825 καὶ
2741 4773 2810 4826 τά
2832 4772 3007 4844 λαϐῆς
3028 4776 3248 4845 ἀπάσης
3269 4775 3635 4847 ὑπερανεστηο

2063 4862 2198 4915 κότα
2255 4860 2545 4931 ἐπίμωμα.
2605 4861 2665 4914 '0
2716 4862 2826 4933 γὰρ
2861 4862 3242 4933 ἐκλεξάμενος,
3296 4864 3451 4928 εἰδώς
3476 4864 3641 4928 τεὼς

2065 4952 2366 5017 ἐξελέξατο,
2397 4953 2492 5006 καὶ
2526 4955 2641 5016 τοῖς
2671 4952 2939 5023 μαθηταῖς
2980 4954 3080 5026 τὴν
3109 4954 3343 5026 ἐκλογὴν
3382 4957 3476 5009 ἐπί
3508 4956 3641 5026 μνή-

2071 5061 2179 5115 μης
2227 5046 2432 5115 φέρων,
2488 5043 2565 5107 ὡς
2592 5044 2658 5098 ἂν
2681 5043 2741 5097 τό
2770 5060 2830 5097 τε
2859 5045 3086 5115 ἀρχαῖον
3114 5045 3273 5115 χρέος
3306 5045 3406 5117 τῆς
3435 5046 3516 5109 εἰς
3548 5043 3647 5100 αὑ-

456 5161 501 5192 ¹³
532 5159 699 5216 Marc.
724 5177 785 5226 ιι,
816 5160 907 5216 25.
964 5161 1007 5192 “
1038 5158 1197 5217 Joan.
1252 5177 1345 5229 xv,
1396 5162 1485 5218 16.
1561 5164 1605 5195 ⁸⁸
1648 5161 1806 5220 Joan.
1868 5174 2066 5240 vt,°7i.

1885 5288 2114 5347 NOTAE.

414 5393 565 5467 __(-ll)
597 5393 672 5467 De
699 5394 961 5467 vocabulo
989 5394 1181 5467 αἴτιον,
1210 5394 1430 5467 ἀείαιίνὶε
1451 5394 1546 5467 Dei
1576 5394 1757 5454 Patris
1786 5403 1961 5456 uomi-

383 5464 619 5539 nibus‘et
643 5464 709 5539 de
745 5472 854 5517 toto
881 5466 983 5518 hoc
1016 5464 1135 5539 loco
1157 5466 1472 5539 theolotgico
1501 5466 1700 5537 legesis
1730 5480 1958 5539 praecia-

383 5551 473 5590 ras
504 5535 603 5589 SS.
640 5535 859 5587 l’atrum
890 5537 1239 5590 auctoritates
1264 5535 1407 5605 apud
1444 5535 1749 5605 Petavium',
1775 5539 1955 5597 T/zcol.

381 5605 500 5673 (leg.
531 5608 595 5659 de
620 5605 767 5658 'l'rin.
811 5621 862 5669 v,
889 5607 939 5659 5.

455 5676 564 5745 (l2)
594 5677 827 5746 Antiqua
852 5677 1058 5732 scilicet
1081 5675 1391 5732 Grarcormn
1440 5678 1707 5750 scriptura
1737 5682 1957 5738 carebat

2061 5416 2189 5481 nota
2217 5405 2306 5481 illa
2337 5405 2736 5481 interrogandi,
2778 5423 2881 5481 qua
2913 5424 3063 5481 nunc
3089 5410 3497 5480 perspicuitatis
3528 5428 3640 5481 gra-

2062 5478 2135 5530 tia
2158 5477 2381 5529 utimur.
2416 5478 2624 5547 Ileapse
2678 5481 2766 5533 vix
2797 5477 2880 5532 'in
2936 5477 3232 5536 codicibus
3249 5477 3638 5536 recentissimis

2060 5547 2316 5617 praedicta
2343 5559 2467 5600 nota
2502 5548 2859 5617 conspicitur.

2131 5615 2242 5686 (l5)
2279 5617 2332 5669 Si
2367 5633 2534 5671 nonne
2554 5615 2741 5673 Latine
2773 5620 2942 5687 dicas,
2970 5620 3078 5675 vim
3105 5622 3387 5677 sententia:
3418 5619 3629 5676 Pbotia—

2058 5702 2140 5741 na:
2170 5686 2447 5759 iul'ringcs.
