3976 6222
242 261 316 324 69
1268 253 1370 313 AD
1403 249 1847 311 AMPHILOCH

1954 249 1997 309 ll
2028 249 2375 322 QUzESTlO
2408 249 2461 310 Ι.
3371 236 3375 238 ’
3452 242 3526 306 ’ΖΘ

243 380 341 430 τὸν
371 372 588 437 εὐνοίας
618 371 698 444 μὴ
731 369 969 444 ῥεύματι
989 367 1164 441 λήθης
1205 365 1554 436 ὐποσύροιτο.
1599 362 1694 418 καὶ
1719 378 1839 416 πει-

1954 376 2032 418 res
2055 361 2329 418 mandatis
2355 360 2618 418 curandis
2661 357 2903 426 faceret;
2945 360 3093 416 hunc
3139 363 3291 430 patet
3346 369 3527 426 neque

248 467 472 538 θηνίους
505 465 709 538 μᾶλλον
736 468 849 529 τοῐς
887 460 1390 534 προσταττομένοις
1411 457 1549 529 ἔχοι,
1577 455 1742 528 δῆλον
1761 454 1838 518 ὼς

1954 462 2241 510 retractare
2263 452 2408 524 quod
2455 460 2644 524 egerat
2673 467 2852 524 neque
2872 467 3091 525 negare,
3133 453 3227 508 sed
3277 451 3393 522 ipsa
3428 466 3528 521 po-

245 565 352 618 οὐκ
397 559 762 630 ἀπαγορεύων
819 556 929 610 οὐδ’
968 551 1367 625 ἐξαρνούμενος
1421 549 1560 622 ὅπερ
1607 546 1837 620 ἔπραξε,

244 656 370 709 ἀλλ’
399 650 891 719 ἐπιδεὸαιΟὐμενος
943 645 1148 718 μᾶλλον
1191 645 1258 698 δι’
1294 642 1467 712 αὐτῆς
1487 641 1838 712 ἐρογιήσεωςο

254 765 274 796 ι
305 746 422 798 Οὐκ
441 745 576 810 ἐγὼ,
607 742 796 813 φησὶν,
821 737 1156 809 ἐξελεξάμην
1178 735 1324 806 ὑμᾶς
1351 749 1367 801 ;
1391 751 1410 784 ι
1451 731 1624 785 Εῐωθε
1651 730 1760 801 γὰρ
1782 733 1842 783 ἐν

245 837 469 899 πολλοῖς
505 836 535 887 ὁ
574 834 735 904 λόγος
764 833 954 885 ἐκεῖνα
997 828 1110 882 τῶν
1144 824 1601 898 εὐεργετημάτων
1632 822 1840 894 ἐρωτή-

245 946 402 998 ματα
436 929 630 990 ποιεῖν,
653 925 690 979 ἃ.
719 920 1202 994 περιφανεστάτην
1230 917 1348 988 ἔχει
1396 916 1496 986 τὴν
1529 914 1841 984 ἐνάργειαν,

243 1021 345 1073 καὶ
379 1019 481 1072 οὐκ
505 1018 655 1071 ἐστιν
675 1014 867 1070 -οὐδενὶ
911 1011 1021 1065 τῶν
1047 1010 1330 1068 ,λαϐόντων
1373 1004 1721 1078 ἐξαρνεῖσθαι
1745 1003 1844 1073 τὴν

243 1113 438 1184 χάριν.
485 1111 786 1178 ’Υπάγοιτο
836 1105 882 1161 δ’
912 1107 980 1160 ἂν
1035 1103 1114 1176 τῷ
1164 1101 1318 1171 αὐτῷ
1372 1101 1560 1155 κανόνι
1615 1097 1710 1152 καὶ
1761 1096 1847 1162 τὸ,

249 1223 270 1256 ι
325 1207 453 1258 Ἐάν
480 1203 593 1272 ἐγὼ
622 1201 756 1272 περὶ
782 1195 1026 1271 ἐμαυτοῦ
1064 1194 1347 1268 μαρτυρῶ,
1371 1196 1405 1266 ή
1440 1191 1717 1264 μαρτυρία
1743 1205 1845 1260 μου

241 1295 464 1368 ἀληθής
492 1298 633 1350 ἐστι.
673 1312 691 1346 ι
730 1293 863 1359 Καὶ,
893 1309 912 1342 ι
946 1289 1075 1344 Ἐὰν
1104 1286 1216 1358 ἐγὼ
1247 1285 1382 1358 περὶ
1425 1282 1664 1356 ἐμαυτοῦ
1707 1297 1849 1352 μαρο

241 1389 425 1458 τυρῶ,
460 1389 493 1457 ή
521 1384 802 1457 μαρτυρία
833 1399 937 1454 μου
962 1382 1062 1434 οὐκ
1089 1379 1238 1434 ἐστιν
1288 1377 1497 1449 ἀληθής
1523 1392 1538 1442 ;
1572 1394 1592 1428 ι
1622 1374 1686 1428 Ei
1739 1373 1849 1443 γὰρ

241 1482 352 1536 καὶ
389 1481 558 1551 ἑτέρα
598 1474 961 1547 διασκέψειτδ
988 1473 1181 1528 δοκοῦν
1208 1469 1446 1526 ἐνταῦθα
1483 1465 1849 1538 διαμάχεσθαι

240 1575 410 1629 λύσιν
437 1559 688 1642 εὑρίσκει
719 1569 859 1642 (16),
895 1567 1009 1622 ἀλλ’
1039 1567 1134 1621 οὐν
1165 1565 1342 1628 οὐδεὶς
1369 1563 1435 1618 ἂν
1465 1559 1850 1630 ἐπιτιμήσειεν

240 1667 399 1738 ὁρῶν
423 1665 564 1734 πρὸς
599 1662 700 1734 τὴν
731 1661 912 1732 δίκην,
938 1659 1038 1714 καὶ
1065 1658 1119 1712 εῖ
1155 1673 1240 1720 τις
1287 1655 1366 1726 μὴ
1409 1651 1847 1723 ἀποφαινομένου

239 1724 403 1826 λέγοι
433 1724 514 1818 τδ,
544 1724 616 1810 ⁷Ἡ
644 1724 922 1826 μαρτυρία
951 1769 1056 1822 μου
1087 1749 1188 1804 οὐκ
1235 1724 1463 1819 ἀληθὴς,
1486 1744 1622 1799 ἀλλὰ
1641 1744 1731 1798 διὰ
1750 1742 1850 1812 τῆς
1882 1724 1924 1782 Β

243 1850 584 1921 ἐρωτήσεως
637 1843 1087 1916 ἀπογυμνοῦντός
1135 1857 1196 1894 τε
1237 1840 1335 1894 καὶ
1375 1835 1852 1898 ἀνακαλύπτοντος

241 1939 356 2009 τὴν
383 1938 500 2000 τοῖς
553 1935 831 1999 Ἰουδαίοις
859 1930 1314 2006 ἐμϐαθυνομένην
1364 1927 1464 1983 καὶ
1505 1927 1854 1998 ἁνελιττομέ-

242 2047 354 2100 νην
387 2029 487 2099 τῆς
509 2027 856 2090 ἀποστασίας
885 2043 945 2079 τε
977 2025 1074 2079 καὶ
1103 2020 1444 2092 κακουργίας
1491 2018 1743 2090 γνώμην.
1791 2019 1854 2070 Ei

247 2121 514 2195 μέντοιγε
551 2137 640 2183 τις
682 2118 786 2183 τὰς
826 2118 1137 2186 ἀποφάσεις
1189 2117 1246 2168 ἐν
1272 2111 1444 2184 ὁμοίῳ
1474 2112 1719 2182 σχήματι
1745 2109 1855 2163 τῶν

244 2216 630 2284 καταφάσεων
659 2215 726 2284 τῇ
756 2210 1064 2281 ἀναγνώσει
1092 2207 1301 2275 διεξίοι,
1330 2207 1512 2277 μάχης
1535 2204 1612 2268 ώς
1636 2202 1855 2272 ἀληθῶς

245 2309 452 2364 ἑαυτὸν
483 2307 582 2362 καὶ
602 2306 843 2378 ταράχου
871 2303 1168 2376 ἐμπλήσει,
1187 2301 1292 2354 κᾶν
1321 2300 1422 2370 τῆς
1445 2292 1856 2367 θεορημοσύνης

246 2404 316 2455 τὸ
345 2399 656 2470 θαυμάσιον
673 2397 854 2467 πάσης
875 2393 1172 2464 ἐπιϐουλῆς
1190 2391 1286 2445 καὶ
1305 2385 1678 2450 ἐναντιώσεως
1694 2385 1859 2454 ὑπερ-

248 2491 644 2563 ανῳκισμένον
699 2491 919 2561 ὁρᾶται.
971 2487 1084 2557 Τῆς
1128 2483 1301 2554 αὐτῆς
1329 2481 1373 2535 δ’
1402 2479 1468 2534 ἂν
1497 2479 1586 2548 εἴη
1639 2475 1860 2530 διασκέ-

246 2587 408 2655 ψεως
439 2584 536 2638 καὶ
572 2585 631 2655 ἡ,
667 2601 688 2635 ι
726 2581 952 2646 Μεῖζων
997 2577 1254 2632 Ἰωάννου
1293 2571 1388 2628 τοῦ
1425 2567 1734 2625 Βαπτιστοῦ
1757 2567 1859 2620 οὐκ

251 2681 564 2748 ἐγήγερται
608 2677 668 2730 ἐν
705 2676 820 2738 τοῖς
868 2672 1150 2742 γεννητοῖς
1194 2667 1307 2722 τῶν
1363 2661 1663 2735 γυναικῶν,
1702 2678 1722 2712 ι
1763 2663 1860 2712 Δε-

251 2767 499 2840 σποτικὴ
551 2765 859 2839 μαρτυρίαο
893 2759 1034 2828 εἶτα,
1072 2779 1092 2813 ι
1139 2761 1200 2813 Ὀ
1245 2759 1303 2814 δὲ
1339 2757 1663 2830 μικρότερος
1704 2752 1764 2804 ἐν
1791 2751 1858 2821 τῇ

253 2856 519 2930 βασιλείᾳ
541 2855 652 2909 τῶν
683 2851 951 2924 οὐρανῶν,
995 2849 1199 2921 μείζων
1229 2845 1400 2904 αὐτοῦ
1430 2848 1570 2899 ἐστι·
1597 2862 1616 2896 ι
1649 2844 1862 2914 ἐρωτη-

257 2949 506 3018 νιιτικῆς
525 2947 636 3019 γὰρ
657 2943 1178 3016 ἀναγινωσκομένης
1200 2943 1354 3012 τῆς,‹
1376 2938 1508 2992 ’0δέ
1531 2936 1858 3008 μικρότερος

255 3041 323 3094 ἐν
337 3042 407 3112 τῇ
431 3039 686 3110 βασιλεία
704 3038 814 3091 τῶν
828 3036 1100 3108 οὐρανῶν,
1122 3033 1324 3107 μείζων
1340 3029 1508 3086 αὐτοῦ
1533 3030 1682 3097 ἐστι;
1709 3047 1727 3079 ι
1750 3043 1864 3097 φω-

253 3138 386 3209 νῆς,
403 3133 634 3205 οὐδεμία
657 3131 724 3204 δὴ
749 3130 1109 3202 μικρολογίας
1129 3127 1445 3199 εὑρίσκεται
1469 3123 1644 3197 χώρα,
1666 3122 1726 3175 οὐ
1755 3123 1862 3192 μὴν

256 3228 385 3283 ἀλλ’
414 3225 539 3281 οὐδὲ
568 3223 851 3296 περινοίας
873 3221 1042 3293 ἄλλης
1083 3221 1347 3292 δεήσεται
1365 3220 1400 3290 ή
1421 3217 1532 3271 τῶν
1560 3212 1864 3287 προκειμέ-

261 3338 377 3374 νων
401 3319 670 3392 ῥημάτων
685 3317 978 3388 σαφήνεια.
997 3313 1163 3368 Ἀλλὰ
1182 3312 1292 3385 γὰρ
1309 3311 1469 3365 τοῦτο
1485 3310 1584 3382 μὲν
1611 3310 1703 3363 καὶ
1727 3307 1865 3370 ἰδίας

1936 547 2050 602 tius
2103 548 2430 603 conﬁrmare
2480 545 2951 615 interrogatione:
2987 543 3106 600 Non
3139 559 3262 616 ego,
3309 544 3524 616 inquit.

1939 639 2076 710 elegi
2114 638 2255 694 vos?
2309 637 2560 694 Solemus
2607 639 2753 694 enim
2791 638 2845 692 in
2883 653 3142 693 sermone
3175 654 3238 692 ca
3265 637 3529 693 beneﬁcia

1944 731 2330 802 interrogando
2395 746 2847 796 commemorare,
2892 746 3013 799 quae
3063 730 3369 785 indubitam
3416 731 3532 785 evi-

1943 823 2185 878 dentiam
2234 823 2454 887 habent,
2513 832 2569 878 et
2600 837 2839 893 quorum
2879 822 3079 877 nemini
3100 822 3240 878 bene
3291 822 3379 877 bis
3432 821 3532 875 ad-

1945 915 2088 970 fecto
2128 916 2252 970 licet
2290 917 2516 986 gratiam
2572 915 2826 972 inliciari.
2872 913 2987 970 Sub
3010 914 3257 970 eamdem
3290 911 3531 981 regulam

1944 1007 2090 1063 cadit
2139 1008 2302 1063 etiam
2337 1007 2514 1064 illud:
2563 1027 2584 1062 ι
2609 1008 2666 1063 Si
2691 1023 2793 1079 ego
2839 1008 2974 1062 mihi
3008 1006 3111 1077 ipsi
3152 1005 3530 1061 testimonium

1946 1099 2039 1166 do,
2076 1101 2444 1155 testimonium
2477 1116 2659 1157 meum
2681 1117 2846 1158 verax
2876 1110 2961 1156 est
2993 1101 3057 1155 ³⁸.
3081 1119 3099 1152 ι
3122 1101 3279 1165 item,
3309 1117 3327 1149 ι
3353 1097 3410 1153 Si
3433 1112 3536 1170 ego

1948 1194 2088 1249 mihi
2141 1193 2246 1264 ipsi
2271 1194 2643 1250 testimonium
2677 1195 2770 1261 do,
2803 1195 3181 1250 testimonium
3217 1207 3399 1248 meum
3424 1205 3536 1246 non

1948 1293 2216 1341 estverax
2249 1284 2291 1317 ¹⁷
2321 1285 2346 1340 2
2375 1303 2396 1339 ι
2423 1285 2744 1356 Quanquam
2785 1287 2932 1342 enim
2972 1286 3078 1340 alia
3117 1298 3340 1355 quoque
3400 1297 3535 1337 con-

1950 1379 2279 1435 sideratione
2333 1381 2481 1451 quod
2536 1381 2629 1438 hic
2675 1381 2893 1436 videtur
2940 1396 3190 1452 pugnare
3230 1378 3534 1442 dirimitur,

1950 1486 2114 1528 nemo
2146 1480 2328 1526 tamen
2366 1471 2680 1542 objurgabit
2738 1473 2987 1529 dicamve
3019 1473 3302 1542 impinget,
3336 1471 3382 1528 si
3417 1469 3540 1540 quis

1950 1561 2098 1616 dicat
2118 1576 2227 1617 non
2255 1576 2379 1618 esse
2406 1561 2512 1619 hoc
2556 1563 2892 1634 negativum,
2917 1561 3314 1618 Testimonium
3352 1575 3538 1616 meum

1953 1669 2064 1708 non
2096 1662 2181 1710 est
2213 1670 2379 1710 verax
2407 1673 2424 1723 ;
2456 1655 2552 1711 sed
2582 1656 2701 1726 ejus
2727 1655 2820 1726 qui
2851 1657 3048 1726 retegit
3078 1655 3432 1725 denudatquc
3452 1654 3538 1709 in-

1953 1744 2120 1798 situm
2154 1743 2359 1802 Judaeis
2399 1757 2564 1818 atque
2586 1747 2912 1817 implicitum
2943 1748 3233 1818 apostasia:
3257 1756 3314 1802 et
3333 1747 3541 1816 impro-

1955 1836 2139 1891 bitatis
2175 1836 2475 1907 ingenium.
2509 1837 2568 1892 Si
2592 1841 2719 1908 quis
2749 1839 2910 1908 igitur
2933 1838 3324 1893 aﬂirmationes
3345 1837 3541 1892 eodem

1954 1936 2144 1982 tenore
2176 1943 2288 1998 quo
2327 1929 2648 1999 negationes
2704 1929 2848 1985 inter
2884 1929 3170 2000 legendum
3204 1929 3541 2000 pronuntiet,

1956 2019 2003 2074 is
2034 2020 2316 2076 enimvero
2366 2036 2546 2091 pugna
2580 2021 2824 2092 seipsum
2852 2036 2916 2078 ac
2945 2021 3356 2093 perturbatione
3391 2035 3544 2075 com-

1955 2109 2155 2180 plchit;
2206 2110 2426 2167 etiamsi
2473 2111 2646 2168 divini
2704 2113 2910 2168 oraculi
2945 2113 3182 2184 dignitas
3242 2112 3547 2167 incursioni

1955 2202 2104 2258 omni
2138 2211 2194 2259 et
2238 2205 2615 2261 contrarietati
2654 2207 2911 2277 superior
2936 2222 3058 2264 esse
3101 2209 3372 2264 videatur.
3409 2205 3548 2262 Illud

1957 2296 2122 2350 etiam
2152 2297 2268 2366 pari
2300 2297 2512 2352 cautela
2547 2297 2894 2354 tractandum
2947 2307 3031 2355 est
3054 2298 3402 2356 Dominicum
3468 2309 3552 2354 te-

1958 2389 2276 2446 stimonium
2305 2410 2320 2448 :
2348 2390 2552 2462 «Major
2583 2389 2794 2447 Joanne
2813 2392 3054 2463 Baptista
3090 2393 3230 2448 inter
3261 2392 3402 2448 lilios
3431 2409 3554 2447 mi.-

1961 2481 2156 2538 lierum
2183 2499 2344 2539 nemo
2370 2486 2669 2541 surrexit.)
2724 2483 2928 2539 Deinde
2961 2502 2976 2539 :
3017 2482 3150 2552 «Qui
3171 2493 3354 2540 autem
3386 2485 3553 2539 minio

1964 2591 2085 2631 mus
2113 2586 2197 2630 est
2227 2575 2281 2631 in
2328 2591 2498 2648 regno
2526 2576 2813 2642 caelorum,
2851 2577 2941 2632 hic
2997 2577 3172 2647 major
3203 2578 3298 2632 lllo
3353 2586 3436 2634 est
3484 2575 3550 2632 “.

1963 2667 2360 2740 lnterrogative
2381 2670 2527 2724 enim
2559 2671 2771 2739 prolata
2813 2685 2970 2726 voce.
3003 2669 3264 2727 Minimus
3278 2680 3461 2726 autem
3494 2672 3554 2726 in

1961 2778 2131 2835 regno
2188 2763 2455 2819 caelorum
2491 2764 2670 2834 major
2720 2763 2815 2820 illo
2843 2764 2974 2819 est?
3029 2780 3206 2836 neque
3233 2765 3554 2836 praedictum

1964 2856 2343 2912 testimonium
2368 2857 2678 2926 perimitur,
2716 2873 2894 2928 neque
2923 2859 3068 2914 ullus
3098 2856 3407 2914 cavillando
3467 2857 3555 2913 lo-

1963 2962 2064 3004 cus
2093 2956 2375 3018 superest.
2407 2947 2552 3014 Quin
2611 2949 2749 3004 adeo
2808 2950 2959 3004 nulla
3005 2959 3263 3019 prtcterea
3330 2948 3557 3004 solertia

1965 3054 2104 3110 opus
2135 3042 2239 3094 crit
2282 3051 2526 3111 utsupra
2574 3041 2720 3096 dicta
2777 3041 2941 3097 verba
3003 3041 3390 3097 iuclarescant.
3447 3041 3553 3096 Sed

1966 3133 2115 3188 enim
2163 3133 2252 3188 hic
2288 3132 2446 3189 locus
2471 3133 2600 3188 alibi
2632 3149 2863 3205 quoque
2894 3135 3224 3205 peculiarem
3254 3143 3448 3189 nactus
3466 3143 3557 3189 est
3607 3183 3610 3186 .

1963 3224 2433 3281 lucubrationem.
2479 3225 2812 3296 Huiusmodi
2835 3227 2944 3283 erit
2974 3227 3187 3283 etiam:
3235 3244 3258 3280 ι
3291 3226 3559 3282 Dei-mitis

1966 3318 2078 3391 jam
2114 3328 2171 3376 et
2201 3319 2547 3390 requiescitis
2572 3319 2615 3352 ¹⁹
2643 3319 2696 3374 2,
2719 3335 2833 3374 non
2862 3321 3010 3375 enim
3047 3321 3454 3392 prouuutiativa
3478 3321 3560 3375 lo-

263 3416 331 3468 ἐν
361 3413 547 3476 ἄλλοις
575 3411 767 3482 ἔτυχεν
793 3407 1059 3481 ἐργασίας
1091 3406 1227 3479 (15).
1259 3405 1515 3460 Τοιοῦτον
1550 3405 1617 3458 ἂν
1645 3402 1732 3474 εῐη
1770 3401 1853 3454 καλ

1969 3413 2120 3468 cutio
2146 3419 2250 3476 est,
2286 3411 2379 3467 sed
2414 3411 2535 3483 ejus
2555 3411 2650 3482 qui
2689 3412 3082 3484 interrogando
3114 3414 3423 3470 socordiam
3455 3417 3557 3470 ob-

262 3508 353 3574 τδ,
394 3526 414 3560 ι
451 3503 765 3560 Καθεύδετε
800 3502 916 3574 (16)
951 3501 1015 3555 τὸ
1041 3501 1228 3554 λοιπον
1256 3499 1351 3552 καὶ
1379 3495 1729 3553 ἀναπαύεσθε
1755 3512 1770 3562 ;
1801 3493 1853 3547 οῖ

1965 3503 2172 3574 jurgat.
2200 3502 2300 3557 Cui
2337 3502 2580 3558 sermoni
2626 3502 2942 3558 subtexitur
2987 3513 3390 3561 consectaneus
3415 3505 3558 3562 alius

264 3601 382 3671 γάρ
409 3597 853 3670 ἀποφαινομένου
884 3595 946 3650 τὸ
995 3595 1170 3666 ῥῆμα,
1201 3594 1259 3646 ἐν
1294 3591 1563 3664 ἐρωτήσει
1596 3590 1654 3644 δέ
1679 3605 1853 3642 ποιου·

1970 3605 2028 3651 et
2053 3611 2331 3666 congruus
2363 3612 2377 3650 :
2409 3613 2428 3647 ι
2459 3593 2700 3667 Surgite,
2715 3611 2909 3652 eamus
2938 3595 3393 3668 hinc’MNeque
3411 3599 3558 3652 enim

272 3691 442 3764 μένου
467 3691 568 3762 τὴν
597 3689 699 3760 τῆς
723 3685 1018 3758 ὀλιγωρίας
1057 3685 1380 3756 ἐπιτίμησιν
1398 3699 1414 3715 ο
1439 3677 1523 3746 οἷς
1545 3681 1850 3751 ἐπιφέρετα

1973 3688 2282 3758 promptius
2332 3687 2491 3742 aliter
2528 3689 2800 3744 sermonis
2834 3690 3006 3744 series
3043 3688 3114 3744 ab
3169 3689 3316 3744 omni
3341 3699 3564 3744 contra-

276 3781 582 3838 ἀκόλουθόν
610 3797 673 3834 τε
709 3778 807 3833 καὶ
852 3775 1332 3848 συναρμοξόμενον
1356 3774 1437 3838 τὸ,
1471 3792 1490 3825 ι
1528 3771 1853 3845 Ἐγείρεσθε,

1975 3778 2213 3834 dictione
2246 3777 2388 3833 felici
2427 3777 2640 3834 calculo
2663 3779 3001 3846 liberabitur,
3037 3795 3203 3850 quam
3243 3780 3288 3836 si
3311 3780 3564 3836 «Dormi-

271 3861 502 3946 ἇγωμεν
540 3871 818 3928 ἐντεῦθεν.
865 3890 885 3924 ι
921 3870 997 3924 Οὐ
1045 3869 1156 3940 γὰρ
1191 3867 1258 3921 ἂν
1295 3866 1472 3930 ἄλλως
1524 3864 1853 3937 ἐτοιμότεροε

1970 3871 2045 3926 tis
2094 3870 2208 3940 jam
2254 3879 2310 3925 et
2360 3870 2736 3939 requiescitis»
2773 3870 3221 3944 interrogativam
3248 3873 3302 3928 in
3333 3872 3564 3945 legendo

274 3970 309 4040 ἡ
326 3966 434 4022 τῶν
457 3966 724 4040 ῥημάτων
743 3963 1008 4018 συνέπεια
1026 3961 1209 4015 ἐλευθε
1217 3959 1420 4032 ροῦσαν
1437 3957 1664 4013 ὑπέλθοι
1687 3956 1853 4027 ψῆφοι

1971 3979 2085 4033 ιιι-ιε
2107 3978 2166 4018 se
2197 3961 2338 4018 ferat
2364 3962 2820 4032 increpationem.
2853 3961 2988 4034 Ejus
3017 3964 3237 4035 generis
3268 3963 3562 4020 innumera

274 4059 368 4114 τοῦ
400 4058 571 4131 μηδὲν
604 4056 898 4128 μάχεσθαι,
935 4057 984 4110 si
1017 4054 1093 4125 μὴ
1124 4051 1202 4117 τὸ,
1261 4069 1280 4105 t
1318 4051 1624 4106 Καθεύδετε
1667 4051 1729 4102 τὸ
1764 4049 1875 4101 λοι·
1973 4057 2122 4106 sunt.
2521 4059 2528 4067 '

280 4153 380 4208 τὼν
429 4149 532 4206 καὶ
577 4147 949 4215 ἀναπαύεσθε,
980 4165 1000 4200 ι
1041 4145 1142 4217 τὴν
1210 4143 1636 4216 ἐρωτηματικὴν
1673 4141 1761 4196 διά
1811 4141 1912 4212 τῆς
1986 4141 2348 4212 ἀναγνώσεως
2409 4141 2771 4215 προσάλλοιτο
2846 4144 3201 4216 ἐπιτίμησιν·
3245 4145 3343 4200 καὶ
3395 4147 3568 4219 μυρία

281 4243 447 4406 at;
486 4331 906 4402 Κακουργήσειε
931 4329 976 4382 δ’
1017 4327 1082 4381 ἄν
1107 4344 1192 4390 τις
1228 4323 1337 4378 τῶν
1382 4323 1455 4377 τὰ
1498 4322 1725 4379 τοιαῦτα
1749 4322 1853 4376 τολι

2048 4323 2137 4378 18.
2173 4319 2408 4392 Maligne
2435 4321 2636 4391 aliquis
2677 4336 2889 4388 eorum,
2936 4322 3137 4392 quibus
3183 4323 3300 4380 haec
3335 4327 3566 4382 artiﬁcia

281 4429 388 4501 μᾷν
419 4424 694 4480 εἰωθότων
720 4422 875 4494 παρὰ
896 4419 996 4491 τὴν
1029 4419 1294 4490 σύγχυσιν
1316 4416 1419 4487 τῆς
1442 4415 1624 4479 αἰτίας
1655 4415 1716 4468 τὸ
1739 4432 1848 4470 κακ

1985 4415 2272 4471 latniliaria
2295 4423 2446 4480 sunt,
2477 4414 2771 4470 versutiam
2795 4429 2950 4469 suam
2979 4430 3102 4469 cum
3135 4431 3316 4472 causa:
3347 4427 3568 4487 pertur-

276 4519 536 4590 οὐργημα
590 4513 924 4578 διαπλέκων,
968 4513 1062 4566 καὶ
1110 4511 1246 4583 πρδς
1312 4509 1393 4574 τὸ,
1433 4527 1453 4561 ι
1511 4509 1637 4561 Ἐάν
1676 4507 1762 4570 τίς
1817 4524 1853 4560 σι

1981 4509 2199 4564 hatione
2246 4507 2518 4573 miscebit,
2575 4507 2706 4561 dum
2767 4507 2816 4561 ei
2863 4507 3152 4571 locutioni,
3214 4527 3233 4560 ‹
3268 4508 3458 4580 Siquis
3517 4523 3570 4566 te

282 4612 492 4682 ῥαπίσῃ
521 4609 600 4673 εἰς
623 4608 720 4680 τὴν
747 4607 929 4672 δεξιὰν
956 4605 1204 4674 σιαγόνα,
1237 4601 1470 4674 στρέψον
1491 4598 1638 4671 αὐτῷ
1661 4600 1755 4654 καὶ
1777 4598 1853 4671 τὴ·

1979 4601 2305 4672 percusserit
2325 4600 2381 4654 in
2412 4601 2602 4655 dextra
2628 4615 2788 4669 gena,
2811 4600 2994 4670 praebe
3020 4599 3095 4653 illi
3121 4609 3175 4654 et
3196 4600 3428 4657 alteram
3451 4603 3495 4634 ¹¹
3512 4619 3561 4668 ς»

278 4706 472 4775 ἄλλην,
512 4723 531 4756 ι
570 4702 669 4774 τὴν
696 4699 1188 4771 άντεπενεχθεῖσαν
1213 4695 1292 4768 τῷ
1309 4695 1648 4767 τυπτήσαντι
1669 4694 1853 4746 Δεσπο·

1974 4705 2213 4765 opponet
2269 4695 2476 4750 Christi
2537 4710 2888 4763 responsum,
2945 4696 3038 4766 qui
3085 4699 3398 4768 percussori
3451 4700 3568 4766 ait,

277 4799 442 4869 τικὴν
474 4797 683 4866 φωνὴν,
723 4814 742 4847 t
780 4793 844 4848 Τί
878 4810 946 4865 με
991 4793 1208 4864 δέρειςς
1244 4808 1262 4841 ι
1299 4788 1374 4852 ώς
1395 4788 1853 4857 ἀντιπράττουσαε

1980 4790 2118 4842 «Cur
2158 4801 2245 4841 me
2283 4786 2446 4842 caedis
2473 4787 2516 4818 ”
2545 4787 2596 4840 ?I
2632 4786 2832 4842 Verum
2871 4787 2961 4842 ubi
3021 4789 3308 4859 perspicue
3360 4791 3572 4862 patefa~

284 4887 731 4962 προϐαλλόμενος
798 4884 912 4956 (17)
942 4900 956 4914 '
1010 4883 1126 4936 ἀλλ’
1183 4882 1264 4945 εἰς
1335 4879 1397 4934 τὸ
1463 4877 1853 4948 ἐμφανέστατα

1982 4889 2131 4934 ctum
2161 4878 2324 4934 fuerit
2359 4894 2586 4935 causam
2623 4880 2700 4935 rei
2722 4895 2843 4936 esse
2873 4881 3058 4946 aliam,
3087 4882 3400 4937 criminatio
3423 4883 3570 4939 illico

1905 4371 1951 4427 Ι)

1511 5036 1602 5092 51.
1709 5036 1753 5067 ¹⁸
1813 5034 2004 5089 Matth.
2040 5048 2117 5099 χι,
2183 5033 2270 5088 ll.

375 5047 420 5077 ¹⁶
463 5041 626 5098 Joan.
669 5060 788 5101 vtzt.
859 5043 949 5096 14.
1049 5041 1090 5073 ¹⁷
1152 5040 1312 5094 Joan.
1390 5053 1444 5101 v,

2393 5033 2434 5064 ’⁸
2466 5032 2656 5091 Matth.
2716 5052 2871 5104 xxvr,
2900 5037 2991 5109 45.
3058 5030 3103 5068 ⁵ο
3138 5037 3300 5094 Joan.
3327 5055 3444 5103 xnv,
3475 5041 3568 5094 51.

283 5115 605 5182 "Mutum,
661 5115 750 5168 50.
826 5115 872 5144 ³⁸
915 5111 1076 5169 Joan.
1126 5125 1286 5174 xvm,
1340 5107 1432 5162 2'5.

1834 5195 2074 5252 NOTAE.

359 5327 406 5397 tl
427 5325 472 5397 t7)
501 5325 562 5397 in
597 5319 1040 5397 amphilochiana
1068 5316 1370 5397 quaestione
1396 5313 1489 5397 98.
1583 5381 1705 5397 MM

1979 5317 2032 5367 iu
2070 5315 2292 5397 vulgato
2325 5312 2628 5370 Bibliorum
2656 5325 2976 5372 nostrorum
3038 5327 3187 5372 textu
3232 5321 3572 5391 interrogare

359 5380 475 5465 (15)
513 5393 654 5463 Lege
671 5380 1363 5465 tiutestionelnatnpli.1‘22
1389 5389 1559 5465 (nime
1582 5380 1874 5465 ﬁllinapud
1979 5401 2098 5465 non
2114 5380 2268 5465 licet.

289 5455 663 5529 wbmimfet
691 5455 754 5515 in
781 5461 1006 5529 cpistola
1027 5455 1204 5513 Plio'tii
1239 5456 1356 5512 180.
1392 5462 1650 5529 (ιιυιιοχι.
1675 5456 1788 5529 9-8).

2053 5455 2561 5529 (17)γριιαῖειίοιιθηι
2622 5457 2764 5513 hanc
2814 5458 2946 5529 aliis
2985 5460 3165 5514 verbis
3207 5467 3390 5514 versat
3429 5459 3572 5516 Pho-

361 5537 474 5620 (16)
512 5525 851 5620 mmmam
872 5525 1876 5620 seindicati-viaequeuigiliam-imps-
1983 5528 2851 5620 titl’is‘etiatit-iu:_Ampltilochiana
2887 5528 2985 5582 157
3010 5530 3178 5599 (nunc
3217 5530 3363 5598 155),
3405 5546 3568 5600 quam

290 5591 620 5675 rativi'apud
642 5603 862 5675 Graecos
877 5601 1095 5675 proprio
1112 5611 1216 5675 est,
1234 5591 1622 5653 Verumtamen
1653 5597 1706 5647 in
1733 5591 1879 5646 Lati-
1985 5597 2215 5654 Wolﬁus
2235 5599 2422 5654 edidit.

290 5698 358 5735 na
410 5670 597 5748 lingua
648 5673 777 5729 huic
825 5670 1168 5743 ambiguitatt
1201 5670 1355 5724 locus
1392 5683 1500 5722 non
1530 5675 1618 5720 est.
1661 5683 1673 5716 ε
1708 5679 1881 5734 quare
