3912 6218
357 277 427 341 τι
1528 268 1794 330 ΡΗΟΊῚΙ
1835 264 1955 325 ΡΑἿ

2058 262 2345 325 CARCH/E
2374 267 2478 328 ΟΡ.

3583 270 3671 335 ἿΞ

361 388 651 445 refelletur.
680 383 890 439 Etenim
982 381 1191 437 Ιιοιιιίιιῑ
1223 380 1316 452 qui
1376 379 1623 452 pecunia:
1669 388 1764 431 aut
1806 375 1945 429 alia-

2058 374 2473 445 καθισταμένου,
2500 375 2574 438 ὡς
2599 377 2633 445 ή
2664 376 2813 429 αἰτία
2843 375 3121 447 διάφορος,
3153 376 3348 431 θᾶττον
3388 377 3659 432 ἀπαιτεῖ-

359 496 481 535 rum
512 493 677 548 opmn
707 484 798 530 aut
843 475 1093 546 corporis
1146 475 1537 530 detrimentum
1572 485 1770 542 passus
1825 469 1947 523 fue-

358 572 452 634 rit,
504 568 731 623 mandat
780 567 932 636 pacis
994 565 1141 621 Deus
1191 579 1261 620 ne
1331 568 1613 635 repugnet,
1680 569 1844 631 atque
1891 568 1953 613 ut

360 662 615 717 Nimium
665 658 834 715 indici
888 658 1331 729 persecutionem
1384 654 1603 725 injuriae
1645 652 1945 724 permittat.

363 753 560 807 Verum
607 752 887 807 enimvero
920 749 1010 804 ubi
1039 749 1313 820 quispiam
1341 747 1600 803 scelestas
1629 758 1827 800 manus
1868 743 1952 795 in-

362 843 566 908 tulerit,
601 859 710 897 non
756 842 997 897 utalicui
1036 841 1420 911 praedictarum
1484 853 1669 893 rerum
1710 843 1905 891 noceat
1930 876 1945 900 ,

359 935 450 987 sed
502 942 564 988 ut
598 934 653 988 in
686 934 804 989 oris
821 934 1153 988 contumelia
1186 948 1301 987 rem
1331 931 1664 1002 prmcipuam
1707 942 1953 1000 pessum-

358 1031 469 1093 det,
498 1042 694 1099 nempe
758 1027 1123 1098 religionem;
1162 1037 1294 1081 tunc
1332 1025 1549 1080 demum
1592 1024 1737 1077 haud
1791 1036 1958 1093 aequo

359 1122 546 1175 animo
571 1119 824 1189 injuriam
852 1128 965 1189 pati
987 1119 1277 1189 jubemur,
1313 1133 1379 1172 ne
1418 1117 1695 1188 patientia
1723 1116 1949 1171 obtentu

359 1211 710 1266 audaciorem
746 1211 971 1281 impium
1001 1210 1315 1275 reddamus,
1357 1224 1467 1265 neu
1496 1208 1719 1264 silentio
1748 1222 1951 1277 augea-

358 1320 483 1358 mus
538 1304 681 1358 hosti
706 1304 943 1368 animos,
973 1319 1084 1373 quo
1108 1303 1301 1372 pietati
1328 1302 1667 1373 petulantius
1700 1301 1949 1356 insultet.

362 1396 498 1452 lluic
525 1398 685 1452 divus
725 1398 888 1451 etiam
961 1395 1191 1463 Paulus,
1235 1412 1334 1452 ceu
1390 1397 1641 1453 sincerus
1670 1394 1951 1465 Evangelii

358 1492 683 1561 discipulus,
740 1491 1014 1560 sapienter
1076 1501 1346 1562 praecepto
1396 1491 1580 1561 paruit
1610 1490 1658 1523 ⁸³
1698 1532 1711 1545 .
1744 1489 1953 1546 idcirco

358 1584 520 1638 etiam
555 1584 774 1638 tribuno
804 1583 1113 1639 Romanum
1147 1584 1380 1640 incussit
1399 1586 1675 1648 timorem,
1704 1599 1773 1639 ne
1800 1584 1951 1639 salu-

361 1675 430 1727 tis
474 1674 727 1743 propriae,
767 1689 933 1744 quam
990 1674 1150 1731 facile
1190 1678 1449 1747 consequi
1499 1685 1732 1748 poterat,
1808 1676 1952 1731 ultro

358 1764 601 1831 proditor
624 1765 924 1832 videretur,
949 1782 1015 1821 ac
1036 1768 1256 1837 pietatis
1277 1770 1497 1825 cederet
1528 1770 1775 1825 inimico.
1828 1767 1951 1824 Ideo

357 1857 593 1927 denique
634 1857 950 1913 uberrimus
1010 1874 1106 1915 eos
1156 1860 1421 1929 repressit
1497 1860 1949 1925 refutationibus,

358 1950 453 2019 qui
503 1951 755 2021 religioni
809 1951 1119 2008 calumnias
1169 1954 1534 2009 struebant“
1563 1996 1578 2013 .
1616 1953 1679 2010 Et
1729 1955 1950 2026 quidem

359 2042 793 2097 fortissimorum
850 2059 1072 2114 quoque
1107 2054 1413 2117 martyrum
1468 2048 1719 2118 egregius
1748 2048 1952 2103 chorus

359 2134 623 2191 adversus
674 2145 935 2207 tyrannos
970 2137 1042 2191 ob
1100 2139 1350 2193 eamdem
1403 2154 1627 2195 causam
1679 2139 1954 2195 constanti

359 2229 542 2299 Lingua
571 2229 855 2302 [irtuisque
899 2232 1074 2287 oculis
1127 2234 1463 2299 armabatur,
1501 2234 1760 2305 pietatem
1824 2249 1953 2289 ora-

361 2322 508 2375 tione
546 2330 729 2386 tuens,
763 2338 827 2377 ac
858 2324 1271 2395 superstitionis
1304 2325 1571 2397 ﬂagitium
1618 2340 1950 2397 coarguens.

360 2412 552 2480 Quoad
585 2416 731 2468 enim
772 2422 1039 2486 tyrannus
1090 2431 1272 2471 veram
1311 2418 1483 2487 ipsam
1544 2419 1951 2473 accusationem

359 2508 601 2578 maligno
632 2510 818 2563 animo
841 2508 1172 2574 dissimulat,
1192 2510 1548 2566 aliisiuterim
1578 2511 1953 2582 syc0phautiis

359 2618 460 2656 ceu
490 2602 820 2671 quibusdam
882 2602 1295 2659 velitationibus
1349 2604 1605 2659 athletam
1639 2620 1902 2661 exercens
1936 2646 1955 2671 ,

360 2695 523 2750 silere
563 2703 787 2765 praestat
841 2695 1252 2766 clementerque
1317 2698 1622 2753 molestiam
1657 2699 1790 2769 pati.
1844 2698 1953 2754 Ve-

360 2804 483 2843 rum
512 2790 603 2843 ubi
634 2790 809 2844 aulaeo
839 2789 1080 2854 sublato,
1115 2792 1258 2846 haud
1300 2791 1415 2862 jam
1465 2802 1795 2864 personatus
1819 2808 1954 2848 con-

362 2892 444 2935 tra
497 2880 818 2951 religionem
886 2880 1205 2951 aggreditur
1250 2881 1516 2949 fabulam,
1570 2892 1685 2937 tum
1719 2882 1955 2953 denique

359 2974 576 3029 strenui:
600 2974 700 3028 viri
734 2982 842 3040 est,
878 2983 1073 3029 etcum
1122 2973 1234 3029 Deo
1263 2985 1479 3047 gratum
1524 2991 1663 3046 opus
1693 2985 1806 3031 tum
1842 2974 1955 3031 Do-

2050 484 2141 520 ται
2171 468 2263 522 τὸν
2288 468 2531 538 ἔλεγχον.
2566 469 2676 522 Καὶ
2721 470 2831 539 γὰρ
2884 470 2964 541 τῷ
3026 470 3125 539 μὲν
3173 471 3253 534 είς
3316 470 3595 541 ἀργύριον
3622 469 3659 541 ἢ

2051 559 2246 625 κτῆσιν
2284 556 2453 628 ἄλλην
2477 560 2572 611 καὶ
2601 558 2735 613 αὐτὸ
2759 560 2820 612 τὸ
2846 559 3007 628 σῶμα
3048 560 3151 629 τὴν
3183 559 3387 631 ζημίαν
3430 560 3660 631 ὑπομέ-

2052 659 2196 703 νοντι
2225 649 2303 723 μὴ
2325 651 2730 718 άντεπεξιέναι,
2760 656 3116 724 παραχωρεῖν
3143 652 3201 706 δὲ
3234 652 3313 725 τῷ
3336 657 3495 726 κριτῇ
3541 653 3667 707 τῶν

2053 744 2211 808 ὅλων,
2243 746 2341 815 τῆς
2387 746 2616 818 εἰρήνης
2667 748 2802 807 Θεὸς
2848 748 3133 802 ἐπιτάττει
3184 747 3286 818 τὴν
3338 747 3659 820 ἐκδίκησιν.

2052 837 2304 893 Ἐπειδὰν
2332 839 2387 892 δέ
2416 857 2502 903 τις
2523 842 2621 904 τὰς
2647 840 2868 905 ἀδίκους
2893 841 3113 913 ἐκτείνῃ
3137 843 3329 912 χεῖρας
3368 842 3470 912 οὐχ
3495 841 3662 904 ὅπως

2051 933 2132 995 εἷς
2160 949 2214 985 τι
2246 933 2355 986 τῶν
2394 934 2703 1006 εἰρημένων
2766 932 2866 1006 τὴν
2914 933 3118 1005 βλάϐην
3169 934 3496 1000 ἐνστίξειεν,
3533 933 3643 987 ἀλλ

2054 1028 2113 1079 ἐν
2134 1030 2200 1098 τῇ
2230 1026 2325 1081 τοῦ
2354 1027 2650 1099 προσώπου
2685 1026 2842 1099 ὕϐρει
2882 1028 2943 1081 τὺ
2996 1028 3439 1099 πρεσϐευόμενον
3469 1026 3661 1097 λωϐή-

2054 1136 2215 1190 σηται
2238 1119 2339 1191 τήν
2364 1119 2651 1173 εὐσέϐειαν
2677 1119 2814 1189 (I8),
2843 1120 2974 1174 τότε
3007 1120 3082 1191 μὴ
3134 1119 3323 1190 φέρειν
3382 1118 3661 1192 ῥᾳθύμως

2052 1213 2153 1286 τὴν
2180 1213 2342 1285 ὕϐριν
2372 1213 2850 1286 προσταττόμεθα,
2875 1212 3013 1286 μηδέ
3037 1215 3164 1285 σιγῇ
3194 1211 3658 1281 συγκατασκευάο

2054 1308 2171 1373 ζειν
2196 1306 2274 1378 τῷ
2300 1306 2481 1380 ἐχθρῷ
2521 1307 2614 1361 τὸν
2657 1306 3119 1380 προπηλακισμὸν
3150 1304 3247 1358 τοῦ
3276 1304 3636 1374 σεϐάσματος

2054 1398 2277 1472 Ταύτην
2300 1400 2396 1452 καὶ
2416 1400 2451 1451 ό
2466 1399 2610 1462 θεῖος
2635 1396 2873 1461 Παῦλος,
2892 1396 2987 1450 άτε
3010 1395 3075 1466 δὴ
3102 1397 3328 1466 γνήσιος
3353 1393 3448 1447 τοῦ
3479 1394 3655 1463 λόγου

2058 1491 2329 1564 μαθητὴς,
2363 1494 2421 1545 ἐν
2453 1492 2617 1563 σοφίᾳ
2654 1490 2754 1560 τὴν
2774 1489 2996 1561 ἐντολὴν
3025 1486 3460 1559 κατωρθώσατοο
3485 1485 3666 1539 τοῦτα

2059 1588 2158 1658 μὲν
2202 1586 2441 1656 Ἐλύμαν
2479 1586 2570 1641 τὸν
2605 1585 2780 1657 μάγον
2832 1584 2945 1655 (19)
2988 1580 3411 1635 ἐπιϐουλεύοντα
3435 1578 3515 1649 τῷ
3545 1595 3659 1648 κη-

2059 1682 2300 1754 ρύγματι
2325 1682 2579 1752 στερήσει
2599 1679 2709 1732 τῶν
2729 1678 2927 1747 ὄψεων,
2953 1673 3299 1730 ἀναστέλλων
3318 1688 3378 1725 τε
3400 1669 3494 1724 τοῦ
3524 1670 3665 1722 σιτολ-Δ

2059 1775 2313 1845 μήματος
2342 1775 2438 1827 καὶ
2459 1773 2616 1841 δίκην
2639 1769 2886 1825 ἀπαιτῶν
2909 1786 2921 1797 ο
2946 1766 3105 1821 τοῦτο
3151 1764 3208 1819 δὲ
3248 1762 3328 1845 τῷ
3374 1760 3668 1833 χιλιάρχῳ

2054 1870 2144 1923 τδν
2187 1868 2497 1938 Ῥωμαϊκὸν
2523 1867 2781 1921 ἐπισείων
2812 1865 2998 1935 φόϐον,
3027 1864 3113 1916 ἵνα
3134 1861 3236 1933 μὴ,
3265 1861 3393 1932 ῥᾷον
3419 1858 3479 1910 ὃν
3505 1857 3655 1911 ἀνα-

2055 1962 2359 2028 σώσασθαι,
2391 1962 2492 2033 τῆς
2521 1959 2794 2031 σωτηρίας
2827 1956 3096 2028 προδότης
3134 1954 3267 2024 ἁλῷ,
3299 1952 3393 2005 καί
3434 1949 3514 2020 τῷ
3545 1948 3656 2017 τῆς

2054 2054 2339 2117 εὐσεϐείας
2388 2051 2962 2120 ὑποκατακλινόμενος
3010 2045 3189 2116 ἐχθρῷ
3217 2060 3237 2073 ⁶
3266 2041 3427 2097 τοῦτο
3448 2040 3505 2094 δὲ
3540 2056 3661 2111 μα-

2054 2149 2210 2216 κροῖς
2241 2144 2615 2216 ἐπιστομίζων
2646 2144 2891 2213 ἐλέγχοις
2945 2140 3074 2206 τοὺς
3122 2138 3221 2208 τὴν
3273 2132 3663 2202 συκοφαντίαν

2054 2238 2198 2291 κατά
2226 2237 2330 2308 τῆς
2360 2236 2599 2301 πίστεως
2635 2233 3090 2297 συσκευάζοντας.
3117 2230 3228 2285 Καὶ
3258 2227 3370 2281 τῶν
3402 2223 3655 2279 καλλινί-

2055 2347 2169 2383 κων
2199 2326 2256 2383 δὲ
2291 2328 2589 2400 μαρτύρων
2617 2329 2646 2381 ό
2674 2327 2818 2391 θεῖος
2844 2323 3004 2397 χορὸς
3025 2324 3115 2377 διὰ
3141 2322 3243 2394 τὴν
3266 2318 3437 2390 αὐτὴν
3462 2315 3655 2370 αἰτίαν

2055 2424 2194 2496 πρὸς
2222 2426 2349 2489 τοὺς
2371 2423 2676 2495 τυράννους
2699 2417 3173 2492 ἐπαρρησιάζοντο
3189 2413 3448 2482 άπτοήτῳ
3465 2408 3661 2479 γλώσ-

2057 2535 2125 2590 σῃ
2157 2518 2255 2571 κα)⁹
2274 2515 2617 2588 δυσωπήτοις
2637 2514 2938 2585 ὀφθαλμοῖς
2961 2511 3053 2567 τὸν
3082 2511 3223 2581 ὑπὲρ
3242 2508 3341 2580 τῆς
3358 2503 3654 2566 εὐσεϐείας

2054 2610 2213 2679 λόγον
2244 2608 2606 2681 συνείροντες,
2634 2607 2845 2678 καὶτῆς
2876 2605 3135 2668 ἀσεϐείας
3172 2602 3232 2656 τὸ
3262 2600 3549 2670 δύσφημον
3570 2597 3651 2651 δι-

2056 2696 2393 2775 ελέγχοντες.
2423 2702 2513 2757 Ἑν
2548 2698 2630 2767 οἷς
2657 2702 2760 2772 μὲν
2790 2701 2899 2771 γὰρ
2921 2703 2948 2755 ὁ
2973 2699 3239 2770 τύραννος
3262 2695 3356 2750 τὸν
3382 2691 3477 2747 τοῦ
3500 2708 3664 2763 μαρσ-

2054 2799 2247 2871 τυρίου
2282 2798 2440 2867 λόγον
2473 2797 2621 2853 ἔνδον
2662 2795 2989 2866 κακούργως
3033 2788 3522 2861 ἀποκρυπτόμενος
3549 2783 3660 2837 ἄλ·-

2056 2892 2177 2958 λαις
2200 2892 2509 2963 ἐπηρείαις,
2527 2891 2715 2960 ὥσπερ
2732 2888 2842 2942 τισὶ
2862 2884 3348 2958 προαγωνίσμασι,
3366 2880 3459 2934 τὸν
3478 2876 3657 2947 άθληο

2055 2984 2156 3056 τὴν
2184 2981 2499 3054 δοκιμάζει,
2536 2982 2696 3053 σιγᾷν
2719 2981 2943 3050 ἄμεινον
2975 2977 3070 3031 καὶ
3113 2976 3301 3046 πράως
3332 2974 3517 3044 φέρειν
3548 2968 3655 3039 τὴν

362 3067 549 3121 minici
570 3066 695 3121 facti
710 3067 991 3133 aemulum,
1011 3067 1191 3122 verbis
1216 3068 1639 3124 adversantibus
1656 3067 1757 3132 uti,
1774 3083 1952 3138 neque

2058 3076 2339 3149 ἐνόχλησιν
2366 3093 2381 3110 ο
2419 3074 2642 3128 ἐπειδὰν
2669 3074 2725 3127 δὲ
2756 3074 2854 3145 τὴν
2886 3070 3092 3141 σκηνὴν
3118 3065 3399 3128 διαλύσας,
3433 3060 3655 3133 ἀπρόσ-

364 3174 456 3227 per
485 3158 761 3214 silentium
795 3158 956 3213 malis
1022 3158 1384 3214 histrionibus
1428 3158 1525 3212 Dei
1570 3158 1775 3213 cultum
1823 3173 1955 3229 pro-

362 3253 490 3305 dere
514 3268 543 3318 ;.
570 3251 682 3304 imo
705 3262 847 3305 vero,
880 3251 1028 3305 hunc
1075 3251 1144 3304 ab
1174 3250 1323 3304 omni
1372 3249 1754 3305 criminatione
1792 3260 1957 3321 atque

365 3345 565 3413 impetu
599 3342 898 3407 vindicare,
933 3351 1049 3397 tum
1074 3342 1314 3398 veridica
1341 3343 1551 3399 scilicet
1579 3344 1825 3399 oratione
1839 3353 1954 3399 tum

362 3436 528 3491 etiam
572 3435 743 3490 animi
796 3433 1148 3490 strenuitate.
1218 3433 1389 3490 Nocet
1435 3435 1637 3505 aliquis
1674 3436 1954 3506 pecunizc,

364 3532 535 3604 agris,
570 3531 653 3585 vel
706 3530 1161 3585 contumeliosam
1208 3543 1431 3599 quoque
1473 3543 1694 3584 manum
1740 3531 1965 3600 corpori-

364 3627 555 3682 alfert?
606 3627 878 3697 patienter
921 3624 1067 3681 ferre
1126 3625 1305 3693 decet,
1340 3626 1649 3681 constantia
1706 3626 1960 3696 mitigare

365 3719 665 3775 iraruudiae
713 3718 1010 3785 ﬂammam,
1044 3719 1343 3789 damnique
1379 3728 1695 3789 contemptu
1730 3718 1961 3774 insatia-

366 3817 527 3871 bilem
569 3813 815 3868 avaritize
865 3812 1012 3866 sitim
1066 3812 1336 3866 inhibere.
1386 3810 1492 3867 Ubi
1539 3820 1720 3866 tamen
1769 3812 1958 3883 piacu-

365 3910 561 3965 larium
603 3916 768 3978 atque
812 3906 1106 3976 impiorum
1140 3905 1343 3971 instar,
1369 3905 1583 3961 honesti
1608 3905 1779 3961 moris
1809 3920 1960 3960 asse-

363 4004 461 4058 clae
517 3999 911 4071 religionisque
959 4012 1262 4067 praecones,
1319 3996 1388 4052 ab
1440 3996 1635 4052 harum
1689 3997 1955 4051 virtutum

365 4096 618 4150 hostibus
670 4093 1033 4148 traducentur
1098 4091 1373 4162 malisque
1427 4091 1788 4156 irretientur,
1829 4101 1959 4145 tunc

364 4188 506 4242 haud
536 4186 689 4241 taciti
737 4183 999 4256 injuriam
1036 4184 1410 4255 perferemus;
1444 4183 1537 4238 sed
1596 4186 1726 4254 quia
1770 4183 1959 4253 iniqua

365 4282 611 4349 patimur
667 4279 766 4350 pii,
797 4288 853 4334 et
880 4279 1010 4349 quia
1050 4276 1335 4348 Evangelii
1376 4276 1623 4333 sacrario
1664 4277 1745 4331 vis
1790 4276 1959 4331 infer-

363 4382 471 4439 tur,
500 4379 683 4427 mente
709 4372 1001 4442 linguaque
1034 4370 1377 4425 audebimus.
1458 4368 1591 4424 Nam
1629 4385 1753 4425 eum
1811 4370 1960 4441 prio-

365 4480 423 4517 re
458 4479 641 4518 rerum
704 4462 1022 4518 conditione
1071 4462 1351 4518 silentium
1403 4461 1558 4517 mirae
1616 4461 1834 4517 virtutis
1876 4462 1953 4516 si-

364 4554 641 4624 gniﬁcatio
702 4565 807 4616 est.
860 4555 1166 4625 posteriore
1224 4564 1408 4610 tamen
1463 4555 1509 4611 si
1544 4554 1705 4623 ,l‘orte
1763 4570 1951 4610 vocem

364 4650 769 4712 contineamus,
803 4649 1100 4717 impietatis
1139 4648 1427 4703 audaciam
1457 4658 1662 4703 contra.
1679 4649 1955 4720 evangeli-

365 4754 492 4792 cum
522 4739 749 4795 verbum
781 4754 1134 4795 exacucmus.

446 5124 491 5157 is
520 5106 638 5159 Act.
671 5121 796 5174 xm,
842 5108 899 5163 8.
957 5110 1006 5144 ⁸⁸
1032 5112 1154 5167 Διί-ιι.
1195 5113 1443 5176 uti-.25.

1992 4430 2043 4486 Ι)

2056 3188 2207 3225 ωπον
2255 3172 2355 3242 τὴν
2383 3169 2525 3224 κατὰ
2556 3169 2656 3239 τῆς
2679 3165 2964 3230 εὐσεϐείας
2990 3164 3301 3235 εἰσέρχεται
3323 3157 3657 3229 κωμῳδίαν,

2056 3265 2182 3319 τότε
2204 3264 2291 3334 δὴ,
2323 3264 2446 3318 τότε
2484 3262 2737 3333 γενναῖόν
2766 3277 2826 3314 τε
2857 3260 2953 3313 καὶ
2997 3257 3153 3328 φίλον
3192 3255 3335 3326 Θεῷ,
3393 3252 3488 3306 καὶ
3542 3249 3649 3318 τῆς

2059 3357 2399 3427 Δεσποτικῆς
2429 3353 2693 3427 ἐργασίας
2725 3350 2980 3423 μίμησις,
3021 3345 3402 3412 άντεπεξιὲναι
3440 3342 3660 3410 λόγοις,

2060 3450 2155 3503 καὶ
2184 3449 2259 3519 μὴ
2290 3450 2358 3520 τῇ
2398 3448 2579 3518 σιωπῇ
2615 3442 2927 3517 προδιδόναι
2963 3442 3083 3504 ταῖς
3123 3437 3439 3510 κωμῳδίαις
3465 3434 3528 3487 τὸ
3557 3435 3663 3486 λαι

2060 3544 2418 3617 τρευόμενον·
2455 3542 2709 3613 κρεῖττον
2734 3539 2792 3593 δὲ
2822 3535 3087 3607 παρέχειν
3107 3532 3280 3603 λαϐῆς
3310 3530 3529 3600 ἀπάσης
3558 3524 3665 3581 καὶ

2065 3638 2363 3708 ωσκευῆς,
2388 3636 2547 3690 τοῦτο
2591 3635 2689 3707 μὲν
2713 3633 2940 3702 ἀληθέσι
2967 3630 3170 3700 λόγοις,
3191 3623 3420 3680 τοῦτοδὲ
3447 3621 3525 3692 τῷ
3550 3620 3657 3691 τῆς

2059 3729 2243 3801 ψυχῆς
2274 3728 2689 3799 παραστήματι.
2730 3724 2827 3786 Εἰς
2853 3719 3120 3793 ἀργύριόν
3151 3736 3234 3781 τις
3282 3710 3663 3772 ἐπιϐουλεύει,

2058 3825 2138 3886 είς
2169 3822 2395 3893 ἀγροὺς,
2429 3821 2467 3891 ἢ
2506 3821 2602 3872 καὶ
2638 3819 2798 3889 χεῖρα
2850 3813 3063 3884 ὕϐρεως
3106 3808 3521 3864 ἐπανατείνεται
3569 3801 3659 3874 τῷ

2062 3915 2316 3985 σώματι;
2348 3912 2689 3978 ἀνεξικάκως
2716 3908 2984 3980 προσήκει
3026 3904 3237 3976 φέρειν,
3293 3895 3656 3971 μακροθυμίᾳ

2059 4006 2419 4079 διαπραΰνειν
2444 4005 2505 4058 τὸ
2546 4001 2881 4073 φλεγμαῖνον
2909 3999 3009 4069 τῆς
3047 3994 3239 4068 ὀργῆς,
3272 3994 3367 4045 καὶ
3407 3990 3505 4061 τῆς
3530 3988 3657 4058 φιλ*

2061 4099 2355 4171 αργυρίας,
2418 4096 2684 4168 ὀλιγωρία⁸
2734 4094 2837 4165 τῆς
2892 4086 3117 4162 ζημίας,
3177 4083 3532 4141 ὑποστέλλειν
3591 4079 3658 4133 τὺ

2061 4194 2362 4265 ἄπληστον.
2408 4191 2546 4246 Ἀλλ’
2577 4190 2653 4253 ὡς
2708 4190 2943 4258 ἐναγεῖς,
2973 4187 3048 4249 ὠς
3097 4184 3315 4248 ἀσεϐεῖς
3365 4183 3493 4246 τοὺς
3548 4180 3657 4251 τῆς

2060 4288 2263 4359 ἀρετῆς
2288 4284 2528 4357 ἐργάτας
2558 4285 2655 4338 καῖ
2687 4283 2785 4353 τῆς
2808 4280 3093 4345 εὐσεϐείας
3120 4281 3373 4352 κήρυκας
3395 4279 3423 4329 ὁ
3444 4274 3653 4346 ταύτης

2062 4378 2280 4433 ἐλαύνει
2313 4376 2509 4449 ἐχθρὸς
2534 4377 2631 4431 καλ⁵
2658 4376 2852 4437 κακοῖς
2894 4371 3289 4443 παραδίδωσιν,
3310 4369 3371 4423 οὐ
3396 4369 3522 4437 σιγῇ
3550 4368 3656 4437 τὴν

2063 4472 2219 4544 ὕϐριν
2244 4474 2486 4543 οἴσομεν,
2517 4471 2636 4525 ἀλλ’
2665 4469 2743 4532 ὡς
2770 4468 2931 4521 ἄδικα
2977 4467 3078 4537 μὲν
3131 4465 3438 4533 πάσχοιμεν
3490 4459 3654 4512 εὐσε-

2063 4567 2288 4631 ϐοῦντες
2321 4566 2497 4630 αὐταὶ,
2534 4564 2696 4619 ἄδικα
2723 4562 2781 4616 δὲ
2809 4560 3010 4630 πάσχοι
3040 4558 3099 4611 τὸ
3140 4558 3339 4611 σεπτὸν
3399 4552 3497 4608 τοῦ
3548 4570 3653 4624 κη-

2070 4659 2372 4730 ρύγματος,
2402 4658 2497 4711 καὶ
2534 4655 2733 4729 γνώμῃ
2765 4654 2860 4708 καὶ
2883 4645 3650 4722 γλώσσῃαπαρῤησιασόμεθα.

2069 4755 2221 4807 Ἐκεῖ
2262 4752 2363 4823 μὲν
2393 4751 2504 4824 γὰρ
2534 4752 2567 4820 ή
2606 4748 2734 4817 σιγὴ
2757 4746 3068 4818 θαυμασίας
3104 4744 3253 4798 ἐστὶν
3287 4742 3489 4813 ἀρετῆς
3512 4742 3650 4793 ὐπο-

2063 4846 2311 4908 τύπωσις
2336 4862 2350 4877 ο
2384 4843 2627 4899 ἐνταῦθα
2652 4844 2709 4896 δὲ
2734 4841 2793 4894 τὸ
2824 4841 2985 4911 σιγᾷν
3012 4835 3539 4907 καταθρασύνεσθαι
3558 4832 3651 4888 τοῦ

2063 4938 2222 5006 λόγου
2259 4936 2459 5008 μᾶλλον
2494 4933 2819 5009 παρακαλεῖ.
2845 4932 2945 5003 τὴν
2979 4930 3257 4985 ἀσέϐειαν.

1933 5254 2177 5313 ΝΟΤλΕι

443 5396 554 5466 (l8)
589 5393 784 5448 Cicero
810 5394 875 5466 _in
908 5393 1004 5449 ΟΥ.
1040 5401 1155 5466 post
1184 5393 1296 5447 red.
1325 5394 1378 5446 in
1415 5406 1531 5446 seu.
1574 5409 1626 5459 ν,
1656 5402 1714 5466 et
1738 5392 1971 5466 hactan-

373 5464 502 5528 tius,
531 5467 668 5520 hist.
709 5480 763 5524 v,
801 5464 855 5529 9,
888 5475 1054 5534 caput
1104 5464 1294 5518 dicunt
1328 5473 1538 5534 partem
1570 5465 1812 5519 hominis
1841 5481 1969 5519 san-

370 5538 693 5591 ctissimam.
727 5533 1161 5589 Photius’autent
1191 5548 1435 5605 anagoge
1463 5533 1677 5605 nititur.

443 5607 553 5676 (19)
598 5605 815 5675 Elymus
845 5606 1165 5660 vocabulum
1201 5604 1476 5676 signiﬁcat
1520 5604 1744 5659 Persam
1787 5604 1965 5676 (Puly-

373 5675 567 5731 chron.
609 5680 674 5749 ad
710 5676 850 5730 Dan.
876 5691 995 5749 cap.
1025 5693 1123 5740 vn,
1164 5675 1413 5749 ‘2).Magi
1451 5687 1632 5749 autem
1665 5691 1840 5749 genus
1870 5675 1967 5729 ho-

374 5749 583 5803 minum
612 5748 928 5804 Persarum.
965 5748 1173 5803 l’hotio.
1205 5747 1411 5802 nomen
1450 5747 1733 5817 propriqu
1778 5748 1962 5804 visum

2069 5404 2153 5449 est
2178 5392 2416 5464 Elymus.
2456 5394 2535 5448 Ad
2573 5395 2719 5448 hunc
2742 5397 2976 5464 Actuum
3001 5390 3444 5464 iapostolicorum
3476 5390 3659 5447 locum

2070 5462 2379 5534 respeiisse
2458 5464 2697 5519 arbitror
2736 5533 2741 5534 ί
2781 5462 3139 5534 Menandrum
3200 5462 3545 5534 historicum
3605 5464 3658 5515 in

2075 5532 2360 5605 Excerptis
2413 5550 2442 5590 a
2502 5551 2588 5589 mc
2615 5533 2778 5589 editis
2805 5533 3251 5604 Porphyrogeniti
3304 5534 3367 5603 (t.
3417 5532 3457 5605 ll
3519 5532 3661 5589 Coll.

2070 5606 2187 5659 Vat.
2258 5604 2337 5675 7p.
2400 5605 2527 5675 559)
2595 5606 2685 5660 ubi
2750 5615 2951 5675 exstat,
2990 5606 3324 5673 epigramma
3365 5604 3470 5675 “de
3552 5605 3660 5675 alio

2065 5692 2228 5744 mago
2254 5672 2557 5731 recentiore
2590 5676 2756 5731 Persa
2788 5672 3125 5744 praedictioni
3156 5672 3484 5745 evangelicae
3510 5674 3649 5731 obsi-

2068 5758 2275 5801 stente.
