3976 6222
274 308 350 370 ⁸73
964 327 978 335 ·
1342 310 1442 370 ΑΙ)
1472 306 1875 373 AMPIIILOCI

1979 314 2065 374 1M
2104 314 2450 388 QUIESTIO
2490 318 2535 377 Ι.
3479 321 3555 385 τι

355 421 442 476 ιθ⁸.
483 421 784 491 Ὑπάγοιτο
804 424 849 479 δ’
876 424 943 479 ἂν
971 424 1049 496 τῷ
1076 422 1226 496 αὖτῷ
1244 419 1345 497 τ’ἦς
1365 428 1694 500 διακρίσεως
1714 428 1868 501 τύπῳ

2043 433 2130 488 19.
2170 432 2343 489 Porro
2373 435 2439 489 ad
2471 434 2783 505 exemplum
2835 434 3176 492 discriminis
3202 437 3403 494 sistere
3428 440 3554 496 licet

276 516 380 570 καὶ
403 517 432 570 ὁ
470 516 722 581 Ἀνανίας
750 519 845 571 καὶ
874 519 909 587 ἡ
939 516 1229 590 Σάπφειρα
1262 518 1339 589 τῷ
1370 521 1653 593 κορυφαίῳ
1675 522 1866 588 ποινὰς

274 609 763 678 εἰσπραττόμενοι,
790 610 887 663 καὶ
921 612 953 679 ἡ
986 610 1093 673 ἕως
1121 611 1587 682 ἑϐδομηκοντάκις
1608 613 1748 669 ἑπτὰ
1780 617 1868 669 tv.

270 698 409 767 στολὴ
437 699 715 769 μετροῦσα
749 702 863 764 τοῖς
920 702 1303 773 ἁμαρτάνουσι
1345 704 1446 774 τὴν
1498 705 1865 778 συγχώρησιν.

273 791 394 842 Καὶ
423 791 534 860 γὰρ
566 791 655 844 διὰ
689 793 788 862 μὲν
817 794 917 864 τῆς
943 795 1173 864 ἐντολῆς
1194 795 1355 859 αὐτός
1399 814 1460 850 τε
1503 798 1713 870 Πέτρος
1773 799 1870 853 καὶ

270 882 445 949 ἡμεῖς
473 882 542 935 τὰ
572 885 653 945 εἰς
679 884 911 945 ἑαυτοὺς
935 885 1316 957 ἁμαρτήματα
1343 888 1608 953 πολλάκις
1648 892 1868 960 ἀφιέναι

270 970 650 1041 διδασκόμεθα
676 988 690 1003 ο
719 974 821 1043 τὴν
849 973 893 1027 δ’
922 976 1004 1037 είς
1049 976 1111 1029 τὸ
1157 978 1313 1030 Θεῖον
1360 976 1519 1049 ὕϐριν
1552 979 1676 1033 οὔτε
1724 999 1869 1053 παρ-

266 1062 410 1131 ορᾷν
442 1058 661 1131 ἐντολὴν
693 1060 910 1133 ἔχομεν,
946 1061 1071 1116 οὔτε
1110 1065 1365 1135 παρεῖδεν
1396 1067 1626 1132 ἐκεῖνος,
1685 1069 1745 1132 ὃς
1801 1086 1865 1137 γε

268 1152 410 1214 τοὺς
434 1151 781 1221 ἠσεϐηκότας
810 1155 906 1206 καὶ
954 1155 1389 1225 νοσφισαμένους
1436 1156 1535 1227 μὲν
1567 1158 1637 1211 τὰ
1664 1158 1869 1228 ἀναθή-

265 1259 453 1313 ματα,
483 1244 865 1314 ψευσαμένους
929 1245 985 1299 δὲ
1040 1246 1102 1299 τὸ
1160 1247 1383 1318 Πνεῦμα
1437 1250 1497 1302 τὸ
1536 1249 1714 1318 ἆγιον,
1770 1253 1870 1322 τὴν

270 1333 521 1402 ἐσχάτην
558 1335 714 1405 δίκην
739 1333 1012 1407 ἁπῇτησε.
1045 1337 1153 1390 Ναὶ
1174 1338 1239 1408 δὴ
1270 1339 1366 1393 καὶ
1389 1340 1416 1392 ό
1442 1340 1533 1393 τοῦ
1562 1344 1867 1413 κορυφαίου

272 1427 383 1493 μὲν
410 1427 723 1496 συνόμιλος,
754 1428 854 1482 ούκ
887 1429 1136 1483 ἐλάττοσι
1176 1430 1232 1484 δὲ
1276 1431 1588 1503 πρεσϐείοις
1635 1435 1743 1488 τῶν
1780 1436 1873 1490 ἄλ-

271 1516 389 1569 λων
428 1516 690 1587 μαθητῶν
714 1518 896 1589 φέρων
922 1520 983 1571 τὸ
1009 1521 1327 1590 προνόμιον,
1353 1522 1566 1575 Παῦλον
1590 1523 1735 1592 λέγω
1762 1526 1869 1580 πά-

264 1606 365 1658 ὶιν
392 1606 486 1660 τὸν
516 1608 618 1676 τῆς
643 1608 971 1679 οἰκουμένης
998 1610 1320 1664 διδάσκαλον
1345 1628 1360 1644 ο
1388 1613 1525 1667 ἀλλὰ
1566 1614 1674 1684 γὰρ
1712 1612 1872 1680 οὗτος

266 1698 300 1749 ὁ
334 1696 479 1759 θεῖος
500 1697 644 1767 ἀνὴρ
671 1700 730 1751 ὲν
758 1698 834 1770 τῷ
862 1699 1079 1768 λέγειν*
1121 1719 1140 1751 ‹
1177 1702 1465 1770 Εύλογείτε
1491 1706 1616 1769 τοὺς
1646 1704 1865 1760 διώκον-

268 1807 378 1853 τας
407 1789 574 1859 ὑμᾶς·
610 1790 905 1859 εὐλογεῖτε,
948 1794 1045 1846 καὶ
1094 1794 1169 1865 μὴ
1204 1797 1539 1866 καταρᾶσθε,
1580 1816 1598 1848 ι
1641 1799 1735 1852 καὶ
1763 1800 1868 1853 πά-
1901 1787 1940 1842 Β

264 1876 383 1933 ’λινο
418 1898 438 1932 ι
474 1881 821 1951 Ἀλέξανδρος
854 1885 882 1937 ό
914 1884 1150 1954 χαλκεὺς
1168 1885 1340 1940 πολλὰ
1367 1889 1517 1942 κακά
1547 1906 1636 1959 μοι
1673 1891 1876 1945 ἐνεδεί-

270 1972 433 2036 ξατο,
479 1991 499 2024 ι
572 1974 875 2043 ἀπολυθείη
915 1976 981 2029 ἂν
1025 1976 1125 2046 τῆς
1168 1977 1433 2048 δοκούσης
1485 1980 1876 2046 ἐναντιώσεως.

269 2066 355 2119 Ἱὺ
390 2065 492 2136 μὲν
522 2066 633 2137 γὰρ
670 2067 827 2137 δίκην
848 2067 1029 2121 δοῦναι
1060 2070 1151 2122 τὸν
1182 2072 1483 2141 ἠδικηκότα
1528 2074 1870 2145 ἐπαρᾶσθαι,

271 2160 305 2210 ὁ
347 2159 813 2228 προπηλακισμός
840 2163 986 2213 ποιεῖ
1015 2163 1109 2213 καὶ
1141 2162 1168 2213 ὁ
1194 2162 1428 2233 πόλεμος
1456 2162 1550 2217 τοῦ
1583 2164 1878 2236 κηρύγμα-
1966 2182 1973 2183 ί

271 2267 393 2313 τος,
428 2244 502 2303 ὧν
525 2251 773 2315 ἐπαίτιος
821 2252 918 2305 καὶ
962 2251 1348 2325 Ἀλέξανδρος
1385 2256 1447 2308 τὸ
1494 2255 1552 2309 δὲ
1604 2256 1880 2325 εὐλογίαις

272 2340 612 2412 ἀμείϐεσθαι
635 2344 761 2406 τοὺς
806 2343 1091 2415 ὑϐριστὰς,
1122 2345 1208 2416 ἐφ’
1243 2341 1325 2410 οἷς
1368 2348 1451 2411 εἱς
1490 2350 1641 2420 ἡμᾶς
1674 2350 1879 2413 αὐτοὺς

272 2434 372 2485 τὸν
403 2433 648 2505 διωγμὸν
675 2436 1042 2507 παλαμῶνται
1063 2477 1077 2500 ,
1109 2438 1479 2494 διατέτακται.

351 2638 426 2685 κ’.
461 2632 578 2684 υύκ
603 2632 783 2701 ἀγνοῶ
804 2633 862 2686 δὲ
898 2633 973 2697 ὡς
1019 2636 1119 2687 οὐκ
1162 2636 1303 2706 ἀρᾶς
1338 2637 1556 2708 ἐπέχειν
1583 2638 1740 2706 λόγον
1798 2638 1877 2710 τῷ

276 2722 559 2793 θεσπεσίῳ
600 2723 798 2793 Παύλῳ
821 2724 920 2787 τὰς
953 2725 1081 2795 περὶ
1110 2727 1204 2779 τοῦ
1234 2727 1483 2797 χαλκέως
1532 2718 1714 2796 φωνὰς
1744 2728 1878 2783 ἐνιοί

279 2824 472 2874 φασιν,
509 2808 647 2861 ἀλλὰ
673 2811 984 2881 πρόρρησιν
1018 2813 1223 2882 μᾶλλον
1248 2809 1386 2866 εἶναι
1424 2816 1532 2868 τῶν
1571 2816 1876 2886 μελλόντων

276 2899 447 2955 αὑτὸν
468 2899 559 2953 ἐπ’
586 2902 803 2972 ἐσχάτῳ
826 2903 1013 2957 δεινῶν
1031 2905 1477 2975 καταλαμϐάνειν
1510 2906 1880 2962 δυσσεϐοῦντά

279 3008 344 3043 τε
372 2993 469 3045 καὶ
495 2993 586 3047 τὸν
612 2996 757 3048 κατὰ
783 2997 881 3066 τῆς
911 2997 1197 3058 εὐσεϐείας
1224 2997 1455 3051 πνέοντα
1492 2998 1757 3068 πόλεμον
1784 3002 1878 3054 καὶ

280 3080 460 3135 ταῦτα
487 3089 999 3155 προανακηρύττειν
1050 3088 1144 3141 καὶ
1198 3089 1542 3159 ὑπογράφειν
1572 3090 1661 3144 διὰ
1692 3094 1874 3163 ῥημά-

281 3191 395 3229 των
430 3176 524 3229 τὸν
557 3178 776 3249 κήρυκα
805 3194 820 3209 ·
854 3178 973 3249 ἅμα
1001 3181 1099 3250 μὲν
1130 3181 1228 3250 τῆς
1258 3181 1526 3253 τοσαύτης
1548 3182 1753 3254 λύσσης
1782 3185 1874 3238 τὸν

274 3266 607 3335 ἀποστάτην
633 3268 940 3335 ἀπάγοντα,
972 3268 1092 3338 ἅμα
1138 3270 1195 3322 δὲ
1228 3271 1463 3334 καὶτοῖς
1521 3271 1875 3326 συναθλοῦσιν

282 3359 585 3428 εἰσάγοντα
616 3360 987 3432 παραμύθιον,
1022 3362 1082 3414 τὸ
1120 3362 1302 3417 δοῦναι
1333 3363 1489 3432 δίκην
1530 3365 1748 3429 πάντως
1783 3365 1876 3418 τὸν

284 3454 662 3523 ἔπηρεαστὴν,
694 3454 828 3525 μηδὲ
874 3453 1059 3509 λαθεῖν
1089 3455 1175 3524 ἐφ’
1205 3448 1287 3519 οἷς
1312 3455 1504 3527 ἔδρασε
1526 3458 1584 3510 τὸ
1618 3460 1717 3528 τῆς
1745 3458 1878 3528 Προ-

283 3544 438 3607 νοίας
472 3544 744 3617 ἀλάθητον
774 3562 786 3576 ’
821 3546 888 3599 δι’
920 3540 998 3600 ὧν
1024 3547 1117 3601 καὶ
1157 3546 1267 3601 τῶν
1306 3547 1517 3602 πολλῶν
1551 3550 1679 3613 τοὺς
1709 3550 1874 3603 ὀκλά-

282 3637 483 3701 ζοντας
518 3637 911 3708 ἀνακτώμενόν
938 3656 996 3691 τε
1041 3639 1137 3691 καὶ
1185 3638 1323 3709 πρὸς
1358 3640 1420 3691 τὸ
1478 3638 1704 3711 θαρρεῖν
1760 3641 1877 3694 ἐστι

290 3728 526 3799 συνορᾷν
575 3729 939 3798 ἐπανάγοντα.
976 3728 1118 3797 Ἐγὼ
1141 3729 1199 3781 δὲ
1234 3731 1285 3782 εί
1316 3729 1413 3799 μὲν
1448 3729 1700 3800 μηδαμοῦ
1733 3731 1876 3784 κατὰ

286 3820 398 3872 τῶν
470 3819 934 3873 ἐπιϐουλευόντων
994 3820 1071 3889 τῷ
1135 3820 1367 3890 δόγματι
1439 3820 1713 3891 μηδεμίαν
1797 3817 1878 3873 εἷ-

287 3912 377 3965 δον
424 3913 540 3972 τοῖς
596 3912 772 3980 ἁγίοις
814 3912 1254 3983 ῆὰγανάκτησιν
1292 3913 1325 3983 ἢ
1379 3914 1721 3983 ἐπιτίμησιν,
1769 3914 1878 3967 οὐδ’

289 3999 455 4064 αὐτὸς
475 4000 543 4054 ἂν
563 4001 922 4072 ἀποστροφὴν
946 4002 1114 4073 ἄλλην
1142 4002 1444 4073 ἐποιούμην
1466 4003 1566 4072 τῆς
1586 4004 1879 4074 νομιζομέ-

289 4111 387 4163 νης
424 4094 547 4146 νυνὶ
582 4093 787 4163 μάχης,
821 4093 855 4163 ἢ
882 4094 982 4164 τὴν
1011 4093 1324 4165 πρόρρησιν
1351 4109 1365 4123 '
1404 4094 1520 4149 ἀλλ’
1550 4094 1578 4147 ὃ
1603 4111 1667 4162 γε
1704 4094 1881 4165 μάγος

302 4186 542 4258 Ἐλύμας
573 4186 794 4259 πλήρης
844 4186 943 4256 μὲν
990 4186 1192 4249 παντὸς
1230 4186 1407 4252 δόλου,
1438 4187 1655 4257 πλήρης
1692 4188 1748 4241 δὲ
1780 4190 1881 4258 ῥᾳ-

288 4279 597 4349 διουργίας,
629 4279 741 4343 υίὸς
763 4278 822 4332 δὲ
865 4278 1290 4348 καταϐοώμενος
1334 4279 1583 4332 διαϐόλου
1604 4322 1618 4345 ,
1651 4281 1745 4332 καὶ
1774 4280 1883 4335 πά-

290 4391 390 4446 σης
420 4373 773 4444 δικαιοσύνης
799 4372 1028 4445 ἐχθρός·
1061 4374 1158 4427 καὶ
1203 4374 1269 4443 δὴ
1304 4374 1399 4427 κοιλ⁵
1442 4374 1613 4435 αὐτὰς
1668 4374 1883 4445 πικρῶς

1967 524 2232 580 Ananiam
2257 536 2421 598 atque
2450 527 2797 599 Sapphiram,
2821 530 2912 599 qui
2959 531 3336 600 apostolorum
3397 533 3554 603 prin-

1967 619 2075 689 cipi
2133 635 2327 690 pinnas
2377 620 2757 691 dependerunt
2796 621 2879 687 ",
2923 622 3165 692 itemque
3230 624 3552 679 mandatum

1968 711 2099 767 illud
2131 727 2242 782 quo
2272 712 2633 783 peccantibus
2689 713 3086 784 indulgentiam
3118 719 3430 785 septuagies
3452 737 3550 777 se-

1968 806 2107 876 pties
2138 805 2403 876 impertiri
2439 806 2698 877 iubemur
2730 808 2797 863 ³⁸.
2827 808 2969 864 Sane
3005 810 3107 864 hoc
3141 821 3551 882 praeceptotum

1970 898 2088 969 ipse
2142 896 2340 954 Petrus
2400 905 2517 953 tum
2567 914 2673 955 nos
2724 899 2793 955 de
2838 901 3220 957 condonandis
3272 905 3554 961 multoties

1968 991 2234 1046 adversus
2264 1006 2365 1047 nos
2394 993 2631 1061 peccatis
2650 992 3012 1048 admonemur
3046 1012 3060 1047 :
3093 998 3392 1065 c-aateroqui
3423 1013 3557 1053 con-

1969 1082 2249 1137 tumeliam
2300 1082 2564 1138 adversus
2607 1082 2772 1138 Drum
2824 1099 3003 1154 neque
3047 1101 3149 1141 nos
3204 1087 3557 1145 dissimulare

1963 1172 2244 1240 juhemur,
2279 1186 2459 1241 neque
2511 1172 2628 1240 ipse
2669 1172 2903 1242 neglexit
2964 1171 3128 1237 Deus,
3157 1188 3187 1228 a
3214 1189 3325 1244 quo
3352 1174 3429 1229 rei
3459 1176 3556 1245 qui

1969 1264 2214 1333 seposito
2236 1277 2395 1319 sacro
2424 1249 2619 1332 pretio,
2671 1262 2898 1333 Spiritui
2941 1274 3135 1319 sancto
3186 1266 3400 1321 mentiti
3438 1267 3555 1322 l‘ue-

1969 1364 2115 1421 rant,
2166 1371 2387 1412 summo
2434 1357 2699 1428 supplicio
2750 1356 2929 1412 atfecti
2995 1357 3240 1413 fuerunt.
3297 1359 3555 1421 Profecto

1970 1450 2135 1504 etiam
2168 1449 2435 1519 principis
2494 1451 2699 1513 socius,
2734 1459 2901 1519 atque
2924 1449 3068 1504 haud
3104 1452 3415 1508 minoribus
3443 1469 3557 1509 me-

1972 1540 2093 1596 ritis
2138 1541 2287 1619 inter}
2343 1540 2483 1596 alios
2536 1540 2835 1611 discipulos
2894 1544 3258 1613 praerogatiua
3335 1544 3553 1615 fulgens

1971 1634 2220 1706 (Paulum
2254 1650 2448 1689 rursus
2483 1635 2608 1689 dico
2655 1634 2843 1688 nutndi
2901 1636 3291 1704 magistrum);
3329 1636 3436 1701 hic,
3479 1640 3559 1690 iu-

1971 1742 2161 1798 quam,
2193 1727 2411 1782 divinus
2444 1727 2525 1780 vir
2550 1726 2644 1797 qui
2670 1727 2882 1781 dixerat
2914 1743 2929 1780 :
2969 1746 2988 1777 ‹
3029 1726 3341 1781 Benedicite
3360 1743 3560 1797 perse-

1971 1820 2265 1890 quentibus
2288 1833 2406 1882 vos,
2423 1817 2729 1873 benedicite
2747 1828 2802 1872 et
2818 1833 2887 1873 ue
2909 1818 3249 1875 maledieatis
3269 1820 3313 1851 ’⁷
3335 1837 3384 1887 ;›
3410 1820 3554 1875 idem

1975 1928 2099 1967 cum
2130 1919 2318 1981 postea
2349 1911 2431 1967 sic
2461 1929 2476 1967 :
2518 1927 2538 1962 ι
2573 1910 2880 1966 Alexander
2930 1910 3159 1965 aerarius
3191 1911 3360 1966 midta
3423 1910 3556 1967 milii

1978 2004 2117 2059 mala
2143 2004 2362 2059 intulit:
2383 1990 2655 2059 retribuat
2675 2004 2752 2057 illi
2773 2002 3039 2057 Dominus
3057 2003 3360 2058 secundum
3391 2018 3557 2073 opera

1975 2096 2097 2167 ejus
2118 2097 2196 2165 ’3;
2237 2114 2256 2149 ι
2292 2097 2481 2152 eodem
2531 2095 2732 2167 effugio
2777 2095 3099 2165 expedietur
3139 2095 3207 2149 ah
3262 2104 3559 2164 appar-cute

1974 2192 2426 2249 contradictione.
2493 2189 2739 2261 Namque
2782 2198 2842 2245 ut
2902 2190 3230 2260 imprecetur
3264 2190 3557 2246 vindictam

1976 2302 2103 2351 reo,
2166 2291 2517 2354 contemptus
2571 2291 2736 2353 atque
2788 2282 3123 2353 oppugnatio
3163 2281 3438 2354 Evangelii
3502 2283 3559 2340 iu

1976 2392 2143 2434 causa
2174 2386 2278 2439 est,
2310 2391 2545 2447 quorum
2596 2391 2723 2431 reus
2774 2375 3121 2431 Alexander:
3151 2391 3341 2431 verum
3392 2374 3562 2430 bene-

1975 2469 2306 2525 dictionibus
2335 2467 2674 2523 remunerari
2700 2465 3019 2533 oﬂ‘ensores,
3044 2474 3312 2536 quatenus
3344 2472 3562 2520 uosmet

1977 2562 2359 2632 persecutione
2385 2568 2722 2630 oppugnant,
2754 2559 2804 2615 id
2839 2559 3059 2615 demum
3093 2556 3425 2628 prmceptum
3450 2567 3555 2613 cst.

2045 2657 2138 2714 20.
2174 2657 2294 2711 Non
2349 2658 2540 2728 ignoro
2571 2656 2825 2726 equidem
2885 2671 3083 2723 negare
3142 2656 3463 2716 nonnullos.
3492 2670 3556 2709 ea

1975 2767 2097 2820 quae
2131 2750 2291 2804 divus
2311 2749 2513 2804 Paulus
2549 2749 2615 2803 de
2645 2748 2839 2804 aarario
2862 2747 3016 2812 dicit,
3046 2746 3291 2801 dirarum
3327 2746 3433 2800 vim
3461 2746 3562 2799 ha-

1977 2843 2139 2907 bere;
2175 2840 2269 2895 sed
2294 2839 2617 2893 vaticinium
2648 2839 2823 2907 magis
2866 2853 2990 2893 esse
3020 2853 3306 2907 pmnarum
3327 2851 3448 2904 quae
3480 2837 3562 2905 ip-

1978 2947 2099 2987 sum
2138 2929 2372 2999 denique
2400 2938 2734 2998 correptum:
2762 2936 2937 2991 erant,
2968 2927 3195 2995 impium
3231 2926 3483 2980 videlicet
3507 2934 3561 2978 et

1978 3023 2070 3093 qui
2110 3020 2358 3092 religioni
2389 3019 2591 3074 bellum
2626 3017 2897 3073 couﬂahat
2935 3034 2948 3070 :
2987 3026 3153 3083 atque
3194 3016 3295 3070 has
3350 3030 3557 3085 praeco-

1898 3122 1944 3181 C
1980 3130 2103 3168 nem
2134 3111 2362 3168 Paulum
2391 3111 2677 3180 designare
2701 3109 2885 3163 verbis
2910 3109 3016 3163 illis
3050 3107 3557 3178 atqucprzedicerc;

1979 3208 2107 3261 dum
2128 3221 2237 3259 una
2268 3203 2453 3259 studet
2482 3218 2512 3257 a
2545 3211 2695 3255 tanto
2725 3201 2913 3254 furore
2936 3208 3240 3268 apostatam
3275 3212 3557 3258 revocare.

1976 3310 2026 3355 et
2061 3298 2177 3355 suis
2208 3297 2409 3367 pariter
2452 3295 2618 3351 sociis
2674 3294 2922 3349 laborum
2960 3292 3203 3348 soiamen
3237 3290 3557 3354 insinuare;

1979 3402 2266 3463 propterea
2297 3390 2442 3461 quod
2471 3388 2751 3443 maleticus
2780 3386 3004 3441 omnino
3054 3384 3364 3454 puniendus
3395 3382 3556 3443 foret.

1981 3500 2156 3553 neque
2177 3484 2570 3539 omnituentem
2609 3478 2973 3534 Providentiae
2995 3477 3217 3532 oculum
3246 3474 3399 3541 facta
3436 3473 3559 3540 ejus

1982 3578 2230 3632 laterent.
2257 3575 2436 3644 Atque
2467 3573 2555 3629 his
2605 3570 2979 3626 locutionibus
3016 3568 3312 3623 multorum
3348 3565 3559 3620 demis-

1980 3685 2072 3724 sos
2100 3669 2314 3723 animos
2342 3666 2477 3737 erigi
2502 3683 2528 3718 a
2559 3666 2728 3721 Paulo
2749 3674 2803 3719 et
2834 3664 2897 3719 ad
2923 3662 3174 3717 ﬁduciam
3206 3658 3450 3714 revocari
3482 3657 3562 3711 vi-

1980 3763 2197 3817 demus.
2242 3759 2508 3830 Equidem
2542 3760 2586 3814 si
2618 3772 2891 3827 nusquam
2927 3769 3211 3811 cernerem
3245 3760 3559 3808 sanctorum

1982 3853 2262 3906 hominum
2304 3858 2497 3905 contra
2546 3848 2817 3919 dogmatis
2868 3847 3054 3902 hostes
3104 3844 3444 3900 iracundiam
3481 3841 3565 3897 vei

1982 3944 2364 4007 invectionem,
2415 3942 2559 3997 haud
2603 3940 2750 3996 aliud
2779 3940 3037 4009 effugium
3092 3938 3360 3992 simulata:
3397 3935 3562 4005 hujus

1982 4035 2354 4105 repugnantia
2378 4049 2681 4103 quaererem
2704 4048 2868 4104 quam
2899 4030 3247 4086 vaticinium.
3278 4028 3383 4083 Sed
3412 4029 3561 4082 enim

1982 4142 2107 4182 cum
2138 4140 2331 4194 magus
2360 4123 2580 4194 Elymas
2610 4125 2803 4194 plenus
2836 4122 2987 4177 omni
3012 4122 3161 4185 dolo,
3191 4120 3393 4189 plenus
3454 4116 3556 4170 fal-

1982 4219 2120 4275 lacia
2148 4226 2201 4273 et
2230 4217 2430 4273 diaboli
2485 4216 2631 4271 (ilius
2662 4216 2899 4279 dicatur,
2935 4223 3097 4283 atque
3129 4212 3310 4265 omnis
3336 4210 3563 4280 justitia:

1986 4312 2157 4368 hostis
2185 4312 2229 4342 ²⁹
2259 4327 2274 4375 ;
2305 4324 2539 4379 cumque
2588 4309 2728 4362 idem
2785 4305 2962 4361 oculis
3013 4303 3208 4359 acerbe
3264 4302 3560 4366 multetur;

1984 4401 2148 4455 verba
2174 4400 2395 4467 insuper
2416 4397 2595 4467 paries
2625 4394 2906 4449 deaibatus
2925 4394 2970 4424 ⁸⁰
2993 4392 3131 4463 (sive
3147 4392 3191 4444 is
3212 4388 3564 4460 pontiﬁcatus

289 4467 657 4537 ἀφῃρημένος
694 4466 795 4529 τὰς
847 4465 999 4534 ὄψεις
1028 4466 1121 4519 καὶ
1166 4468 1195 4519 ό
1242 4466 1632 4536 κεκονιαμένος
1676 4469 1875 4538 τοῖχος,

1984 4492 2218 4562 insignia
2251 4505 2436 4546 coram
2478 4503 2618 4543 caaso
2649 4486 2896 4557 apostolo
2934 4484 3175 4554 gerebat,
3210 4482 3324 4538 sive
3354 4488 3563 4547 secus,)

288 4560 403 4610 εἴτε
450 4556 515 4609 τὸ
568 4556 668 4625 τῆς
717 4556 1131 4627 ἀρχιερωσύνης
1193 4554 1360 4627 ἔφερε
1409 4556 1733 4629 τυπτομένῳ
1798 4556 1878 4627 τῷ

288 4649 501 4723 ἀθλητῇ
535 4649 845 4720 γνώρισμα,
880 4650 989 4702 εἴτε
1024 4651 1117 4702 καὶ
1150 4649 1226 4720 μή
1250 4666 1263 4680 ·
1299 4651 1394 4704 καὶ
1440 4651 1543 4704 ὅσα
1601 4650 1698 4720 μὲν
1742 4650 1881 4705 ἄλλα

290 4742 401 4813 πρὸ
429 4742 665 4813 βραχέος
691 4742 930 4813 εἴρηται,
948 4744 1049 4796 ὅσα
1072 4742 1129 4796 δὲ
1150 4742 1247 4796 καὶ
1276 4742 1385 4796 τῶν
1410 4742 1687 4815 ῥηθέντων
1716 4742 1880 4798 πλέον

291 4831 579 4902 πανταχοῦ
627 4833 725 4903 τῆς
774 4834 928 4901 ἱερᾶς
978 4834 1211 4903 φέρεται
1271 4834 1518 4903 Γραφῆς.
1559 4833 1722 4888 Ἀλλὰ
1767 4835 1878 4907 γὰρ

290 4923 474 4979 ταῦτα
496 4925 563 4995 δὴ
580 4927 757 4979 ταῦτα
784 4925 1056 4996 λαμπρῶς
1087 4927 1148 4980 οὐ
1174 4929 1363 4999 κοινὴν
1383 4928 1494 4982 οὐδ’
1523 4928 1745 4999 ἀσφαλῆ
1775 4930 1877 5000 τὴν

292 5015 387 5071 διὰ
412 5015 515 5085 τῆς
549 5019 912 5090 προρρήσεως
941 5021 1263 5092 καταφυγήν
1298 5037 1389 5088 μοι
1414 5007 1757 5075 δεικνύουσι(

367 5115 478 5164 κα’.
513 5109 661 5180 Πλὴν
684 5111 817 5182 ἡμῖν
839 5111 936 5181 οὐχ
955 5113 1253 5183 ἑρμηνείας
1279 5113 1375 5166 νῦν
1400 5114 1679 5184 ἀκρίϐεια,
1705 5130 1883 5183 παρα-

293 5203 575 5275 δείγματα
599 5203 658 5257 δὲ
695 5204 856 5275 μόνον
886 5204 1243 5275 ζητημάτων,
1269 5200 1343 5260 ὧν
1376 5209 1409 5277 ἡ
1437 5207 1590 5270 λύσις
1609 5225 1675 5277 γυ
1686 5207 1878 5277 μνάζε-

291 5310 411 5360 ται,
455 5296 912 5367 πραγματεύεται
936 5313 949 5325 ’
982 5299 1105 5350 ἐπεὶ
1132 5299 1224 5352 καὶ
1259 5299 1425 5369 ἄλλην
1465 5299 1589 5353 τινὰ
1627 5295 1746 5352 οἶδα
1782 5316 1878 5351 του

298 5388 667 5462 προκειμένου
706 5388 870 5463 ῥητοῦ
898 5389 1247 5462 διασάφησιν,
1287 5391 1407 5462 ἥτις
1451 5395 1544 5445 καὶ
1588 5392 1687 5463 τὴν
1739 5392 1882 5461 ἀρὰν

302 5481 397 5534 καὶ
426 5482 528 5553 τὴν
564 5483 872 5554 πρόρρησιν
899 5483 1289 5550 ἀποκλίνουσα,
1326 5484 1480 5539 οὐδὲν
1506 5482 1742 5555 χαλεπὸν
1767 5483 1877 5536 οὐδ’

480 5680 603 5766 éet.
643 5695 696 5745 v,
733 5679 782 5736 1.
855 5681 901 5714 ³⁸
926 5679 1119 5737 Matth.
1155 5697 1310 5746 xvm,
1340 5680 1431 5737 22.

308 5762 473 5815 unt,
494 5762 550 5804 ο.

1546 5681 1588 5711 ³⁷
1612 5678 1771 5735 Rom.
1809 5695 1907 5749 xu,
1942 5678 2022 5734 ιι.

1982 4595 2037 4640 et
2070 4591 2340 4653 quotquot
2373 4581 2536 4651 paulo
2558 4589 2684 4633 ante
2734 4578 2878 4632 dicta
2903 4586 3052 4641 sunt,
3078 4585 3133 4629 et
3167 4591 3287 4645 qure
3305 4574 3463 4643 plura
3482 4572 3566 4624 di—

1982 4678 2086 4733 ctis
2121 4676 2176 4731 in
2226 4690 2383 4730 sacra
2420 4672 2627 4744 passim
2662 4669 2948 4739 Scriptura
2993 4668 3280 4732 feruntur;
3311 4667 3444 4729 haec,
3478 4665 3565 4717 in-

1983 4782 2178 4837 quam,
2254 4764 2537 4819 evidenter
2599 4760 2896 4816 admodum
2950 4757 3085 4813 mihi
3146 4757 3562 4815 demonstrant,

1984 4872 2147 4927 quam
2175 4870 2275 4910 nec
2313 4851 2537 4909 obvium
2565 4864 2744 4921 neque
2774 4858 2950 4903 tutum
2983 4847 3049 4901 ad
3071 4843 3409 4917 prophetiam
3442 4857 3565 4909 per-

1984 4949 2197 5019 t‘ugium
2230 4947 2322 5002 sit.

2057 5102 2146 5155 2L
2184 5100 2288 5156 Sed
2336 5099 2483 5154 enim
2527 5098 2670 5153 haud
2719 5105 2973 5151 accurata
3040 5094 3433 5163 interpretatio,
3469 5091 3564 5147 scd

1987 5192 2233 5263 exempla
2267 5198 2428 5246 modo
2474 5190 2865 5261 quaestionum,
2918 5204 3043 5242 cum
3079 5186 3413 5257 solutionum
3445 5193 3565 5238 teu-

1988 5286 2210 5347 tamine,
2248 5284 2382 5338 mihi
2413 5300 2560 5337 nunc
2584 5284 2637 5336 iu
2663 5280 2915 5335 manibus
2950 5289 3098 5334 sunt.
3143 5277 3279 5333 Nam
3317 5288 3369 5332 et
3402 5278 3564 5331 aliam

1988 5381 2114 5435 novi
2145 5381 2527 5451 przedictorum
2556 5377 2846 5433 verborum
2886 5375 3336 5436 declarationem,
3364 5388 3485 5440 quae
3536 5388 3567 5425 ιι

1987 5475 2120 5531 diris
2170 5474 2334 5528 simul
2365 5471 2732 5541 vaticinioque
2781 5469 3085 5535 declinans,
3115 5468 3249 5522 nihil
3280 5479 3441 5535 grave
3474 5476 3569 5516 aut

3364 5660 3409 5693 '°
3438 5661 3561 5719 Act.

2139 5672 2250 5727 ’⁸11
2282 5669 2425 5726 Tim.
2462 5686 2534 5737 ιν,
2570 5667 2657 5724 Η.
2772 5670 2816 5701 ³⁸
2842 5665 2941 5722 Act
2968 5708 2980 5721 .
3021 5681 3138 5733 xm,
3172 5664 3259 5717 10.
