3976 6222
427 254 463 317 7
466 259 497 317 5
1587 256 1852 319 ΡΗΟΤΙΙ
1882 256 2395 320 ΡΑΤΒῘᾹΚΕΗιἘ
2430 261 2539 323 CP.

3588 267 3708 330 "76

410 370 874 427 contumeliosum
933 368 1247 425 Alexandro
1304 368 1554 442 imponit.
1602 371 1815 426 Etenim
1850 387 1880 426 a
1912 370 1990 425 Do

2120 372 2447 444 ἐφύϐριστον
2467 372 2545 445 τῷ
2583 372 2915 447 Ἀλεξάνδρῳ
2936 375 3270 447 περιτίθησι.
3316 376 3425 431 Τδν
3453 377 3565 450 γὰρ
3594 377 3710 431 Κύ-

412 465 582 532 mino,
610 466 703 536 qui
740 475 825 520 est
851 464 1033 519 omnis
1055 464 1359 520 clementia:
1394 465 1695 536 salutisque
1723 464 1868 531 fons,
1907 466 2011 520 ho-

410 560 615 615 minem
674 558 827 614 iltum
866 558 1025 613 aiunt
1050 557 1308 612 traditum
1344 558 1629 623 maleticis,
1667 558 1811 613 haud
1849 559 2009 627 equi-

411 654 535 708 dem
591 651 852 722 puniendi
907 665 1073 705 causa
1134 658 1444 705 creaturam
1500 664 1656 705 suam
1716 664 1892 720 neque
1952 648 2006 703 in

411 760 531 799 eam
560 741 1057 806 animadvertendi,
1075 757 1263 796 verum
1286 742 1470 811 potius
1502 752 1611 796 uta
1646 742 1802 797 malis
1827 741 2010 809 operi—

410 838 516 893 bus
539 843 824 891 revocaret
849 842 1011 903 atque
1041 835 1107 888 ad
1129 832 1409 888 meliorem
1434 831 1643 901 frugem
1673 831 2002 885 traduceret.

410 932 529 997 Qua
581 931 634 984 in
686 946 743 983 re
781 928 936 999 quid,
968 941 1089 991 oro,
1131 925 1378 979 dirarum
1425 924 1546 979 est?
1574 922 1703 993 quid
1762 922 2007 977 vaticinii

412 1038 633 1093 poenam
692 1019 1029 1077 clamantis?
1056 1016 1162 1072 Sed
1210 1016 1355 1071 enim
1389 1014 1548 1070 sicuti
1589 1015 1682 1068 uni
1719 1015 2007 1084 pmdicta-

410 1132 533 1171 rum
594 1112 1017 1174 sententiarum,
1079 1111 1153 1164 ita
1194 1108 1329 1162 mihi
1365 1106 1622 1161 videntur
1677 1107 1841 1160 etiam
1879 1106 2007 1161 huic

408 1207 692 1262 adversari
718 1220 847 1276 qua:
865 1210 1174 1273 sequuntur
1207 1200 1372 1255 verba
1400 1213 1415 1252 :
1450 1217 1470 1251 ι
1494 1198 1665 1265 Quem
1699 1210 1756 1255 tu
1786 1214 2007 1269 quoque

410 1314 567 1365 cave,
595 1298 756 1353 valde
803 1297 951 1352 cnim
1002 1293 1220 1349 obstitit
1274 1292 1651 1363 prredicationi
1716 1301 1941 1347 nostrae.
1977 1311 1998 1345 ι

408 1389 555 1455 Haec,
584 1390 831 1460 inquam,
859 1385 981 1441 aliis
1016 1384 1255 1439 fortasse
1281 1382 1571 1438 sententiis
1600 1382 1999 1449 adversantur;

406 1484 597 1539 favent
628 1497 759 1537 vero
791 1477 1185 1550 interpretibus
1214 1475 1289 1532 iis
1314 1476 1410 1547 qui
1440 1474 1622 1531 locum
1642 1477 1711 1531 ad
1740 1475 1893 1531 diras
1925 1490 2006 1531 re-

406 1574 792 1736 ἠᾙίῐίίθῳιο
849 1679 983 1720 vero
1041 1662 1204 1721 nobis
1235 1663 1478 1720 obstabit
1528 1662 1721 1718 beatus
1765 1659 2001 1731 Stepha-

2116 483 2252 536 ριον,
2296 467 2355 529 ὃς
2394 468 2510 519 ἐστι
2563 465 2977 539 φιλανθρωπίας
3042 470 3139 523 xui
3197 469 3478 541 σωτηρίας
3528 470 3705 542 πηγὴ,

2111 558 2301 613 τοῦτον
2331 559 2638 613 ἀποδιδόναι
2665 561 2798 631 φησι
2830 563 2945 624 τοῖς
2970 562 3305 632 κακούργοις
3330 564 3391 615 ού
3419 564 3707 634 τιμωρού-

2115 669 2278 722 μενον
2298 652 2360 705 “rb
2376 653 2576 706 οίκεῖον
2597 652 2846 724 πλάσμα,
2870 654 2992 708 οὐδὲ
3014 653 3335 719 κολάζοντα.
3360 655 3709 727 μεθιστῶντα

2110 743 2169 797 δὲ
2194 743 2305 797 τῶν
2334 743 2555 812 φαύλων
2583 744 2761 814 ἔργων
2785 745 2880 798 xui
2930 745 3067 814 πρὸς
3095 746 3192 816 τὴν
3238 746 3345 799 τῶν
3396 748 3707 816 ἀμεινόνων

2110 833 2311 905 πρᾶξιν
2336 834 2867 906 μεταρῤυθμίζοντα.
2891 837 2956 890 Ὃ
2972 836 3117 900 τίνος
3141 837 3207 891 ἂν
3233 838 3320 907 εἴη
3347 839 3485 909 ἀράς
3508 857 3523 906 ;
3557 840 3707 902 τίνος

2109 926 2167 980 δὲ
2205 926 2399 993 ποινὰς
2431 928 2753 999 ἁναϐοώσης
2777 931 3172 1001 προρῤήσεωςς
3214 932 3357 986 Ἀλλ’
3381 927 3475 984 οὖν
3510 931 3707 998 ὥσπερ

2109 1019 2205 1073 xui
2244 1020 2448 1091 θατέρᾳ
2471 1019 2581 1073 τῶν
2611 1020 2903 1086 ἐπιϐολῶν,
2934 1020 3079 1075 οὕτω
3110 1041 3200 1093 μοι
3222 1024 3374 1077 δοκεῖ
3400 1024 3495 1077 xui
3522 1024 3705 1095 ταύτῃ

2108 1114 2179 1167 τὰ
2211 1114 2411 1183 ἐφεξῆς
2428 1114 2794 1185 διαμάχεσθαι
2816 1131 2831 1145 ’
2860 1115 2954 1167 xui
2988 1114 3097 1185 γὰρ
3133 1115 3333 1182 ἐπάγει
3362 1131 3377 1146 ⁸
3411 1135 3430 1167 ι
3465 1116 3563 1167 Ὃν
3609 1116 3706 1167 xui

2110 1205 2176 1259 σὺ
2223 1206 2501 1274 φυλάσσου
2526 1223 2541 1237 ⁸
2575 1206 2695 1259 λίαν
2730 1206 2841 1277 γάρ
2878 1204 3183 1276 ἀνθέστηκε
3228 1209 3345 1270 τοῖς
3401 1208 3704 1278 ἡμετέροις

2107 1297 2308 1365 λόγοις.
2334 1316 2353 1349 ι
2390 1297 2531 1351 Ἀλλ’
2563 1296 2816 1367 ἐμποδὼν
2846 1298 2945 1367 μὲν
2974 1300 3084 1360 τοῖς
3106 1296 3287 1361 ἄλλοις
3320 1296 3451 1361 ἴσως
3483 1298 3708 1350 ἵσταται

2105 1389 2282 1443 ταῦτα
2307 1406 2322 1420 ·
2358 1391 2643 1459 συμφωνεῖ
2673 1389 2730 1443 δὲ
2756 1388 2962 1460 μᾶλλον
2999 1392 3112 1455 τοῖς
3142 1392 3223 1455 εἰς
3251 1388 3393 1461 ἀρὰν
3416 1388 3477 1443 τὸ
3498 1393 3705 1461 χωρίον

2107 1483 2470 1555 ἀναφέρουσι.

2178 1665 2283 1738 κβ’.
2322 1667 2439 1722 Ούκ
2462 1665 2848 1722 ἐναντιώσεται
2880 1665 2938 1721 δὲ
2971 1667 3104 1737 ἡμῖν
3126 1665 3284 1720 οὐδὲν
3322 1663 3449 1719 οὔτε
3481 1663 3704 1733 Στέφα-

402 1776 507 1816 nus
535 1759 611 1827 ⁸¹,
649 1769 955 1829 martyrum
1003 1758 1246 1829 primus,
1302 1758 1397 1829 qui
1438 1754 1815 1812 interfectores
1869 1768 1995 1809 suos

2103 1779 2192 1825 vo;
2227 1760 2336 1814 τῶν
2370 1759 2667 1832 μαρτύρων
2696 1758 2936 1830 πρῶτος,
2962 1757 3089 1820 τοὺς
3113 1755 3377 1826 φονευτάς
3395 1754 3698 1823 εὐλογίαις,

402 1853 563 1909 bonis
593 1852 776 1906 verbis
808 1867 917 1906 non
949 1850 1086 1906 diris
1115 1858 1500 1905 remuneratus
1526 1856 1644 1914 est;
1676 1860 1852 1916 neque
1877 1853 2005 1899 ante

402 1948 553 2002 hunc
577 1945 895 2001 communis
916 1942 1205 2006 Dominus,
1222 1944 1315 2014 qui
1341 1957 1440 2013 pro
1463 1940 1882 1997 cruciﬁxoribus
1899 1938 2003 1992 Pa-

406 2047 545 2093 trem
580 2038 830 2093 exoravit
856 2038 922 2092 ³².
948 2035 1275 2106 Quanquam
1302 2049 1496 2105 reapse
1543 2032 1850 2090 Servatoris
1879 2046 2003 2086 ora-

404 2132 482 2186 tio
517 2131 681 2186 habet
714 2129 922 2199 aliquid
965 2129 1133 2184 altius
1180 2136 1347 2198 atque
1389 2127 1702 2199 augustius,
1739 2141 1906 2196 quam
1942 2136 2003 2181 ut

405 2237 554 2277 nunc
589 2220 841 2291 indagari
871 2236 977 2289 pro
1002 2218 1269 2291 dignitate
1300 2228 1483 2289 queat.
1516 2217 1890 2287 Triumphalis
1916 2224 2001 2270 ta-

412 2326 540 2365 men
596 2320 802 2381 martyr
854 2308 1046 2380 quidui
1100 2309 1256 2363 nobis
1281 2317 1549 2379 patronus
1581 2322 1761 2363 causa:
1809 2305 2002 2362 adsit?

405 2402 501 2473 qui
541 2399 760 2457 Judseos
803 2416 1030 2457 cernens
1076 2401 1158 2456 ira
1210 2398 1580 2455 inﬂammatos
1634 2398 2000 2469 vecordiaque

328 2568 335 2573 .
403 2499 611 2564 ebrios,
648 2512 819 2568 seque
850 2499 996 2552 caede
1026 2496 1246 2567 penitus
1276 2495 1593 2565 impiantes,
1618 2495 1733 2564 ipse
1780 2494 1891 2563 jam
1940 2494 1994 2548 in

403 2591 718 2661 martyricae
772 2590 922 2645 necis
956 2588 1151 2645 iimiue
1182 2603 1436 2654 versans,
1470 2600 1525 2643 et
1551 2588 1664 2658 jam
1726 2585 1997 2657 supplicio

402 2677 846 2733 adhortationem
896 2678 1200 2748 quamlibet
1228 2678 1331 2733 sibi
1365 2677 1649 2749 eripiente,
1704 2693 1880 2748 neque
1915 2676 1997 2731 lo-

402 2786 528 2826 cum
565 2772 937 2842 objurgationi
967 2772 1253 2842 largiente,
1312 2781 1427 2827 tum
1467 2772 1597 2841 quia
1636 2770 1837 2827 summi
1876 2769 1996 2825 dis-

402 2864 652 2920 criminis
709 2864 1060 2935 impendebat
1098 2865 1255 2932 hora,
1291 2874 1404 2919 tum
1428 2865 1557 2935 quia
1598 2863 1785 2919 nullus
1807 2878 1993 2931 spera-

399 2954 565 3007 batur
612 2952 830 3008 fructus
878 2952 1200 3024 increpandi
1237 2952 1321 3007 vel
1369 2951 1695 3007 adhortandi
1742 2952 1994 3007 homines

2104 1852 2224 1907 ἀλλ’
2252 1852 2354 1905 οὐκ
2392 1852 2556 1922 ἀραῖς
2604 1851 2974 1921 ἀμυνόμενος,
3004 1847 3129 1902 οὔτε
3172 1848 3279 1918 πρὸ
3317 1845 3485 1901 αὑτοῦ
3516 1848 3544 1899 ό
3577 1862 3698 1898 κοι-

2104 1944 2194 2011 νδς
2226 1946 2511 2015 Δεσπότης
2556 1944 2699 2013 ὑπὲρ
2750 1942 2862 1996 τῶν
2903 1940 3288 2013 σταυρούντων
3334 1939 3428 1992 τὸν
3469 1937 3698 2007 Πατέρα

2103 2036 2501 2103 ἐξιλεούμενος.
2550 2034 2692 2089 Ἀλλ’
2721 2035 2751 2086 ὁ
2780 2033 2880 2103 μὲν
2902 2034 2998 2087 τοῦ
3033 2033 3286 2103 Σωτῆρος
3306 2031 3466 2099 λόγος
3495 2029 3609 2100 ἔχει
3639 2045 3697 2083 τι

2102 2129 2200 2184 xui
2233 2129 2333 2200 τῆς
2362 2126 2648 2199 παρούσης
2687 2125 2915 2198 ἐρεύνης
2946 2124 3243 2196 βαθύτερόν
3285 2141 3346 2177 τε
3373 2125 3467 2178 xui
3499 2139 3699 2194 μυστι-

2101 2222 2377 2292 κώτερον’
2402 2222 2430 2273 ὁ
2461 2219 2518 2272 δὲ
2549 2218 2863 2282 καλλίνικος
2905 2218 3116 2289 μάρτυς
3166 2215 3286 2280 πῶς
3321 2217 3455 2285 ἡμῖν
3502 2216 3565 2267 ού
3622 2213 3699 2266 δι’

2100 2316 2313 2384 ἀγῶνος
2376 2312 2663 2367 ἐλεύσεται
2683 2329 2699 2379 ;
2721 2314 2826 2374 ὅτι,
2850 2310 2979 2374 τοὺς
3014 2309 3306 2372 Ἰουδαίους
3330 2307 3547 2378 βλέπων
3575 2307 3697 2368 τοῖς

2100 2410 2222 2465 κατ’
2257 2406 2420 2463 αὑτοῦ
2461 2406 2653 2476 θυμοῖς
2700 2404 3181 2474 ἀναφλεγομένους
3228 2401 3326 2455 xui
3353 2402 3422 2473 τῇ
3452 2399 3697 2469 ἀπονοίᾳ.

2103 2502 2422 2575 μεθύοντας,
2454 2501 2550 2554 xui
2574 2502 2715 2568 σφᾶς
2747 2498 2947 2561 αὐτοὺς
2985 2498 3140 2561 ὅλους
3181 2495 3260 2566 τῷ
3314 2495 3461 2565 φόνῳ
3490 2492 3693 2564 βαπτί-

2102 2613 2326 2660 σαντας,
2355 2593 2519 2657 αὐτὸς
2552 2592 2654 2664 ἥδη
2689 2591 2876 2645 λοιπὸν
2922 2592 3016 2645 ἐπὶ
3062 2588 3260 2652 πύλαις
3299 2584 3549 2659 ἑστηκὼς
3592 2583 3695 2637 τοῦ

2101 2686 2446 2761 μαρτυρικοῦ
2476 2685 2732 2747 θανάτου,
2762 2682 2952 2754 καιρὸν
2982 2682 3038 2734 δὲ
3087 2679 3469 2750 παραινέσεως
3505 2677 3692 2730 πάντα

2096 2779 2195 2847 τῆς
2234 2768 2552 2846 μιαιφονίας
2579 2771 3059 2842 άποτειχιζούσης,
3098 2768 3361 2839 οὐδεμίαν
3404 2784 3465 2819 τε
3513 2767 3694 2819 ἐπιτί-

2100 2884 2271 2939 μησιν
2302 2866 2636 2935 ἐνδιδούσης,
2682 2864 2842 2918 τοῦτο
2882 2864 2981 2934 μὲν
3036 2863 3119 2917 ’ὁτι
3158 2862 3252 2915 ἐπὶ
3292 2859 3455 2930 ξυροῦ
3501 2859 3693 2913 ἵστατο

2096 2962 2305 3033 ἀκμῆς,
2322 2958 2482 3013 τοῦτο
2498 2957 2556 3011 δέ
2585 2958 2668 3011 ὅτι
2696 2954 2941 3027 μηδεμία
2958 2954 3146 3024 ὄνησις
3171 2955 3285 3016 τοῖς
3311 2952 3455 3005 οὕτω
3478 2968 3693 3021 κεκρα-

399 3045 475 3099 ita
500 3046 773 3116 percitos;
802 3045 947 3115 quod
984 3046 1256 3115 reliquum
1286 3052 1428 3108 erat,
1451 3053 1761 3099 extremum
1790 3043 1992 3100 athleta

2101 3054 2357 3127 τημένοις
2389 3050 2709 3122 ἐπιτίμησις
2742 3049 2775 3119 ἢ
2812 3047 3158 3118 παραίνεσις,
3186 3044 3214 3097 ὃ
3247 3043 3435 3098 λοιπὸν
3462 3038 3554 3112 ἦν,
3588 3042 3695 3112 τὴν

399 3155 529 3209 crga
551 3155 681 3195 suos
714 3138 1003 3195 carniﬁces
1030 3138 1307 3208 expromit
1344 3136 1604 3203 oliicium,
1638 3145 1804 3207 atque
1837 3146 1896 3191 ut
1924 3153 1991 3192 ne

400 3231 515 3286 illis
560 3241 845 3300 peccatum
879 3235 1135 3299 imputet,
1173 3244 1524 3284 communem
1566 3228 1860 3285 Dominum
1892 3230 1989 3285 de-

401 3328 680 3392 precatur.
737 3320 874 3387 Quis
926 3330 1108 3375 a‘utem
1139 3321 1270 3375 hic?
1309 3336 1505 3391 nempe
1536 3321 1581 3377 is
1627 3320 1721 3391 qui
1749 3320 1987 3395 .longam

402 3430 580 3485 nuper
641 3413 784 3484 apud
814 3413 1035 3469 Iudaeos
1066 3413 1393 3468 recitaverat
1419 3413 1855 3470 admonitionem
1907 3424 1989 3469 at-

401 3522 510 3576 (pte
533 3506 841 3562 doctrinam
876 3522 889 3557 :
924 3505 1065 3559 idem
1120 3519 1246 3559 cum
1287 3517 1383 3558 eos
1436 3502 1664 3559 vidisset
1726 3504 1989 3561 adversus

332 3666 341 3673 α
400 3597 747 3651 hortamenta
778 3611 878 3652 sua
919 3604 1295 3659 contumaces,
1326 3603 1489 3665 atque
1536 3594 1602 3649 ad
1638 3595 1819 3651 scelus
1876 3595 1990 3651 ala-

402 3689 632 3753 criores,
653 3686 799 3756 juste
824 3688 1118 3741 admodum
1157 3686 1695 3756 reprehensionibus
1714 3696 1880 3757 atque
1906 3688 1991 3741 in-

399 3778 750 3833 vec1iouibus
772 3792 1035 3841 onerans,
1066 3777 1485 3833 incircumcisos
1511 3779 1676 3833 corde
1723 3778 1991 3849 durisque

400 3870 737 3934 cervicibus,
781 3869 1085 3925 homicidas
1122 3885 1188 3925 ac
1214 3868 1547 3940 proditores,
1576 3870 1792 3925 vocavit
1824 3881 1990 3941 atque

399 3963 673 4033 coarguit,
713 3972 767 4018 et
815 3963 997 4033 patrio
1044 3963 1276 4018 crimine
1308 3962 1566 4025 imbutos,
1598 3962 1989 4033 prophetarum

396 4056 612 4111 scilicet
638 4055 981 4111 occisoribus
1006 4056 1239 4127 genitos.
1276 4055 1458 4122 Quare
1488 4073 1598 4111 nou
1628 4058 1805 4113 solum
1830 4060 1991 4117 nobis

396 4152 482 4207 vir
506 4154 595 4207 hic
628 4152 800 4224 gratia
827 4160 883 4206 et
906 4152 1174 4223 sapientia
1206 4162 1510 4223 sanctoque
1542 4153 1752 4224 Spiritu
1781 4170 1846 4210 ac
1878 4157 1991 4210 vir-

396 4253 513 4299 tute
535 4243 729 4313 plenus
775 4258 884 4298 non
941 4243 1287 4307 adversatur,
1325 4259 1511 4299 verum
1564 4247 1801 4302 maxime
1848 4246 1992 4305 favet

397 4350 462 4389 ac
494 4335 890 4404 patrocinatur.
933 4335 1090 4401 Quod
1122 4336 1169 4391 si
1204 4336 1527 4393 verissimus
1562 4339 1776 4393 Domini
1827 4340 1992 4397 disci-

2098 3147 2337 3218 ἐσχάτην
2360 3147 2389 3199 ὁ
2422 3143 2663 3214 ἀθλητὴς
2688 3142 2780 3194 ἐπὶ
2805 3139 2934 3204 τοὺς
2958 3136 3225 3207 φονευτὰς
3256 3135 3499 3206 ἁρπάζει
3525 3134 3692 3205 θερα-

2097 3240 2258 3295 πείαν
2282 3254 2296 3268 ·
2330 3238 2425 3291 xui
2468 3236 2544 3307 μὴ
2586 3234 2781 3304 στῆσαι
2814 3232 2996 3293 αὐτοῖς
3020 3230 3120 3301 τὴν
3153 3228 3431 3299 ἁμαρτίαν
3458 3226 3551 3280 τὸν
3574 3243 3693 3279 κοι-

2095 3335 2186 3390 νδν
2215 3333 2495 3401 Δεσπότην
2514 3330 2737 3397 ἐξαιτεῖ.
2770 3327 2866 3391 Τίς
2889 3320 3074 3392 οὗτος
3118 3324 3176 3378 '0
3208 3322 3427 3395 μακράν
3458 3322 3559 3393 μὲν
3588 3321 3693 3374 αὒ-

2094 3434 2210 3505 τοῖς
2251 3430 2517 3502 πρότερον
2558 3426 2879 3495 νουθέτησιν
2929 3421 3025 3476 xui
3071 3420 3427 3474 διδασκαλίαν
3466 3416 3693 3473 ἀποτεί-

2096 3542 2195 3589 νας
2221 3540 2235 3554 ⁶
2266 3523 2343 3584 ὡς
2375 3521 2420 3573 δ’
2451 3517 2878 3587 άπειθεστέρους
2906 3532 2963 3567 τε
2989 3516 3102 3576 τοῖς
3124 3509 3454 3584 παραινοῦσι
3482 3509 3688 3577 λόγοις,

2096 3616 2194 3671 xui
2226 3612 2428 3684 μᾶλλον
2461 3612 2611 3680 ἐώρα
2641 3608 2781 3679 πρὸς
2820 3605 3146 3659 δυσσέϐειαν
3185 3602 3687 3674 παροξυνομένους,

2094 3708 2218 3761 τότε
2249 3704 2333 3775 δὴ,
2362 3703 2487 3756 τότε
2517 3699 2614 3755 xui
2657 3698 2803 3770 μάλα
2839 3697 3081 3762 δικαίως,
3100 3695 3195 3749 xui
3247 3697 3361 3755 τοῖς
3404 3692 3689 3763 ἐλέγχουσί

2096 3816 2157 3852 τε
2185 3797 2281 3852 xui
2330 3791 2708 3863 στηλιτεύουσι
2748 3789 2972 3853 τούτους
3010 3785 3324 3850 ὑποϐαλὼν,
3368 3785 3689 3854 ἀπεριτμή-

2095 3907 2225 3953 τους
2251 3891 2317 3959 τῇ
2350 3884 2551 3956 καρδίᾳ
2577 3884 2671 3936 xui
2706 3880 3224 3952 σκληροτραχήλους
3252 3878 3389 3949 (l7),
3425 3878 3609 3946 φονεῖς
3625 3892 3690 3928 τε

2097 3981 2194 4033 xui
2232 3977 2521 4049 προδότας,
2557 3974 2654 4029 xui
2677 3973 3007 4044 προγονικὸν
3040 3972 3101 4025 τὸ
3133 3971 3351 4042 μίασμα
3394 3969 3688 4039 φέροντας,

2096 4074 2192 4128 ἆτε
2223 4071 2289 4142 δὴ
2320 4068 2779 4142 προφητοκτόνων
2809 4066 2997 4128 τέκνα,
3026 4065 3242 4127 δεικνὺς
3281 4064 3399 4134 ἅμα
3430 4062 3527 4115 xui
3550 4063 3691 4115 ἁπο-

2096 4163 2302 4219 καλῶν.
2338 4162 2502 4214 Ὥστε
2535 4160 2596 4213 ού
2627 4158 2787 4229 μόνον
2820 4156 3073 4227 οὐδαμῶς
3099 4158 3232 4227 ἡμῖν
3267 4156 3295 4209 ό
3326 4155 3544 4225 πλήρης
3582 4152 3689 4224 χά-

2100 4272 2246 4328 ριτος
2271 4253 2368 4308 xui
2393 4251 2584 4320 σοφίας
2614 4250 2710 4304 xui
2740 4248 3060 4319 Πνεύματος
3093 4247 3250 4316 ἁγίου
3279 4247 3375 4299 xui
3397 4245 3689 4314 δυνάμεως

2096 4351 2157 4403 ού
2190 4347 2290 4419 μὲν
2315 4340 2410 4400 οὗν
2439 4342 2853 4413 ἀνταγωνιστὴς
2884 4341 2985 4395 οὐκ
3030 4340 3199 4406 ἔστιν,
3234 4339 3372 4393 ἀλλὰ
3418 4339 3515 4392 καὶ
3546 4338 3689 4392 πάν-

395 4428 584 4498 pulus,
619 4437 1033 4499 martyrumque
1060 4431 1303 4499 primus.
1360 4431 1689 4486 sententiam
1739 4443 1987 4490 nostram

2101 4460 2204 4497 των
2237 4440 2475 4511 μάλιστα
2525 4435 2935 4506 συναγωνιστὴς
2977 4434 3071 4488 καὶ
3110 4433 3451 4503 ύπέρμαχος.
3500 4431 3563 4484 Ei
3590 4430 3691 4484 δ’ὁ

397 4521 561 4576 factis
580 4521 715 4591 ipsis
743 4531 970 4577 secutus
992 4532 1100 4587 est,
1128 4526 1268 4579 satis
1288 4524 1420 4580 hinc
1454 4538 1683 4596 apparet
1707 4527 1761 4581 in
1794 4531 1987 4585 eodem

396 4616 650 4671 instituto
680 4615 850 4671 fuisse
894 4615 1244 4686 magistrum.
1304 4614 1383 4671 Ne
1417 4617 1530 4687 jam
1559 4635 1985 4677 commemorem

393 4707 593 4761 verba:
624 4704 767 4761 «Vos
789 4721 856 4761 ex
889 4715 1041 4774 patre
1067 4706 1267 4761 diaboli
1286 4708 1420 4764 estis
1440 4709 1519 4774 ³³;
1544 4717 1633 4765 »ει
1653 4726 1672 4761 ι
1694 4709 1987 4765 Generatio

391 4814 563 4870 prava
591 4813 655 4853 ac
683 4798 931 4853 adultera
949 4799 1024 4865 ³⁸;
1054 4817 1073 4850 ι
1107 4809 1159 4853 et
1190 4811 1447 4855 sexcenta
1482 4801 1589 4855 alia
1623 4821 1635 4857 :
1672 4818 1907 4872 quorum
1929 4814 1985 4859 et

393 4906 550 4945 reum
600 4906 727 4947 esse
770 4891 1058 4961 judaicum
1118 4892 1375 4962 populum
1404 4893 1715 4964 ;simulque
1764 4910 1983 4951 coronae

393 4992 677 5038 auctorem
720 4982 1014 5039 Dominum
1043 4982 1097 5037 in
1130 4987 1320 5039 codem
1357 5001 1545 5041 secum
1589 5002 1755 5058 opere
1781 4987 1987 5043 doctri-

398 5092 579 5148 naque
604 5087 941 5143 versantem,
988 5093 1083 5133 seu
1110 5078 1516 5148 praedicationis
1547 5080 1863 5136 sinceritate
1889 5096 1986 5136 seu

395 5171 665 5227 fundcndi
714 5173 1005 5245 sanguinis
1033 5172 1344 5240 alacritate,
1376 5172 1660 5227 evidenter
1698 5190 1761 5228 ac
1810 5175 1991 5245 splen-

390 5264 519 5320 dide
547 5276 846 5321 coronatns
884 5274 1074 5321 noster
1115 5265 1355 5321 ostendit
1382 5282 1394 5319 :
1420 5264 1637 5319 etiamsi
1667 5264 1863 5319 deinde
1894 5266 1989 5320 bo-

390 5357 479 5414 nis
534 5357 794 5427 precibus
845 5367 1012 5428 atque
1068 5356 1251 5421 venia,
1304 5363 1430 5426 post
1462 5362 1716 5409 caeteram
1755 5370 1979 5412 omnem

2096 4536 2321 4604 γνήσιος
2349 4530 2445 4585 τοῦ
2476 4528 2747 4583 Δεσπότου
2784 4526 3035 4597 μαθητὴς
3070 4526 3165 4579 xui
3197 4523 3495 4596 μαρτύρων
3529 4522 3687 4593 πρῶ-

2094 4645 2186 4691 τος
2217 4623 2375 4690 δόξαν
2405 4624 2537 4695 ἡμῖν
2560 4624 2675 4684 τοῖς
2704 4620 2887 4691 ἔργοις
2932 4619 3104 4684 ἔδειξε
3143 4617 3422 4691 μετελθὼν
3459 4618 3561 4688 τὴν
3590 4617 3689 4669 αύ-

2094 4716 2215 4788 τὴν,
2241 4714 2399 4784 δῆλον
2428 4714 2508 4767 δτι
2536 4711 2632 4766 xui
2660 4710 2753 4764 τὸν
2781 4709 3102 4764 διδάσκαλον
3124 4724 3137 4738 ’
3170 4709 3259 4762 ἵνα
3286 4708 3363 4779 μὴ
3380 4707 3475 4761 νῦν
3498 4706 3647 4775 λέγω
3668 4721 3685 4738 ⁶

2099 4827 2118 4862 ι
2141 4809 2332 4879 ’Υμεῑς
2374 4807 2437 4860 ἐκ
2488 4804 2583 4857 τοῦ
2640 4801 2847 4873 πατρὸς
2893 4802 2984 4855 τοῦ
3018 4801 3269 4854 διαϐόλου
3306 4801 3420 4870 (I8)
3458 4799 3584 4852 ἐστέ
3611 4815 3627 4831 ν
3662 4816 3683 4850 ι

2092 4899 2222 4954 καί⁶
2262 4917 2281 4950 ι
2324 4896 2494 4951 Γενεὰ
2539 4896 2756 4966 πονηρὰ
2811 4894 2908 4948 xui
2969 4892 3253 4963 μοιχαλίς·
3297 4912 3315 4946 ι
3365 4892 3461 4946 xui
3518 4890 3690 4963 μυρία

2091 4990 2228 5046 ἄλλα
2251 4983 2326 5044 ὧν
2355 4988 2417 5042 τὸ
2457 4985 2727 5041 Ἰουδαίων
2774 4984 2927 5046 ἔθνος
2958 4981 3281 5046 ὑπεύθυνον,
3309 4981 3380 5034 τὰ
3421 4979 3562 5035 αὐτὰ
3593 4978 3689 5032 xui

2092 5080 2456 5150 τελεσάμενον
2489 5078 2584 5132 xui
2609 5076 2901 5143 διδάξαντα
2915 5074 3008 5127 τὸν
3031 5072 3427 5143 στεφανοδότην
3454 5070 3534 5141 τῷ
3554 5087 3691 5141 γνη-

2097 5174 2195 5245 σίῳ
2228 5174 2466 5244 μάλιστα
2515 5171 2611 5225 τοῦ
2664 5168 3046 5240 κηρύγματος,
3088 5166 3185 5220 xui
3230 5164 3309 5236 τῷ
3352 5164 3420 5218 δι’
3456 5164 3689 5234 αἵματος

2097 5267 2251 5333 πόθῳ
2276 5264 2550 5336 λαμπρῶς
2574 5263 2671 5317 xui
2701 5259 3092 5331 ἀναμφιϐόλως
3126 5259 3153 5311 ὁ
3184 5257 3510 5326 στεφανίτης
3540 5272 3685 5324 παρ-

2098 5360 2299 5430 έστησε
2324 5374 2338 5387 ⁸
2371 5356 2477 5411 κᾶν
2503 5357 2636 5427 εὐχῇ
2662 5355 2755 5408 xui
2788 5350 3085 5424 συγγνώμῃ
3113 5350 3254 5422 μετά
3295 5346 3689 5420 προκαταϐλη-

461 5475 505 5507 ³⁸
539 5476 660 5532 Act.
687 5490 787 5541 vn,
812 5474 905 5531 60.
993 5474 1038 5505 ³²
1068 5471 1205 5528 Luc.
1228 5484 1389 5537 XXIII,
1419 5469 1510 5523 34.
1588 5470 1636 5502 ³³
1660 5468 1819 5525 Joan.
1863 5488 1983 5540 vut,

2174 5476 2219 5507 "
2248 5474 2439 5530 Matth.
2483 5490 2580 5538 xu,
2615 5473 2705 5527 '59.

1922 5594 2155 5651 NOTAE.

464 5689 576 5751 (Π)
608 5690 741 5760 (iud.
773 5689 1260 5760 σκληροκαρδίους.

468 5762 581 5827 (l8)
623 5757 957 5814 Vocabulum
983 5757 1234 5813 διαϐόλου
1269 5759 1377 5827 regi
1408 5774 1435 5809 a
1465 5758 1669 5827 πατρὸς
1704 5757 1985 5812 existima-

399 5842 525 5885 runt
577 5832 825 5886 nonnulli
877 5840 1017 5888 tcstc
1070 5828 1289 5898 Pbotio,
1342 5830 1436 5902 qui
1488 5834 1551 5883 dc
1602 5839 1755 5898 patre
1781 5829 1988 5886 diaboli

2097 5692 2340 5761 disputat
2372 5691 2424 5745 in
2455 5688 2864 5761 amph._qu:rst.
2884 5684 2951 5739 88
2976 5682 3179 5761 inuno
3204 5678 3343 5761 ξιιμ.)⁹
3362 5676 3505 5748 apud
3530 5673 3686 5757 Wol-

2097 5750 2251 5829 ﬂum,
2280 5773 2333 5818 et
2358 5760 2626 5832 prolixius
2653 5750 2708 5814 ni
2736 5763 2931 5830 quarst.
2963 5754 3032 5811 47
3058 5752 3267 5813 codicis
3303 5750 3574 5806 Vaticani.
