3976 6222
283 304 359 367 77
1343 315 1443 373 an
1480 311 2071 377 AMPHILOCIIIUM
2099 318 2443 389 QUzESTIO
2496 318 2540 376 1.
3468 275 3549 372 ’τε

285 426 480 481 θεῖσαν
510 426 694 482 πᾶσαν
718 426 885 500 ἀλλην
928 429 1188 499 προνοίας
1231 446 1290 484 τε
1330 433 1427 484 καὶ
1457 431 1868 503 φιλανθρωπίας

1999 449 2114 488 ora:
2161 449 2226 490 ac
2255 432 2563 489 dilectionis
2602 430 2921 486 exhaustam
2956 427 3250 492 rationem,
3293 427 3550 483 Servatur

289 504 523 585 μέθοδον
553 518 581 571 ό
603 517 793 588 Σωτὴρ
817 518 911 571 τοῦ
934 519 1124 588 γένους
1152 520 1280 585 τοὺς
1307 520 1395 574 διὰ
1422 522 1656 595 σταυροῦ
1702 523 1869 579 θάνα-

286 622 387 660 τον
410 607 564 677 αὑτῷ
588 610 982 676 ἐπενεγκόντας
1011 611 1296 681 ἀνέφερεν.

367 704 477 766 κγ’.
502 698 665 751 Ἀλλά
681 699 853 754 ταῦτα
876 700 975 771 μὲν
993 701 1123 764 ἴσως
1139 704 1234 756 καὶ
1254 702 1353 772 τῆς
1368 704 1651 777 παρούσης
1667 706 1874 776 μακρό-

291 805 459 860 τερον
475 790 783 856 ὑποθέσεως
796 809 809 823 °
831 794 1000 863 χωρὶς
1017 794 1200 863 μέντοι
1216 812 1279 861 γε
1292 796 1401 850 τῶν
1414 797 1875 869 προεκτεθέντων,

294 879 399 932 καὶ
428 879 583 948 παρά
606 881 667 933 τὸ
698 880 879 935 διττὸν
902 881 995 934 τοῦ
1025 884 1291 953 όνόματος
1335 886 1657 958 συνταράξοι
1704 886 1769 941 ἀν
1794 905 1879 951 τις

293 970 365 1021 τὸ
394 969 646 1041 βούλημα
670 973 767 1040 τῆς
792 974 1018 1045 Γραφῆς
1038 975 1136 1028 οὐκ
1170 976 1230 1029 ἐν
1262 974 1486 1042 ὀλίγοις.
1519 976 1726 1031 Αὐτίκα
1761 995 1779 1029 ι
1808 979 1878 1032 τά

295 1061 453 1114 κακά
490 1064 587 1117 καὶ⁵
643 1063 745 1118 οὐκ
798 1064 948 1119 ἐστιν
989 1065 1026 1120 ἀ
1073 1068 1150 1137 μὴ
1197 1069 1374 1133 κτίζει
1425 1068 1667 1139 Κύριος·
1713 1090 1732 1122 ι
1762 1070 1878 1135 καὶ,

298 1172 326 1205 ς
365 1155 487 1207 Τῶν
515 1155 704 1209 κακῶν
728 1157 888 1210 πάλιν
924 1158 1136 1225 οὐδενός
1166 1163 1311 1215 ἐστιν
1346 1162 1537 1226 αῐτιος.
1570 1182 1588 1214 ι
1622 1164 1732 1216 Καὶ
1764 1162 1883 1227 πῶς

295 1248 375 1301 ἂν
410 1248 812 1320 συμϐιϐασθείη
861 1252 1053 1316 ταῦτα,
1081 1253 1130 1305 εί
1172 1254 1246 1323 μὴ
1277 1254 1338 1305 τὸ
1361 1253 1536 1306 διττὸν
1573 1254 1673 1320 τῆς
1701 1252 1884 1323 φωνῆς

293 1338 637 1411 ﬁnisﬁnis;
669 1342 820 1396 κακά
863 1342 963 1413 μὲν
990 1342 1245 1412 λέγεσθαι
1291 1345 1497 1415 κυρίως
1527 1344 1596 1398 τά
1632 1346 1886 1415 ἁμαρτή-

301 1448 480 1502 ματα,
515 1425 592 1487 ὧν
621 1435 741 1487 ἐστι
773 1434 869 1487 καὶ
893 1436 956 1488 τὸ
998 1434 1154 1507 Θείον
1196 1436 1468 1489 ἀναίτιονο
1508 1436 1655 1490 κακά
1685 1436 1743 1489 δὲ
1790 1435 1887 1489 καλ⁵

296 1523 378 1576 τά
395 1523 667 1579 λυποῦντα
689 1526 853 1580 πάλιν
888 1528 982 1580 καὶ
1002 1527 1298 1599 ἀϐούλητα,
1319 1532 1475 1591 νόσος
1494 1530 1587 1583 καὶ
1606 1529 1767 1583 πενία
1788 1529 1886 1582 καὶ

300 1614 619 1685 τραύματα,
644 1618 806 1688 ἀκρὶς
835 1620 930 1672 καὶ
950 1617 1176 1690 βροῦχος
1202 1621 1298 1673 καὶ
1321 1621 1547 1693 ἐρυσίϐη
1574 1623 1667 1675 κα)⁸
1686 1624 1884 1692 κάμπη

306 1711 404 1763 καὶ
420 1711 653 1781 χάλαζα,
670 1715 763 1765 καὶ
782 1715 884 1768 ὅσα
902 1714 1037 1768 ἀλλα
1052 1714 1313 1779 πολλάκις
1333 1717 1365 1786 ἡ
1382 1716 1631 1786 Πρόνοια,
1658 1717 1756 1779 τὰς
1774 1716 1882 1768 τῶν

303 1803 781 1875 πλημμελούντων
808 1807 988 1875 ὁρμὰς
1011 1807 1436 1874 ἀναστέλλουσα,
1469 1809 1565 1861 καὶ
1590 1809 1699 1861 τῶν
1734 1808 1889 1877 κηλί-

301 1898 416 1950 δων
455 1897 926 1967 ἀποκαθαίρουσα,
961 1901 1075 1963 τοῖς
1112 1900 1319 1970 ἐνόχοις
1346 1901 1641 1969 ἐπαφιέναι
1684 1903 1778 1955 καὶ
1802 1902 1889 1956 λέ-

303 2005 470 2056 γεται
502 1989 598 2041 καὶ
622 1989 938 2043 πιστεύεται
957 2006 971 2020 ⁸
998 1991 1060 2044 οὐ
1086 1990 1397 2045 κακύνουσα
1439 1992 1499 2045 τὸ
1525 1991 1886 2062 ἀνθρώπινον,

299 2078 432 2131 οὐδὲ
463 2080 602 2150 πρὸς
626 2080 688 2133 τὸ
715 2082 894 2151 χεῖρον
923 2081 984 2134 τὸ
1002 2081 1396 2154 δημιούργημα
1421 2085 1887 2155 μεταπλάττουσα,

309 2166 391 2236 μή
418 2183 471 2219 τι
501 2166 728 2237 γένηται
752 2184 768 2199 ’
808 2168 1099 2237 ἀπάγουσα
1127 2172 1184 2225 δὲ
1217 2173 1327 2225 τῶν
1373 2174 1720 2227 κακυνόντων
1752 2174 1889 2244 μᾶλ-

307 2254 425 2319 λον,
458 2258 555 2310 καὶ
592 2260 659 2327 τῇ
702 2259 1024 2330 καταλλήλῳ
1066 2262 1160 2315 τοῦ
1199 2263 1483 2327 νοσοῦντος
1514 2263 1784 2337 θεραπείᾳ
1829 2266 1891 2319 τὸ

308 2340 675 2412 ὴρῤωστηκὸς
688 2346 790 2415 τῆς
812 2345 1035 2417 γνώμης
1053 2349 1189 2422 πρὸς
1207 2351 1268 2403 τὸ
1281 2352 1502 2421 ἄμεινον
1518 2346 1888 2421 ἐπανάγουσα.

309 2431 568 2486 Τοιοῦτον
614 2431 680 2487 ἄν
726 2436 814 2506 εἴη
860 2438 957 2490 καὶ
1005 2438 1085 2504 τὸ,
1123 2459 1142 2491 ι
1193 2443 1517 2513 Παρέδωκεν
1556 2444 1755 2509 αὐτοὺς
1797 2445 1894 2499 λαο

305 2523 529 2592 τρεύειν
561 2528 628 2597 τῇ
674 2530 906 2600 στρατιᾷ
932 2530 1026 2584 τοῦ
1056 2532 1311 2603 οὐρανοῦ.
1362 2553 1383 2588 ι
1427 2565 1500 2576 —
1533 2555 1552 2588 ι
1590 2537 1709 2591 Καὶ
1749 2556 1892 2609 παρ·

308 2615 518 2670 έδωκεν
535 2617 732 2683 αὐτοὺς
749 2620 830 2683 είς
849 2622 996 2693 πάθη
1018 2623 1262 2693 ἀτιμίας.
1277 2643 1296 2676 ι
1315 2655 1383 2666 --
1403 2645 1422 2679 t
1443 2627 1555 2680 Καὶ
1578 2628 1778 2682 ἔδωκεν
1795 2630 1895 2683 αὐ·

306 2710 425 2771 τοῖς
456 2708 673 2781 πνεῦμα
690 2712 1377 2788 κατανύξεως,όφθαλμοὺς
1399 2720 1493 2773 τοῦ
1519 2722 1594 2792 μὴ
1614 2721 1887 2791 βλέπειν.»

308 2801 427 2869 Τῆς
454 2801 566 2873 γὰρ
586 2805 770 2874 φωνῆς
792 2807 853 2859 τὸ
873 2806 1162 2878 ὁμώνυμον
1192 2811 1489 2877 κάνταῦθα,
1515 2815 1576 2866 οὐ
1604 2816 1763 2885 τυχὸν
1797 2817 1895 2884 μὲν

306 2891 662 2962 διακρίσεως,
699 2898 778 2960 είς
811 2900 1042 2953 ἀτοπίαν
1087 2901 1380 2973 συστρέφει
1427 2903 1488 2957 τὸ
1531 2905 1730 2976 νόημα.
1768 2907 1895 2972 Πῶς

309 2981 425 3053 γὰρ
457 2985 552 3037 καὶ
583 2986 713 3039 πότε
741 2987 972 3060 ψυχικὸν
1001 2990 1157 3062 ὄμμα
1200 2995 1392 3062 τυφλοῖ
1418 2996 1447 3048 6
1490 2996 1655 3065 856;;
1693 2998 1811 3062 πῶς
1836 3000 1894 3053 δὲ

1972 523 2187 593 generis
2226 534 2477 579 auctores
2510 521 2613 578 sibi
2659 536 2756 591 per
2785 533 3002 575 crucem
3034 519 3184 575 necis
3215 526 3549 589 prosecutus

1973 622 2081 668 est.

2045 705 2138 760 2'5.
2200 703 2404 760 Verum
2467 704 2585 759 haec
2642 701 2880 757 fortasse
2929 701 3150 772 longius
3201 716 3231 755 a
3283 708 3555 771 prtesente

1976 797 2256 867 proposito
2288 798 2507 851 abeunt.
2543 794 2607 848 Et
2629 794 2849 865 quidem
2876 804 3070 863 praeter
3104 793 3368 846 hactenus
3388 792 3555 855 dicta,

1979 889 2216 943 nominis
2241 902 2458 958 quoque
2491 886 2822 956 ambiguitas
2878 885 3022 939 haud
3071 899 3195 939 raro
3236 884 3352 937 fieri
3382 891 3560 951 potest

1980 989 2041 1034 ut
2079 980 2401 1033 sententiam
2441 978 2748 1033 conturbet.
2778 976 2980 1043 Veluti,
3028 995 3047 1028 ι
3090 975 3209 1030 Non
3241 985 3326 1031 est
3351 976 3558 1028 malum

1981 1071 2122 1141 quod
2156 1086 2263 1125 non
2304 1069 2471 1125 faciat
2510 1069 2885 1137 Dominus";
2927 1090 2945 1122 ι
2992 1084 3319 1137 rursusque,
3353 1085 3371 1117 ι
3427 1066 3561 1121 Nul-

1981 1163 2087 1217 lius
2118 1162 2246 1216 mali
2281 1172 2474 1216 auctor
2513 1160 2779 1216 Dominus
2806 1169 2891 1216 est
2924 1160 2989 1212 ⁸⁶.
3035 1179 3053 1211 ι
3090 1158 3374 1226 Quomodo
3419 1158 3557 1221 haec,

1982 1254 2231 1323 inquam,
2262 1263 2585 1322 congruent,
2633 1252 2740 1307 nisi
2777 1252 3093 1321 ambiguum
3141 1248 3393 1305 vocabuli
3436 1263 3562 1304 sen-

1984 1361 2106 1399 sum
2132 1343 2471 1415 distinguas?
2501 1343 2638 1398 Maia
2662 1344 2871 1398 scilicet
2896 1342 3155 1413 primario
3178 1357 3341 1397 sensu
3365 1339 3560 1395 dicun—

1986 1445 2076 1491 tur
2121 1446 2363 1505 peccata,
2408 1451 2645 1506 quorum
2688 1434 2831 1489 Deus
2867 1450 3037 1489 causa
3092 1451 3199 1489 non
3244 1442 3368 1489 est:
3417 1434 3560 1489 mala

1986 1536 2246 1596 praeterea
2278 1536 2404 1582 sunt
2436 1527 2521 1581 illa
2557 1541 2677 1596 qua:
2705 1525 2956 1580 molestia
2994 1525 3258 1589 alliciunt,
3293 1524 3564 1593 nobisque

1988 1619 2173 1673 invitis
2212 1619 2490 1683 accidunt,
2540 1618 2786 1683 morbus,
2829 1628 3145 1687 paupertas,
3184 1618 3435 1679 vulnera,
3479 1616 3565 1669 lo-

1989 1716 2164 1771 custa,
2194 1708 2459 1770 bruchus,
2495 1707 2709 1775 rubigo,
2733 1721 2920 1771 eruca,
2948 1707 3175 1775 grando,
3214 1713 3265 1759 et
3296 1715 3567 1774 quotquot

1989 1798 2095 1852 alia
2125 1813 2499 1868 saepenumero
2534 1797 2641 1852 reis
2692 1798 2910 1853 immitti
2946 1813 2976 1851 a
3009 1798 3193 1853 divina
3228 1798 3566 1869 providentia

1986 1892 2242 1947 dicuntur
2270 1902 2432 1961 atque
2464 1891 2778 1956 creduntur,
2810 1891 2893 1944 vel
2927 1897 2985 1943 ut
3007 1899 3227 1959 ruentes
3254 1889 3319 1944 ad
3345 1898 3567 1960 peccata

1988 1982 2243 2036 mortales
2280 1982 2553 2048 cohibeat,
2598 1983 2682 2036 vel
2736 1996 2796 2036 ut
2846 1982 2997 2037 labes
3047 1982 3235 2036 abluat
3274 1996 3288 2032 :
3335 1981 3565 2034 minime

1988 2089 2117 2128 vero
2141 2083 2200 2128 ut
2229 2073 2487 2142 depravet
2520 2074 2819 2127 humanum
2870 2088 3062 2142 genus,
3109 2086 3288 2140 neque
3318 2078 3378 2124 ut
3410 2070 3567 2139 pejo-

1990 2181 2103 2220 rem
2134 2166 2502 2221 conditionem
2532 2176 2798 2220 creaturae
2828 2181 2941 2220 sure
2990 2164 3153 2218 faciat
3190 2162 3367 2229 Deus;
3421 2161 3569 2231 quod

1989 2258 2164 2325 absit;
2205 2257 2314 2312 imo
2355 2259 2536 2327 potius
2580 2266 2640 2312 ut
2682 2272 2711 2311 a
2761 2256 3017 2311 vitiorum
3059 2255 3416 2310 irritamentis
3442 2255 3571 2308 abs-

1992 2350 2194 2414 trahat,
2224 2359 2389 2420 atque
2434 2357 2493 2403 ut
2515 2364 2753 2418 congrua
2779 2347 3080 2402 laborantis
3106 2362 3264 2414 cura,
3293 2346 3569 2400 infirmam

1991 2442 2156 2496 animi
2180 2450 2389 2511 partem
2424 2441 2491 2495 ad
2537 2442 2818 2496 meliorem
2854 2440 3065 2510 frugem
3105 2448 3343 2494 revocet.
3381 2437 3575 2505 Hujus-

1992 2531 2138 2586 modi
2184 2531 2287 2586 erit
2333 2531 2495 2586 etiam
2527 2531 2771 2587 locutio:
2805 2550 2823 2583 ι
2854 2529 2918 2586 Ει
2952 2529 3174 2585 tradidit
3218 2545 3314 2585 eos
3367 2528 3574 2584 servire

1994 2622 2200 2677 militiae
2234 2623 2355 2678 coeli
2392 2623 2458 2677 ³⁷.
2492 2641 2511 2673 ι
2544 2652 2613 2664 -
2642 2640 2659 2674 ι
2698 2621 2764 2676 Ει
2801 2622 3025 2677 tradidit
3053 2636 3147 2676 eos
3173 2622 3228 2675 in
3280 2621 3570 2691 passiones

1996 2714 2309 2784 ignominiae
2344 2716 2411 2779 ⁸⁸,
2445 2734 2463 2766 ι
2505 2745 2576 2755 -—
2611 2732 2630 2767 t
2658 2712 2725 2769 Et
2750 2713 2994 2769 dediteis
3029 2713 3278 2783 spiritum
3303 2727 3572 2781 compun—

1994 2804 2213 2867 ctionis.
2256 2807 2446 2862 oculos
2489 2822 2557 2860 nc
2592 2805 2812 2860 videant
2840 2806 2909 2859 ”.
2952 2824 2971 2856 ι
3005 2802 3141 2859 Nam
3172 2803 3421 2860 vocabuli
3469 2803 3571 2857 bo-

1996 2896 2269 2967 monymia
2321 2897 2408 2950 hic
2454 2910 2695 2966 quoque,
2736 2894 2843 2949 nisi
2868 2895 3237 2958 discernatur,
3277 2893 3572 2947 absurdam

1996 2990 2320 3045 sententiam
2362 2989 2522 3059 parit.
2555 2987 2840 3055 Quomodo
2872 2989 3017 3041 enim
3053 2995 3148 3039 aut
3197 2985 3418 3056 quando
3457 2984 3579 3037 ani-

310 3077 547 3132 πάθεσιν
569 3078 598 3130 ό
634 3079 841 3135 τούτων
865 3082 1197 3156 καθαιρέτης
1224 3088 1320 3141 καὶ
1342 3088 1567 3161 ἀσεϐείᾳ
1598 3092 1694 3146 καὶ
1717 3091 1891 3165 πλάνη
1919 3091 1964 3151 c
1996 3100 2098 3139 mae
2135 3083 2353 3138 oculum
2397 3090 2629 3138 excaecat
2678 3079 2863 3135 Deus?
2894 3078 3170 3148 quomodo
3200 3075 3575 3148 passionibus,

311 3168 651 3239 παραδίδωσι
674 3188 689 3237 ;
719 3173 1100 3246 Διακριθέντος
1121 3177 1179 3229 δέ
1200 3180 1313 3241 τοῖς
1351 3183 1773 3251 σημαινομένοις
1796 3183 1890 3238 τοῦ

309 3258 585 3327 ῥήματος,
614 3262 814 3325 παντὸς
852 3263 881 3315 6
910 3263 1064 3333 λόγος
1104 3267 1438 3338 σοφίσματος
1473 3270 1789 3325 ἀπολύεται.
1821 3273 1894 3327 Τδ

312 3350 446 3420 γὰρ,
474 3350 808 3420 παρέδωκε,
847 3355 1101 3425 σημαίνει
1131 3357 1231 3427 μὲν
1269 3361 1445 3413 καὶτὸ
1473 3363 1771 3432 ἐνεχείρισε
1799 3364 1896 3417 καὶ

314 3442 706 3513 παρέπεμψεν,
750 3444 784 3515 ἦ
828 3445 1103 3516 συνώθησε
1142 3447 1237 3502 καὶ
1287 3449 1590 3520 συνήλασε³
1643 3451 1896 3522 σημαίνει

312 3533 358 3585 δ’
388 3534 544 3587 οὐδὲν
591 3535 811 3591 ἔλαττον
850 3537 947 3592 καὶ
982 3540 1217 3609 μάλιστά
1247 3558 1310 3609 γε
1344 3541 1422 3613 τῷ
1467 3541 1783 3614 βουλήματι
1799 3545 1896 3615 τῆς

315 3622 547 3694 Γραφῆς
579 3630 675 3680 καὶ
702 3626 761 3680 τὸ
792 3633 1161 3700 συνεχώρησε,
1187 3630 1472 3700 καθυφῆκε
1496 3632 1591 3685 καὶ
1613 3634 1894 3701 ἐνέδωκεν,

315 3716 466 3769 είασε
503 3717 766 3787 φέρεσθαι
799 3722 919 3783 ταῖς
952 3722 1171 3791 ὁρμαῖς,
1212 3722 1393 3791 ἀφῆκε
1432 3723 1493 3776 τὸ
1516 3723 1765 3779 ἑκούσιον
1794 3727 1895 3779 αὐ-

316 3811 640 3865 τοδέσποτον
662 3828 681 3845 ⁸
712 3812 837 3866 καθ’
872 3814 901 3867 ὂ
933 3816 1331 3885 σημαινόμενον
1361 3818 1775 3890 ὑπειλημμένον
1804 3819 1896 3874 τοῦ

318 3901 687 3970 παρέδωκεν,
727 3905 878 3959 οὐδὲν
914 3906 1022 3960 τῶν
1053 3907 1379 3976 παραλόγων
1418 3909 1554 3972 ὅλως
1585 3911 1895 3980 ὑφίσταται.

330 3994 587 4062 Ἀφέλκει
619 3996 719 4065 μὲν
760 3996 865 4068 γάρ
894 3996 955 4051 τὸ
987 3998 1140 4051 Θείον
1183 3999 1331 4069 νόμῳ
1364 4001 1775 4072 φιλανθρωπίας
1806 4003 1901 4056 καὶ

320 4086 585 4154 προνοίας
610 4087 720 4139 τῶν
749 4088 939 4141 παθῶν
966 4090 1060 4143 καὶ
1086 4090 1500 4161 ἁμαρτημάτων
1537 4093 1598 4147 τὸ
1622 4094 1900 4165 ἀνθρώπι-

321 4195 411 4231 νον
431 4193 447 4209 ⁸
488 4180 711 4234 ἐπειδάν
743 4181 801 4234 δὲ
845 4181 1145 4254 μοχθηρίας
1174 4183 1447 4256 ὑπερϐολῇ
1475 4186 1537 4239 τὸ
1579 4186 1901 4241 ἀναστελλό-

324 4287 489 4341 μενον
515 4270 616 4341 τῆς
655 4272 975 4343 εὐεργεσίας
997 4275 1092 4327 καὶ
1120 4277 1341 4347 χάριτος
1370 4277 1469 4329 οὐκ
1497 4277 1761 4348 ἀνέχοιτο,
1796 4280 1903 4333 οὐδ’

321 4361 499 4415 ἐθέλοι
526 4361 609 4431 τῷ
641 4362 955 4433 μεθέλκοντι
989 4365 1295 4430 πείθεσθαι,
1327 4367 1449 4420 τότε
1480 4368 1565 4439 δὴ,
1590 4371 1712 4423 τότε
1731 4371 1900 4425 ὑπεν-

319 4451 510 4505 δίδωσι
556 4453 821 4523 φέρεσθαι
862 4458 928 4526 τῇ
963 4458 1112 4529 ῥύμῃ
1140 4457 1200 4510 τὸ
1228 4457 1511 4533 ἀπειθοῦν,
1532 4436 1650 4514 *καὶ
1680 4462 1903 4533 ἀφίησιν
1932 4436 1981 4495 D

320 4544 743 4614 ἀποκεχρῆσθαι
769 4546 846 4616 τῷ
872 4546 1189 4617 βουλήματι,
1211 4550 1299 4603 ἴνα
1332 4552 1429 4623 μὴ,
1460 4552 1555 4605 ἐπὶ
1588 4555 1751 4607 πλέον
1773 4557 1905 4609 ἀνα-

325 4635 566 4688 στέλλων
593 4637 687 4688 καὶ
706 4638 1068 4707 ἀναχαιτίζων
1088 4640 1184 4710 τῆς
1206 4642 1398 4713 ῥοπῆς,
1421 4642 1547 4715 δόξῃ
1572 4644 1905 4717 διαφθείρειν

320 4725 388 4779 τὺ
437 4724 814 4789 αὐτεξούσιον·
864 4727 959 4780 καὶ
1009 4729 1043 4798 ἡ
1098 4730 1387 4801 εὐεργεσία
1442 4734 1538 4787 καὶ
1593 4735 1627 4805 ἡ
1678 4735 1906 4805 πρόνοια

323 4816 442 4878 τοῖς
480 4814 762 4886 ἀγνώμοσι
787 4817 879 4870 καὶ
907 4817 1219 4890 ἀχαρίστοις
1249 4823 1328 4884 είς
1358 4821 1613 4895 ἔγκλημα
1649 4827 1906 4898 περιτρέ-

324 4922 508 4961 ποιτο.

399 4999 501 5053 κδ’.
534 4999 695 5053 Κατά
724 4999 884 5053 τοῦτο
916 5000 981 5071 δὴ
1000 5002 1061 5054 τὸ
1092 5005 1487 5075 σημαινόμενον
1518 5006 1639 5070 ἔθος
1661 5007 1778 5061 ἐστὶ
1804 5026 1910 5063 πα-

330 5090 782 5161 ραλαμϐάνεσθαι
808 5096 920 5157 τοῖς
950 5094 1115 5164 ἱεροῖς
1138 5097 1171 5164 ἡ
1180 5096 1296 5166 μῶν
1317 5098 1614 5168 Γράμμασι
1636 5100 1697 5153 τὸ
1724 5101 1909 5156 ἔδωκε

328 5185 427 5236 καὶ
458 5184 767 5252 παρέδωκε
804 5187 899 5240 καὶ
930 5188 985 5239 εἴ
1012 5205 1065 5240 τι
1104 5188 1374 5244 τοιοῦτον·
1402 5191 1538 5261 ὅπερ
1568 5194 1758 5247 οὐδένα
1791 5194 1911 5264 μῶ-

334 5293 437 5343 μον
463 5276 586 5329 οὐδὲ
620 5277 792 5348 λαϐὴν
828 5281 894 5349 τῇ
926 5280 1307 5353 φιλανθρωπίᾳ
1333 5284 1429 5337 καὶ
1468 5284 1786 5357 δικαιοσύνῃ
1815 5285 1909 5340 τοῦ

330 5368 470 5421 Θεοῦ
515 5369 626 5422 οὐδ’
654 5371 957 5439 ἡντιναοῦν,
996 5373 1072 5435 ὡς
1106 5373 1271 5428 πᾶσίν
1314 5376 1432 5427 ἐστι
1454 5378 1707 5448 φανερὸν,
1736 5395 1909 5449 προσ-

331 5461 518 5514 άπτει.
545 5460 704 5515 Οὕτω
741 5462 963 5531 λέγεται
999 5464 1296 5536 σκληρῦναι
1339 5467 1500 5520 πάλιν
1536 5471 1637 5539 τὴν
1683 5471 1911 5539 καρδίαν

334 5551 540 5622 Φαραώ
558 5569 571 5581 ·
598 5554 697 5624 οὐχ
722 5554 804 5607 ὅτι
851 5554 1030 5609 λαϐὼν
1053 5557 1307 5611 εἴκουσαν
1335 5560 1429 5612 καὶ
1458 5560 1787 5631 πειθομένην
1814 5561 1911 5614 αὑ-

333 5645 432 5699 τοῦ
471 5648 586 5709 τοῖς
622 5647 1060 5718 προστάγμασιν,
1092 5650 1172 5712 είς
1204 5648 1267 5703 τὸ
1314 5651 1549 5722 σκληρὸν
1582 5653 1679 5707 καὶ
1709 5654 1910 5725 ἀτέρα-

2001 3176 2090 3232 ille
2124 3175 2215 3246 qui
2247 3175 2437 3230 harum
2470 3182 2731 3245 purgator
2760 3182 2865 3237 est,
2904 3180 2957 3226 et
2998 3170 3264 3240 impietati
3310 3178 3472 3238 atque
3497 3182 3579 3222 er-

2002 3267 2110 3322 rori
2150 3266 2352 3321 tradit?
2391 3265 2671 3320 Distiuctis
2713 3272 2897 3319 autem
2936 3263 3188 3319 vocabuli
3238 3260 3575 3327 notionibus,

2000 3358 2150 3411 omni
2190 3356 2535 3412 cavillatione
2581 3358 2871 3426 expeditur
2918 3371 3126 3411 sermo.
3175 3354 3310 3408 Nam
3352 3353 3578 3407 verbum

2004 3450 2226 3504 tradidit
2270 3448 2537 3520 signiﬁcat
2598 3463 2766 3503 sane:
2802 3448 2992 3502 alienae
3052 3448 3307 3516 potestati
3350 3446 3578 3510 dedidit,

2004 3541 2330 3604 transmisit,
2355 3541 2619 3611 compulit
2657 3559 2669 3593 :
2701 3541 3078 3603 nihilominus,
3117 3540 3227 3593 imo
3253 3554 3382 3593 vero
3403 3538 3577 3607 potis-

2005 3634 2141 3689 sime
2165 3632 2468 3690 secundum
2518 3631 2819 3701 Scriptura:
2857 3647 3103 3697 sensum,
3152 3630 3444 3694 concessit,
3492 3629 3583 3683 in-

2003 3726 2192 3787 dulsit,
2225 3724 2496 3794 permisit,
2533 3723 2662 3778 ferri
2713 3723 2840 3779 sivit
2892 3723 3093 3792 impetu
3124 3736 3247 3788 suo,
3291 3721 3581 3775 arbitrium

2003 3832 2126 3873 esse
2171 3816 2400 3871 liberum
2466 3831 2660 3885 passus
2703 3826 2828 3871 est:
2879 3815 3035 3884 juxta
3092 3830 3256 3884 quam
3302 3816 3582 3868 notionem

2002 3907 2169 3963 verbo
2209 3907 2432 3961 tradidit
2468 3906 2763 3970 intellecto,
2801 3907 2952 3961 nulla
2975 3906 3288 3960 absurditas
3317 3904 3583 3974 sequitur.

2004 4002 2210 4054 Avocat
2235 4000 2378 4054 enim
2416 3999 2562 4055 Deus
2610 3999 2854 4069 ingenito
2901 3997 3162 4054 bonitatis
3210 3997 3587 4067 providentia:-

2006 4105 2113 4159 que
2140 4105 2253 4145 suae
2288 4105 2439 4145 more
2468 4105 2499 4143 a
2521 4090 2871 4160 passionibus
2899 4105 2964 4144 ac
3000 4090 3243 4159 peccatis
3280 4088 3535 4142 homines
3569 4107 3585 4140 :

2007 4188 2382 4235 verumtamen
2413 4179 2503 4234 ubi
2531 4180 2609 4244 hi,
2634 4189 2923 4249 superante
2951 4178 3180 4244 malitia,
3214 4178 3400 4232 frenos
3431 4193 3461 4230 a
3504 4178 3588 4230 di-

2008 4274 2132 4327 vina
2172 4271 2524 4327 beneficentia
2582 4272 2864 4342 gratiaque
2919 4270 3151 4340 iniectos
3200 4268 3579 4339 indignantur,

2009 4365 2310 4435 noluntque
2346 4364 2645 4419 retrahenti
2692 4377 2900 4417 morem
2954 4377 3164 4432 gerere,
3206 4370 3322 4415 tum
3363 4360 3605 4414 demum-

2006 4458 2136 4513 sinit
2180 4473 2343 4511 cursu
2389 4471 2489 4511 suo
2541 4465 2895 4509 contumaces
2938 4452 3096 4517 ferri;
3145 4462 3308 4521 atque
3358 4450 3589 4505 arbitrio

2006 4548 2277 4605 abutendi‘
2314 4548 2528 4617 c0piam
2588 4544 2759 4601 facit:
2808 4558 2876 4598 ne
2923 4543 2969 4597 si
3025 4543 3165 4597 forte
3209 4542 3590 4597 vehementius

2006 4641 2274 4695 inhiberet
2303 4654 2369 4694 ac
2393 4641 2617 4693 sisteret
2648 4637 3095 4706 propensionem,
3156 4635 3343 4689 liberte
3389 4634 3587 4687 volun-

2008 4731 2135 4801 tatis
2182 4730 2497 4784 facultatem
2543 4726 2899 4798 pessumdare
2941 4727 3262 4781 videretur:
3304 4733 3467 4793 atque
3516 4723 3590 4777 ita

2009 4822 2274 4879 beneficia
2303 4820 2544 4891 ejusdem
2574 4820 2656 4874 vis
2690 4834 2752 4873 ac
2778 4818 3117 4889 providentia
3147 4817 3477 4873 vecordibus
3509 4825 3593 4871 at-

2008 4932 2116 4988 que
2144 4915 2368 4985 ingratis
2398 4914 2617 4969 crimini
2654 4922 2981 4968 verteretur.

2078 5009 2171 5062 Ἃ.
2214 5005 2326 5061 Hac
2371 5006 2537 5077 igitur
2570 5006 2781 5060 ratione
2810 5005 2990 5060 solent
3032 5001 3337 5072 Scriptura:
3384 5010 3591 5055 nostrae

2010 5100 2192 5156 verbis
2217 5099 2296 5155 uti
2321 5099 2464 5154 dedit
2504 5108 2556 5154 et
2587 5098 2807 5153 tradidit
2837 5107 2891 5152 et
2918 5097 3112 5153 horum
3156 5095 3432 5150 similibus
3463 5111 3477 5148 :
3535 5093 3590 5149 id

2011 5194 2158 5265 quod
2210 5194 2419 5248 nullum
2464 5193 2726 5262 probrum
2773 5191 3093 5260 nullamque
3150 5203 3340 5243 ansam
3378 5187 3591 5256 vitupe-

2016 5283 2166 5337 randi
2189 5281 2282 5336 Dei
2304 5281 2597 5336 bonitatem
2629 5278 3105 5349 atquejustitiam,
3154 5284 3216 5331 ut
3265 5276 3463 5346 cuique
3491 5290 3590 5328 ex-

2016 5378 2282 5447 ploratum
2306 5380 2410 5439 est,
2444 5372 2607 5443 parit.
2647 5370 2739 5426 Sic
2774 5384 2989 5424 rursum
3024 5367 3169 5422 Deus
3193 5366 3393 5421 dicitur
3430 5364 3591 5417 indu-

2015 5470 2225 5524 ravisse
2262 5482 2360 5522 cur
2413 5463 2717 5520 Pharaonis
2759 5461 2845 5516 "z
2899 5476 3005 5516 non
3059 5460 3204 5529 quod
3256 5457 3388 5513 illud
3428 5452 3591 5509 molle

2016 5561 2220 5632 pridem
2251 5558 2475 5628 suisque
2496 5556 2743 5627 jussibus
2766 5553 2960 5618 docile,
2991 5553 3058 5605 ad
3104 5551 3386 5615 duritiem,
3431 5550 3592 5616 perti-

2017 5652 2252 5717 naciam,
2281 5649 2790 5716 contumaciamque
2819 5642 3151 5701 converterit
3176 5657 3190 5706 ;
3223 5642 3315 5696 sed
3346 5639 3475 5711 quia
3496 5638 3590 5698 diu

409 5766 458 5800 ³³
483 5766 654 5823 Amos
690 5783 774 5834 ιιι,
813 5766 867 5824 6.
944 5768 989 5801 “
1014 5766 1129 5826 Jac.
1164 5784 1201 5837 ι,
1243 5770 1328 5826 l3.
1408 5772 1450 5803 ³⁷
1482 5772 1599 5827 Act.
1630 5788 1723 5840 vn,
1758 5774 1848 5831 42,
1886 5776 1893 5807 ³

1999 5789 2121 5829 tom.
2154 5787 2193 5840 ι,
2216 5768 2307 5826 26.
2386 5768 2429 5801 ³⁹
2463 5765 2621 5822 Rom.
2657 5780 2732 5832 ιι,
2772 5763 2827 5819 8.
2906 5762 2951 5795 ⁸ο
2980 5759 3150 5818 Exod;
3178 5774 3276 5825 vtt.
3301 5758 3357 5815 3.
