3976 6222
386 237 461 299 τε)
1554 239 1822 301 ΡΗΟΤΪΙ
1858 241 1980 300 ΡΑἾ

2086 240 2369 302 ΪΑΒΕΗΙΕ
2399 241 2510 302 CP.
3605 245 3689 316 30.

385 359 510 410 data
552 369 715 426 opera
766 361 824 408 ut
859 369 955 410 cor
997 353 1128 410 illud
1177 355 1246 410 ab
1289 354 1659 412 inobedientia
1708 367 1762 412 et
1805 357 1977 412 refra-

2086 375 2215 430 μνον
2247 359 2342 412 καὶ
2390 355 2616 420 ἀπειθὲς
2659 356 3059 429 μετεπλάσατο,
3100 359 3218 414 ἀλλ’
3261 360 3346 415 ὅτι
3392 361 3689 432 μεθέλκων

385 448 559 503 etario
583 447 776 518 spiritu
809 458 1115 516 revocaret,
1150 458 1444 520 postquam
1470 449 1788 522 Egyptium
1821 452 1976 506 nullo

387 539 554 596 modo
605 540 888 595 cedentem
931 556 1112 610 neque
1151 542 1219 596 ad
1271 542 1639 598 obedientiam
1693 559 1976 599 reversum

388 631 578 697 sensit,
612 632 725 686 imo
747 648 882 686 vero
912 647 972 688 se
999 642 1173 688 totum
1215 634 1269 688 in
1311 636 1588 689 contraria
1625 636 1979 706 repugnanti-

387 741 496 794 que
540 725 813 780 sententia
858 725 1283 790 oblirmantem;
1342 727 1487 784 Deus
1554 729 1648 798 qui
1697 745 1976 799 nunquam

385 818 546 872 liberi
592 818 700 872 vim
739 817 954 872 arbitrii
986 818 1154 881 laedit,
1201 820 1330 875 sivit
1374 836 1499 874 eum
1554 835 1651 875 sua
1699 820 1980 876 voluntate

389 909 542 971 ferri,
562 911 654 980 qui
687 910 900 964 meliori
931 909 1167 966 consilio
1193 926 1402 964 morem
1444 925 1634 980 gerere
1665 911 1977 967 recusabat.

388 1001 576 1073 Neque
602 1004 707 1057 erit
743 1004 1066 1069 absurdum,
1104 1003 1281 1074 s—iquis
1307 1003 1416 1059 hoc
1447 1005 1570 1058 loco
1601 1019 1791 1059 vocem
1824 1005 1982 1059 indu-

389 1097 526 1151 ravit
561 1098 638 1151 sic
670 1095 783 1150 fure
812 1096 1102 1167 intelligat,
1133 1104 1191 1150 ut
1237 1097 1438 1151 durum
1485 1097 1631 1166 regis
1673 1112 1772 1152 cor
1814 1107 1982 1168 atque

387 1187 738 1261 prtefractum
777 1187 921 1244 Deus
959 1189 1119 1244 editis
1165 1188 1428 1258 prodigiis
1473 1189 1782 1246 evidentius
1816 1205 1978 1246 coar-

391 1278 590 1347 guerit,
620 1287 672 1332 et
702 1278 1105 1333 contumaciam
1135 1277 1255 1347 ejus
1290 1279 1450 1348 quasi
1477 1279 1758 1350 triumpho
1791 1289 1980 1337 osten-

388 1369 605 1435 taverit,
646 1371 1105 1440 desperatumque
1134 1379 1189 1424 et
1219 1370 1572 1427 intractabile
1601 1373 1803 1427 mentis
1860 1374 1980 1428 vul-

388 1478 518 1527 nus,
577 1463 816 1517 nondum
857 1462 1117 1516 omnibus
1164 1463 1297 1516 satis
1338 1463 1644 1533 cognitum,
1690 1465 1978 1520 manifesta

389 1552 512 1606 luce
571 1551 950 1622 impertiverit.
1014 1549 1402 1622 Prodigiorum
1468 1567 1604 1608 sane
1658 1553 1979 1623 magnitudo

390 1659 515 1697 eum
575 1641 756 1696 ontnis
804 1641 1212 1696 adhortationis
1258 1641 1649 1714 suasionisque
1707 1644 1843 1699 ﬁnes
1884 1659 1980 1698 ex-

389 1736 637 1801 cesserit,
668 1749 846 1805 neque
876 1743 1062 1790 tamen
1093 1734 1404 1793 Pharaonis
1435 1737 1678 1792 animum
1702 1751 1981 1807 expugna-

389 1829 547 1896 verit,
606 1844 788 1884 nonne
836 1844 1112 1884 summam
1159 1839 1324 1901 atque
1367 1831 1732 1888 insanabilem
1791 1829 1978 1885 cordis

2084 450 2180 504 mi.
2204 449 2528 503 ἀνακόπτων
2548 449 2649 520 τῆς
2675 449 2956 515 ἀπειθείας
2980 451 3074 504 καὶ
3099 451 3194 505 τοῦ
3217 452 3516 507 ἀντιτύπου
3541 471 3686 525 φρο-

2086 542 2352 612 νήματος,
2402 541 2633 613 ἐπείπερ
2675 541 2928 612 οὐδαμῶς
2979 535 3142 613 εὗρεν
3179 544 3529 598 ὐπενδιδόντα
3579 546 3687 598 καὶ

2087 634 2227 704 πρὸς
2256 632 2428 687 πειθὼ
2479 633 2876 705 μεθιστάμενον
2910 633 3006 688 τὸν
3051 635 3376 704 Αίγύπτιον,
3407 637 3524 691 ἀλλ’
3552 638 3686 691 ὅλον

2085 725 2278 778 ἐαυτὸν
2305 724 2564 779 ποιοῦντα
2587 725 2679 779 τοῦ
2703 727 2984 780 ἀντιθέτου
3018 730 3116 781 καὶ
3157 728 3685 801 ἀντι[τεῖταγμένου

2085 817 2248 888 βουλή
2258 835 2445 888 ματος,
2465 821 2492 872 ὁ
2514 818 2768 889 μηδαμοῦ
2787 819 3022 889 φθείρων
3041 821 3104 873 τὸ
3120 822 3469 886 αὐτεξούσιον
3489 824 3682 893 ἀφῆκε

2081 909 2149 978 τῇ
2185 907 2379 982 γνώμῃ
2410 908 2672 978 φέρεσθαι
2693 907 2786 960 τὸν
2823 909 2886 961 οὐ
2916 907 3246 980 βουληθέντα
3286 912 3577 982 πεισθῆναι
3599 915 3681 984 τῇ

2083 999 2375 1070 κρείττονι.
2404 998 2506 1069 Είη
2535 999 2581 1052 δ’
2618 999 2684 1053 ἂν
2714 999 2921 1071 ἀπᾷδον
2947 1001 3100 1054 οὐδὲν
3128 1003 3224 1055 καί⁵
3245 1003 3302 1054 εἰ
3328 1020 3415 1066 τις
3435 1005 3682 1059 ἐνταῦθα

2081 1091 2141 1145 τὸ
2173 1091 2558 1160 ἐσκλήρυνεν
2587 1093 2708 1145 ἀντὶ⁸
2729 1093 2850 1158 τοῦ,
2876 1093 3122 1165 σκληρὰν
3150 1091 3319 1150 οὖσαν
3347 1097 3443 1150 καὶ
3472 1098 3682 1151 ἀπότο-

2086 1199 2186 1252 μον
2227 1183 2392 1246 αὐτὸς
2441 1183 2530 1237 διὰ
2560 1182 2671 1237 τῶν
2714 1186 3118 1258 ἐπενεχθέντων
3169 1189 3414 1258 σημείων
3471 1190 3683 1260 μᾶλλον

2081 1273 2362 1346 ἐξήλεγξε,
2415 1279 2511 1328 καὶ
2553 1276 2655 1346 τὴν
2707 1277 2990 1332 ἀπείθειαν
3021 1279 3388 1350 ἐθριάμϐευσε
3414 1296 3429 1311 ο
3478 1283 3571 1335 καὶ
3608 1283 3683 1335 τὸ

2080 1366 2180 1434 τῆς
2212 1365 2434 1436 γνώμης
2484 1365 2803 1434 ἀμείλικτόν
2836 1385 2894 1420 τε
2936 1370 3033 1421 καὶ
3082 1368 3323 1435 ἀνίατον,
3369 1367 3524 1423 οὔπω
3559 1374 3682 1434 τοῖς

2082 1459 2250 1511 πᾶσιν
2283 1456 2427 1511 οὕτω
2455 1457 2734 1528 γνὼριμόν
2766 1476 2826 1510 τε
2870 1460 2964 1513 καὶ
2995 1460 3318 1532 περιϐόητον
3354 1464 3682 1532 περιφανῶς

2083 1548 2482 1618 ἐστηλίτευσεν.
2522 1549 2591 1601 Ἦ
2623 1549 2732 1620 γὰρ
2753 1550 2862 1602 τῶν
2901 1549 3197 1621 θαυμάτων
3236 1553 3534 1624 ὑπερϐολὴ,
3569 1572 3683 1607 πα-

2083 1640 2400 1712 ρακλήσεως
2429 1641 2524 1694 καὶ
2549 1641 2770 1705 πειθοῦς
2817 1643 3037 1711 ἀπάσης
3060 1643 3186 1708 τοὺς
3212 1644 3414 1714 νόμους
3439 1645 3682 1708 νικῶσα,

2080 1733 2173 1786 τοῦ
2217 1734 2419 1803 Φαραὼ
2459 1733 2518 1786 δὲ
2545 1732 2645 1804 τῆς
2695 1732 2924 1804 γνώμης
2977 1734 3373 1806 ἐλαττουμένη,
3409 1735 3529 1800 πῶς
3576 1738 3684 1789 οὐκ

2080 1827 2491 1898 ἀνυπέρϐλητον
2540 1825 2706 1879 αὑτοῦ
2746 1826 2840 1879 καὶ
2867 1825 3246 1896 ἀθεράπευτον
3291 1828 3393 1897 τὴν
3440 1830 3684 1898 σκληρο-

387 1922 508 1990 ejus
539 1921 801 1976 duritiam
845 1922 1278 1978 demonstravit?
1332 1921 1424 1978 Sic
1473 1938 1606 1993 ergo
1649 1923 1976 1988 locutiones,

2086 1918 2310 1990 καρδίαν
2343 1917 2706 1989 παρίστησιν;
2746 1915 2902 1970 Οὕτω
2935 1916 3034 1985 μὲν
3062 1917 3156 1970 οὖν
3193 1917 3275 1980 τὸ,
3315 1936 3333 1970 ι
3370 1917 3612 1970 Ἔδωκεν
3649 1918 3684 1969 ὁ

394 2031 417 2064 σ
454 2011 611 2067 Dedit
635 2012 780 2067 Deus
811 2012 890 2066 vel
923 2012 1149 2067 tradidit
1185 2014 1239 2067 in
1283 2014 1568 2084 passiones
1597 2013 1971 2085 ignominiaa»

391 2105 661 2174 itemque,
701 2123 719 2155 ι
759 2104 824 2159 Et
881 2105 1158 2160 induravit
1215 2122 1312 2162 cor
1361 2106 1700 2171 Pharaonis,
1751 2126 1772 2159 ι
1810 2122 1980 2178 quas-

390 2192 524 2247 libet
553 2193 843 2248 calumniae
872 2195 1103 2252 insidias
1129 2206 1422 2267 astumque
1448 2196 1802 2254 frustrantur.

462 2284 552 2338 25.
595 2283 716 2339 Jam
771 2287 900 2357 quid
958 2302 1097 2358 opus
1145 2298 1229 2344 est
1260 2304 1349 2344 me
1399 2297 1597 2345 caetera
1650 2289 1980 2362 homonyma

391 2377 982 2450 perscqui?siquidem
1025 2380 1109 2434 vel
1141 2381 1260 2451 quis
1301 2381 1508 2453 syllaba
1546 2393 1744 2452 praeter
1781 2383 1979 2439 distin—

393 2470 598 2527 ctionis
630 2471 775 2542 leges
815 2473 1014 2541 posita,
1061 2488 1168 2528 non
1219 2475 1552 2530 mediocrem
1604 2476 1979 2545 perturbatio-

393 2577 514 2616 nem
555 2563 1052 2634 confusionemque
1099 2565 1308 2634 ignaris
1341 2567 1538 2620 harum
1579 2566 1758 2636 legum
1801 2577 1977 2626 creat.

394 2653 527 2721 Qui:
565 2655 736 2720 enim,
763 2656 830 2710 de
860 2672 968 2726 qua
997 2673 1143 2712 nunc
1172 2658 1408 2728 agimus,
1449 2637 1654 2730 syllaba
1678 2660 1983 2730 interroga-

392 2746 594 2802 tionem
622 2747 915 2818 signiﬁcat.
948 2747 1087 2803 Tum
1129 2765 1264 2804 vero
1288 2765 1412 2805 cum
1454 2765 1516 2805 ea
1555 2765 1775 2821 quoque
1814 2768 1982 2821 nega-

392 2839 543 2895 tione
567 2842 931 2908 construitur,
969 2857 1092 2912 qua:
1123 2842 1205 2898 vel
1251 2843 1495 2913 apprime
1524 2844 1600 2898 illi
1633 2844 1979 2911 adversatur,

391 2946 515 2986 eum
541 2933 805 2989 vocabulo
845 2933 1052 2989 scilicet
1075 2952 1266 2989 .nemo.
1309 2936 1463 2991 Alias
1509 2945 1691 2992 autem
1730 2936 1982 2992 indeﬁni-

389 3035 500 3080 tam
531 3041 645 3080 rem
691 3027 948 3081 ostendit.
1000 3025 1104 3082 Sed
1153 3043 1330 3099 neque
1373 3029 1754 3085 admirationis
1793 3039 1983 3100 stupo-

389 3118 575 3187 risque
599 3117 704 3171 vim
740 3118 1148 3191 recusat.Quin
1179 3121 1316 3175 adeo
1347 3121 1413 3174 ad
1447 3122 1728 3175 raritatem
1761 3138 1981 3191 quoque

390 3206 741 3261 indicandam
771 3190 1083 3272 adhibetur,
1121 3225 1220 3264 nec
1249 3225 1357 3262 non
1394 3210 1459 3263 ad
1503 3190 1978 3282 objurgationem;

2083 2009 2237 2074 Θεὸς,
2280 2028 2299 2061 ι
2335 2009 2434 2063 καὶ
2472 2028 2492 2062 ι
2545 2009 2863 2080 παρέδωκεν
2910 2008 2990 2071 εἰς
3035 2008 3182 2079 πάθη
3229 2008 3478 2078 ἀτιμίας,
3510 2027 3529 2060 ι
3558 2011 3682 2073 καὶ,

2087 2121 2105 2154 t
2135 2103 2467 2173 Ἐσκλήρυνε
2493 2103 2591 2172 τὴν
2620 2101 2849 2174 καρδίαν
2878 2100 3099 2171 Φαραὼ,
3139 2120 3159 2154 ι
3192 2103 3373 2156 πᾶσαν
3404 2118 3685 2171 συκοφαν-

2080 2196 2202 2258 τίας
2221 2195 2486 2264 ἐκφεύγει
2513 2194 2850 2266 περιδρομὴν
2875 2196 2970 2247 καὶ
2988 2195 3043 2248 δε
3053 2194 3293 2265 ινότητα.

2153 2286 2355 2340 κε’.·Τί
2381 2286 2438 2339 δέ
2463 2287 2532 2339 τὰ
2570 2285 2708 2340 ἄλλα
2737 2304 2806 2356 με
2833 2287 2916 2340 δεῖ
2957 2288 3068 2340 τῶν
3100 2288 3413 2358 ὁμωνύμων
3438 2288 3683 2360 ἐπέρχε-

2083 2377 2244 2444 σθαι;
2271 2379 2407 2432 ὅπου
2444 2394 2507 2447 γε
2533 2379 2627 2431 καὶ
2655 2379 2689 2448 ή
2734 2379 2827 2445 τίς
2862 2379 3120 2450 συλλαϐὴ,
3148 2382 3276 2443 τοὺς
3321 2380 3423 2450 τῆς
3455 2381 3680 2435 διαστο⁴

2081 2468 2183 2538 λῆς
2215 2468 2556 2524 λανθάνουσα
2593 2471 2816 2541 νόμους,
2851 2472 2913 2524 οὑ
2958 2472 3055 2542 τὴν
3092 2471 3366 2542 τυχοῦσαν
3409 2474 3680 2544 σύγχυσιν

2084 2562 2179 2615 καὶ
2208 2561 2455 2633 ταραχὴν
2483 2565 2598 2627 τοῖς
2622 2563 2792 2634 μηδὲν
2849 2563 3056 2618 τούτων
3081 2565 3527 2620 ἐπικοινωνοῦσιν
3559 2569 3678 2621 εἰσ-

2085 2655 2233 2723 άγει.
2257 2655 2369 2708 Καὶ
2387 2655 2497 2726 γάρ
2525 2656 2678 2727 δηλοῖ
2709 2657 2808 2726 μὲν
2830 2657 2963 2711 αὐτὸ
2985 2657 3148 2710 τοῦτο
3175 2659 3270 2713 καὶ
3297 2659 3358 2712 τὸ
3389 2659 3493 2713 ἀνά
3517 2661 3681 2731 χεῖρα

2081 2743 2183 2816 τὴν
2216 2745 2514 2817 ἐρώτησινο
2559 2747 2971 2818 συμφθέγγεται
3004 2750 3062 2802 δὲ
3090 2750 3185 2804 καὶ
3207 2749 3318 2803 τῶν
3343 2751 3682 2819 ἀποφάσεων

2081 2837 2205 2907 ἥτις
2250 2837 2399 2908 αὐτῷ
2459 2839 2695 2908 μάλιστα
2759 2839 3116 2911 διαμάχεται,
3173 2845 3239 2912 τῇ
3290 2843 3492 2908 οὐδείς
3535 2843 3674 2914 (19).

2088 2927 2313 2980 ¹Ἀλλοιιε
2337 2927 2395 2980 δέ
2427 2927 2489 2980 τὸ
2529 2928 2783 2998 ἀόριστον
2823 2928 3120 2998 σημαίνει·
3153 2929 3216 2982 ού
3258 2929 3364 2999 μὴν
3393 2930 3517 2983 οὑδέ
3539 2930 3675 2982 θαυ-

2089 3019 2308 3088 μασμοῦ
2353 3017 2450 3078 καὶ
2492 3018 2885 3089 καταπλήξεως
2931 3018 3085 3086 τάξιν
3127 3020 3490 3090 ἀπαρνεὴαιο
3540 3018 3682 3073 ἀλλά

2085 3108 2179 3160 καὶ
2211 3108 2347 3179 πρὸς
2376 3109 2439 3162 τὸ
2471 3109 2698 3165 σπάνιον
2728 3111 3086 3181 ὑποφέρει-αι,
3117 3110 3443 3181 ἐπιτίμησιν
3477 3110 3536 3163 δὲ
3573 3111 3680 3163 πά-

2082 3198 2166 3252 λιν
2207 3198 2318 3253 ἔσθ’
2360 3201 2448 3254 ὅτε
2503 3203 2598 3256 καὶ
2625 3203 2940 3274 ἀμηχανίαν
2967 3203 3064 3257 καὶ
3103 3203 3468 3274 διαπόρησιν·
3507 3204 3590 3257 ὅτι
3617 3203 3679 3257 δὲ

390 3297 666 3353 interdum
693 3314 912 3370 quoque
949 3300 1017 3354 ad
1060 3301 1474 3370 perplexitatem
1532 3311 1697 3373 atque
1753 3303 1976 3358 dubita-

2086 3293 2180 3344 καὶ
2221 3293 2645 3364 προσδιορισμὸς
2694 3299 2809 3360 τοῖς
2856 3295 3216 3365 φιλοσοφοῦσι
3260 3295 3676 3365 καθωμίληται,

390 3388 619 3445 tionem.
671 3388 916 3461 Denique
945 3391 1074 3460 quia
1123 3391 1400 3447 restrictio
1441 3393 1700 3450 modestis
1740 3395 1982 3449 homini-

391 3481 498 3539 bus
544 3481 831 3537 familiaris
882 3493 986 3551 est,
1026 3498 1094 3539 ne
1146 3484 1508 3540 humilitatem
1545 3486 1768 3556 quidem
1803 3503 1981 3559 neque

391 3572 501 3627 alia
541 3571 745 3627 similia
773 3589 880 3627 non
913 3573 1207 3644 signiﬁcat.
1238 3571 1418 3629 Plena:
1465 3575 1842 3646 exemplorum
1889 3593 1981 3633 sa-

392 3679 502 3719 crae
549 3662 768 3719 Litterae
808 3675 983 3720 sunt:
1027 3681 1166 3735 quas
1216 3668 1663 3723 circumstantias
1710 3669 1821 3724 nisi
1857 3671 1983 3740 quis

392 3755 690 3820 discernat,
729 3764 783 3810 ct
827 3772 989 3811 suum
1042 3757 1242 3826 cuique
1289 3759 1410 3832 voci
1463 3759 1703 3815 oﬂicium
1753 3760 1979 3828 tribuat,

393 3846 534 3902 nihil
583 3847 779 3902 attinet
841 3848 1057 3915 dicere,
1121 3850 1344 3920 quantis
1398 3852 1683 3909 erroribus
1744 3863 1981 3909 mentem

395 3955 552 3995 suam
579 3940 804 3996 inﬁciet.
846 3940 1026 4011 Atque
1061 3940 1113 3995 id
1147 3941 1264 4012 ipsa
1299 3942 1641 3999 locutionum
1677 3943 1984 4016 prolatione

393 4036 745 4107 perspicuum
786 4035 895 4090 ﬁet.
950 4035 1194 4105 Exempli
1242 4037 1418 4107 gratia
1453 4055 1468 4092 :
1505 4057 1524 4091 t
1561 4037 1698 4105 Quis
1743 4048 1829 4094 est
1882 4039 1984 4094 iste

389 4144 484 4184 rex
512 4128 699 4199 glorite
720 4128 804 4182 δεῖ
839 4147 858 4180 ι
895 4128 958 4183 Et
990 4146 1005 4183 :
1037 4148 1056 4181 ‹
1093 4128 1229 4196 Quis
1255 4144 1314 4185 es
1345 4138 1425 4193 tu,
1461 4138 1523 4185 ut
1548 4131 1984 4201 respondeamus

395 4221 480 4276 bis
508 4222 598 4290 qui
631 4237 733 4277 nos
765 4220 1037 4278 miserunt
1062 4221 1147 4276 “?
1182 4241 1200 4274 ι
1242 4232 1297 4278 et
1330 4231 1606 4294 quotquot
1657 4223 1859 4279 similia
1901 4224 1983 4278 vel

393 4312 878 4384 interrogationem
916 4314 1246 4386 significant,
1275 4315 1360 4372 vel
1389 4317 1600 4394 nullam
1625 4315 1982 4385 quaestionem

394 4413 764 4459 commovent.
822 4405 979 4471 Quod
1033 4407 1080 4461 si
1138 4407 1265 4477 quis
1295 4416 1516 4477 propter
1556 4407 1806 4462 vocabuli
1834 4405 1987 4460 simi-

395 4494 705 4561 litudinem,
728 4496 1033 4550 locutiones
1051 4512 1273 4566 quoque
1307 4515 1354 4552 ει
1395 4495 1531 4564 Quis
1565 4496 1716 4552 novit
1745 4506 1982 4550 mentem

393 4586 651 4641 Domini?
695 4596 793 4641 aut
837 4589 962 4657 quis
1003 4589 1357 4646 consiliarius
1398 4590 1519 4660 ejus
1567 4587 1673 4644 fuit
1696 4589 1781 4642 “2'
1811 4607 1830 4638 ι
1873 4597 1930 4642 et
1967 4604 1980 4640 :

2084 3384 2206 3438 οὐδέ
2237 3387 2340 3455 τὴν
2375 3385 2655 3439 εὐτέλειαν
2683 3387 2806 3440 οὐδὲ
2835 3386 3064 3441 τοιαῦτα
3108 3388 3272 3458 ἕτερα
3312 3387 3675 3458 παρατρέχει.

2084 3478 2196 3531 Καὶ
2224 3477 2333 3531 τῶν
2376 3480 2847 3550 παραδειγμάτων
2870 3479 2941 3534 τά
2988 3480 3110 3550 ίερά
3135 3481 3298 3549 γέμει
3333 3480 3675 3551 Γράμματα’

2084 3567 2232 3640 άπερ
2260 3570 2421 3634 εἴτις
2455 3571 2532 3641 μὴ
2563 3573 2944 3644 φιλοκρινήσῃ,
2975 3573 3098 3644 μηδ’
3119 3573 3334 3643 ἑκάστῳ
3362 3573 3460 3642 τῆς
3493 3573 3677 3642 φωνῆς

2082 3661 2146 3714 τὸ
2186 3664 2463 3733 προσῆκον
2497 3663 2786 3734 ἀπονέμοι,
2819 3665 2939 3718 οὐδὲ
2981 3665 3140 3733 λόγου
3168 3666 3266 3730 δεῖ,
3308 3666 3519 3735 πλάνης
3546 3665 3678 3732 ὅσης

2083 3753 2214 3817 τοὺς
2246 3754 2439 3807 ἐαυτοῦ
2474 3753 2771 3826 λογισμοὺς
2811 3756 3142 3827 ἀναπλήσει.
3178 3756 3288 3810 Καὶ
3321 3754 3482 3808 τοῦτο
3510 3755 3678 3808 κατά·

2084 3843 2244 3916 δηλον
2273 3845 2370 3898 ἀπ’
2395 3845 2566 3916 αὐτῆς
2591 3863 2654 3914 γε
2696 3845 2798 3915 τῆς
2821 3847 2933 3899 τῶν
2980 3846 3243 3917 ῥημάτων
3275 3844 3636 3917 παραθέσεως
3659 3861 3672 3874 ·

2086 3936 2286 3990 αὐτίκα
2312 3938 2395 4000 τὸ,
2429 3957 2448 3990 ι
2485 3936 2583 4000 Τίς
2606 3939 2755 3992 ἐστιν
2785 3933 2940 4003 οὗτος
2970 3941 2998 3992 ὁ
3023 3939 3281 4009 βασιλεὺς
3306 3939 3408 4008 τῆς
3435 3938 3624 4007 δόξης;
3650 3955 3671 3988 ι

2086 4027 2181 4080 καὶ
2209 4027 2291 4091 τὸ,
2335 4046 2354 4079 ι
2401 4028 2497 4092 Τίς
2525 4023 2578 4082 εί
2609 4030 2696 4092 σὺ,
2727 4029 2817 4082 ἶνα
2856 4030 3150 4101 ἀπόκρισιν
3178 4029 3359 4101 δῶμεν
3390 4031 3505 4092 τοῖς
3529 4029 3674 4099 πέμ-

2086 4122 2252 4192 ψασιν
2273 4124 2422 4194 ἡμᾶς
2447 4141 2462 4188 ;
2503 4144 2524 4178 ι
2555 4125 2650 4178 καὶ
2677 4125 2780 4179 ὅσα
2797 4125 3020 4180 τοιαῦτα
3048 4125 3316 4196 ἐρώτησιν
3349 4125 3464 4195 (20)
3495 4141 3556 4178 τε
3584 4124 3676 4193 δη-

2086 4215 2240 4270 λοῦσι
2279 4217 2375 4270 καὶ
2402 4217 2662 4289 οὐδεμίαν
2694 4218 2932 4291 ἀπορίαν
2972 4219 3236 4273 κινοῦσιν.
3279 4219 3342 4272 El
3385 4219 3444 4272 δέ
3471 4235 3557 4282 τις
3589 4217 3676 4271 διά

2087 4307 2187 4380 τὴν
2217 4309 2316 4379 τῆς
2359 4310 2546 4381 φωνῆς
2589 4310 2907 4383 ὁμοιότητα,
2943 4312 3041 4365 καὶ
3074 4312 3155 4375 τὸ,
3193 4331 3211 4364 ι
3244 4311 3340 4375 Τίς
3371 4311 3514 4377 ἔγνω
3550 4309 3674 4362 νοῦν

2087 4401 2293 4471 Κυρίου
2319 4418 2333 4467 ;
2359 4401 2391 4472 ἢ
2418 4402 2502 4464 τίς
2531 4402 2836 4473 σύμϐουλος
2863 4400 3028 4457 αὑτοῦ
3053 4403 3272 4470 ἐγένετο
3297 4419 3311 4469 ;
3346 4422 3363 4455 ι
3382 4403 3500 4468 καῖ,
3532 4422 3551 4454 ι
3581 4401 3676 4463 Τίς

2089 4492 2402 4563 προέδωκεν
2433 4470 2703 4562 autem
2729 4493 3232 4564 ἀνταποδοθήσεται
3272 4493 3462 4566 aui-tif);
3504 4513 3524 4544 ι
3557 4494 3669 4554 καὶ,

2092 4602 2113 4637 ι
2152 4584 2249 4649 Τίς
2297 4586 2447 4640 ἐστιν
2490 4585 2775 4658 ἄνθρωπος
2823 4586 2883 4650 ὃς
2930 4585 3180 4657 ζήσεται,
3212 4586 3308 4639 καὶ
3340 4588 3442 4640 οὐκ
3486 4586 3674 4654 δψεται

401 4698 420 4729 ε
457 4679 590 4744 Quis
635 4688 760 4733 ante
810 4681 958 4736 dedit
1007 4681 1083 4736 illi
1111 4683 1206 4746 ζιιι,
1231 4683 1280 4737 ei
1330 4658 1782 4739 retribuatur“?
1817 4701 1835 4735 ι
1882 4690 1980 4737 et:

2090 4675 2350 4744 θάνατον;
2384 4697 2405 4730 ι
2444 4679 2499 4732 εἴ
2522 4696 2606 4742 τις
2640 4674 2736 4732 οὖν
2764 4680 2858 4733 καὶ
2885 4679 3056 4733 ταῦτα
3085 4680 3172 4733 διά
3201 4680 3290 4733 τὸν
3316 4679 3480 4734 αὐτὸν
3505 4679 3674 4731 τύπον

403 4782 428 4816 ι
459 4765 593 4832 Quis
625 4775 710 4822 est
731 4767 896 4824 homo
921 4771 1014 4841 qui
1035 4771 1201 4837 vivet,
1221 4786 1324 4828 nec
1354 4784 1586 4828 mortem
1619 4773 1824 4828 videbit
1853 4773 1938 4826 "‘3
1958 4792 1976 4825 ι

396 4857 444 4911 si
486 4859 632 4928 quis,
685 4859 927 4930 inquam,
979 4864 1078 4918 has
1129 4863 1436 4920 locutiones
1471 4874 1691 4935 propter
1731 4867 1980 4922 eamdem

396 4952 653 5006 vocabuli
687 4951 942 5019 formam,
993 4955 1060 5010 ad
1099 4955 1346 5010 eamdem
1380 4958 1660 5011 notionem
1690 4957 1740 5011 vi
1769 4967 1984 5027 pertra-

396 5043 510 5108 het,
543 5045 733 5114 procul
768 5045 1066 5102 admodum
1108 5064 1146 5107 a
1171 5049 1400 5103 veritate
1442 5048 1741 5103 aberrabit.
1770 5049 1984 5120 Quippe

397 5133 482 5189 ha
511 5151 635 5190 cum
677 5139 909 5207 negandi
955 5139 1062 5193 vim
1095 5140 1352 5206 habeant,
1394 5140 1765 5210 interrogandi
1818 5143 1986 5196 ratio-

401 5242 524 5282 nem
554 5244 662 5285 non
690 5229 982 5300 recipiunt.
1011 5229 1185 5286 Nemo
1217 5232 1362 5287 enim
1397 5232 1479 5287 vel
1505 5241 1741 5287 mentem
1769 5231 1988 5288 Domini

2088 4771 2190 4841 τῆς
2215 4769 2397 4840 φωνῆς
2420 4769 2558 4840 πρὸς
2577 4769 2678 4842 τήν
2707 4770 2878 4840 αὐτὴν
2906 4771 3149 4825 διάνοιαν
3176 4772 3511 4835 ἐκϐιάσοιτο,
3538 4770 3672 4824 πολὺ

2090 4864 2156 4918 ἂν
2197 4863 2300 4934 τῆς
2332 4864 2593 4935 ἀληθείας
2643 4864 3017 4936 ἀποσφαλείη·
3049 4865 3220 4920 ταῦτα
3264 4866 3394 4937 γὰρ,
3446 4864 3548 4933 τὴν
3577 4865 3672 4934 τῆς

2090 4956 2423 5024 ἀποφάσεως
2471 4957 2739 5027 ἐπέχοντα
2776 4957 3026 5027 δύναμιν,
3073 4959 3174 5029 τὴν
3210 4958 3309 5028 τῆς
3356 4961 3675 5028 ἐρωτήσεως

2091 5049 2194 5101 οὐκ
2237 5048 2558 5118 ἀναδέχεται
2593 5048 2770 5112 τάξιν.
2814 5049 3006 5114 Οὐδεὶς
3053 5051 3164 5122 γὰρ
3206 5048 3331 5104 οὔτε
3365 5047 3492 5102 νοῦν
3538 5049 3676 5117 ἔγνω

2097 5143 2328 5214 Κυρίου,
2354 5141 2477 5198 οὔτε
2511 5144 2814 5216 σύμϐουλος
2846 5143 3010 5197 αὐτοῦ
3043 5143 3268 5211 γέγονεν
3287 5157 3301 5171 θ
3333 5141 3392 5195 οὐ
3423 5141 3531 5212 μὴν
3560 5137 3673 5194 ἀλλ’

2095 5235 2205 5288 οὐδ’
2237 5235 2388 5291 ἔστιν
2417 5236 2707 5309 ἄνθρωπος
2736 5235 2794 5300 ὃς
2830 5234 3082 5306 ζήσεται,
3115 5233 3206 5288 καὶ
3233 5234 3334 5288 οὐκ
3362 5233 3554 5304 ὄψεται
3581 5229 3675 5284 θά-

463 5430 508 5463 δ¹
541 5429 686 5488 Psal.
712 5447 871 5498 χχιιι,
903 5432 962 5488 8.
1033 5431 1077 5464 δ’
1105 5431 1262 5488 Joan.
1297 5448 1336 5497 ι,
1365 5433 1455 5488 ‘22.
1549 5435 1593 5466 ⁵⁸
1627 5433 1786 5490 Rern.
1829 5451 1905 5501 xl,
1949 5436 1980 5490 3

2112 5435 2160 5468 ⁸⁸
2180 5437 2335 5504 ibid.,
2362 5438 2452 5492 55.
2532 5437 2577 5469 ⁸⁸
2615 5436 2762 5494 Psal.
2792 5453 3056 5502 Lxxxvm,
3083 5437 3178 5496 J9.

1922 5557 2152 5617 ΝΟΤᾸΞ.

465 5665 578 5736 (l9)
603 5667 807 5744 Nempe
834 5673 1008 5741 οὐδείς
1037 5693 1144 5745 τις,
1186 5674 1378 5734 Latine
1408 5693 1554 5734 nemo
1580 5679 1884 5750 quisquam.

2163 5678 2278 5750 (9.0)
2309 5677 2442 5735 Cod.
2469 5677 2781 5750 ἀπόκρισιν,
2819 5677 3226 5744 responsionem.
