3976 6222
248 284 318 352 81
1315 286 1417 346 AD
1441 286 1847 348 AMPHILOC]

1952 286 2039 349 JM
2077 285 2423 359 QUIESTIO
2466 285 2513 344 Ι.
2583 341 2587 345 ,
3461 279 3534 345 82

250 417 412 457 νιτον
433 415 449 429 ·
495 396 608 452 οὐδ’
640 396 813 469 ἑτέρῳ
854 396 911 451 δὲ
939 395 1100 451 πάλιν
1130 397 1242 452 τῶν
1280 401 1590 473 εἰρημένων
1624 405 1831 474 συμφέο

1952 403 2104 469 Iuvit,
2138 401 2221 455 vel
2256 400 2377 470 ejus
2419 395 2772 453 consiliarius
2819 396 2960 465 fuit;
3010 412 3191 468 neque
3233 406 3317 453 est
3369 399 3533 452 homo

252 503 432 555 ρεται,
462 487 512 538 εί
540 485 638 539 xui
660 487 729 555 τῇ
754 486 968 557 προόδῳ
991 485 1091 539 τοῦ
1121 487 1366 558 ῥήματος
1390 490 1453 543 οὐ
1484 491 1832 563 διήλλακται·

244 577 372 632 οὐδὲ
408 576 493 639 τὸ,
531 594 551 628 ι
594 577 915 646 Ἀνθρωπος
947 595 1031 641 τις
1061 578 1383 634 κατέϐαινεν
1405 582 1514 635 ἀπὸ
1563 584 1836 654 Ἰερουσα-

245 669 364 738 λὴμ
392 668 533 739 [σοά.
580 668 849 741 Ἰσραήλ]
877 671 959 734 είς
1001 671 1241 742 Ἱεριχώ·
1287 691 1307 724 ι
1339 673 1402 725 τὸ
1435 674 1543 744 γὰρ
1586 675 1839 745 ἀόριστον

246 758 281 827 ή
310 756 466 826 φωνὴ
490 757 605 810 νυνὶ
628 757 884 827 σημαίνει
902 760 1011 813 τῶν
1034 761 1209 815 ἄλλων
1229 762 1590 833 ἀποστήσασα
1606 781 1622 797 ο
1648 764 1838 837 ὥσπερ

248 847 350 900 καὶ
372 847 455 913 τὸ,
478 866 496 898 ι
525 848 643 899 Εἰσί
668 865 814 912 τινες
843 849 953 902 τῶν
973 844 1074 905 ὧδε
1100 852 1432 922 ἑστηκότων,
1458 853 1655 919 οἵτινες
1676 857 1736 908 οὐ
1763 857 1837 926 μὴ

244 940 556 1007 γεύσωνται
610 940 842 995 θανάτου
874 941 982 1005 ἕως
1019 944 1086 997 ἂν
1116 943 1266 997 ἴδωσι
1309 946 1408 1017 τὴν
1440 945 1718 1015 βασιλείαν
1743 949 1837 1001 τοῦ

245 1031 415 1098 Θεοῦ,
448 1052 468 1085 ›
494 1032 595 1103 τήν
622 1033 716 1087 τοῦ
750 1033 1178 1106 προσδιορισμοῦ
1217 1036 1409 1107 χρείαν
1450 1039 1834 1110 ἀναπληροῦν.

245 1124 566 1196 Ἀρκεῖγὰρ
597 1126 694 1180 xui
724 1128 917 1200 μνήμη
949 1129 1110 1199 μόνον
1140 1130 1259 1193 ἐνὸς
1285 1130 1727 1202 παραδείγματος
1742 1133 1841 1205 τὴν

243 1219 452 1289 κρῆσιν
482 1220 747 1285 ἐπιδεῖξαι
785 1223 887 1292 τῆς
921 1222 1128 1292 φωνῆς,
1161 1224 1239 1287 ὼς
1278 1224 1457 1278 οὐδενὶ
1487 1224 1599 1279 τῶν
1637 1243 1841 1295 προτε-

240 1312 542 1380 ταγμένων
566 1314 988 1382 συμϐιϐάζεται.

1939 493 2033 563 qui
2077 492 2324 545 victurus
2353 490 2445 555 sit,
2483 499 2831 559 mortemque
2879 505 2989 542 non
3042 491 3285 544 visurus.
3343 490 3534 559 Neque

1942 587 2026 641 ba:
2055 600 2251 640 rursus
2275 584 2534 653 cuiquam
2560 598 2627 637 ex
2661 583 2968 637 antedictis
2998 582 3373 638 locutionibus
3402 598 3534 638 con-

1942 688 2166 749 gruunt,
2220 676 2436 733 etiamsi
2493 677 2809 731 terminatio
2862 675 3120 731 vocabuli
3182 691 3530 746 nequaquam

1943 771 2160 826 diﬂ'ert:
2209 785 2387 839 neque
2429 769 2556 831 item
2589 785 2602 820 :
2640 786 2658 820 ι
2698 767 2874 822 Homo
2913 768 3000 830 τίς
3038 776 3158 821 erat
3216 769 3269 822 in
3313 770 3533 838 regione

1942 864 2192 919 Ausitide
2229 862 2305 926 “;
2339 866 2459 931 »εει
2490 880 2503 915 :
2539 881 2558 913 ι
2592 861 2769 915 Homo
2812 862 2897 925 τὶς
2955 859 3353 929 Hierosolymis
3396 860 3535 915 Jeri-

1940 964 2161 1011 cuntem
2188 954 2435 1009 veniebat
2457 954 2521 1009 ⁸⁷.
2562 973 2581 1007 ι
2619 953 2738 1007 Vox
2768 952 2913 1007 enim
2941 951 3031 1006 hic
3060 952 3305 1006 ostendit
3337 951 3533 1005 indeﬁ-

1941 1050 2115 1104 nitum
2177 1049 2422 1119 aliquid,
2478 1057 2645 1119 atque
2706 1063 2736 1102 a
2799 1046 3183 1116 superioribus
3250 1046 3536 1100 sententiis

1940 1142 2167 1196 abludit.
2198 1140 2373 1195 Veluti
2399 1149 2452 1195 et
2480 1139 2611 1193 illud
2652 1157 2708 1192 ε(
2747 1137 2890 1193 Sunt
2914 1137 3059 1200 τινὲς
3086 1137 3154 1191 de
3177 1137 3266 1192 hic
3295 1152 3505 1206 praesen
3532 1175 3539 1180 ε

1943 1233 2111 1299 tibus,
2143 1234 2236 1304 qui
2273 1248 2380 1287 non
2432 1231 2734 1302 gustabunt
2781 1219 3036 1291 mortem,
3084 1228 3263 1283 donec
3312 1229 3536 1281 videant

1942 1339 2171 1395 regnum
2210 1324 2303 1377 Dei
2330 1323 2397 1388 “',
2443 1342 2462 1374 ι
2495 1320 2860 1375 restrictionis
2881 1320 3116 1374 oﬂicium
3147 1319 3357 1389 implet.
3403 1317 3536 1372 Suf—

243 1406 367 1460 ﬁcit
406 1413 590 1460 autem
642 1406 729 1461 vel
784 1408 951 1464 unius
996 1409 1231 1481 exempli
1284 1413 1495 1466 mentio
1547 1412 1844 1470 indicando
1879 1416 2133 1471 vocabuli
2200 1416 2350 1480 usui,
2409 1428 2607 1484 nempe
2649 1414 2745 1482 qui
2809 1412 2946 1466 nulli
3008 1416 3357 1482 superiorum
3399 1429 3536 1468 con-

243 1498 427 1568 gruit.

322 1604 440 1661 xg’.
463 1595 600 1650 Τίνα
619 1595 665 1648 δ’
695 1596 762 1651 ἂν
778 1595 891 1667 ἔχοι
914 1600 1202 1652 κοινωνίαν
1230 1600 1367 1672 πρὸς
1380 1600 1451 1654 τὰ
1477 1601 1846 1673 προλαϐόντα,

2022 1595 2116 1654 9.6.
2154 1595 2300 1649 Sane
2327 1591 2461 1663 quid
2490 1604 2783 1646 commune
2812 1590 3015 1644 habent
3065 1605 3188 1644 cum
3222 1589 3535 1660 suprascri-

244 1691 299 1743 εἰ
340 1690 436 1741 xui
463 1689 568 1757 τῆς
618 1690 803 1759 φωνῆς
855 1690 1281 1762 ἀπαράλλακτος
1307 1693 1337 1746 6
1377 1692 1533 1764 ἦχος,
1564 1694 1647 1757 τὸ,
1681 1714 1700 1746 ι
1749 1695 1845 1761 Τίς

244 1780 547 1849 ἀνήγγειλέ
596 1797 701 1843 σοι,
745 1782 825 1835 ὅτι
877 1782 1084 1852 γυμνὸς
1113 1777 1198 1850 ei;
1233 1803 1251 1835 ι
1284 1786 1398 1849 xui,
1435 1802 1454 1835 ι
1483 1785 1580 1848 Τίς
1610 1804 1669 1839 σε
1712 1806 1846 1841 κατ-

245 1869 491 1939 έστησεν
536 1870 776 1942 ἄρχοντα
827 1875 924 1926 xui
965 1874 1229 1946 δικαστὴν
1274 1878 1362 1945 ἐφ’
1422 1879 1614 1949 ὴμᾶς;
1655 1899 1673 1930 ι
1722 1882 1842 1947 xui,

251 1982 272 2016 ι
312 1964 412 2026 Τίς
440 1959 493 2017 εἴ
525 1966 590 2019 σὺ
611 1968 639 2018 6
670 1965 873 2036 κρίνων
895 1966 1178 2038 ἀλλότριον
1201 1970 1451 2040 οίκέτην;
1497 1990 1515 2022 ι
1548 1974 1665 2038 xui,
1699 1992 1717 2024 ι
1749 1974 1847 2037 Τίς

242 2057 496 2124 ἐπάταξε
517 2058 610 2110 τὸν
651 2059 940 2131 ’Λὸιμέλεχ
972 2060 1088 2115 υἱὸν
1128 2061 1449 2134 Ἰεροὸοάμς
1486 2084 1505 2116 ι
1539 2066 1654 2129 xui,
1690 2085 1711 2118 ι
1749 2067 1847 2131 Τίς

242 2151 406 2205 ἐστιν
433 2144 589 2214 οὗτος
621 2153 648 2205 6
678 2151 938 2222 κρύπτων
974 2170 1042 2223 με
1083 2152 1310 2227 βουλήν;
1346 2174 1365 2207 ι
1406 2156 1593 2211 Ταῦτα
1630 2157 1738 2229 γὰρ
1767 2160 1848 2223 είς

241 2242 628 2311 ἀγανάκτησιν
657 2243 756 2313 μὲν
786 2245 882 2297 καὶ
921 2244 1241 2317 ἐπιτίμησιν
1274 2247 1573 2318 ἀφορῶσιν,
1604 2249 1758 2303 οὐδὲν
1789 2250 1847 2304 δὲ

242 2334 441 2402 ὅμοιον
481 2333 594 2389 τῶν
628 2336 1125 2407 προδεδηλωμένων
1173 2339 1536 2410 παριστῶσιν.
1570 2343 1633 2395 Ei
1676 2342 1733 2396 δέ
1762 2360 1847 2408 τις

243 2426 350 2477 xui
383 2423 561 2479 ταῦτα
592 2427 673 2489 είς
695 2427 788 2481 τὸν
816 2429 915 2499 τῆς
947 2430 1273 2503 ἐρωτήσεως
1297 2432 1627 2503 μεθελκύσει
1657 2436 1843 2505 νόμον,

244 2517 345 2570 ἵνα
381 2517 458 2587 μὴ
496 2518 635 2589 πρὸς
658 2520 727 2573 τὰ
764 2520 898 2573 ἄλλα
928 2520 1096 2591 λέγω,
1128 2523 1354 2593 ἄγνοιάν
1381 2540 1442 2579 τε
1473 2529 1846 2599 κατηγορήσοι

242 2607 350 2662 τοῦ
389 2609 575 2675 Θείου,
614 2612 709 2665 xui
736 2614 796 2666 οὐ
843 2616 1308 2687 καταμέμφεσθαι
1355 2620 1454 2683 τὰς
1488 2621 1714 2692 πράξεις
1758 2623 1850 2677 διὰ

246 2706 354 2775 τῆς
380 2704 591 2774 φωνῆς,
624 2705 759 2759 ἀλλά
790 2707 982 2777 μαθεῖν
1009 2707 1193 2779 ζητεῖν
1220 2709 1279 2774 ἐξ
1305 2711 1527 2779 ἀγνοίας
1552 2713 1644 2767 τὸν
1674 2732 1851 2785 παρα-

249 2799 457 2867 σχόντα
487 2798 586 2869 τὴν
619 2799 712 2853 τοῦ
742 2801 948 2870 πρᾶξαι
975 2802 1160 2857 ἄδειαν
1181 2820 1194 2833 ·
1237 2806 1327 2858 ναὶ
1357 2805 1422 2876 δὴ
1461 2807 1660 2873 καὶτὸ,
1693 2826 1712 2858 ι
1750 2808 1849 2872 Τίς

245 2895 373 2962 εἰμι
419 2892 569 2961 syth;
624 2894 827 2962 Κύριός
878 2913 1002 2965 μου,
1039 2897 1279 2966 Κύριος·
1338 2901 1434 2952 xui
1479 2899 1564 2962 τίς
1622 2902 1769 2954 ἐστιν
1819 2903 1848 2955 6

248 2983 405 3049 οἶκος
440 2985 535 3039 τοῦ
579 2988 789 3059 πατρός
835 3006 971 3057 pou;
1013 3007 1031 3041 ι
1074 2989 1168 3043 ἐπὶ
1213 2990 1469 3045 τοσοῦτον
1504 2994 1851 3063 ἐμφανεστά-

250 3096 359 3150 την
396 3078 557 3150 φέρει
590 3080 689 3151 τὴν
716 3080 1099 3152 παραλλαγὴν,
1140 3082 1226 3150 ἐφ’
1260 3084 1385 3136 ὅσον
1424 3084 1849 3154 ἀπαράλλακτον

251 3173 496 3242 προάγει
533 3172 630 3244 τὴν
657 3175 842 3245 φωνήν
865 3191 879 3203 ·
917 3176 1193 3239 εὐτελείας
1218 3177 1328 3248 γὰρ
1357 3177 1651 3248 ὁμολογίαν
1690 3178 1848 3243 ἰδίας,

252 3267 357 3318 xui
395 3265 499 3333 τῆς
537 3266 675 3336 πρὸς
700 3265 833 3319 Θεὸν
877 3267 1233 3337 εὐχαριστίας
1266 3268 1492 3339 γνώμην
1519 3271 1806 3340 ἀναφαίνει
1832 3289 1846 3302 ο

253 3358 321 3412 οὐ
357 3357 460 3428 μὲν
492 3359 573 3422 είς
603 3358 895 3430 ἐρώτησιν,
923 3360 1047 3413 οὐδὲ
1078 3359 1276 3414 πολλοῦ
1310 3361 1393 3415 δεῖ
1424 3362 1557 3434 πρὸς
1586 3363 1850 3435 ἐπιτίμη-

257 3466 346 3502 σιν
374 3450 408 3519 ῆ
443 3450 839 3523 ἀγανάκτησιν,
880 3451 913 3522 ἦ
952 3452 1089 3522 πρὸς
1112 3452 1241 3507 ἄλλο
1270 3470 1323 3507 τι
1350 3454 1461 3508 τῶν
1508 3455 1850 3529 προειρημέ-

252 3561 368 3598 νων
404 3544 499 3597 τὸν
525 3544 785 3615 λογισμὸν
813 3544 1143 3609 διαϐισάςει.

329 3811 435 3878 κζ’.
473 3811 546 3865 Τὸ
592 3810 774 3882 μέντοι
828 3811 1054 3866 σπάνιον
1095 3811 1256 3885 εἴπερ
1292 3831 1345 3867 τι
1390 3813 1527 3878 ὅλως
1560 3814 1713 3883 δηλοῖ
1767 3813 1850 3880 τὸ,

261 3922 284 3955 ς
312 3903 413 3967 Τίς
438 3902 625 3971 σοφὸς,
653 3905 747 3955 xui
782 3901 1009 3972 φυλάξει
1036 3902 1241 3970 ταῦτα;
1276 3921 1295 3954 ι
1330 3904 1425 3958 xui
1444 3904 1527 3967 τὸ,
1562 3923 1581 3957 ι
1614 3903 1709 3967 Τίς
1734 3904 1854 3957 ὲπίο

260 4010 460 4047 στευσε
489 3996 556 4065 τῇ
589 3994 728 4065 ἀκοῇ
767 3994 962 4064 ήμῶν;
1004 4013 1024 4045 ι
1057 3997 1172 4057 καὶ,
1208 4014 1226 4047 ι
1272 3996 1331 4049 '0
1363 3994 1604 4066 βραχίων
1640 3997 1851 4068 Κυρίου

256 4088 368 4141 τίνι
398 4085 795 4157 ἀπεκαλύφθη;
832 4106 849 4137 ι
885 4088 949 4140 Εἰ
978 4086 1089 4157 γὰρ
1117 4089 1213 4141 xui
1249 4088 1324 4158 μὴ
1350 4088 1574 4153 πάντες,
1605 4088 1721 4143 ἀλλ’
1759 4084 1853 4143 οὖν

258 4183 325 4249 γὲ
365 4196 516 4241 τινες
546 4181 643 4233 xui
674 4180 1101 4245 πεπιστεύκασι,
1129 4181 1227 4234 xui
1254 4181 1357 4253 τὴν
1392 4183 1771 4254 φρουρητικήν
1792 4200 1852 4236 τε

260 4275 355 4328 καὶ
381 4274 786 4343 κυϐερνητικὴν
819 4276 913 4326 καὶ
945 4274 1455 4346 παντοκρατορικὴν
1484 4275 1579 4329 τοῦ
1604 4275 1739 4328 Θεοῦ
1764 4276 1855 4329 δύο

260 4386 426 4440 ναμιν
460 4369 524 4421 ἐκ
557 4368 658 4438 τῆς
695 4367 823 4437 περὶ
874 4368 1073 4433 αὐτοὺς
1119 4368 1337 4438 καὶτῆς
1366 4368 1498 4434 περὶ
1536 4367 1596 4420 τὸ
1628 4366 1852 4438 σύμπαν

260 4461 586 4530 εὐεργεσίας
622 4476 682 4513 τε
712 4461 805 4514 xui
836 4459 1092 4531 προνοίας
1122 4459 1358 4513 συνιδεῖν
1384 4458 1721 4530 ἠξιώθησαν,
1757 4460 1853 4513 xui

258 4554 357 4625 τῆς
391 4554 608 4607 ἐκεῖθεν
659 4554 1033 4624 μαρμαρυγῆς
1073 4555 1194 4618 ταῖς
1240 4552 1551 4623 λαμπηδόσι
1600 4555 1691 4604 τὸν
1728 4552 1853 4605 νοῦν

259 4646 664 4717 ὲλλαμφθῆναι.
699 4646 824 4709 Πῶς
863 4647 908 4699 δ’
935 4644 1132 4698 αὐτίκα
1157 4644 1221 4698 τὸ
1263 4643 1452 4713 θαῦμα
1488 4644 1585 4698 xui
1621 4645 1719 4714 τήν
1758 4644 1855 4697 ἔκ-

258 4740 462 4811 πληξιν
487 4739 589 4794 οὐκ
619 4738 846 4810 ἀφίησιν
876 4740 905 4792 ὁ
936 4738 1133 4807 λέγων’
1177 4756 1195 4788 ι
1227 4737 1324 4802 Τίς
1353 4730 1511 4801 οὗτος
1539 4740 1567 4791 ὁ
1598 4754 1854 4809 παραγε-

257 4832 497 4900 νόμενος
530 4829 590 4893 ἐξ
636 4828 851 4899 Ἐδώμς
889 4848 906 4881 ι
941 4828 1055 4893 xui,
1095 4847 1115 4880 ι
1142 4829 1240 4891 Τίς
1262 4830 1413 4882 ἐστιν
1436 4820 1614 4894 οὗτος,
1645 4829 1727 4881 ὅτι
1754 4828 1850 4882 καὶ

255 4925 289 4993 ή
328 4922 579 4977 θάλασσα
610 4918 707 4974 xui
735 4920 787 4971 oi
816 4919 1006 4989 ἄνεμοι
1036 4918 1404 4972 ὑπακούουσιν
1432 4918 1614 4987 αὐτῷ;
1654 4938 1673 4970 ι
1712 4920 1849 4991 ὅπερ

257 5014 487 5085 οὐδεμία
514 5014 623 5067 τῶν
653 5012 1117 5084 προτεταγμένων
1163 5014 1359 5081 φωνῶν
1394 5015 1453 5067 οὐ
1493 5014 1590 5085 μὲν
1629 5009 1723 5068 οὖν
1750 5015 1852 5068 οὐκ

259 5104 404 5178 εἶχεν
439 5108 596 5177 ἰσχὺν
629 5104 938 5177 σημαίνειν.
975 5106 1248 5175 Ῑίροσθείη
1271 5104 1315 5157 δ’
1346 5105 1412 5159 ἄν
1442 5122 1528 5169 τις
1552 5108 1664 5167 τοῖς
1699 5107 1853 5177 εξρη-

261 5201 449 5269 μένοις
476 5200 572 5251 xui
599 5200 683 5265 τὸ,
717 5218 735 5250 ι
776 5198 874 5260 Τίς
909 5196 1163 5269 δώσειτῇ
1200 5197 1410 5268 κεφαλῇ
1460 5214 1562 5267 μου
1603 5195 1784 5268 ὐδωρ;
1825 5215 1844 5249 ι

260 5294 380 5353 καὶ,
421 5311 439 5343 ι
472 5290 571 5355 Τίς
604 5290 670 5345 ἄν
719 5307 788 5358 με
817 5290 939 5359 θείη
985 5290 1127 5343 κατὰ
1164 5291 1309 5361 μῆνα
1342 5289 1568 5361 ἡμερῶν
1599 5289 1708 5343 τῶν
1748 5288 1850 5358 ἐμ-

260 5384 530 5454 προσθεν;
561 5403 579 5437 ι
609 5383 729 5450 xui,
761 5402 782 5437 ι
810 5382 1169 5453 Ταλαίπωρος
1192 5382 1305 5450 ἐγὼ
1330 5383 1647 5452 ἄνθρωποςί
1675 5382 1757 5445 τίς
1783 5399 1851 5450 με

228 5482 235 5489 ’
264 5475 490 5546 ῥύσεται
526 5477 591 5530 ἐκ
616 5476 712 5530 τοῦ
740 5476 995 5547 σώματος
1018 5473 1112 5527 τοῦ
1159 5473 1392 5529 θανάτου
1428 5473 1661 5540 τούτου;
1695 5493 1713 5527 ι
1748 5473 1848 5526 Εὐ-

364 5636 409 5667 “
433 5633 539 5687 Joh
583 5650 623 5693 ι.
662 5632 711 5685 Ι.
791 5634 835 5665 ⁸⁷
870 5630 1001 5688 Luc.
1031 5649 1086 5693 κ,
1113 5632 1203 5688 50.
1319 5632 1363 5664 ⁸⁸
1397 5630 1508 5686 Luc
1542 5647 1617 5696 rx,
1646 5628 1739 5683 27.

1853 5629 1898 5662 ⁸⁸
1936 5629 2072 5686 Gen.
2132 5647 2214 5691 ιιι.
2279 5631 2365 5685 Η.

1948 1692 2080 1764 ptis,
2123 1702 2443 1760 quanquam
2493 1686 2648 1741 vocis
2680 1700 2852 1741 sonus
2883 1684 3030 1739 haud
3081 1684 3425 1748 immittatur,
3453 1685 3537 1738 lo-

1948 1784 2208 1840 cutiones
2269 1780 2397 1834 hae?
2436 1778 2689 1833 videlicet
2722 1794 2735 1830 :
2773 1796 2790 1827 ι
2831 1774 2967 1843 Quis
3010 1776 3110 1830 tibi
3164 1777 3436 1829 nuntiavit
3488 1783 3540 1828 te

1947 1894 2071 1934 esse
2098 1876 2317 1931 nudum
2353 1875 2445 1929 "1'
2479 1893 2497 1925 ι
2533 1902 2605 1915 --
2637 1891 2656 1924 ι
2694 1871 2830 1938 Quis
2857 1880 2911 1927 te
2940 1872 3229 1926 Dominum
3255 1866 3541 1922 constituit

1943 1972 2298 2041 judicemque
2351 1977 2601 2024 nostrum
2635 1967 2728 2020 ὀἳ
2765 1986 2883 2018 ι-
2923 1982 2942 2015 ι
2998 1963 3133 2030 Quis
3185 1977 3245 2017 es
3293 1970 3392 2025 tu,
3445 1958 3539 2029 qui

1951 2064 2195 2119 alienum
2240 2077 2460 2116 servum
2509 2058 2726 2128 judicas
2753 2057 2845 2112 “?
2881 2076 2899 2110 ι
2932 2086 3000 2099 -
3035 2074 3053 2106 ι
3088 2053 3220 2120 Quis
3264 2051 3541 2123 percussit

1947 2155 2363 2211 Abimelcchum
2408 2152 2720 2209 Jeroboanii
2758 2151 2927 2205 [ilium
2957 2148 3049 2203 5'?
3082 2166 3101 2200 ι
3135 2177 3206 2188 -
3232 2166 3250 2198 ι
3288 2144 3422 2211 Quis
3460 2152 3544 2197 est

1949 2250 2041 2319 qui
2089 2264 2175 2303 me
2226 2246 2555 2303 sententiam
2609 2245 2748 2300 celat
2778 2244 2865 2297 5°?
2927 2261 2947 2294 ι
3001 2271 3073 2282 -
3126 2238 3398 2294 Nimirum
3455 2238 3541 2291 hac

1950 2338 2261 2394 locutiones
2332 2336 2399 2390 ad
2480 2334 2912 2405 indignationem
2983 2331 3543 2400 objurgatioucmque

1951 2439 2227 2501 spectant,
2252 2430 2389 2484 nihil
2424 2437 2606 2483 autem
2637 2428 2816 2483 simile
2850 2425 3236 2496 prmdictarum
3261 2421 3539 2476 exhibent.

1950 2524 2109 2590 Quod
2144 2523 2189 2578 si
2209 2523 2334 2592 quis
2360 2537 2453 2576 eas
2483 2520 2551 2574 ad
2584 2519 3039 2589 interrogationis
3070 2517 3313 2587 regulam
3358 2512 3544 2565 trahe-

1949 2630 2052 2679 ret.
2084 2615 2288 2684 nequid
2333 2624 2600 2686 prazterea
2654 2614 2857 2677 dicam,
2907 2609 3274 2677 ignorantiam
3328 2620 3545 2676 quoque

1952 2711 2005 2764 in
2036 2708 2146 2764 Deo
2167 2715 2526 2780 coargueret;
2550 2722 2730 2775 neque
2757 2708 2825 2761 ab
2845 2722 2909 2760 eo
2933 2701 3256 2773 reprehendi
3285 2700 3388 2754 hac
3412 2711 3546 2751 voce

1953 2800 2202 2855 actiones
2248 2800 2536 2855 hominum
2585 2797 2864 2861 suaderet,
2920 2810 3112 2849 verum
3164 2807 3388 2862 operam
3423 2788 3543 2843 dari

1954 2894 2023 2947 ah
2053 2892 2243 2947 eodem
2279 2900 2505 2960 propter
2540 2906 2696 2944 suam
2732 2888 3004 2942 inscitiam
3047 2894 3105 2940 ut
3146 2886 3287 2939 sciat
3316 2882 3543 2950 aliquid,

1954 2986 2048 3056 qui
2099 2985 2223 3040 aliis
2261 2983 2578 3038 facultatem
2629 2981 2825 3051 agendi
2879 2978 3209 3049 suppeditat.
3262 2974 3458 3043 Utique
3491 2960 3545 3026 et

1957 3077 2087 3133 illud
2121 3096 2134 3131 :
2178 3095 2195 3128 ι
2233 3074 2369 3143 Quis
2412 3090 2534 3129 sum
2566 3074 2710 3143 ego?
2740 3072 3008 3127 Dominus
3035 3084 3209 3129 meus,
3238 3066 3543 3129 Dominus;

1954 3180 2008 3225 et
2040 3186 2174 3241 qua:
2222 3178 2307 3225 est
2350 3170 2549 3223 domus
2592 3166 2766 3237 patris
2812 3165 2916 3217 mei
2946 3162 3034 3216 ευρ
3091 3180 3108 3213 ι
3175 3169 3326 3214 tanto
3371 3158 3547 3227 magis

1954 3263 2075 3317 ha‘c
2106 3261 2482 3317 diversitatem
2515 3258 2597 3313 rei
2646 3257 2828 3327 palam
2880 3256 3110 3318 faciunt,
3154 3258 3362 3321 quanto
3392 3249 3550 3304 simi-

1953 3357 2091 3411 liore
2123 3370 2259 3410 voce
2288 3354 2570 3410 dicuntur.
2624 3350 2980 3422 Signiﬁcatur
3015 3348 3160 3401 enim
3196 3343 3434 3414 propria:
3466 3342 3549 3395 vi-

1954 3450 2132 3505 litatis
2155 3448 2453 3509 confessio.
2479 3454 2782 3516 gratusque
2809 3443 3077 3498 adversus
3107 3439 3274 3493 Deum
3305 3437 3543 3491 aninms.

1953 3538 2144 3611 Neque
2178 3539 2307 3594 licet
2354 3538 2443 3592 hic
2481 3536 2728 3603 cogitare
2763 3532 3249 3605 interrogationem
3274 3569 3289 3592 ,
3346 3526 3548 3581 multo.

1955 3647 2062 3701 que
2106 3632 2290 3685 minus
2331 3628 2772 3699 objurgationem
2819 3632 2912 3678 aut
2962 3620 3419 3692 indignationem,
3455 3624 3551 3670 aut

1955 3724 2256 3795 quemlibet
2284 3738 2315 3778 e
2350 3720 2627 3793 praedictis
2655 3718 2904 3773 modum.

2025 3817 2113 3872 27.
2141 3815 2260 3870 Jam
2299 3816 2463 3869 etiam
2492 3816 2772 3868 raritatem
2801 3824 2968 3880 quam
2999 3805 3146 3877 quod
3177 3806 3414 3858 maxime
3444 3799 3550 3854 lioc

1956 3910 2287 3965 vocabulum
2333 3907 2609 3975 designat.
2657 3904 2911 3974 Nempe:
2955 3922 2973 3954 ι
3012 3899 3151 3967 Quis
3204 3899 3445 3967 sapiens,
3495 3904 3551 3948 et

1956 4001 2231 4059 custodiet
2289 4003 2405 4056 haec
2434 3999 2527 4053 l"?
2588 4017 2609 4051 ›
2645 4006 2702 4052 et
2755 4015 2769 4052 :
2834 4014 2853 4047 ι
2912 3995 3050 4061 Quis
3106 3992 3340 4045 credidit
3393 3987 3551 4042 audi-

1956 4094 2033 4147 tui
2087 4103 2316 4153 nostro,
2372 4099 2427 4143 et
2475 4086 2759 4141 brachium
2812 4082 3031 4137 Domini
3082 4077 3171 4134 cui
3240 4075 3545 4132 revelatum

1956 4192 2037 4239 est
2062 4183 2153 4235 ⁸⁶⁴ί
2189 4201 2207 4233 ι
2240 4181 2376 4235 Nam
2413 4180 2460 4235 si
2496 4179 2679 4232 minus
2720 4176 2926 4239 cuncti,
2970 4183 3119 4228 certe
3169 4170 3379 4239 aliquot
3425 4182 3549 4222 cre-

1958 4276 2253 4341 diderunt;
2294 4273 2497 4343 quibus
2538 4284 2671 4324 sane
2711 4264 3197 4324 conservatricem.
3233 4259 3547 4322 rectricem,

1959 4368 2356 4435 dominamque
2383 4363 2630 4419 omnium
2676 4361 2769 4415 Dci
2804 4359 2912 4412 vim
2949 4368 3063 4411 tum
3101 4371 3130 4410 e
3176 4352 3457 4408 beneﬁciis
3492 4351 3557 4405 in-

1957 4477 2017 4517 se
2045 4460 2424 4527 mundumque
2453 4464 2627 4509 totum
2659 4450 2897 4509 collatis.
2942 4459 3053 4503 tum
3100 4446 3264 4501 etiam
3306 4459 3335 4499 e
3365 4442 3557 4514 provi-

1957 4549 2141 4603 dentia
2176 4546 2424 4602 contueri
2458 4545 2749 4613 dignanter
2774 4553 3097 4595 concessum
3136 4537 3279 4591 l'uit-z
3313 4549 3546 4605 quorum

1956 4641 2227 4696 luminum
2271 4638 2438 4692 radiis
2470 4633 2806 4696 collustrati,
2841 4631 3044 4693 mentis
3076 4630 3329 4685 tenebras
3361 4627 3546 4693 dispu-

1955 4733 2160 4787 lerunt.
2225 4726 2417 4781 Nonne
2479 4740 2610 4780 vero
2676 4722 3095 4777 admirationem
3156 4729 3549 4789 stuporemque

1958 4820 2140 4897 prodit
2207 4821 2254 4876 is
2317 4820 2411 4890 qui
2473 4818 2597 4872 ait:
2640 4836 2659 4869 ‹
2705 4814 2842 4882 Quis
2893 4824 2975 4869 est
3032 4814 3138 4868 iste
3200 4810 3427 4866 veniens
3481 4822 3548 4861 ex

1959 4916 2132 4971 Edom
2166 4912 2260 4968 ⁸τῖ
2291 4931 2309 4963 ι
2351 4942 2420 4952 --
2467 4931 2485 4963 ι
2524 4911 2660 4978 Quis
2692 4918 2779 4964 est
2825 4908 2933 4972 hic,
2983 4906 3070 4961 cui
3110 4920 3259 4958 mare
3294 4901 3554 4970 ventique

1958 5007 2338 5066 obediunt"?
2372 5026 2390 5059 ι
2425 5022 2587 5077 quem
2643 5020 2775 5061 sane
2828 5001 3223 5073 signiﬁcatum,
3275 4997 3555 5050 uictarum

1958 5111 2117 5157 antea
2168 5101 2509 5156 locutionum
2555 5098 2704 5153 nulla
2739 5111 2853 5167 prae
2897 5110 2956 5150 se
3003 5094 3128 5147 fert.
3164 5089 3318 5145 Adde
3348 5087 3456 5151 bis,
3500 5084 3554 5141 si

1959 5195 2124 5249 libet:
2155 5212 2171 5245 ι
2211 5193 2347 5259 Quis
2376 5193 2522 5247 dabit
2556 5190 2720 5261 capiti
2746 5203 2869 5244 meo
2901 5200 3099 5256 aquam
3133 5183 3225 5236 ‘9?
3260 5199 3386 5235 ι-ι
3413 5178 3559 5245 Quis.

1959 5304 2047 5342 me
2077 5298 2241 5357 ponet
2270 5286 2426 5356 juxta
2471 5300 2714 5340 mensem
2748 5280 3100 5352 superiorum
3147 5277 3359 5332 dierum
3388 5272 3475 5324 ‘°?
3522 5288 3553 5322 ιι

1959 5382 2025 5436 Ει
2053 5398 2067 5435 :
2102 5400 2123 5431 ‹
2160 5379 2351 5434 Infelix
2384 5394 2487 5450 ego
2518 5381 2681 5434 homo
2708 5378 2721 5431 ί
2766 5376 2893 5445 quis
2930 5388 3016 5428 me
3047 5368 3304 5426 liberabit
3334 5366 3402 5421 de
3426 5378 3558 5417 coro

1961 5489 2094 5545 pore
2139 5474 2334 5529 mortis
2378 5474 2541 5543 hujus
2565 5472 2654 5526 “?
2689 5490 2707 5523 ι
2745 5469 2966 5526 Scilicet
3015 5467 3132 5522 haec
3179 5459 3459 5517 hominem
3488 5453 3554 5509 in

2478 5629 2524 5661 ⁸⁰
2559 5626 2733 5681 Exod.
2772 5642 2833 5690 ιι,
2876 5624 2959 5678 Η.
3072 5621 3114 5653 ⁵¹
3141 5617 3308 5690 lion).
3344 5627 3454 5674 XIV,
3486 5611 3545 5690 6.

270 5695 316 5773 ξξ
347 5706 389 5773 lI_
412 5685 544 5773 Reg.
583 5685 662 5763 ἷι,
688 5703 776 5760 21,
853 5703 899 5734 ⁵⁸
928 5685 1208 5768 ,ιέιίιζ’χὶ,έι;
1241 5704 1291 5758 '5.
1372 5703 1418 5737 ³⁵
1448 5685 1500 5773 lli
1524 5685 1655 5766 Reg.
1691 5716 1843 5773 xviii,

2052 5702 2098 5733 "
2136 5685 2279 5755 Psal.
2310 5717 2425 5773 cvi,
2458 5700 2543 5754 45.
2620 5698 2666 5729 ⁸ῖ
2703 5685 2966 5761 Ιειιξιιιι,
3010 5694 3053 5747 Ι.
3101 5689 3147 5721 ⁵⁷
3172 5686 3275 5740 '53-
3311 5699 3466 5749 LX111.
3491 5685 3555 5738 ῒο

270 5764 315 5797 ⁸³
338 5764 520 5830 Μειτοῖ
543 5790 620 5842 ιν,
655 5774 743 5828 ιιι.
818 5775 867 5809 ⁵⁸
892 5772 1087 5829 Jcrem.
1124 5764 1204 5841 ix,
1236 5774 1284 5829 l.
1368 5774 1413 5805 °°
1439 5771 1542 5827 Job
1573 5764 1723 5838 uix,
1761 5772 1814 5826 2.

1972 5771 2133 5828 Rom.
2162 5788 2257 5839 vn,
2294 5772 2386 5827 ‘25.
