3912 6218
446 254 517 317 83
1582 251 1848 311 PHOTlI
1900 253 2022 312 ΡΑἸ

2135 252 2404 313 ΛΙὶΟΗίΕ
2442 252 2552 313 CP.
3348 285 3358 294 ·
3621 254 3687 322 84

447 360 716 431 angustiis
756 359 825 415 ad
869 374 1058 431 preces
1104 359 1512 431 conlugienlem
1556 364 1845 428 exhibent,
1895 378 2021 418 cum

2129 364 2227 433 χῆς
2254 362 2354 433 μὲν
2382 362 2492 434 γάρ
2522 360 2849 432 καταφυγὴν
2880 360 2939 428 ἐξ
2981 362 3292 433 ἀμηχανίας
3320 362 3388 418 τὰ
3427 364 3686 436 εἰρημένα

447 454 841 509 sententiarum
893 453 1140 522 priurum
1194 453 1343 508 nulla
1397 464 1750 525 congruunt:
1793 464 1849 510 et
1894 465 2019 511 vota

445 545 666 615 quidem
704 559 801 612 pro
854 546 1123 599 malorum
1172 545 1496 615 depulsione
1553 548 1856 614 continent,
1909 563 2018 602 non

446 643 625 686 tamen
655 633 736 687 vel
766 634 1270 704 interrogationem,
1314 637 1398 691 vel
1435 637 1717 693 modestia:
1743 638 2023 709 signiﬁca-

448 723 683 785 tionem,
713 724 796 777 vel
827 723 1168 778 indelinitum
1195 726 1347 794 quid,
1390 727 1474 779 vel
1497 726 1735 796 aliquam
1769 728 2021 797 increpa-

447 815 683 880 tionem;
719 830 897 885 neque
939 831 1133 870 rursus
1173 816 1473 882 raritatem,
1508 832 1684 887 neque
1721 819 2021 888 gratiarum

448 907 744 971 actionem,
779 922 957 975 neque
986 908 1410 963 admirationem
1439 908 1523 964 vel
1554 918 1855 978 stuporem.

514 997 607 1051 28.
661 996 929 1052 Praeterea
980 998 1125 1053 istud
1185 998 1349 1053 etiam
1410 1014 1623 1054 mecum
1678 1002 2019 1063 considera

453 1088 618 1155 «Quis
639 1088 870 1159 decipiet
881 1089 1192 1143 Achaabum
1207 1090 1251 1121 ⁶¹
1270 1089 1294 1142 1'
1318 1100 1393 1155 et,
1414 1090 1614 1155 «Quem
1634 1093 1841 1149 mittam
1859 1096 1927 1128 σν
1956 1098 2018 1152 2»

446 1191 502 1235 et
533 1198 547 1235 :
578 1200 595 1232 ι
629 1181 763 1246 Quis
814 1181 915 1236 ibit
960 1182 1025 1235 ad
1075 1179 1333 1250 populum
1369 1182 1451 1235 ωε)
1480 1201 1499 1234 ι
1527 1181 1858 1240 Nonnullam
1910 1187 2024 1244 haec

446 1273 666 1342 quidem
699 1272 933 1341 speciem
968 1272 1191 1339 habent,
1223 1270 1341 1328 fore
1377 1282 1437 1327 ut
1466 1275 1569 1329 sub
1594 1276 1779 1346 aliquo
1808 1291 1840 1333 e
1880 1293 2023 1348 prae-

447 1366 772 1420 cedentibus
829 1365 1007 1421 modis
1066 1366 1488 1429 concludantur,
1541 1383 1600 1422 re
1661 1378 1844 1423 tamen
1896 1385 2021 1425 vera

448 1457 653 1510 aditum
740 1457 867 1511 illuc
937 1471 1044 1510 non
1111 1457 1394 1513 inveniunt
1444 1452 1489 1525 ,’
1533 1457 1627 1514 sed
1690 1462 2023 1530 provocandi

449 1546 649 1613 potius,
699 1546 783 1601 vel
828 1546 975 1601 modi
1030 1546 1215 1600 nescio
1262 1547 1421 1616 cujus
1476 1549 1805 1603 sententiam
1839 1552 2015 1606 conti-

449 1646 601 1691 nent.
658 1636 794 1692 Illud
838 1646 1023 1693 autem
1056 1657 1069 1693 :
1110 1656 1129 1689 ι
1162 1638 1294 1703 Quae
1323 1640 1469 1693 enim
1516 1638 1781 1696 fortitudo
1815 1657 1934 1696 mea
1966 1650 2025 1697 ut

2120 453 2370 523 δηλώσει,
2409 454 2490 517 είς
2509 452 2660 507 οὐδὲν
2680 454 2736 506 δέ
2765 455 2874 508 τῶν
2900 454 3399 525 προδιεσταλμένων
3426 456 3686 531 συνε[νε]-

2120 544 2306 615 χθείη·
2340 546 2436 599 καὶ
2474 545 2795 614 ἀπαλλαγῆς
2842 545 2942 614 μὲν
2976 544 3254 614 ἐξαίτησιν
3301 546 3408 598 τῶν
3445 549 3687 617 συνεχόν-

2120 650 2249 698 των,
2287 633 2349 685 οὑ
2380 633 2486 703 μὴν
2515 632 2806 704 ἐρώτησιν,
2847 633 2970 686 οὑδέ
3003 633 3446 705 προσδιορισμδν,
3484 636 3603 688 οὑδὲ
3631 637 3688 690 τδ

2120 725 2392 796 ἀόριστον,
2424 726 2533 779 οὐδ’
2557 725 2897 797 ἐπιτίμησιν,
2927 724 3041 778 ἀλλ’
3067 727 3189 778 οὑδὲ
3216 726 3278 779 τὸ
3308 725 3551 790 σπάνιον,
3578 726 3687 779 ἀλλ’

2120 816 2241 869 οὑδέ
2283 816 2658 886 εὐχαριστίαν,
2690 817 2724 888 ἦ
2765 817 3064 885 εὐτέλειαν,
3094 817 3216 871 οὑδέ
3251 816 3433 888 θαῦμα
3467 819 3560 871 καὶ
3604 817 3689 870 ἐκ-

2122 907 2318 979 πληξιν
2350 908 2683 981 ὑπογράφει.

2191 999 2299 1069 κη’.
2333 1000 2405 1054 Σὺ
2452 999 2511 1054 δέ
2561 1017 2655 1071 μοι
2719 1000 2941 1054 κάκεῖνο
2987 999 3402 1072 προσεπιζήτει,
3431 1000 3514 1068 τὺ,
3548 1020 3567 1054 ι
3598 999 3691 1065 Τίς

2122 1096 2394 1165 ἀπατήσει
2414 1094 2514 1148 τὸν
2532 1093 2775 1165 ’Λχαάϐς
2807 1112 2825 1145 ι
2858 1094 3004 1158 καὶ,‹
3027 1093 3161 1147 Τίνα
3183 1094 3496 1161 ἀποστελῶς
3524 1112 3545 1146 ι
3582 1095 3689 1159 καὶ,

2128 1203 2148 1237 ι
2183 1185 2281 1248 Τίς
2322 1183 2650 1255 πορεύσεται
2701 1184 2838 1255 πρὸς
2866 1184 2958 1237 τὸν
2990 1184 3147 1251 λαόν;
3180 1203 3200 1237 ι
3253 1184 3559 1238 Φαντασίαν
3598 1186 3692 1255 μέν

2123 1292 2246 1328 τινα
2279 1275 2580 1346 παρέχεται
2609 1274 2684 1339 ῶς
2712 1274 2937 1328 δυνατὸν
2970 1275 3061 1343 ὑφ’
3102 1274 3161 1327 ἓν
3198 1275 3310 1327 τῶν
3354 1275 3695 1347 προδιευκρι-

2125 1368 2376 1437 νημένων
2404 1366 2738 1437 ἀναχθῆναι·
2771 1366 2831 1419 οὑ
2859 1368 2967 1436 μήν
2998 1382 3063 1434 γε
3087 1366 3185 1419 καὶ
3208 1368 3275 1436 τῇ
3302 1365 3533 1436 ἀληθείᾳ
3561 1365 3695 1435 πάρ-

2125 1461 2243 1514 οδον
2282 1459 2548 1529 εὑρίσκει,
2606 1457 2744 1514 ἀλλά
2780 1457 3153 1530 προκλητικῆς
3189 1457 3389 1527 μᾶλλόν
3429 1458 3546 1509 ἐστι
3582 1456 3694 1509 δια-

2083 1609 2085 1612 ,
2127 1550 2296 1615 νοίας,
2342 1550 2376 1622 ἢ
2430 1550 2615 1621 ἐτέρου
2649 1549 2794 1613 τινὸς
2823 1549 2994 1602 τύπον
3025 1548 3304 1611 διασώζει.
3340 1547 3416 1601 Τὸ
3436 1547 3514 1613 δέ,
3554 1566 3574 1599 ι
3604 1548 3695 1611 Τίς

2126 1639 2237 1710 γάρ
2272 1656 2375 1709 μου
2407 1640 2441 1709 ἡ
2469 1638 2647 1709 ἰσχὺς,
2676 1640 2758 1692 ὅτι
2789 1638 3082 1708 ὑπομένω;
3116 1637 3150 1707 ἢ
3179 1637 3261 1699 τίς
3296 1653 3398 1707 μου
3425 1636 3455 1688 ὀ
3489 1636 3695 1706 χρόνος,

448 1728 793 1782 sustineam?
821 1737 917 1783 aut
960 1729 1235 1799 quodnam
1280 1737 1499 1800 tempus
1532 1747 1712 1786 meum
1756 1743 1814 1787 ut
1848 1733 2022 1803 perle-

2129 1731 2205 1784 δτι
2251 1730 2550 1800 ἀνέχομαις
2584 1748 2602 1780 ι
2659 1729 2777 1792 πῶς
2816 1730 2917 1799 οὑχ
2963 1729 3150 1796 ἐτερόν
3199 1745 3252 1782 τι
3300 1730 3698 1798 σημαινόμενον

450 1833 564 1872 ram
594 1819 683 1872 “?
719 1837 738 1871 ι
774 1819 966 1889 quidni
1008 1819 1176 1873 alium
1220 1836 1442 1876 sensum
1486 1822 1589 1877 sibi
1638 1824 1914 1890 deposcet,
1949 1826 2022 1879 ita

448 1916 509 1961 ut
544 1908 833 1963 consilium
879 1908 1107 1963 minime
1149 1910 1411 1979 iniurium
1458 1911 1570 1967 Deo
1600 1913 1716 1968 sit?
1755 1912 1846 1970 llle
1872 1916 2020 1972 enim

447 1996 850 2051 calamitatibus
876 2013 1122 2067 pressus,
1149 2000 1278 2055 dum
1305 2002 1430 2057 vitae
1456 2002 1774 2059 brevitatem
1800 2006 2027 2061 virium:

447 2102 555 2156 que
607 2087 978 2142 inﬁrmitatem
1028 2098 1084 2144 et
1125 2091 1452 2161 paucitatem
1494 2094 1773 2150 declarare
1822 2098 2022 2165 studet,

449 2178 536 2231 his
565 2193 688 2247 quae
713 2178 829 2233 dixi
861 2180 1039 2234 verbis
1069 2189 1125 2236 et
1153 2181 1245 2235 illa
1274 2182 1439 2238 simul
1476 2184 1642 2251 mala,
1677 2196 1731 2241 et
1759 2202 1920 2243 suum
1953 2191 2024 2244 ob

448 2280 514 2320 ea
541 2277 796 2322 maestum
842 2268 1227 2341 defessumque
1260 2274 1508 2330 animum
1545 2279 1742 2348 aperit.
1797 2279 2026 2352 Insuper

449 2359 583 2415 illud
625 2380 639 2415 :
675 2379 694 2413 ι
730 2361 872 2416 Num
915 2364 1041 2433 quis
1095 2366 1245 2421 novit
1291 2383 1358 2421 an
1411 2384 1536 2424 eum
1581 2372 2025 2443 deprehensurus

447 2455 551 2507 sim
576 2453 660 2508 ⁸³2
687 2473 706 2506 ι
730 2465 784 2510 et
803 2473 816 2510 :
837 2474 855 2507 ι
881 2454 1018 2522 Quis
1044 2460 1217 2526 novit,
1241 2470 1426 2516 utrum
1454 2465 1526 2519 sit
1554 2480 1873 2524 reversurus
1895 2470 1976 2524 ιιι
2000 2489 2019 2523 ι

449 2544 588 2611 haec,
620 2547 866 2618 inquam,
899 2549 1214 2607 dubitanter
1243 2553 1409 2620 dicta,
1437 2554 1483 2610 si
1513 2555 1587 2611 ita
1628 2556 2022 2631 intelligantur,

451 2651 800 2707 nequaquam
841 2642 1165 2696 sententiam
1198 2643 1596 2713 obscurabuut,
1638 2648 1898 2720 nullaque
1924 2667 2025 2706 au-

448 2728 682 2782 ditorem
732 2730 1091 2799 ambiguitate
1142 2734 1408 2791 irrctient.
1461 2737 1555 2792 Sin
1611 2741 1797 2796 eadem
1828 2758 1857 2797 a
1888 2758 2027 2812 prae-

446 2816 593 2871 dicta
628 2819 1025 2889 signiﬁcatione
1056 2824 1330 2889 recedent,
1357 2826 1685 2896 perplexitas
1715 2831 2024 2887 auditorem

447 2910 665 2973 obruet,
717 2913 993 2968 contraria
1045 2930 1272 2983 prorsus
1321 2917 1399 2971 illi
1464 2921 1864 2990 perspicuitati,
1904 2940 2027 2994 qua:

447 3009 609 3054 rectae
636 3002 1007 3072 intelligentiae
1037 3005 1251 3062 fructus
1294 3017 1399 3065 est.
1441 3010 1621 3080 Atque
1665 3013 1831 3083 hujus
1859 3032 2023 3071 voca-

449 3091 560 3145 buli
596 3109 681 3154 τις
709 3094 911 3149 multas
945 3097 1083 3152 alias
1132 3096 1474 3157 diliereutias
1503 3118 1530 3155 a
1565 3120 1652 3158 me
1684 3108 2022 3173 praetermis-

449 3198 562 3246 sas,
609 3184 702 3253 qui
736 3187 970 3240 scrutari
1002 3203 1194 3246 sacros
1233 3190 1427 3247 Libros
1482 3194 1737 3262 voluerit,
1777 3178 2024 3266 profecto

450 3274 714 3341 inveniet,
746 3293 885 3345 quas
914 3289 969 3333 et
1016 3280 1141 3336 aliis
1184 3284 1474 3338 ostendere
1500 3302 1607 3341 non
1644 3303 1804 3344 secus
1833 3305 1897 3345 ac
1924 3289 2024 3346 de-

448 3366 807 3437 prehendere,
841 3370 1099 3439 perfacile
1126 3374 1400 3443 negotium
1426 3386 1532 3431 est.

519 3458 610 3512 29.
649 3458 767 3514 Non
823 3460 999 3515 solum
1055 3473 1238 3518 autem
1297 3466 1459 3522 unica
1511 3468 1785 3527 interdum
1843 3474 2025 3532 brevis

450 3547 618 3604 dictio
651 3549 941 3621 multiplici
970 3551 1278 3622 signiﬁcatu
1308 3558 1551 3624 praedita,
1586 3560 1857 3631 siquando
1878 3564 2024 3622 haud

449 3642 836 3699 convenienter
882 3642 1244 3713 intelligatur,
1295 3658 1532 3704 mentem
1561 3652 1725 3706 etiam
1770 3657 2026 3712 cordato—

451 3748 571 3788 rum
605 3733 889 3789 hominum
926 3736 1185 3792 obscurat
1212 3748 1378 3809 atque
1402 3744 1720 3810 conturbat;
1754 3748 1845 3802 sed
1878 3748 2025 3803 litte-

450 3826 585 3880 rulae
633 3841 857 3896 quoque
900 3827 1196 3895 aberratio,
1246 3832 1455 3889 additio
1498 3835 1582 3890 vel
1611 3835 1902 3905 detractio,
1938 3841 2024 3895 vel

449 3918 629 3973 dirum
679 3919 808 3989 quid
856 3920 1146 3990 aliquoties
1194 3923 1356 3993 parit,
1390 3925 1473 3979 vel
1524 3936 1670 3982 certe
1723 3930 2023 3987 absurdum

448 4010 589 4063 solet
629 4008 857 4065 efﬁcere.
890 4011 1071 4081 Atque
1122 4021 1182 4066 ut
1230 4023 1425 4070 ctetera
1474 4015 1695 4072 interim
1744 4021 2021 4088 omittam,

445 4102 493 4157 si
541 4103 667 4173 quis
725 4104 952 4159 verbum
999 4103 1198 4173 ἔκτησε
1246 4106 1405 4178 longa
1454 4110 1657 4179 syllaba
1714 4113 2020 4181 praeditum,

448 4195 594 4250 brevi
620 4197 824 4277 scribat
849 4198 1081 4269 (ἔκτισε)
1117 4208 1285 4270 atque
1332 4201 1404 4255 ita
1452 4202 1727 4272 intelligat
1761 4205 1815 4259 in
1846 4221 1909 4259 ea
1940 4207 2025 4259 lo-

446 4289 663 4345 cutione
702 4309 720 4343 ι
759 4291 1021 4347 Dominus
1046 4292 1247 4363 ἐκτησε
1277 4292 1495 4364 (nempe
1538 4297 1732 4349 creavit
1769 4312 1867 4367 pro
1899 4315 2024 4367 pos-

2126 1822 2469 1893 ἐπιζητήσει,
2492 1821 2558 1874 δι’
2586 1814 2649 1875 οῦ
2668 1820 2730 1873 τὸ
2759 1820 2972 1873 ἐκείνου
2995 1819 3246 1891 βούλημα
3267 1818 3369 1873 οὑκ
3390 1818 3695 1891 ἐξυϐρίσοις

2125 1913 2199 1966 To
2226 1912 2335 1983 γάρ
2362 1912 2535 1984 βραχὺ
2585 1910 2683 1965 καὶ
2712 1912 2901 1965 ἄτονον
2944 1911 3042 1964 καὶ
3070 1910 3436 1981 ὀλιγοχρόνιον
3464 1910 3559 1963 τοῦ
3587 1909 3696 1981 βίου

2124 2005 2345 2075 καὶτῆς
2376 2004 2558 2076 ἰσχύος
2588 2006 2616 2058 ό
2647 2006 2714 2075 τῇ
2747 2002 3092 2073 ταλαιπωρίᾳ
3126 2002 3494 2074 ἐκτρυχωθεὶς
3522 2020 3697 2073 παρα-

2126 2096 2323 2167 στῆσαι
2351 2094 2657 2167 βουληθεὶς,
2697 2094 2788 2147 διὰ
2817 2093 3024 2148 τούτων
3070 2092 3177 2148 τῶν
3223 2094 3489 2165 ῥημάτων
3522 2094 3698 2147 ἐκεῖνά

2122 2207 2182 2243 τε
2213 2190 2331 2259 ἅμα
2378 2189 2473 2241 xui
2512 2188 2602 2241 τὸν
2634 2186 2724 2240 ἐπ’
2772 2187 2957 2251 αὑτοῖς
2991 2186 3392 2258 ὀλοφυρόμενον
3443 2185 3570 2239 νοῦν
3608 2185 3697 2237 καὶ

2124 2278 2467 2350 ἀπειρηκότα
2501 2276 2863 2333 ἀναπτύσσει.
2910 2275 3073 2330 Ἀλλά
3121 2276 3230 2347 γὰρ
3272 2275 3369 2329 καὶ
3412 2275 3498 2339 τὸ,
3550 2293 3570 2326 ι
3606 2274 3697 2338 Τίς

2125 2368 2235 2438 ἀρα
2263 2368 2451 2438 γνοίη,
2483 2367 2567 2420 ὅτι
2600 2366 2821 2438 εὕροιμι
2852 2366 3046 2431 αύτόν;
3082 2383 3101 2417 ι
3136 2366 3228 2418 καὶ
3255 2364 3338 2430 τὸ,
3374 2382 3392 2415 ι
3433 2362 3535 2427 Τίς
3563 2358 3697 2417 οἶδεν

2125 2459 2174 2511 εἰ
2208 2456 2561 2528 ἐπιστρέψοις
2599 2475 2618 2508 ι
2664 2456 2804 2510 κατά
2831 2454 3153 2525 διαπόρησιν
3192 2452 3460 2524 εἰρημένα
3481 2492 3497 2517 ,
3530 2453 3579 2505 εί
3609 2450 3695 2504 οῦ-

2124 2563 2234 2611 τως
2264 2544 2661 2617 προσληφθείη,
2703 2544 2860 2598 οὑδέν
2895 2543 2995 2614 μὲν
3025 2543 3125 2613 τὴν
3151 2543 3391 2596 διάνοιαν
3437 2541 3698 2613 ἀμαυρώ-

2127 2652 2231 2699 σει,
2263 2637 2343 2697 είς
2369 2634 2628 2704 οὐδεμίαν
2656 2634 2714 2687 δὲ
2748 2631 3083 2703 ἀμφιϐολίαν
3120 2634 3211 2685 τὸν
3236 2632 3517 2703 ἀκροατὴν
3547 2647 3698 2701 περι-

2123 2727 2314 2798 τρέψει
2335 2738 2351 2754 ⁶
2378 2725 2682 2779 ἐκπεσόντα
2727 2724 2783 2778 δὲ
2807 2725 2905 2796 τῆς
2929 2723 3189 2795 τοιαύτης
3221 2723 3523 2794 σημασίας,
3556 2722 3699 2776 οὑδέν

2125 2818 2348 2872 ἔλαττον
2373 2816 2407 2888 ἢ
2442 2817 2579 2889 ὅπερ
2604 2816 2857 2870 ἐϐούλετο
2886 2814 3081 2887 δηλοῦν
3112 2815 3344 2885 ὀρθότης
3368 2814 3465 2869 τοῦ
3502 2831 3700 2885 σημαι-

2125 2910 2374 2980 νομένου,
2401 2908 2635 2978 ἀπορίας
2667 2906 2830 2961 αὑτὸν
2877 2906 3239 2979 ἀναπλήσσει.
3276 2906 3388 2960 Καὶ
3411 2907 3475 2959 οὑ
3506 2906 3699 2969 ταύτας

2134 3001 2315 3072 μόνον,
2343 2999 2480 3052 ἀλλά
2511 3001 2605 3053 xu‘t
2640 2998 2843 3062 πολλὰς
2873 2998 3038 3063 ἄλλας
3061 2997 3326 3069 διαφοράς
3350 2998 3451 3068 τῆς
3481 3014 3699 3070 προκει-

2136 3094 2304 3163 μένης
2360 3092 2544 3162 φωνῆς
2576 3090 3098 3163 παραλελειμμένας
3146 3093 3176 3145 ό
3227 3089 3556 3161 βουλόμενος
3606 3089 3702 3160 τὴν

2135 3184 2287 3253 ἱερὰν
2309 3184 2706 3253 ἀναλεγόμενος
2732 3182 2958 3254 Γραφὴν
2993 3182 3240 3251 εὑρήσει,
3272 3180 3339 3245 ἀς
3364 3180 3520 3233 οὐδὲν
3550 3180 3703 3251 ἔργον

2129 3258 2253 3333 οὕτε
2291 3278 2455 3334 αὑτὸν
2486 3277 2674 3331 λαϐεῖν
2712 3274 2837 3330 οὔτε
2865 3276 2980 3339 τοῖς
3012 3274 3198 3337 ἀλλοις
3229 3272 3564 3343 ἐκκαλύψαι.

2204 3473 2310 3529 κθθ.
2352 3472 2429 3527 Ού
2463 3472 2622 3543 μόνον
2647 3471 2706 3526 δὲ
2736 3470 2837 3540 μία
2864 3469 3010 3536 λέξις
3033 3471 3130 3525 xui.
3153 3471 3277 3524 τότε
3303 3470 3535 3542 βραχεῖα
3568 3469 3703 3524 κατά

2130 3565 2344 3619 πολλῶν
2372 3565 2472 3635 μὲν
2498 3562 2877 3633 ὑποκειμένων
2907 3563 3208 3635 φερομένη,
3232 3562 3293 3615 ού
3324 3563 3621 3633 προσφυῶς
3647 3562 3704 3615 δὲ

2130 3655 2702 3729 παραλαμϐανομένη,
2759 3654 2854 3706 τὸν
2905 3653 3031 3707 νοῦν
3084 3654 3194 3709 τῶν
3242 3654 3420 3722 ὀρθῶς
3476 3655 3703 3725 ἐχόντων

2130 3748 2375 3803 ἐπιθολοῖ
2428 3748 2523 3800 xui.
2574 3747 2957 3818 διαταράττει,
3033 3746 3171 3800 ἀλλά
3224 3746 3320 3800 καὶ
3380 3746 3705 3817 γράμματος

2130 3837 2456 3911 παραλλαγὴ
2479 3878 2491 3897 ,
2522 3836 2555 3907 ἢ
2585 3837 2881 3908 πρόσθεσις
2911 3837 3007 3890 καὶ
3041 3837 3335 3907 ἀφαίρεσις
3356 3876 3371 3900 ,
3423 3838 3475 3889 εί
3506 3837 3597 3890 καὶ
3632 3834 3702 3904 μὴ

2130 3932 2366 4004 χαλεπὸν
2388 3931 2787 3993 ἀποσκευάσαι,
2803 3930 2954 3998 ὅμως
2976 3928 3178 3982 ἄτοπόν
3201 3946 3255 3981 τι
3278 3930 3529 3999 ἀπαντᾷν
3552 3927 3702 3981 είωθε

2131 4021 2594 4096 παρασκευάζειν.
2655 4023 2767 4075 Καὶ
2812 4022 2900 4075 ἵνα
2950 4021 3046 4076 νῦν
3086 4023 3236 4076 ἐάσω
3263 4022 3332 4075 τά
3362 4021 3525 4086 ἀλλα,
3573 4018 3703 4074 ἀλλά

2130 4118 2238 4188 γὰρ
2291 4117 2387 4170 καὶ
2437 4115 2500 4168 τὸ
2526 4115 2791 4180 ἕκτησεν
2823 4114 2877 4167 εί
2921 4132 3007 4177 τις
3060 4114 3435 4185 μηκυνόμενον
3484 4113 3569 4167 διά
3612 4111 3702 4164 τοῦ

2133 4206 2538 4279 βραχυνομένου
2587 4207 2699 4277 (21)
2737 4207 2830 4260 καὶ
2861 4207 3092 4277 γράψειε
3122 4206 3219 4261 καὶ
3246 4207 3491 4278 νοήσειεν
3520 4207 3579 4258 ἐν
3608 4201 3700 4271 τῷ.

2137 4318 2156 4353 ι
2191 4299 2395 4371 Κύριος
2444 4298 2644 4368 ἐκτησέ
2694 4314 2761 4368 με
2805 4298 2983 4367 ἀρχὴν
3010 4297 3146 4350 όδῶν
3180 4297 3330 4370 [cod.
3366 4295 3511 4367 ὁδὸν]
3542 4292 3701 4348 αὑτοῦ

447 4381 607 4449 sedit)
638 4398 724 4437 me
746 4382 959 4438 initium
983 4386 1191 4439 viarum
1228 4402 1451 4441 suarum
1479 4387 1547 4441 ad
1572 4402 1737 4457 opera
1770 4404 1870 4444 sua
1894 4391 1971 4456 ⁸⁷,
2000 4411 2018 4444 ι

2129 4394 2210 4455 είς
2236 4390 2373 4461 ἔργα
2401 4388 2596 4443 αὑτοῦ·
2634 4407 2653 4441 ι
2682 4385 2799 4442 εἶτα
2825 4389 2962 4460 πρὸς
2986 4389 3084 4459 τὴν
3108 4389 3204 4442 τοῦ
3242 4387 3452 4459 Ἀρείου
3482 4385 3703 4455 γνώμην

448 4471 646 4526 deinde
675 4473 739 4527 ad
779 4474 892 4528 Arii
937 4476 1266 4531 sententiam
1312 4478 1570 4545 inclinet;
1610 4478 1657 4533 is
1690 4489 1883 4534 contra
1924 4482 2021 4536 ﬁlii

446 4563 780 4617 divinitatem
838 4565 1074 4635 linguam
1136 4576 1316 4622 acuet.
1381 4568 1485 4623 Sed
1546 4569 1660 4623 Arii
1718 4571 2019 4626 szevitatem

448 4654 800 4713 multifariam
848 4655 1101 4712 insectari
1150 4668 1202 4713 et
1254 4674 1555 4729 coarguere
1605 4676 1837 4730 pronum
1887 4670 2017 4718 est:

449 4752 748 4817 pnesertim
784 4751 912 4821 quia
947 4753 1172 4809 verbum
1209 4753 1431 4824 ἐκτησε,
1462 4754 1605 4809 haud
1652 4772 1749 4825 per
1793 4756 1901 4810 iota
1932 4757 2021 4812 lit-

449 4849 632 4893 teram.
665 4841 758 4897 sed
792 4858 889 4912 per
927 4852 1013 4899 eta
1061 4845 1532 4914 pronuntiandum
1565 4847 1609 4901 si
1639 4847 1763 4917 quis
1790 4848 2023 4903 demon-

448 4940 604 4996 stret,
642 4933 689 4988 is
722 4934 1007 5004 loquacem
1045 4936 1316 4990 haeretica:
1345 4936 1616 5006 superbiae
1641 4938 1926 4991 audaciam
1955 4938 2022 4992 ad

449 5021 727 5077 silentium
765 5034 923 5093 turpe
955 5026 1264 5095 compellet.
1301 5025 1433 5080 Nam
1474 5028 1698 5082 verbum
1735 5029 1837 5083 hoc
1864 5029 2023 5099 longa

454 5112 630 5164 littera
668 5114 964 5181 prolatum,
1012 5117 1165 5170 nullo
1212 5118 1373 5170 modo
1426 5129 1678 5173 naturam
1722 5119 2022 5184 imminuit,

451 5217 625 5271 neque
652 5206 790 5259 intra
829 5206 1098 5261 minorem
1130 5208 1411 5263 modulum
1445 5221 1706 5277 coarctat,
1744 5226 1922 5281 neque
1955 5212 2025 5267 ad

2129 4482 2590 4549 ἀποκλίνοι,κατά
2619 4482 2717 4551 τῆς
2750 4480 2846 4534 τοῦ
2877 4481 3010 4534 Υἱοῦ
3039 4480 3296 4551 θεότητος
3328 4480 3429 4551 τὴν
3456 4478 3703 4547 γλῶσσαν

2127 4575 2339 4639 ὀξύνοιο
2390 4568 2453 4629 οὗ
2488 4576 2549 4628 τὸ
2579 4574 2866 4645 δύσφημον
2898 4573 3184 4644 πολλαχῶς
3240 4573 3341 4645 μὲν
3383 4571 3702 4643 ἐρῤαπίζειν

2128 4662 2225 4716 καὶ
2256 4662 2556 4733 διελέγχειν
2589 4664 2743 4733 ῥᾷον,
2777 4662 2890 4715 ἀλλ’
2938 4664 3093 4716 οὑδέν
3123 4662 3344 4715 ἔλαττον
3382 4661 3475 4715 καὶ
3530 4662 3611 4714 ὄτι
3647 4660 3703 4710 τὸ

2130 4750 2395 4818 ἕκτησεν
2422 4753 2484 4804 οὐ
2511 4751 2611 4821 τῆς
2638 4752 2728 4805 διά
2754 4750 2849 4804 τοῦ
2876 4751 3009 4804 ἰῶτα
3040 4751 3329 4821 γραμμῆς,
3367 4750 3457 4804 διά
3505 4749 3563 4802 δὲ
3608 4749 3704 4816 τῆς

2128 4841 2222 4896 τοῦ
2261 4838 2369 4913 ἦτα
2399 4842 2811 4915 προφερόμενον
2856 4844 2884 4896 ό
2932 4843 3253 4906 ὑποδεικνὺς
3284 4841 3700 4898 ἀνακαλύπτων,

2126 4938 2205 4999 είς
2232 4934 2391 5005 σιγὴν
2414 4935 2678 5004 αἰσχύνης
2710 4934 2804 4987 τοῦ
2838 4935 3119 5005 αίρετικοῦ
3152 4935 3501 5005 φρονήματος
3535 4931 3593 4983 τὸ
3619 4929 3704 4981 λά·

2126 5028 2217 5079 λον
2262 5025 2463 5097 θράσος
2499 5024 2818 5079 συνελάσει·
2868 5027 2902 5095 ἡ
2945 5026 3054 5095 γὰρ
3106 5024 3245 5095 μετά
3291 5024 3385 5077 τοῦ
3445 5021 3703 5093 μεγέθους

2133 5115 2397 5187 προϊοῦσα
2443 5115 2587 5181 λέξις
2629 5116 2731 5170 οὑκ
2775 5116 2988 5169 ἐλαττοῖ
3034 5116 3132 5185 τὴν
3163 5114 3347 5184 φύσιν,
3384 5113 3445 5167 οὑ
3474 5113 3575 5181 μὲν
3612 5105 3703 5162 οῦν

2135 5210 2255 5263 οὐδὲ
2284 5209 2563 5263 συστέλλει
2591 5208 2729 5280 πρὸς
2760 5207 2819 5259 τὸ
2846 5206 3205 5279 βραχύτερον,
3239 5207 3361 5260 ούδέ
3401 5209 3479 5269 εἰς
3502 5204 3702 5273 κτίσμα

520 5340 566 5415 f
602 5338 667 5393 Ill
701 5338 829 5410 Reg.
876 5357 1011 5415 san,
1042 5342 1133 5399 20.
1208 5346 1275 5377 ⁸²⁶
1307 5343 1411 5400 lsa.
1437 5360 1511 5413 γι,
1545 5346 1599 5402 8.
1695 5346 1740 5378 ⁸³
1774 5345 1976 5403 Jerem-
2009 5364 2022 5402 ι

2129 5348 2178 5400 5.
2272 5345 2319 5381 ⁸⁸
2349 5344 2450 5401 Job
2481 5362 2555 5412 v1,
2594 5347 2679 5401 il.
2724 5345 2768 5377 ⁸⁸
2796 5343 2901 5400 Job
2940 5360 3099 5411 mn,
3147 5345 3201 5400 5.
3296 5345 3341 5377 ⁸⁸
3378 5342 3502 5399 Jon.
3536 5358 3619 5407 nt,
3647 5340 3697 5397 θ·

1953 5486 2187 5542 ΝΟΤΕ.

448 5411 495 5445 τ’
520 5408 685 5467 Prov.
716 5408 838 5479 vui,
869 5411 961 5467 ‘29..

525 5629 638 5699 (2|)
670 5628 808 5685 llinc
869 5630 1249 5701 cognoscimus
1302 5629 1553 5685 Photium
1585 5629 2029 5701 pronuntiavisse

453 5714 613 5756 unzco
634 5718 768 5756 sono
838 5700 951 5759 tatu
984 5712 1068 5756 eta
1096 5720 1254 5773 quam
1288 5703 1414 5756 iota.
1444 5701 1516 5756 De
1543 5716 1600 5756 re
1628 5701 1822 5773 legcsis
1843 5700 2029 5771 dispu~

2135 5640 2339 5684 tantem
2404 5627 2763 5685 Villoisonnm
2804 5626 3018 5693 Proleg.
3074 5624 3141 5679 ad
3193 5623 3414 5681 llomer.
3463 5622 3703 5697 p.1v,et

2134 5701 2384 5755 Auecdot.
2419 5699 2513 5757 Gr.
2556 5709 2689 5757 tom.
2718 5698 2784 5765 ll,
2811 5713 2862 5769 p.
2908 5697 3008 5753 liti
3037 5710 3189 5767 seqq.
