3976 6222
307 309 385 375 85
1349 320 1451 379 AD
1479 320 1884 382 AMPHILOC]

1989 323 2073 383 1M
2104 322 2451 396 QUzESTIO
2478 324 2530 386 Ι.
3521 326 3592 391 86

299 426 408 495 τὴν
438 425 696 482 ἄκτιστον
741 427 932 484 οὐσίαν
960 430 1226 503 κατάγειο
1274 434 1353 506 μή
1410 452 1465 489 τι
1507 436 1773 509 γένηταιο
1817 440 1884 493 oi-

2004 452 2270 498 crcaturze
2294 442 2669 499 conditionem
2707 441 3071 501 substantiam
3103 445 3407 502 lncreatam
3445 448 3591 503 redi-

301 516 536 571 κείωσιν
590 518 649 572 δὲ
704 521 909 590 μᾶλλον
956 524 1053 577 καὶ
1096 525 1403 597 πρόσληψιν
1454 527 1553 581 καὶ
1610 530 1900 584 κοινωνίαν

300 608 419 661 τῶν
461 610 718 680 ὁμοφυῶν
746 613 964 685 Πατρδς
1004 615 1315 687 ὑπογράφει
1358 617 1453 673 καὶ
1487 619 1642 675 Υίοῦ.
1687 619 1746 673 ’0
1789 621 1901 693 γάρ

299 700 613 766 διαστατῶς
639 706 922 777 πανταχοῦ
954 706 1132 762 συνών
1161 708 1239 780 τῷ
1260 712 1422 782 γεννὴ
1434 728 1568 782 ματι
1593 715 1896 786 γεννήτωρ,

301 797 406 859 καὶ
430 797 598 866 μηδὲν
622 799 899 869 ἀπότομον
919 804 1015 856 καὶ¹
1046 803 1377 875 διῃρημένον
1396 806 1498 876 τῆς
1532 806 1742 861 ἐκείνου
1775 807 1901 878 βου-

298 885 410 956 λῆς
438 889 535 942 καὶ
565 889 796 962 γνώμης
825 894 969 948 κατά
994 894 1364 968 δημιουργίαν
1412 897 1550 970 μηδὲ
1594 902 1740 953 κατά
1767 900 1900 972 πρό-

300 995 462 1033 νοιαν
497 984 778 1052 πράττων,
803 984 964 1057 δῆλον
994 988 1075 1041 ὅτι
1108 990 1228 1059 μετ’
1250 988 1578 1055 οίκειώσεως
1610 994 1703 1045 καὶ
1728 1010 1899 1063 προσ-

299 1068 524 1141 λήψεως
558 1074 668 1127 τῶν
716 1074 1103 1149 βουλευμάτων
1142 1082 1251 1135 τῶν
1306 1083 1399 1137 τοῦ
1438 1084 1571 1139 Υίοῦ
1615 1087 1794 1141 πάντα
1832 1088 1898 1143 ἂν

298 1161 405 1215 καὶ
453 1165 764 1235 προαγάγοι
795 1168 892 1223 καὶ
928 1171 1185 1242 προνοίας
1208 1173 1439 1247 ἀξιώσῃ.
1463 1169 1559 1241 Οἷς
1583 1176 1691 1248 γὰρ
1717 1179 1897 1250 ἀπαρ-

294 1253 577 1311 άλλακτον
613 1261 707 1314 καὶ
748 1262 930 1316 κοινὸν
979 1264 1039 1319 τὸ
1075 1265 1299 1337 ἀξίωμα
1340 1270 1436 1322 καὶ
1492 1270 1527 1340 ἠ
1571 1270 1735 1339 φύσις
1798 1270 1898 1325 καὶ

295 1346 549 1416 ἐξουσία,
593 1351 809 1419 τούτοις
852 1354 1097 1428 δηλονότι
1149 1358 1245 1412 καὶ
1293 1358 1356 1412 τὸ
1395 1359 1752 1433 δημιουργεῖν
1799 1363 1897 1417 κα)⁸

296 1442 596 1512 προάγειν,
629 1446 926 1519 ἀμέριστόν
954 1468 1013 1503 τε
1053 1451 1150 1504 καὶ
1184 1451 1531 1516 ἀδιάστατον,
1558 1455 1655 1508 καὶ
1678 1456 1895 1525 παραλ-

296 1527 483 1603 λαγὴν
510 1534 612 1605 τῆς
633 1536 861 1610 γνώμης
893 1539 955 1593 οὐ
983 1542 1149 1613 φέρον
1176 1543 1453 1615 οὐδεμίαν.
1477 1546 1544 1599 Ὃ
1570 1548 1719 1619 καὶὴ
1749 1564 1895 1619 παρ-

294 1619 446 1677 οῦσα
471 1628 1028 1701 συνεπιμαρτύρηται
1046 1633 1207 1704 ῥῆσις
1225 1651 1239 1666 ⁸
1256 1634 1350 1688 ὲπί
1371 1653 1432 1689 τε
1458 1637 1568 1709 γάρ
1591 1640 1659 1710 τῇ
1688 1656 1897 1710 κοσμο-

294 1719 494 1791 γενείᾳ
519 1719 616 1775 τοῦ
645 1722 871 1790 παντὸς,
905 1725 1003 1779 καὶ
1045 1726 1140 1781 ἐπὶ
1176 1729 1242 1799 τῇ
1270 1728 1614 1784 ἀνακαινίσει
1655 1731 1751 1785 καὶ
1781 1748 1889 1787 σω-

290 1811 471 1882 τηρίᾳ
511 1812 609 1866 τοῦ
642 1817 1155 1888 παρολισθήσαντος
1188 1820 1349 1892 ἡμῶν
1380 1823 1573 1891 γένους
1597 1824 1692 1877 καὶ
1722 1842 1895 1879 κατα·

295 1903 563 1969 πεσόντος
591 1908 674 1971 εἰς
700 1909 1013 1981 συντριϐὴν,
1046 1911 1236 1984 κοινὴν
1278 1912 1376 1967 καὶ
1403 1914 1502 1987 τὴν
1527 1916 1892 1988 δημιουργίαν

291 1990 557 2051 εἶναικαὶ
582 2000 681 2071 τὴν
710 2001 970 2070 πρόνοιαν
996 2003 1215 2075 Πατρδς
1247 2006 1340 2059 καὶ
1370 2005 1504 2060 Υίοῦ
1538 2008 1849 2063 ἐκδιδάσκει
1870 2027 1886 2041 ·

286 2084 325 2153 ἥ
358 2101 419 2138 τε
452 2087 563 2159 γάρ
590 2089 700 2144 τῶν
732 2090 870 2145 ὅλων
906 2094 969 2147 ἐκ
1004 2094 1081 2166 μὴ
1109 2096 1280 2151 ὄντων
1307 2098 1555 2168 πρόοδος,
1589 2101 1684 2154 καὶ
1712 2102 1744 2171 ἠ
1787 2105 1889 2173 τῆς

286 2176 575 2249 ἡμετέρας
608 2178 828 2250 φύσεως
859 2184 941 2248 εἰς
973 2184 1034 2237 τὸ
1068 2187 1254 2259 χεῖρον
1281 2189 1664 2261 ἀπονευσάσης
1690 2191 1783 2246 ἐπὶ
1822 2193 1883 2246 τὸ

287 2266 521 2337 ἄμεινον
553 2273 861 2343 ἀνάκτησις
882 2276 979 2329 καὶ
1005 2278 1334 2351 ἐπιστροφὴ,
1368 2280 1527 2351 δῆλον
1558 2283 1639 2337 ὅτι
1662 2284 1761 2355 τῆς
1787 2284 1882 2339 τοῦ

287 2357 509 2428 Πατρὸς
543 2361 640 2413 καὶ
667 2361 763 2415 τοῦ
794 2364 929 2418 Υίοῦ
958 2368 1055 2421 καὶ
1087 2368 1407 2438 Πνεῦματός
1454 2372 1571 2424 ἐστι
1615 2371 1882 2445 δημιουρ-

294 2448 416 2517 γίας
449 2451 544 2505 καὶ
578 2454 875 2524 προνοίας*
902 2456 1020 2511 ἀλλ’
1051 2461 1084 2531 ή
1136 2461 1235 2531 μὲν
1275 2462 1341 2516 ὲκ
1368 2462 1464 2516 τοῦ
1493 2464 1880 2521 συστέλλεσθαι

285 2540 386 2593 καὶ
420 2545 766 2613 μηκύνεσθαι
798 2551 1011 2622 γραφὴ,
1057 2551 1136 2615 ὼς
1176 2553 1271 2607 ἐπὶ
1316 2555 1765 2628 παραδείγματος
1802 2560 1880 2612 εί-

285 2632 438 2697 πεῖν,
465 2633 567 2705 τὴν
593 2637 830 2709 ἀπορίαν
859 2641 1035 2706 οὕτως
1062 2643 1436 2710 διασκεδάζει.
1473 2646 1753 2713 Ὡσαύτως
1782 2652 1879 2705 καὶ

282 2720 349 2774 τὸ
378 2722 723 2795 ἐγέννησεν
756 2731 1051 2801 ἀφαίρεσιν
1108 2736 1212 2807 μὲν
1259 2738 1319 2805 ἐξ
1376 2739 1671 2811 ἐπιϐουλῆς
1724 2741 1757 2812 ἢ
1820 2742 1880 2810 ὲξ

281 2814 516 2881 ἀγνοίας
562 2820 659 2874 τοῦ
704 2822 825 2886 ἑνὸς
863 2842 894 2879 ν
929 2828 1234 2895 πεπονθὸς,
1284 2833 1605 2901 κτισμάτων
1641 2831 1881 2905 ὓπαρξιν

280 2906 576 2979 ἐπεισάγει
597 2927 611 2941 ·
642 2913 808 2970 λαϐὸν
837 2917 894 2970 δὲ
928 2919 989 2972 τὸ
1018 2921 1340 2991 ἀφαιρεθὲν,
1375 2924 1517 2996 πρὸς
1547 2924 1609 2978 τὸ
1634 2927 1879 2996 ὁμοφυές

288 3015 349 3051 τε
405 3004 501 3055 καὶ
546 3006 837 3071 ὁμοούσιον
882 3012 1241 3068 κατευθύνειο
1282 3017 1375 3070 καὶ
1422 3016 1594 3074 πολλά
1638 3018 1696 3072 δὲ
1742 3018 1876 3074 ἄλλα

2003 535 2115 606 git;
2155 537 2302 607 quod
2342 536 2523 605 absit;
2569 536 2665 593 sed
2710 537 3173 594 necessitudinem
3204 539 3392 610 potius
3420 549 3474 595 et
3498 556 3590 595 so-

2002 627 2255 683 cietatem
2311 628 2873 698 communionemque
2924 628 3092 683 unitae
3129 639 3343 684 natura:
3398 629 3589 685 Patris

2001 716 2238 787 Filiique
2268 717 2551 774 describit.
2584 716 2689 784 Qui
2710 719 2859 772 enim
2889 718 3149 774 distincte
3174 719 3338 773 simul
3371 720 3590 775 exsistit

2000 825 2123 864 cum
2155 811 2336 881 genito
2364 812 2600 880 genitor,
2626 810 2874 881 nihilque
2896 817 3205 878 separatum
3229 818 3325 863 aut
3348 810 3586 867 divisum

2001 903 2071 957 ab
2105 903 2225 973 ejus
2255 904 2539 958 voluntate
2577 919 2643 959 ac
2685 916 2867 958 mente
2896 904 2950 957 in
2979 904 3279 958 creationis
3308 918 3375 959 ac
3405 907 3589 974 provi-

1999 994 2198 1050 dentiae
2240 1010 2403 1065 opere
2449 994 2601 1061 facit,
2652 996 2799 1050 hunc
2844 1004 2991 1065 patet
3033 994 3150 1050 fore
3206 1005 3264 1050 ut
3329 1012 3437 1051 non
3470 995 3589 1052 sine

1998 1087 2297 1157 conjuncto
2325 1088 2588 1159 socioque
2605 1088 2727 1143 Filii
2746 1088 2979 1143 consilio
3008 1090 3195 1143 omnia
3227 1090 3499 1159 producat
3524 1104 3588 1143 ac

1998 1179 2343 1250 providentia
2389 1180 2665 1250 dignetur.
2720 1179 2934 1247 Quibus
2985 1182 3132 1236 enim
3187 1181 3388 1237 similis
3444 1183 3588 1237 inest

1999 1272 2428 1341 communisque
2474 1271 2732 1342 dignitas,
2764 1282 2959 1327 natura
2986 1282 3041 1327 et
3078 1282 3343 1342 potestas,
3378 1274 3464 1329 his
3497 1274 3587 1328 ni-

1999 1364 2200 1419 mirum
2238 1377 2429 1417 creare
2481 1363 2645 1417 etiam
2690 1366 2758 1417 ‘ct
2803 1363 3043 1418 condere
3076 1362 3445 1433 inseparabile
3480 1365 3588 1418 erit

1998 1462 2165 1524 atque
2199 1451 2603 1515 indistinctum,
2662 1467 2838 1522 neque
2882 1453 2995 1507 ulla
3043 1453 3260 1508 consilii
3310 1453 3587 1509 dissensio

1997 1545 2211 1601 accidet
2245 1562 2261 1600 :
2303 1542 2356 1597 id
2393 1544 2539 1614 quod
2584 1558 2828 1613 praesens
2876 1544 3043 1599 etiam
3086 1553 3321 1599 testatur
3354 1544 3581 1600 locutio.

1996 1638 2131 1693 Nam
2162 1639 2278 1693 sive
2300 1637 2355 1690 in
2390 1635 2633 1691 universi
2665 1636 2969 1699 creatione,
3005 1636 3121 1691 sive
3144 1636 3204 1691 in
3234 1638 3376 1707 lapsi
3405 1636 3582 1694 nostri

2001 1731 2218 1803 generis
2248 1739 2413 1800 atque
2440 1729 2495 1783 in
2527 1728 2822 1799 perniciem
2867 1727 3082 1783 decidui
3122 1728 3481 1784 renovatione
3518 1745 3584 1784 ac

1999 1820 2394 1891 redemptione,
2423 1834 2769 1875 communem
2812 1833 2933 1874 esse
2961 1819 3121 1873 docet
3148 1818 3297 1874 Patri
3332 1818 3583 1891 Filioque

1998 1916 2336 1970 creationem
2385 1926 2451 1966 ac
2494 1910 2922 1981 providentiam.
2963 1909 3100 1965 Nam
3143 1918 3200 1964 et
3241 1911 3485 1966 universi
3514 1927 3580 1966 ex

1995 2004 2171 2060 nihilo
2209 2003 2413 2067 exitus,
2443 2012 2498 2056 et
2539 2009 2749 2057 naturae
2799 2009 3002 2055 nostra:
3057 2000 3319 2055 deorsum
3378 2016 3475 2071 per
3523 2016 3583 2056 se

1996 2097 2209 2153 ruentis
2247 2095 2570 2150 instauratio
2600 2110 2664 2148 ac
2694 2093 2986 2163 reparatio,
3024 2092 3075 2147 id
3105 2108 3292 2159 omne,
3329 2093 3578 2162 inquam,

1993 2206 2022 2244 a
2053 2188 2231 2244 Patris
2262 2197 2317 2243 et
2344 2185 2465 2241 Filii
2500 2195 2556 2241 et
2581 2185 2817 2255 Spiritus
2847 2183 3125 2239 creatione
3152 2183 3421 2253 procedit.
3437 2178 3577 2237 Tum

1992 2294 2122 2334 vero
2150 2278 2334 2332 brevis
2369 2285 2464 2331 aut
2501 2276 2663 2345 longa
2701 2276 2993 2342 scripturae
3034 2276 3310 2346 praedicta:
3352 2276 3577 2347 positio,

1989 2382 2051 2427 ut
2084 2369 2137 2425 id
2172 2369 2405 2440 exempli
2458 2368 2631 2424 instar
2683 2368 2774 2431 sit,
2811 2368 3224 2437 ambiguitatem
3272 2368 3379 2424 hoc
3412 2368 3579 2423 modo

1989 2464 2245 2533 dissipat.
2276 2462 2541 2517 Similiter
2574 2460 2798 2515 verbum
2848 2462 3163 2528 ἐγέννησεν,
3203 2461 3248 2516 si
3292 2462 3460 2516 unius
3491 2464 3578 2516 lit-

1988 2564 2119 2612 tera:
2170 2573 2199 2609 ν
2254 2554 2474 2610 inscitia
2529 2553 2615 2608 vel
2669 2562 2794 2606 asm
2847 2553 3241 2608 detrimentum
3308 2552 3574 2623 patiatur,

1984 2657 2225 2704 creatam
2253 2655 2506 2701 naturam
2525 2646 2745 2702 asserit.
2773 2644 3161 2700 Verumtamen
3185 2645 3230 2700 si
3253 2660 3372 2714 quae
3397 2644 3576 2699 ablata

1981 2743 2162 2799 fuerat
2191 2742 2370 2796 littera
2404 2748 2739 2804 resumatur,
2782 2741 2937 2794 unita
2969 2749 3024 2794 et
3070 2738 3577 2794 consubstantialis

1982 2846 2179 2891 natura
2217 2840 2529 2887 revocatur.
2560 2832 2726 2887 Multa
2768 2833 2875 2885 alia
2906 2832 3022 2887 sive
3054 2832 3109 2886 in
3152 2830 3402 2902 profanis
3432 2832 3575 2887 scri-

1981 2928 2091 2997 ptis
2137 2927 2253 2981 sive
2287 2925 2342 2979 in
2382 2925 2557 2980 sacris
2607 2924 2813 2979 nostris
2870 2924 3111 2977 oraculis
3162 2922 3578 2993 deprehendere

1980 3020 2129 3082 licet,
2164 3030 2287 3086 quae
2317 3014 2422 3069 sub
2450 3013 2698 3068 eamdem
2736 3012 3241 3067 considerationem
3272 3012 3500 3065 cadunt.

292 3093 441 3149 κατά
479 3113 541 3149 τε
582 3098 708 3161 τοὺς
760 3099 867 3165 ἔξω
914 3102 1108 3171 λόγους
1153 3104 1256 3160 κάν
1300 3109 1415 3172 τοῖς
1461 3108 1627 3182 ἱεροῖς
1669 3109 1726 3163 δὲ
1776 3111 1872 3167 καὶ
1902 3108 2193 3184 ἡμετέροις
2210 3106 2481 3177 χρησμοῖς
2507 3102 2786 3174 φωράσειέ
2839 3120 2926 3166 τις
2979 3103 3059 3166 είς
3119 3101 3218 3173 τὴν
3247 3102 3417 3174 αὐτὴν
3439 3104 3576 3158 ἀνα-

282 3204 347 3257 φε
357 3188 565 3259 ρόμενα
595 3189 806 3259 σκέψιν.

353 3282 426 3335 λ’.
472 3282 548 3335 Οὐ
583 3282 745 3353 μόνον
794 3283 853 3337 δὲ
899 3284 1234 3358 γράμματος
1276 3288 1397 3354 ἐνὸς
1444 3290 1746 3362 πρόσθεσις
1781 3292 1879 3346 καὶ

2053 3285 2146 3342 '50.
2179 3282 2368 3353 Neque
2422 3297 2553 3337 vero
2600 3281 2769 3336 unius
2818 3280 3202 3336 tantummodo
3253 3280 3445 3337 litterae
3476 3286 3578 3338 ad'

281 3373 586 3444 ἀφαίρεσις
630 3374 777 3430 οὕτω
826 3377 1041 3433 πολλῶν
1090 3382 1440 3453 πραγμάτων
1491 3387 1881 3457 καταστροφὴν

282 3470 382 3520 καί¹
416 3466 709 3523 ἀλλοίωσιν
755 3471 1162 3542 ἀπεργάζεται,
1211 3474 1348 3530 ἀλλὰ
1395 3477 1491 3531 καί⁵
1536 3478 1692 3532 τόνου
1736 3477 1880 3551 χρῆ-

283 3575 373 3623 σις
399 3557 517 3629 (22)
542 3560 642 3613 οῦκ
679 3559 935 3632 εῦκαιρος
954 3604 969 3629 ,
1004 3564 1066 3617 τό
1098 3583 1157 3619 τε
1188 3566 1342 3638 ῥῆμα
1368 3568 1487 3621 ἀνθ’
1521 3570 1735 3640 ἐτέρου,
1756 3569 1879 3624 καί-

280 3664 368 3701 τοι
416 3647 520 3718 τῆς
569 3651 791 3722 γραφῆς
832 3652 1196 3707 ἀναλλοιώτου
1250 3655 1520 3728 μενούσης
1562 3658 1881 3731 παρέδειξεν

282 3741 499 3812 ἕτερον,
528 3743 623 3796 καὶ
647 3744 730 3807 είς
759 3744 943 3815 νόημα
975 3746 1265 3810 παντελῶς
1294 3747 1729 3820 ἀλλοτριώτατον
1786 3751 1878 3804 τὸν

281 3832 416 3887 νοῦν
445 3836 821 3906 ὲκτοπήσασα,
848 3837 882 3907 ἢ
913 3839 1149 3910 δυσσεϐῆ
1179 3838 1338 3904 δόξαν
1370 3839 1404 3910 ἦ
1435 3840 1744 3912 γελώμενον
1777 3841 1880 3912 λῆ-

284 3944 383 3997 ρον
421 3930 703 3997 συνήγαγε
724 3945 739 3959 ο
796 3929 851 3983 τί
880 3928 938 3983 δὲ
967 3929 1113 3998 λέγω
1142 3931 1478 4000 γράμματα;
1512 3932 1648 3986 ὅπου
1682 3950 1745 4002 γε
1784 3934 1879 3987 καὶ

282 4021 423 4073 αὐτὸ
448 4020 511 4074 τὸ
536 4023 757 4075 πάντων
787 4022 1127 4095 βραχύτατον
1156 4026 1189 4094 ἡ
1224 4024 1429 4096 στιγμὴ
1460 4027 1877 4096 κακουργούμε-

281 4123 377 4159 νον
409 4107 443 4177 ἢ
472 4108 890 4180 παρορώμενον,
926 4112 1022 4166 καὶ
1062 4113 1161 4182 τῆς
1208 4113 1417 4177 οἰκείας
1454 4114 1878 4186 μετατιθέμενον

281 4196 519 4267 λήξεως,
551 4200 908 4266 παντοδαπάς
957 4202 1058 4271 μὲν
1088 4204 1182 4257 καὶ
1208 4204 1459 4275 ,μεγάλας
1490 4205 1733 4276 αἱρέσεις
1772 4209 1879 4261 ἀπ-

282 4291 477 4343 έτεκεν
500 4306 513 4321 °
543 4292 796 4363 ἀφρόνων
845 4293 901 4346 δὲ
930 4294 1101 4347 πολὺν
1131 4296 1326 4367 χρόνον
1361 4296 1712 4368 κατενεμήθη
1743 4315 1877 4368 φροο

283 4384 529 4455 νήματα,
575 4384 673 4438 καὶ
710 4387 827 4449 τοῖς
852 4386 1171 4441 εὐσεϐοῦσιν
1214 4387 1357 4441 ὥστε
1399 4387 1772 4460 θριαμϐεῦσαι
1808 4391 1876 4445 τά

283 4476 387 4547 τῆς
414 4476 739 4541 δυσσεϐείας
762 4478 1032 4549 δόγματα,
1074 4482 1264 4553 μακρά
1296 4480 1541 4553 παρέσχε
1576 4481 1647 4535 τά
1674 4482 1876 4551 ἀγωνί-

285 4586 498 4638 σματα.
529 4570 763 4635 Αὐτίκα,
800 4571 888 4625 ἴνα
910 4572 980 4626 τὰ
1006 4573 1144 4627 ἄλλα
1188 4573 1372 4644 παρῶ,
1401 4575 1430 4627 6
1461 4575 1757 4644 μετάρσιος
1783 4574 1878 4629 άν-

1983 3378 2159 3451 jcctio
2194 3376 2279 3430 vel
2316 3373 2628 3438 subductio,
2661 3380 2742 3426 tot
2779 3387 2965 3427 rerum
3007 3371 3420 3427 subversionem
3453 3390 3578 3427 mn-

1987 3470 2363 3537 tationemque
2408 3466 2560 3529 facit,
2605 3480 2796 3519 verum
2851 3464 3017 3519 etiam
3066 3472 3399 3519 accentuum
3442 3480 3578 3520 usus

1989 3560 2407 3630 intempestivus
2438 3557 2568 3612 facit
2599 3567 2656 3612 ut
2689 3555 2836 3610 aliud
2864 3570 2965 3625 pro
2993 3555 3102 3610 alio
3128 3556 3455 3610 vocabulum
3480 3557 3573 3622 sit,

1987 3669 2303 3726 quanquam
2340 3654 2565 3707 immota
2599 3652 2868 3720 scriptura
2918 3660 3165 3716 maneat;
3211 3659 3323 3704 tum
3354 3650 3422 3704 ad
3453 3666 3577 3705 seu.-

1991 3746 2218 3801 lenliam
2244 3744 2407 3814 plane
2443 3742 2716 3798 diversam
2772 3749 2953 3795 mente
2990 3741 3286 3807 abstracta,
3339 3748 3435 3794 aut
3468 3740 3576 3793 im-

1987 3840 2139 3909 pium
2193 3852 2415 3893 sensum
2459 3843 2556 3890 aut
2604 3834 2867 3889 ridiculas
2909 3834 3145 3903 ineptias
3193 3834 3421 3889 invehit.
3467 3833 3574 3888 Sed

1986 3949 2087 3988 cur
2115 3931 2328 3986 litteras
2375 3929 2519 3994 dico,
2573 3926 3024 3997 quandoquidem
3057 3926 3426 3996 interpunctio
3458 3927 3574 3998 (qui

1985 4022 2348 4078 brevissimus
2379 4019 2630 4074 omnium
2676 4034 2813 4088 apex
2845 4018 2950 4086 est)
2984 4033 3149 4087 prava
3176 4018 3448 4072 interdum
3480 4026 3575 4071 aut

1986 4114 2253 4182 neglecta,
2272 4126 2445 4168 suove
2476 4112 2597 4166 loco
2627 4110 3217 4178 demota,multiplices
3237 4126 3572 4180 magnasque

1986 4206 2227 4261 haereses
2260 4202 2519 4274 peperit?
2552 4200 2859 4257 Stultorum
2906 4211 3088 4254 autem
3123 4200 3297 4254 multo
3328 4208 3572 4269 temp0re

1986 4313 2242 4353 mansere
2270 4297 2584 4368 opiniones,
2629 4295 2846 4365 piisque
2898 4293 3217 4349 hominibus
3266 4302 3324 4347 ut
3369 4294 3436 4346 de
3465 4294 3571 4346 im-

1984 4388 2206 4458 pietatis
2256 4387 2605 4458 dogmatibus
2661 4383 3111 4453 triumpharent,
3177 4382 3567 4438 diuturnorum

1984 4480 2350 4537 certaminum
2384 4493 2551 4533 causa
2582 4477 2826 4532 fuerunt.
2858 4474 3105 4545 Exempli
3146 4491 3333 4541 causa,
3368 4487 3428 4531 ut
3460 4491 3570 4531 ca?-

1985 4580 2100 4625 tera
2132 4569 2562 4640 praetermittam,
2595 4568 2679 4620 vir
2702 4566 2793 4620 ille
2824 4566 2879 4621 in
2927 4567 3128 4621 cwlum
3177 4567 3429 4621 mortalis
3472 4568 3570 4621 ad-

283 4660 508 4733 θρωπος
565 4664 661 4717 καὶ
722 4662 826 4733 τῆς
876 4666 1203 4738 οἰκουμένης
1255 4667 1575 4731 διδάσκαλος
1616 4669 1644 4721 6
1698 4669 1874 4738 μέγας

1989 4664 2087 4718 huc
2113 4663 2388 4724 sublatus,
2416 4672 2473 4714 et
2511 4659 2699 4713 mundi
2734 4660 2948 4725 doctor,
3003 4673 3233 4728 magnus
3264 4659 3566 4729 apostolus,

294 4756 628 4820 Ἀπόστολος
668 4757 727 4811 ἐν
753 4775 867 4810 τισι
914 4759 1026 4812 τῶν
1074 4757 1241 4813 αὐτοῦ
1275 4760 1620 4833 γραμμάτων
1650 4759 1876 4829 (Κορίν-

1976 4754 2031 4808 ἰη
2057 4753 2173 4809 suis
2202 4751 2529 4822 quibusdam
2556 4751 2756 4806 litteris
2788 4753 3009 4821 (nempe
3036 4751 3187 4821 in,ea
3218 4766 3341 4820 quae
3364 4751 3566 4820 scripta

282 4845 392 4898 θιοι
423 4844 484 4899 δὲ
516 4844 614 4917 τὴν
641 4847 936 4918 ἐπιστολὴν
964 4847 1343 4917 ὑποδέχονται)
1369 4844 1513 4901 οὕτω
1535 4845 1721 4917 φησίν⁶
1746 4865 1764 4898 ι
1789 4846 1879 4900 Ἐν

1989 4852 2058 4897 :st
2111 4842 2177 4896 ad
2235 4840 2554 4895 Corinthios
2604 4840 2860 4909 epistola)
2915 4839 2997 4894 sic
3046 4841 3165 4893 ait:
3211 4858 3229 4890 ι
3269 4839 3328 4892 In
3363 4839 3567 4909 quibus

279 4933 365 5002 οἷς
400 4941 431 4991 6
458 4938 593 5002 Θεὸς
619 4939 715 4993 τοῦ
747 4940 943 5003 αἰῶνος
981 4940 1172 4994 τούτου
1212 4940 1494 5009 ἐτύφλωσε
1523 4939 1595 4993 τὰ
1626 4939 1879 5009 νοήματα

277 5029 393 5084 τῶν
427 5030 703 5093 ἀπίστων,
734 5032 815 5094 εἰς
838 5031 900 5084 τὸ
935 5033 1010 5102 μὴ
1038 5033 1338 5101 ὲναυγάσαι
1361 5032 1543 5095 αὐτοῖς
1583 5033 1676 5086 τὸν
1712 5050 1879 5102 φωτι-

281 5121 423 5191 σμὸν
448 5119 545 5173 τοῦ
591 5122 929 5191 Εὐαγγελίου
961 5125 1063 5194 τῆς
1098 5123 1259 5193 δόξης
1285 5122 1378 5177 τοῦ
1416 5122 1676 5194 Χριστοῦ.
1707 5141 1725 5173 ι
1760 5123 1876 5175 ἀλλ’

278 5215 308 5266 6
341 5214 441 5284 μὲν
473 5212 636 5267 τοῦτο
664 5212 859 5281 εἰπὼν,
896 5214 1199 5283 θαυμάσιόν
1234 5233 1358 5269 τινα
1406 5215 1501 5269 καὶ
1543 5214 1656 5268 τῶν
1700 5215 1860 5284 οὐρα-

277 5304 413 5358 νίων
456 5304 843 5375 ἀπηχημάτων
883 5304 1108 5372 ἐπάξιον
1134 5304 1261 5360 νοῦν
1307 5308 1420 5370 τοῖς
1459 5306 1869 5377 τετελεσμένοις

353 5482 401 5516 ⁸³
434 5483 477 5538 ll
499 5483 628 5541 Cor.
664 5500 740 5552 tv,
768 5482 823 5539 4.

1975 4936 2123 4993 Deus
2154 4936 2322 5005 hujus
2351 4936 2539 4991 saeculi
2570 4935 2867 4991 excaecavit
2917 4934 3281 5004 cogitationes
3310 4934 3565 4989 incredu—

1974 5028 2177 5093 lorum,
2208 5026 2503 5097 quominus
2548 5026 2638 5081 his
2677 5025 3021 5100 illucesceret
3054 5025 3241 5079 lumen
3284 5022 3561 5093 Evangelii

1976 5119 2161 5191 gloriae
2190 5118 2397 5176 Christi
2434 5120 2501 5174 “.
2549 5139 2569 5172 ι
2614 5117 2882 5189 Equidem
2930 5119 3023 5188 qui
3059 5118 3131 5173 ita
3182 5118 3403 5173 locutus
3457 5128 3561 5184 est,

1984 5212 2272 5266 mirificam
2316 5214 2611 5281 quamdam
2675 5211 3010 5277 vocibusque
3054 5209 3109 5263 in
3161 5209 3304 5265 caelo
3360 5207 3565 5263 auditis

1985 5304 2208 5377 dignam
2238 5306 2566 5362 sententiam
2593 5304 2878 5377 discipulis
2907 5303 3189 5377 sapientia:
3221 5319 3337 5361 suae
3368 5304 3565 5373 imper-

1810 5626 2046 5685 NOTrﬁ.

356 5740 471 5813 (Ἡ)
506 5742 615 5798 lles
640 5745 925 5805 notissima
976 5747 1399 5820 lexicograpliis,
1438 5763 1577 5819 quos
1607 5747 1749 5804 inter
1784 5746 1872 5803 adi
1912 5762 2008 5805 seu
2040 5745 2305 5818 Cyrillum
2337 5764 2433 5804 seu
2465 5746 2847 5816 Pniloponuin.
