3976 6222
398 278 465 340 87
1554 278 1821 340 PHOTII
1846 280 1984 338 I’AT

2088 277 2354 337 ARCHEE
2391 276 2500 335 ΟΡ.
3605 271 3676 335 83

409 397 542 448 titus
575 401 679 446 Gri.
709 392 779 446 At
823 392 969 448 enim
1025 390 1255 447 Manetis
1308 393 1714 465 Marcionisque
1770 396 1984 451 scelesti

2092 393 2190 464 τὴν
2218 392 2433 447 ἐκείνου
2467 388 2662 460 σοφίαν
2690 388 3063 459 μυσταγωγεῖ.
3096 388 3160 441 Oi
3189 386 3233 440 δ’
3264 385 3373 440 ἀπὸ
3394 386 3673 450 Μάνεντος

397 482 622 538 asseclae
643 482 975 538 locutionem
996 483 1141 538 hanc
1162 484 1229 538 ad
1261 500 1484 539 sensum
1513 500 1677 541 suum
1709 486 1985 557 captivam

397 573 807 643 quodammodo
843 576 1171 645 pertrahunt
1203 594 1217 630 :
1265 577 1360 645 qui
1396 578 1649 632 videlicet
1677 577 1808 632 dum
1846 578 1989 631 inter

406 666 542 720 Deus
573 677 627 720 et
674 667 833 735 hujus
863 669 1049 723 saeculi
1085 670 1588 739 interpunctionem
1626 670 1743 725 lieri
1775 684 1882 724 non
1913 670 1988 724 si-

401 767 563 822 nunt,
596 775 660 813 eo
696 760 921 815 sceleris
960 761 1235 830 progressi
1273 771 1422 826 sunt,
1446 772 1505 817 ut
1536 776 1644 815 non
1681 762 1858 817 solum
1884 762 1985 826 ipsi

404 850 698 917 gravisime
729 851 1047 921 religionem
1081 853 1361 917 laederent,
1404 869 1589 909 rerum
1617 854 1782 908 etiam
1814 854 1988 908 sacris

402 938 625 995 Litteris
659 957 881 996 causam
915 943 1235 1013 allingerent
1273 946 1596 1001 adversandi
1632 945 1740 1001 Deo
1774 964 1789 999 :
1825 948 1896 1000 ita
1932 959 1988 1002 ut

404 1032 544 1085 alter
588 1033 660 1087 sit
710 1031 874 1097 Deus,
907 1035 997 1103 qui
1054 1035 1417 1090 invisibilium
1464 1052 1647 1091 rerum
1674 1053 1740 1092 ac
1768 1038 1988 1108 spirita-

406 1125 538 1178 lium
576 1126 915 1181 dominatum
959 1131 1257 1185 creationis
1291 1146 1459 1185 causa
1511 1140 1688 1195 tenet;
1721 1133 1857 1187 alter
1886 1150 1987 1188 au-

407 1224 514 1270 tem
546 1218 614 1271 ab
650 1219 783 1287 ipsis
810 1221 1134 1289 praedicetur
1178 1222 1318 1276 Deus
1346 1226 1630 1292 prmsentis
1691 1227 1899 1290 sazculi,
1934 1236 1989 1281 et

402 1323 592 1362 earum
627 1326 831 1375 rerum,
868 1328 988 1381 quae
1021 1314 1147 1368 huic
1175 1314 1453 1369 coluerunt
1487 1315 1808 1388 similesque
1833 1330 1984 1383 sunt,

402 1412 640 1455 creator.
666 1403 772 1457 Sed
801 1404 948 1458 enim
982 1404 1175 1459 insana
1205 1406 1355 1460 circa
1381 1405 1589 1462 dictum
1636 1409 1739 1463 hoc
1767 1410 1988 1463 cavilla-

404 1494 499 1557 tio,
527 1495 655 1548 alibi
680 1510 898 1564 quoque
926 1500 991 1552 et
1014 1511 1394 1565 smpenumero
1421 1499 1593 1555 futilis
1614 1499 1983 1555 demonstrata

401 1583 547 1638 fuit:
592 1587 861 1655 pra-cipue
908 1604 1039 1641 vero
1085 1587 1468 1653 convincitur,
1515 1590 1644 1660 quia
1696 1606 1805 1645 non
1855 1592 1986 1646 sinit

399 1676 897 1747 inter-punctionem
932 1682 1168 1736 statione
1197 1697 1294 1734 sua
1321 1682 1626 1750 quiescere.
1661 1684 1798 1738 Tum
1830 1685 1986 1740 deni-

398 1783 504 1837 que
537 1773 666 1837 quia
703 1787 945 1839 pnesens
974 1773 1235 1826 szeculum
1273 1775 1433 1828 modo
1469 1776 1687 1844 quidem
1718 1778 1984 1847 temporis

399 1861 664 1928 Spatium,
718 1863 881 1917 modo
924 1879 1052 1917 vero
1103 1865 1268 1918 etiam
1314 1863 1615 1930 ﬂagitiosos
1664 1877 1841 1930 actus,
1888 1868 1983 1938 qui

396 1966 494 2018 per
527 1952 668 2007 hanc
694 1955 858 2009 vitam
892 1955 1205 2025 germinare
1231 1956 1431 2023 solent,
1476 1957 1769 2026 signiﬁcat.
1803 1962 1986 2025 Quare

396 2042 442 2096 si
480 2044 607 2111 quis
633 2045 798 2098 etiam
833 2045 974 2100 illam
1007 2047 1151 2102 circa
1184 2048 1678 2119 interpunctioncm
1715 2053 1981 2106 malitiam

398 2136 677 2203 impunem
756 2152 881 2193 esse
945 2139 1121 2204 sinat,
1177 2140 1535 2197 nihilominus
1598 2145 1983 2200 luereticorum

396 2226 721 2279 sententiam
748 2228 993 2284 funditus
1016 2231 1265 2299 perimet.
1284 2230 1549 2287 Malorum
1577 2234 1722 2288 enim
1756 2251 1983 2305 operum

397 2326 560 2386 atque
598 2328 821 2373 actuum
854 2336 980 2376 cum
1014 2332 1169 2375 sator
1198 2332 1252 2377 et
1279 2325 1539 2379 incitator
1577 2325 1833 2382 diabolus
1861 2328 1933 2383 sit
1965 2346 1980 2397 ;

397 2404 542 2461 hunc
564 2409 609 2462 si
639 2408 781 2463 forte
814 2412 1003 2466 talium
1037 2428 1220 2467 rerum
1266 2414 1559 2471 dominum
1603 2429 1657 2472 et
1701 2428 1982 2475 auctorem

395 2505 450 2550 et
473 2498 635 2553 deum
665 2502 830 2557 etiam
854 2500 1127 2572 dicamus,
1176 2508 1357 2563 verbis
1400 2509 1616 2565 inﬂexis
1646 2514 1885 2567 maxime
1914 2514 1982 2571 ad

395 2606 586 2645 eorum
623 2594 937 2663 Opinionem
983 2599 1076 2667 qui
1114 2599 1260 2654 illius
1301 2602 1526 2655 malitiae
1556 2604 1981 2674 morigeranlur,

396 2685 604 2740 nullum
649 2687 779 2742 hinc
828 2694 1131 2759 apostatica
1176 2694 1501 2763 improbitas
1540 2697 1754 2751 lucrum
1795 2697 1981 2756 faciet.

395 2776 533 2832 Nam
566 2789 621 2835 et
648 2782 893 2851 gentium
923 2784 1091 2848 idola,
1127 2802 1287 2843 casso
1319 2804 1452 2843 sane
1499 2790 1743 2857 nomine,
1781 2794 1872 2848 sed
1904 2802 1983 2848 ta-

396 2887 521 2924 men
561 2871 887 2928 dicebantur
925 2876 1023 2929 dii.
1070 2876 1136 2930 Et
1178 2877 1433 2935 diabolus
1463 2882 1682 2949 quidem
1719 2894 1983 2938 creaturae

392 2957 629 3027 alicujus
662 2962 742 3014 vel
772 2978 956 3017 rerum
994 2964 1207 3021 ﬁrmam
1248 2977 1568 3041 certamque
1615 2972 1980 3028 substantiam

395 3052 709 3107 habentium
744 3071 1027 3125 nunquam
1078 3059 1217 3115 deus
1264 3062 1477 3118 dicetur
1511 3065 1595 3118 vel
1641 3066 1984 3121 existimabi-
2011 3086 2055 3144 ρ

395 3151 486 3195 tur
522 3161 534 3197 :
570 3148 863 3216 rmteroqui
894 3148 958 3202 ad
994 3164 1193 3218 pravos
1230 3152 1461 3208 allectus
1506 3156 1654 3225 quod
1707 3157 1903 3211 attinet
1931 3166 1985 3211 et

397 3244 709 3302 peccatum,
740 3238 940 3307 quibus
971 3240 1088 3309 ipse
1131 3250 1186 3295 et
1230 3245 1433 3313 gaudet
1469 3254 1633 3316 atque
1666 3247 1899 3311 lietatur,
1933 3257 1988 3303 et

396 3327 535 3380 alios
566 3326 948 3386 fraudulenter
978 3332 1185 3389 illicere
1213 3351 1495 3406 nunquam
1532 3339 1731 3395 desinit
1756 3356 1772 3406 ;
1802 3340 1984 3410 quoad

394 3418 618 3485 quidem
670 3421 747 3475 ita
793 3437 853 3477 se
891 3436 1079 3492 geret,
1146 3442 1309 3484 nemo
1355 3444 1481 3485 eum
1528 3432 1836 3501 pernicioso
1881 3433 1987 3489 hoc

399 3510 719 3584 infelicique
761 3516 1048 3572 dominatu
1110 3528 1276 3590 atque
1335 3523 1568 3593 imperio
1633 3526 1841 3594 pollere
1890 3544 1987 3582 ne-

395 3605 566 3673 gabit.

466 3698 558 3753 3L
596 3698 663 3753 Et
692 3716 907 3758 sacrum
940 3707 1161 3775 quidem
1209 3708 1359 3764 Pauli
1397 3711 1602 3766 dictum
1648 3714 1816 3783 probe
1835 3716 1985 3781 novi,

396 3806 508 3845 non
560 3796 814 3862 praelicta
855 3798 1033 3854 solum
1073 3801 1560 3871 demonstratione,
1612 3816 1984 3876 apostatarum

398 3898 623 3939 sensum
660 3889 835 3944 vitare
864 3908 878 3955 ;
916 3907 1105 3946 verum
1137 3896 1303 3949 etiam
1334 3899 1539 3955 omissa
1588 3898 1991 3969 interpunctio-

399 3978 485 4031 nis
510 3980 806 4047 mentione,
840 3984 1203 4041 nihilominus
1267 4003 1429 4057 posse
1466 3991 1828 4047 temeritatem
1878 3995 1991 4048 illo-

397 4085 517 4124 rum
557 4072 801 4145 infringi.
835 4076 970 4131 Nam
1001 4080 1162 4135 sicuti
1206 4097 1370 4137 verus
1431 4083 1572 4139 Deus
1636 4097 1825 4141 noster
1872 4088 1991 4142 uni-

394 4166 541 4222 versi
596 4181 833 4234 creator,
906 4173 1050 4230 Deus
1108 4176 1229 4231 caali
1274 4187 1562 4248 terraeque,
1625 4181 1987 4237 nihilominus

392 4258 598 4314 dicitur
622 4262 785 4317 etiam
819 4265 961 4319 Deus
977 4267 1274 4322 Abrahami
1304 4279 1358 4323 et
1382 4269 1552 4326 lsaaci
1577 4282 1743 4342 atque
1772 4272 1985 4341 Jacobi,
2054 4268 2059 4273 ’

395 4361 451 4403 et
477 4351 617 4407 Deus
645 4358 1062 4421 consolationis,
1096 4369 1151 4415 et
1179 4360 1320 4416 Deus
1348 4363 1539 4430 pacis;
1588 4364 1767 4435 neque
1798 4375 1981 4421 tamen

2091 485 2185 541 καὶ
2233 484 2563 557 Μαρκίωνος
2614 482 2899 544 δυσσεϐεῖς
2932 481 3283 551 ἁρπάσαντες
3322 480 3422 550 τὴν
3463 479 3670 549 φωνὴν,

2072 580 2187 633 καὶ
2230 578 2369 648 πρὸς
2413 577 2511 647 τὴν
2562 576 2699 630 ἰδίαν
2750 574 3261 645 αἰχμαλωτίσαντες
3303 573 3504 644 ὁρμὴν,
3555 568 3676 625 εἶτα

2094 672 2299 743 μεταξὺ
2333 670 2426 724 τοῦ
2457 670 2604 736 Θεὸς
2631 670 2726 724 καί¹
2761 670 2867 723 τοῦ
2906 667 3124 733 αἰῶνος
3157 669 3375 721 τούτου
3421 665 3483 719 οὐ
3533 681 3679 734 παρ-

2092 763 2245 824 έντες
2300 759 2513 814 κεῖσθαι
2569 758 2669 829 τὴν
2730 759 2988 828 στιγμὴν,
3040 758 3120 821 εἰς
3180 755 3456 826 τοσαύτην
3510 750 3676 825 ἦλθον

2088 853 2409 915 δυσσεϐείας
2443 851 2772 922 ὑπερϐολὴν,
2798 851 2872 913 ῶς
2901 850 2975 920 μὴ
3015 849 3175 919 μόνον
3206 847 3276 901 τὰ
3309 847 3515 918 ἔσχατα
3541 847 3670 900 δυσ-

2091 945 2291 1010 σεϐεῖν,
2322 942 2458 999 ἀλλὰ
2502 943 2597 996 καὶ
2642 944 2763 1005 ταῖς
2812 943 2986 1011 ἱεραῖς
3018 942 3228 1006 φωναῖς
3271 939 3536 993 ἀνάπτειν
3574 936 3676 1002 τὴν

2088 1038 2268 1092 αἰτίαν
2294 1036 2389 1089 τοῦ
2414 1035 2705 1105 θεομαχεῖν
2732 1050 2747 1065 ·
2789 1034 2885 1086 καὶ
2910 1032 3100 1101 ἕτερον
3127 1031 3226 1103 μὲν
3252 1026 3395 1084 εἶναι
3430 1028 3675 1094 δοξάζειν

2087 1130 2220 1183 Θεὸν
2253 1129 2312 1191 ὃς
2342 1128 2450 1182 τῶν
2477 1127 2725 1197 ἀοράτων
2748 1143 2807 1178 τε
2833 1125 2926 1177 καὶ
2955 1123 3164 1193 νοητῶν
3191 1123 3295 1192 τῆς
3317 1122 3677 1193 δημιουργίας

2088 1223 2204 1293 ἔχει
2229 1222 2327 1293 τὴν
2358 1221 2566 1291 ἀρχὴν,
2593 1220 2781 1292 ἕτερον
2812 1219 2867 1272 δὲ
2901 1218 2991 1271 τὸν
3020 1217 3115 1271 τοῦ
3144 1218 3415 1289 παρόντος
3451 1216 3671 1280 αἰῶνος,

2088 1314 2183 1367 καὶ
2210 1313 2310 1367 ὅσα
2342 1311 2601 1379 σύστοιχα
2629 1309 2945 1375 τούτουκαὶ
2975 1308 3246 1378 ὁμοταγῆ,
3274 1305 3679 1377 ἀνακηρύττειν

2086 1402 2450 1473 Δημιουργόν.
2477 1400 2625 1455 Ἀλλ’
2654 1402 2687 1471 ἡ
2717 1400 2819 1471 μὲν
2851 1400 2978 1471 περὶ
3010 1399 3071 1451 τὸ
3100 1399 3267 1470 ῥητὸν
3296 1397 3675 1468 φρενοϐλαϐὴς

2087 1494 2350 1565 ἐπιϐουλὴ
2391 1495 2483 1546 καὶ
2512 1492 2703 1546 ἄλλοτε
2753 1492 2853 1563 μὲν
2888 1490 3218 1561 πολλαχόθεν
3249 1490 3531 1543 δείκνυται
3572 1507 3671 1542 σας

2088 1586 2219 1657 θρὰ,
2262 1586 2414 1647 οὐδὲν
2456 1585 2510 1639 δὲ
2557 1579 2721 1657 ἧττον
2760 1583 3101 1653 διελεγχθείη
3129 1583 3196 1637 ἂν
3228 1583 3323 1634 καὶ
3355 1582 3437 1634 ὅτι
3477 1580 3555 1652 μὴ
3578 1581 3679 1649 τὴν

2089 1679 2324 1749 στιγμὴν
2364 1680 2460 1733 ἐπὶ
2511 1679 2611 1749 τῆς
2660 1676 2867 1739 οἰκείας
2913 1675 3098 1746 χώρας
3144 1675 3361 1746 ἀφῆκεν
3408 1675 3676 1745 ήρεμεῖνο

2088 1775 2212 1825 ἐπεὶ
2238 1770 2336 1826 καὶ
2366 1774 2394 1826 ό
2417 1769 2607 1841 παρὼν
2638 1769 2772 1823 αἰὼν
2794 1769 2927 1822 ποτὲ
2960 1768 3059 1839 μὲν
3094 1769 3265 1838 αὑτὴν
3292 1767 3391 1838 τὴν
3415 1765 3679 1837 χρονικὴν

2088 1864 2426 1933 παράτασιν,
2462 1862 2577 1915 ἔσθ’
2607 1863 2697 1914 ὅτε
2724 1860 2781 1912 δὲ
2811 1861 2905 1913 καὶ
2932 1860 3030 1923 τὰς
3069 1859 3308 1921 ἀτόπους
3334 1856 3589 1929 πράξεις,
3619 1857 3676 1911 αἱ

2086 1954 2228 2008 κατά
2256 1954 2348 2006 τὸν
2380 1953 2627 2024 παρόντα
2666 1951 2780 2022 βίον
2817 1950 3078 2003 εἰώθασιν
3103 1948 3444 2017 ἀναφύεσθαι
3476 1948 3673 2019 σημαί-

2087 2061 2202 2098 νει·
2234 2044 2376 2097 ὥστε
2428 2044 2521 2095 καὶ
2575 2043 2628 2094 εί
2666 2059 2753 2105 τις
2788 2042 2973 2105 αὑτοῖς
3019 2040 3079 2093 τὸ
3120 2040 3250 2110 περὶ
3296 2038 3394 2109 τὴν
3440 2038 3680 2109 στιγμὴν

2088 2136 2461 2208 κακούργημα
2501 2133 2746 2197 ἐνδώσει,
2781 2133 2935 2186 οὐδὲν
2975 2133 3197 2187 ἔλαττον
3228 2132 3408 2185 αὐτῶν
3438 2131 3499 2185 τὸ
3538 2132 3672 2201 φρό-

2087 2246 2235 2299 νημα
2286 2227 2721 2297 καθαιρούμενον
2754 2226 3042 2296 διελέγχει.
3081 2224 3204 2276 Τῶν
3265 2224 3374 2293 γὰρ
3425 2224 3679 2293 πονηρῶν

2088 2322 2265 2392 ἔργων
2298 2323 2395 2375 καὶ
2424 2320 2679 2392 πράξεων
2716 2321 2811 2375 ἅτε
2848 2319 2913 2390 δὴ
2952 2318 3192 2388 σπορεὺς
3233 2318 3329 2370 καὶ
3375 2316 3679 2378 ὑποϐολεὺς

2085 2415 2113 2467 ὁ
2144 2413 2453 2482 ἁρχέκακος
2501 2410 2597 2476 ῶν,
2652 2413 2701 2464 εἰ
2757 2409 2948 2481 κύριος
2982 2409 3164 2463 αὑτῶν
3206 2406 3300 2460 καὶ
3342 2406 3681 2476 δημιουργὸς

2086 2501 2183 2555 καὶ
2222 2501 2342 2565 θεὸς
2379 2500 2594 2571 ῥηθείη,
2639 2499 2776 2569 πρὸς
2816 2500 2918 2570 τὴν
2946 2499 3107 2565 δόξαν
3142 2499 3380 2568 μάλιστα
3409 2498 3524 2550 τῶν
3573 2499 3680 2550 ὑπ-

2089 2593 2476 2665 ηρετουμένων
2505 2591 2672 2645 αὑτοῦ
2703 2595 2769 2663 τῇ
2809 2591 3046 2664 πονηρίᾳ
3080 2591 3190 2644 τῶν
3225 2591 3486 2662 ῥημάτων
3542 2588 3676 2659 μεθ-

2086 2686 2502 2756 αρμοζομένων,
2544 2683 2698 2737 οὐδὲν
2727 2684 2793 2737 ἂν
2818 2685 2852 2754 ή
2884 2685 3181 2746 ἀποστάτις
3227 2682 3492 2754 ἐπιϐουλὴ
3545 2682 3679 2753 κέρα

2085 2779 2174 2841 δος
2223 2778 2487 2849 εὑρήσει·
2542 2777 2666 2829 ἐπεὶ
2708 2777 2804 2831 καὶ
2842 2776 2911 2829 τὰ
2957 2775 3066 2828 τῶν
3106 2774 3276 2828 ἐθνῶν
3326 2774 3546 2838 εἴδωλα,
3576 2772 3679 2826 οὐκ

2085 2864 2225 2939 ἦσαν
2284 2867 2381 2937 μὲν
2418 2867 2556 2937 ὅπερ
2606 2865 2880 2934 ἐλέγοντο,
2926 2864 3175 2934 ἐλέγοντο
3215 2864 3260 2917 δ’
3308 2864 3460 2932 ὅμως
3542 2861 3676 2916 θεοί.

2085 2958 2221 3022 Θεὸς
2285 2958 2386 3028 μὲν
2442 2959 2552 3028 γὰρ
2600 2955 2971 3026 δημιουργίας
3028 2954 3173 3017 τινὸς
3235 2954 3268 3025 ἢ
3332 2952 3681 3024 πραγμάτων

2087 3050 2321 3120 ἐχόντων
2361 3048 2639 3120 σταθηράν
2673 3047 2768 3101 καὶ
2804 3045 3221 3118 γνωριζομένην
3252 3044 3576 3109 ὑπόστασιν,
3616 3046 3678 3098 οὑ

2090 3142 2188 3211 μὲν
2220 3136 2316 3194 οὖν
2349 3141 2450 3194 οὑκ
2499 3141 2566 3194 ἂν
2611 3139 2735 3193 οὑτε
2773 3139 2989 3209 λεχθείη
3037 3136 3160 3191 οὔτε
3214 3137 3534 3209 νομισθείηο
3580 3138 3677 3190 ὲκ·-

2087 3233 2308 3304 θέσμων
2338 3233 2394 3285 δὲ
2426 3232 2616 3285 παθῶν
2649 3233 2741 3287 καὶ
2766 3230 3063 3302 ἁμαρτίας,
3087 3225 3169 3295 οἷς
3195 3230 3385 3301 ἥδεται
3420 3232 3515 3283 καὶ
3544 3247 3677 3302 τρυ-

2088 3326 2166 3395 φᾷ
2212 3323 2465 3387 καὶτοὺς
2496 3322 2692 3387 ἄλλους
2737 3322 2876 3394 πρὸς
2917 3321 3061 3375 αὐτὰ
3101 3320 3171 3375 δι’
3235 3322 3453 3392 ἀπάτης
3498 3320 3680 3375 ἕλκειν

2086 3419 2367 3473 ἄπαυστον
2394 3417 2509 3487 ἔχει
2543 3415 2606 3469 τὸ
2636 3417 2958 3484 φιλονικεῖν,
2999 3413 3194 3485 μέχρις
3224 3413 3290 3467 ἂν
3325 3412 3503 3467 ταῦτα
3528 3415 3680 3481 ἐνερ-

2087 3511 2184 3579 γῇ,
2237 3507 2438 3572 οὐδεὶς·
2469 3507 2634 3561 αὑτὸν
2690 3504 2815 3559 οὔτε
2867 3506 2967 3577 τῆς
3014 3505 3261 3575 ὀλεθρίου
3327 3504 3534 3574 ταύτης
3584 3504 3682 3559 καὶ

2086 3601 2278 3664 ἀθλίας
2300 3600 2644 3673 κυριότητος,
2675 3598 2800 3652 οὗτε
2827 3598 2936 3670 μὴν
2958 3598 3058 3666 τῆς
3078 3598 3251 3669 ἀρχῆς
3287 3596 3613 3662 ἀπαλλάξει.

2158 3732 2259 3788 λα’.
2299 3729 2430 3788 Οἶδα
2462 3733 2507 3785 δ’
2538 3730 2704 3785 ὅτιτὸ
2740 3730 2885 3799 ἱερὸν
2905 3729 2999 3783 τοῦ
3033 3728 3248 3783 Παύλου
3274 3728 3461 3800 ῥητὸν,
3487 3728 3551 3781 οὑ
3581 3727 3681 3798 μό-

2089 3843 2179 3879 νον
2225 3827 2291 3879 ὲκ
2339 3825 2438 3894 τῆς
2467 3823 2728 3891 τοιαύτης
2759 3821 2995 3893 θεωρίας
3044 3822 3144 3892 τὴν
3193 3820 3355 3886 δόξαν
3398 3820 3681 3890 διαφεύγει

2087 3919 2199 3970 τῶν
2225 3918 2574 3982 ἀποστατῶν,
2614 3915 2756 3969 ἀλλά
2786 3914 2882 3969 καὶ
2931 3916 2984 3968 εί
3007 3931 3094 3978 τις
3138 3914 3230 3968 τὸν
3275 3914 3407 3985 περὶ
3442 3912 3681 3984 στιγμῆς

2089 4011 2249 4079 λόγον
2308 4010 2486 4075 ὲὰσει,
2534 4008 2687 4061 οὐδὲν
2745 4007 2969 4061 ἔλαττον
3012 4006 3193 4061 αὑτῶν
3237 4007 3582 4079 καταισχύνῃ
3621 4004 3682 4058 τὸ

2092 4102 2383 4172 προπετές.
2425 4102 2637 4169 ’Ὠσπερ
2668 4099 2778 4171 γὰρ
2811 4100 2839 4153 ό
2869 4099 3075 4169 ἀληθὴς
3110 4098 3248 4163 Θεὸς
3272 4098 3431 4170 ήμῶν
3462 4096 3678 4152 καὶτοῦ

2091 4194 2293 4258 παντὸς
2319 4191 2690 4264 Δημιουργὸς,
2732 4193 2866 4255 Θεὸς
2911 4192 3144 4263 ούρανοῦ
3178 4194 3275 4246 καὶ
3302 4193 3408 4264 γῆς
3429 4233 3445 4258 ,
3476 4192 3681 4260 λέγοιτ’

2090 4286 2157 4339 ἂν
2204 4287 2299 4340 καὶ
2339 4286 2475 4349 Θεὸς
2527 4286 2784 4356 Ἀϐραὰμ
2834 4284 2928 4337 καὶ
2963 4282 3146 4337 Ἰσαὰκ
3171 4284 3268 4338 καὶ
3314 4283 3547 4349 Ἰακὼϐ,
3588 4286 3681 4337 καὶ

2096 4380 2230 4445 Θεὸς
2280 4380 2706 4452 παρακλήσεως,
2737 4379 2831 4433 καί
2871 4379 3002 4442 Θεὸς
3046 4379 3293 4449 εἰρήνης,
3325 4379 3423 4432 καὶ
3450 4378 3677 4432 οὑδέπου

398 4441 604 4496 idcirco
655 4455 973 4503 creterarum
1029 4450 1290 4505 similium
1358 4455 1719 4524 ejusdemque
1771 4457 1984 4516 ordinis

2092 4473 2181 4527 διὰ
2208 4472 2382 4527 ταῦτα
2434 4471 2543 4526 τῶν
2574 4470 2863 4542 ὁμοταγῶν
2911 4471 3008 4523 καὶ
3061 4471 3365 4540 συστοίχων
3407 4471 3509 4524 οὑκ
3562 4471 3679 4524 ἐστι

398 4550 581 4590 rerum
636 4552 745 4591 non
798 4548 883 4593 est
930 4540 1124 4597 Deus:
1185 4545 1296 4598 imo
1364 4547 1548 4613 potius
1600 4547 1730 4616 quia
1786 4546 1989 4603 dicitur

395 4627 779 4696 praedictomm
798 4630 1192 4687 elementorum
1222 4644 1276 4688 et
1304 4636 1585 4692 hominum
1618 4638 1989 4710 bonitatisque

397 4716 565 4780 Deus,
618 4720 849 4774 aliarum
897 4738 1118 4793 quoque
1166 4741 1349 4781 rerum
1387 4728 1532 4782 Deus
1555 4731 1984 4800 comprobatur;

394 4813 470 4866 ita
501 4830 625 4870 cum
673 4816 880 4872 dicitur
922 4818 1087 4888 hujus
1149 4823 1334 4876 surculi
1381 4822 1545 4891 Deus,
1579 4840 1607 4879 a
1645 4836 1798 4895 parte
1819 4826 1986 4881 simul

391 4906 720 4977 intelligitur
778 4908 1052 4980 simulque
1114 4912 1443 4981 praedicatur
1498 4930 1682 4969 rerum
1735 4915 1984 4970 omnium

394 4996 564 5066 Deus,
600 5000 714 5053 sive
745 5016 870 5070 quae
904 5004 971 5056 ad
1017 4990 1343 5073 spiritalium
1386 5008 1502 5063 sive
1547 5023 1669 5077 qua:
1704 5008 1771 5063 ad
1804 5009 1984 5063 sensi-

394 5089 531 5144 lium
559 5092 808 5147 ordinem
834 5097 1131 5157 pertinent.
1169 5096 1313 5164 Quin
1342 5100 1478 5155 adeo
1507 5103 1552 5155 si
1594 5100 1787 5155 latiore
1812 5117 1981 5157 sensu

393 5179 603 5234 dictum
642 5183 745 5236 hoc
772 5184 1129 5256 intelligatur,
1166 5189 1326 5245 facile
1371 5189 1424 5244 id
1458 5206 1650 5246 rursus
1677 5191 1985 5246 calumnia-

393 5282 578 5330 torum
619 5277 845 5334 insidias
872 5282 1085 5337 evadet.
1125 5282 1334 5340 Mentes
1370 5284 1632 5338 nimirum
1674 5286 1974 5340 incredulo-

398 5383 521 5421 rum
561 5369 722 5437 hujus
752 5373 935 5427 saeculi
973 5373 1116 5430 Deus
1160 5386 1438 5445 excaecat;
1479 5378 1582 5431 hoc
1614 5388 1698 5433 est
1730 5378 1983 5451 indignas

396 5460 1013 5529 judicatdefzecatarum
1056 5484 1238 5524 rerum
1299 5469 1783 5539 contemplatione,
1826 5472 1983 5540 cujus

394 5569 505 5622 ope
554 5556 889 5627 contingeret
922 5560 1003 5615 eis
1062 5561 1339 5632 Evangelii
1400 5563 1608 5618 lumine
1648 5565 1978 5621 collustrari.

399 5645 703 5706 Incredulis
737 5653 883 5706 enim
944 5653 1108 5724 hujus
1140 5656 1325 5712 szeculi
1366 5656 1683 5714 hominibus
1713 5659 1983 5714 rebellare

402 5751 566 5813 atque
578 5742 854 5800 adversari
877 5744 1107 5803 Domino
1127 5762 1230 5803 suo
1249 5747 1604 5815 Creatorique
1628 5748 1977 5818 permittitur;

2090 4565 2244 4630 Θεὸς,
2277 4564 2414 4618 ἀλλά
2457 4563 2656 4634 μᾶλλον
2683 4561 2743 4627 ἐξ
2776 4556 2850 4615 ὧν
2898 4561 3118 4630 λέγεται
3161 4560 3390 4628 τούτων,
3440 4563 3532 4615 καὶ
3569 4563 3678 4616 τῶν

2089 4651 2264 4705 ἄλλων
2305 4653 2687 4720 συνεισάγεται
2710 4652 2867 4713 Θεόςο
2900 4650 3043 4703 οὑτω
3069 4652 3163 4704 καί
3194 4651 3327 4715 Θεὸς
3357 4650 3454 4706 τοῦ
3479 4653 3676 4715 αἰῶνος

2088 4743 2279 4797 τούτου
2307 4743 2543 4815 λεχθεὶς,
2578 4744 2687 4796 ἀπὸ
2721 4743 2925 4814 μέρους
2958 4741 3170 4796 καὶτοῦ
3220 4744 3441 4809 παντὸς,
3476 4745 3578 4799 ὅσα
3616 4762 3673 4797 τε

2090 4839 2172 4902 εἰς
2200 4838 2399 4907 νοητὴν
2431 4836 2587 4905 λῆξιν
2620 4836 2715 4890 καὶ
2764 4837 2866 4890 ὅσα
2915 4838 3051 4908 πρὸς
3095 4834 3349 4906 αἴσθησιν
3405 4837 3674 4906 ἀναφέρε-

2086 4944 2202 4990 ται,
2242 4928 2639 4991 συνεπινοεῖται
2689 4926 2786 4980 καὶ
2835 4927 3410 4997 συνανακηρύττεται·
3446 4928 3508 4980 οὑ
3567 4927 3672 4997 μὴν

2088 5019 2223 5073 ἀλλὰ
2293 5019 2387 5072 καὶ
2446 5018 2569 5072 καθ’
2630 5018 2923 5089 ὑπέρθεσιν
2983 5019 3045 5072 τὸ
3114 5020 3277 5088 ῥητὸν
3352 5018 3625 5088 ὲκληφθὲν
3654 5059 3668 5083 ,

2087 5110 2267 5162 πᾶσαν
2298 5107 2498 5179 ῥᾳδίως
2542 5107 2651 5160 τῶν
2682 5107 3096 5177 ἐπηρεαζόντων
3132 5106 3418 5176 διαφεύγει
3472 5108 3668 5180 λαϐήν.

2086 5199 2168 5253 Τὰ
2191 5198 2302 5270 γὰρ
2326 5199 2577 5268 νοήματα
2612 5198 2721 5252 τῶν
2765 5198 3013 5252 ἀπίστων
3039 5198 3137 5253 τοῦ
3168 5200 3364 5263 αἰῶνος
3411 5200 3605 5255 τούτου
3641 5203 3668 5253 ό

2085 5293 2219 5355 Θεὸς
2253 5290 2480 5361 τυφλοία
2527 5290 2805 5344 τουτέστιν
2838 5291 3032 5356 ἀνάξια
3066 5292 3243 5361 κρίνει
3293 5293 3394 5364 τῆς
3421 5292 3533 5346 τῶν
3577 5310 3669 5347 κε-

2083 5384 2449 5456 καθαρμένων
2490 5384 2751 5454 θεωρίας*
2780 5384 2848 5437 δι’
2891 5379 2958 5455 ἦς
3003 5384 3186 5447 αὐτοῖς
3217 5385 3343 5454 ἐνῆν
3375 5384 3468 5437 τὸν
3496 5401 3665 5453 φωτι-

2086 5472 2221 5540 σμὸν
2248 5471 2649 5540 ὲναυγασθῆναι
2674 5470 2767 5523 τοῦ
2803 5470 3161 5538 Εὑαγγελίου.
3189 5472 3253 5525 Οἰ
3284 5471 3386 5541 μὲν
3418 5472 3533 5543 γὰρ
3568 5471 3665 5525 τοῦ

2083 5565 2178 5619 νῦν
2210 5565 2403 5627 αἰῶνος
2424 5563 2668 5624 ἄπιστοι,
2699 5562 2792 5615 καὶ
2818 5560 3132 5626 στασιάζειν
3160 5563 3254 5616 καὶ
3276 5562 3665 5634 προσφιλονειο

2085 5656 2201 5708 κεῖν
2233 5652 2485 5722 ἀφίενται
2507 5649 2585 5721 τῷ
2612 5650 2801 5721 οἰκείῳ
2827 5652 3076 5723 Δεσπότῃ
3101 5652 3195 5705 καὶ
3216 5652 3547 5722 Δημιουργῷ
3567 5669 3581 5682 ·
3608 5655 3664 5706 ἐν

2083 5744 2140 5798 δὲ
2166 5744 2243 5817 τῷ
2272 5744 2521 5815 μέλλοντι
2565 5744 2653 5798 ὅτε
2686 5746 2795 5798 πᾶν
2824 5743 2953 5812 γόνυ
2993 5744 3201 5817 κάμψει
3245 5744 3397 5817 αὑτῷ
3425 5746 3662 5819 ἐπουρα-
