3976 6222
262 267 336 329 89
1326 255 1428 314 AD
1456 249 2055 315 AMPHILOCHIUM
2098 252 2446 324 QUIESTIO
2484 256 2531 315 Ι.
3485 254 3555 319 90

260 378 395 430 νῖων
410 374 509 430 καὶ
526 370 788 443 ἐπιγείων
800 368 904 423 καὶ
929 366 1325 439 καταχθονίων,
1345 368 1440 420 καὶ
1459 368 1610 419 πᾶσα
1639 364 1864 434 γλῶσσα

1976 376 2340 424 Verumtamen
2402 369 2456 423 in
2509 368 2722 432 futuro.
2775 384 2900 423 cum
2946 381 3111 422 omne
3137 381 3272 435 genu
3308 363 3554 421 flectetur

264 468 731 540 ἐξομολογήσεται
764 460 936 532 αὐτῷ,
958 461 1133 525 οὐδεὶς
1163 460 1345 513 αὐτῶν
1366 456 1490 512 οὔτε
1516 456 1856 513 ἀποστασίας

261 561 389 613 οὔτε
423 556 765 627 φιλονεικίας
809 553 842 625 ἢ
892 552 1117 621 ἀγνοίας
1164 552 1243 613 είς
1292 548 1354 602 τὸ
1387 549 1462 619 μὴ
1493 547 1721 601 συνιδεῖν
1760 545 1859 615 τὴν

262 652 413 706 κατά
434 651 658 704 πάντων
686 645 989 717 κυριότητα
1019 644 1117 697 καὶ
1142 642 1204 696 τὸ
1226 638 1859 713 κράτος,ὲπιπροσθήσει

262 744 468 813 γνόφος
497 743 532 814 ἢ
562 740 755 811 ἀχλύς.

339 921 443 992 λβῖ
487 919 630 973 Ἀλλ’
672 918 810 988 ὅπερ
852 915 1076 984 ἐλέγετο
1115 914 1211 985 μὲν
1242 915 1277 986 ή
1309 913 1437 984 περὶ
1469 912 1572 984 τῆς
1621 913 1860 984 στιγμῆς

264 1016 465 1085 σκέψις
504 1014 566 1067 ού
600 1012 763 1082 μόνον
812 1012 869 1063 ὲν
914 1011 1029 1071 τοῖς
1086 1006 1467 1071 θεοπνεύστοις
1504 1006 1597 1060 τοῦ
1644 1006 1860 1061 Παύλου

265 1111 485 1179 ῥητοῖς,
513 1104 945 1175 κακουργήμασι
982 1101 1085 1172 μὲν
1112 1101 1294 1154 δίδωσι
1328 1100 1539 1171 πλάνης
1581 1100 1859 1170 ἀφορμὰς,

262 1195 782 1268 ἁκριόολογουμένη
836 1192 894 1246 δὲ
938 1192 1308 1263 καταστρέφει
1353 1191 1453 1255 ca;
1499 1192 1599 1263 τῆς
1643 1191 1862 1262 ἀπάτης

267 1289 547 1360 μηχανὰς,
585 1287 722 1341 ἀλλὰ
754 1286 851 1339 καὶ
894 1286 954 1337 ἐν
1003 1285 1195 1348 αὑταῖς
1236 1286 1359 1346 ταῖς
1401 1284 1763 1343 Δεσποτικαῖς
1798 1300 1861 1336 τε

265 1382 370 1434 xal
425 1381 735 1451 Κυριακαῖς
768 1380 975 1447 φωναῖς
1022 1378 1082 1429 οὐ
1114 1378 1215 1445 τὴν
1255 1374 1526 1445 τυχοῦσαν
1570 1376 1707 1446 πρὸς
1736 1376 1863 1430 ἑκά-

263 1492 406 1546 τερα
439 1474 626 1528 δίδωσι
670 1473 865 1544 ῥοπήν.
919 1472 982 1524 Οἱ
1030 1470 1140 1541 γὰρ
1171 1467 1328 1523 αὐτοὶΙ
1368 1470 1467 1539 τῆς
1520 1469 1863 1532 ἀποστασίας

266 1566 525 1638 ἐρασταὶ,
578 1564 682 1635 τῆς
736 1564 1077 1634 Δεσποτικῆς
1130 1561 1492 1633 δημιουργίας
1550 1561 1611 1614 τὸ
1660 1561 1861 1632 ὡραῖον

264 1658 433 1711 τοῦτο
464 1658 558 1710 καὶ
591 1654 1046 1723 θαυμασιώτατον
1078 1653 1449 1725 φιλοτέχνημα
1468 1692 1483 1717 ,
1522 1651 1614 1706 τὸν
1644 1651 1862 1723 ὁρώμε-

1965 461 2041 514 illi
2064 460 2411 529 Acmlestium,
2442 464 2785 519 terrestrium
2816 471 2870 517 et
2893 462 3259 524 inferuurum,
3291 470 3346 515 et
3375 460 3562 515 omnis

1968 551 2152 620 lingua
2175 552 2526 608 confitebitur
2557 553 2643 616 ei;
2672 554 2839 631 nullae
2885 553 2999 623 jam
3052 552 3122 605 ab
3162 552 3229 605 iis
3265 553 3558 620 apostasize

1962 647 2047 700 vel
2091 647 2408 715 pertinaciae
2461 648 2542 702 vel
2571 647 2806 702 inscitiae
2862 644 3269 716 praetendeutur
3293 647 3557 708 tenebrae,

1963 738 2263 805 quominus
2288 737 2380 791 Dei
2418 737 2783 792 universalem
2818 737 3168 792 dominatum
3223 736 3557 806 potentiam-

1963 844 2070 898 que
2100 840 2419 899 agnoscant.

2030 917 2127 1003 52;
2166 918 2357 987 Atqui,
2394 928 2452 973 ut
2480 919 2746 975 hactenus
2772 920 2978 975 dictum
3013 929 3117 982 est,
3148 919 3555 989 interpunctio-

1966 1009 2054 1062 nis
2089 1009 2403 1063 observatio
2438 1024 2548 1064 non
2581 1011 2762 1066 solum
2807 1011 2861 1064 in
2892 1026 3131 1081 superne
3158 1011 3355 1066 afflatis
3403 1010 3555 1065 Pauli

1965 1099 2126 1153 dictis
2165 1100 2389 1155 malitiae
2414 1101 2697 1170 errorique
2721 1116 2911 1157 ansam
2960 1104 3188 1171 praebet,
3226 1118 3348 1173 quae
3377 1111 3554 1157 tamen

1966 1190 2012 1244 si
2047 1197 2196 1245 recte
2224 1190 2340 1255 fiat,
2382 1191 2593 1248 fraudis
2623 1195 2848 1249 technas
2880 1195 3146 1265 dissipat:
3173 1211 3362 1251 verum
3393 1195 3556 1248 etiam

1967 1282 2022 1336 in
2074 1282 2368 1339 dominicis
2416 1286 2551 1354 ipsis
2601 1301 2874 1356 supremae
2923 1289 3271 1342 auctoritatis
3304 1289 3550 1351 vocibus,

1966 1388 2073 1428 non
2105 1374 2380 1429 mediocre
2416 1367 2633 1445 utrique
2658 1377 2946 1431 sententiae
2978 1388 3314 1433 momentum
3340 1379 3565 1433 confert

1967 1464 2358 1534 interpunctio.
2388 1466 2638 1538 Namque
2661 1469 2825 1523 iidem
2866 1470 2969 1538 ipsi
2991 1470 3282 1539 apostasia:
3309 1471 3559 1534 asseclze.

1968 1557 2275 1627 speciosum
2302 1559 2409 1614 hoc
2429 1560 2925 1631 admirandumque
2950 1562 3241 1616 dominica:
3261 1563 3563 1618 creatiouis

1968 1650 2280 1715 aedificium,
2316 1651 2706 1720 aspectabiiem
2761 1652 2887 1708 dico
2930 1653 3333 1722 pulchrumque
3399 1669 3567 1707 mun-

269 1765 362 1801 νον
396 1747 545 1815 λέγω
569 1748 665 1800 καὶ
701 1744 1009 1817 περικαλλῆ
1040 1743 1271 1815 κόσμον,
1300 1746 1359 1796 οὐ
1394 1740 1640 1799 θέλοντες
1662 1744 1863 1812 ἀνομοο

1976 1737 2125 1799 dum,
2169 1737 2303 1809 dum
2337 1737 2625 1794 Creatoris
2651 1754 2790 1809 opus
2814 1755 2937 1794 esse
2964 1749 3182 1809 negant,
3216 1741 3565 1811 incongrua:-

269 1840 454 1909 λογεῖν
486 1839 650 1910 ἔργον
680 1835 822 1891 εἶναι
866 1837 959 1891 τοῦ
995 1835 1371 1907 Δημιουργοῦ,
1404 1834 1521 1915 an"
1556 1835 1636 1898 είς
1666 1835 1863 1905 ἑτέραν

271 1934 476 1987 ἄτοπον
510 1929 947 2000 φιλονεικοῦντες
987 1929 1285 1999 ἀναφέρειν
1308 1927 1479 1999 ἀρχὴν
1507 1928 1591 1990 τὸ,
1629 1947 1645 1980 ι
1676 1927 1863 1980 Πάντα

272 2023 340 2075 δι’
368 2023 537 2076 αὑτοῦ
591 2021 833 2090 ἐγένετο,
866 2022 961 2074 καὶ
1003 2019 1174 2090 χωρὶς
1237 2018 1402 2072 αὑτοῦ
1444 2018 1664 2087 ἐγένετο
1709 2017 1863 2070 οὐδὲν

271 2116 299 2170 ὃ
320 2116 572 2184 γέγονεν,
615 2134 637 2168 ›
670 2115 769 2167 οὐκ
797 2112 1057 2182 ἀγαπῶσι
1087 2112 1421 2182 καταλήγειν
1463 2113 1544 2175 είς
1585 2113 1824 2181 στιγμήν
1844 2127 1861 2144 ο

276 2207 619 2278 συνείροντες
661 2205 720 2258 δὲ
749 2206 863 2269 τοῖς
906 2203 1244 2275 προλαϐοῦσι
1272 2205 1365 2256 καὶ
1391 2203 1453 2257 τὸ
1480 2205 1538 2256 ὲν
1566 2202 1737 2271 αὐτῷ,
1769 2200 1863 2255 οῦ-

274 2318 379 2362 τως
395 2300 677 2370 λήγουσαν
702 2297 799 2368 τὴν
824 2298 1007 2367 φωνὴν
1030 2297 1257 2366 ἀφιᾶσιν
1274 2297 1351 2360 είς
1373 2295 1632 2365 στιγμήν.
1655 2293 1755 2346 Διά
1777 2293 1860 2357 τίς

277 2392 402 2445 ἰνα
422 2391 491 2444 τά
523 2392 583 2443 ὲν
614 2388 765 2459 αὺτῷ
793 2387 861 2441 δι’
885 2387 1051 2440 αὑτοῦ
1100 2386 1354 2457 γενέσθαι
1395 2386 1646 2455 λέγοντες
1679 2384 1862 2453 μόνον,

277 2484 439 2537 ὁποῖα
464 2483 531 2536 ἂν
551 2481 735 2536 αὐτῶν
751 2482 845 2535 καὶ
867 2482 927 2535 τὸ
950 2481 1180 2551 μάταιον
1196 2481 1304 2533 τῶν
1320 2480 1600 2550 λογισμῶν
1619 2478 1866 2532 ἀναπλά-

280 2591 389 2637 σοι,
439 2574 549 2626 τῶν
602 2572 909 2641 γεγονότων
959 2570 1163 2625 λοιπῶν
1204 2572 1460 2625 ἀπάντων
1508 2570 1607 2641 τὴν
1652 2570 1865 2639 γένεσιν

278 2666 444 2718 αύτὺν
462 2666 595 2734 ἀφαι
604 2665 812 2735 ρήσωσι
830 2663 924 2717 καὶ
940 2663 1326 2734 δημιουργίαν.
1345 2663 1534 2733 Ὁρᾷς,
1550 2663 1643 2715 καὶ
1658 2656 1718 2716 οὗ
1732 2663 1867 2733 βρα-

280 2758 510 2828 χύτερον
526 2756 628 2808 οὐκ
644 2755 793 2808 ἐστιν
807 2756 1007 2827 εὑρεῖν,
1025 2758 1099 2827 μὴ
1116 2758 1186 2825 τῇ
1203 2753 1487 2826 πρεπούσῃ
1501 2753 1680 2825 κρίσει
1700 2752 1867 2805 καθυ-

283 2848 582 2918 ποδληθὲν,
602 2848 731 2901 οἴων
754 2849 973 2903 ἀτόπων
990 2866 1051 2901 τε
1081 2849 1178 2901 καὶ
1194 2848 1640 2902 δυσσεϐεστάτων
1657 2847 1866 2917 νοημά-

277 2958 390 2993 των
404 2938 630 3010 ἀφορμὴ
652 2940 765 3002 τοῖς
782 2938 1038 2992 ἀσεϐοῦσι
1066 2938 1394 2992 καθίσταται
1418 2939 1514 2992 καὶ
1536 2939 1828 3007 καταφυγή
1851 2953 1868 3003 ;

1966 1846 2072 1898 que
2088 1830 2180 1883 alii
2207 1829 2405 1897 origini
2424 1830 2665 1886 tribuere
2689 1833 2928 1897 student,
2956 1832 3283 1908 locutionem
3316 1851 3334 1883 ι
3365 1832 3569 1886 Omnia

1966 1937 2064 1992 per
2095 1923 2274 1992 ipsum
2307 1922 2449 1978 facta
2476 1932 2626 1989 sunt,
2657 1933 2711 1978 et
2744 1925 2863 1979 sine
2905 1924 3023 1994 ipso
3068 1922 3273 1978 factum
3305 1934 3390 1979 est
3416 1925 3557 1978 nihil

1966 2015 2110 2083 quod
2140 2017 2341 2071 factum
2364 2026 2446 2071 est
2466 2016 2607 2080 "'7",
2640 2036 2657 2068 ι
2685 2017 2880 2071 nolunt
2900 2016 3341 2085 interpunctione
3368 2016 3557 2082 finire;

1966 2107 2061 2161 sed
2114 2107 2368 2177 copulata
2437 2122 2563 2163 cum
2632 2109 3012 2179 superioribus
3070 2120 3334 2180 sequente
3393 2110 3559 2165 etiam

1966 2199 2210 2255 dictione
2240 2201 2294 2253 in
2338 2200 2472 2267 ipso,
2538 2213 2653 2254 tum
2706 2201 2927 2255 demum
2964 2202 3248 2271 periodum
3276 2203 3568 2273 interpun-

1965 2292 2145 2347 ctione
2166 2292 2524 2347 concludunt.
2552 2293 2703 2348 Cur?
2738 2293 2992 2348 videlicet
3022 2304 3080 2357 ut
3108 2310 3172 2349 ea
3203 2310 3327 2365 qua“:
3353 2304 3482 2349 sunt
3509 2295 3573 2349 in

1968 2385 2108 2454 ipso,
2169 2385 2555 2441 tantummodo
2590 2385 2779 2441 dicant
2830 2385 2972 2441 facta
3032 2402 3127 2453 per
3181 2387 3359 2457 ipsum
3396 2388 3568 2458 (quas.

1966 2495 2182 2548 cunque
2227 2480 2345 2534 haec
2397 2480 2616 2535 demum
2676 2481 2841 2536 stulta
2868 2497 3023 2535 mens
3053 2481 3272 2535 illorum
3309 2482 3414 2536 sibi
3444 2496 3579 2537 esse

1967 2572 2288 2641 contingit);
2320 2582 2642 2627 caeterarum
2678 2582 2865 2627 autem
2911 2589 3093 2628 rerum
3130 2575 3403 2640 omnium,
3439 2589 3580 2644 qua:—

1971 2665 2126 2720 facta:
2166 2666 2407 2727 fuerunt,
2445 2663 2621 2720 Verbo
2660 2664 2915 2721 auferant
2946 2668 3213 2736 originem
3238 2677 3290 2722 et
3323 2667 3566 2722 creatio-

1969 2771 2117 2810 nem.
2161 2754 2295 2810 Hem
2336 2771 2448 2820 res,
2510 2772 2620 2826 qua
2670 2758 2819 2812 nulla
2866 2758 3050 2813 minor
3104 2759 3561 2829 iuveniripotest,

1970 2863 2133 2918 quam
2163 2848 2525 2902 absurdarum
2555 2849 2956 2919 impiarumque
2973 2851 3295 2919 Opinionum
3314 2852 3580 2906 scelestis

1971 2942 2288 2998 hominibus
2328 2958 2516 2997 ansam
2550 2942 2811 2997 obtulerit
2838 2958 2902 2996 ac
2928 2942 3271 3012 perfugium!

353 3038 454 3101 Ay’.
492 3034 608 3085 Οὐκ
635 3031 815 3101 ἀγνοῶ
842 3031 900 3085 δὲ
927 3032 1002 3095 ῶς
1051 3033 1147 3085 καὶ
1172 3031 1336 3096 ἄλλας
1370 3031 1523 3095 τινὰς
1553 3032 1868 3085 ἐπαναστά-

2044 3037 2134 3093 55.
2174 3034 2291 3089 Non
2355 3036 2542 3090 nescio
2602 3036 2729 3091 aliis
2787 3050 3011 3105 quoque
3078 3034 3566 3091 sollicitationibus

283 3143 396 3187 σεις
440 3126 474 3194 ἠ
520 3123 844 3186 αὐτόλεκτος
891 3121 1035 3196 αὕτη
1075 3123 1174 3177 κοιλ⁸
1224 3122 1530 3195 Δεσποτικὴ
1563 3123 1716 3194 παρά
1765 3124 1865 3195 τὴν

281 3216 455 3287 αὐτὴν
494 3214 674 3269 αἰτίαν
716 3214 923 3287 ὑπέστη
960 3218 1138 3287 φωνή.
1178 3217 1235 3269 ὐ
1276 3216 1375 3287 μὲν
1405 3216 1512 3287 γὰρ
1546 3214 1725 3278 κοινὸς
1764 3215 1866 3285 τῆς

279 3308 543 3379 ἀληθείας
569 3309 664 3361 καὶ
689 3306 1022 3379 ἀπερίεργος
1056 3307 1214 3376 λόγος
1253 3308 1391 3377 μετά
1414 3306 1496 3370 τὸ,
1536 3324 1554 3357 ι
1585 3307 1772 3359 Πάντα
1798 3305 1867 3357 δι’

281 3399 451 3453 αὑτοῦ
488 3399 729 3468 ἐγένετο,
773 3400 869 3452 καὶ
910 3400 1081 3469 χωρὶς
1111 3399 1277 3452 αὑτοῦ
1316 3398 1538 3467 ἐγένετο
1573 3398 1696 3451 οὐδὲ
1744 3396 1802 3449 ἓν
1841 3396 1869 3449 ὃ

281 3492 558 3562 γέγονεν,›
589 3491 664 3554 ὡς
692 3490 785 3545 καὶ
808 3491 1151 3563 προείρηται,
1185 3490 1359 3555 οὕτως
1381 3492 1577 3559 ἐπάγει
1597 3490 1694 3560 τὴν
1721 3506 1875 3554 στιγ-

286 3584 417 3653 μήνο
451 3582 501 3634 oi
531 3582 588 3635 δὲ
620 3580 863 3645 στίζουσι
896 3580 995 3651 μὲν
1039 3582 1178 3652 μετά
1198 3583 1260 3634 τὸ
1291 3581 1466 3647 οὐδὲν,
1495 3581 1673 3651 ἀρχῆς
1696 3580 1753 3634 δὲ
1776 3580 1870 3633 ἀπ’

281 3676 451 3745 ἄλλης
495 3673 862 3744 προφέροντες
909 3672 990 3738 τὸ,
1048 3674 1155 3726 HO
1204 3672 1426 3742 γέγονεν
1466 3674 1523 3725 ὲν
1562 3671 1715 3743 αὐτῷ
1757 3670 1872 3742 ζωὴ

279 3763 403 3837 ἦν,›
441 3765 569 3820 νοῦν
605 3766 704 3837 μὲν
733 3767 1035 3834 ἀναγκαῖον
1060 3765 1249 3820 οὐδένα
1279 3764 1553 3836 δηλοῦσιν,
1590 3765 1871 3834 ἀνοίγουσι

282 3858 342 3911 δὲ
380 3860 495 3921 τοῖς
533 3856 882 3927 βουλομένοις
926 3855 999 3910 τὰ
1049 3858 1290 3926 μυστικά
1337 3857 1432 3909 καὶ
1459 3856 1663 3926 φρικτὰ
1699 3855 1870 3926 κάλλη

281 3951 395 4004 τῶν
426 3950 590 4020 ἒερῶν
617 3949 774 4021 ἡμῶν
792 3949 1001 4019 Λογίων
1025 3948 1412 4021 κατορχεῖσθαι
1441 3951 1704 4003 πλατεῖαν
1731 3949 1869 4004 ὁδόν.

286 4046 352 4098 Τί
385 4045 497 4117 γὰρ
527 4046 645 4098 ἐνὸν
669 4043 956 4114 ἀρκεῖσθαι
980 4045 1092 4106 τοῖς
1112 4043 1476 4114 ἐγνωσμένοις
1497 4045 1591 4098 καὶ
1615 4043 1876 4097 κάλλιστα

283 4140 385 4210 τῆς
413 4136 716 4207 ἑρμηνείας
742 4137 979 4206 ἔχουσιν,
1026 4136 1415 4207 ὑπερορῶντας
1452 4134 1629 4188 ταῦτα
1665 4135 1873 4206 ζητεῖν,

285 4237 399 4295 τοῖς
432 4230 602 4301 μηδὲν
628 4230 817 4298 ὅμοιον
849 4228 1234 4298 κεκτημένοις,
1278 4226 1577 4298 καινότητα
1613 4227 1670 4280 δὲ
1717 4226 1877 4297 μόνον

284 4324 699 4397 χαριζομένοις,
746 4318 1191 4385 καλλωπίζεθαι;
1231 4318 1341 4372 Καὶ
1372 4321 1432 4371 οὐ
1464 4318 1608 4372 κατά
1648 4321 1869 4374 πάντων

1976 3129 2120 3184 hanc
2149 3130 2321 3198 ipsam
2350 3129 2674 3184 locutionem
2715 3128 3044 3182 dominicam
3074 3128 3265 3183 eadem
3294 3129 3361 3183 de
3396 3144 3569 3183 causa-

1974 3220 2267 3276 obnoxiam
2302 3218 2494 3274 fuisse.
2533 3218 2679 3275 Sane
2711 3220 3021 3274 communis
3068 3228 3123 3273 et
3155 3221 3391 3288 ingenua
3416 3221 3565 3275 veri—

1978 3311 2105 3367 tatis
2156 3311 2296 3366 ratio
2346 3319 2469 3381 post
2515 3311 2682 3365 verba
2721 3328 2740 3361 ‹
2781 3310 2978 3365 Omnia
3048 3325 3145 3380 per
3192 3310 3372 3379 ipsum
3423 3310 3580 3367 facta.-

1977 3412 2126 3469 sunt,
2155 3412 2209 3458 et
2253 3406 2370 3458 sine
2399 3403 2519 3473 ipso
2549 3401 2754 3458 factum
2785 3413 2870 3459 est
2911 3404 3047 3458 nihil
3090 3406 3232 3474 quod
3267 3404 3496 3469 factum,
3539 3424 3563 3457 ν

1978 3493 2493 3564 interpunctionem,
2531 3505 2589 3549 ut
2608 3494 2722 3565 jam
2753 3494 3016 3559 diximus,
3051 3497 3227 3564 ponit.
3249 3495 3351 3549 Alii
3380 3506 3569 3551 tamen

1978 3588 2373 3659 interpungunt
2433 3599 2558 3660 post
2579 3588 2753 3642 nihil:
2801 3598 2914 3643 tum
2967 3589 3133 3642 veluti
3181 3603 3247 3643 ex
3275 3589 3384 3645 alio
3411 3591 3569 3647 initio.

1978 3680 2343 3751 proferentes.
2379 3698 2397 3732 ι
2441 3680 2599 3746 Quod
2620 3679 2824 3735 factum
2864 3689 2949 3733 est
2979 3678 3033 3733 in
3062 3680 3184 3749 ipso
3217 3680 3326 3734 vita
3367 3689 3507 3746 erat,
3541 3699 3561 3731 ι

1980 3789 2206 3829 sensum
2260 3772 2482 3842 quidem
2536 3772 2800 3827 idoneum
2854 3770 3069 3826 nullum
3118 3770 3400 3837 afferunt;
3453 3772 3577 3826 imo-

1981 3867 2147 3922 latam
2182 3865 2326 3920 viam
2360 3874 2615 3921 sternunt
2644 3864 2731 3931 iis,
2759 3864 2854 3934 qui
2893 3879 3175 3920 sacrorum
3208 3866 3499 3935 mysticum
3516 3873 3575 3919 et

1982 3968 2280 4030 augustum
2338 3957 2691 4012 oraculorum
2770 3967 3090 4011 nostrorum
3139 3958 3312 4012 decus
3364 3957 3582 4011 violare

1983 4053 2244 4123 gestiunt.
2282 4049 2394 4105 Cur
2419 4048 2566 4103 enim
2605 4062 2732 4103 cum
2762 4047 2922 4103 liceat
2952 4048 3181 4116 probata
3215 4056 3269 4102 et
3313 4046 3571 4117 pulcher-

1984 4146 2122 4200 rima
2156 4140 2617 4212 interpretatione
2651 4155 2775 4196 esse
2812 4140 3086 4195 contentis
3110 4180 3125 4205 ,
3161 4154 3280 4203 cur,
3317 4138 3577 4207 inquam,

1986 4233 2088 4287 hac
2116 4238 2325 4301 spretae,
2357 4228 2626 4299 captanda
2654 4236 2739 4281 est
2758 4227 2994 4281 aliorum
3019 4241 3282 4282 sensuum
3314 4225 3579 4295 gloriola,,

1984 4325 2079 4395 qui
2139 4321 2278 4392 aequi
2339 4321 2600 4391 ponderis
2652 4320 2788 4374 nihil
2821 4320 3041 4382 habent,
3066 4318 3295 4373 novitati
3324 4327 3583 4373 tantum—

286 4420 445 4488 φέρω
485 4415 586 4487 τὴν
623 4414 826 4485 ψῆφον,
884 4412 1001 4466 ἀλλ’
1045 4407 1121 4467 ὧν
1153 4413 1187 4482 ὴ
1231 4409 1435 4482 γνώμη
1478 4412 1570 4465 τὸν
1599 4411 1758 4479 λόγον
1787 4429 1870 4482 μοι

1986 4417 2146 4470 modo
2175 4412 2565 4469 velificantur?
2612 4411 2806 4480 Neque
2855 4409 3119 4465 adversus
3151 4425 3346 4465 omnes
3376 4410 3573 4466 suﬂra-

283 4512 565 4564 δείιινυσιν
596 4505 1023 4576 ὲπαληθεύοντα.
1054 4504 1253 4575 Ἀρχει
1281 4504 1339 4557 δὲ
1365 4505 1465 4574 τῆς
1499 4504 1620 4557 ὁδοῦ
1652 4502 1882 4574 ταύτης,

286 4604 390 4657 ὅσα
423 4618 492 4672 γε
538 4600 644 4671 τὴν
689 4598 832 4669 ἐμὴν
875 4597 978 4650 οὐκ
1022 4595 1174 4650 ἔλιπε
1217 4596 1461 4668 μνήμην,
1506 4597 1536 4650 ὁ
1566 4596 1884 4668 πολυμαθὴς

289 4696 390 4766 μὲν
423 4693 585 4748 οὐδὲν
626 4692 682 4745 δὲ
738 4684 903 4761 ἦττον
947 4688 982 4759 ἢ
1034 4687 1384 4759 πολυπλανὴς
1421 4687 1704 4760 Ὠριγένης
1745 4689 1881 4759 (95)-

283 4789 579 4860 ἐκδέχεται
626 4785 685 4839 δὲ
716 4784 818 4854 τὴν
860 4781 1095 4853 μίμησιν
1119 4783 1147 4833 ὁ
1178 4782 1641 4851 Πνευματομάχος
1686 4779 1885 4852 [Mace-

283 4878 515 4951 donius]
552 4920 567 4943 ,
608 4880 656 4932 εί
680 4877 778 4932 καὶ
806 4875 883 4946 μὴ
922 4874 1025 4945 τῆς
1065 4873 1390 4937 δυσσεδείας
1420 4873 1501 4943 (οὐ
1535 4872 1645 4945 γὰρ
1684 4873 1800 4944 ἅμα
1827 4890 1881 4926 τε

284 4975 387 5046 τὴν
424 4971 669 5044 στιγμὴν
706 4971 915 5035 ἐκεῖνος
957 4965 1297 5037 ὑπερετίθει,
1354 4967 1451 5019 καὶ
1493 4966 1592 5037 τὴν
1623 4966 1883 5020 ἀσέϐειαν

286 5066 381 5118 διὰ
426 5062 529 5118 τοῦ
574 5059 742 5135 ῥητοῦ
780 5056 1215 5132 μετεδίδασκεν),
1255 5054 1372 5109 ἀλλ’
1407 5053 1502 5108 οῦν
1526 5071 1591 5124 γε
1622 5055 1722 5125 τῆς
1751 5053 1879 5125 περὶ

365 5182 492 5213 ‘9'”
515 5178 680 5233 Joan.
718 5190 756 5243 ι,
784 5175 838 5231 '5.

1982 4512 2127 4581 gium
2154 4508 2291 4573 fero,
2324 4508 2417 4563 sed
2449 4516 2641 4560 contra
2690 4521 2785 4560 eos
2830 4519 3067 4575 quorum
3109 4504 3357 4559 doctrina
3384 4520 3579 4559 veram

1981 4614 2104 4654 esse
2152 4597 2397 4667 coarguit
2449 4594 2935 4665 reprehensionem
2997 4610 3206 4649 meam.
3245 4593 3397 4651 Hanc
3422 4597 3580 4650 viam

1981 4690 2193 4760 primus
2221 4690 2504 4758 ingressus
2523 4696 2626 4753 est,
2658 4687 2763 4742 nisi
2806 4700 2924 4740 mea
2976 4702 3066 4741 me
3112 4688 3375 4741 memoria
3416 4686 3582 4753 fallit,

1981 4777 2336 4833 doctissimus
2406 4776 2497 4831 ille
2568 4790 2746 4845 neque
2808 4774 2994 4828 minus
3066 4788 3317 4828 errorum
3385 4775 3592 4845 plenus-

1989 4867 2269 4936 Origenes.
2296 4864 2509 4934 Excipit
2568 4863 2735 4934 hujus
2792 4863 3101 4932 exemplum
3133 4862 3307 4918 sancti
3340 4863 3594 4931 Spiritus-

1990 4968 2368 5028 oppugnator;
2417 4971 2735 5026 quanquam
2769 4971 2927 5011 suam
2965 4957 3295 5025 peculiarem
3326 4955 3592 5013 ἣξει-θείην

1988 5052 2055 5104 ab
2072 5066 2138 5104 eo
2156 5064 2264 5104 non
2289 5049 2493 5104 hausit.
2511 5047 2702 5119 Neque
2723 5049 2869 5104 enim
2890 5044 3156 5119 Origenes
3174 5048 3303 5102 dum
3328 5048 3582 5106 transfer

1843 5284 2076 5342 NUT/E.

364 5422 479 5495 (25)
515 5419 776 5495 Scholion
836 5417 889 5495 in
938 5413 1127 5495 codice
1181 5413 1421 5495 quodam
1449 5413 1573 5495 γει.
1604 5422 1808 5495 (ιτιιειιιελ
1836 5411 1895 5463 in

290 5482 564 5548 Joénlsic
597 5490 802 5544 habet:
839 5487 1034 5540 ’ἰστέον
1080 5484 1156 5547 ὡς
1192 5482 1587 5551 ν”Απολινάριος
1626 5483 1721 5535 καὶ
1754 5482 1897 5550 Ὠρι-

292 5567 459 5635 γένης
493 5563 588 5635 καὶ
621 5555 1065 5635 Κύριλλρς-κατά
1095 5556 1196 5635 τῂν
1228 5553 1608 5635 διαὸλῃθεῖσαν
1646 5552 1896 5635 ἀνάγνω-

293 5623 379 5687 ὁιν
414 5623 743 5699 Ἑξέδωκαν²
790 5626 928 5682 ἀλλά
967 5625 1058 5699 τὰ.
1087 5623 1185 5699 μέν
1229 5623 1640 5699 ιξᾼπολιναρίῳ-
1663 5623 1897 5699 ρηθέντα

290 5692 493 5777 παρεὶς
513 5700 809 5770 ἀδιανόητα
834 5700 985 5765 ὄντα,
1006 5696 1071 5749 τὰ
1090 5692 1261 5767 Κυρί)
1273 5695 1364 5749 λου
1388 5692 1603 5765 πρῶτον
1624 5692 1895 5748 ἐκθετέον

2001 5403 2100 5461 εἷο³
2148 5406 2321 5471 οὕτως
2367 5408 2436 5481 τὰ
2467 5409 3019 5481 ῌὮριγένουςῂπορῤω
3062 5406 3602 5481 τῇςγεγραμμένης,

2002 5480 2340 5549 κατηγορίας
2360 5478 2972 5550 bno'tpjov'caﬂrigcuis
2994 5488 3047 5533 et
3074 5478 3255 5548 Cyrilli
3277 5478 3375 5531 loci
3402 5478 3601 5550 legun-

2004 5558 2094 5603 tur
2117 5551 2294 5604 adhuc
2337 5550 2388 5603 in
2433 5549 2624 5603 eorum
2685 5550 3072 5618 superstitibus
3116 5550 3182 5602 ad
3221 5550 3373 5618 .loan.
3423 5549 3599 5618 Com-

2003 5621 2306 5674 mentariis.
2356 5620 2677 5689 Apollinarii
2722 5616 2886 5675 verba
2936 5620 2990 5673 iu
3024 5619 3175 5673 nullo
3208 5617 3478 5672 Vaticano:
3505 5616 3606 5671 bi—

2005 5691 2292 5746 bliotheca
2319 5693 2507 5747 codice
2539 5689 2779 5746 invenio.
