3976 6222
261 241 344 305 93
1316 240 1415 300 AD
1448 234 2046 299 AMPIIILOCHIUM
2084 233 2431 297 OUAZSTIO
2470 233 2521 294 Ι.
3470 230 3542 295 95

266 348 439 419 μεθα.
494 349 563 403 Ἢ
588 348 634 402 δ’
660 344 755 402 οὖν
791 350 885 403 ἐπὶ
912 349 1026 412 τοῖς
1068 347 1383 421 εἰρημένοις
1431 348 1710 420 γυμνασία
1754 350 1854 400 οὐκ

1958 342 2178 414 quidem
2198 342 2590 413 praedictarum
2608 340 3105 396 controversiarum
3147 341 3322 398 solers
3347 344 3536 412 cogni-
3628 360 3631 363 ν

263 444 337 531 ἐν
360 441 547 505 αὐτοῖς
585 441 749 512 μόνον
783 441 1119 514 περιγράφει
1147 442 1211 496 τὸ
1247 440 1541 531 χρησιμον,
1569 440 1770 531 πολλὴν
1791 439 1850 493 δὲ

265 530 469 601 ῥώμην
520 532 615 586 καὶ
657 533 857 602 κράτος
901 533 1133 605 παρέχει
1172 533 1310 603 πρὸς
1344 530 1413 586 τὸ
1455 533 1556 603 τὴν
1590 530 1850 602 ἀλήθειαν

266 624 589 695 μεθοδεύειν
624 627 722 679 καὶ
759 625 1111 692 διευκρινεῖν,
1148 625 1245 679 καὶ
1273 624 1340 678 τά
1369 624 1554 695 ὃμοια.
1592 623 1703 679 Καὶ
1742 622 1850 692 γὰρ

260 716 370 769 ὅσα
397 716 468 769 δι’
497 716 790 788 ὑπέρθεσιν
829 716 1004 785 λόγων
1043 718 1075 787 ἢ
1112 718 1373 789 ῥημάτων
1410 716 1444 788 ἢ
1478 716 1782 787 ὀνομάτων,
1812 715 1845 786 ἢ

260 807 479 861 τούτων
510 808 748 879 ἔλλειψιν
776 808 871 862 καὶ⁵
894 808 1225 881 περικοπὴν,
1254 809 1288 881 ἢ
1320 809 1531 881 τροπὴν
1551 809 1647 862 καὶ
1682 826 1848 880 μετα-

263 900 476 969 φορὰν,
527 901 607 963 είς
652 900 956 971 ἀμφίϐολον
1001 902 1094 954 καὶ
1134 901 1452 972 μαχομένην
1482 902 1719 956 διάνοιαν
1754 918 1850 952 συ-

262 993 619 1055 σκευάζεται,
646 992 740 1044 καὶ⁵
763 990 939 1047 ταῦτα
969 992 999 1043 ὁ
1032 995 1152 1055 ταῖς
1179 992 1500 1063 εἰρημέναις
1535 988 1848 1061 ἔμπροσθεν

261 1082 488 1150 ἐφόδοις
513 1082 1023 1152 ἐγγυμνασάμενος,
1048 1081 1147 1152 τὴν
1184 1081 1284 1152 τῆς
1307 1079 1595 1151 ἀκριϐείας
1617 1079 1849 1149 βάσανον

261 1170 553 1226 κάνταῦθα
587 1171 823 1240 καθιεὶς,
867 1173 931 1225 οὐ
960 1172 1213 1243 χαλεπῶς
1257 1189 1317 1226 τε
1344 1171 1408 1225 τὸ
1436 1171 1848 1241 συγκεχυμένον

259 1265 557 1335 διακρινεῖ,
584 1264 682 1316 καὶ⁵
714 1264 775 1317 τὸ
816 1264 1288 1336 περιτρεπόμενον
1322 1255 1425 1317 ὦδε
1456 1264 1683 1316 κακεῖσε
1711 1260 1848 1330 πρὸς

263 1353 373 1423 τὴν
425 1354 526 1422 τῆς
567 1353 827 1423 ἀληθείας
859 1354 1077 1423 ἐδράσει
1126 1354 1441 1423 διάγνωσιν.
1482 1352 1693 1406 Αὐτίκα
1731 1350 1849 1413 πῶς

260 1446 370 1499 οὐκ
398 1446 609 1499 ἐκεῖθεν
635 1446 777 1516 πρὸς
805 1445 1026 1516 ἔλεγχον
1052 1446 1236 1516 ῥᾴδιον
1261 1446 1290 1500 ὃ
1314 1446 1375 1500 τδ
1402 1445 1512 1499 τῶν
1533 1444 1848 1516 Ἀνθρωπο-

265 1536 559 1607 μορφιτῶν
604 1538 759 1605 γένος
813 1538 1293 1608 ἀπεϐουκόλησεν;
1328 1537 1614 1609 Ἀφορμάς
1659 1537 1769 1607 γὰρ
1820 1535 1850 1587 ό

261 1627 455 1680 λαϐὼν
491 1627 589 1692 τὰς
634 1628 695 1681 ὲν
741 1631 854 1692 τοῖς
893 1629 1157 1693 τοιούτοις
1197 1629 1462 1701 διαφορὰς
1496 1631 1662 1682 ὲπισκ
1698 1629 1843 1689 πεῖν,

1951 437 2030 491 tio
2051 450 2160 491 non
2193 435 2251 491 in
2278 436 2365 491 his
2388 435 2564 491 solum
2602 433 2886 489 utilitatem
2918 449 3073 489 suam
3107 435 3533 500 circumscribit,

1951 527 2045 583 sed
2094 541 2323 598 magnas
2350 527 2497 581 vires
2537 525 2811 595 roburque
2832 525 2984 579 addit
3009 526 3075 579 ad
3119 526 3402 580 veritatem
3430 526 3533 581 eli-

1951 619 2200 673 ciendam
2237 618 2789 688 discernendamque,
2829 628 2880 672 et
2910 617 2977 671 ad
3008 628 3204 671 caetera
3235 616 3531 685 ejusmodi.

1949 709 2086 764 Nam
2140 725 2480 780 quaecunque
2526 709 2599 763 ob
2627 710 3036 763 translationem
3065 709 3406 763 locutionum
3436 718 3535 763 aut

1949 805 2241 859 verborum
2304 816 2397 859 aut
2452 804 2759 871 nominum,
2807 814 2902 859 aut
2930 805 3000 859 ob
3039 805 3232 859 horum
3259 805 3531 859 defectum

1950 912 2015 953 ac
2039 897 2478 962 subductionem,
2499 897 2584 952 vel
2606 897 3018 952 conversionem
3043 913 3107 951 ac
3135 899 3533 966 metaphoram,

1951 987 2262 1056 ambiguam
2294 996 2734 1057 pugnantemque
2775 988 3104 1043 sententiam
3147 987 3377 1051 faciunt,
3414 989 3531 1042 haec

1951 1075 2042 1132 ille
2088 1076 2141 1131 in
2175 1078 2449 1143 praedictis
2478 1079 2840 1134 solutionibus
2880 1079 3176 1141 exercitus,
3201 1077 3534 1148 exploratio-

1950 1166 2037 1221 nis
2090 1170 2344 1223 acumine
2386 1170 2492 1224 huc
2535 1169 2819 1233 translato,
2861 1170 3003 1224 haud
3027 1186 3169 1240 aegre
3214 1172 3268 1225 et
3298 1170 3531 1225 confusa

1949 1256 2245 1323 discernet,
2276 1269 2332 1315 et
2367 1276 2483 1315 rem
2513 1261 2659 1315 ultro
2705 1262 2958 1330 citroque
2990 1261 3275 1335 jactatam,
3310 1262 3365 1316 in
3395 1262 3537 1316 veri-

1952 1351 2316 1405 tatislumine
2335 1352 2702 1407 constabiliet.
2732 1349 2927 1405 Nonne
2966 1352 3095 1407 hinc
3130 1353 3340 1407 scilicet
3378 1351 3537 1408 facile

1949 1449 2030 1495 est
2068 1455 2369 1511 coarguere
2413 1441 2468 1495 id
2533 1441 2680 1511 quod
2738 1441 3306 1511 anthropomorphitis
3348 1443 3534 1497 fucum

1950 1527 2111 1583 fecit?
2146 1528 2342 1585 Noster
2366 1529 2511 1584 enim
2542 1529 2768 1584 criticus
2797 1528 3108 1586 facultatem
3135 1531 3363 1601 adeptus
3387 1534 3538 1588 ditl‘e-

1952 1620 2159 1675 rentias
2209 1621 2534 1675 observandi
2562 1637 2684 1691 quae
2733 1623 2786 1675 in
2832 1622 2914 1675 his
2940 1622 3109 1691 tropis
3133 1637 3445 1690 occurrunt,
3480 1634 3536 1678 et

260 1722 367 1791 τὴν
395 1720 453 1774 δὲ
479 1720 742 1791 σύγχυσιν
776 1721 977 1793 πολλὴν
1001 1721 1102 1794 τὴν
1132 1691 1342 1794 πλάνην
1362 1691 1721 1794 ¹ἐργάζεσθαι,
1758 1722 1849 1775 εὐ-

1958 1711 2099 1782 quod
2134 1711 2385 1767 confusio
2420 1716 2623 1767 multos
2643 1728 2862 1768 errores
2898 1715 3060 1781 parit,
3097 1718 3281 1770 statim
3321 1719 3536 1771 noverit

263 1813 368 1876 θὺς
399 1814 618 1882 ἐπέγνω
656 1814 749 1867 καὶ
782 1814 1138 1878 διεστείλατο,
1166 1815 1333 1886 ἄλλην
1366 1815 1464 1886 μὲν
1484 1815 1679 1887 χρῆσιν
1706 1815 1852 1885 ἔχειν

262 1904 345 1956 τὰ
360 1903 502 1956 κατά
531 1903 867 1973 μεταφορὰν.
894 1903 1066 1975 ἄλλην
1092 1904 1150 1957 δέ
1178 1904 1275 1973 τὴν
1306 1903 1406 1973 τῆς
1434 1904 1635 1970 λέξεως
1659 1904 1852 1975 κυριό-

263 2011 429 2066 τητα.
472 1990 575 2047 ’Ὧν
598 1994 756 2047 οὐδὲν
786 1994 878 2047 ἐσιτῖ⁵
910 1993 1036 2049 νοῦν
1059 1994 1128 2048 τά
1158 1995 1415 2066 αἱρετικά
1441 1994 1675 2048 λαϐόντα
1715 2013 1850 2065 φρο-

264 2087 491 2158 νήματα
515 2130 532 2151 ,
585 2087 687 2139 ὅσα
731 2085 1008 2157 τροπικῶς
1056 2088 1150 2140 καὶ
1197 2085 1340 2141 κατά
1391 2087 1703 2158 μεταφορὰν
1757 2086 1853 2138 ἐπὶ

265 2176 405 2231 Θεοῦ
445 2175 686 2247 εἴρηται,
710 2175 922 2246 τροπῆς
956 2176 1053 2230 καὶ
1082 2176 1360 2246 άτρέπτου
1398 2177 1585 2246 φωνῆς
1621 2178 1684 2231 οὐ
1725 2175 1850 2247 βου-

264 2271 531 2341 ληθέντες
553 2270 784 2323 συνιδεῖν
809 2270 1123 2340 ἑτερότητα,
1157 2270 1255 2341 τὴν
1285 2270 1465 2340 ἁπλῆν
1485 2271 1578 2324 καὶ
1606 2270 1850 2341 ἄληπτον

265 2363 365 2418 καὶ
413 2362 827 2432 ἀσχημάτιστον
858 2360 1048 2415 οὐσίαν
1081 2361 1174 2415 τοῦ
1200 2361 1358 2427 Θεοῦ,
1395 2362 1477 2415 ὅτι
1525 2364 1718 2432 χεῖρας
1754 2362 1852 2415 καὶ

268 2454 439 2516 πόδας
470 2453 565 2506 καὶ
584 2451 896 2523 ὀφθαλμοὺς
925 2453 1017 2504 καὶ
1040 2451 1400 2523 ὀσφραίνεθαι
1429 2454 1526 2505 καὶ
1557 2454 1732 2522 στόμα
1755 2451 1853 2505 καὶ

265 2547 465 2614 λόγους
516 2545 784 2617 ἥκουσαν,
833 2545 1366 2614 όμοιοσχημάτιστον
1414 2547 1545 2617 ἡμῖν
1578 2544 1639 2599 τὸ
1694 2545 1851 2599 Θείον

265 2636 552 2701 δυσσεϐῶς
579 2653 641 2690 τε
664 2635 760 2691 καὶ
782 2634 1060 2699 ἀσυνέτως
1085 2636 1413 2692 ἐπλάσαντο.

337 2806 437 2861 λε’.
473 2804 632 2863 Οῦτω
653 2806 785 2878 γοῦν
807 2807 904 2862 καὶ
934 2807 989 2861 εῐ
1015 2826 1067 2863 τι
1099 2808 1228 2865 ἄλλο
1254 2808 1364 2863 τῶν
1390 2812 1551 2883 ιερῶν
1580 2812 1853 2884 Γραμμά·

266 2920 378 2956 των
420 2902 450 2953 ὁ
494 2899 787 2972 αίρετίζων
827 2900 861 2972 ἢ
902 2902 930 2954 ὀ
967 2900 1268 2970 φιλόνεικος
1298 2904 1552 2974 ἀρπάσας
1597 2906 1854 2976 λογισμὸς

270 2991 410 3061 πρὸς
444 2990 767 3043 δυσσέϐειαν
813 2990 847 3060 ἢ
878 2990 1114 3059 ἀπορίαν
1146 2991 1372 3045 έλκῦσαι
1398 2992 1847 3066 φιλονεικήσειεν,

1952 1814 2116 1874 atque
2145 1804 2461 1875 distinguet,
2489 1806 2657 1860 alium
2697 1821 2818 1861 esse
2845 1822 3006 1861 usum
3034 1822 3226 1861 eorum
3251 1824 3373 1878 qua:
3401 1824 3528 1864 cum

1952 1894 2268 1963 metaphora
2300 1896 2574 1960 dicuntur,
2635 1895 2804 1949 alium
2838 1911 3029 1949 eorum
3076 1912 3198 1966 quae
3231 1898 3531 1953 secundum

1950 1984 2209 2040 dictionis
2238 1987 2622 2055 proprietatem
2659 2007 2670 2041 :
2711 2003 2944 2057 quormn
2980 2004 3103 2043 cum
3146 1988 3282 2043 nihil
3318 1989 3535 2044 haereti-

1951 2077 2033 2130 cis
2060 2075 2115 2129 in
2166 2086 2403 2131 mentem
2438 2078 2699 2145 venisset,
2754 2078 2808 2132 hi
2852 2094 3197 2149 quaecunque
3225 2095 3349 2135 cum
3376 2090 3535 2151 tropo

1954 2178 2018 2219 ac
2036 2166 2353 2231 metaphora
2381 2166 2447 2220 de
2479 2165 2588 2221 Deo
2622 2168 2901 2231 dicuntur,
2955 2183 3079 2223 cum
3139 2169 3346 2223 nollent
3390 2171 3535 2239 tropi

1952 2269 2047 2313 aut
2067 2257 2364 2313 immutatae
2386 2260 2538 2313 vocis
2567 2273 2868 2329 agnoscere
2893 2259 3303 2326 diversitatem;
3330 2260 3539 2331 simpli-

1953 2366 2070 2405 cem
2101 2359 2157 2406 et
2182 2352 2788 2421 incomprehensibilem
2820 2361 2871 2406 et
2903 2351 3023 2407 sine
3057 2352 3229 2424 ﬁgura
3272 2355 3535 2409 substan-

1953 2442 2084 2496 tiam
2131 2441 2251 2509 Dei,
2310 2445 2438 2512 quia
2491 2458 2685 2497 tnanus
2714 2452 2769 2497 et
2808 2443 2973 2512 pedes
3015 2451 3071 2497 et
3107 2445 3296 2499 oculos
3328 2456 3382 2499 et
3402 2447 3539 2501 olfa-

1953 2541 2098 2585 ctum
2127 2541 2182 2586 et
2206 2547 2266 2587 os
2286 2541 2340 2587 et
2362 2532 2637 2603 loquelam
2674 2532 3050 2598 inaudierant,
3074 2534 3307 2588 similem
3350 2536 3539 2604 ﬁgura!

1954 2631 2175 2687 nostrae,
2235 2623 2404 2680 Deum
2462 2625 2671 2681 scilicet
2721 2626 2953 2691 homini,
2996 2625 3263 2696 sacrilege
3302 2634 3357 2681 et
3386 2625 3539 2682 fatue

1952 2714 2352 2771 conﬁnxerunt.

2027 2806 2116 2860 55.
2158 2807 2337 2875 Atque
2368 2807 2439 2861 ita
2468 2806 2766 2878 quamlibet
2793 2804 3193 2876 Scripturarum
3252 2822 3535 2863 sacrarum

1954 2908 2163 2971 partem
2200 2897 2438 2953 haeretici
2476 2899 2560 2953 vel
2610 2898 2942 2953 contentiosi
2998 2900 3238 2954 hominis
3285 2899 3527 2954 studium

1958 2992 2026 3046 ad
2063 2992 2311 3047 haeresim
2341 2992 2424 3047 vel
2460 2993 2817 3061 quaestionem
2865 2990 3159 3046 conabitur
3196 2992 3431 3057 trahere,
3487 2991 3535 3047 si

270 3085 320 3134 εἰ
352 3081 457 3152 μὲν
484 3080 608 3134 καθ’
632 3081 691 3134 ἐν
729 3097 783 3133 τι
814 3081 922 3134 τῶν
955 3080 1416 3153 διευκρινημένων
1449 3083 1509 3137 τὸ
1539 3062 1854 3157 κακομήχα-

1961 3082 2259 3137 secundum
2290 3082 2496 3151 aliquid
2528 3097 2593 3135 ex
2621 3090 2746 3135 ante
2772 3081 3066 3151 disputatis
3094 3081 3341 3136 fraudem
3374 3096 3533 3137 suam

270 3189 362 3226 νον
410 3174 637 3236 ἐπινοεῖ,
696 3171 921 3224 αὐτόθεν
972 3171 1082 3235 ἕξει
1136 3172 1259 3225 καθ’
1302 3174 1495 3227 ἐαυτοῦ
1546 3177 1856 3249 φερομένην

161 3254 177 3265 ’
270 3266 520 3333 ἄφυκτον
544 3262 642 3334 τὴν
673 3262 987 3335 ἀνατροπήν
1009 3278 1023 3293 ⁸
1072 3263 1121 3315 εί
1164 3263 1221 3316 δὲ
1251 3264 1374 3319 καθ’
1403 3265 1460 3318 ἓν
1489 3283 1541 3319 τι
1575 3267 1685 3323 τῶν
1716 3286 1859 3339 παρα

272 3355 530 3426 ειμένων,
569 3354 630 3406 οὐ
665 3353 904 3424 χαλεπὸν
947 3354 1012 3407 έκ
1038 3354 1145 3407 τῶν
1188 3355 1513 3424 φθασάντων
1538 3359 1638 3429 τὴν
1662 3360 1857 3430 ὁμοίαν

272 3448 459 3519 κρίσιν
486 3447 580 3500 καὶ
610 3446 703 3499 ἐπὶ
723 3445 937 3509 τούτοις
966 3445 1292 3512 έλκύσαντα,
1321 3450 1437 3513 τοῖς
1463 3449 1670 3520 ὁμοίοις
1704 3453 1859 3521 ἐλέγ-

272 3555 388 3608 χοις
416 3537 544 3598 τοὺς
573 3534 993 3606 μιμησαμένους
1024 3533 1333 3601 ὑποϐαλεῖν,
1366 3532 1449 3599 οἷς
1492 3537 1586 3590 καὶ
1627 3537 1677 3591 οἱ
1725 3557 1859 3610 προ-

272 3628 535 3689 λαϐόντες
567 3625 1079 3699 ἀπερραπίσθησαν.
1114 3628 1224 3681 Καὶ
1246 3626 1408 3680 τοῦτό
1440 3628 1556 3682 ἐστι
1582 3629 1723 3699 μετά
1750 3630 1859 3685 τῶν

272 3720 453 3776 ἄλλων
472 3718 502 3771 ὃ
531 3719 606 3790 μὴ
638 3720 816 3782 πάσας
847 3718 946 3783 τὰς
973 3720 1158 3783 αἰτίας
1195 3720 1507 3785 ἐπεξελθεῖν
1532 3723 1680 3793 ἡμᾶς
1715 3725 1860 3778 κατὰ

275 3812 445 3883 μέρος
473 3812 575 3865 οὐκ
603 3810 950 3877 ἐξεϐιάσατοο
980 3810 1105 3864 οὔτε
1136 3814 1244 3883 γὰρ
1276 3815 1618 3884 στοιχείωσιν
1652 3816 1858 3871 τούτων

273 3905 607 3972 συναγαγεῖν
651 3902 1023 3973 ὑπεσχόμεθα,
1052 3902 1176 3957 οὔτε
1224 3904 1563 3977 δυσθήρατός
1607 3911 1757 3962 ἐστιν
1792 3910 1859 3963 ὲκ

270 3997 383 4051 τῶν
419 3995 853 4066 προειρημένων,
902 3994 1011 4047 τῶν
1059 3999 1406 4066 παρειμένων
1447 3999 1482 4070 ἡ
1511 3998 1717 4071 θεωρία
1763 4004 1858 4055 καὶ

271 4088 572 4159 διάκρισις.
607 4088 714 4140 Καὶ
738 4088 820 4140 ὅτι.
845 4088 914 4140 τά
938 4088 1072 4142 ἄλλα
1103 4089 1201 4159 οὐχ
1235 4089 1423 4161 ὥσπερ
1450 4091 1627 4145 ταῦτα
1663 4095 1859 4148 ἐπιπο-

270 4182 427 4246 λάζει
458 4180 555 4233 καὶ
588 4183 712 4243 τοὺς
740 4179 971 4244 πολλοὺς
1004 4181 1357 4252 ἐπινέμεται·
1396 4184 1491 4238 καὶ
1513 4185 1616 4238 ὅσα
1646 4184 1859 4256 φθάσας

272 4271 435 4333 αὐτὸς
470 4270 808 4340 διηπόρησας
848 4270 991 4324 κατά
1028 4287 1093 4340 γε
1121 4273 1223 4343 τὴν
1256 4271 1351 4327 νῦν
1384 4275 1479 4329 καὶ
1508 4278 1609 4348 τὴν
1649 4278 1854 4349 προλαο

1958 3174 2425 3236 comminiscatur,
2460 3174 2646 3229 statim
2685 3173 2813 3227 hinc
2846 3174 3068 3228 habebit
3099 3183 3291 3228 contra
3327 3188 3388 3229 se
3416 3175 3537 3229 inc-

1957 3265 2234 3321 vitabilem
2274 3265 2686 3321 refutationem.
2729 3264 2828 3318 Sin
2889 3280 3018 3319 vero
3073 3265 3375 3320 secundum
3430 3266 3537 3320 ali-

1957 3357 2086 3427 quid
2120 3357 2642 3426 praatcrmissorum,
2686 3356 2829 3410 haud
2869 3354 3089 3411 difﬁcile
3124 3356 3230 3410 erit
3280 3371 3347 3410 ex
3408 3365 3537 3410 ante

1959 3446 2121 3500 dictis
2146 3461 2244 3516 par
2269 3446 2537 3516 judicium
2567 3446 2635 3500 de
2665 3462 2723 3500 re
2760 3449 3017 3517 praesenti
3048 3462 3328 3510 exercere,
3371 3459 3538 3519 atque

1958 3537 2260 3591 imitatores
2284 3538 2401 3607 pari
2428 3552 2627 3609 genere
2649 3547 3098 3608 argumentorum
3125 3538 3393 3607 refellere,
3422 3555 3534 3609 quo

1959 3634 2275 3702 superiores
2300 3634 2377 3687 illi
2406 3635 2828 3704 vapulaverunt.
2858 3632 2941 3689 Ob
2963 3635 3106 3691 hanc
3137 3636 3382 3706 aliasque
3408 3652 3537 3691 cau-

1959 3741 2051 3779 sas
2080 3725 2222 3779 haud
2251 3734 2447 3780 cuncta
2479 3726 2762 3796 sigillatim
2791 3725 2957 3780 dubia
2984 3728 3292 3795 percenseri
3318 3742 3349 3781 a
3381 3727 3537 3781 nobis

1960 3829 2188 3869 necesse
2241 3812 2590 3883 fuitzneque
2645 3814 2789 3869 enim
2826 3813 3022 3869 horum
3076 3815 3383 3885 catalogum
3445 3831 3536 3870 co-

1958 3920 2219 3960 acervare
2246 3905 2640 3973 promisimus;
2675 3920 2853 3974 neque
2892 3906 3063 3960 ardua
3093 3913 3198 3971 est,
3245 3918 3366 3975 post
3397 3906 3536 3975 prie-

1958 3996 2123 4058 dicta,
2154 3996 2649 4065 praeter-missorum
2694 3997 2940 4064 cognitio
2962 4004 3017 4051 et
3042 3996 3303 4051 discretio
3344 4014 3357 4049 :
3395 4011 3535 4063 pra:-

1959 4090 2150 4146 sertim
2181 4090 2305 4160 quia
2336 4099 2531 4144 caetera
2571 4104 2681 4143 non
2728 4098 2863 4154 tam,
2927 4098 2988 4143 ut
3037 4090 3173 4155 haec,
3226 4088 3534 4159 frequentia

1959 4190 2109 4246 sunt,
2137 4196 2313 4251 neque
2361 4190 2473 4236 tam
2519 4181 2724 4236 multos
2774 4190 3066 4251 occupant.
3112 4182 3284 4252 Igitur
3315 4182 3426 4244 illa,
3469 4183 3535 4237 de

1959 4274 2161 4345 quibus
2224 4289 2399 4343 nuper
2447 4274 2786 4343 atnbigebas,
2842 4275 3144 4328 secundum
3213 4285 3535 4341 praesentem

272 4361 478 4415 δοῦσαν
532 4360 781 4426 ἀξίωσιν,
817 4362 1106 4434 αὐτάρκως
1144 4364 1206 4418 τὸ
1255 4365 1426 4435 σαφὲς
1473 4368 1569 4421 καὶ
1615 4368 1714 4441 τὴν
1756 4372 1854 4442 τῆς

1960 4368 2308 4435 prioremque
2335 4365 2786 4435 postulationem,
2834 4365 2973 4420 satis
3015 4364 3363 4420 manifestam
3410 4382 3535 4436 pcr-

272 4453 514 4523 ἀπορίας
543 4451 700 4505 λύσιν
734 4454 1013 4523 εἰλήφασι.

342 4543 456 4609 λς’.
492 4544 639 4612 Πλὴν
679 4543 733 4597 εῐ
763 4543 847 4605 τίς
876 4560 940 4611 γε
972 4544 1067 4597 καὶ
1092 4543 1251 4599 τοῦτο
1281 4544 1391 4600 τῶν
1419 4546 1859 4614 ἐπιπολαζόντων

274 4638 395 4707 θεξη
417 4636 559 4709 (ἔστι
590 4635 699 4706 γὰρ
717 4639 828 4699 τοῖς
865 4653 925 4688 τε
943 4635 1124 4701 ἄλλοις
1146 4640 1444 4709 αἱρετικοῖς
1461 4641 1682 4706 καὶτοῖς
1711 4644 1856 4697 είκο-

276 4731 545 4799 νομάχοις
585 4728 731 4796 μέγα
785 4726 1125 4797 κσταφύγιον
1151 4746 1165 4760 ·
1204 4730 1494 4785 καθολικὸν
1531 4733 1640 4804 γάρ
1690 4734 1860 4789 τύπον

273 4820 543 4881 πολλάκις
576 4820 610 4889 ὴ
649 4819 771 4889 ιερὰ
812 4818 968 4889 φωνὴ
1008 4821 1439 4890 σχηματίζουσα,
1470 4822 1531 4875 οὐ
1565 4822 1860 4897 καθολικὴν

273 4911 505 4962 ἀπαιτεῖ
527 4907 627 4978 τὴν
649 4907 855 4960 ἔννοιαν
887 4908 1349 4978 ἐκλαμϐάνεσθαι,
1379 4914 1458 4974 εἰς
1486 4912 1768 4984 ὡρισμένα
1801 4916 1859 4970 δέ

273 5018 400 5054 τινα
429 5002 524 5053 καὶ
553 5000 967 5072 προειλημμένα
993 5002 1303 5070 συνάγουσα
1332 5003 1429 5074 τὴν
1460 5003 1731 5076 διήγησιν,
1767 5026 1860 5078 με-

278 5093 442 5167 ρικὴν
477 5090 808 5144 ἐνδείκνυται
841 5090 938 5162 τὴν
970 5091 1291 5161 ἀπόφασιν),
1325 5093 1568 5149 τοιοῦτόν
1613 5101 1731 5151 ἐστι
1775 5100 1858 5163 τὸ,

283 5203 302 5235 ι
332 5184 546 5246 Πάντες
578 5182 691 5235 ὅσοι
719 5181 826 5252 πρὸ
855 5181 991 5252 ἐμοῦ
1018 5177 1204 5253 ἦλθον,
1232 5184 1464 5241 κλέπται
1497 5188 1603 5243 είσὶ
1634 5190 1729 5243 καὶ
1762 5190 1861 5263 λῃ·-

276 5273 423 5327 σταί.
462 5292 482 5324 ι
526 5272 919 5326 Ὑποϐάλλουσι
959 5274 1068 5345 γάρ
1113 5275 1191 5346 τῷ
1229 5275 1502 5349 καθολικῷ
1550 5282 1861 5354 χαρακτῆρι

271 5368 378 5437 τῆς
410 5366 597 5436 φωνῆς
631 5367 682 5420 οί
721 5366 829 5420 ἀπὸ
853 5368 1181 5438 Μαρκίωνος
1208 5371 1303 5425 καὶ
1324 5373 1427 5442 τῆς
1454 5375 1695 5442 γείτονος
1722 5393 1863 5447 φραο

271 5461 458 5533 τρίας,
494 5460 698 5514 Μωσέα
731 5477 790 5513 τε
830 5461 922 5514 καὶ
958 5463 1085 5526 τοὺς
1114 5463 1308 5529 ἄλλους
1346 5466 1440 5519 τοῦ
1474 5467 1608 5520 Θεοῦ
1650 5470 1861 5541 προφή-

272 5570 400 5618 τας,
438 5551 537 5624 τὴν
573 5552 818 5606 Παλαιὰν
850 5553 1127 5626 Διαθήκην
1165 5558 1436 5624 συσκευῂν
1480 5554 1619 5613 εἶναι
1657 5559 1861 5632 δυσφηο

346 5711 391 5743 ⁷⁸
425 5708 586 5765 Joan.
620 5727 673 5777 κ,
711 5710 765 5765 8.

1959 4457 2233 4527 plexitatis
2263 4472 2374 4511 sua:
2404 4456 2734 4511 solutionem
2771 4458 3221 4525 impetraverunt.

2031 4546 2119 4602 56.
2151 4545 2295 4613 Quid
2328 4562 2494 4617 porro
2518 4547 2565 4602 si
2600 4547 2726 4616 quis
2775 4547 2917 4602 hanc
2958 4548 3121 4602 etiam
3155 4562 3187 4603 e
3221 4548 3535 4621 vulgaribus

1959 4640 2359 4709 quaestionibus
2393 4639 2658 4707 poneret?
2690 4656 2814 4710 qua:
2848 4641 3066 4710 quidem
3104 4652 3219 4695 tum
3261 4642 3383 4697 aliis
3425 4642 3534 4697 ba:-

1960 4732 2143 4787 reticis
2166 4740 2280 4786 tum
2308 4732 2608 4803 imaginum
2632 4733 3106 4804 oppugnatoribus
3133 4749 3387 4802 magnum
3415 4749 3533 4802 per-

1962 4825 2169 4894 fugium
2193 4835 2300 4880 est.
2325 4824 2600 4881 Nimirum
2630 4828 2996 4885 universalexn
3025 4841 3402 4897 saepenumero
3429 4824 3530 4880 for-

1962 4930 2105 4969 lnam
2146 4931 2317 4970 sacra:
2362 4915 2584 4972 Littera:
2630 4918 2946 4987 ﬁgurantes,
2994 4917 3141 4972 haud
3173 4917 3534 4972 universalem

1962 5009 2285 5062 sententiam
2313 5008 2416 5062 sibi
2444 5009 2610 5063 tribui
2633 5010 2944 5078 postulant;
2979 5011 3072 5064 sed
3100 5009 3242 5063 intra
3275 5009 3537 5064 terminos

1962 5100 2251 5171 quosdam,
2284 5101 2377 5171 qui
2419 5102 2533 5172 jam
2568 5103 2888 5173 praesumpti
2934 5102 3178 5168 fuerunt,
3228 5102 3535 5157 orationem

1963 5208 2117 5249 suam
2156 5204 2520 5261 coarctantes,
2570 5196 2885 5266 partiarinm
2942 5195 3173 5251 efferunt
3226 5194 3535 5250 afﬁrmatio-

1964 5300 2107 5340 nem.
2140 5283 2460 5355 Hujusmodi
2495 5296 2580 5342 est
2613 5306 2625 5341 :
2659 5306 2678 5340 ‹
2712 5288 2916 5343 Omnes
2963 5296 3235 5358 quotquot
3285 5297 3412 5341 ante
3451 5302 3533 5340 me

1964 5384 2248 5439 venerunt,
2281 5375 2431 5431 fures
2483 5376 2836 5447 latronesque
2860 5375 3014 5431 fuere
3037 5377 3106 5430 ⁷⁸.
3149 5394 3168 5428 ι
3203 5374 3257 5429 In
3301 5378 3402 5430 hoc
3440 5389 3532 5442 ge-

1964 5464 2134 5518 nerali
2164 5466 2423 5520 dictionis
2453 5466 2771 5521 charactere
2808 5466 3145 5520 concludunt
3178 5463 3531 5527 Marcionita),

1962 5566 2015 5613 et
2040 5558 2287 5629 proxima
2311 5566 2484 5625 secta,
2526 5557 2715 5614 Mosen
2741 5558 2938 5629 ipsum
2980 5556 3224 5626 aliosque
3274 5553 3366 5608 Dei
3407 5568 3531 5623 pro-
