3976 6222
447 280 519 343 95
1616 272 1881 334 PHOTII
1915 271 2424 333 PATRIARCILE
2460 273 2570 332 CP.
3665 278 3738 342 96

453 390 645 460 phctas
685 402 701 442 :
742 391 908 456 atque
935 383 1218 440 lla-Vetus
1245 383 1660 440 Testamentum
1711 384 1841 440 mali
1888 383 2032 455 genii

2153 381 2369 451 aoﬁws;
2391 381 2487 435 τοῦ
2520 379 2768 453 Πονηροῦ
2790 399 2802 412 ·
2835 383 3016 437 καίτοι
3047 399 3114 452 γε
3150 384 3212 438 οὐ
3236 386 3359 440 κατ’
3384 385 3640 454 ἐκείνων,
3660 388 3737 452 ὡς

446 481 654 536 malum
703 494 844 549 opus
879 493 1002 534 esse
1046 478 1480 533 calumniantur.
1538 477 1706 548 Atqui
1758 491 1826 533 ea
1871 478 2037 533 verba

450 585 561 624 non
586 570 852 624 adversus
883 569 984 624 hos
1018 576 1238 624 constat
1273 584 1399 624 esse
1432 569 1664 639 prolata,
1705 568 1800 624 sed
1848 575 2038 623 contra

449 663 578 718 illos
604 661 696 731 qui
727 662 890 730 paulo
932 670 1060 716 ante
1113 663 1330 717 Domini
1371 662 1671 718 adventum
1719 662 2038 733 deceptores

448 765 503 810 et
545 755 694 825 plani
730 755 1083 810 exstiterunt.
1111 754 1245 809 Nam
1275 756 1321 810 si
1357 755 1484 825 quis
1545 754 1800 824 opinetur
1845 761 2036 807 contra

451 850 734 904 daemonas
790 850 936 904 hanc
980 849 1185 918 jactam
1227 865 1350 904 esse
1401 848 1739 904 Dominicam
1803 845 2040 900 locutio-

452 955 601 1002 nem,
657 939 871 994 etiamsi
924 938 977 992 id
1029 939 1095 994 ad
1156 940 1486 1009 sacrilegum
1548 937 1758 992 nullum
1809 935 2042 1006 impellit

452 1048 707 1099 sensum;
746 1042 800 1087 et
839 1034 884 1088 si
909 1049 1065 1104 aeque
1093 1034 1402 1103 praesumit,
1455 1031 1601 1088 haud
1647 1045 1866 1100 semper
1917 1030 2041 1084 uni-

451 1121 662 1176 versale
686 1122 940 1178 dictionis
977 1123 1201 1177 schema
1243 1121 1556 1190 generalem
1583 1121 1689 1176 sibi
1709 1121 2038 1176 sententiam

452 1214 1164 1280 vindicare;'niltilominus
1203 1213 1541 1283 exquisitior
1589 1213 1892 1280 subtilitas,
1946 1227 2042 1267 ne-

453 1321 561 1374 que
593 1307 731 1360 satis
761 1307 1080 1376 evangelica
1113 1306 1303 1361 sensui
1355 1321 1690 1376 congruens,
1739 1305 2038 1361 secundum

454 1397 586 1452 huic
608 1399 852 1467 opinioni
880 1406 1001 1466 post
1023 1398 1341 1465 praedictam
1383 1397 1535 1451 illam
1583 1398 1768 1452 locum
1805 1398 1922 1451 dat.
1953 1397 2043 1452 ln-

455 1493 614 1545 terim
653 1502 833 1545 tamen
865 1507 1072 1546 vesana
1103 1501 1159 1545 et
1200 1493 1472 1562 sacrilega
1505 1491 1766 1547 hostium
1800 1492 1894 1547 Dei
1945 1507 2044 1546 au-

452 1584 631 1647 dacia,
669 1585 798 1638 dum
852 1584 1047 1639 forma:
1087 1586 1420 1640 universalis
1470 1585 1726 1641 dictionis
1775 1587 2040 1652 adltteret,

453 1674 677 1730 sceleris
706 1676 791 1731 sui
824 1684 1073 1730 tutamen
1110 1675 1164 1730 in
1199 1674 1505 1731 Dominicis
1529 1676 1706 1732 eﬂatis
1751 1678 1956 1733 habere
1984 1693 2044 1733 se

452 1773 632 1832 putat.
1518 1764 1519 1767 “

521 1856 612 1910 57.
650 1857 786 1911 Illud
822 1871 1044 1926 quoque
1071 1856 1251 1912 simile
1277 1867 1362 1913 est
1413 1877 1434 1910 ι
1471 1859 1670 1914 Omnia
1722 1877 1817 1931 per
1858 1862 2037 1932 ipsum

453 1947 596 2002 facta
628 1959 753 2003 sunt
796 1967 810 2002 :
852 1968 870 2000 ›
899 1951 1046 2017 quod
1079 1964 1235 2018 atque
1264 1953 1443 2006 sancti
1479 1953 1716 2024 Spiritus
1751 1969 2040 2025 oppugna-

456 2040 671 2093 toribus
720 2052 1107 2109 argumentum
1157 2041 1376 2096 errandi
1425 2051 1532 2099 est.
1587 2045 1724 2099 Dum
1778 2047 1924 2100 enim
1971 2047 2043 2102 ob

454 2132 768 2186 universale
805 2132 1066 2186 dictionis
1093 2148 1286 2202 genus,
1320 2137 1736 2192 sanctissimum
1772 2138 2040 2209 Spiritum

453 2239 485 2278 a
531 2237 915 2279 creaturarum
963 2227 1317 2282 universitate
1363 2245 1469 2284 non
1525 2241 1804 2300 separant,
1861 2233 2042 2302 ipsum

453 2314 857 2381 blasphemant.
897 2314 1164 2371 Sexcenta
1189 2319 1292 2372 alia
1335 2335 1506 2374 sacrae
1553 2321 1774 2378 Littera:
1819 2325 2045 2380 univer-

452 2407 552 2461 sali
586 2407 867 2461 schemate
901 2408 1155 2476 eﬂ‘erunt,
1190 2413 1393 2480 quibus
1447 2421 1630 2468 tamen
1674 2416 1893 2470 nonnisi
1920 2432 2046 2485 par-

453 2499 675 2553 tiarium
709 2499 1071 2570 signiﬁcatum
1116 2503 1386 2561 tribuunt.
1450 2505 1632 2560 Veluti
1685 2523 1700 2561 :
1747 2526 1766 2559 ‹
1814 2505 2044 2565 Vanitas

452 2592 785 2655 vanitatum.
833 2601 887 2647 et
926 2594 1112 2670 omnia
1165 2597 1378 2652 vanitas
1409 2597 1458 2628 "
1494 2615 1508 2651 :
1545 2617 1566 2651 ι
1602 2614 1781 2669 neque
1839 2601 2045 2657 idcirco

450 2693 548 2735 aut
583 2684 759 2739 virtus
793 2693 887 2738 aut
916 2686 1180 2754 sapientia
1207 2697 1303 2741 aut
1330 2688 1524 2760 religio
1560 2690 1612 2744 in
1651 2707 1916 2746 vanarnm
1943 2708 2046 2746 nu-

453 2791 609 2828 mero
645 2791 828 2829 rerum
872 2786 1023 2832 sunt.
1068 2779 1208 2833 Tum
1255 2780 1386 2835 illud
1425 2799 1439 2835 :
1477 2801 1496 2834 ‹
1559 2781 1763 2838 Omnes
1807 2785 2046 2839 declina-

453 2877 669 2934 verunt,
710 2869 874 2922 simul
903 2870 1124 2926 inutiles
1157 2871 1286 2925 facti
1314 2883 1447 2927 sunt
1471 2874 1548 2941 ";
1591 2893 1610 2942 ι
1647 2890 1826 2946 neque
1860 2884 2043 2931 tamen

450 2957 726 3025 ejusmodi
756 2971 912 3014 erant
942 2961 978 3014 ii
1013 2978 1155 3030 quos
1187 2962 1335 3019 Deus
1381 2964 1435 3018 in
1499 2965 1734 3037 singulis
1794 2969 2046 3024 aetatibus

453 3052 709 3105 vitiorum
775 3062 829 3107 et
873 3054 1183 3108 dmuonum
1230 3065 1286 3111 et
1337 3065 1697 3127 tyrannorum
1749 3058 1879 3114 fecit
1923 3075 2047 3116 esse

2138 474 2322 544 δῆλον,
2351 475 2582 546 ὲρῤήθη,
2617 474 2731 528 ἀλλ’
2756 473 2850 538 οὓς
2878 480 2906 529 ὁ
2938 476 3121 546 μικρῷ
3151 477 3392 549 πρόσθεν
3412 479 3607 550 χρόνος
3635 479 3738 549 τῆς

2140 569 2484 640 Δεσποτικῆς
2517 569 2849 642 παρουσίας,
2875 571 3204 635 ἀπατεῶνας
3232 573 3328 626 καὶ
3358 572 3603 636 πλάνους
3629 575 3739 628 ἀπ-

2141 661 2336 728 έδειξε.
2370 661 2444 716 Τὸ
2496 663 2606 732 γάρ
2639 663 2719 726 εἰς
2767 663 2895 725 τοὺς
2942 662 3204 732 δαίμονας
3249 664 3589 735 ὑπειλῆφθαι
3639 666 3739 734 τὴν

2142 754 2478 824 Δεσποτικὴν
2511 754 2718 825 ταύτην
2745 754 3085 824 άπερῤίφθαι
3122 757 3329 824 φωνὴν,
3361 756 3470 810 κᾶν
3499 758 3583 820 είς
3612 757 3740 811 ἀσε-

2147 842 2414 914 ϐημάτων
2447 845 2548 898 οὑκ
2577 844 2645 899 ἂν
2687 845 2798 915 ἥκῃ
2850 843 3133 913 λογισμὸν.
3166 843 3267 898 κᾶν
3313 844 3522 916 ὁμοίως
3568 850 3738 918 φρονῇ

2145 933 2221 1005 μὴ
2253 935 2484 989 πάντοτε
2510 936 2571 989 τὸ
2599 935 2888 990 καθολικὸν
2917 935 3104 1005 σχῆμα
3141 937 3240 1007 τῆς
3263 939 3450 1007 φωνῆς
3475 938 3572 990 καὶ
3605 937 3739 992 καθο

2141 1027 2329 1098 ολικὴν
2373 1029 2584 1082 ἔννοιαν
2629 1030 2902 1093 ἀπαιτεῖν,
2936 1028 3053 1082 ἀλλ’
3097 1024 3190 1083 οὖν
3218 1029 3281 1082 τὸ
3315 1031 3740 1102 περιεργότερον

2144 1121 2239 1176 καὶ
2280 1119 2356 1191 μὴ
2387 1122 2487 1190 τῆς
2511 1121 2876 1192 εύαγγελικῆς
2909 1120 3218 1192 βουλήσεως
3247 1123 3379 1193 περὶ
3410 1122 3550 1175 πόδα
3576 1116 3739 1186 εἶναι,

2141 1213 2402 1285 δευτέραν
2425 1212 2573 1283 αὐτῷ
2595 1213 2778 1267 δίδωσι
2802 1212 2898 1266 τοῦ
2925 1215 3334 1285 προειρημένου
3358 1215 3515 1280 τάξιν
3533 1216 3738 1270 λαϐεῖν*

2144 1306 2287 1376 πλην
2311 1323 2375 1375 γε
2403 1306 2466 1359 τὸ
2490 1306 2750 1360 ἀσύνετον
2781 1306 2875 1360 καὶ
2897 1306 3162 1370 δυσσεϐὲς
3187 1306 3296 1359 τῶν
3322 1306 3740 1380 θεομαχούντων

2145 1397 2344 1470 θράσος
2376 1396 2455 1469 τῷ
2486 1397 2645 1469 τύπῳ
2687 1401 2788 1469 τῆς
2820 1398 3115 1467 καθολικῆς
3153 1399 3595 1469 προσανέχοντες
3628 1416 3737 1469 φωρ

2145 1487 2264 1556 νῆς,
2295 1487 2398 1557 τῆς
2420 1487 2626 1552 οἰκείας
2655 1487 2978 1553 δυσσεϐείας
3005 1481 3361 1560 ἀναχώρησιν
3391 1489 3457 1542 τὰ
3483 1490 3744 1560 Κυριακέι

2145 1579 2429 1648 νομίζουσι
2458 1579 2639 1651 λόγια.

2214 1842 2312 1908 λζ’.
2343 1843 2571 1914 Ὅμοιόν
2609 1844 2726 1896 ἔστι
2760 1843 2858 1899 καὶ
2891 1844 2972 1911 τὸ,
3015 1865 3034 1897 ι
3075 1845 3264 1900 Πάντα
3305 1847 3375 1900 δι’
3403 1848 3570 1900 αὑτοῦ
3619 1848 3745 1916 ὲγὲ-

2143 1952 2295 1989 νετο·
2335 1956 2356 1988 ο
2407 1938 2504 1990 καὶ
2553 1937 2756 2006 ὁμοίως
2795 1939 2907 2000 τοῖς
2946 1939 3439 2010 Πνευματομάχοις
3495 1941 3731 2010 ὄργανον

2143 2029 2249 2099 τῆς·
2278 2028 2488 2098 πλάνης
2527 2027 2916 2083 ὑποϐάλλεται.
2949 2029 3072 2082 Τῶν
3109 2030 3329 2084 πάντων
3357 2032 3467 2102 γάρ
3509 2033 3571 2085 τὸ
3602 2050 3741 2086 παν-

2143 2125 2298 2193 άγιον
2322 2123 2546 2194 Πνεῦμα
2567 2123 2660 2177 διὰ
2678 2125 2741 2178 τὸ
2769 2123 3000 2178 καθόλου
3025 2126 3122 2196 τῆς
3151 2127 3340 2196 φωνῆς
3363 2127 3466 2181 οὐκ
3493 2128 3746 2198 ἐξαιρού-

2148 2236 2300 2291 μενοι
2332 2218 2438 2273 τῶν
2468 2219 2794 2287 γεγονότων,
2833 2218 2931 2271 καὶ
2958 2219 3093 2271 αὐτὸ
3117 2219 3596 2292 δεδυσφημήκασι.
3631 2222 3744 2274 Καὶ

2149 2313 2318 2383 μυρία
2369 2311 2414 2363 δ’
2459 2310 2597 2364 ἄλλα
2645 2311 2694 2363 οἰ
2748 2311 2888 2381 ίεροὶ
2925 2310 3092 2378 Λόγοι
3118 2312 3199 2374 είς
3234 2311 3296 2364 τὸ
3325 2311 3449 2366 καθ’
3470 2312 3598 2367 ὅλου
3641 2313 3742 2382 μὲν

2148 2403 2570 2476 σχηματίζουσι,
2605 2402 2990 2474 μερικωτέραν
3018 2403 3075 2456 δὲ
3114 2402 3396 2458 ποιοῦνται
3429 2404 3532 2473 τὴν
3562 2404 3741 2476 δήλω-

2149 2513 2233 2550 σιν
2250 2513 2266 2528 ⁶
2297 2495 2374 2561 ὡς
2402 2496 2486 2549 τό·
2517 2513 2535 2546 ι
2566 2495 2886 2566 Ματαιότης
2913 2496 3312 2566 ματαιοτήτων,
3339 2495 3407 2548 τὰ
3425 2497 3606 2550 πάντα
3635 2515 3742 2568 μα-

2144 2589 2368 2656 ταιότης
2391 2604 2405 2618 ο
2443 2603 2470 2639 »λ
2504 2587 2625 2640 οὐδὲ
2653 2586 2762 2658 γὰρ
2782 2587 2890 2640 οὐδ’
2923 2589 2958 2658 ἡ
2992 2587 3163 2660 ἁρετὴ
3188 2588 3298 2641 τῶν
3327 2589 3598 2659 ματαίων,
3632 2589 3740 2642 οὐδ’

2149 2679 2182 2749 ὴ
2221 2677 2405 2746 σοφία,
2434 2677 2544 2731 οὐδ’
2581 2678 2613 2747 ἡ
2655 2676 2934 2730 εὐσέϐεια.
2974 2679 3103 2742 Καὶ,
3142 2695 3161 2728 ι
3190 2678 3399 2742 Πάντες
3433 2678 3737 2746 ἐξέκλιναν,

2148 2768 2267 2836 ἅμα
2289 2765 2698 2838 ⁴ιἰχρειώθησιιν·
2728 2786 2746 2818 ι
2781 2767 2904 2820 οὐδὲ
2928 2768 3035 2839 γάρ
3061 2766 3172 2821 οὐδ’
3194 2770 3244 2822 οί
3275 2769 3429 2840 παρὰ
3448 2769 3586 2822 Θεοῦ
3618 2768 3740 2824 καθ’

2148 2864 2388 2936 ἑκάστην
2440 2866 2634 2931 γενεὰν
2676 2863 2772 2916 καὶ
2798 2864 2994 2932 γενεὰν
3024 2864 3170 2918 κατὰ
3201 2863 3392 2919 παθῶν
3424 2864 3519 2918 καὶ
3549 2864 3740 2933 δαιμό-

2147 2973 2256 3008 νων
2282 2955 2377 3008 καὶ
2397 2956 2677 3024 τυράννων
2701 2959 3021 3025 στεφανίται
3045 2955 3387 3026 δεικνύμενοι
3410 2973 3424 2988 ·
3452 2957 3548 3010 καὶ
3567 2956 3739 3010 πολλὰ

2148 3050 2284 3106 ἄλλα
2316 3049 2543 3104 τοιαῦτα
2577 3050 2669 3104 ἐπὶ
2697 3050 2892 3122 σχολῆς
2918 3050 2984 3106 ἄν
3016 3068 3101 3116 τις
3133 3051 3468 3123 θεωρήσειεν
3495 3068 3512 3083 ·
3551 3053 3742 3124 ἀρκεῖν

454 3143 716 3198 victores.
754 3143 923 3198 Multa
954 3146 1267 3214 hujusmodi
1301 3148 1427 3203 licet
1472 3151 1672 3220 cuique
1727 3167 1822 3221 per
1871 3153 2042 3207 Otium

2153 3145 2195 3199 δ’
2215 3141 2488 3215 οἶμαικαὶ
2517 3145 2585 3199 τά
2621 3145 3088 3218 παρατεθειμένα.
3117 3147 3230 3216 Τῆς
3257 3147 3363 3218 γὰρ
3392 3147 3741 3217 εἰκονομαχι-

455 3235 752 3290 observare
787 3254 801 3289 :
836 3253 1149 3307 quanquam
1182 3239 1318 3294 mihi
1366 3241 1632 3296 hactenus
1661 3243 1810 3298 dicta
1851 3244 2048 3299 viden-

457 3338 546 3382 tur
583 3327 850 3384 sutliccre.
883 3328 1045 3384 Certe
1073 3339 1128 3384 et
1149 3329 1394 3393 furorem
1427 3335 1864 3404 oppugnantium
1911 3336 2048 3390 ima-

451 3422 633 3492 gines,
671 3421 762 3490 qui
795 3421 962 3476 simili
994 3423 1202 3478 malitia
1244 3426 1582 3497 vesaniaque
1623 3427 1874 3483 laborant
1921 3443 2046 3483 cum

453 3515 581 3569 aliis
603 3515 769 3569 fatuis
790 3516 1040 3583 ejusdem
1068 3527 1230 3572 sectae
1251 3519 1530 3584 versutiis,
1554 3520 1820 3591 peculiari
1842 3522 2048 3592 scripto

453 3606 870 3662 debellavimus.
893 3606 1127 3678 Jamque
1157 3611 1295 3664 adeo
1323 3613 1470 3680 quod
1505 3614 1692 3668 multae
1719 3616 2048 3685 quastiones

455 3715 714 3756 sermone
743 3702 949 3772 praevio
972 3713 1187 3772 egeant,
1229 3713 1284 3759 et.
1316 3707 1463 3776 quod
1511 3716 1620 3763 tuae
1675 3707 2047 3767 dubitationes

457 3791 527 3844 ab
561 3793 968 3862 antiquioribus
999 3796 1206 3852 sanctis
1236 3797 1392 3863 viris,
1429 3807 1595 3869 atque
1621 3815 1652 3855 a
1682 3817 1792 3868 me,
1813 3802 2047 3858 ducibus

455 3883 586 3946 illis,
622 3886 904 3956 dissipata:
934 3886 1160 3954 fuerint,
1206 3898 1261 3944 et
1303 3890 1448 3960 quod
1498 3893 1772 3963 plurimas
1823 3910 2044 3964 causas,

457 3976 602 4028 unde
629 3976 761 4029 oriri
791 3979 1185 4033 controversia
1221 3979 1416 4045 solent,
1460 3983 1890 4052 percensuerim,
1925 4000 2044 4041 ser-

453 4079 546 4117 ιιιο
587 4081 745 4121 meus
776 4066 1048 4125 hactenus
1087 4071 1506 4127 demonstravit.
1544 4071 1737 4128 Utrum
1766 4091 1898 4130 νει-ο
1934 4089 2049 4130 om-

457 4152 546 4205 nia
577 4167 836 4210 accurate
863 4158 1409 4226 compreltcnderim,
1447 4175 1643 4226 necne,
1679 4162 1824 4217 haud
1853 4161 2048 4219 Hercle

451 4243 836 4300 alIirmaverim
875 4265 886 4301 :
921 4249 1220 4318 caeteroqui
1244 4250 1392 4320 quod
1414 4267 1522 4305 non
1573 4254 1834 4322 pauciora
1857 4264 2048 4325 postu-

456 4333 583 4388 latis
613 4334 666 4387 in
695 4336 935 4391 medium
969 4338 1215 4405 tulerim,
1239 4339 1292 4395 id
1329 4340 1375 4395 si
1399 4340 1539 4396 forte
1573 4340 1860 4409 afﬁrmem,
1885 4361 2047 4400 nemo

453 4439 563 4488 me,
597 4424 787 4494 judice
817 4430 1067 4496 veritate,
1102 4433 1338 4500 superbe
1368 4433 1520 4503 loqui
1557 4435 1899 4491 causabitur.

1033 4542 1362 4610 QUIESTIO
1394 4545 1460 4602 11.

448 4627 540 4712 δι’
561 4630 646 4684 die
691 4633 914 4712 septimo
977 4637 1225 4712 requievit
1265 4635 1438 4712 Deus__
1460 4639 1554 4712 ab_
1581 4640 1839 4712 universis
1868 4645 2035 4712 operi-

522 4700 618 4753 bus
652 4704 786 4765 suis,
836 4700 1099 4771 quomodo
1125 4707 1365 4760 salutare
1400 4707 1581 4762 Patris
1616 4710 1838 4764 Verbum
1872 4700 2038 4770 dicit:

525 4789 545 4822 ι
569 4771 732 4825 Pater
756 4790 900 4826 meus
927 4791 1090 4843 usque
1121 4781 1275 4830 modo
1296 4790 1548 4847 operatur
1566 4789 1615 4834 et
1643 4798 1738 4851 ego
1757 4799 1948 4853 operor
1966 4786 1992 4838 .9
2016 4805 2034 4838 ι

509 4971 653 5023 Edita
683 4972 742 5022 ab
781 4976 892 5037 Ang

445 5033 574 5086 gen.
598 5050 653 5098 ιι,
687 5037 718 5084 2
741 5043 797 5086 et
819 5033 963 5120 Joan:
995 5053 1040 5098 ν,
1070 5033 1158 5100 ⁷17,

523 5142 773 5208 Quatuor
800 5145 1050 5203 videmus
1082 5147 1362 5204 Creatoris
1383 5151 1768 5220 operationes;
1807 5171 2043 5226 quarum

449 5235 675 5306 quidem
729 5240 905 5308 prima
952 5249 1036 5298 est
1069 5240 1187 5310 ipso
1227 5241 1298 5296 ab
1333 5243 1493 5297 initio
1531 5260 1723 5300 eorum
1748 5263 1870 5318 qua:
1891 5251 2046 5306 exsi-

524 5352 568 5384 ¹²
601 5348 783 5408 Ecclc.
826 5369 866 5418 ι,
901 5352 957 5408 2.
1031 5353 1080 5388 ⁷³
1110 5355 1258 5412 Psal.
1314 5372 1436 5425 xm,
1495 5359 1549 5412 5.

2151 3240 2254 3308 κῆς
2309 3236 2513 3306 λύσσης
2565 3239 2664 3309 τὴν
2709 3238 2799 3292 διὰ
2844 3237 2948 3309 τῆς
2985 3239 3326 3310 κακουργίας
3365 3238 3573 3310 ταύτης
3609 3239 3740 3292 ἀπό-

2149 3343 2321 3391 νοιαν,
2356 3328 2495 3398 μετά
2519 3326 2621 3398 τῆς
2649 3326 2817 3399 ἄλλης
2843 3328 3024 3382 αὐτῶν
3053 3327 3460 3400 φρενοϐλαϐοὖς
3487 3346 3740 3401 κακομη⁹

2149 3417 2362 3489 χανίας.
2409 3416 2720 3484 ἰδιαζόντως
2763 3421 2900 3492 ἡμῖν
2943 3419 3104 3489 λόγος
3146 3419 3550 3493 ἐθριάμϐευσεν
3604 3422 3737 3490 (96).

2162 3512 2303 3565 Ἀλλ’
2354 3512 2438 3585 ὅτι
2499 3513 2599 3584 μὲν
2650 3511 2822 3566 πολλὰ
2867 3513 2980 3566 τῶν
3030 3513 3407 3584 ἀπορημάτων
3460 3531 3743 3585 προκατα-

2151 3606 2350 3677 σκευῆς
2404 3583 2598 3670 δεῖται,
2643 3606 2738 3659 καὶ
2775 3606 2857 3659 δτι
2891 3607 2962 3659 τὰ
3001 3604 3071 3658 σὰ
3292 3623 3352 3660 τε
3393 3583 3742 3678 τῶνήπρολα-

2151 3697 2354 3750 ϐόντων
2392 3696 2601 3767 ἀνδρῶν
2628 3697 2800 3766 ἁγίων
2833 3699 2927 3752 καί
2959 3698 3092 3769 ἡμῖν
3123 3697 3310 3761 αὐτοῖς
3345 3698 3560 3751 ἐκεῖθεν
3591 3715 3743 3770 χειρ-

2151 3787 2615 3861 α[γω]γουμένοις
2655 3790 3048 3861 διευκρινηται,
3066 3791 3160 3844 καὶ
3180 3791 3263 3844 ὅτι
3293 3789 3361 3844 τά
3389 3790 3620 3844 πλεῖστα
3633 3791 3744 3844 τῶν

2150 3881 2340 3935 αἰτίων
2360 3883 2493 3953 παρ’
2515 3881 2551 3935 ἃ
2577 3882 2736 3936 είωθε
2768 3882 3088 3953 συμϐαίνειν
3118 3884 3180 3936 τὸ
3208 3883 3414 3953 ἄπορον
3450 3883 3744 3955 ἐπεξήλθο-

2153 3990 2276 4044 μεν,
2322 3975 2350 4026 ὁ
2399 3973 2556 4042 λόγος
2603 3974 2872 4040 ἐπέδειξε.
2911 3976 3023 4029 Καὶ
3055 3975 3136 4029 ὅτι
3180 3976 3278 4046 μὲν
3321 3976 3420 4042 τῆς
3457 3977 3744 4050 ἀκριϐείας

2151 4065 2371 4119 πάντων
2413 4066 2820 4136 ἐπειλήμμεθα,
2860 4067 2962 4121 οὐκ
3009 4067 3076 4122 ἂν
3121 4068 3385 4140 φαίημενο
3422 4069 3505 4123 ὅτι
3548 4070 3605 4124 δὲ
3645 4072 3745 4142 τῆς

2149 4158 2420 4226 αἰτήσεως
2465 4159 2568 4211 οὐκ
2616 4159 2837 4213 ἔλαττον
2869 4160 3296 4231 εἰσηνέγκαμεν,
3328 4161 3430 4214 οὐκ
3466 4161 3532 4216 ἂν
3571 4162 3744 4234 ὕπερ-

2148 4248 2375 4318 ηφάνων
2399 4249 2596 4319 λόγων,
2619 4251 2945 4324 δικαζούσης
2972 4251 3258 4324 ἀληθείας,
3287 4253 3465 4318 οὐδεὶς
3497 4254 3566 4310 ἂν
3598 4257 3743 4328 ἡμᾶς

2150 4341 2482 4398 αἰτιάσαιτο.

2692 4563 3028 4618 ΕΡΩΤΗΣΙΣ
3059 4565 3133 4621 B'.

2149 4651 2220 4703 Ei
2248 4650 2323 4719 τῇ
2349 4650 2576 4726 ἐϐδόμῃ
2604 4654 2797 4722 ἡμέρᾳ
2815 4657 3205 4726 κατέπαυσεν
3221 4660 3254 4711 ὀ
3275 4660 3422 4726 Θεὸς
3443 4660 3566 4714 ἀπὸ
3593 4663 3740 4714 πάν-

2217 4737 2338 4798 t_¢or
2369 4721 2493 4798 τῶν
2523 4721 2738 4798 ,ἔργων
2771 4721 2988 4798 ίαὺτλοῦ,
3039 4725 3168 4798 πῶς
3205 4728 3238 4780 ὀ
3289 4721 3591 4798 σωτήριος
3637 4733 3740 4785 τοῦ

2217 4793 2449 4870 Πατρός
2495 4797 2684 4870 Andron;
2743 4796 2971 4870 φης-[ιζ’
3011 4797 3141 4870 «ρο
3192 4797 3398 4868 Πατήρ
3444 4793 3582 4870 ᾆιού
3635 4802 3740 4868 ἕως

2131 4923 2135 4927 η
2213 4861 2344 4928 ἄρτι
2373 4861 2694 4933 ἐργάζεται,
2722 4861 2885 4935 κάγὼ
2911 4866 3255 4937 ἐργάζομαι;
3296 4887 3315 4920 ι

898 4976 1218 5061 ΪἎΜείοἏξει.
1276 4979 1464 5042 Script.
1495 4994 1606 5032 nov.
1649 4982 1797 5044 6011.,
1831 4990 1866 5033 t.
1902 4985 1982 5048 lx,
2009 5001 2058 5050 p.
2103 4990 2161 5041 12
2182 5007 2197 5048 ;
2245 4999 2535 5060 explanatis,
2562 5001 2810 5061 quomodo
2836 5004 2973 5051 inter
2997 5015 3057 5053 se
3098 5005 3398 5054 conveniant
3447 5007 3737 5058 testimonia

2226 5165 2509 5236 ’[έσσερας
2541 5168 2762 5240 ὁρῶμεν
2807 5171 2900 5226 τοῦ
2937 5173 3285 5246 Δημιουργοῦ
3325 5177 3628 5250 ἐργασίαςο
3665 5175 3734 5234 ὧν

2158 5259 2347 5330 πρώτη
2379 5260 2480 5330 μέν
2507 5262 2659 5314 ἐστιν
2689 5261 2828 5335 αὐτὴ
2856 5264 2966 5321 τῶν
3000 5266 3225 5342 δντωνὴ
3252 5273 3377 5326 κατ’
3399 5273 3576 5346 ἀρχὰς
3609 5291 3734 5345 προσ

1969 5459 2208 5518 NOTAE.

513 5559 628 5629 (ἐϋ)
664 5559 850 5637 Photii
877 5576 1018 5637 opus
1049 5578 1169 5637 pro
1198 5574 1511 5637 sanctarum
1553 5566 1849 5637 imaginum
1880 5571 2031 5626 cultu

439 5645 754 5706 memorare
799 5631 1017 5706 videtur
1049 5631 1374 5706 Euthymius
1424 5637 1570 5706 apud
1601 5631 1854 5694 La'mbcc.
1897 5648 2028 5694 tom.

441 5699 536 5757 ill.
569 5717 619 5758 ι).
657 5702 782 5757 4'22.
815 5702 1138 5772 Quanquam
1190 5699 1324 5758 nihil
1369 5699 1516 5762 aliud
1558 5706 1790 5764 fortasse
1823 5711 2029 5766 intelli-

2141 5576 2381 5666 gendum
2404 5586 2512 5666 est.
2546 5590 2744 5664 prmter
2773 5584 2862 5639 illa
2887 5601 3010 5666 qua
3024 5604 3132 5666 pro
3162 5607 3227 5647 eo
3260 5595 3514 5666 dogmate
3546 5598 3730 5652 dicun-

2143 5655 2285 5741 {953
2312 5647 2516 5741 εῖδίξιῇφ,
2544 5647 2602 5741 in,
2626 5647 3068 5741 ρνίςηεξηερῖξξρέἓι
3098 5647 3732 5741 tappetia???hbiti).

2138 5725 2194 5769 ct
2217 5719 2269 5769 in
2308 5719 2754 5788 Amphilochium:
2782 5719 3082 5800 1961167),
3104 5719 3215 5789 ’197
3247 5719 3418 5808 (168),
