3976 6222
168 276 229 336 97
1155 267 1254 328 AD
1292 257 1887 325 AMPHILOCHIUM
1918 246 2264 325 OU/‘ESTIO
2295 251 2378 314 Π.
3359 229 3440 336 9'3

168 378 294 448 ϐολή
317 395 378 430 τε
411 377 508 430 καὶ
540 376 872 448 δημιουργία
899 393 912 406 ⁸
949 374 1072 428 καθ’
1099 375 1127 426 ὂ
1172 373 1574 445 σημαινόμενον
1603 369 1758 440 εἴρη-

1872 373 2019 417 stunt
2051 362 2341 431 productio
2381 368 2436 415 et
2467 360 2705 424 crcatio;
2757 372 2868 428 quo
2923 358 2977 412 in
3017 372 3179 412 sensu
3231 338 3439 410 dictum

165 487 315 538 ται,‹
337 469 450 523 Καὶ
469 471 534 540 τῇ
572 469 618 534 ζ’
653 470 835 540 ήμέρα
856 469 1202 522 κατέπαυσεν
1236 466 1440 528 ό·Θεόςο
1473 483 1492 515 ι
1524 463 1620 516 καὶ
1648 461 1759 531 γὰρ

165 561 264 624 τάς
297 561 494 630 φύσεις
525 561 636 612 τῶν
661 562 832 613 ὄντων
855 561 1114 614 ἁπάντων
1145 561 1200 611 ἐν
1229 557 1368 611 ἐπτά
1397 554 1760 625 τελεσάμενός

168 666 223 701 τε
255 650 351 702 καὶ
390 647 661 712 ούσιὼσας
708 649 947 721 ήμέραις
986 647 1374 718 ὁΔημιουργὺς
1399 645 1582 698 οὐκέτι
1612 661 1759 714 παρ-

164 741 386 809 αγωγὴν
449 741 711 810 οὐδεμίαν
737 740 1069 804 ἐπεδείξατο.
1104 739 1344 809 Δευτέρα
1370 737 1426 790 δὲ
1460 738 1496 808 ή
1525 736 1584 800 ἐξ
1611 737 1758 788 ἐκεί-

164 849 256 884 νου
293 834 458 903 μέχρι
486 832 584 885 τοῦ
613 832 709 886 νῦν
734 833 844 885 τῶν
866 833 1016 897 ἅπαξ
1040 830 1360 900 ἐφεστώτων
1387 828 1758 900 ἐνεργουμένη

162 921 392 990 διαμονή
409 939 468 974 τε
501 923 594 974 καὶ
625 923 958 992 συντήρησις
995 922 1089 974 καὶ
1110 918 1760 991 μηδαμῆπαραχωροῦσα

162 1013 240 1074 εἰς
264 1012 564 1082 ὁλόκληρον
597 1010 738 1076 εἶδος
771 1012 1186 1084 παραπολέσθαι
1218 1013 1314 1066 καὶ
1343 1012 1479 1083 πρὸς
1503 1011 1566 1064 τὸ
1594 1011 1668 1082 μὴ
1701 1010 1760 1063 ὃν

159 1105 518 1175 χωρῆσαι-ὴ
567 1105 624 1158 δὲ
668 1106 895 1175 τοιαύτη
937 1107 1194 1175 ἐνέργεια
1246 1105 1344 1158 καὶ
1405 1107 1756 1176 συντήρησις,

163 1197 398 1264 πρόνοιά
429 1214 489 1248 τε
519 1196 656 1250 Θεοῦ
686 1197 780 1249 καὶ⁸
804 1197 1102 1268 κηδεμονία
1125 1197 1370 1251 καλεῖται
1395 1213 1410 1228 ο
1436 1197 1531 1250 κα)⁵
1553 1197 1759 1266 ταύτης

157 1287 254 1355 τῆς
310 1287 601 1356 ἐνεργείας
635 1305 697 1339 τε
745 1287 840 1342 καὶ
889 1287 1156 1357 ἐργασίας
1205 1288 1461 1358 οὐδεμίαν
1504 1287 1758 1342 οὐδέποτε

159 1377 532 1442 κατάπαυσιν,
558 1380 753 1449 μέχρις
784 1379 851 1432 ἂν
884 1381 944 1433 τὸ
975 1382 1252 1450 περίγειον
1321 1380 1441 1433 τόδε
1475 1379 1758 1450 σύγκριμα

159 1469 261 1536 τὴν
291 1469 596 1521 ὑπόστασιν
631 1470 751 1540 ἔχῃ,
770 1473 798 1523 ὁ
817 1469 1022 1540 ἀληθὴς
1049 1470 1405 1536 ἐξεπίσταται
1430 1469 1608 1536 λόγος.
1631 1469 1756 1520 Ἔτι

159 1559 215 1614 δὲ
246 1561 442 1630 τρίτην
478 1561 696 1632 ὁρῶμεν
729 1561 824 1614 τοῦ
870 1561 1216 1632 Δημιουργοῡ
1257 1561 1548 1632 ἐργασίανν
1595 1561 1654 1624 ἐξ
1690 1555 1758 1630 ἧς

163 1650 369 1720 ἑκάστη
413 1653 581 1719 φύσις
609 1652 682 1705 τά
723 1653 902 1706 οίκεῖα
934 1654 1255 1724 πράττουσα
1306 1652 1462 1705 ούδέν
1499 1652 1752 1720 ἀνόμοιον

162 1743 198 1815 ἢ
228 1719 516 1810 ἀλλότριον
557 1745 731 1815 αὐτῆς
782 1719 1172 1816 προϐάλλεται,
1209 1719 1326 1797 ἀλλ’
1365 1746 1569 1815 ἐκάστη
1604 1719 1748 1812 πρὸς
1788 1719 1827 1773 Β

169 1835 226 1887 τὸ
251 1837 446 1888 οἰκεῖον
488 1837 588 1889 καὶ
631 1838 874 1908 ἐμφερὲς
919 1838 1355 1909 διαπλαττομένη
1401 1839 1497 1890 καὶ
1547 1854 1750 1909 μορφο-

172 1925 394 1977 ποιοῦσα
418 1924 481 1977 τὸ
511 1926 760 1996 γέννημα
789 1927 1079 1981 ἀνόθευτον
1122 1927 1221 1999 τὴν
1263 1928 1512 1998 διαδοχὴν
1549 1928 1750 1980 ἐπιδεί-

169 2032 354 2069 κνυται
382 2033 398 2046 ⁸
433 2018 522 2088 εἴη
558 2017 604 2070 δ’
636 2018 704 2070 ἂν
734 2018 831 2071 καλ⁹
867 2019 899 2090 ή
926 2019 1150 2090 τοιαύτη
1176 2020 1410 2088 ἐργασία
1439 2020 1519 2082 είς
1549 2019 1640 2071 τὸν
1655 2023 1754 2089 τῆς

164 2109 426 2178 προνοίας
455 2111 554 2163 καὶ
595 2112 929 2181 κηδεμονίας
952 2114 1239 2184 ἀνηγμένη
1267 2113 1448 2181 λόγον.
1482 2112 1631 2184 Πλὴν
1645 2113 1754 2165 τῶν

165 2202 480 2270 εἰρημένων
507 2205 675 2273 τριῶν
701 2205 1000 2275 ἐργασιῶν,
1038 2207 1072 2275 ἡ
1107 2207 1207 2276 μὲν
1243 2207 1374 2276 περὶ
1418 2206 1753 2269 ούσιώσεως,

163 2296 196 2360 ή
225 2293 282 2345 δὲ
310 2311 378 2345 πει
391 2295 446 2364 ρί
479 2295 771 2365 δ.αμονῆς,
804 2300 838 2368 ἡ
863 2298 916 2350 δέ
943 2299 1071 2368 περὶ
1095 2299 1414 2370 ὁμοιότητος
1438 2300 1529 2353 τὸν
1554 2299 1756 2353 σκοπὸν

163 2384 489 2440 ἀπευθύνει.
523 2388 620 2450 Εἰς
644 2388 735 2442 τὸν
760 2390 923 2442 αὐτὸν
945 2389 1002 2442 δέ
1032 2390 1328 2461 συναχθείη
1361 2391 1517 2458 λόγον
1539 2392 1632 2444 καὶ
1659 2392 1757 2460 τῆς

164 2477 376 2542 τάξεως
415 2479 527 2532 τῶν
560 2481 916 2535 ὑποστάντων
943 2486 975 2554 ή
1008 2484 1369 2547 ἀναλλοίωτός
1406 2501 1462 2536 τε
1492 2485 1588 2538 καὶ
1621 2487 1759 2554 ἀμε-

169 2572 470 2643 τακίνητος
499 2573 716 2645 διαδοχή
739 2592 753 2604 ο
777 2576 928 2646 ἥλιός
954 2577 1012 2629 τέ
1029 2594 1092 2645 γε
1112 2577 1206 2631 καὶ
1231 2577 1430 2647 σελήνη
1446 2579 1544 2641 τὰς
1567 2579 1761 2631 ἀνατο-

163 2666 259 2729 λάς
289 2683 348 2717 τε
375 2667 472 2717 καὶ
496 2665 703 2730 δύσεις,
751 2669 1004 2732 συνόδους
1038 2687 1096 2722 τε
1126 2671 1222 2722 καὶ¹
1277 2672 1630 2735 ἀποστάσεις,
1668 2674 1762 2724 καὶ

168 2758 266 2820 τὰς
295 2757 475 2820 ἄλλας
535 2759 842 2828 ἐνεργείας,
875 2761 940 2824 ἃς
968 2763 996 2814 ὀ
1029 2762 1422 2834 δημιουργικὸς
1461 2765 1643 2827 αὐτοῖς
1679 2767 1763 2818 ἐν-

174 2847 412 2902 απέθετο
442 2848 608 2916 λόγος
636 2851 736 2903 οὐκ
765 2853 830 2904 ἂν
857 2852 1201 2922 ἀμείϐοντες,
1231 2855 1353 2907 ούδέ
1379 2859 1480 2920 τὴν
1500 2855 1560 2921 ἐξ
1590 2858 1763 2926 ἀρχῆς

170 2939 354 3000 αὐτοῖς
392 2942 664 3006 παγεῖσαν
720 2940 983 2994 εὔτακτον
1041 2942 1136 2995 τοῦ
1198 2943 1400 3015 δρόμου
1459 2949 1765 3016 περιφορὰν

1860 465 1945 511 est
1971 474 1984 508 :
2018 455 2113 510 «Et
2140 455 2229 509 die
2262 454 2497 525 septimo
2526 452 2795 524 requievit
2826 451 3020 505 Deus.»
3048 448 3266 504 Naturis
3295 449 3442 503 enim

1867 563 2056 603 eorum
2081 547 2329 601 omnium
2361 561 2484 617 quae
2505 555 2632 600 sunt
2656 555 2705 598 et
2726 542 3051 598 substantiis
3069 543 3210 596 intra
3233 551 3439 611 septem

1861 638 1977 693 dies
2008 637 2286 708 perfectis,
2332 638 2562 692 Creator
2603 634 2989 690 nullam'ultra
3037 633 3286 687 exhibuit
3317 648 3446 701 pro-

1860 730 2201 786 ductionem.
2265 728 2514 786 Secunda
2563 740 2743 783 autem
2784 735 2870 784 cst
2926 727 3015 780 illa
3065 725 3334 781 stabilitas
3392 731 3449 779 et

1859 824 2206 879 conservatio
2233 833 2628 886 creaturarum,
2651 837 2716 875 ex
2740 834 2850 888 quo
2878 819 3141 874 exsistere
3163 825 3451 887 cmperunt

1867 931 2042 987 usque
2072 917 2138 971 ad
2159 917 2516 982 hoctempus,
2557 929 2666 967 non
2701 915 2887 968 sincns
2917 912 3185 967 velunam
3210 910 3448 980 speciem

1860 1011 2088 1065 omnino
2121 1011 2299 1080 perire
2314 1017 2369 1063 et
2398 1009 2452 1062 in
2488 1008 2717 1061 nihilum
2749 1007 2926 1062 redire
2955 1023 2970 1060 :
3000 1021 3063 1060 ea
3092 1020 3257 1075 porro
3287 1005 3370 1060 vis
3395 1009 3452 1058 et

1871 1102 2256 1167 conservatio,
2309 1100 2650 1171 providentia
2691 1100 2783 1155 Dei
2817 1109 2873 1153 et
2901 1114 3032 1154 cura
3067 1083 3344 1152 vocatum.
3384 1095 3456 1151 Et

1864 1195 1984 1250 hanc
2013 1194 2096 1250 vis
2136 1204 2188 1250 et
2238 1196 2382 1249 actio
2419 1209 2698 1264 nunquam
2735 1193 2984 1247 futurum
3012 1208 3134 1248 esse
3167 1204 3228 1246 ut
3253 1200 3449 1256 cesset,

1859 1287 2103 1357 quandiu
2159 1287 2422 1342 subsistet
2471 1289 2582 1341 haec
2632 1295 2851 1341 terrena
2914 1285 3146 1350 creatio,
3175 1285 3452 1341 veridicus

1861 1379 2013 1434 testis
2041 1387 2125 1434 est
2153 1393 2357 1434 sermo.
2392 1379 2631 1434 Tertiam
2663 1394 2882 1449 quoque
2904 1378 3153 1432 videmus
3173 1378 3453 1432 Creatoris

1860 1471 2254 1540 operationem,
2317 1471 2367 1524 vi
2420 1472 2578 1539 cujus
2639 1485 2982 1540 unaquaeque
3031 1482 3226 1524 natura
3290 1485 3456 1540 agens

1859 1561 2080 1628 propria
2121 1560 2258 1614 nihil
2305 1559 2406 1616 sibi
2437 1559 2705 1616 dissimile
2751 1569 2842 1613 aut
2887 1575 2994 1616 non
3024 1569 3453 1614 consentaneum

1861 1652 2150 1722 producit;
2208 1652 2301 1708 sed
2337 1653 2492 1721 juxta
2527 1667 2656 1706 suas
2709 1651 3074 1721 proprietates
3106 1662 3161 1705 et
3196 1666 3348 1705 suam
3380 1652 3456 1704 si-

1858 1743 2218 1799 militudinem
2275 1744 2534 1814 efﬁngens
2581 1753 2636 1798 et
2689 1743 2935 1798 formans
2979 1759 3041 1797 ea
3073 1758 3195 1812 quae
3242 1758 3308 1795 ex
3340 1743 3454 1810 ipsa

1854 1843 2179 1896 nascuntur,
2207 1835 2502 1905 legitimam
2541 1833 2783 1890 sobolem
2837 1832 3149 1888 successive
3194 1832 3455 1896 exhibet;

1854 1925 1982 1984 talis
2026 1936 2207 1982 autem
2258 1928 2506 1997 operatio
2548 1927 2769 1980 nomine
2820 1925 3176 1994 providentiae
3214 1933 3268 1977 et
3312 1938 3460 1978 curm

1856 2020 2193 2090 designatur.
2222 2021 2491 2073 Caeterum
2551 2019 2932 2088 prtedictarum
2977 2017 3142 2070 trium
3183 2015 3460 2084 operatio--

1856 2128 1984 2166 num
2006 2121 2116 2165 tum
2131 2127 2192 2165 ea
2213 2127 2334 2181 quae
2347 2111 2702 2175 substantias,
2722 2120 2836 2164 tum
2852 2123 2914 2162 ea
2935 2123 3057 2178 quae
3081 2108 3462 2162 conservatio-

1861 2220 2007 2268 nem,
2041 2214 2153 2258 tum
2190 2220 2254 2258 ea
2292 2220 2414 2274 quae
2455 2203 2868 2258 similitudinem
2905 2217 3006 2272 pro
3044 2200 3261 2270 objecto
3296 2201 3464 2255 habet

1858 2312 2016 2353 suum
2032 2299 2192 2352 tinent
2216 2297 2463 2368 apprime
2480 2306 2873 2366 assequuntur.
2892 2297 2971 2350 Ad
3003 2297 3250 2350 eamdem
3273 2304 3458 2350 autem

1859 2393 2126 2466 rationem
2179 2391 2484 2445 reducenda
2543 2390 2649 2445 erit
2674 2390 2839 2445 etiam
2880 2389 3089 2443 ordinis
3128 2387 3466 2442 substantia-

1859 2483 2348 2538 rumimmutabilis
2377 2494 2430 2538 et
2456 2493 2718 2538 constans
2753 2483 3052 2537 successio.
3083 2481 3171 2536 Sol
3197 2482 3396 2552 quippe
3411 2492 3467 2535 et.

1863 2574 2013 2641 luna,
2029 2585 2184 2631 ortus
2195 2587 2249 2631 et
2263 2592 2512 2642 occasus,
2526 2591 2856 2646 congressus
2871 2575 3276 2631 etdefeetiones
3290 2583 3346 2630 et
3360 2584 3466 2629 caa‘

1865 2678 2010 2723 teras
2028 2667 2172 2721 vires
2185 2683 2318 2735 quas
2332 2668 2442 2722 illis
2459 2667 2658 2721 indidit
2674 2667 2919 2721 divinum
2937 2664 3462 2721 CreatorisVet-bum

1864 2773 2146 2824 nunquam
2182 2768 2460 2812 mutantes
2491 2773 2666 2827 neque
2713 2758 2814 2812 sibi
2853 2759 2921 2811 ab
2952 2757 3458 2826 initioimpressum

1865 2863 2065 2902 cursus
2119 2849 2432 2902 ordinatum
2503 2849 2607 2903 iter
2649 2849 3036 2904 0bhviscentcs
3095 2849 3461 2902 animadverti

1870 2949 2114 3008 possent.
2185 2938 2371 3008 Neque
2432 2940 2679 3010 reliquus
2728 2951 3004 2994 astrorum
3056 2942 3258 2995 chorus
3311 2940 3458 2993 illam

173 3029 487 3097 φωραθεῖεν
518 3031 925 3103 διαφθείροντες
947 3049 960 3062 ⁸
989 3035 1096 3087 οὐδ’
1114 3037 1141 3088 ὁ
1176 3036 1363 3100 λοιπὸς
1385 3037 1494 3090 τῶν
1520 3038 1765 3108 ἀστέρων

1872 3032 1973 3085 sibi
2001 3032 2069 3086 ab
2100 3032 2256 3086 initio
2285 3033 2596 3100 impositam
2621 3043 2804 3088 motus
2823 3042 2878 3088 et
2912 3033 3141 3098 ordinis,
3168 3031 3464 3102 apparitio-

173 3122 332 3192 χορὸς
357 3124 456 3176 τὸν
483 3124 544 3188 ἐξ
579 3125 756 3195 ἀρχῆς
809 3128 991 3190 αὐτοῖς
1031 3129 1314 3182 ἐνδοθέντα
1343 3130 1446 3201 τῆς
1502 3149 1561 3184 τε
1615 3149 1771 3201 περι-

171 3214 348 3280 φορᾶς
376 3213 476 3266 καὶ
503 3217 605 3283 τῆς
632 3215 842 3280 τάξεως
885 3219 1098 3288 εἱρμὸν,
1135 3220 1353 3286 φάσεώς
1399 3238 1457 3272 τε
1493 3226 1587 3274 καὶ
1639 3223 1774 3294 κρύ-

167 3304 342 3373 ψεως,
385 3306 491 3357 οὐκ
518 3306 583 3358 ἀν
614 3306 793 3359 ἁλοῖεν
837 3307 1193 3378 ἀμειϐόμενοί
1220 3326 1277 3362 τε
1303 3310 1398 3362 καὶ
1429 3310 1738 3375 διαλύοντες
1756 3327 1770 3340 ·

169 3398 373 3460 νύκτες
427 3416 489 3450 τε
543 3402 664 3462 ταῖς
701 3401 935 3471 ἡμέραις
983 3403 1392 3474 ὑποχωροῦσαι,
1423 3407 1520 3459 καὶ
1551 3407 1611 3458 τὸ
1643 3406 1777 3460 ἀνά-

175 3490 348 3542 παλιν
381 3491 439 3543 ai
473 3492 682 3562 ἡμέραι
716 3495 837 3556 ταῖς
871 3495 1020 3558 νυξὶν
1068 3497 1443 3562 ὲξιστάμεναι,
1490 3498 1776 3552 ἀνόθευτόν

168 3599 233 3634 τε
269 3583 372 3634 καὶ
433 3583 858 3654 ἀπαραποίητον
896 3587 996 3656 τὴν
1044 3587 1311 3642 εῦτακτον
1361 3589 1660 3657 ἀναλογίαν
1711 3591 1783 3642 δι·

167 3671 462 3725 εσὼσαντο
487 3687 518 3740 ⁸,
545 3673 807 3738 ὡσαύτως
830 3678 924 3728 καὶ
947 3677 1106 3748 ὡρῶν
1126 3680 1182 3730 αἱ
1201 3679 1388 3748 φύσεις
1412 3681 1511 3742 τὰς
1532 3680 1784 3750 διαδοχάς

171 3765 460 3833 ἀλλήλαις
523 3770 1038 3838 παραπέμπουσαι,
1095 3771 1355 3840 οὐδεμίαν
1431 3775 1780 3843 καινοτομίαν

176 3859 462 3923 ἐδέξαντο,
491 3858 627 3912 ἀλλά
656 3860 758 3930 τὴν
779 3861 1015 3931 ἀρχαίαν
1055 3863 1151 3914 καὶ
1205 3861 1517 3932 θαυμασίαν
1575 3864 1779 3934 ταύτην

178 3951 517 4024 μεταϐολὴν,
561 3951 945 4024 ἀμετάϐλητον
979 3954 1074 4006 καὶ
1111 3953 1517 4024 ἀμετακίνητον
1547 3956 1779 4024 συνετὴ-

172 4063 360 4116 ρησαν
386 4061 400 4076 ·
433 4045 529 4098 καὶ
559 4045 763 4114 ταύτην
787 4045 885 4116 τὴν
915 4049 972 4100 ἐν
995 4051 1107 4110 τοῖς
1127 4043 1279 4101 οὖσιν
1303 4047 1559 4113 εὐταξίαν
1588 4067 1648 4100 τε
1681 4050 1777 4103 καὶ

1875 3126 1959 3181 nis
1981 3137 2034 3180 ct
2067 3126 2450 3182 occultationis
2475 3129 2722 3182 semitam
2749 3137 3061 3197 permutare
3079 3139 3132 3181 et
3159 3129 3467 3182 dissolvere

1873 3220 2305 3286 convinceretur,
2329 3229 2625 3292 noctesque
2640 3221 2834 3276 diebus
2852 3220 3210 3276 succedentes
3228 3230 3280 3275 et
3300 3221 3438 3274 vicis
3455 3249 3467 3258 -

1879 3312 1981 3366 sim
2010 3311 2127 3366 dies
2159 3323 2280 3383 post
2332 3322 2522 3376 noctes
2576 3324 2923 3385 resurgentes
2975 3313 3240 3384 integram
3270 3323 3326 3368 et
3356 3327 3468 3368 non

1875 3403 2234 3458 adulteratam
2259 3406 2667 3475 proportionem
2686 3414 3064 3461 servaverunt.
3101 3409 3234 3460 ltcm
3266 3416 3319 3460 et
3339 3407 3467 3460 anni

1878 3491 2186 3566 temporum
2237 3507 2448 3552 natura:
2500 3500 2600 3552 sibi
2666 3498 2897 3554 invicem
2956 3489 3469 3553 succedentesnihil

1878 3593 2004 3646 novi
2025 3607 2202 3662 passa:
2233 3603 2392 3660 sunt;
2426 3593 2519 3647 sed
2552 3593 2833 3664 antiquam
2869 3603 2924 3648 et
2948 3592 3259 3647 mirabilem
3295 3595 3462 3648 vicis--

1881 3683 2177 3742 situdincm
2230 3685 2628 3740 immutabilem
2677 3697 2729 3740 et
2787 3695 3127 3741 constantem
3159 3697 3465 3739 servavere.

1888 3777 2037 3832 Illam
2079 3793 2246 3849 porro
2268 3779 2324 3834 in
2355 3778 2423 3834 iis
2444 3795 2569 3848 quae
2595 3786 2723 3834 sunt
2759 3789 2943 3833 creata
2985 3776 3387 3832 ordinationem
3418 3790 3474 3830 et

1887 3872 2300 3941 proportionem
2329 3871 2620 3928 manifeste
2676 3871 2920 3927 continet
2969 3886 3033 3925 ac
3067 3871 3251 3924 firmat
3286 3869 3471 3938 provi-

1889 3963 2090 4017 dentiae
2140 3964 2404 4030 verbum;
2472 3980 2596 4034 qua:
2658 3965 2904 4034 operatio
2943 3973 3030 4018 est
3091 3963 3256 4017 etiam
3323 3961 3473 4015 illius

1885 4053 1980 4109 Dei
2012 4055 2106 4126 qui
2139 4055 2325 4110 omnia
2368 4055 2646 4125 sapienter
2681 4056 2948 4110 condidit.

171 4140 502 4210 ἀναλογίαν,
534 4140 694 4210 δῆλον
724 4142 800 4206 ὡς
829 4145 858 4195 ὁ
911 4142 1010 4213 τῆς
1056 4143 1314 4212 προνοίας
1355 4145 1572 4214 συνέχει
1603 4163 1661 4198 τε
1690 4149 1785 4200 καὶ
1856 4152 2154 4222 συγκροτεῖ
2220 4149 2380 4218 λόγος
2410 4166 2424 4184 ο
2460 4149 2695 4221 ἐργασία
2721 4148 2766 4201 δ’
2805 4149 2871 4203 ἂν
2920 4149 3004 4218 εἴη
3060 4149 3155 4201 καὶ
3193 4146 3354 4201 τοῦτο
3377 4148 3472 4202 τοῦ

169 4240 364 4293 πάντα
393 4241 451 4290 ἐν
484 4238 648 4308 σοφίᾳ
674 4237 1183 4309 δημιουργήσαντος
1212 4239 1372 4292 Θεοῦ.

251 4333 418 4384 Ἐστι
445 4330 504 4383 δέ
529 4348 612 4391 τις
636 4332 732 4383 ἐπὶ
759 4331 970 4395 τούτοις
999 4336 1090 4385 καὶ
1119 4333 1282 4403 ἐτέρα
1305 4334 1555 4404 ἐργασία,
1589 4334 1767 4402 φιλαν-

1949 4338 2050 4396 Est
2101 4349 2284 4394 autem
2347 4349 2609 4409 praeterea
2680 4349 2734 4393 et
2787 4339 2892 4392 alia
2951 4338 3218 4423 operatio,
3278 4352 3474 4407 nempe

172 4424 405 4496 θρωπία
444 4423 745 4495 δεσποτικὴ
768 4424 845 4494 τῷ
888 4427 1216 4496 ἀνθρωπίνῳ
1272 4425 1508 4497 μάλιστα
1555 4429 1786 4481 ἐπιθεω-

175 4515 432 4586 ρουμένη
475 4515 624 4582 γένει
652 4531 664 4544 ·
693 4516 859 4582 δίπλῆ
887 4516 945 4568 δὲ
976 4516 1119 4588 αὕτη
1148 4534 1158 4546 ·
1195 4521 1227 4588 ή
1256 4518 1354 4587 μὲν
1387 4518 1493 4589 γάρ
1520 4518 1778 4589 τέμνεται

170 4611 310 4678 περὶ
339 4608 507 4678 σῶμα
536 4608 603 4660 δι’
634 4603 704 4679 ἦς
739 4608 914 4662 λῶϐαι
976 4627 1037 4662 τε
1085 4614 1177 4663 καὶ
1227 4612 1374 4680 πάθη
1427 4613 1594 4681 μυρία
1644 4612 1778 4665 ἄλλα

171 4698 273 4752 τοῦ
321 4699 655 4768 πλάσματος
720 4700 1111 4765 ἀπελαύνεται,
1153 4702 1188 4756 ἀ
1230 4703 1294 4773 δὴ
1339 4703 1779 4773 παραγεγονὼςὸ

177 4792 363 4854 κοινὸς
393 4791 492 4844 τοῦ
526 4793 719 4858 γένους
756 4794 945 4866 Σωτὴρ
994 4794 1231 4862 ἕπραττέ
1287 4813 1345 4848 τε
1399 4795 1490 4848 καὶ
1535 4798 1775 4866 ἐνήργει,

181 4885 554 4948 παντοδαπῶς
594 4885 935 4954 παθημάτων
976 4889 1071 4940 καὶ
1116 4888 1288 4940 νόσων
1321 4889 1381 4941 τὸ
1438 4886 1779 4959 ἀνθρώπινον

186 4976 527 5047 ἐλευθερῶν·
559 4977 592 5043 ή
643 4976 700 5028 δὲ
730 4979 859 5047 περὶ
909 4977 1088 5049 ψυχήν
1113 4994 1124 5006 °
1149 4978 1355 5049 ταύτην
1398 4979 1506 5048 γάρ
1563 4977 1779 5042 πολλοῖς

184 5071 558 5144 ἁμαρτήμασι
591 5075 1052 5143 συγκεχωσμένην
1082 5075 1177 5128 καί⁵
1228 5075 1590 5129 κατάστικτον
1652 5075 1780 5145 ὃλην

178 5167 570 5237 γεγενημένην
608 5167 730 5230 ταῖς
780 5166 875 5219 τοῦ
912 5168 1150 5239 πονηροῦ
1218 5168 1442 5238 μυρίαις
1497 5168 1722 5235 αἰκίαις,
1753 5171 1781 5222 ὁ

177 5259 348 5322 αὐτὸς
375 5260 539 5329 ἡμῶν
583 5259 828 5332 πλάστης
871 5261 966 5313 καὶ
1021 5262 1366 5332 Δημιουργδς
1419 5261 1779 5332 ἀποκαθηράο

181 5355 351 5421 μενος
372 5371 433 5405 τε
468 5353 566 5406 καί
591 5351 861 5416 ἀποξέσας
892 5353 980 5405 διὰ
1010 5355 1108 5420 τῆς
1149 5353 1317 5407 αὑτοῦ
1363 5354 1504 5423 ὑπὲρ
1532 5353 1655 5406 νοῦν
1687 5353 1781 5406 καὶ

177 5443 346 5514 λόγον
381 5443 709 5514 ἐπιδημίας,
743 5445 822 5507 εἴς
857 5462 915 5497 τε
950 5444 1011 5497 τὸ
1051 5447 1279 5514 ἀρχαῖον
1328 5444 1547 5514 ἀξίωμα
1609 5447 1779 5498 ἐπανο

178 5539 390 5609 ήγαγε,
423 5539 526 5591 καὶ
557 5537 620 5590 τὸ
646 5539 765 5590 κατ’
803 5539 990 5592 εἰκόνα
1018 5538 1179 5592 πάλιν
1207 5537 1493 5592 ἀναλαϐὼν
1534 5539 1688 5608 ἰσχύν
1719 5554 1780 5590 τε

176 5632 276 5683 καὶ
337 5631 525 5704 χαρὰν
577 5631 886 5701 παρέσχετο
913 5649 924 5662 ·
962 5631 1102 5702 αῦτη
1153 5631 1443 5703 τοιγαροῦν
1475 5633 1509 5701 ἡ
1549 5632 1678 5701 περὶ
1721 5630 1782 5682 τὸ

175 5723 422 5797 πλάσμα
461 5724 574 5779 τῶν
602 5725 801 5794 χειρῶν
831 5724 998 5778 αὐτοῦ
1042 5725 1274 5796 ἐργασία
1313 5725 1533 5795 τυφλοῖς
1568 5722 1626 5777 τὸ
1657 5722 1779 5793 βλέ-

473 5821 757 5880 Parnm.
805 5820 916 5880 (in.
975 5819 1072 5880 Cl.

1889 4430 2270 4485 benevolentia
2329 4429 2550 4483 Domini
2587 4429 2829 4482 humano
2887 4428 3072 4498 generi
3137 4427 3470 4498 invigilans;

1886 4535 2008 4590 qua:
2042 4519 2242 4590 duplex
2270 4527 2372 4573 est.
2426 4517 2582 4572 Prior
2640 4517 2856 4586 quidem
2908 4533 3005 4586 pro
3046 4517 3261 4586 objecto
3309 4517 3472 4571 habet

1888 4628 2111 4682 corpus,
2141 4629 2250 4682 qua
2279 4612 2455 4666 morbi
2487 4622 2541 4666 et
2571 4624 2829 4666 sexcenta
2859 4612 2966 4665 alia
2998 4612 3137 4665 mala
3159 4614 3474 4666 acreaturis

1885 4708 2270 4778 expelluntur;
2325 4705 2469 4776 quod
2502 4705 2698 4776 agebat
2727 4713 2781 4759 ct
2803 4706 3131 4772 Operabatur
3161 4705 3473 4766 communis

1889 4801 2106 4869 generis
2137 4801 2310 4854 nostri
2353 4799 2626 4864 Salvator,
2659 4798 2997 4868 quibuslibet
3051 4797 3334 4852 doloribus
3369 4797 3472 4851 bo—

1888 4895 2069 4949 mines
2120 4892 2383 4946 liberans.
2433 4892 2617 4945 Altera
2666 4904 2800 4944 vero
2845 4890 2911 4944 ad
2943 4889 3184 4944 animam
3213 4889 3469 4958 respicit:

1891 4987 2040 5040 illam
2077 4987 2223 5040 enim
2277 4984 2433 5037 multi
2497 4985 2735 5054 peccatis
2769 4984 3021 5038 obrutam
3054 4991 3106 5037 et
3146 4991 3312 5036 totam
3347 4998 3471 5036 sex-

1891 5076 2070 5131 centis
2099 5074 2301 5129 diaboli
2336 5074 2555 5129 astutiis
2574 5074 2922 5139 maculatam,
2959 5072 3260 5141 plasmator
3288 5081 3474 5126 noster

1889 5179 1942 5221 et
1969 5166 2196 5222 Creator
2249 5167 2568 5237 abstergens
2619 5178 2678 5221 et
2722 5166 2994 5220 abradens
3039 5179 3135 5232 per
3169 5180 3329 5219 suum
3377 5181 3475 5221 sua-

1889 5274 1988 5327 pra
2045 5269 2284 5312 mentem
2349 5266 2406 5312 et
2471 5258 2742 5313 rationem
2798 5259 3092 5312 adventum
3152 5258 3348 5326 priscae
3391 5257 3478 5310 di-

1890 5347 2081 5416 gnitati
2135 5348 2396 5411 restituit,
2439 5357 2495 5402 et
2529 5349 2677 5418 quod
2721 5347 2789 5400 ad
2844 5360 3000 5400 suam
3049 5346 3342 5416 imaginem
3398 5345 3477 5397 ef-

1893 5441 2222 5495 formaverat
2257 5434 2536 5505 recreans,
2573 5441 2622 5495 ei
2655 5441 2763 5493 vim
2811 5451 2867 5493 et.
2901 5439 3161 5509 gaudium
3209 5437 3463 5507 praebuit.

1889 5532 1982 5586 Illa
2010 5533 2173 5602 igitur
2226 5534 2278 5586 in
2326 5548 2465 5602 opus
2487 5548 2749 5586 manuum
2783 5532 2956 5601 ipsius
3007 5531 3151 5584 actio
3181 5529 3340 5582 caecis
3391 5524 3475 5576 vi-

1890 5642 2011 5682 sum
2045 5626 2291 5696 largitur,
2326 5624 2994 5695 paralyticunt’astringit,
3041 5620 3471 5691 quatridnanum

1890 5702 2171 5776 mortuum
2227 5717 2458 5773 suscitat
2495 5733 2562 5772 ex
2607 5717 2880 5787 sepulcro,
2927 5725 2980 5770 et
3027 5717 3312 5768 innumera
3365 5707 3473 5763 alia

3018 5877 3033 5888 δ
3112 5881 3126 5892 ο

2952 5907 2966 5917 4
3017 5893 3052 5918 δ.
3088 5894 3124 5921 θα

3017 5925 3058 5948 ὀ
3084 5927 3124 5950 η.
