3976 6222
493 289 564 354 99
1649 291 1911 354 ΡΙΙΟΤΙΙ
1948 294 2089 353 PAT

2181 294 2455 355 ARCHAE
2483 296 2592 355 (ΖΡ.

3653 302 3755 368 100

494 413 745 456 naturam
776 399 1094 456 excedentia
1120 415 1286 470 opera
1321 403 1594 470 ostendit;
1621 420 1743 473 quae
1761 409 1887 458 dum
1909 405 2072 459 bene-

2179 424 2299 459 πειν
2334 407 2642 476 χαρίζεται,
2677 410 2992 481 παράλυτον
3019 413 3260 483 σφίγγει,
3285 419 3608 488 τεταρταῖον
3655 422 3756 472 ἀν-

495 493 746 547 volentiae
796 492 1000 562 regulis
1030 502 1086 548 et
1133 493 1344 562 legibus
1371 494 1532 548 ellicit
1571 495 1834 551 Dominus
1863 505 2064 558 noster,

493 587 815 641 benellcium
857 587 906 641 ei
957 587 1250 656 exprobrat
1297 587 1544 657 ingratus
1565 587 1874 643 Judzeorum
1899 602 2069 657 popu-

493 681 598 745 lus,
651 679 892 733 Sabban
944 679 1182 732 debitam
1217 680 1619 734 venerationem
1669 687 1984 749 praetextum
2019 689 2072 733 et

493 788 605 826 sua:
667 771 887 825 invidiae
944 771 1272 841 malitimque
1320 772 1497 826 velum
1561 773 1828 841 objiciens
1872 774 2071 826 :audit

493 879 619 917 vero
655 863 966 927 Dominum,
1027 872 1140 918 tum
1199 873 1467 934 quatenus
1496 864 1763 919 Dominus
1801 873 1905 927 est,
1949 875 2064 918 tum

492 967 763 1026 quatenus
818 957 1084 1026 magister
1109 965 1164 1012 et
1217 958 1478 1024 salvator,
1507 957 1814 1012 dicentem:
1871 977 1889 1009 ι
1913 957 2074 1013 Pater

494 1066 645 1106 meus
678 1066 854 1121 usque
879 1051 1044 1104 modo
1071 1059 1330 1118 Operatur
1357 1059 1411 1104 et
1437 1064 1539 1120 ego
1569 1064 1768 1119 operor
1787 1049 1910 1104 η’.»
1933 1049 2068 1105 Dum

491 1153 671 1197 autem
705 1145 930 1214 ingratis
957 1143 1159 1198 Judais
1215 1143 1376 1198 istam
1435 1144 1681 1212 corporis
1709 1144 2069 1208 curationem,

490 1237 614 1304 quia
663 1234 904 1290 Sabbato
960 1235 1099 1289 facta
1158 1246 1296 1300 erat,
1340 1234 1779 1303 vituperantibus
1825 1245 1879 1290 et
1925 1237 2074 1292 blas-

493 1329 875 1398 pbemantibus
941 1327 1012 1381 ita
1080 1328 1348 1381 Dominus
1378 1342 1442 1382 os
1488 1326 1730 1392 obturat,
1794 1343 1894 1383 nos
1927 1330 2074 1384 elare

490 1421 681 1473 edocet
747 1418 816 1472 ab
877 1417 1252 1486 hujuscemodi
1311 1415 1571 1487 operibus
1621 1433 1798 1487 neque
1857 1417 2070 1472 Patrem

493 1509 854 1578 requiescere,
898 1521 1077 1577 neque
1115 1507 1357 1577 seipsum
1386 1507 1602 1577 operari
1651 1509 1921 1563 desinere.
1993 1508 2073 1562 Ex

491 1607 590 1658 hac
614 1602 777 1672 igitur
814 1601 1027 1654 Domini
1076 1602 1432 1671 responsione
1475 1613 1530 1657 et
1583 1617 1652 1658 ex
1683 1603 1914 1658 diversis
1945 1618 2073 1672 ope-

490 1697 758 1749 rationum
794 1693 1210 1749 cbaracteribus
1239 1693 1399 1748 facile
1436 1694 1532 1748 tibi
1574 1705 1655 1749 est
1705 1695 2008 1766 intelligere
2038 1713 2067 1751 a

2177 501 2300 569 ιστᾷ
2329 499 2423 552 τοῦ
2457 501 2649 568 τάφου,
2693 503 2787 554 καὶ
2819 506 3075 572 κρεῖσσον
3105 507 3136 577 ἢ
3169 508 3539 579 ἀριθμεῖσθαι,
3589 511 3760 582 ὑπερ-

2173 593 2284 662 φυῆ
2307 593 2444 664 ἔργα
2467 593 2780 658 ἐπεδείξατο
2800 611 2814 625 ⁸
2843 595 2878 650 ἃ
2903 597 2998 649 τοῦ
3034 599 3306 652 Δεσπότου
3343 601 3758 673 φιλανθρωπίας

2171 687 2282 757 ὅρῳ
2313 687 2403 740 καὶ
2425 687 2574 756 νόμῳ
2607 688 3100 757 διαπραττομένου.
3151 692 3459 756 ἐξονειδίζει
3513 696 3614 764 μὲν
3658 695 3761 766 τὴν

2175 775 2499 845 εὐεργεσίαν
2533 777 2561 828 6
2603 777 2898 846 ἀχάριστος
2936 778 3045 830 τῶν
3089 779 3360 833 Ἰουδαίων
3398 781 3607 852 δῆμος,
3656 784 3756 854 τὴν

2171 864 2266 916 τοῦ
2298 864 2576 919 Σαϐϐάτου
2617 867 2780 938 τιμὴν
2828 869 3101 940 πρόφασίν
3140 889 3200 923 τε
3247 873 3342 926 καὶ
3383 875 3761 946 προκάλυμμα

2173 954 2268 1008 τοῦ
2297 955 2494 1024 φθόνου
2523 957 2736 1027 καὶτῆς
2761 959 3022 1030 πονηρίας
3059 960 3499 1030 προϐαλλόμενος
3525 977 3541 991 °
3571 965 3759 1018 ἀκούει

2172 1045 2230 1100 δὲ
2257 1046 2407 1118 παρὰ
2437 1045 2533 1100 τοῦ
2560 1049 2832 1100 Δεσπότου
2863 1049 3022 1102 τοῦτο
3049 1051 3150 1120 μὲν
3191 1053 3562 1115 Δεσποτικῶς.
3596 1054 3762 1108 τοῦτο

2172 1137 2230 1191 δέ
2252 1137 2648 1202 διδασκαλικῶς
2666 1156 2722 1192 τε
2742 1140 2836 1193 καὶ
2860 1142 3216 1210 σωτηριωδῶς
3239 1159 3252 1171 ·
3294 1163 3312 1194 ι
3339 1143 3396 1196 Ὀ
3429 1145 3621 1216 Πατήρ
3656 1163 3760 1215 μου

2173 1229 2280 1292 ἕως
2321 1231 2446 1300 ἄρτι
2492 1228 2808 1300 ἐργάζεται,
2834 1231 2988 1300 κάγὼ
3021 1234 3344 1304 ἐργάζομαι.
3382 1253 3401 1286 ι
3435 1235 3598 1289 Ἀλλά
3631 1237 3760 1301 τοὺς

2177 1322 2276 1390 μὲν
2313 1321 2644 1392 ἀχαρίστους
2679 1322 2973 1386 Ἰουδαίους
3012 1323 3110 1394 τὴν
3143 1327 3273 1396 περὶ
3301 1327 3363 1378 τὸ
3403 1327 3565 1397 σῶμα
3596 1327 3763 1398 θερα-

2178 1414 2337 1466 πείαν
2369 1415 2450 1465 ὅτι
2480 1415 2670 1482 γέγονε
2710 1415 2973 1486 Σαϐϐάτῳ
3020 1416 3372 1487 διασύροντας
3417 1419 3513 1471 καὶ
3561 1419 3764 1490 δυσφη-

2178 1503 2414 1574 μοῦντας
2439 1503 2615 1568 οὕτως
2639 1507 2667 1557 6
2697 1508 2979 1579 Δεσπότης
3027 1507 3415 1578 ἐπιστομίζων,
3442 1509 3653 1563 τούτων
3697 1530 3761 1564 τε

2175 1596 2270 1649 καὶ
2317 1596 2425 1651 τῶν
2470 1596 2728 1650 τοιούτων
2773 1597 2950 1669 ἔργων
3000 1601 3138 1670 μήτε
3167 1599 3259 1652 τὸν
3292 1601 3511 1672 Πατέρα
3540 1602 3762 1656 πεπαῦ-

2178 1688 2322 1753 σθαι,
2356 1689 2492 1759 μήτε
2519 1690 2682 1744 αὐτὸν
2713 1691 2812 1761 τῆς
2838 1692 3099 1762 ἐργασίας
3135 1691 3323 1764 λήγειν
3361 1694 3574 1764 τρανῶς
3611 1696 3764 1764 ἡμᾶς

488 1785 688 1856 quibus
717 1786 974 1854 operibus
1010 1786 1379 1854 requieverint
1404 1785 1568 1840 Pater
1601 1795 1654 1841 et
1695 1785 1888 1852 Filius,
1914 1804 2067 1858 qua:-

2179 1780 2497 1844 ᾶνεδίδαξεν.
2548 1781 2680 1836 Ἀπὸ
2700 1782 2756 1834 δὲ
2788 1785 2886 1854 τῆς
2909 1784 3252 1853 Δεσποτικῆς
3276 1784 3607 1853 ἀποφάσεως
3627 1785 3762 1838 suis

490 1893 617 1931 nam
658 1885 838 1930 autem
901 1891 1074 1946 usque
1127 1876 1291 1930 modo
1354 1891 1463 1931 non
1516 1877 1772 1932 desinant
1828 1881 2066 1949 Operari.

489 1966 716 2020 Creator
745 1966 1023 2020 enimvero
1052 1966 1391 2020 substantias
1441 1963 1764 2035 jamdudum
1803 1971 2070 2024 termina-

493 2059 603 2124 \it;
657 2058 788 2113 dum
837 2068 1017 2114 autem
1053 2059 1487 2128 incorruptibilia
1548 2075 1613 2116 ea
1641 2077 1765 2130 quae
1795 2063 2066 2129 condidit,

492 2159 698 2216 servat,
750 2151 989 2221 itemque
1052 2151 1253 2207 illarsas
1309 2162 1363 2206 et
1422 2167 1532 2207 non
1583 2154 1920 2211 adulterinas
1947 2173 2071 2212 esse

493 2261 684 2300 eorum
717 2247 984 2300 essentias
1024 2261 1122 2300 sua
1151 2246 1497 2314 providentia
1529 2261 1815 2316 procurat,
1866 2259 1920 2304 et
1966 2250 2070 2304 im-

494 2340 728 2408 positum
759 2338 1007 2392 ordinem
1041 2339 1405 2409 semitamque
1437 2340 1833 2395 immutabilem
1869 2351 2072 2408 servat,

495 2430 721 2486 minime
753 2430 1008 2484 videntur
1025 2444 1243 2484 cessare
1279 2445 1455 2500 neque
1471 2431 1650 2498 Pater,
1674 2447 1853 2502 neque
1881 2431 2074 2497 Filius,

495 2536 671 2592 neque
695 2520 858 2578 etiam
915 2519 1158 2590 Spiritus
1202 2533 1449 2577 sanctus.
1512 2521 2075 2591 Supersubstautialis

493 2616 638 2668 enim
659 2625 712 2670 et
734 2614 1125 2685 omnipotentis
1151 2623 1203 2668 et
1244 2615 1426 2669 omnia
1482 2618 1722 2671 creantis
1752 2619 2075 2672 substantia}

497 2723 603 2761 una
634 2716 794 2762 estet
820 2707 1072 2762 voluntas
1099 2715 1154 2760 et
1186 2706 1430 2777 potentia
1466 2714 1520 2761 et
1546 2707 1660 2768 vis;
1716 2707 2072 2762 manifestum

493 2807 578 2852 est
609 2808 787 2851 autem
840 2812 904 2851 ea
960 2799 1093 2852 liora
1139 2813 1246 2868 qua
1280 2799 1434 2868 signa
1488 2811 1587 2851 sua
1611 2794 1860 2849 Salvator
1890 2807 2077 2850 noster
2114 2810 2121 2816 ·

501 2893 854 2961 operabatur,
916 2901 1200 2963 operatum
1262 2908 1384 2948 esse
1440 2891 1660 2961 quidem
1708 2889 1931 2956 Filium,
1993 2891 2070 2944 illi

497 2999 626 3038 vero
659 2993 980 3053 eooperatos
1009 2998 1131 3038 esse
1164 2983 1380 3037 Patrem
1404 2991 1460 3037 et
1491 2979 1755 3052 Spiritum
1792 2992 2069 3038 sanctum.

2165 1889 2265 1942 της
2302 1876 2394 1927 καὶ
2435 1873 2470 1926 ἃ
2501 1875 2608 1945 πρὸ
2646 1874 2876 1946 βραχέος
2905 1874 3278 1947 διευκρίνησεν
3300 1876 3329 1928 6
3363 1875 3518 1944 λόγος
3555 1893 3764 1945 σημαι-

2167 1967 2370 2035 νόμενα
2397 1967 2498 2036 τῆς
2526 1969 2793 2038 ἐργασίας
2824 1967 3047 2040 εὐχερές
3075 1969 3192 2022 ἐστί
3231 1985 3311 2022 σοι
3341 1969 3548 2033 λαϐεῖν,
3591 1971 3764 2021 ποίων

2171 2053 2480 2130 μὲνἜργων
2520 2060 2864 2114 κατέπαυσεν
2899 2063 2926 2114 ό
2957 2062 3146 2133 Πατὴρ
3179 2063 3273 2114 καὶ
3306 2063 3334 2115 6
3376 2061 3522 2127 Υἱὸς,
3556 2061 3679 2114 τίνα
3702 2061 3764 2113 δὲ

2171 2151 2333 2222 μέχρι
2360 2151 2457 2204 τοῦ
2502 2153 2598 2205 νῦν
2647 2154 2706 2205 οὐ
2775 2152 3013 2207 παύεται
3067 2153 3472 2225 ἐργαζόμενος’
3501 2155 3599 2207 καὶ
3651 2154 3765 2223 γάρ

2166 2243 2519 2314 δημιουργῶν
2547 2245 2648 2315 μὲν
2665 2245 2765 2307 τὰς
2795 2245 2987 2315 φύσεις
3012 2247 3179 2300 πάλαι
3205 2247 3580 2310 κατέπαυσεν,
3607 2247 3764 2299 ἀδιά-

2168 2333 2345 2404 φθορα
2374 2333 2433 2386 δέ
2474 2333 2948 2405 δημιουργηθέντα
3009 2334 3329 2406 συντηρῶν,
3373 2333 3638 2396 ὡσαύτως
3701 2334 3762 2385 δὲ

2169 2425 2265 2477 καὶ
2286 2425 2782 2497 ἀπαραχαράκτους
2811 2426 2906 2478 καὶ
2925 2425 3350 2495 άκιϐδηλεύτους
3370 2423 3468 2487 τὰς
3493 2423 3764 2492 ὁλότητας

2171 2516 2281 2569 τῶν
2317 2517 2690 2571 οὐσιωθέντων
2721 2518 2810 2571 διὰ
2847 2517 2948 2586 τῆς
2982 2517 3148 2570 αὐτοῦ
3183 2517 3424 2588 συνέχων
3473 2517 3760 2586 προνοίας,

2170 2609 2268 2660 καὶ
2295 2609 2393 2680 τὴν
2417 2609 2726 2662 ἐντεθεῖσαν
2756 2610 3008 2675 εὐταξίαν
3032 2627 3093 2663 τε
3115 2609 3212 2662 καὶ
3228 2609 3318 2662 τὸν
3341 2607 3558 2680 εἱρμὸν,
3583 2607 3760 2660 ἀναλ-

2171 2700 2367 2753 λοίωτα
2433 2703 2736 2774 συντηρῶν,
2795 2703 3032 2774 οὐδαμοῦ
3094 2704 3342 2772 φαίνεται
3404 2703 3766 2768 πεπαυμένος

2171 2791 2294 2846 οὐτε
2321 2795 2349 2845 ό
2382 2794 2572 2866 Πατὴρ
2604 2793 2729 2847 οὐτε
2767 2798 2796 2849 6
2834 2795 2984 2861 Υἱὸς,
3015 2795 3076 2848 οὐ
3109 2795 3215 2866 μὴν
3243 2795 3358 2848 ἀλλ’
3383 2795 3508 2848 οὐδὲ
3533 2795 3766 2864 Πνεῦμα

2169 2887 2232 2940 τὸ
2255 2888 2409 2955 ἅγιον
2434 2905 2447 2918 ·
2477 2887 2576 2956 τῆς
2612 2887 2720 2958 γάρ
2755 2888 3082 2958 ὐπερουσίου
3118 2888 3213 2940 καὶ
3244 2888 3764 2959 παντοκρατορικῆς

2172 2981 2268 3035 καὶ
2291 2979 2694 3050 δημιουργικῆς
2721 2980 2829 3032 τῶν
2858 2980 2996 3032 ὅλων
3016 2980 3205 3044 οὐσίας
3231 2980 3328 3051 μία
3357 2997 3417 3032 τε
3447 2983 3541 3033 καὶ
3569 2981 3602 3049 ἡ
3623 2981 3766 3048 αὐτὴ

497 3072 754 3142 βούλησις
773 3073 866 3126 xui.
885 3073 1113 3143 δύναμις
1139 3071 1235 3126 καὶ
1262 3073 1516 3141 ἐνέργεια
1541 3086 1556 3100 °
1589 3071 1747 3142 δῆλον
1773 3071 1830 3124 δέ
1862 3072 1936 3134 ὡς
1955 3074 2078 3125 κατ’
2119 3073 2299 3125 ἐκεῖνο
2327 3069 2522 3140 καιροῦ
2583 3069 2704 3122 καθ’
2730 3069 2758 3122 ὃ
2810 3071 2910 3133 τὰς
2950 3070 3281 3142 θεοσημείας
3309 3073 3337 3125 6
3368 3071 3563 3143 Σωτὴρ
3603 3069 3770 3143 ἡμῶν

497 3162 764 3227 ἐπετέλει,
796 3163 1111 3232 είργάζεται
1141 3159 1242 3231 μέν
1267 3163 1296 3214 6
1323 3161 1470 3222 Υἱὸς,
1487 3160 1850 3231 συνεργάζετο
1875 3160 1932 3212 δὲ
1955 3160 2104 3230 αὐτῷ
2131 3158 2320 3230 Πατὴρ
2359 3160 2456 3214 καί
2485 3160 2545 3211 τὸ
2570 3160 2722 3227 ἅγιον
2752 3161 2993 3232 Πνεῦμα.

1058 3269 1392 3337 QUASSTIO
1425 3268 1514 3322 Ill.

499 3367 608 3420 Cur
650 3381 776 3418 usus
818 3373 894 3418 est
939 3363 1052 3417 luto
1089 3363 1366 3425 Dominus,
1416 3379 1517 3416 non
1561 3371 1737 3416 autem
1765 3361 1872 3415 alio
1895 3362 2072 3427 modo,

926 3444 982 3486 ut
1017 3433 1196 3486 oculos
1237 3435 1365 3486 cwci
1399 3435 1650 3486 curaret?

2105 3258 2152 3318 C

2755 3274 3090 3328 ΕΡΩΤΗΣΙΣ
3113 3275 3188 3330 Γ’.

2184 3364 2292 3438 Διᾲ
2318 3365 2376 3418 τί
2397 3365 2783 3438 χρησάμενος
2813 3366 2990 3438 ,πηλῷ
3020 3369 3053 3421 ό
3108 3368 3440 3438 Δεσπότης,
3473 3368 3638 3422 ἀλλὰ
3672 3369 3770 3438 μὴ

2254 3433 2422 3558 me;
2463 3433 2680 3515 τρόπῳ,
2733 3437 2875 3503 τοὺς
2938 3437 3286 3507 ὀφθαλμοὺς
3330 3433 3618 3502 ἐξιάσατο
3655 3433 3770 3494 ἑοῦ

2254 3521 2388 3573 ruga.
2419 3521 2530 3568 ov;

1325 3608 1471 3659 Edita
1499 3621 1527 3657 a
1546 3608 1690 3671 Maio,
1713 3609 1747 3659 l.
1770 3622 1813 3658 c.
1837 3611 1956 3672 μδ.
1981 3612 2054 3662 De
2077 3616 2337 3666 sanatione
2359 3617 2474 3667 casei
2501 3622 2620 3668 nati.
2653 3619 2796 3668 Joau.
2820 3631 2888 3677 Ix,
2908 3617 2956 3666 6.

569 3722 713 3777 Luto
733 3735 870 3776 usus
890 3719 1247 3785 estCreator,
1277 3736 1402 3776 cum
1439 3735 1584 3776 caeco
1626 3721 1907 3776 innovavit
1946 3737 2077 3777 ocu-
2170 3737 2173 3739 ·

500 3818 605 3881 los,
642 3825 702 3870 ut
734 3812 1116 3869 dubitantibus
1133 3815 1409 3883 quomodo
1431 3813 1498 3870 de
1518 3823 1662 3869 terra
1683 3815 2076 3885 primus-homo

502 3909 769 3962 formatus
797 3904 983 3973 fuerit,
1029 3921 1097 3960 eo
1149 3905 1296 3976 quod
1332 3906 1495 3976 hujus
1536 3907 1778 3962 creation
1799 3907 1846 3962 is
1888 3908 2075 3963 nullus

498 4004 685 4055 aderat
711 3999 988 4069 inspector
1017 4009 1071 4053 et
1103 3998 1283 4064 testis,
1330 4007 1564 4053 mentem
1586 3999 1653 4053 ad
1694 3999 1925 4054 solidam
1965 4001 2074 4054 eri-

498 4101 649 4164 geret
681 4093 864 4146 tidem.
933 4091 1069 4146 illud
1113 4089 1260 4146 enim
1307 4089 1453 4145 circa
1476 4090 1860 4160 dignissimum
1893 4091 2072 4146 homi-

499 4187 588 4240 nis
636 4185 1012 4239 membrorum
1061 4181 1342 4254 opiticium
1388 4181 1564 4238 oculis
1596 4181 1841 4236 omnium
1868 4196 2074 4252 propo-

498 4279 686 4343 situm,
700 4286 762 4332 ut
777 4286 832 4332 et
847 4279 911 4332 de
924 4277 1138 4332 caeteris
1160 4275 1406 4346 corporis
1421 4276 1688 4346 partibus,
1713 4274 1910 4345 quibus
1925 4273 2076 4329 elIin-

500 4369 690 4436 gendis
717 4369 901 4424 nullus
955 4369 1147 4423 aderat
1187 4368 1406 4434 oculus,
1448 4382 1610 4423 nemo
1639 4368 1876 4439 incertas
1894 4364 2076 4421 dinin-

499 4460 630 4513 dere
655 4458 957 4513 sententias
993 4457 1222 4523 dubitet,
1271 4456 1502 4512 multam
1528 4455 1638 4510 vim
1675 4467 1731 4511 et
1763 4456 2074 4510 ﬁrmitatem

499 4551 724 4620 praebet.
777 4548 880 4604 Ubi
933 4549 1081 4605 enim
1137 4548 1286 4604 videt
1341 4548 1476 4604 illud
1514 4548 1663 4619 quod
1707 4548 1762 4603 in
1798 4546 1957 4602 nobis
1991 4554 2076 4602 est

492 4643 766 4713 optimum
817 4653 874 4698 et
933 4642 1319 4712 dignissimum
1367 4657 1526 4698 suam
1562 4641 1980 4713 plasmationem
2024 4649 2079 4695 et

2255 3727 2419 3797 Πηλῷ
2440 3728 2497 3780 δέ
2532 3730 2873 3799 χρησάμενος
2898 3729 2927 3780 ό
2959 3728 3208 3799 Πλὰστης
3229 3727 3548 3798 ὀφθαλμοὺς
3574 3730 3772 3784 ἐκαιν-

2181 3818 2449 3891 ούργησεν
2500 3821 2579 3891 τῷ
2623 3821 2828 3891 τυφλῷ,
2867 3820 2955 3874 ἵνα
2991 3821 3100 3874 τῶν
3141 3821 3573 3892 διαπορούντων,
3647 3823 3772 3885 πῶς

2182 3913 2290 3964 ἀπὸ
2326 3914 2428 3983 γῆς
2452 3914 2479 3964 6
2505 3913 2720 3984 πρῶτος
2750 3913 3040 3984 ἅνθρωπος
3087 3913 3357 3984 ἐπλάσθη,
3396 3914 3635 3986 ἐπείπερ
3664 3914 3771 3985 τῆς

2179 4002 2437 4074 τοιαύτης
2473 4005 2836 4076 δημιουργίας
2870 4005 3044 4067 οὐδεὶς
3091 4006 3338 4076 ἐπόπτης
3375 4005 3498 4059 οὐδέ
3553 4007 3769 4076 μάρτυς

2181 4095 2441 4165 εἱστήκει,
2475 4095 2574 4166 τὴν
2629 4095 2858 4166 γνώμην
2896 4095 2976 4158 είς
3021 4095 3392 4164 ἁναμφίϐολον
3444 4096 3770 4166 συμϐιϐἀσῃ

2181 4186 2365 4238 πίστιν
2394 4201 2408 4214 ·
2440 4187 2472 4256 ἡ
2504 4185 2613 4257 γὰρ
2634 4189 2761 4258 περ)⁹
2779 4189 2842 4240 τὸ
2885 4185 3213 4258 τιμιώτατον
3236 4185 3345 4239 τῶν
3362 4188 3420 4238 ἐν
3441 4187 3519 4257 τῷ
3548 4187 3769 4256 σῶματ.

2178 4277 2272 4329 τοῦ
2299 4277 2588 4349 ἀνθρώπου
2620 4279 2798 4349 μελῶν
2845 4279 3180 4351 δημιουργία
3219 4278 3314 4333 ὑπ’
3347 4278 3471 4348 ὄψιν
3507 4280 3769 4332 ἁπάντων

2181 4372 2509 4440 προτεθεῖσα
2547 4372 2642 4426 καὶ
2669 4373 2799 4444 περὶ
2829 4372 3015 4425 λοιποῦ
3035 4372 3309 4444 σώματος,
3337 4367 3381 4441 ᾧ
3400 4372 3772 4444 πλαττομένῳ

2180 4462 2406 4532 οὐδεμία
2430 4463 2552 4532 ὄψις
2580 4465 2893 4534 ἐφεστήκει,
2935 4464 3010 4536 μὴ
3033 4466 3350 4536 ἀμφιϐάλλῃ
3400 4464 3594 4535 μηδεὶς
3625 4467 3769 4518 άπο-

2185 4556 2454 4624 ρουμένας
2482 4556 2856 4628 διασχίζεσθαι
2884 4557 3130 4628 γνώμας,
3182 4557 3425 4630 μεγάλην
3472 4557 3631 4628 ἰσχὺν
3675 4557 3767 4610 καὶ

2188 4645 2480 4716 βεϐαίωσιν
2531 4648 2804 4719 παρέχει-
2833 4643 2916 4712 οἷς
2955 4649 3065 4720 γὰρ
3104 4650 3170 4704 ἄν
3197 4666 3279 4713 τις
3313 4650 3375 4702 τὸ
3425 4648 3655 4716 ἄριστόν
3704 4665 3766 4700 τε

501 4737 864 4791 substantiam
921 4751 988 4791 ex
1041 4738 1154 4791 luto
1183 4737 1500 4804 deduxisse,
1556 4733 1829 4806 quomodo
1853 4749 1965 4789 non
1997 4735 2079 4788 in-

2185 4737 2280 4790 καὶ
2329 4736 2660 4808 τιμιώτατον
2705 4738 2813 4792 τῶν
2844 4741 2903 4792 ἐν
2931 4742 3063 4811 ἡμῖν
3109 4741 3174 4794 ἐκ
3208 4740 3380 4811 πηλοῦ
3428 4740 3529 4807 τὴν
3566 4739 3768 4793 πλάσιν

501 4842 773 4883 concusso
831 4835 1158 4896 argumento
1205 4835 1263 4881 et
1309 4837 1503 4882 canem
1554 4841 1760 4897 organa
1795 4841 1861 4882 σι
1887 4825 2078 4880 eadem

505 4918 732 4973 materia
756 4934 823 4972 ac
861 4919 1104 4990 potentia
1144 4918 1286 4974 facta
1311 4933 1435 4974 esse
1466 4918 1849 4974 conﬁtebitur?
1903 4916 2078 4973 Crete-

504 5024 628 5062 rum
664 5019 727 5064 ut
767 5010 975 5066 clarius
1011 5011 1193 5067 discas
1223 5013 1277 5068 in
1305 5013 1562 5068 omnibus
1585 5013 1652 5069 iis
1689 5014 1890 5082 quibus
1919 5013 2080 5067 Pater

506 5111 565 5152 ut
596 5099 767 5154 Deum
801 5117 861 5156 se
889 5110 1080 5156 notum
1120 5101 1271 5171 facit,
1319 5103 1562 5173 potentia
1610 5118 1804 5174 nempe
1823 5112 1878 5157 et
1905 5103 2074 5172 gloria

480 5200 561 5244 et.
578 5189 886 5246 substantia
914 5203 968 5248 et
997 5191 1395 5260 dominatione,
1448 5195 1504 5250 in
1555 5194 1623 5250 iis
1668 5195 1831 5248 etiam
1873 5193 2073 5247 Filium

504 5282 873 5352 aequalitatem
919 5293 1109 5341 tenere
1155 5295 1211 5341 et
1241 5285 1760 5354 immutabilitatem,
1814 5287 1987 5341 lutum
2027 5293 2082 5338 et

481 5389 616 5430 .non
669 5373 834 5430 aliam
910 5377 1199 5432 materiam
1262 5379 1405 5448 cepit
1433 5389 1493 5434 ut
1520 5379 1710 5436 oculos
1741 5378 1868 5434 caeci
1905 5377 2082 5432 refor-

504 5476 714 5554 ψει-εις
751 5469 1212 5538 quemadmodum
1249 5480 1304 5525 et
1320 5470 1480 5527 Pater
1513 5462 1632 5542 ejus
1659 5470 1788 5526 olim
1805 5485 1930 5525 cum
1962 5469 2082 5537 ipso

504 5572 571 5612 ex
611 5557 730 5614 luto
754 5558 1033 5616 hominem
1067 5570 1235 5618 creat.
1287 5560 1666 5621 Manifestatur
1713 5573 1894 5618 autem
1918 5562 2082 5616 etiam

580 5717 649 5750 ”‘
681 5715 835 5776 Joan.
877 5736 929 5789 v,
963 5720 1052 5775 l7.

2183 4829 2281 4882 καὶ
2329 4831 2628 4886 ὑπόστασιν
2681 4834 2781 4903 ὁρᾷ
2845 4833 3233 4904 προαχθεῖσαν,
3287 4831 3405 4893 πῶς
3454 4823 3614 4894 οὗτος
3665 4830 3769 4882 οὐκ

2183 4922 2565 4993 ἁναντιρῤήτῳ
2591 4923 2836 4993 λογισμῴ
2873 4925 2969 4978 καὶ
3008 4925 3068 4977 τὸ
3099 4923 3286 4977 λοιπὸν
3319 4922 3553 4993 ὄργανον
3577 4922 3644 4974 ἐκ
3667 4921 3768 4990 τῆς

2181 5013 2352 5082 αὐτῆς
2385 5013 2518 5082 ὕλης
2557 5015 2959 5086 καὶδυνάμεως
2977 5015 3372 5086 ἀνομολογήσει
3393 5011 3726 5082 γεγενῆσθαι
3748 5029 3764 5076 ;

2180 5104 2357 5168 ἄλλως
2380 5121 2440 5156 τε
2473 5105 2529 5158 δὲ
2568 5106 2652 5160 ἵνα
2694 5107 2850 5162 τοῦτο
2878 5107 3092 5178 τρανῶς
3135 5106 3424 5177 άναμάθῃς
3453 5106 3539 5158 ὅτι
3573 5120 3679 5174 περ
3709 5105 3768 5155 ἐν

2182 5197 2350 5248 πᾶσιν
2378 5190 2457 5260 οἷς
2487 5197 2518 5250 6
2548 5198 2738 5269 Πατὴρ
2771 5199 2832 5252 τὸ
2871 5199 3002 5263 Θεὸς
3034 5195 3175 5253 εἶναι
3205 5197 3556 5270 γνωρίζεται,
3601 5195 3765 5248 δυνάο

2186 5301 2276 5355 μει
2296 5286 2440 5356 λέγω
2463 5289 2558 5342 καὶ
2579 5289 2707 5363 δόξῃ
2730 5290 2826 5344 καὶ
2848 5291 3006 5362 οὐσίᾳ
3030 5294 3123 5344 xui.
3143 5291 3449 5362 κυριότητι,
3473 5291 3532 5341 ἐν
3552 5289 3765 5347 τούτοις

2183 5377 2278 5428 καὶ
2304 5377 2334 5429 ό
2358 5377 2484 5442 Υίὸς
2515 5379 2575 5432 τὸ
2608 5381 2721 5434 ἴσον
2747 5381 2892 5450 ἔχειν
2939 5381 3420 5453 καταλαμϐάνεται
3461 5380 3559 5433 καὶ
3591 5379 3766 5445 ἁπαρο

2187 5468 2486 5534 ἀλλακτον,
2518 5472 2691 5542 πηλὸν
2722 5473 2818 5527 καὶ
2872 5474 2971 5527 οὐκ
3023 5473 3190 5544 ἄλλην
3237 5472 3373 5545 ῦλην
3425 5469 3607 5524 λαϐὼν
3641 5467 3767 5526 τοὺς

2188 5560 2503 5633 ὀφθαλμοὺς
2553 5565 2884 5622 ἀναπλάττει
2948 5565 3042 5618 τοῦ
3095 5566 3297 5635 τυψλοῦ
3326 5582 3339 5594 ⁸
3381 5565 3572 5636 ὥσπερ
3618 5558 3709 5613 κειὶ
3737 5557 3769 5608 δ
