3976 6222
237 253 334 317 tet
1199 259 1299 317 AD
1345 252 1936 316 AMPHILOCHIUM
1974 250 2319 325 QUESTIO
2347 255 2443 329 1v,
2475 255 2542 316 v.
3395 257 3496 322 1oz

235 364 436 436 Πατὴρ
472 363 638 420 πάλαι
669 365 767 420 σὺν
796 364 948 437 αύτῷ
995 368 1059 420 ἐκ
1088 366 1262 436 πηλοῦ
1293 366 1385 418 τὸν
1413 365 1698 436 ἄνθρωπον
1729 363 1824 433 δη-

1936 364 2085 418 illum
2127 363 2296 419 Deum
2330 367 2423 434 qui
2454 367 2508 420 in
2533 365 2710 421 forma
2733 366 2972 424 hominis
3011 368 3205 437 agebat
3235 378 3290 424 et
3319 370 3494 424 lutum

239 457 502 526 μιουργεί
527 472 542 486 °
581 459 1040 527 συναναφαίνεται
1096 457 1152 510 δὲ
1197 459 1294 510 καὶ
1341 458 1501 510 τοῦτο
1547 457 1629 509 ὅτι
1676 457 1830 526 περό

1933 457 1978 511 in
2011 457 2156 513 oculi
2207 457 2572 512 substantiam
2618 459 2970 512 convertebat
2999 460 3253 514 eumdem
3283 475 3406 516 esse
3431 475 3499 516 ac

233 546 336 598 νῦν
373 548 433 598 ὲν
458 551 642 618 μορφῇ
673 548 970 618 ἀνθρώπου
1003 549 1350 618 χρηματίσας
1375 547 1510 609 Θεὸς
1534 545 1630 599 καὶ
1654 546 1829 618 πηλὸν

1933 563 2050 604 eum
2080 549 2172 619 qui
2235 549 2368 603 olim
2422 549 2698 604 hominem
2752 565 2858 604 una
2917 564 3042 604 cum
3074 548 3235 606 Patre
3283 566 3350 606 ex
3380 553 3497 607 luto

235 637 321 698 εὶς
363 635 533 705 φύσιν
580 638 935 707 μεταϐάλλων
980 640 1283 710 ὀφθαλμοῦ,
1331 639 1491 700 αὐτὸς
1560 633 1628 708 ἦν
1664 639 1761 691 καὶ
1797 639 1826 691 6

1933 640 2308 709 plasmaverat.

234 723 414 776 πάλαι
495 724 589 778 τὸν
658 726 951 798 ἄνθρωπον
1025 727 1534 799 συμπλαστουργῶν
1600 729 1664 781 ἐκ
1714 744 1824 796 πη-

229 813 352 870 λοῦ.

811 903 1146 983 Eenrttsis
1189 935 1260 983 Αο.

237 1019 302 1071 Τί
324 1017 481 1085 ἐστι,
507 1036 528 1070 ι
553 1020 897 1094 Μισοῦντεςᾼ
912 1024 1008 1075 καὶ
1027 1024 1131 1075 τὸν
1145 1024 1264 1077 ἀπὸ
1283 1024 1389 1091 τῆς
1406 1024 1633 1094 σαρκὸς
1657 1024 1820 1078 ἐσπι-

742 1092 1013 1162 λωμένον
1038 1094 1288 1160 χιτῶνα;
1324 1116 1342 1146 ι

2489 929 2818 996 QUJESTIO
2843 931 2933 987 IV.

1927 1020 2069 1086 Qitid
2095 1031 2192 1082 est,
2236 1039 2256 1072 ι
2290 1019 2425 1074 Odia
2457 1021 2698 1075 habentes
2739 1033 2786 1076 et
2820 1041 2956 1087 eant,
2993 1040 3108 1092 qua:
3135 1013 3369 1078 carnalis
3395 1033 3496 1088 est,

2357 1096 2678 1145 maculatam
2708 1096 2938 1147 tunicam
2963 1096 2986 1147 ?
3017 1114 3036 1146 ι

1043 1208 1188 1257 Edita
1208 1223 1236 1257 a
1270 1208 1414 1267 Maio,
1437 1210 1471 1257 l.
1505 1222 1547 1258 c.
1571 1224 1619 1272 p.
1644 1210 1690 1269 5,
1716 1209 1761 1256 4.
1796 1206 1871 1256 De
1892 1205 2000 1253 loco
2018 1204 2248 1265 epistolae
2271 1204 2324 1254 S.
2343 1203 2502 1263 Judm,
2525 1216 2571 1252 v.
2606 1203 2683 1252 23.

309 1311 563 1380 Ἔνδυμα
593 1312 774 1380 γάμου
803 1311 956 1382 παρὰ
990 1316 1088 1384 τῆς
1106 1313 1255 1380 θείας
1278 1316 1640 1384 διδασκόμεθα
1671 1317 1811 1384 rga.

229 1406 362 1474 φῆς,
418 1405 512 1456 τὸν
557 1406 680 1457 κατ’
708 1406 907 1475 ἀρετὴν
953 1401 1091 1458 εἶναι
1137 1407 1250 1476 βίον
1299 1411 1391 1460 καί⁴
1417 1408 1694 1460 πολιτείαν
1717 1407 1816 1477 τὴν

229 1497 532 1567 ἐλευθέραν
561 1500 983 1568 ἁμαρτημάτων
1029 1500 1121 1551 καὶ
1161 1499 1441 1570 καθαράν·
1470 1501 1537 1570 ἢν
1577 1503 1623 1552 οἱ
1664 1501 1815 1551 ἐστο-

1997 1308 2214 1365 Vestem
2254 1310 2549 1379 nuptialem
2585 1326 2652 1363 ex
2705 1309 2886 1364 divina
2919 1309 3200 1380 Scriptura
3233 1314 3497 1370 discimus

1922 1419 2044 1458 esse
2080 1418 2223 1468 eam,
2263 1417 2386 1472 quae
2424 1401 2725 1456 secundum
2759 1403 3012 1458 virtutem
3045 1413 3158 1469 est,
3209 1407 3409 1474 vitam,
3443 1415 3498 1462 et

1924 1497 1977 1550 id
2023 1497 2216 1566 agendi
2280 1495 2592 1550 iustittuum
2627 1495 2770 1564 quod
2802 1497 3040 1564 peccatis
3070 1496 3300 1552 liberum
3339 1509 3420 1555 est
3446 1509 3500 1554 et

227 1590 503 1657 λισμένοι,
540 1591 640 1660 τῆς
668 1607 729 1642 τε
752 1593 1019 1661 μυστικῆς
1045 1593 1314 1655 παστάδος
1344 1595 1474 1662 παρ’
1498 1591 1658 1645 αὑτοῦ
1677 1593 1816 1661 Χρι-

1933 1598 2158 1660 purum;
2195 1604 2357 1659 quam
2400 1588 2496 1658 Qui
2537 1588 2710 1642 iud'uti
2753 1597 2915 1653 sum,
2970 1590 3076 1644 illis
3119 1592 3362 1662 mysticis
3391 1607 3496 1647 nu-

238 1680 373 1732 στοῦ
400 1681 496 1733 τοῦ
523 1682 761 1752 νυμφίου
792 1683 1006 1746 ἐπάξιοι
1035 1684 1330 1754 κρίνονται,
1364 1685 1455 1737 καὶ
1489 1685 1567 1745 εἰς
1590 1682 1680 1736 τὸν
1714 1700 1819 1753 μα-

231 1778 430 1845 κάριον
461 1778 670 1830 ἐκεῖνον
707 1779 800 1830 καὶ
817 1780 1143 1832 Δεσποτικὸν
1179 1780 1552 1833 ἀνακλίνονται
1573 1779 1783 1832 δεῖπνον
1803 1793 1820 1808 °

238 1867 288 1918 οἱ
321 1868 374 1920 δέ
414 1884 478 1934 γε
508 1867 576 1921 τά
594 1868 815 1921 τοιαῦτα
836 1869 944 1921 τῶν
968 1869 1280 1937 ἐνδυμάτων
1309 1867 1660 1940 ρυπὼσαντες
1680 1909 1695 1932 ,
1727 1868 1820 1922 καὶ

238 1959 339 2024 τῆς
383 1959 699 2029 θαυμασίας
745 1961 948 2030 ταύτης
999 1962 1390 2016 ἀπελαύνονται
1444 1961 1818 2025 ἀπολαύσεως,

239 2049 337 2100 καὶ
371 2049 582 2119 πικρὰν
623 2049 720 2121 τὴν
775 2051 1000 2121 ἀτιμίαν
1034 2053 1376 2122 ὑφίστανται.
1417 2053 1480 2105 Et
1540 2053 1596 2106 δὲ
1662 2052 1822 2106 τοῦτο

231 2140 668 2212 μεμαθήκαμεν,
703 2143 859 2210 δῆλος
893 2143 958 2196 ἂν
999 2145 1082 2214 εῐη
1119 2145 1212 2196 καλ¹
1245 2147 1272 2198 6
1308 2145 1460 2213 παρὰ
1503 2143 1581 2214 τῷ
1622 2145 1817 2197 θεσπε-

229 2231 333 2300 σίῳ
369 2232 658 2303 ἀποστόλῳ
690 2235 1058 2304 ὲσπιλωμένος
1082 2235 1412 2306 καλούμενος
1443 2237 1628 2306 χιτὼν,
1655 2236 1712 2289 ὃν
1729 2239 1822 2290 καὶ

231 2326 420 2392 μισεῖν
451 2325 601 2393 ἡμᾶς
627 2325 810 2388 καλῶς
849 2344 906 2378 τε
945 2329 1043 2380 καὶ
1085 2327 1306 2391 δικαίως
1348 2328 1817 2399 παρακελεύεται·

229 2416 259 2467 6
293 2414 410 2484 γάρ
434 2418 557 2477 ταῖς
584 2417 881 2487 ἁμαρτίαις
930 2420 1292 2483 κατάστικτος
1326 2420 1421 2472 καὶ
1458 2421 1646 2490 ῥυπῶν
1679 2420 1817 2487 ὅλος,

229 2499 394 2569 οὗτος
435 2507 503 2560 ἂν
539 2507 626 2576 εἴη
659 2510 686 2560 ὁ
725 2508 1098 2579 ὲσπιλωμένος
1135 2512 1322 2580 χιτών.
1353 2511 1523 2564 Τοῦτο
1569 2511 1624 2565 δὲ
1656 2513 1822 2580 σαφέ-

232 2615 430 2668 στερον
447 2599 848 2652 ἀνακαλύπτων
873 2601 930 2652 ού
938 2620 969 2670 χ
989 2602 1176 2665 ἁπλῶς
1201 2604 1571 2673 ἐσπιλωμένον
1592 2604 1818 2675 χιτῶνα,

231 2691 376 2743 ἀλλὰ
419 2691 514 2744 τὸν
551 2693 660 2746 ἀπὸ
706 2693 804 2761 τῆς
862 2695 1061 2765 σαρκός
1114 2711 1280 2764 φησιν
1323 2696 1693 2764 ἐσπιλωμένον
1729 2698 1822 2749 καὶ

234 2783 657 2853 ὲρῤυπωμένον,
691 2786 785 2836 καὶ
817 2786 916 2838 ὅσα
946 2787 978 2855 ἡ
1021 2785 1158 2857 σὰρξ
1183 2788 1524 2857 ἐπιθυμοῦσα
1553 2787 1696 2841 κατὰ
1726 2788 1822 2840 τοῦ

231 2877 572 2944 πνεύματος,
602 2876 693 2927 τὸν
715 2876 833 2944 βίον
869 2877 1028 2946 ἡμῶν
1059 2878 1492 2948 κεκηλιδωμένον
1528 2882 1623 2934 καὶ
1658 2881 1824 2934 κατά-

1923 1683 2053 1752 ptiis
2104 1680 2172 1734 ab
2211 1683 2330 1750 ipso
2351 1695 2556 1750 sponso
2588 1679 2807 1734 Christo“
2831 1680 2979 1752 digni
3011 1682 3410 1747 existimanthr,
3446 1690 3500 1737 ct

1924 1775 1977 1828 in
2012 1774 2167 1827 beata
2197 1774 2290 1825 illa
2326 1781 2379 1826 et
2411 1773 2557 1841 regia
2615 1776 2768 1825 caena
2829 1773 3175 1827 recumbunt.
3221 1775 3324 1839 Qui
3370 1791 3497 1830 vero

1924 1867 2022 1920 has
2052 1875 2232 1920 Vestes
2274 1865 2602 1933 polluerunt,
2639 1866 2706 1916 ab
2736 1865 2820 1918 his
2857 1864 3125 1920 mirandis
3148 1867 3499 1934 eXpelluntul-

1922 1963 2134 2017 deliciis
2163 1970 2214 2017 et
2249 1965 2459 2018 acerbae
2503 1963 2742 2018 infamiae
2776 1964 3162 2031 subjiciuntur.
3201 1963 3315 2020 Hoc
3343 1967 3391 2022 si
3417 1967 3500 2022 di-

1922 2055 2179 2116 dicimus,
2201 2054 2550 2110 manifestum
2580 2055 2736 2109 nabis
2755 2065 2838 2109 est
2860 2057 3110 2125 quaenam
3137 2056 3207 2111 sit
3235 2073 3297 2112 ea
3332 2064 3498 2127 quam‘

1921 2151 2084 2200 vocat
2115 2146 2332 2200 divinus
2348 2147 2643 2216 Apostolus
2665 2147 2990 2202 maculatam
3017 2150 3278 2214 tu‘n‘icam,
3303 2162 3501 2221 quam:-

1923 2252 2029 2308 que
2059 2246 2119 2291 ut
2146 2238 2426 2293 oderimus
2449 2249 2556 2293 tam
2583 2239 2810 2308 pulchre
2838 2249 2891 2294 et
2912 2241 3062 2309 juSte
3093 2241 3342 2296 hortatur
3368 2261 3381 2296 :
3409 2244 3501 2298 ille

1923 2330 2068 2384 enim
2103 2331 2196 2400 qui
2238 2339 2385 2386 totus
2434 2333 2674 2401 peccatis
2719 2333 3077 2404 distinguitur
3114 2351 3177 2390 ac
3209 2336 3496 2405 polluitur.

1923 2422 2297 2476 indubitanter
2331 2422 2420 2477 illa
2456 2424 2727 2477 maculata
2761 2424 2947 2479 tunica
2976 2435 3080 2480 est.
3123 2425 3278 2492 Quod
3321 2428 3502 2482 mani-

1921 2512 2117 2570 festius
2147 2516 2326 2570 adhuc
2354 2516 2638 2571 declarans
2661 2557 2675 2578 ,
2715 2523 2822 2571 neu
2863 2519 3027 2575 modo
3057 2521 3384 2574 maculatam
3415 2531 3500 2575 tu-

1923 2608 2127 2671 nicam,
2159 2608 2250 2662 sed
2283 2623 2401 2662 eam
2441 2623 2563 2678 quae
2588 2609 2826 2664 cat-nalis
2856 2619 2958 2674 est,
3003 2612 3137 2666 dicit
3172 2613 3497 2668 maculatam

1923 2711 1977 2755 et
1999 2702 2261 2770 pollutam
2284 2744 2299 2767 ,
2327 2713 2382 2755 et
2411 2701 2596 2754 omnia
2627 2717 2748 2770 quze
2781 2716 2909 2755 caro
2937 2705 3273 2772 concupiscit
3304 2708 3498 2758 adver-

1925 2811 2018 2850 sus
2047 2794 2322 2863 spiritum,
2347 2801 2590 2848 nostram
2622 2793 2786 2847 vitam
2819 2795 3098 2848 maculant
3122 2783 3176 2849 et
3204 2795 3452 2865 pblluuul
3479 2816 3493 2851 :

1925 2903 2089 2956 quam
2122 2887 2437 2941 omnimodo
2467 2887 2653 2958 fugere
2711 2895 2811 2942 nas
2850 2887 3040 2952 decet,
3103 2889 3231 2958 quia
3284 2887 3499 2960 mystici

235 2981 460 3016 στικτον
501 2964 776 3031 ἀποτελεῖ,
825 2964 884 3017 ὃν
927 2966 1369 3036 ἀποστρέφεσθαι
1418 2969 1583 3022 παντὶ
1636 2971 1822 3041 τρόπῳ

1933 2978 2191 3032 cmnaculi
2243 2977 2440 3048 januas
2475 2979 2635 3033 nobis
2677 2975 2902 3044 claudit,
2969 2978 3096 3050 quia
3130 2977 3499 3050 pulcherrimo

240 3060 516 3129 προσήκει
541 3075 556 3089 ·
589 3060 671 3112 ὅτι
712 3060 811 3128 τῆς
869 3059 1140 3130 μυστικῆς
1201 3061 1472 3124 παστάδος
1508 3061 1609 3125 τὰς
1652 3063 1822 3133 θύρας

234 3153 368 3220 ἡμῖν
391 3151 696 3217 ἀποκλείει,
718 3153 798 3205 δτι
821 3151 914 3205 τοῦ
937 3152 1104 3206 καλοῦ
1121 3153 1376 3220 Νυμφίου
1394 3157 1537 3208 ποιεῖ
1552 3155 1822 3222 ἀναξίους,

230 3247 319 3297 ὅτι
347 3243 449 3296 τοῦ
481 3244 715 3316 φρικτοῦ
770 3246 866 3298 καὶ
923 3245 1193 3316 σωτηρίου
1252 3245 1470 3300 δείπνου
1540 3247 1823 3319 πόρρωθεν

231 3333 564 3388 ἀπελαύνει.

846 3422 1179 3474 ΕΡΩΤΗΣίΣ
1200 3423 1275 3477 Ε’.

230 3514 310 3569 Et
338 3515 469 3568 πᾶν
497 3514 563 3567 τὸ
589 3514 988 3585 ὑποκείμενον
1009 3515 1244 3583 ἀνάγκῃ
1271 3512 1367 3567 καί
1399 3515 1487 3583 μὴ
1522 3516 1824 3585 βουλόμε-

327 3602 444 3638 νον
498 3585 657 3638 ποιεῖ
713 3586 786 3636 τὰ
839 3584 947 3651 τῆς
998 3586 1140 3649 βίας
1173 3626 1186 3648 ,
1218 3585 1450 3653 ἀνάγκη
1505 3585 1573 3638 δὲ
1626 3584 1826 3640 ἐλθεῖν

319 3655 402 3706 τὰ
431 3655 752 3708 σκάνδαλα
781 3657 850 3705 ἐν
888 3653 966 3718 τῷ
992 3658 1218 3723 κόσμῳ,
1264 3658 1335 3708 οὐ
1370 3656 1600 3708 δίκαιον
1653 3656 1825 3723 ἀραῖς

307 3725 692 3778 ὑποϐάλλειν
732 3724 838 3794 τὸν
905 3726 1241 3787 βιασθέντα
1306 3725 1448 3778 οὐδὲ
1480 3725 1610 3794 μὴν
1647 3728 1822 3793 δίκας

309 3794 698 3849 ἀπαιτεῖσθαι
725 3793 832 3847 τοῦ
866 3794 1302 3864 ἁμαρτήματος.

1927 3068 2140 3139 Sponso
2169 3082 2270 3124 nos
2295 3070 2546 3140 indignos
2575 3066 2754 3133 elﬁcit,
2789 3071 2913 3141 quia
2960 3071 3107 3142 large
3136 3089 3164 3127 a
3191 3073 3500 3129 veneranda

1924 3172 1977 3216 et
2011 3161 2287 3217 dominica
2319 3176 2477 3216 etena
2507 3177 2608 3217 nos
2633 3173 2803 3218 arcet.

2513 3416 2842 3484 QUIESTIO
2868 3417 2931 3473 ν.

1927 3511 2060 3566 Cum
2092 3511 2348 3581 quidquid
2367 3514 2666 3565 necessitati
2695 3511 2929 3581 subjacet
2953 3513 3173 3568 invitum
3205 3516 3502 3571 necessitati

1995 3594 2216 3650 pareat,
2267 3597 2468 3635 necesse
2517 3593 2695 3636 autent
2736 3593 2815 3637 est
2852 3593 2907 3635 ut
2951 3585 3188 3638 eveniant
3247 3589 3504 3642 scandala

1999 3652 2208 3724 (Matth.
2238 3668 2392 3724 xvttt,
2416 3652 2468 3721 7)
2503 3653 2557 3704 in
2591 3654 2820 3718 mundo;
2846 3653 3103 3721 iniustum
3134 3665 3210 3710 est
3239 3658 3500 3724 impreca—

1997 3723 2227 3776 tionibus
2261 3721 2517 3791 subjicere
2547 3739 2665 3775 eum
2704 3725 2794 3793 qui
2844 3725 2945 3777 vim
2993 3725 3198 3794 patitur
3236 3741 3282 3781 et
3316 3721 3397 3781 ἀί)
3441 3735 3500 3781 e'a

1993 3809 2171 3862 paenae
2206 3795 2406 3862 peccati
2440 3803 2687 3862 repetere.

1476 3911 1616 3960 Edita
1635 3926 1660 3960 a
1685 3911 1828 3974 Maio,
1850 3914 1886 3963 ι.
1909 3926 1976 3974 c.,
2006 3926 2054 3973 p.
2089 3910 2135 3969 4,
2162 3910 2207 3958 ὅ.

311 3997 474 4065 Ἔχει
503 3995 602 4066 μέν
628 4011 680 4049 τι
713 3996 939 4052 πιθανὸν
964 3998 997 4068 ἡ
1036 3997 1348 4070 κατασκευὴ
1367 3998 1461 4051 τοῦ
1481 3999 1661 4067 λόγου,
1683 4001 1820 4070 πλὴν

231 4091 331 4142 ἐπὶ
371 4089 566 4159 θύραις
613 4091 707 4141 καὶ
753 4089 814 4142 τὸ
866 4089 1122 4151 δυσσεϐὲς
1149 4105 1162 4118 ·
1199 4091 1514 4162 εἰσπράττει
1573 4093 1684 4163 γὰρ
1729 4095 1820 4148 τὸν

232 4182 374 4234 Θεὸν
421 4181 579 4244 δίκας
616 4181 733 4234 ἀνθ’
763 4182 888 4235 ὅτου
941 4181 1002 4235 τὸ
1060 4181 1380 4252 βιαζόμενον
1437 4185 1676 4249 κολάζει,
1724 4187 1820 4239 καὶ

232 4275 369 4342 περὶ
399 4273 460 4324 τὸ
491 4275 688 4326 οἰκεῖον
725 4274 951 4343 πλάσμα
985 4275 1192 4343 πικρὰν
1221 4277 1421 4346 ἀφίησι
1474 4276 1573 4346 τὴν
1602 4277 1781 4346 ψῆφον
1801 4293 1816 4307 °

1997 4000 2170 4053 Habet
2207 3997 2429 4067 quidem
2469 3995 2720 4050 nonnihil
2759 3996 3062 4065 persuaslvi
3102 3997 3260 4052 istius
3286 4010 3499 4051 sermo-‘3

1925 4093 2012 4146 nis
2044 4088 2391 4158 compositio,
2424 4088 2516 4142 sed
2537 4087 2664 4141 etin
2698 4088 2812 4156 ipsa
2838 4088 3006 4154 janua
3027 4089 3229 4156 impius
3255 4097 3357 4142 est.
3393 4088 3499 4142 lla-

1928 4183 2129 4235 tionem
2162 4180 2309 4234 enim
2343 4194 2371 4231 a
2414 4175 2530 4230 Deo
2575 4176 2745 4245 exigit
2795 4191 2966 4246 quare
3001 4177 3203 4245 aliquid
3244 4185 3496 4232 coactum

1923 4273 2117 4343 puniat
2150 4280 2204 4325 et
2235 4272 2290 4324 in
2331 4284 2485 4324 suam
2547 4268 2824 4338 propriam
2871 4276 3177 4322 creaturam
3237 4269 3497 4323 acerbum

230 4368 286 4418 εἰ
314 4366 428 4438 γὰρ
450 4367 682 4436 ἀνάγκη,
703 4367 856 4438 φησὶ,
883 4367 951 4421 τὰ
989 4367 1256 4421 σκάνδαλα
1281 4369 1474 4430 ἐλθεῖν,
1508 4371 1602 4421 καὶ
1638 4370 1699 4422 τὸ
1731 4371 1822 4438 γέ-

1933 4366 2139 4420 emittat
2176 4364 2494 4427 decretum;
2551 4361 2595 4415 si
2623 4363 2767 4432 enim
2799 4359 2901 4414 fert
2937 4363 3258 4426 necessitas,-
3298 4363 3495 4432 inquit,

233 4476 328 4522 νος
357 4457 524 4528 ἡμῶν
552 4459 612 4522 ἐξ
645 4459 890 4528 ἀνάγκης
930 4457 1197 4513 ἁλώσεται
1235 4463 1348 4524 τοῖς
1394 4462 1711 4525 σκανδάλοις
1730 4479 1744 4492 ο
1774 4463 1824 4515 εί

232 4549 281 4601 δ’
312 4549 470 4602 ἄκων
501 4548 612 4616 ἐγὼ
641 4548 900 4611 δουλεύω,
929 4549 1015 4602 διὰ
1041 4549 1092 4601 τί
1112 4549 1172 4602 τὸ
1203 4549 1526 4620 βιαζόμενον
1547 4551 1828 4622 παραδραδ

239 4638 386 4704 μὼν,
418 4639 522 4708 ἐμὲ
561 4639 653 4693 τὸν
684 4639 1041 4709 βεϐιασμένον
1069 4642 1097 4692 6
1138 4640 1334 4710 κριτὴς
1380 4642 1540 4712 ἀραῖς
1586 4641 1822 4694 ὑποϐάλ-

233 4733 321 4785 λει
357 4748 373 4793 ;
410 4733 551 4784 060).
580 4731 692 4801 γὰρ
728 4730 807 4801 τῷ
841 4729 1114 4800 ἀνθρώπῳ
1134 4732 1346 4801 ἐκείνῳ,
1385 4732 1537 4802 φησι,
1571 4731 1636 4784 δι’
1670 4726 1730 4784 οὗ
1754 4733 1822 4785 τὰ

240 4823 521 4878 σκάνδαλα
556 4822 793 4892 ἔρχεται.
827 4821 901 4874 Οὐ
963 4823 1070 4891 γὰρ
1137 4821 1302 4893 ἐχρῆν
1364 4820 1674 4894 ἐπαρᾶσθαι
1731 4822 1825 4874 καὶ

241 4914 600 4983 ἐπεμϐαίνειν
625 4913 702 4984 τῷ
731 4913 1045 4983 ἠδικημένῳ
1075 4914 1168 4964 καὶ
1194 4913 1511 4981 τυραννίδος
1551 4911 1824 4983 ἅρπαγμα

243 5006 624 5075 γεγενημένῳ,
659 5003 1068 5073 φιλανθρωπίας
1117 5003 1175 5056 δὲ
1232 5004 1431 5072 μᾶλλον
1466 5005 1561 5057 καὶ
1609 5020 1826 5072 συμπαο

246 5094 396 5159 θείας
423 5094 578 5159 ἄξιον
608 5088 848 5159 νομίζειν
872 5110 885 5123 ο
923 5093 1011 5146 ἵνα
1055 5092 1130 5162 μὴ
1154 5093 1297 5160 λέγω
1330 5094 1423 5147 καὶ
1469 5094 1576 5164 πρὸ
1620 5095 1826 5146 τούτων

237 5190 314 5253 ὡς
349 5190 721 5244 ἀπαλλάττειν
770 5187 875 5241 ἔδει
923 5188 1023 5256 τῆς
1069 5187 1189 5257 βίας
1225 5187 1286 5240 16
1329 5189 1528 5240 οἰκεῖον
1571 5188 1823 5256 πλάσμα.

237 5285 396 5338 Οὕτω
425 5286 526 5354 μὲν
554 5279 648 5336 οὖν
676 5283 740 5336 ἄν
768 5299 851 5344 τις
905 5282 1001 5334 καὶ
1040 5280 1370 5351 δριμύτερον
1415 5282 1512 5350 τὴν
1544 5280 1641 5351 σὴν
1683 5297 1822 5349 συμ-

237 5376 489 5441 πλέξειεν
521 5372 782 5442 ἀπορίαν.
819 5371 989 5442 Ἀρχὴ
1017 5371 1060 5424 δ’
1095 5372 1160 5423 ἂν
1178 5371 1284 5440 εἴη,
1307 5371 1462 5439 φασὶ,
1493 5370 1700 5432 λύσεως
1727 5368 1827 5438 τῆς

237 5471 472 5542 ἀπορίας
503 5468 567 5522 16
582 5466 970 5537 κραταιότερον
993 5479 1010 5496 ο
1038 5465 1099 5516 τὺ
1127 5463 1256 5534 γὰρ,
1279 5464 1395 5516 Οὐκ
1417 5464 1604 5533 ὲχρῆν,
1635 5463 1824 5532 φάναι,

243 5563 295 5616 τὸ
321 5564 526 5616 οἰκεῖον
553 5559 785 5628 πλάσμα
828 5557 1159 5628 ἐπαρᾶσθαι,
1201 5555 1338 5609 ἀλλὰ
1383 5559 1449 5627 τῇ
1493 5558 1653 5625 ποινῇ
1693 5553 1828 5607 καθ-

231 5653 568 5708 υποὸάλλειν
599 5650 702 5720 τῆς
734 5649 853 5720 βίας
882 5650 941 5702 16
979 5648 1174 5714 αίτιον,
1212 5648 1312 5701 οὐκ
1343 5646 1492 5700 εστιν
1515 5645 1644 5703 ἄλλο
1671 5644 1826 5698 1di-

1923 4467 1986 4511 ut
2015 4457 2270 4511 eveniant
2300 4453 2559 4509 scandala
2583 4491 2596 4514 ,
2629 4460 2684 4505 et
2721 4460 2970 4506 nostrqu
3012 4468 3183 4522 genus
3211 4468 3276 4508 ex
3309 4467 3500 4509 neces‘

1924 4551 2086 4605 sitate
2113 4547 2387 4603 scandatis
2418 4543 2780 4613 occupabitur
2807 4560 2822 4609 ;
2853 4543 2898 4597 si
2933 4531 3114 4598 autem
3159 4560 3267 4599 non
3307 4545 3498 4600 volens

1924 4641 2124 4702 servio,
2155 4651 2255 4693 cur
2299 4635 2610 4691 necessitati
2664 4649 2772 4689 non
2807 4635 3095 4689 attendens
3142 4635 3342 4706 judex,
3395 4636 3499 4693 etsi

1925 4737 2173 4783 coactum
2209 4725 2344 4781 diris
2370 4725 2632 4780 devovet?
2659 4725 2912 4780 V'aeenim
2943 4727 3149 4780 homini
3180 4727 3497 4798 illi,inquit,

1924 4836 2021 4890 per
2051 4835 2214 4890 quem
2254 4817 2510 4874 scandala
2540 4817 2822 4873 eveniunt.
2861 4817 2980 4871 Non
3023 4817 3167 4872 enim
3215 4821 3502 4888 oportebat

1927 4911 2220 4981 imprecari
2249 4917 2304 4964 et
2329 4909 2594 4964 insultare
2644 4908 2696 4962 ei
2754 4909 2844 4978 qui
2884 4909 3141 4977 injuriam
3197 4924 3394 4980 passus
3445 4921 3502 4966 et

1929 5004 2233 5073 tyrannidis
2265 5002 2445 5071 prada
2477 5000 2657 5055 factus
2685 5008 2803 5064 est,
2839 5001 2932 5055 sed
2964 4999 3148 5069 potius
3189 5016 3314 5055 eum
3345 5016 3502 5056 coma

1927 5097 2186 5166 passione
2211 5095 2433 5164 dignum
2460 5094 2697 5158 habere;
2732 5107 2801 5147 ne
2833 5092 3010 5146 dicam
3041 5094 3354 5162 oportuisse
3374 5102 3501 5147 ante

1927 5189 2111 5242 omnia
2142 5185 2314 5242 Deum
2355 5187 2448 5240 tali
2480 5185 2752 5241 violentiae
2783 5186 3064 5254 proprium
3092 5186 3300 5253 plasma
3323 5186 3503 5255 eripe‘

1927 5294 2010 5334 re.
2040 5279 2118 5332 lta
2139 5280 2286 5333 enim
2311 5287 2364 5333 et
2389 5278 2756 5332 abundantius
2787 5276 2987 5346 aliquis
3019 5291 3173 5331 suam
3200 5277 3504 5333 innecteret

1925 5371 2345 5426 dubitationem.
2375 5369 2595 5426 Initium
2647 5381 2827 5424 autem
2882 5371 3195 5437 solutionis,
3225 5371 3501 5441 inquiunt,

1927 5473 2010 5516 est
2045 5463 2158 5532 ipsa
2189 5462 2341 5517 dubii
2367 5463 2530 5532 hujus
2560 5461 2834 5531 praecipua
2857 5477 3003 5530 pars.
3037 5459 3193 5529 Quod
3222 5462 3366 5521 enim
3385 5461 3501 5516 ait:

1927 5551 2046 5608 Non
2080 5554 2364 5624 oportebat
2394 5553 2616 5622 proprio
2644 5553 2896 5622 plusmati
2923 5552 3231 5622 imprecari,
3264 5551 3358 5606 sed
3391 5565 3505 5620 pm-

1929 5659 2013 5700 na:
2042 5643 2315 5715 subjicere
2339 5658 2562 5700 causam
2595 5642 2886 5709 violentiae,
2943 5651 3026 5697 est
3073 5640 3298 5711 perinde
3355 5655 3420 5696 ac
3457 5643 3506 5700 si
