3912 6218
469 282 568 347 103

1622 260 1886 325 ΡΗΟΤΙΙ
1921 256 2424 318 ΡΑΤΠΙΑΗΕΗᾸΞ
2452 260 2560 319 CP.

3599 257 3686 322 101

463 394 610 446 dicat
641 406 655 442 :
693 385 989 456 Oportebat
1024 381 1160 438 diris
1209 394 1406 435 vovere
1450 375 1750 432 hominem.
1799 370 1858 425 Si
1896 367 2040 423 enim

2163 385 2264 434 (etv
2291 369 2428 434 ἀλλ’,
2465 369 2666 442 Ἐχρῆν
2697 371 2800 425 ὐπὸ
2825 372 3068 443 κατάραν
3096 369 3366 424 ποιεῖσθαι
3394 370 3480 423 τὸν
3499 370 3687 440 ἀνθρω-

467 483 708 547 aliunde,
736 495 914 549 neque
939 493 1004 532 ex
1032 485 1216 530 nostra
1247 483 1301 529 et
1331 473 1500 527 libera
1535 469 1814 524 voluntate
1838 478 2040 533 expan-

466 579 672 630 duntur
693 570 975 633 scandala,
999 569 1196 624 merito
1227 579 1408 621 sermo
1425 563 1513 619 ille
1538 561 1671 632 petit
1697 573 1766 615 ne
1787 557 1912 628 quis
1943 557 2042 609 ho-

470 682 558 723 mo
588 663 1080 736 imprecationibus
1108 660 1470 730 subjiciatur;
1518 655 1565 710 si
1598 663 1782 708 autem
1814 647 2042 722 projicio

468 759 586 828 ipse
616 753 1004 811 seandalorum
1041 749 1250 806 semina
1276 788 1291 812 ,
1336 753 1625 814 postquam
1660 748 1840 795 autem
1873 733 2040 790 semi-

469 859 596 904 nata
629 856 779 911 sunt,
814 858 1039 899 necesse
1060 851 1145 896 est
1176 847 1236 894 ut
1270 839 1518 894 colantur
1547 844 1600 889 et
1623 833 1809 902 spinas
1843 827 2041 890 ferant,

469 955 573 1010 ego
619 937 714 1007 qui
751 935 886 991 mihi
920 935 1034 1004 ipse
1064 945 1280 1002 poenam
1316 944 1412 998 per
1439 922 1821 982 scaudalorum
1859 917 2044 987 spinas

469 1028 780 1094 conciliavi,
808 1026 934 1098 jure
965 1040 1051 1080 me
1083 1032 1136 1078 et
1164 1019 1535 1092 imprecatiuni
1569 1023 1625 1071 et
1655 1028 1830 1086 pinnae
1858 1008 2044 1079 subje-

471 1134 619 1178 ctum
650 1107 823 1176 cilicio
853 1136 867 1172 :
903 1132 1012 1172 non
1041 1111 1368 1185 judicareris
1401 1118 1580 1163 autem
1612 1106 1811 1178 dignus
1836 1103 1928 1173 qui
1960 1117 2048 1154 ve-

473 1216 620 1270 niam
645 1226 738 1268 aut
755 1208 1188 1267 benevolentiam
1212 1204 1323 1258 ullo
1336 1211 1493 1272 pacto
1517 1195 2046 1270 implorares.Porro

472 1308 563 1360 illa
595 1303 852 1361 scandala
878 1310 1004 1358 sunt
1025 1311 1366 1370 quaecunque
1406 1291 1792 1362 impedimenta
1820 1302 2046 1342 moran-

475 1411 562 1454 tur
584 1397 730 1450 viam
752 1395 808 1450 in
833 1403 1092 1449 aeternam
1126 1390 1292 1444 vitam
1321 1387 1636 1442 ducentem.
1663 1383 1923 1448 Quaenam
1952 1396 2049 1435 au-

475 1501 582 1545 tem
614 1482 1181 1544 sunt?Adulterium,
1216 1479 1475 1541 ebrietas,
1502 1475 1730 1537 furtum,
1772 1471 2050 1526 calumnia

481 1593 533 1636 et
560 1582 612 1634 in
652 1576 845 1650 primis
870 1572 1228 1630 homicidium
1259 1581 1312 1626 et
1335 1567 1584 1632 avaritia,
1611 1573 1666 1619 et
1709 1576 2051 1634 quaecunque

472 1674 579 1728 alia
613 1687 681 1724 ex
713 1670 780 1725 iis
814 1669 957 1723 mala
982 1666 1272 1727 oriuntur;
1327 1677 1448 1731 qua:
1488 1661 1729 1714 humana
1779 1671 1932 1711 mens
1983 1655 2050 1708 ad

476 1766 770 1836 imaginem
806 1760 898 1816 Dei
937 1759 1105 1823 facta,
1135 1754 1449 1814 indolentia:
1481 1763 1534 1809 et
1581 1751 1824 1808 mollitiae
1850 1749 2049 1812 dedita,

476 1867 536 1912 ut
569 1859 622 1912 in
655 1853 921 1910 mundum
967 1849 1190 1904 veniant
1218 1847 1382 1913 facit;
1418 1856 1474 1900 et
1523 1860 1647 1900 cum
1693 1851 1879 1898 creata
1908 1853 2055 1895 esset

478 1962 536 2004 ut
562 1954 883 2019 operaretur
900 1947 1152 2006 virtutes,
1185 1938 1534 2008 semetipsam
1551 1936 1728 1992 effecit
1749 1932 2054 2005 operariant

477 2042 852 2111 iniquitatum.
894 2033 1069 2089 Simul
1107 2043 1288 2087 autem
1327 2040 1490 2100 atque
1538 2045 1601 2084 ex
1656 2027 1814 2083 nobis
1847 2034 2055 2080 motum

477 2146 534 2190 et
559 2135 958 2188 incrementum
981 2125 1292 2183 istiusmodi
1331 2123 1656 2194 cupiditates
1680 2125 1964 2190 ceperunt,
1989 2132 2058 2173 ex

482 2225 812 2280 necessitate
843 2219 1041 2277 deinde
1068 2220 1123 2274 in
1145 2225 1332 2272 nostra
1359 2216 1464 2269 vita
1487 2219 1773 2268 versantur
1798 2219 1852 2264 et
1870 2218 2055 2280 agunt.

480 2321 538 2375 Si
569 2320 716 2374 enim
744 2319 1006 2388 antiquus
1046 2315 1218 2370 nostri
1252 2313 1466 2384 generis
1496 2311 1670 2365 hostis
1723 2306 1952 2377 impellit
2007 2311 2060 2359 et

479 2414 683 2470 excitat
739 2411 806 2465 ad
869 2411 1053 2482 pejora
1117 2416 1358 2462 nostram
1420 2414 1716 2466 naturam,
1781 2412 2058 2468 nunquam

485 2515 666 2558 tamen
696 2502 911 2556 videtur
933 2500 1092 2555 nobis
1119 2497 1307 2553 invitis
1331 2511 1510 2565 neque
1542 2493 1728 2565 pejora
1760 2490 1939 2545 facere
1964 2503 2062 2542 cu-

483 2595 760 2654 Dientibus
800 2593 1100 2661 imperare;
1132 2588 1262 2644 dum
1301 2597 1483 2641 autem
1537 2583 1800 2654 quasdam
1854 2580 2064 2635 excita-

486 2692 663 2742 tiunes
697 2694 750 2740 et
776 2685 935 2756 quasi
968 2681 1161 2738 solatia
1200 2678 1452 2735 alicunde
1473 2685 1876 2746 exspectamus,
1905 2671 2007 2740 ipsi
2032 2684 2064 2724 a

487 2780 628 2833 virili
660 2787 714 2834 et
741 2791 1007 2848 generoso
1049 2772 1267 2829 virtutis
1293 2786 1458 2828 sensu
1489 2768 1849 2831 declinantes,
1882 2765 2064 2819 locum

486 2881 721 2940 Occupat
747 2869 950 2925 diaboli
982 2867 1296 2934 consilium,
1329 2875 1384 2920 et
1405 2866 1463 2918 tit
1496 2863 1791 2918 auxiliatur
1820 2859 2061 2930 quidem,

487 2964 582 3019 scd
626 2978 733 3016 non
787 2961 997 3030 primus
1038 2973 1203 3013 casus
1232 2954 1407 3010 nostri
1434 2962 1643 3008 auctor.
1677 2950 1834 3005 Patet
1861 2958 2063 3010 autem,

2143 479 2278 516 πον·
2313 463 2489 534 εἰμὲν
2529 463 2637 532 γάρ
2688 463 2910 517 ἄλλοθέν
2962 461 3126 514 ποθεν
3179 461 3274 515 καὶ
3321 461 3420 514 οὐκ
3463 459 3565 513 ἀπὸ
3598 459 3690 532 τῆς

2142 555 2417 629 ἡμετέρας
2435 556 2529 610 καὶ
2547 556 2735 609 αὐτοδε
2743 557 2940 609 σπότου
2955 552 3180 624 γνώμης
3195 550 3430 624 ήπλοῦτο
3457 553 3521 606 τά
3544 553 3692 608 σκάν-

2141 647 2543 713 δαλα,είκότως
2566 664 2626 700 τε
2665 646 2731 700 ἂν
2771 646 2972 714 ὀλόγος
3003 644 3204 716 ἀπῄτει
3263 644 3394 714 μηδὲ
3438 645 3591 714 ἀραῖς
3623 661 3693 698 τι-

2143 759 2210 794 να
2236 741 2345 794 τῶν
2371 739 2674 812 ἀνθρώπων
2725 738 3122 792 ὐποϐάλλεσθαι
3143 752 3157 769 ⁸
3193 739 3242 790 εί
3289 737 3347 790 δὲ
3393 735 3693 790 καταϐάλλω

2147 831 2246 902 μὲν
2285 830 2396 900 ἐγὼ
2428 831 2534 884 τῶν
2573 829 2884 883 σκανδάλων
2917 830 2988 882 τά
3023 828 3334 898 σπέρματα,
3365 827 3552 880 emiss
3573 845 3693 879 κατ-

2145 923 2370 994 εδλήθη.
2409 922 2624 992 ἀνάγκη
2657 923 2751 974 καὶ
2801 919 3187 992 γεωργηθῆναι
3230 919 3324 972 καὶ
3369 920 3696 988 καρποφορῆ-

2150 1031 2241 1068 σαι
2281 1013 2381 1084 τὴν
2427 1011 2692 1081 ἄκανθαν.
2731 1013 2759 1064 ὁ
2809 1009 3149 1081 προξενήσας
3197 1008 3422 1080 ἐμαυτῷ
3465 1007 3551 1061 διὰ
3601 1008 3697 1058 τῶν

2150 1105 2460 1160 σκανδάλων
2488 1104 2590 1174 τῆς
2628 1101 2871 1174 ἀκάνθης
2902 1102 2964 1155 τὸ
3004 1101 3300 1171 ἐπιτίμιον,
3352 1098 3572 1160 είκότως
3617 1099 3698 1148 καὶ

2146 1201 2247 1270 τῆς
2277 1200 2416 1270 ἀρᾶς
2447 1199 2542 1252 καὶ
2577 1199 2674 1268 τῆς
2699 1197 2854 1266 δίκης
2884 1194 3118 1264 ἐμαυτὸν
3149 1192 3457 1263 παρίστημι
3497 1191 3662 1260 ἔνοχον
3685 1207 3696 1220 ·

2150 1291 2266 1343 ἀλλ’
2292 1292 2352 1344 οὐ
2391 1291 2726 1361 συγγνώμην
2748 1289 2909 1343 ποθὲν
2952 1288 3222 1351 ἀπαιτεῖν,
3266 1283 3389 1337 οὐδὲ
3425 1282 3700 1352 φιλανθρω-

2151 1383 2281 1448 πίας
2307 1383 2574 1453 οὐμενοῦν
2602 1380 2841 1453 οὐδαμοῦ
2869 1380 3117 1452 κριθείης
3161 1375 3342 1441 ἄξιος·
3378 1372 3638 1426 σκάνδαλα
3661 1371 3700 1423 δ’

2149 1476 2216 1530 ἂν
2245 1479 2432 1532 ἐκεῖνα
2477 1477 2563 1545 εἱή
2595 1478 2696 1530 ὅσα
2746 1474 3043 1544 κωλύματα
3083 1471 3294 1540 γίνεται
3329 1469 3425 1536 τῆς
3454 1468 3584 1537 πρὸς
3617 1467 3703 1535 τὴν

2153 1571 2296 1643 ζωὴν
2335 1571 2577 1641 ἀγούσης
2608 1569 2728 1624 ὁδοῦ
2759 1569 2855 1640 τὴν
2882 1567 3130 1620 αἰώνιον·
3163 1564 3286 1618 τίνα
3310 1563 3356 1616 δ’
3379 1558 3700 1623 Etruscum;

2153 1664 2403 1736 πορνεία,
2443 1663 2604 1734 μέθη,
2651 1661 2851 1730 κλοπὴ,
2884 1655 3206 1720 καταλαλιά,
3235 1654 3333 1708 καλ¹
3388 1651 3494 1723 πρὸ
3522 1651 3705 1703 τούτων

2155 1757 2315 1826 φόνος
2350 1755 2445 1809 καλ⁴
2468 1754 2804 1826 φιλαργυρία
2841 1751 2935 1805 καὶ
2983 1751 3084 1802 ὅσα
3117 1747 3253 1800 ἄλλα
3298 1744 3444 1799 κακά
3483 1742 3567 1795 διὰ
3597 1740 3706 1793 τού-

2153 1867 2261 1905 των
2287 1865 2301 1879 °
2337 1848 2481 1920 ἅπερ
2510 1849 2538 1901 ὁ
2569 1845 2911 1917 ἀνθρώπινος
2969 1842 3090 1896 κατ’
3123 1840 3310 1895 εἰκόνα
3341 1835 3478 1891 Θεοῦ
3518 1834 3708 1887 πεπλα-

2156 1941 2354 2013 σμένος
2387 1941 2513 2004 νοῦς
2554 1939 2798 2011 ραθυμίᾳ
2836 1937 2928 1991 καὶ¹
2970 1932 3224 2008 ῥαστώνῃ
3265 1928 3559 2002 παρασχὼν
3600 1926 3708 1979 ὲαυ-

2155 2038 2248 2091 τὸν
2279 2036 2361 2100 είς
2385 2035 2478 2090 τὸν
2523 2035 2729 2104 κόσμον
2788 2030 2965 2085 ἐλθεῖν
3019 2025 3468 2100 παρασκευάζει·
3503 2018 3708 2075 καὶτῶν

2156 2127 2369 2198 ἀρετῶν
2409 2127 2646 2198 ἐργάτης
2695 2121 2957 2184 πλασθεὶς
3019 2119 3264 2192 γεωργὸν
3318 2115 3505 2170 ἑαυτὸν
3564 2127 3712 2165 κατα·

2161 2219 2422 2283 σκευάζει
2451 2217 2558 2271 τῶν
2582 2215 2801 2286 φαύλων
2827 2234 2841 2248 ο
2875 2214 3046 2286 ῥοπὴν
3076 2213 3132 2266 δὲ
3171 2209 3320 2276 suae
3357 2209 3416 2274 ἐξ
3454 2205 3600 2278 ἡμῶν
3632 2203 3711 2255 καὶ

2163 2313 2400 2385 βλάστην
2439 2312 2509 2365 τά
2551 2310 2780 2364 τοιαῦτα
2825 2307 2935 2361 τῶν
2998 2305 3339 2375 παθημάτων
3399 2302 3636 2364 λαϐόντα,
3663 2296 3714 2361 ἐξ

2161 2404 2411 2474 ἀνάγκης
2441 2403 2502 2456 τὸ
2541 2401 2728 2455 λοιπὸν
2763 2397 3120 2471 ἐπιχωριάζει
3149 2414 3207 2450 τε
3237 2398 3335 2450 καὶ
3363 2390 3713 2466 παρρησιάζε-

2162 2513 2253 2550 ται
2287 2494 2366 2565 τῷ
2401 2493 2658 2564 ἡμετέρῳ
2694 2491 2815 2563 βίῳ.
2845 2492 2910 2546 Εί
2944 2491 3052 2560 γὰρ
3092 2490 3186 2542 καὶ
3214 2491 3242 2542 ὁ
3276 2488 3497 2558 ἀρχαῖος
3519 2483 3607 2536 τοῦ
3633 2481 3714 2548 γέ-

2164 2606 2290 2654 νους
2325 2589 2485 2658 ἡμῶν
2518 2585 2715 2657 ἐχθρὸς
2748 2587 2995 2640 ἀνακινεῖ
3038 2601 3100 2636 τε
3148 2581 3243 2636 καὶ
3283 2578 3549 2649 ἀνεγείρει
3597 2575 3716 2643 πρὸς

2162 2685 2234 2738 τὰ
2264 2683 2488 2755 χείρονα
2511 2683 2612 2753 τὴν
2645 2680 2828 2751 φύσιν,
2884 2677 3000 2732 ἀλλ’
3023 2674 3260 2746 οὐδαμοῦ
3312 2674 3554 2744 φαίνεται
3593 2685 3716 2737 κρα-

2163 2779 2271 2834 τῶν
2294 2777 2450 2850 ἡμῶν
2479 2775 2554 2847 μὴ
2579 2773 2939 2843 πειθομένων,
2974 2769 3110 2840 μηδὲ
3137 2767 3205 2821 τὰ
3232 2767 3454 2837 χείρονα
3483 2762 3717 2833 πράττειν

2165 2871 2515 2944 ὡρμημένων
2537 2885 2551 2900 °
2585 2866 2910 2938 ὲρεθισμοὺς
2935 2863 2994 2916 δέ
3022 2879 3174 2923 τινας
3209 2859 3308 2913 καὶ
3329 2855 3441 2912 οἷον
3464 2852 3718 2925 παρακλή-

2170 2985 2284 3032 σεις
2303 2964 2602 3036 ἀλλαχόθεν
2635 2959 3040 3032 ἀναμενόντων,
3091 2955 3249 3027 ήμῶν
3277 2954 3335 3008 δὲ
3373 2951 3465 3006 τοῦ
3499 2951 3719 3022 ἀρρενωο

488 3052 946 3128 quemadmodum
977 3051 1142 3104 vitam
1173 3049 1375 3103 bonam
1405 3047 1638 3116 perdunt
1667 3059 1731 3098 ac
1777 3043 2060 3096 destruunt

2173 3061 2276 3116 ποῦ
2313 3078 2372 3113 τε
2403 3058 2501 3113 καὶ
2537 3057 2790 3125 γενναίου
2830 3053 2931 3122 τῆς
2980 3050 3183 3122 ἀρετῆς
3231 3043 3718 3102 ὐπολισθαινὸντων,

488 3146 801 3202 istiusmodi
843 3142 1101 3200 scandala
1156 3153 1211 3195 et
1242 3140 1589 3209 cupiditates,
1620 3137 1693 3189 ita
1724 3135 1887 3189 etiam
1915 3134 1986 3187 ita
2012 3143 2067 3186 et

489 3243 611 3312 pios
638 3252 923 3294 sermones
948 3234 1207 3289 invadere
1232 3243 1287 3287 et
1310 3240 1528 3287 vastare
1574 3230 1829 3283 haeretica
1876 3235 1931 3281 et
1958 3227 2068 3280 dis-

491 3348 628 3391 sona
655 3331 950 3402 impiorum
984 3329 1239 3398 dogmata
1283 3333 1338 3380 et
1386 3325 1620 3396 cogitata
1653 3341 1668 3377 :
1701 3323 1795 3393 qui
1845 3335 1969 3376 cum
2002 3320 2070 3373 ab

494 3427 652 3484 initio
675 3423 859 3496 pravis
894 3421 1011 3477 suis
1055 3417 1484 3490 cogitationibus
1521 3432 1586 3471 ea
1623 3415 1967 3485 collegissent
2019 3420 2074 3467 et

495 3522 551 3576 in
575 3521 751 3575 lucem
780 3515 1114 3580 edidissent;
1147 3528 1256 3567 non
1285 3510 1606 3566 necessitate
1634 3509 1728 3564 sed
1763 3506 2075 3562 voluntario

497 3613 732 3670 consilio
760 3620 815 3664 et
841 3607 1134 3673 sententia,
1157 3605 1531 3675 proximorum
1557 3617 1716 3658 aures
1733 3600 2071 3672 blasphemia

496 3706 900 3776 impleverunt,
930 3709 985 3756 et
1014 3699 1263 3754 fecerunt
1295 3707 1354 3752 ut
1381 3712 1477 3768 per
1505 3711 1564 3751 se
1598 3705 1653 3750 et
1679 3709 1773 3751 eos
1817 3694 1910 3763 qui
1941 3691 2073 3760 ipsis

427 3841 441 3854 .
495 3800 866 3864 crediderunt,
917 3811 983 3851 ex
1033 3793 1362 3850 necessitate
1406 3790 1663 3847 scandala
1710 3789 1765 3843 in
1807 3787 2074 3842 mundum

495 3894 789 3958 venirent;
821 3889 1022 3960 quibus
1053 3898 1108 3941 et
1135 3886 1270 3940 illud
1305 3900 1416 3949 vae,
1475 3885 1789 3954 incorrupta
1829 3878 2075 3952 judiciali

495 3987 792 4052 sententia,
816 3985 1064 4040 divinum
1097 3979 1378 4037 decretum
1411 3977 1466 4033 in
1496 3992 1592 4032 eos
1618 3975 1858 4032 immittit
1889 3972 1984 4045 qui
2018 3986 2076 4026 se

496 4083 747 4152 indignos
766 4079 1010 4151 qualibet
1034 4073 1410 4130 misericordia
1434 4071 1822 4144 praestiterunt,
1856 4080 1915 4125 ut
1935 4078 1991 4124 et
2017 4067 2074 4121 in

497 4176 605 4230 alio
643 4175 763 4229 loco
796 4171 953 4236 dicit,
1007 4169 1194 4224 talium
1252 4167 1521 4220 interesse
1570 4173 1627 4218 ut
1666 4164 1811 4217 mola
1838 4163 2077 4217 asinaria

499 4286 693 4327 eorum
754 4267 912 4322 collis
974 4263 1226 4335 alligetur
1281 4269 1338 4316 et
1388 4260 1440 4313 in
1495 4272 1645 4312 mare
1698 4255 2074 4326 projiciautur.

503 4362 696 4419 Soluta
729 4363 893 4431 igitur
924 4367 1011 4414 est
1039 4355 1330 4412 diﬂicultas
1356 4367 1424 4408 ex
1457 4351 1526 4406 iis
1558 4349 1756 4421 quibus
1789 4347 2075 4401 videbatur

498 4453 852 4524 potissimum
887 4449 1159 4505 roborari.
1183 4444 1370 4518 Neque
1404 4445 1460 4498 in
1503 4443 1657 4497 illum
1686 4439 1938 4512 dirigitur
1969 4439 2075 4493 im-

498 4546 768 4619 precatio,
803 4543 897 4614 qui
943 4541 1053 4597 vim
1084 4541 1304 4612 patitur,
1340 4537 1436 4595 sed
1464 4537 1521 4592 in
1549 4551 1672 4591 eum
1702 4535 1794 4606 qui
1823 4534 2079 4590 scandala

501 4639 735 4696 seminat
757 4643 812 4692 et
843 4651 941 4706 per
988 4648 1150 4704 quem
1181 4631 1484 4702 prodeunt;
1522 4627 1686 4685 simul
1732 4641 1796 4683 ac
1825 4625 2083 4682 scandala

500 4729 754 4801 projecit,
795 4743 864 4784 ex
888 4728 1214 4783 necessitate
1238 4725 1435 4780 deinde
1462 4723 1518 4777 in
1548 4721 1751 4776 mundo
1796 4729 2084 4775 versantur

500 4835 556 4881 et
585 4832 776 4895 agunt.

2169 3151 2440 3223 λαμϐάνει
2475 3148 2660 3220 χώραν
2687 3149 2719 3218 ἡ
2747 3146 2841 3199 τοῦ
2876 3140 3114 3212 πονηροῦ
3154 3138 3456 3211 συμϐουλὴ,
3487 3135 3574 3188 καὶ
3595 3131 3723 3200 γίνε-

2169 3264 2262 3299 ται
2294 3243 2556 3315 συνεργὸς
2589 3240 2703 3294 ἀλλ’
2733 3241 2833 3293 οὐκ
2865 3237 3104 3309 ἀρχηγὸς
3145 3232 3240 3287 τοῦ
3280 3227 3722 3302 παραπτώματος-

2171 3338 2331 3410 δῆλον
2358 3337 2415 3390 δὲ
2444 3339 2528 3389 ὅτι
2561 3334 2815 3403 καθάπερ
2847 3330 2924 3399 τῷ
2953 3327 3073 3382 κατ’
3103 3325 3307 3397 ἀρετὴν
3331 3325 3430 3394 βίῳ
3455 3317 3724 3388 ἐπιλυμαί-

2172 3430 2322 3483 νεταί
2362 3445 2419 3482 τε
2456 3427 2552 3481 καὶ
2593 3423 2893 3494 ἀνατρέπει
2945 3422 3013 3475 τά
3059 3419 3288 3473 τοιαῦτα
3329 3413 3592 3470 σκάνδαλα
3646 3405 3724 3460 xui

2173 3523 2347 3592 πάθη,
2391 3519 2535 3572 οὐτω
2581 3517 2646 3587 δὴ
2689 3515 2833 3568 οὕτω
2879 3514 2974 3568 καὶ
3013 3511 3089 3583 τῷ
3125 3511 3248 3564 κατ’
3277 3507 3556 3562 εὐσέϐειαν
3602 3500 3728 3566 λόγῳ

2175 3613 2500 3687 ἐπιπροσθεῖ
2532 3629 2592 3665 τε
2631 3611 2724 3665 καὶ
2752 3608 3139 3677 καταληῖζεται
3157 3605 3225 3658 τὰ
3248 3600 3500 3674 αἱρετικά
3529 3596 3618 3650 καὶ
3639 3610 3725 3643 πα-

2173 3711 2437 3781 λίμφημα
2458 3701 2986 3774 τῶνξδυσσεϐούντων
3005 3701 3253 3769 δόγματα
3275 3697 3372 3750 καὶ
3387 3693 3694 3766 φρονήματα
3715 3701 3727 3715 ⁸

2176 3803 2338 3873 οἷπερ
2363 3778 2426 3865 ἐξ
2447 3800 2622 3870 ἀρχῆς
2673 3798 2796 3860 ταῖς
2831 3794 3096 3866 πονηραῖς
3116 3789 3300 3844 αὐτῶν
3336 3786 3590 3846 διανοίαις
3624 3778 3729 3833 συλ-

2175 3871 2432 3959 λαϐόντες
2450 3892 2590 3948 αὐτὰ
2623 3893 2719 3946 καὶ
2750 3889 3111 3949 ἀποτεκόντες·
3141 3885 3242 3938 οὐκ
3276 3883 3339 3948 ἐξ
3366 3882 3608 3948 ἀνάγκης
3627 3871 3731 3926 οὐδὲ

2177 3991 2289 4063 βίᾳ,
2330 3986 2672 4056 ἐκουσιότητι
2727 3984 2785 4038 δὲ
2832 3981 3028 4052 βουλῆς
3075 3995 3134 4032 τε
3179 3977 3274 4030 καὶ
3299 3974 3542 4045 γνώμης,
3568 3967 3659 4030 τάς
3681 3977 3733 4063 τε

2176 4054 2285 4136 τιῖίν
2318 4079 2548 4151 πλησίον
2573 4054 2745 4140 ἀκοὰς
2790 4075 2890 4144 τῆς
2941 4069 3254 4141 δυσφημίας
3293 4065 3614 4134 ἐνέπλησαν,
3653 4054 3734 4107 κα.)⁵

2178 4175 2238 4242 ἐξ
2261 4149 2510 4240 ἀνάγκης
2543 4169 2609 4222 δι’
2637 4166 2845 4222 ἑαυτῶν
2878 4181 2939 4218 τε
2988 4163 3083 4216 καὶ
3129 4160 3240 4214 τῶν
3299 4149 3735 4230 παραδεξαμένων

2177 4270 2259 4332 εἰς
2285 4267 2378 4320 τὸν
2416 4265 2622 4334 κόσμον
2649 4263 2823 4316 ἐλθεῖν
2850 4259 2920 4313 τὰ
2966 4255 3236 4311 σκάνδαλα
3297 4249 3704 4324 παρεσκεύασαν
3722 4259 3735 4274 ’

2181 4354 2262 4423 οἷς
2288 4359 2385 4412 καὶ
2421 4358 2483 4410 τὸ
2516 4356 2660 4420 οὐαὶ,
2691 4354 2974 4422 ἀδεκάστῳ
2999 4351 3180 4420 κρίσει
3204 4349 3238 4418 ἡ
3276 4348 3401 4400 θεία
3431 4347 3606 4416 ψῆφος
3653 4341 3736 4391 ἐπ-

2189 4451 2418 4521 αφίησιν
2454 4447 2682 4508 ἑαυτοὺς
2711 4443 2964 4510 ἀναξίους
2985 4437 3430 4510 παρεσκευακόσι
3457 4431 3650 4492 παντὸς
3673 4429 3735 4480 οἱ·

2185 4520 2449 4615 κτιρμοῦ,
2471 4539 2548 4604 ὥς
2581 4554 2685 4612 που
2715 4537 2810 4589 καὶ
2833 4532 3094 4603 ἀλλαχόθι
3134 4531 3299 4600 φησὶν
3329 4530 3412 4583 ὅτι
3443 4529 3554 4590 τοῖς
3585 4520 3735 4576 ’τοιού-

2187 4608 2303 4699 τοις
2321 4608 2602 4704 συμφέρει
2630 4608 2724 4682 ’ἵνα
2753 4624 2920 4696 μύλος
2963 4621 3143 4684 ὀνικὸς
3177 4620 3307 4691 δεθῇ
3342 4618 3472 4689 περὶ
3514 4615 3602 4669 τὸν
3622 4608 3732 4681 τρὰσ

2189 4726 2354 4800 χηλον
2403 4723 2610 4785 αὐτῶν,
2657 4719 2752 4772 καὶ
2796 4714 3176 4787 ἀπορῤιφῶσιν
3220 4714 3301 4775 εἰς
3330 4711 3428 4782 τὴν
3461 4707 3735 4762 θάλασσαν.

2192 4798 2427 4877 Ᾰέλυται
2454 4815 2633 4870 τοίνυν
2645 4810 2849 4882 ἀπορία
2869 4808 2928 4874 ἐξ
2951 4801 3024 4862 ὧν
3040 4807 3216 4862 ἐδόκει
3231 4800 3596 4876 κρατύνεσθαι
3618 4815 3631 4828 ·
3659 4798 3736 4846 καί

501 4923 602 4992 οὐχ
638 4923 667 4975 ὁ
697 4918 941 4992 βιασθεὶς
963 4919 1077 4990 ἔχει
1106 4919 1204 4990 τὴν
1232 4919 1395 4991 ἀρὰν,
1419 4917 1535 4974 ἀλλ’
1555 4921 1585 4972 ὁ
1603 4921 1712 4975 τῶν
1733 4923 2044 4978 σκανδάλων
2073 4918 2374 4993 προϐολεὺς
2399 4915 2465 4968 δι’
2498 4907 2560 4967 οὗ
2600 4908 2807 4980 προέϐη
2839 4908 2907 4960 τά
2939 4903 3208 4961 σκάνδαλα
3227 4921 3240 4935 ο
3263 4903 3459 4956 τούτου
3483 4901 3585 4970 γὰρ
3624 4906 3736 4963 προ·

505 5017 861 5089 ϐαλλομένου,
901 5013 961 5078 ἐξ
1013 5013 1262 5083 ἀνάγκης
1323 5011 1512 5066 λοιπὸν
1569 5015 1827 5086 ἐπιδημεῖ
1880 5033 1942 5069 τε
1993 5015 2088 5070 καὶ
2127 5005 2566 5084 παρρησιάζεται
2593 5001 2673 5074 τῷ
2705 5001 2896 5070 κόσμῳ
2921 4998 2989 5053 τά
3018 4997 3308 5053 σκάνδαλα.
