3976 6222
223 309 325 373 105

797 425 1134 479 ΕΡΩΤΗΣΙΣ
1171 426 1263 490 (Γ.

224 521 287 573 TT
327 518 402 578 δή
446 532 592 572 ποτε
634 518 861 586 Μωσῆς
905 517 1021 570 τῶν
1073 515 1347 586 οὐρανῶν·
1392 517 1483 586 οὐκ
1513 514 1806 583 μέμνηται

286 591 637 655 βασιλείας,
664 590 762 641 καί
784 606 872 642 τοι
893 588 998 641 τοῦ
1025 585 1298 654 Σωτῆρος
1314 586 1383 638 ἐν
1400 585 1521 655 τοῖς
1542 589 1590 639 Ε
1597 589 1806 655 bay-rs-

290 662 452 724 λίοις
468 654 754 727 λαμπρῶς
769 660 1043 721 εἰπόντος
1068 658 1185 709 ἀπὸ
1202 654 1537 727 καταϐολῆς
1570 654 1803 727 κόσμου

296 730 423 796 τοῖς
462 724 719 795 δικαίοις
746 730 972 796 ταύτην
1004 725 1435 796 ἐτοιμιισθῆναι
1454 724 1669 793 (27-98)
1697 744 1712 792 ;

1262 311 1361 369 AD
1394 308 1990 369 AMPHILOCHIUM
2021 306 2368 381 QUXESTIO
2388 304 2487 368 VI.

3404 306 3465 368 10

2474 355 2487 368 .
3404 311 3503 372 106

2471 417 2803 487 QUAESTIO
2846 420 2937 474 νι.

1914 514 2023 570 Cur
2054 515 2221 569 Moses
2281 515 2426 584 regni
2472 513 2720 584 caelorum
2772 511 2974 584 nullum
3007 515 3317 584 mentionem
3362 515 3503 582 fece-

1982 589 2074 651 rit,
2131 583 2433 654 quanquam
2479 583 2726 637 Servator
2773 584 2830 636 in
2876 583 3176 654 Evangeliis
3222 586 3505 653 manifeste

1983 658 2205 719 dicat",
2233 674 2265 708 a
2287 653 2671 709 reanstitutione
2701 655 2885 707 utundi
2918 653 3051 708 illud
3082 671 3193 709 esse
3213 654 3374 723 justis
3404 670 3506 723 pa-

1982 739 2180 780 ratunt.

1364 816 1507 869 Edita
1526 833 1553 867 a
1577 817 1725 880 Maio,
1748 821 1878 870 Nov.
1910 818 2057 879 Colt.,
2082 826 2119 867 t.
2154 819 2192 878 Ι,
2215 834 2262 881 p.
2291 820 2367 867 48.

298 936 370 984 α’.
404 929 583 982 Πολλά
606 929 714 982 τῶν
742 928 949 998 νοητῶν
977 930 1005 981 ὁ
1039 929 1179 990 θεῖος
1206 930 1414 1001 Μωσῆς
1439 930 1657 1000 παρῆκε
1679 946 1691 959 ·
1724 930 1820 984 καὶ

222 1024 259 1092 ὴ
299 1021 555 1092 βασιλεία
576 1021 632 1074 δὲ
666 1021 774 1074 τῶν
796 1020 1040 1092 οὐρανῶν
1067 1021 1351 1092 κρείττονα
1382 1022 1477 1074 καὶ
1506 1021 1605 1091 τὴν
1640 1019 1820 1090 ῦπαρ-

224 1113 313 1179 ξιν
353 1115 451 1167 καὶ
492 1115 589 1182 τὴν
635 1113 937 1166 ἀπόλαυσιν
982 1114 1013 1181 ἢ
1060 1115 1182 1165 κατ’
1210 1112 1464 1183 αἴσθησιν
1506 1113 1651 1182 ἔχει·
1686 1115 1823 1181 φησὶ

224 1206 395 1276 γάρ,‹
440 1205 508 1256 "A
528 1203 806 1272 ὀφθαλμὸς
836 1205 936 1255 οὐκ
969 1199 1075 1255 εἶδε
1107 1202 1202 1255 καὶ
1234 1201 1327 1264 οῦς
1348 1202 1449 1254 οὐκ
1489 1201 1690 1271 ἢκουσε
1729 1200 1824 1255 καὶ

226 1299 326 1350 ἐπὶ
374 1297 604 1366 καρδίαν
638 1295 926 1367 ἀνθρώπου
954 1295 1054 1347 οὐκ
1091 1295 1258 1366 ἀνέϐη
1284 1313 1298 1327 ο
1342 1314 1359 1345 ι
1392 1293 1543 1348 οὐδὲν
1568 1292 1662 1346 οῦν
1695 1292 1825 1347 θαυ-

230 1387 448 1456 μαστὸν
510 1386 819 1457 ἀσωμάτων
869 1385 1231 1456 δημιουργίαν
1274 1384 1557 1455 δυνάμεων
1598 1384 1712 1456 (29)
1750 1384 1824 1453 μὴ

229 1475 603 1543 ἐπεξελθόντα
662 1478 755 1531 τὸν
810 1477 1047 1547 θεόπτην
1110 1478 1318 1547 Μωσῆν
1378 1477 1467 1529 διὰ
1501 1477 1599 1547 τὴν
1644 1476 1823 1546 παχύ-

229 1570 377 1636 τητά
399 1586 458 1622 τε
486 1569 580 1622 καὶ
604 1569 887 1623 ἀσθένειαν
913 1570 1020 1622 τῶν
1046 1571 1355 1641 ἀκροατῶν,
1382 1571 1516 1641 μηδὲ
1542 1571 1643 1640 τῆς
1686 1570 1827 1643 ὑπὲρ

231 1660 496 1730 αἴσθησιν
552 1660 831 1730 βασιλείας
884 1660 994 1713 τῶν
1048 1661 1294 1733 οὐρανῶν
1349 1663 1602 1733 διήγησιν
1652 1679 1830 1731 παρα-

2004 933 2049 985 l.
2083 931 2281 986 Multas
2305 931 2480 986 Moses
2503 930 2900 986 intellectuales
2918 945 3006 985 res
3033 930 3255 986 silentio
3277 934 3504 1001 pressit:

1928 1038 2158 1092 regnum
2185 1034 2366 1078 autem
2402 1024 2668 1078 caelorum
2700 1030 2814 1076 tum
2843 1030 3041 1077 natura
3073 1038 3171 1078 sua
3204 1032 3315 1078 tum
3343 1025 3509 1080 etiam

1929 1117 2251 1186 gaudiorum
2296 1115 2611 1187 praestantia
2656 1130 2856 1170 sensus
2901 1125 3217 1185 exsuperat.
3263 1115 3319 1171 ld
3363 1117 3509 1171 enim

1930 1210 2007 1264 rei
2036 1226 2227 1280 genus,
2265 1221 2325 1263 ut
2371 1210 2447 1265 ait
2473 1207 2788 1277 Scriptura,
2821 1225 2839 1259 ι
2895 1205 3083 1277 Neque
3126 1209 3321 1263 oculus
3352 1210 3512 1277 vidit,
3541 1264 3543 1267 .

1933 1318 2108 1372 neque
2135 1302 2286 1357 auris
2329 1302 2558 1364 audivit,
2606 1316 2782 1370 neque
2816 1301 2873 1355 in
2907 1309 3005 1356 cor
3042 1300 3285 1356 hominis
3319 1317 3513 1356 ascen—

1932 1397 2011 1452 dit
2052 1397 2121 1453 ⁷⁵.
2160 1415 2179 1447 ι
2218 1394 2301 1450 Nil
2331 1411 2461 1465 ergo
2493 1397 2693 1450 mirum
2727 1404 2846 1461 est,
2921 1396 2967 1449 si
3003 1410 3127 1450 cum
3158 1393 3255 1450 Dei
3289 1405 3545 1465 aspectu;

1931 1489 2129 1559 dignus
2168 1487 2347 1544 Moses
2379 1489 2827 1557 incorporearum
2862 1486 3127 1540 virtutum
3178 1487 3511 1542 creationem

1933 1596 2042 1635 non
2077 1580 2378 1635 narraverit
2424 1586 2643 1648 propter
2675 1578 3017 1632 audientium
3051 1594 3239 1633 crassa
3292 1577 3511 1648 ingenia

1933 1687 1989 1733 et
2029 1677 2427 1743 inﬁrmitatem,
2474 1676 2735 1731 idemmet
2765 1691 2834 1730 ne
2875 1677 3142 1731 caelorum
3175 1676 3516 1745 quidem‘re-

235 1751 456 1815 θέσθαι,
482 1754 603 1805 κατ’
633 1752 887 1821 αἴσθησιν
911 1752 1111 1823 μᾶλλον
1136 1752 1168 1823 ἢ
1200 1753 1342 1807 κατά
1369 1753 1600 1825 θεωρίαν
1622 1753 1824 1824 βιοῦντι

1952 1784 2095 1837 {num
2130 1767 2272 1836 apud
2302 1766 2565 1837 populum
2613 1766 2868 1823 sensibus
2924 1766 3097 1833 magis
3141 1782 3304 1836 quam
3354 1766 3515 1821 intel~

239 1845 355 1916 λαῴ
377 1860 392 1873 ·
422 1845 487 1898 τὸ
515 1845 627 1913 γάρ
657 1844 901 1914 νομίζειν
931 1845 1082 1907 τινάς
1103 1845 1179 1916 τῷ
1214 1846 1360 1899 κατά
1381 1845 1473 1899 τὸν
1499 1846 1833 1918 παράδεισον

244 1940 546 2009 διηγήματι
570 1936 1005 2007 συμπεριλαϐεῖν
1033 1938 1128 1991 καὶ
1158 1936 1255 2009 τὴν
1286 1938 1566 2008 βασιλείαν
1594 1940 1704 1994 τῶν
1742 1939 1834 1993 οὐ-

241 2031 447 2103 ρανῶν,
470 2032 594 2101 ἥτις
621 2033 698 2093 εἰς
721 2031 916 2083 ταύτὸν
950 2030 1166 2101 ἔρχεται
1195 2033 1260 2101 τῇ
1298 2030 1548 2103 βασιλεία
1584 2029 1677 2085 τοῦ
1700 2033 1836 2104 Χρι-

240 2122 522 2187 στοῦ,οὐκ
556 2120 623 2177 ἂν
658 2121 892 2193 ἀκριϐὴς
927 2120 1283 2191 παραδέξαιτό
1314 2122 1605 2192 λογισμόςο
1639 2140 1837 2177 ταπει-

237 2217 330 2268 νὸν
363 2215 477 2286 (50)
518 2215 627 2283 γὰρ
659 2214 725 2267 ἂν
750 2214 838 2285 εἴη
864 2213 1025 2267 τοῦτο
1055 2214 1235 2283 πολλῷ
1274 2215 1370 2284 τῆς
1417 2215 1694 2286 βασιλείας
1728 2216 1836 2269 τῶν

236 2306 497 2377 οὐρανῶν
520 2322 534 2335 ⁸
562 2305 683 2375 ὄψει
708 2322 769 2358 τε
794 2306 903 2375 γάρ
931 2308 959 2357 ό
985 2304 1313 2375 παράδεισος
1347 2305 1693 2377 καταληπτὸς
1719 2309 1839 2375 ἐγε-

238 2400 421 2469 γόνει,
461 2400 557 2452 καὶ
590 2398 811 2461 πολίτας
855 2398 980 2467 ἔσχε
1015 2398 1139 2460 τοὺς
1179 2398 1593 2468 πρωτογόνους·
1640 2400 1734 2452 καὶ
1776 2398 1838 2451 τὸ

239 2493 538 2547 κάλλιστον
566 2492 667 2564 μὲν
690 2494 798 2546 τῶν
822 2493 1197 2562 περικοσμίων
1224 2494 1360 2559 ἐστὶ,
1384 2497 1483 2565 τῆς
1506 2494 1606 2564 γῆς
1627 2495 1672 2548 δ’
1688 2496 1838 2565 ὅμως

242 2585 454 2657 μὲροςσ
499 2587 593 2638 καὶ
626 2587 815 2652 φυτοῖς
862 2585 959 2654 μὲν
1012 2585 1237 2653 ὡραίοις
1282 2589 1449 2658 κομᾷ,
1492 2588 1587 2640 καὶ
1623 2587 1838 2655 διαυγε-

244 2676 471 2738 στάτοις
537 2675 870 2746 κατάρδεται
926 2675 1154 2744 νάμασι,
1225 2675 1364 2746 πλὴν
1428 2677 1579 2730 οὐδὲν
1632 2677 1838 2731 τούτων

248 2768 592 2838 ὑψηλότερον
636 2765 837 2835 ὅψεως,
891 2766 1013 2819 οὐδὲ
1070 2767 1180 2819 τῶν
1223 2767 1583 2836 ἀνθρωπίνων
1636 2771 1834 2823 ἀνακε-

247 2860 803 2932 χῶρηκελογισμῶν,
838 2859 1029 2929 ὥσπερ
1067 2862 1101 2930 ἡ
1136 2862 1384 2931 βασιλεία
1414 2862 1523 2914 τῶν
1554 2861 1800 2933 οὐρανῶν
1822 2880 1834 2893 ο

249 2955 349 3007 καὶ
377 2953 484 3023 γῆς
512 2952 571 3005 δὲ
597 2953 692 3006 καὶ
716 2951 950 3023 οὐρανοῦ
985 2952 1094 3005 οὐδ’
1116 2954 1264 3006 ἐστιν
1300 2954 1474 3006 εἰπεῖν
1503 2955 1629 3008 ὅσον
1655 2953 1717 3007 τὸ
1741 2955 1841 3026 μέ-

256 3061 368 3098 σον.

328 3160 397 3230 β’.
435 3160 502 3213 Ei
550 3159 608 3211 δὲ
663 3158 794 3212 διότι
858 3157 955 3210 τοῦ
1018 3158 1269 3227 γενναίου
1328 3159 1575 3221 εἰπόντος
1617 3158 1842 3233 λῃστοῦ,

258 3273 280 3305 ι
306 3251 602 3322 Μνήσθητί
629 3268 754 3320 μου,
788 3249 981 3319 Κύριε,
1010 3252 1069 3303 ὲν
1095 3252 1159 3319 τῇ
1194 3248 1442 3321 βασιλείᾳ
1473 3268 1588 3313 σου,
1626 3270 1646 3302 ι
1673 3254 1700 3304 ὁ
1732 3252 1846 3305 Σω-

250 3346 363 3416 τὴρ
410 3343 556 3414 αὐτῷ
605 3342 704 3413 τὴν
746 3344 826 3405 είς
870 3343 963 3396 τὸν
1011 3342 1339 3413 παράδεισον
1368 3342 1732 3412 ὑπισχνεῖται,
1758 3343 1847 3397 διὰ

250 3438 423 3492 τοῦτο
452 3437 550 3506 τὴν
592 3434 871 3506 βασιλείαν
905 3433 1013 3488 τῶν
1041 3434 1287 3503 οὐρανῶν
1328 3434 1431 3505 τὴν
1459 3433 1555 3487 τοῦ
1585 3436 1849 3506 παραδείο

255 3547 357 3582 σου
376 3527 590 3581 τίθεται
616 3525 769 3597 λῆξιν
793 3527 872 3593 (οὐ
899 3527 1007 3594 γὰρ
1027 3524 1163 3581 ἄλλα
1186 3525 1283 3595 μὲν
1312 3526 1483 3579 αἰτεῖν
1503 3525 1598 3579 τὸν
1621 3525 1845 3595 λῃστὴν,

251 3620 398 3676 ἄλλα
428 3618 487 3673 δὲ
518 3616 818 3687 λαμϐάνειν
848 3617 999 3686 παρὰ
1020 3615 1113 3667 τοῦ
1147 3613 1528 3685 μεγαλοδώρου
1558 3612 1695 3666 Θεοῦ
1722 3614 1850 3669 ἀκό-

253 3720 456 3772 λουθον
488 3712 627 3769 εἶναι
655 3709 788 3782 φαίη
827 3708 937 3774 ἂν),
962 3708 1138 3760 ἐκεῖνο
1167 3706 1367 3777 μᾶλλον
1399 3706 1668 3761 σκοπείτω
1691 3708 1767 3771 ὡς
1796 3708 1850 3762 τί

251 3813 323 3881 δή
362 3825 502 3862 ποτε
536 3809 635 3878 μὲν
668 3802 736 3878 ἦν
760 3808 794 3877 ἡ
822 3799 1071 3875 βασιλεία
1097 3798 1205 3851 τῶν
1235 3798 1504 3868 οὐρανῶν,
1531 3798 1670 3871 ὅπερ
1702 3800 1851 3854 ἐστὶν

252 3907 291 3974 ἡ
316 3902 418 3956 τοῦ
441 3900 700 3971 Χριστοῦ,
725 3898 975 3969 οὐδαμῶς
1002 3899 1030 3950 ὁ
1056 3896 1258 3967 λῃστὴς
1281 3894 1641 3962 συνεγνῶκεν
1688 3894 1852 3947 πόθεν

254 3996 374 4066 γάρ
406 3996 472 4049 ἂν
509 3992 742 4058 ἐξαιτεῖν
781 3988 1035 4061 προήχθη
1076 3990 1112 4044 ἃ
1143 3990 1236 4042 καὶ
1276 3989 1370 4042 τοῦ
1402 3986 1711 4056 λογίζεσθαι
1750 3987 1852 4058 τὴν

262 4088 425 4159 ἰσχὺν
448 4086 625 4151 ἐνίκα,
657 4085 752 4136 καὶ
789 4084 887 4154 τὴν
928 4081 1278 4152 ἀνθρωπίνην
1317 4082 1557 4136 διάνοιαν
1589 4079 1853 4150 ὐπερὸαί-

260 4198 343 4234 νει
369 4198 387 4246 ;
422 4177 621 4232 οὔκουν
652 4176 703 4229 τί
739 4192 868 4229 ποτε
908 4174 1009 4245 μὲν
1040 4169 1163 4244 ἧνή
1203 4173 1451 4244 βασιλεία
1480 4172 1589 4225 τῶν
1608 4171 1854 4243 οὐρανῶν

258 4274 290 4325 ὀ
320 4271 531 4343 λῃστὴς
560 4269 813 4340 οὐδαμῶς
844 4267 1197 4335 συνεγνὼκει,
1229 4266 1349 4318 οὐδὲ
1380 4264 1517 4336 πρὸς
1545 4263 1854 4335 ὡρισμένον

259 4388 317 4421 τι
366 4369 464 4421 καὶ
510 4365 791 4436 γνώριμον
845 4365 936 4416 τὸν
986 4361 1112 4415 νοῦν
1152 4358 1477 4415 ἀπευθύνων
1514 4357 1613 4427 τὴν
1638 4356 1855 4427 αἴτησιν

1934 1862 2076 1917 lectu
2132 1870 2374 1916 utentem
2412 1858 2948 1916 commemoraverit.
2999 1859 3136 1914 Nam
3179 1859 3325 1929 quod
3377 1875 3516 1914 non-

1936 1954 2070 2010 nulli
2119 1956 2454 2010 arbitrantur
2485 1955 2675 2009 Mosen
2715 1954 2771 2008 in
2820 1953 3077 2022 paradisi
3109 1953 3385 2007 mentione
3428 1970 3519 2007 re-

1935 2062 2101 2117 gnum
2120 2062 2339 2117 quoque
2370 2046 2637 2101 caelorum
2666 2046 3026 2111 conclusisse,
3059 2046 3203 2115 quod
3227 2054 3312 2101 est
3339 2045 3518 2115 ipsum

1934 2139 2139 2196 Christi
2164 2153 2415 2209 regnum,
2454 2138 2618 2206 hanc,
2658 2138 2905 2206 inquam,
2943 2138 3255 2207 opinionem
3292 2154 3523 2193 secura-

1938 2243 2052 2288 tum
2089 2232 2436 2287 ratiocinium
2464 2247 2574 2287 non
2606 2231 2817 2301 recipit.
2855 2231 2946 2285 llle
2978 2232 3124 2285 enim
3152 2232 3308 2285 valde
3347 2246 3520 2301 regno

1938 2327 2202 2381 ccelorum
2251 2325 2477 2381 inferior
2521 2324 2794 2379 videbitur
2843 2342 2858 2378 :
2911 2322 3178 2392 siquidem
3230 2321 3522 2391 paradisus

1941 2421 2192 2475 sensibus
2230 2428 2346 2473 erat
2388 2416 2925 2488 comprehensibilis,
2968 2416 3284 2484 incolasque
3314 2416 3525 2485 primos

1939 2522 2193 2579 parentes
2232 2510 2425 2565 habuit
2473 2528 2487 2564 :
2539 2518 2595 2565 et
2626 2509 3024 2564 mundanarum
3071 2506 3293 2577 quidem
3339 2522 3523 2561 rerum

1941 2602 2303 2674 pulcherrima
2351 2609 2454 2665 est,
2488 2601 2585 2657 sed
2636 2610 2818 2655 tamen
2866 2608 3027 2654 terrae
3052 2598 3220 2669 hujus
3264 2613 3391 2668 pars
3428 2616 3441 2652 :
3474 2606 3529 2651 et

1940 2711 2252 2765 quanquam
2272 2694 2515 2764 pulchris
2538 2693 2829 2748 arboribus
2860 2692 3015 2745 ﬂoret
3037 2708 3102 2747 ac
3130 2690 3527 2762 limpidissimis

1943 2786 2154 2853 rigatur
2184 2784 2383 2847 ﬂuviis,
2428 2783 2789 2838 nihilominus
2846 2782 2983 2836 nihil
3019 2782 3220 2837 visibili
3265 2781 3320 2835 vi
3356 2781 3528 2837 subli-

1943 2879 2087 2934 mius
2112 2879 2297 2942 habet,
2331 2890 2509 2944 neque
2537 2876 2840 2929 humanum
2870 2873 3206 2927 intellectum
3231 2872 3525 2935 excedens,

1944 2984 2002 3029 ut
2032 2988 2222 3043 reapse
2252 2982 2336 3027 est
2368 2987 2595 3042 regnum
2626 2970 2910 3025 ccelorum.
2942 2969 3289 3038 Quantopere
3311 2968 3529 3022 demum

1950 3078 2091 3123 terra
2120 3067 2260 3121 caelo
2281 3065 2516 3129 diﬂ‘erat,
2552 3063 2735 3119 verbis
2763 3063 3033 3118 declarari
3055 3078 3165 3116 non
3196 3071 3397 3131 potest.

2016 3157 2070 3211 2.
2112 3154 2265 3222 Quod
2295 3155 2341 3210 si
2368 3155 2498 3224 quia
2522 3153 2723 3208 dicenti
2752 3153 2947 3207 latroni
2974 3153 3119 3207 bono
3152 3169 3166 3206 :
3207 3171 3225 3205 ‹
3258 3153 3533 3205 Memento

1948 3250 2077 3316 mei,
2102 3247 2350 3313 Domine,
2385 3250 2438 3302 in
2460 3260 2630 3319 regno
2657 3256 2752 3301 tuo
2783 3248 2848 3311 ⁷⁸,
2888 3265 2907 3297 ι
2933 3245 3191 3300 Servator
3220 3244 3531 3315 paradisum

1948 3344 2220 3414 promisit,
2259 3343 2464 3398 idcirco
2491 3356 2719 3413 regnum
2752 3341 3013 3397 caelorum
3046 3341 3187 3395 idem
3230 3354 3352 3393 esse
3383 3346 3538 3407 putat

1947 3436 2150 3505 aliquis
2178 3436 2323 3506 quod
2352 3437 2593 3506 paradisi
2626 3435 2783 3491 sedes
2817 3433 3017 3505 (neque
3052 3433 3196 3487 enim
3245 3438 3536 3486 consenta-

1950 3547 2111 3586 neum
2142 3531 2246 3586 fuit
2283 3530 2430 3585 aliud
2463 3530 2731 3585 latronem
2764 3536 2966 3599 petere,
3011 3527 3159 3581 aliud
3200 3543 3231 3581 a
3275 3525 3539 3579 muniﬁco

1886 3666 1891 3675 .
1951 3627 2062 3681 Deo
2090 3624 2388 3693 accipere);
2436 3622 2570 3678 illud
2619 3621 2801 3692 potius
2829 3620 3160 3683 consideret,
3190 3618 3455 3685 caelorum
3483 3617 3537 3671 id

1950 3726 2037 3773 est
2064 3716 2268 3772 Christi
2306 3731 2533 3785 regnum
2576 3714 2774 3769 latroni
2815 3712 3152 3783 incognitum
3208 3708 3397 3765 fuisse.
3434 3708 3539 3775 Qui

1952 3818 2131 3863 autem
2154 3807 2270 3863 fieri
2297 3814 2527 3877 paterat,
2552 3814 2611 3860 ut
2632 3805 2685 3859 id
2710 3804 2811 3861 sibi
2830 3804 3167 3873 deposceret,
3188 3801 3334 3872 quod
3359 3802 3540 3870 ipsum

1953 3902 2225 3957 ratiocinii
2261 3915 2492 3954 acumen
2541 3898 2863 3969 eﬁ'ugiebat,
2911 3896 3223 3964 mentisque
3286 3897 3540 3948 humana:

1952 3996 2099 4050 vires
2136 3993 2461 4049 excedebat?
2501 3992 2672 4063 Igitur
2712 3992 2977 4061 quidnam
3021 4005 3210 4046 revera
3253 3999 3402 4043 esset
3455 4004 3541 4043 re-

1954 4102 2122 4159 gnum
2148 4086 2412 4141 coelorum
2446 4085 2588 4139 latro
2619 4084 2846 4138 omnino
2900 4081 3205 4153 ignorabat,
3264 4094 3441 4149 neque
3474 4079 3541 4134 ad
3589 4154 3591 4156 η

1955 4185 2165 4231 certum
2215 4174 2419 4245 aliquid
2454 4184 2752 4243 notumque
2805 4172 2906 4227 sibi
2958 4181 3196 4226 mentem
3250 4169 3543 4225 intendens

1954 4284 2145 4341 preces
2176 4268 2298 4325 illas
2328 4268 2551 4335 eﬂ‘udit;
2583 4267 2675 4322 sed
2710 4267 2839 4321 boni
2868 4266 3102 4336 alicujus
3136 4266 3417 4336 beatazque
3440 4279 3543 4321 vo-

1956 4364 2180 4435 luptatis
2236 4370 2538 4434 compotem
2594 4376 2653 4415 se
2702 4360 2816 4414 ﬁeri
2872 4359 3188 4430 postulavit.
3243 4356 3367 4413 Jama
3415 4357 3544 4427 quia

262 4463 510 4514 ἐποιεῖτο
530 4477 543 4489 ·
577 4448 713 4510 ἀλλά
741 4456 827 4508 διὰ
848 4454 1107 4526 τοιαύτης
1140 4453 1412 4522 αἰτήσεως
1440 4448 1661 4516 ἀγαθῶν
1688 4466 1844 4502 τινων

1957 4458 2116 4511 bonis
2149 4455 2365 4511 caeteris
2415 4454 2599 4508 notior
2632 4454 2681 4508 ei
2716 4451 3006 4522 paradisus
3052 4460 3171 4507 erat
3209 4451 3365 4525 (cum
3400 4451 3543 4504 enim

268 4551 569 4621 μετασχεῖν
592 4547 687 4600 καὶ
719 4544 996 4617 μακαρίας
1023 4542 1381 4605 ἀπολαύσεως
1409 4542 1593 4611 ᾐτεῖτο
1612 4556 1626 4570 ο
1658 4540 1783 4593 ἐπεὶ
1804 4539 1862 4593 δὲ

262 4643 380 4696 τῶν
431 4640 609 4693 ἄλλων
656 4639 913 4691 ἁπάντων
958 4636 1141 4690 καλῶν
1185 4633 1610 4705 γνωριμώτερος
1650 4632 1797 4703 αὐτῷ
1834 4634 1862 4686 ὁ

266 4735 604 4803 παράδεισος
658 4731 1011 4798 καθειστήκει
1041 4729 1127 4797 (ἐκ
1163 4728 1272 4796 γάρ
1310 4727 1406 4795 τῆς
1445 4727 1747 4796 Μωσαῖκῆς
1781 4724 1860 4777 δι-

267 4822 573 4883 δασκαλίας
608 4818 685 4889 τῷ
734 4818 1005 4871 Ἰουδαίων
1044 4816 1542 4886 ἐπιγινωσκόμενος
1558 4814 1721 4885 ἔθνει)
1739 4814 1861 4868 οὐδὲ

269 4915 370 4983 τὴν
404 4912 621 4965 ἐκείνου
655 4911 881 4979 διέφυγε
911 4908 1137 4977 γνῶσιν,
1162 4908 1251 4961 διὰ
1278 4908 1436 4960 τοῦτο
1474 4907 1567 4960 τὸν
1596 4908 1860 4975 παράδει-

275 5025 368 5060 σον
405 5009 436 5060 ὀ
482 5004 763 5073 Δεσπότης
797 5002 949 5073 αὐτῷ
994 5002 1367 5068 κατεγγυᾶται
1391 5016 1405 5030 ο
1450 5001 1544 5053 καὶ
1567 5000 1666 5070 οὐχ
1698 5000 1862 5071 ἕτερα

274 5098 392 5151 ἀνθ’
418 5096 623 5167 ἐτέρων
655 5096 930 5164 δωρεῖται,
966 5093 1081 5147 ἀλλ’
1107 5086 1182 5146 ὧν
1216 5094 1402 5161 τυχεῖν
1435 5094 1461 5144 ό
1483 5091 1864 5161 ἐξαιτούμενος

1962 4550 2053 4605 hic
2080 4548 2245 4605 Mosis
2265 4547 2578 4618 magisterio
2596 4546 2837 4600 Judaicm
2860 4545 3007 4617 genti
3030 4546 3347 4616 exploratus
3377 4554 3547 4608 esset,

1961 4640 2083 4710 ejus
2119 4654 2185 4694 ne
2211 4639 2477 4693 latronem
2499 4637 2717 4707 quidem
2742 4636 2931 4691 notitia
2958 4636 3200 4704 latebat),
3228 4636 3431 4690 idcirco
3455 4650 3549 4704 pa-

1964 4731 2205 4785 radisum
2256 4730 2330 4783 illi
2380 4728 2645 4784 Dominus
2700 4728 2933 4797 spondet
2983 4747 2996 4783 :
3040 4744 3218 4799 neque
3269 4727 3414 4782 aliud
3450 4742 3550 4797 pro

1965 4823 2073 4877 alio
2102 4823 2347 4892 largitur,
2382 4822 2476 4877 sed
2509 4822 2562 4876 id
2597 4822 2824 4877 omnino
2860 4823 3005 4891 quod
3033 4821 3235 4891 petenti
3269 4829 3389 4875 erat
3411 4837 3547 4876 con-

1968 4916 2233 4985 cupitum.
2258 4914 2306 4969 ls
2332 4931 2459 4971 vere
2484 4914 2738 4985 cupiebat
2760 4924 2821 4970 ut
2849 4915 2934 4970 sui
2964 4916 3225 4969 memoria
3259 4914 3554 4968 haberetur

1970 5008 2025 5062 in
2054 5008 2258 5061 Christi
2290 5024 2477 5076 regno,
2510 5009 2562 5062 id
2587 5017 2671 5063 est
2693 5016 2753 5063 ut
2780 5008 2940 5063 bonis
2975 5017 3138 5078 atque
3167 5007 3341 5061 beatis
3375 5022 3554 5061 anuu-

1974 5111 2298 5157 meraretur.
2325 5100 2536 5166 Reapse
2563 5102 2610 5156 is
2641 5102 2839 5156 deinde
2873 5100 3108 5171 paradisi
3146 5100 3383 5156 incolatu
3416 5100 3555 5169 poti-

272 5190 547 5259 ἐπεθύμει
567 5205 580 5219 ’
610 5187 878 5257 ἐπεθύμει
901 5187 959 5239 δὲ
990 5187 1212 5257 μνήμης
1232 5187 1419 5256 τυχεῖν
1442 5188 1499 5238 ὲν
1529 5187 1593 5255 τῇ
1622 5185 1844 5255 βασιλείς

1971 5200 2082 5255 tur,
2127 5206 2287 5261 quem
2342 5193 2558 5263 generis
2607 5192 2783 5248 nostri
2839 5201 3093 5247 auctores
3134 5202 3259 5246 ante
3292 5192 3551 5246 violatum

272 5282 544 5355 Χριστοῦ,
577 5282 714 5352 ὅπερ
745 5280 894 5333 ἐστὶν
918 5282 977 5332 ὲν
1007 5279 1231 5349 ἀγαθοῖς
1256 5296 1314 5332 τε
1341 5280 1434 5331 καὶ
1466 5278 1758 5350 μακαρίοις
1778 5295 1866 5345 γε-

1975 5290 2301 5351 prteceptum
2333 5284 2510 5339 sortiti
2558 5283 2795 5339 fuerant.
2833 5282 2993 5351 Quod
3021 5283 3068 5338 si
3093 5283 3217 5351 quis
3243 5282 3551 5352 paradisum

352 5400 397 5431 ⁷⁸
434 5400 625 5454 Matth.
659 5415 784 5461 xxv,
815 5397 903 5450 54.
944 5396 990 5426 ⁷⁸
1029 5395 1047 5448 l
1081 5395 1202 5449 Cor.
1240 5410 1297 5454 ιι,
1323 5394 1374 5448 9.
1419 5393 1462 5423 ⁷⁵
1501 5390 1633 5447 Luc.
1677 5407 1830 5453 χχιιι,
1857 5389 1947 5443 42.

1793 5508 2019 5565 NOTAE.

357 5608 881 5679 1'27-28)Conspirat
907 5608 960 5661 in
988 5607 1149 5679 hanc
1156 5606 1488 5679 sententiam
1508 5602 1867 5679 Hieronymus

277 5683 442 5751 epist.
501 5681 626 5743 159,
662 5680 695 5733 5
724 5674 753 5731 τ’
797 5699 815 5747 ι
857 5679 1001 5751 Mihi
1045 5678 1097 5729 in
1136 5677 1428 5745 Evangelio
1480 5674 1905 5751 promittuntur.

282 5744 453 5814 regna
490 5744 947 5831 ctelormn,qua:
992 5744 1411 5804 instrumentum
1458 5754 1612 5799 vetus
1646 5744 1868 5797 omnino

288 5842 398 5879 non
431 5831 698 5878 nonttnat.
740 5840 755 5870 ι

2046 5601 2157 5671 (29)
2180 5601 2381 5656 Confer
2413 5599 2667 5654 Photium
2696 5600 2746 5651 in
2775 5596 3077 5667 qurestionc
3102 5592 3200 5646 102
3232 5592 3400 5658 (nunc
3419 5586 3554 5653 79M

1979 5670 2176 5725 Wollio
2200 5672 2363 5725 edita.

2049 5743 2160 5814 (50)
2196 5740 2374 5795 Malim
2403 5738 2817 5809 ταπεινῶτερον.
