3976 6222
283 321 387 383 109

1264 337 1369 396 AD
1386 339 1971 403 AMPIIILOCHIUM
2011 345 2353 416 QUAESTIO
2380 348 2512 408 VII.

3428 342 3528 405 llO

275 436 801 507 καταμαραινόμενα
868 442 1114 514 λυπηρὰ,
1180 448 1295 500 ἀλλ’
1357 451 1459 504 ὃσα
1523 453 1589 505 δι’
1652 456 1844 519 αἰῶνος

1951 460 2022 513 vit
2060 475 2075 513 :
2122 460 2283 515 sicuti
2332 462 2497 516 etiam
2552 477 2657 514 non
2713 459 3064 516 credentibus
3111 459 3522 517 demonstravit,

273 525 585 595 ἀπεράντου
636 536 1109 608 παρατεινομένην
1151 538 1333 609 ἔχουσι
1372 542 1469 612 τὴν
1502 549 1697 616 πεῖραν
1741 549 1847 601 τῶν

270 616 563 685 ἀλγεινῶν.

341 792 404 851 δ’.
445 796 507 848 Εἰ
542 796 608 867 δὴ
645 800 740 853 καὶ
784 801 1183 875 άγωνιστήριον
1225 803 1293 878 ἦν
1341 810 1370 862 ὁ
1414 811 1763 882 παράδεισος,
1792 814 1850 868 ἐν

264 886 425 956 αὒτῷ
457 889 564 959 γὰρ
598 890 660 943 τὺ
687 895 988 962 γυμνάσιον
1015 896 1094 967 τῷ
1121 898 1531 971 πρωτοπλάστῳ
1563 906 1850 972 προτέθει-

262 996 352 1040 το,
391 980 509 1042 πῶς
544 979 612 1034 ἂν
638 983 723 1051 εῐη
756 983 833 1053 τῷ
872 985 1020 1055 αὐτῷ
1059 988 1154 1041 καὶ
1196 990 1447 1060 βραϐεῖον
1473 994 1567 1047 καὶ
1599 996 1845 1063 στάδιον;

262 1069 469 1123 οὐκοῦν
491 1072 518 1123 ὁ
540 1073 867 1143 παράδεισος
892 1078 1176 1147 προοίμιον
1202 1081 1299 1149 μὲν
1319 1084 1417 1152 τῆς
1443 1084 1719 1153 βασιλείας
1741 1089 1850 1142 τῶν

260 1162 543 1230 οὐρανῶν,
572 1165 631 1216 οὑ
670 1164 915 1234 βασιλεία
946 1169 1004 1221 δέ
1028 1186 1043 1201 ο
1075 1172 1171 1223 καὶ
1197 1174 1464 1244 μακάριον
1492 1175 1593 1244 μὲν
1622 1179 1718 1231 καὶ
1746 1197 1849 1231 πο-

259 1249 569 1321 λυέραστον
596 1256 1001 1327 ἐνδιαιηθῆναι
1024 1260 1101 1331 τῷ
1122 1263 1329 1332 χωρίῳ,
1355 1266 1769 1338 μακαριώτερον
1791 1270 1850 1322 δὲ

260 1342 362 1394 καὶ
392 1345 805 1417 ἐρασμιώτερον
830 1350 892 1401 τὸ
918 1351 998 1413 εἰς
1023 1354 1119 1415 τὰς
1143 1354 1402 1422 οὐρανίας
1434 1358 1644 1411 ἐκεῖθεν
1674 1377 1852 1431 παρα-

261 1434 591 1504 πεμφθῆναι
650 1441 887 1510 σκηνάςο
945 1444 1040 1495 καὶ
1068 1446 1128 1498 τὸ
1161 1447 1404 1518 ἀρχηγὸν
1450 1449 1507 1503 δέ
1540 1453 1675 1519 φῶς,
1713 1453 1849 1524 ὅπερ

258 1526 635 1596 ἀναχεόμενον
692 1532 797 1600 πρὸ
854 1535 952 1604 τῆς
999 1536 1091 1589 τοῦ
1131 1539 1281 1607 ἡλίου
1323 1540 1706 1613 δημιουργίας,
1750 1546 1849 1617 τὴν

260 1617 484 1686 ἡμέραν
512 1621 707 1687 ἐποίει,
741 1624 1018 1693 βασιλείαν
1038 1630 1283 1699 οὐρανῶν
1311 1632 1647 1705 ὑψηλοτέραν
1673 1655 1732 1690 τε
1758 1639 1850 1692 κα)⁵

262 1706 550 1779 θειοτέραν
589 1712 685 1765 καὶ
726 1714 801 1778 ὡς
838 1716 1054 1786 ἀληθῶς
1086 1720 1337 1790 οὐράνιον
1380 1724 1531 1794 λῆξιν
1581 1728 1725 1795 ἡμᾶς
1760 1732 1846 1783 ἐν·

260 1799 431 1889 νοεῖν,
461 1802 494 1868 ἢ
521 1801 614 1869 τὸν
640 1805 988 1874 παράδεισον,
1034 1811 1329 1866 ἀπευθύνει
1350 1827 1364 1845 ⁸
1396 1816 1454 1869 ἐν
1543 1821 1655 1882 τοῖς
1682 1822 1845 1887 ἀξιω-
1880 1802 1921 1856 Β

267 1888 596 1960 θησομένοις
650 1897 1016 1956 ἐνδιαιτᾶσθαι
1061 1904 1161 1974 τὴν
1205 1907 1392 1975 χρείαν
1434 1888 1844 1982 ἀποπληρώσειο

268 1984 361 2035 καὶ
390 1984 476 2054 εἴη
517 1986 584 2040 ἂν
611 1990 782 2044 εἰκότι
817 1991 959 2063 λόγῳ
985 1995 1275 2065 ἀναλογίαν
1301 1997 1561 2064 διασῶζον
1589 2004 1649 2056 τὸ
1681 2006 1846 2076 οὐρά·

259 2090 376 2125 νιον
411 2077 573 2147 σῶμα
597 2081 734 2149 πρὸς
758 2083 856 2154 τὴν
884 2086 1161 2154 βασιλείαν
1187 2090 1294 2143 τῶν
1327 2093 1594 2164 οὐρανῶν,
1623 2096 1690 2167 ἢν
1728 2115 1849 2150 συν-

255 2165 523 2233 διασώζει
576 2173 714 2242 πρὸς
753 2176 923 2247 αὐτὴν
962 2180 995 2249 ἡ
1041 2181 1110 2249 γῆ
1135 2200 1149 2212 ·
1180 2183 1363 2255 ἐκείνη
1389 2202 1446 2237 τε
1482 2187 1590 2258 γὰρ
1629 2165 1765 2258 πρὸς
1788 2190 1847 2243 τὸ

254 2258 545 2327 ὁρώμενον
566 2263 999 2335 οὐράνιοφκῦτος
1016 2270 1167 2335 τάξιν
1192 2273 1419 2343 ἐδάφους
1439 2278 1709 2348 ἐπέχουσα
1730 2282 1849 2349 φαί-

255 2366 417 2403 νεται
439 2368 452 2383 ο
490 2354 653 2417 αὐτός
683 2374 744 2409 τε
781 2359 942 2413 πάλιν
979 2362 1209 2432 ἐδάφους
1241 2367 1623 2439 ἀναπληρώσει
1661 2371 1846 2442 χώραν

252 2445 372 2505 τοῖς
394 2447 451 2497 ἐν
470 2449 536 2517 τῇ
558 2448 668 2501 τῶν
688 2450 932 2521 οὐρανῶν
950 2454 1212 2527 βασιλείᾳ,
1229 2458 1328 2528 τὴν
1344 2460 1554 2513 δίαιταν
1572 2463 1853 2527 ἀξιωθεῖσι-

255 2533 480 2605 λαχείν·
521 2539 673 2593 οὐδὲν
697 2538 789 2595 οὖν
811 2543 947 2612 ὅλως
977 2546 1123 2600 ἐστιν
1150 2552 1375 2619 ἀπορεῖν
1396 2553 1489 2606 τοῦ
1514 2553 1702 2608 λοιποῦ
1732 2557 1848 2619 πῶς

253 2628 354 2679 τοῦ
377 2631 659 2685 Δεσπότου
686 2634 922 2705 Χριστοῦ
948 2641 1089 2693 κατὰ
1107 2641 1206 2713 τὴν
1223 2644 1388 2697 αὑτοῦ
1416 2649 1681 2716 σωτήριον
1705 2666 1850 2719 παρ-

252 2720 457 2773 ουσίαν
485 2722 738 2793 οὐράνιον
762 2728 893 2798 ἡμῖν
916 2730 1012 2783 καί,
1031 2731 1369 2797 διδάσκοντος
1394 2736 1488 2788 καὶ
1521 2739 1849 2806 ἐπαγγειλα-

261 2808 456 2900 μένους
490 2811 792 2881 βασιλείαν,
827 2820 857 2871 ό
904 2820 1160 2892 θεράπων
1205 2824 1369 2877 αὑτοῦ
1416 2828 1623 2897 Μωσῆς
1673 2830 1846 2900 ῆοὺδ’

258 2898 405 2961 ὅλως
433 2899 465 2970 ἢ
498 2902 574 2965 ὡς
605 2906 665 2958 ἐν
687 2906 971 2977 αἰνίγματι
1004 2909 1207 2980 ταύτης
1232 2913 1476 2986 ἐμνήσθη
1500 2932 1512 2944 °
1537 2917 1657 2970 οὐδὲ
1685 2898 1846 2973 πότε-

260 3006 357 3056 ρον
379 2992 579 3046 ταυτόν
600 2997 749 3051 ἐστιν
769 2998 802 3069 ἢ
827 2998 1012 3070 ἕτερον
1036 3003 1064 3055 ὀ
1088 3003 1415 3074 παράδεισος
1437 3007 1579 3078 καὶὴ
1603 3008 1850 3079 βασιλεία.

264 3086 373 3134 τῶν
405 3086 465 3137 οὐ
476 3086 677 3157 ρανῶν.

1950 553 2064 606 fore
2094 562 2151 606 ut
2174 552 2296 607 illos
2318 553 2459 608 haud
2478 553 2796 623 temporalis
2818 554 2901 606 vel
2930 553 3222 621 aliquando
3246 560 3522 606 cessatura

1950 658 2107 710 poena
2137 644 2391 713 excipiat,
2440 644 2536 699 sed
2576 659 2699 715 quae
2729 658 2949 697 sensum
2986 644 3167 713 potius
3208 642 3416 696 doloris
3467 641 3521 694 in

1950 736 2219 791 inﬁnitum
2256 752 2432 791 azvum
2472 736 2755 791 extendat.
3552 810 3553 813 η

2019 830 2073 882 4.
2109 828 2263 895 Quod
2288 829 2332 883 si
2370 839 2629 898 praeterea
2660 827 2949 897 paradisus
2983 826 3343 881 certaminum
3382 841 3521 895 pra:-

1950 919 2119 973 mium
2149 929 2267 984 est;
2294 920 2405 973 illic
2433 921 2579 973 enim
2608 920 2785 989 primo
2815 919 3024 973 homini
3048 917 3385 988 propositum
3412 916 3526 970 vir-

1953 1012 2080 1066 tutis
2104 1010 2421 1066 exercitium
2446 1010 2583 1076 fuit;
2606 1012 2699 1081 qui
2726 1011 2839 1065 ﬁeri
2861 1018 3039 1080 potest
3057 1019 3117 1063 ut
3147 1009 3290 1062 idem
3316 1007 3525 1061 homini

1950 1103 2100 1157 locus
2124 1103 2301 1173 palma
2324 1112 2471 1158 esset
2500 1102 2860 1157 etstadium?
2895 1101 3154 1171 Sequitur
3174 1116 3304 1170 ergo
3338 1109 3399 1153 ut
3425 1115 3522 1168 pa-

1949 1196 2164 1249 radisus
2215 1194 2536 1265 prtrludium
2568 1194 2785 1264 quidem
2818 1193 2972 1264 regni
3021 1193 3285 1248 calorum
3341 1190 3525 1250 fuerit.

1948 1300 2057 1339 non
2093 1293 2269 1339 tamen
2303 1285 2483 1354 ipsum
2518 1300 2765 1354 regnum.
2798 1284 2865 1338 Et
2899 1286 2954 1339 in
2977 1298 3043 1338 eo
3070 1283 3290 1354 quidem
3319 1282 3537 1337 versari

1948 1375 2072 1430 loco
2100 1375 2317 1430 beatum
2354 1392 2419 1431 ac
2458 1375 2819 1430 desiderabile
2845 1383 2962 1439 est;
2990 1375 3164 1428 multo
3188 1380 3372 1428 tamen
3400 1372 3529 1427 bea—
3609 1395 3619 1404 -

1948 1468 2056 1521 tius
2097 1477 2261 1537 atque
2309 1468 2606 1537 optabilius
2656 1475 2739 1520 est
2788 1465 2854 1518 ad
2884 1465 3138 1519 cmlestes
3189 1464 3344 1518 sedes
3377 1461 3529 1525 illim:

1948 1556 2143 1611 emitti.
2174 1556 2239 1611 Et
2267 1557 2489 1627 quidem
2517 1558 2607 1610 lux
2630 1557 2719 1610 illa
2750 1555 3094 1626 primigenia,
3124 1553 3282 1623 cujus
3310 1551 3527 1615 effusio,

1949 1656 2073 1701 ante
2100 1648 2270 1702 solem
2301 1647 2605 1711 conditum,
2647 1647 2788 1700 diem
2824 1645 3106 1707 efficiebat,
3139 1643 3387 1712 exemplo
3433 1658 3530 1696 no-

1949 1737 2041 1792 bis
2063 1748 2164 1803 est,
2200 1748 2261 1792 ut
2301 1738 2925 1808 intelligamusregnum
2964 1736 3228 1791 caelorum
3255 1750 3381 1788 vere
3410 1749 3530 1789 esse

1950 1829 2168 1885 cmleste
2216 1830 2609 1895 habitaculum,
2642 1830 2923 1899 multoque
2961 1826 3242 1883 excelsius
3259 1825 3529 1880 divinius-

1949 1936 2077 1991 que,
2106 1937 2272 1992 quam
2306 1923 2616 1991 paradisus,
2652 1921 2708 1975 in
2739 1936 2850 1991 quo
2876 1920 3091 1991 quidem
3128 1919 3336 1974 caelesti
3375 1918 3530 1972 habi-

1950 2016 2151 2079 taculo,
2178 2015 2233 2069 hi
2271 2015 2367 2084 qui
2403 2030 2467 2069 co
2500 2015 2649 2084 digni
2687 2012 2908 2077 fuerint,
2955 2013 3067 2067 voti
3098 2012 3277 2066 omnis
3308 2027 3528 2080 compo—

1952 2119 2033 2163 tes
2083 2109 2230 2161 ﬁent.
2286 2107 2518 2162 Prorsus
2574 2107 2789 2162 videtur
2839 2106 2992 2175 justa
3047 2106 3257 2160 ratione
3310 2105 3532 2159 caeleste

1950 2198 2352 2254 ﬁrmamentum
2402 2214 2522 2254 eam
2570 2199 2875 2269 analogiam
2925 2214 3052 2269 erga
3094 2214 3322 2269 regnum
3363 2196 3532 2253 caelo-

1950 2308 2072 2346 rum
2107 2293 2271 2356 tueri,
2299 2307 2462 2362 quam
2499 2306 2625 2362 erga
2652 2292 2833 2361 ipsum
2871 2291 3275 2344 ﬁrmamentum
3311 2288 3472 2343 tellus
3514 2305 3526 2339 :

1950 2383 2065 2437 hmc
2090 2384 2234 2438 enim
2266 2384 2494 2445 emlesti.
2529 2398 2692 2453 quem
2739 2382 3097 2452 suspicimus,
3127 2380 3325 2435 fornici
3352 2381 3525 2435 vicem

1949 2475 2239 2544 pavimenti
2258 2484 2514 2545 praestare
2537 2474 2767 2530 videtur.
2798 2476 3010 2530 Rursus
3029 2474 3144 2544 ipse
3157 2472 3394 2528 cwiestis
3416 2471 3531 2527 for-

1948 2566 2043 2618 nix
2076 2568 2365 2635 pavimenti
2390 2566 2561 2621 instar
2582 2568 2686 2622 erit
2704 2567 2769 2621 iis
2792 2567 2883 2636 qui
2906 2566 3171 2620 cmlorum
3196 2580 3420 2633 regnum
3448 2564 3532 2617 in-

1948 2655 2161 2710 colendi
2181 2656 2327 2727 digni
2345 2665 2526 2711 erunt.
2557 2655 2702 2727 Ergo
2725 2657 2991 2725 deinceps
3010 2671 3115 2709 non
3133 2655 3236 2709 erit
3252 2654 3529 2722 ambigen—

1948 2744 2100 2810 dum,
2126 2763 2226 2801 cur
2252 2764 2377 2802 nam
2400 2748 2671 2813 Christus,
2697 2765 2805 2815 quo
2836 2758 3079 2818 tempore
3110 2749 3249 2802 inter
3284 2747 3529 2800 homines

1949 2838 2260 2892 salutariter
2289 2850 2540 2894 versatus
2594 2849 2697 2905 est,
2745 2840 2969 2894 cmleste
3013 2840 3172 2894 nobis
3222 2839 3533 2907 promiserit

1949 2926 2391 2996 nuntiaveritque
2426 2944 2689 2997 regnum;
2739 2929 2861 2996 ejus
2908 2944 3036 2982 vero
3080 2928 3317 2981 famulus
3352 2927 3530 2981 Moses

1949 3015 2037 3069 vel
2068 3018 2220 3071 nullo
2259 3019 2445 3083 modo,
2478 3020 2559 3072 vel
2594 3029 2740 3073 certe
2773 3035 2879 3073 non
2902 3021 3020 3074 sine
3050 3018 3340 3089 aenigmate
3379 3021 3529 3086 regni

1950 3109 2195 3179 ejusdem
2224 3112 2557 3165 mentionem
2596 3112 2804 3166 fecerit.
2855 3110 3041 3182 Neque
3068 3113 3299 3181 denique
3318 3117 3403 3166 est
3433 3111 3533 3164 du-

264 3177 558 3235 bitandum
588 3191 770 3238 utrum
814 3185 954 3241 idem
987 3190 1057 3241 sit
1086 3204 1155 3243 an
1186 3192 1315 3260 quid
1344 3193 1647 3257 diversum,
1684 3177 2065 3266 paradisusiet
2099 3219 2326 3275 regnum
2361 3204 2649 3259 cmlorum.

832 3284 1168 3341 ΕΡΩΤΗΣΙΣ
1198 3290 1275 3345 Z'.

260 3376 331 3429 El
360 3374 443 3450 tit
468 3372 757 3450 télngér
788 3375 1018 3450 αἰώνων
1044 3381 1133 3445 είς
1164 3379 1323 3448 ’ἡμᾶς
1352 3381 1757 3450 κατήντησεν,
1782 3387 1851 3438 ἐν

1018 3450 1276 3515 Χριστοῦ
1304 3452 1569 3521 πλοῦτος
1584 3457 1672 3520 εἰς
1693 3455 1851 3525 ἡμᾶς

334 3446 536 3509 ποίοις
567 3446 780 3498 αἰῶσιν
812 3450 843 3500 ό
878 3447 982 3501 τοῦ

331 3515 819 3583 ἐπιδειχθήσεται
845 3533 865 3581 ;

2494 3297 2821 3366 ΩΟᾹΞΞΤΙΟ
2864 3298 2969 3354 Vll.

1958 3392 2019 3450 Si
2047 3393 2171 3464 ﬁnis
2202 3392 2517 3464 swrulorunt
2541 3392 2691 3445 nobis
2721 3393 2952 3454 advenit,
2976 3393 3291 3461 quibusnam
3328 3391 3531 3446 saecula

2212 3464 2411 3518 Christi
2441 3462 2643 3517 divitia:
2672 3465 2726 3516 in
2760 3479 2853 3517 nos
2885 3464 3263 3517 ostendantur?

520 3654 661 3705 Edita
681 3670 709 3705 a
741 3656 879 3717 Maio,
906 3670 1015 3709 nov.
1052 3658 1195 3720 0011.,
1216 3663 1254 3709 t.
1283 3660 1361 3721 ΙΧ,
1388 3675 1436 3723 ρ.
1458 3661 1563 3712 5-6.
1596 3663 1934 3715 Conciliantur
1964 3664 2101 3715 Pauli
2138 3664 2329 3716 verbal
2359 3667 2470 3718 Cor.
2493 3679 2543 3727 ι,
2578 3665 2787 3728 il,eum
2817 3661 2985 3713 verbis
3014 3664 3141 3725 Eph.
3163 3675 3212 3721 ur,
3236 3663 3282 3711 'l.

334 3745 455 3797 Οὐκ
497 3744 701 3815 ἄπορον
747 3746 804 3800 δὲ
833 3747 943 3800 οὐδ’
973 3749 1023 3802 εἰ
1064 3750 1133 3800 τὰ
1172 3748 1298 3820 τέλη
1337 3752 1445 3803 τῶν
1501 3752 1713 3805 αἰώνων
1769 3754 1853 3817 εἰς

2025 3752 2141 3809 Non
2167 3754 2435 3810 incertum
2455 3762 2538 3809 est
2559 3768 2798 3825 quoque,
2823 3753 2867 3807 si
2888 3753 3011 3805 linis
3029 3750 3351 3806 saeculorum
3377 3750 3545 3804 nobis

258 3838 415 3906 ἡμᾶς
461 3838 823 3907 κατήντησεν,
858 3840 914 3890 ἐν
959 3843 1069 3904 τοῖς
1114 3842 1507 3912 ἐπερχομένοις
1552 3844 1711 3898 αἰῶσι
1759 3845 1846 3898 τὸν

1951 3847 2187 3911 advenit,
2204 3846 2420 3903 divitias
2434 3862 2563 3902 suas
2582 3847 2634 3900 in
2661 3862 2756 3901 nos
2772 3844 3076 3899 ostendisse
3093 3858 3434 3899 communem
3448 3859 3533 3912 gu-

258 3930 503 3984 πλοῦτον
531 3930 695 3985 αὐτοῦ
724 3931 1092 3997 ἐπιδείξασθαι
1122 3936 1199 3996 εἰς
1227 3936 1373 4004 ἡμᾶς
1415 3936 1505 3989 τὸν
1534 3937 1711 3991 κοινὸν
1750 3937 1845 3991 τοῦ

259 4022 462 4085 γένους
492 4021 710 4091 σωτῆρα
738 4022 830 4078 καὶ
852 4022 1158 4093 λυτρωτὴν.
1178 4022 1303 4076 Ἐπὶ
1334 4024 1432 4093 μὲν
1460 4025 1569 4097 γὰρ
1595 4026 1674 4098 τῷ
1703 4028 1846 4080 τέλει

257 4114 375 4165 τῶν
415 4113 628 4166 αἰώνων
658 4115 819 4183 ἡμεῖς
850 4116 1039 4185 ἐσμεν,
1068 4116 1182 4169 ὅσοι
1220 4117 1311 4169 τὸν
1356 4120 1601 4189 παρόντα
1645 4122 1849 4190 κόσμον

259 4207 365 4276 ἤδη
388 4206 786 4275 μαραινόμενόν
808 4225 866 4259 τε
881 4210 975 4264 καὶ
996 4210 1369 4281 καταρρέοντα
1396 4212 1529 4281 πρὸς
1550 4212 1700 4274 τέλος
1719 4213 1848 4264 ἐτά-

258 4298 480 4369 χθημεν
504 4303 901 4371 παραμετρεῖν,
934 4302 1341 4372 ἐπερχομένους
1383 4304 1438 4356 δὲ
1464 4303 1668 4367 αἰῶνας
1702 4304 1844 4357 ὲκεί-

260 4410 390 4455 νους
440 4394 521 4445 δεῖ
576 4397 735 4458 νοεῖν,
791 4395 905 4447 ὅσοι
966 4398 1032 4467 τῇ
1079 4396 1187 4449 τῶν
1228 4396 1530 4464 μελλόντων
1580 4398 1843 4467 ἁδιαδόχῳ

259 4485 687 4553 παραπολαύσει
714 4490 1299 4557 συμπαρατεινομένην
1338 4488 1522 4558 ἔχουσι
1563 4489 1725 4557 φύσιν
1747 4490 1845 4558 τὴν
1884 4474 1925 4527 Ῐ)

258 4577 497 4629 ἐαυτῶν.
532 4577 671 4647 Ὅρα
704 4577 759 4631 δέ
799 4594 887 4647 μοι
910 4579 1006 4631 καὶ
1032 4578 1203 4642 οὕτως
1227 4595 1243 4611 ο
1269 4580 1326 4631 ἐν
1363 4580 1461 4650 μὲν
1489 4584 1602 4644 τοῖς
1628 4582 1842 4646 αἰῶσιν,

258 4658 338 4717 ὧν
365 4668 445 4729 εἰς
480 4668 626 4737 ἡμᾶς
648 4667 714 4720 τὰ
749 4667 883 4737 τέλη
919 4671 1249 4739 κατήντησε,
1289 4670 1350 4723 τὸ
1377 4672 1483 4741 πρὸ
1504 4671 1611 4724 τῶν
1632 4672 1844 4724 αἰώνων

255 4758 483 4830 ὁρισθὲν
520 4760 818 4830 μυστήριον
846 4761 939 4813 ἐπὶ
971 4764 1123 4831 κοινῇ
1159 4761 1252 4814 τοῦ
1281 4762 1621 4833 ἀνθρωπίνου
1654 4763 1845 4831 γένους

259 4851 514 4921 σωτηρίᾳ
542 4852 713 4921 πέρας
742 4852 902 4906 ἔλαϐέ
936 4870 993 4905 τε
1016 4856 1111 4905 καὶ
1142 4853 1393 4925 ἐτελέσθη
1418 4871 1431 4885 ο
1468 4856 1604 4926 ὅπερ
1630 4857 1776 4909 ἐστὶν
1804 4859 1837 4928 ἡ

256 4942 355 4997 τοῦ
395 4942 536 4996 Θεοῦ
588 4945 724 5014 πρὸς
771 4945 1092 5016 ἀνθρώπους
1124 4947 1317 5011 ἓνωσίς
1336 4965 1396 5001 τε
1423 4950 1515 5001 καὶ
1544 4950 1807 5021 ἐπιδημία
1828 4969 1841 4981 '

258 5038 315 5090 ἐν
348 5037 404 5089 δὲ
434 5039 548 5101 τοῖς
595 5038 986 5107 ἐπερχομένοις
1028 5040 1401 5111 ἐπιτελεσθείη
1452 5041 1517 5095 ἂν
1558 5044 1589 5113 ή
1618 5042 1723 5097 τῶν
1746 5045 1842 5099 ἁν-

259 5129 501 5200 θρώπων
550 5129 686 5200 πρὸς
722 5131 857 5183 Θεὸν
901 5130 1085 5195 ἄνοδός
1126 5150 1185 5185 τε
1218 5135 1311 5186 καὶ
1373 5133 1679 5206 ὑψηλοτέρα
1717 5154 1842 5190 συν-

257 5225 429 5291 άφεια
450 5224 578 5277 ’καὶ
602 5224 661 5278 τὸ
688 5226 829 5278 κατὰ
859 5225 1020 5297 χάριν
1050 5228 1198 5296 ἡμᾶς
1230 5227 1479 5294 γενέσθαι
1517 5229 1693 5295 θεοὺς,
1741 5247 1845 5299 μη-

256 5317 379 5371 κέτι
404 5317 541 5387 πρὸς
566 5316 637 5369 τά
674 5317 844 5387 χείρω
866 5318 961 5388 τὴν
1007 5320 1313 5391 μεταϐολὴν
1342 5321 1684 5390 δεχομένους.
1723 5324 1844 5375 Ἔτι

254 5408 313 5461 δὲ
344 5409 400 5461 ἐν
428 5409 530 5479 μὲν
561 5411 676 5472 τοῖς
703 5408 917 5475 αἰῶσιν,
941 5404 1016 5463 ὧν
1046 5412 1126 5474 εἰς
1148 5414 1217 5464 τά
1238 5412 1366 5481 τέλη
1393 5413 1841 5482 κατηντήσαμεν,

253 5500 355 5569 τὴν
381 5500 650 5571 ἐργασίαν
698 5500 805 5554 τῶν
844 5501 1072 5556 ἐντολῶν
1118 5504 1499 5572 ἁπαιτοὺμεθα
1523 5520 1541 5535 ·
1571 5506 1663 5557 καὶ
1707 5505 1842 5575 πρὸς

255 5590 319 5648 τὸ
349 5591 659 5662 γυμνάσιον
692 5590 1037 5663 ἀποδυόμεθα
1063 5606 1077 5621 ⁸
1114 5594 1171 5645 ἐν
1204 5593 1262 5646 δέ
1304 5598 1416 5657 τοῖς
1454 5594 1843 5664 ἐπερχομένοις

251 5685 322 5738 τά
344 5702 404 5739 τε
432 5685 546 5737 τῶν
577 5682 868 5752 πρακτέων
930 5685 1183 5755 ἐπίχειρα
1236 5685 1576 5756 κομιζόμεθα
1614 5687 1707 5738 καὶ
1736 5686 1842 5741 τῶν

255 5779 534 5851 βραϐείων
578 5774 895 5845 άξιούμεθα,
950 5778 1037 5829 ὅτε
1084 5778 1146 5848 δὴ
1187 5780 1274 5833 ὅτε
1309 5780 1401 5835 καὶ
1434 5781 1461 5831 ὁ
1491 5777 1716 5843 πλοῦτος
1744 5780 1838 5848 cii:

1949 3938 2098 3993 neris
2116 3939 2283 3993 nostri
2303 3938 2641 3993 Salvatorem
2654 3948 2708 3993 et
2724 3936 3163 4006 Redemptorem.
3184 3935 3243 3988 In
3263 3934 3368 3988 ﬁne
3384 3935 3527 3988 enim

1948 4030 2270 4086 saeculorum
2286 4046 2345 4083 su
2355 4031 2908 4099 musnosquicunque
2920 4029 2972 4082 in
2987 4028 3131 4081 hunc
3146 4025 3406 4079 mundum
3418 4025 3532 4093 jam

1945 4118 2233 4175 ﬂaccidum
2246 4129 2298 4175 et
2312 4120 2378 4173 ad
2395 4120 2556 4174 ﬁnem
2581 4136 2740 4175 suum
2754 4127 3063 4188 vergentem
3084 4118 3235 4171 missi
3248 4118 3530 4172 sumusin-

1944 4211 2256 4280 colendum;
2274 4228 2336 4268 su
2344 4212 2713 4282 pervenientia
2727 4222 2907 4266 autem
2920 4210 3115 4265 saecula
3136 4210 3229 4265 illa
3243 4224 3365 4264 esse
3383 4211 3530 4280 cogi-

1944 4306 2169 4359 tandum
2182 4313 2265 4360 est
2278 4320 2398 4374 qua:
2414 4312 2738 4359 aeternorum
2756 4303 2808 4356 in
2822 4300 3004 4355 futura
3019 4301 3336 4355 deliciarum
3355 4303 3522 4371 parti-

1942 4398 2176 4466 cipautia
2193 4408 2502 4466 protensam
2516 4395 2968 4450 obtinenteorum
2982 4402 3253 4449 naturam.
3271 4394 3377 4449 Sed
3394 4396 3525 4448 mihi

1950 4499 2004 4543 et
2026 4490 2105 4543 sic
2131 4489 2417 4543 considera
2442 4506 2454 4542 :
2476 4486 2692 4542 saaculis
2714 4486 2821 4540 illis
2835 4501 3067 4556 quorum
3084 4486 3210 4540 ﬁnis
3230 4487 3282 4540 in
3308 4502 3406 4542 nos
3430 4488 3529 4541 ad-

1949 4580 2116 4640 venit,
2136 4579 2418 4635 deﬁnitum
2438 4587 2563 4633 ante
2578 4578 2776 4633 saecula
2797 4576 3119 4648 mysterium
3135 4593 3231 4647 pro
3249 4580 3527 4632 communi

1951 4672 2235 4725 hominum
2257 4670 2475 4741 generis
2506 4669 2685 4725 salute
2713 4673 3009 4724 terminum
3038 4670 3247 4740 accepit
3273 4679 3328 4725 et
3348 4670 3527 4741 perfe-

1947 4771 2093 4818 ctum
2106 4772 2209 4829 est;
2225 4763 2317 4833 qui
2332 4762 2597 4817 terminus
2632 4771 2717 4817 est
2730 4762 2820 4817 Dei
2838 4764 2979 4831 apud
2992 4762 3239 4818 homines
3255 4764 3464 4817 mansio
3477 4773 3531 4816 et

1947 4854 2255 4919 incolatus;
2286 4853 2793 4922 supervenientibus
2816 4863 2997 4908 autem
3020 4854 3237 4909 sarculis
3256 4852 3528 4924 perfectus

1947 4949 2051 5002 erit
2075 4947 2358 5002 hominum
2380 4947 2443 5000 ad
2463 4946 2633 5000 Deum
2649 4946 2859 5003 reditus
2874 4958 2928 5002 et
2956 4948 3119 5003 altior
3151 4964 3276 5003 cum
3297 4949 3388 5003 illo
3402 4964 3529 5003 con-

1941 5040 2175 5109 junctio.
2202 5039 2355 5093 Tunc
2375 5039 2537 5093 etiam
2561 5040 2859 5094 secundum
2879 5041 3106 5110 gratiam
3149 5040 3279 5095 facti
3323 5042 3529 5095 erimus

1946 5134 2019 5188 dii
2035 5146 2209 5202 neque
2219 5131 2285 5185 ad
2300 5130 2899 5201 pejoraconversionem
2916 5133 3215 5202 capientes.
3234 5133 3314 5187 Ad
3324 5134 3427 5187 huc
3438 5149 3531 5187 au-

1946 5235 2053 5280 tem
2068 5226 2151 5280 his
2163 5227 2375 5283 saeculis
2385 5241 2617 5297 quorum
2630 5227 2753 5284 ﬁnis
2767 5227 3003 5292 advenit,
3021 5243 3051 5282 a
3066 5230 3221 5285 nobis
3237 5240 3529 5300 praecepto-

1944 5333 2066 5372 rum
2081 5316 2392 5387 adimpletio
2408 5319 2662 5389 exigitur,
2683 5327 2737 5373 et
2750 5319 2817 5373 ad
2836 5319 3035 5374 luetam
3054 5322 3413 5393 accingimur;
3432 5337 3525 5375 su-

1946 5410 2386 5479 pervenientibus
2399 5420 2579 5466 autem
2592 5426 2779 5466 eorum
2798 5426 2917 5482 qua‘
2940 5414 3143 5483 agenda
3163 5423 3289 5467 sunt
3305 5413 3525 5481 praemia

1947 5502 2261 5571 accipimus,
2281 5512 2335 5557 et
2347 5503 2780 5558 victoriaslaurea
2800 5503 3291 5575 dignijudicamur,
3306 5504 3525 5572 quando

1945 5602 2000 5646 et
2033 5594 2236 5648 divitiae
2264 5595 2550 5649 dominicae
2572 5594 2830 5649 bonitatis
2859 5602 2915 5649 et
2945 5595 3248 5665 largitionis
3266 5591 3524 5648 ineﬁabili

1945 5686 2115 5742 verbo
2126 5694 2181 5742 et
2197 5686 2735 5757 incomprehensibili
2752 5687 2963 5742 ratione
2975 5684 3355 5755 copiosissime
3365 5684 3524 5741 nobis

1946 5777 2528 5835 subministrabuntur.
2555 5778 2611 5832 Si
2630 5780 2732 5845 vis,
2750 5778 3104 5849 praesentibus
3121 5774 3338 5845 quidem
3354 5790 3526 5833 sacu-
