3912 6218
439 277 533 358 lii

1589 289 1856 351 PHOTII
1883 289 2395 349 PA'I‘RlARCHzE
2422 289 2534 349 (ΣΡ.

3595 290 3690 356 112

436 400 505 454 lis
559 397 896 470 corruptibili
938 415 1164 472 corpore
1204 401 1368 456 vitam
1405 414 1642 458 nostram
1692 402 2017 474 perticimus,

2129 401 2460 472 Δεσποτικῆς
2485 401 2850 471 χρηστότητος
2879 403 2973 456 καὶ
3015 402 3328 472 φιλοτιμίας
3355 401 3582 474 ἀρρήτῳ
3607 403 3687 458 λό-

437 493 946 561 supervenientibus
975 503 1153 548 autem
1168 495 1570 562 corruptionem
1605 494 2018 564 incorruptione

371 594 376 602 ‘
437 594 732 652 mutantes,
749 585 1110 640 sicinlinitum
1125 601 1300 640 aevum
1323 601 1726 657 percurremus.
1747 586 1811 640 Et
1829 601 2016 639 rursus

438 679 1022 748 saeculispriescntihus
1037 679 1387 750 insurgcnsiu
1410 695 1511 736 nos
1529 689 1582 734 et
1600 695 1699 735 nos
1718 680 2016 750 impediens

439 780 717 839 peccatum
736 773 1008 838 subimus;
1025 772 1533 842 supervenientibus
1547 785 1747 836 autem,
1770 787 1943 842 neque
1961 772 2014 826 in

439 877 538 922 nos
564 878 823 932 pugnam,
849 874 941 922 aut
961 879 1127 935 agens
1151 873 1453 934 peccatum,
1485 866 1578 918 sed
1607 878 1782 934 neque
1803 864 2018 919 occulte

436 954 488 1008 in
517 955 674 1010 nobis
692 966 841 1010 stans
864 966 954 1011 aut
984 965 1130 1010 stare
1159 955 1344 1008 valens
1374 955 1728 1024 reperiemus.
1760 953 1934 1011 Multa
1963 965 2020 1011 et

435 1049 539 1110 alia
564 1059 817 1104 sexcenta
838 1049 922 1106 his
940 1049 1063 1103 addi
1092 1048 1529 1120 possentquibus
1551 1046 1852 1102 differentia
1875 1049 2020 1104 inter

434 1143 635 1196 directa
665 1142 731 1196 ad
769 1142 929 1197 ﬁnem
964 1143 1161 1197 saecula
1190 1150 1241 1196 et
1264 1156 1325 1194 ea
1351 1155 1472 1210 qua:
1497 1141 1550 1192 iu
1588 1140 1859 1194 inﬁnitum
1899 1156 2019 1196 ma-

437 1244 570 1301 nent
617 1233 776 1288 facile
809 1235 1159 1289 discernitur.
1192 1233 1367 1302 Atque
1401 1231 1477 1285 ita
1519 1232 1811 1301 przeposita
1857 1234 2020 1288 verba

437 1342 544 1380 non
572 1325 799 1380 invicem
835 1333 1202 1395 opponuntur,
1231 1337 1404 1393 neque
1432 1321 1575 1376 inter
1603 1335 1663 1373 se
1691 1333 1954 1392 pugnant.

2124 510 2206 564 γῳ
2230 495 2322 546 καὶ
2360 493 2763 566 ἀκαταλήπτοις
2783 495 3064 565 λογισμοῖς
3095 497 3225 566 ἡμῖν
3245 496 3688 566 ἐπιδαψιλεύσιτο.

2124 585 2186 637 Ei
2221 585 2396 656 βούλει
2423 585 2479 638 δὲ
2503 588 2560 639 ἐν
2593 585 2692 656 μὲν
2726 588 2841 650 τοῖς
2872 587 3303 657 περατουμένοις
3326 588 3494 640 αίῶσι
3525 588 3690 661 φθαρ.

2121 675 2200 746 τῷ
2224 677 2435 747 σώματι
2463 678 2554 731 τὸν
2578 678 3181 749 βίονήμῶνδιανύομεν,
3213 682 3271 733 ἐν
3291 681 3347 733 δὲ
3385 684 3502 744 τοῖς
3532 684 3688 751 ἐπερ-

2119 769 2371 840 χομένοις
2386 770 2484 842 τῆς
2501 769 2705 841 φθοράς
2724 773 2823 842 τὴν
2837 771 3145 841 ἀφθαρσίαν
3163 772 3542 842 ἀμειϐόμενοι,
3560 773 3690 828 οὕτω

2119 861 2212 918 τὸν
2231 861 2583 933 ἀτελεύτητον
2599 862 2947 934 διατελοῦμεν
2965 863 3155 919 αίῶνα.
3177 866 3284 918 Καὶ
3322 865 3488 920 πάλιν
3506 868 3562 918 ὲν
3601 867 3691 936 μὲν

2113 956 2224 1017 τοῖς
2245 953 2479 1024 παροῦσι
2511 956 2610 1024 τὴν
2646 956 3175 1027 κατεξανισταμένης]
3205 957 3360 1026 ἡμῶν
3390 956 3492 1027 τὴν
3521 958 3691 1027 ἀμαρ-

2111 1048 2234 1102 τίαν
2276 1050 2370 1102 καὶ
2403 1049 2771 1118 διενοχλοῦσαν
2785 1050 3126 1119 ὑφιστάμεθα
3145 1069 3160 1082 ·
3199 1053 3256 1104 ὲν
3271 1051 3328 1105 δὲ
3345 1053 3462 1112 τοῖς
3478 1053 3572 1103 ὲπε
3582 1069 3693 1122 ρχο-

2118 1144 2298 1214 μένοις
2331 1145 2512 1198 οὐκέτι
2537 1145 3093 1217 καταστρατηγοῦσαν
3126 1147 3248 1199 οὐδὲ
3278 1146 3689 1216 ἐνεργουμένην,

2116 1235 2252 1290 ἀλλά
2267 1236 2402 1308 μηδὲ
2425 1238 2739 1306 ὑφεστῶσαν
2750 1239 2885 1302 ὅλως
2896 1239 3220 1309 εὑρήσομεν,
3242 1239 3377 1309 μηδὲ
3393 1238 3694 1310 δυναμένην

2117 1327 2469 1396 ὑφίστασθαι.
2491 1329 2667 1386 Πολλὰ
2681 1329 2725 1383 δ’
2743 1329 2807 1384 ἄν
2822 1348 2907 1394 τις
2921 1331 3013 1384 καὶ
3025 1331 3161 1385 ἄλλα
3181 1331 3348 1402 μυρία
3363 1331 3573 1393 τούτοις
3586 1331 3695 1384 ἐπι-

436 1421 580 1492 θείη,
597 1421 666 1476 δι’
687 1414 762 1475 ὧν
783 1423 816 1490 ή
849 1419 1082 1492 διαφορὰ
1109 1419 1218 1474 τῶν
1245 1438 1305 1472 τε
1329 1421 1465 1492 πρὸς
1494 1421 1647 1482 τέλος
1677 1418 2052 1488 ἐπειγομένων
2084 1423 2295 1480 αἰώνων
2330 1427 2425 1479 καὶ
2442 1425 2550 1479 τῶν
2569 1429 2648 1489 είς
2667 1427 2971 1495 ἀπέραντον
2983 1426 3346 1498 διαμενόντων
3371 1427 3571 1499 ῥαδίως
3605 1445 3694 1481 κα-

432 1513 836 1586 ταλαμϐάνεται
862 1529 875 1544 ·
910 1514 1003 1566 καὶ
1031 1511 1106 1576 ώς
1134 1512 1203 1566 τά
1230 1512 1566 1583 προκείμενα
1598 1511 1738 1585 ρητά
1767 1510 1887 1564 οὐδὲ
1913 1512 2163 1580 ἀλλήλοις
2180 1519 2589 1589 ἀντινομοθετεῖ
2610 1519 2731 1574 οὐδὲ
2763 1518 3108 1590 διαμάχεται.

979 1602 1483 1672 ρυίΕετιοκνιιι.

433 1696 704 1762 Quomodo
742 1696 942 1750 dicitur
970 1695 1110 1767 [ilius
1134 1694 1232 1748 Dei
1263 1706 1538 1763 peccatum
1572 1695 1891 1767 nonfaccre,
1923 1697 2016 1767 qui

496 1769 654 1849 juxta
683 1768 923 1849 eamdem
956 1765 1290 1849 Scriptu'ram
1325 1781 1390 1849 ea;
1417 1783 1557 1836 aqua
1581 1776 1630 1819 et
1661 1765 1866 1849 S'piritu
1916 1765 2016 1820 na-

499 1836 752 1906 ‘scuntur;
785 1846 833 1891 et
862 1848 1036 1889 tamen
1069 1836 1260 1890 multos
1301 1839 1534 1890 videmus
1561 1853 1655 1905 per
1685 1837 2011 1906 baptismum

500 1909 643 1980 ﬁlios
683 1909 776 1962 Dei
801 1908 1013 1975 e/I‘cctos
1051 1917 1323 1974 peccatum
1360 1906 1650 1976 facientes;

2679 1610 3020 1666 ΕΡΩΤΗΣΙΣ
3044 1609 3127 1663 H'.

2122 1701 2255 1768 Πῶς
2287 1702 2360 1756 τὰ
2395 1701 2579 1774 τέκνα
2622 1705 2730 1758 τοῦ
2783 1704 2930 1758 Θεοῦ
2973 1703 3210 1772 λέγεται
3258 1705 3562 1774 ἁμαρτίαν
3619 1705 3692 1774 μὴ

2184 1774 2400 1837 ποιεῖν,
2439 1771 2591 1830 εἶναι
2621 1774 2689 1827 δὲ
2710 1775 2898 1828 ταῦτα
2934 1776 2973 1844 ἠ
2999 1771 3153 1842 αὐτὴ
3195 1771 3693 1844 λέγειΓραςεῖὴτέι

2193 1844 2267 1896 δι’
2291 1844 2514 1910 ὓδατος
2541 1845 2637 1898 καὶ
2667 1846 3016 1914 Πνεύματος
3047 1844 3437 1914 γεννηθέντα,
3471 1848 3568 1907 καὶ
3595 1845 3696 1904 πάι

2185 1916 2289 1967 λιν
2328 1914 2600 1981 πολλοὺς
2649 1913 2877 1984 ὁρῶμεν
2915 1915 3056 1980 τοὺς
3127 1914 3224 1969 διὰ
3283 1917 3697 1984 βαπτίσματος

2044 1981 2086 2034 Β
2175 1984 2630 2052 υίοποιηθέντας
2654 1981 2775 2053 thr;
2804 1985 3096 2054 ἁμαρτίαν·
3118 1981 3652 2054 διαπραττομὲὶηους
3676 2003 3693 2048 ;

463 2072 604 2129 Edita
633 2087 661 2120 a
693 2072 838 2133 Maio,
866 2074 898 2122 l.
924 2078 1043 2135 c.’p.
1075 2072 1178 2122 6-8.
1206 2071 1283 2122 De
1316 2071 1484 2122 verbis
1510 2073 1526 2122 Ι
1553 2073 1692 2124 Joan.
1717 2087 1787 2135 ιιι,
1817 2074 1886 2139 εὶς
1918 2075 2233 2139 etquomodo
2274 2076 2354 2125 his
2377 2090 2472 2139 non
2512 2074 2697 2137 obstet,
2717 2078 2848 2139 quod
2871 2073 3157 2138 baptizatos,
3182 2075 3268 2138 qui
3303 2089 3424 2126 vere
3469 2075 3556 2126 ﬁlii
3579 2075 3665 2126 Dei

1410 2143 1527 2185 sunt
1551 2139 1713 2198 (Joan.
1736 2152 1808 2201 ιιι,
1841 2137 1891 2196 5)
1923 2136 2082 2186 adhuc
2111 2143 2374 2189 peccantes
2395 2137 2670 2188 videamus.

502 2242 560 2298 Si
590 2242 904 2314 quicunque
934 2257 997 2296 ex
1029 2257 1167 2311 aqua
1200 2249 1254 2296 ct
1279 2240 1485 2309 Spiritu
1517 2252 1710 2298 sancto
1745 2259 2018 2314 generan-

435 2349 542 2402 tur,
574 2337 614 2391 ii
648 2344 779 2392 sunt
830 2336 926 2390 ﬁlii
963 2336 1090 2403 Dei;
1119 2335 1216 2389 lilii
1247 2345 1428 2391 autem
1444 2335 1561 2402 Dei,
1589 2343 1649 2390 ut
1672 2336 2020 2390 divusJoan—

433 2445 534 2496 pes
557 2429 781 2494 clamat,
810 2442 1096 2499 peccatum
1130 2443 1239 2482 non
1276 2428 1502 2492 faciunt,
1533 2429 1736 2497 quaeris
1765 2438 1820 2483 et
1841 2429 2018 2483 disce-

431 2534 550 2598 ptas
590 2524 893 2594 quomodo,
946 2531 1236 2593 postquam
1291 2538 1384 2588 per
1411 2521 1690 2575 lavacrum
1726 2537 2020 2591 regenera-

431 2615 598 2680 tionis
623 2625 772 2670 tanta
798 2616 971 2688 gratia
1007 2615 1158 2686 digni
1191 2615 1357 2669 habiti
1394 2631 1604 2680 sumus,
1635 2614 1701 2669 ad
1731 2624 2015 2684 peccatum

430 2708 785 2765 deferamur.
823 2707 928 2764 Sed
958 2719 1247 2779 antequam
1313 2707 1476 2762 verba
1514 2708 1851 2761 resolvamus
1892 2724 2014 2776 quae

430 2802 532 2856 sibi
568 2803 802 2857 invicem
855 2801 1233 2856 contradicere
1276 2801 1562 2866 videntur,
1621 2800 1803 2870 ipsum
1854 2799 1908 2852 in
1961 2814 2021 2854 se

432 2896 892 2966 Apostolidictum
915 2894 1336 2950 examinandum
1355 2901 1440 2948 est
1461 2911 1473 2946 :
1494 2891 1770 2962 quomodo
1794 2890 2020 2946 omnino

431 2991 596 3044 homo
631 2989 773 3046 ﬁlius
801 2987 895 3042 Dei
927 2987 1105 3041 factus
1144 2994 1428 3055 peccatum
1457 2999 1564 3038 non
1596 2993 1774 3053 potest
1803 2982 2021 3038 facere?

429 3083 664 3150 Quidam
694 3082 860 3150 igitur
896 3081 1087 3136 dicunt
1136 3079 1270 3134 illud
1309 3080 1491 3149 ipsum
1540 3077 1807 3134 Joannem
1843 3075 2016 3145 expli-

429 3184 640 3232 cantem
669 3175 869 3230 addere
903 3192 916 3228 :
943 3173 1201 3243 quoniam
1228 3186 1414 3226 semen
1433 3170 1605 3238 ipsius
1637 3170 1691 3223 in
1715 3185 1780 3224 eo
1805 3177 2016 3234 manet;

433 3267 581 3340 quod
609 3267 829 3336 quidem
863 3281 1046 3321 semen
1079 3274 1162 3320 est
1191 3278 1324 3318 sane
1353 3261 1584 3316 docendi
1617 3267 1855 3330 peritum
1898 3275 2021 3314 ver—

431 3360 562 3418 bum
588 3376 604 3426 ;
635 3358 769 3413 exiit
797 3358 942 3412 enim
979 3356 1072 3432 qui
1109 3355 1348 3410 seminat
1372 3354 1670 3408 seminare.
1706 3350 1802 3406 lllo
1833 3360 2017 3406 autem

431 3453 642 3508 semine
688 3450 745 3504 in
790 3450 971 3503 anima
1006 3447 1220 3502 radices
1254 3455 1446 3516 agente
1476 3454 1532 3502 et
1581 3455 1857 3510 manente,
1910 3458 2017 3497 non

433 3552 611 3616 potest
649 3557 879 3615 peccare
903 3540 997 3612 qui
1030 3541 1135 3594 hoc
1159 3539 1367 3594 semine
1405 3537 1858 3594 assimilationem
1889 3549 2013 3589 cum

432 3646 730 3709 generante
759 3636 870 3692 Deo
891 3635 1157 3706 possidet.
1192 3632 1290 3688 lllo
1318 3642 1502 3688 autem
1538 3631 1749 3688 semine
1773 3646 1839 3686 ex
1858 3622 2016 3700 'cogi-

432 3731 638 3786 tatione
661 3738 850 3784 nostra
881 3728 1077 3798 ejeeto,
1112 3726 1299 3782 statim
1345 3725 1551 3781 diaboli
1583 3739 1769 3779 semen
1793 3721 2018 3777 inillius

435 3823 619 3878 locum
656 3821 935 3891 injicitur,
964 3827 1020 3875 et
1049 3818 1387 3874 zizaniorum
1422 3815 1752 3887 germinatio
1801 3812 2014 3881 incipit.

436 3914 626 3970 Plures
654 3913 872 3985 quidem
901 3913 981 3968 sic
1007 3911 1258 3982 propius,
1297 3918 1357 3963 ut
1388 3907 1523 3962 mihi
1552 3906 1792 3971 videtur,
1825 3903 1892 3958 ad
1923 3918 2019 3957 ve-

437 4005 659 4060 ritatem
710 4012 982 4060 steterunt
1020 4002 1152 4058 illud
1191 4001 1427 4072 apostoli
1481 3999 1688 4056 dictum
1742 3997 2016 4065 interpre-

435 4099 622 4158 tando.
662 4098 767 4152 Alii
804 4105 987 4155 autem
1022 4095 1326 4166 simplicius
1358 4094 1550 4149 dicunt
1601 4106 1777 4161 neque
1807 4089 2018 4159 justum

432 4191 704 4261 justitiam
733 4192 1049 4258 colentem,
1105 4203 1284 4259 neque
1332 4185 1636 4257 sapientem
1691 4182 2018 4253 sapientiam

435 4284 846 4354 adimplentem,
886 4297 1065 4353 neque
1091 4283 1261 4338 alium
1295 4293 1570 4350 quemque
1615 4293 1778 4332 suum
1819 4289 2019 4329 nutrien

435 4390 464 4427 a
492 4375 691 4430 virtute
726 4375 1028 4429 trahentem
1059 4388 1127 4429 eo
1162 4371 1308 4443 quod
1333 4371 1479 4426 illam
1512 4375 1732 4438 peragat
1759 4373 1814 4420 et
1842 4364 2021 4419 adim-

433 4467 602 4538 pleat,
634 4483 879 4537 unquam
910 4468 1119 4537 peccati
1146 4465 1480 4521 exstiturum
1517 4460 1803 4515 factorem.

509 4643 616 4699 Sed
651 4643 754 4706 hoc
776 4643 1351 4714 quidem,quanquam
1397 4657 1429 4696 a
1457 4638 1792 4712 quibusdam
1815 4637 2022 4692 dictum

437 4745 540 4802 est,
580 4751 688 4790 non
722 4735 1067 4790 altitudinem
1116 4735 1432 4805 apostolicae
1483 4731 1768 4789 sententiae
1806 4729 2025 4784 videtur

2191 2247 2254 2299 Εἰ
2283 2246 2350 2299 δι’
2379 2245 2570 2308 ὓδατος
2603 2245 2696 2299 καὶ
2728 2244 3045 2315 Πνεύματος
3076 2246 3125 2299 οἱ
3155 2245 3511 2316 γεννηθέντες
3540 2246 3695 2298 τέκνα

2121 2337 2256 2390 Θεοῦ
2285 2336 2705 2408 χρηματίζουσι,
2741 2337 2810 2391 τὰ
2835 2338 2893 2391 δὲ
2936 2337 3103 2392 τέκνα
3134 2338 3228 2392 τοῦ
3260 2337 3420 2403 Θεοῦ,
3463 2336 3537 2401 ὡς
3563 2340 3588 2390 6
3611 2338 3694 2390 θε-

2123 2431 2343 2494 σπέσιος
2377 2431 2628 2502 Ἰωάννης
2667 2429 2786 2500 βοᾷ,
2825 2428 3105 2498 ἁμαρτίαν
3133 2430 3194 2484 οὑ
3223 2433 3390 2494 ποιεῖ,
3421 2430 3694 2500 ἐπερωτᾷς

2121 2525 2217 2576 καὶ
2249 2522 2528 2592 διαπορεῖς
2558 2521 2676 2585 πῶς
2703 2522 2820 2592 μεθ’
2842 2521 2870 2574 ὃ
2895 2521 2989 2575 τοῦ
3015 2521 3242 2594 λουτροῦ
3273 2525 3374 2594 τῆς
3406 2521 3692 2588 παλλιγγε-

2121 2617 2304 2679 νεσίας
2335 2616 2430 2670 τοῦ
2460 2617 2779 2688 τηλικούτου
2813 2617 3151 2690 χαρίσματος
3195 2616 3539 2687 ἠξιώθημεν,
3569 2616 3695 2685 πρὸς

2121 2711 2399 2782 ἁμαρτίαν
2437 2711 2878 2781 καταφερόμεθα.
2926 2711 3088 2763 ’Λλλά
3121 2711 3228 2780 πρό
3258 2727 3324 2778 γε
3363 2711 3465 2781 τῆς
3503 2707 3697 2768 λύσεως

2120 2805 2229 2858 τῶν
2259 2804 2563 2858 δοκούντων
2586 2805 2730 2876 ἔχειν
2752 2806 3104 2876 ἐναντιότητα
3123 2805 3410 2877 ῥημάτων,
3432 2804 3563 2858 αὐτὸ
3585 2800 3697 2854 καθ’

2121 2897 2254 2950 αὐτὸ
2285 2897 2348 2950 τδ
2371 2898 2722 2952 ἀποστολικδν
2775 2898 3140 2951 ἐπισκεπτέον
3190 2899 3357 2969 ῥητόν
3378 2912 3392 2927 ·
3425 2896 3541 2960 πῶς
3573 2895 3696 2956 ὅλως

2123 2989 2414 3060 ἄνθρωπος
2439 2990 2628 3044 τέκνον
2662 2989 2799 3043 Θεοῦ
2824 2988 3064 3058 γεγονὼς
3093 2991 3370 3062 ἁμαρτίαν
3394 2990 3454 3044 οὖ
3490 2989 3698 3042 δύναται

2123 3086 2328 3150 ποιεῖν;
2352 3085 2508 3147 Τινὲς
2559 3084 2658 3154 μὲν
2701 3084 2796 3137 οῦν
2828 3101 3012 3154 φασιν,
3052 3083 3130 3146 di;
3159 3083 3324 3146 αὐτὸς
3354 3084 3560 3143 ἐκεῖνος
3589 3081 3698 3131 ἐπι-

2122 3173 2385 3245 λυόμενός
2412 3174 2608 3242 ἐπάγει
2630 3174 2712 3240 τὸ,
2746 3175 2829 3227 ὅτι
2861 3174 3086 3244 σπέρμα
3119 3173 3286 3227 αὐτοῦ
3322 3176 3382 3227 ὲν
3411 3171 3560 3241 αὐτῷ
3579 3167 3698 3220 ’τοῦ

2122 3267 2232 3337 γὰρ
2263 3265 2585 3320 δεσποτικοῦ
2617 3267 2932 3337 σπέρματος
2962 3267 3082 3337 ἦτοι
3115 3264 3500 3320 διδασκαλικοῦ
3517 3263 3698 3329 λόγον’

2136 3359 2390 3430 Ἐξῆλθεν
2405 3359 2534 3430 γὰρ,
2557 3360 2744 3429 φησὶν,
2775 3361 2802 3412 6
2825 3359 3066 3427 σπείρων
3090 3357 3184 3412 τοῦ
3221 3361 3446 3429 σπεῖραι
3471 3373 3485 3386 ·
3521 3356 3698 3408 τούτου

2123 3451 2187 3524 δὴ
2218 3452 2311 3506 τοῦ
2347 3452 2667 3522 σπέρματος
2693 3451 2751 3503 ὲν
2778 3453 2844 3521 τῇ
2870 3449 3015 3521 ψυχῇ
3051 3450 3375 3521 ῥιζωθέντος
3405 3449 3500 3501 καὶ
3531 3460 3696 3514 παρα-

2124 3545 2381 3616 μένοντος
2404 3545 2466 3598 ού
2497 3543 2722 3596 δύναται
2759 3544 2934 3594 ποιεῖν
2968 3543 3245 3614 ἁμαρτίαν
3281 3543 3309 3594 6
3349 3541 3562 3594 ἐκείνου
3610 3531 3698 3587 τοῦ

2120 3638 2327 3709 σπόρου
2356 3639 2453 3708 τὴν
2480 3636 2819 3708 ἀφομοίωσιν
2852 3637 2992 3704 πρὸς
3031 3635 3125 3688 τὸν
3167 3618 3542 3704 γεγεννηκότα
3574 3643 3698 3694 κτη-

2122 3729 2360 3799 σάμενος
2387 3727 2520 3780 Θεόν
2547 3742 2560 3755 ·
2593 3725 3027 3796 παραιρεθέντος
3060 3725 3116 3777 δὲ
3144 3726 3240 3778 τοῦ
3269 3723 3517 3777 τοιούτου
3543 3717 3700 3786 σπέρ-

2124 3837 2294 3893 ματος
2319 3823 2384 3873 ὲκ
2415 3819 2516 3889 τῆς
2549 3817 2787 3880 διανοίας
2824 3816 3003 3887 ἡμῶν,
3051 3815 3250 3869 αύτίκα
3294 3816 3322 3868 6
3372 3813 3467 3869 τοῦ
3513 3806 3698 3882 ἐχθροῦ

2121 3915 2647 3972 ἀντικαταόάλλεται
2671 3913 2892 3984 σπόρος,
2919 3914 3013 3967 καὶ
3037 3914 3069 3984 ή
3091 3913 3201 3965 τῶν
3226 3911 3483 3978 ζιζανίων
3509 3906 3698 3978 βλάστη

2120 4009 2389 4080 λαμϐάνει
2406 4008 2600 4078 ἀρχήν.
2620 4005 2790 4059 Ἔνιοι
2813 4005 2910 4076 μὲν
2930 4003 3122 4067 οὕτως,
3141 4004 3214 4066 ώς
3230 4003 3417 4074 ἔμοιγε
3433 3999 3595 4059 δοκεῖ,
3615 3995 3700 4048 καὶ

2120 4105 2218 4175 τῆς
2243 4101 2502 4173 ἀληθείας
2531 4100 2695 4168 ἐγγὺς
2713 4098 2774 4150 τὸ
2789 4096 3144 4151 ἀποστολικδν
3171 4094 3332 4166 ῥητὸν
3366 4093 3696 4161 νενοήκασιν.

2123 4199 2186 4251 Οί
2215 4195 2273 4250 δὲ
2303 4191 2670 4261 ἁπλούστερόν
2711 4206 2904 4258 φασιν,
2938 4188 3010 4251 ώς
3045 4185 3169 4240 οὔτε
3198 4189 3225 4239 6
3279 4185 3490 4246 δίκαιος
3518 4179 3612 4249 τὴν
3635 4175 3702 4226 δι-

2124 4287 2415 4357 καιοσύνην
2447 4287 2726 4354 πράττων,
2779 4280 2903 4334 οῦτε
2931 4281 2960 4332 ό
2991 4280 3224 4350 σώφρων
3239 4278 3338 4348 τὴν
3358 4269 3702 4345 σωφροσύνην

2126 4356 2410 4439 ἐπιτελῶν,
2436 4376 2498 4428 οὐ
2533 4373 2636 4444 μὴν
2665 4372 2780 4427 ἀλλ’
2811 4373 2919 4425 οὐδ’
2941 4371 3097 4434 ἀλλος
3127 4369 3462 4438 παρώνυμος
3485 4363 3590 4415 ἀπὸ
3611 4356 3704 4420 τῇς

2125 4470 2327 4541 ἀρετῆς
2359 4469 2416 4522 ὲν
2441 4461 2487 4535 ᾧ
2513 4464 2718 4536 ταύτην
2742 4464 2886 4517 τελεῖ
2901 4463 2993 4516 καὶ
3009 4462 3426 4530 διαπράττεται,
3448 4452 3701 4541 οὕμενοζδν

2127 4536 2226 4615 ούκ
2259 4536 2324 4614 άν
2354 4576 2487 4612 ποτε
2506 4557 2604 4612 καὶ⁸
2627 4557 2726 4626 τῆς
2754 4552 3028 4626 ἁμαρτίας
3063 4551 3325 4622 ὑπάρξειε
3355 4550 3419 4618 δη
3430 4536 3703 4636 money“:

2210 4653 2371 4706 ’Λλλά
2403 4650 2567 4704 τοῦτο
2603 4649 2702 4718 μὲν
2729 4649 2776 4700 εἰ
2798 4646 2892 4700 καί
2916 4661 3057 4699 τισιν
3077 4643 3315 4714 εἴρηται,
3346 4638 3408 4692 οὗ
3441 4651 3533 4707 μοι
3565 4631 3701 4718 δοκεῖ

2127 4746 2222 4799 τοῦ
2247 4743 2414 4814 ὕψους
2439 4742 2537 4810 τῆς
2567 4737 2930 4807 ἀποστολικῆς
2958 4732 3267 4803 ἐφικεῖσθαι
3291 4729 3528 4786 διανοίας
3546 4739 3559 4752 ·
3589 4713 3702 4771 οὐδὲ

439 4830 701 4900 attigisse.
733 4829 851 4884 Non
869 4830 1013 4886 enim
1039 4829 1294 4890 callidum
1319 4827 1578 4894 estscire,
1608 4825 1703 4882 sed
1735 4839 1910 4895 neque
1927 4824 2017 4877 do-

2132 4840 2243 4911 γὰρ
2266 4838 2428 4907 σοφὸν
2451 4836 2674 4897 εἰδέναι,
2705 4830 2821 4885 ἀλλ’
2853 4829 2974 4883 οὐδὲ
3000 4827 3295 4889 διδάσκειν,
3351 4824 3428 4886 ώς
3461 4822 3488 4873 6
3507 4815 3703 4916 δίκαιος

438 4940 564 4979 cere
588 4923 802 4998 justum
828 4925 976 4994 juste
1014 4931 1266 4994 agentem
1322 4939 1433 4978 non
1467 4921 1794 4992 injustitiam
1827 4919 2017 4974 admit-

2129 4904 2534 5000 i'txetonpayd'r:
2555 4925 2654 4978 οὐκ
2670 4924 2863 4984 ἀδικεῖ,
2891 4919 3008 4974 ἀλλ’
3027 4917 3150 4971 οὐδὲ
3175 4919 3202 4970 6
3222 4915 3454 4984 σώφρων
3467 4909 3565 4961 οὐκ
3582 4904 3702 5000 ἀκο-

442 5029 577 5082 tere,
629 5034 808 5088 neque
851 5019 1154 5089 sapientem
1201 5019 1631 5088 intemperanter
1685 5029 1795 5070 non
1838 5013 2022 5067 vivere

362 5095 372 5106 ’
440 5113 570 5167 dum
607 5112 770 5182 sapit.
803 5112 992 5169 Melius
1037 5112 1177 5168 forte
1228 5122 1375 5168 esset
1397 5121 1452 5166 et
1482 5111 1588 5164 hoc
1616 5109 1779 5164 modo
1814 5104 2022 5162 intelli-

441 5218 569 5276 gere
608 5220 732 5260 eum
763 5207 858 5276 qui
903 5222 970 5262 ex
1000 5207 1109 5263 Deo
1139 5217 1304 5261 natus
1331 5213 1416 5260 est
1446 5213 1500 5258 et
1531 5217 1718 5258 semen
1749 5200 1942 5270 ejusin
1964 5213 2024 5254 se

440 5298 561 5368 ipso
589 5301 859 5369 concepit,
897 5318 1090 5372 nempe
1118 5301 1377 5356 virtutem
1407 5299 1595 5368 (omne
1627 5295 1772 5349 enim
1814 5292 2022 5367 donum

440 5389 740 5460 perfectum
775 5392 1063 5450 desursum
1091 5403 1197 5459 est,
1233 5390 1572 5448 descendens
1600 5404 1628 5443 a
1662 5386 1823 5440 Patre
1861 5385 2025 5438 lumi-

443 5485 617 5556 num),
641 5493 696 5541 et
727 5486 997 5557 perfectus
1052 5499 1136 5544 est
1176 5488 1231 5542 in
1266 5501 1353 5548 ea,
1381 5484 1457 5538 ita
1495 5491 1556 5536 ut
1595 5480 1649 5534 in
1680 5479 1826 5533 illius
1865 5477 2024 5531 habi-

440 5582 556 5628 tum
619 5592 753 5646 pure
801 5580 1099 5645 transierit,
1141 5595 1250 5634 non
1304 5577 1512 5631 habens
1555 5572 1661 5628 sibi
1726 5569 2024 5624 admistum

443 5665 571 5722 mali
599 5685 806 5738 semen,
833 5687 982 5739 eum,
1025 5675 1270 5742 inquam,
1299 5686 1408 5726 non
1441 5682 1602 5739 posse
1631 5674 1914 5737 peccatum
1945 5661 2024 5716 fa-

443 5771 566 5827 cere
589 5776 606 5830 ς
629 5761 680 5816 id
707 5772 812 5828 est,
850 5779 954 5820 non
987 5765 1185 5829 habere
1209 5763 1544 5820 voluntatem
1579 5761 1643 5816 ad
1695 5757 2024 5828 cupiditates

2126 4991 2406 5077 laetatus;
2433 4991 2497 5071 iv
2521 5017 2600 5088 τῷ
2641 5015 2975 5085 σωφρονεῖν*
3013 5011 3236 5078 ἄμεινον
3275 5007 3334 5059 δὲ
3370 5005 3436 5059 ἂν
3471 5002 3596 5059 ἴσως
3622 4991 3700 5088 εἶθ

2129 5117 2351 5170 κάκεῖνο
2380 5081 2714 5173 συνιδεῖν,ώς
2737 5081 3193 5174 νό-γεγεννημένος
3226 5102 3290 5152 ἐκ
3316 5097 3411 5151 τοῦ
3447 5089 3578 5145 Θεοῦ
3613 5081 3700 5137 καὶ

2128 5209 2190 5260 τὸ
2217 5205 2440 5274 σπέρμα
2473 5201 2642 5254 αὐτοῦ
2677 5200 2733 5251 ἐν
2763 5195 2943 5266 ἐαυτῷ
2977 5191 3258 5247 συλλαὸὼν
3281 5192 3402 5263 ἦτοι
3435 5186 3532 5256 τὴν
3589 5180 3702 5246 ἀρε·

2129 5301 2227 5370 τὴν
2289 5299 2419 5370 (πᾶν
2466 5295 2576 5365 γὰρ
2620 5291 2854 5363 δώρημα
2913 5291 3118 5342 τέλειον
3151 5285 3360 5339 ἄνωθέν
3401 5284 3510 5334 ἐστι
3544 5283 3699 5370 κατεξ-

2129 5359 2314 5447 6άῖνον
2341 5389 2450 5450 ἀπὸ
2478 5386 2572 5440 τοῦ
2605 5382 2818 5453 Harpe;
2848 5375 2958 5433 τῶν
3020 5378 3238 5447 φώτων)
3287 5376 3381 5429 καὶ
3409 5359 3724 5453 τελειωθεὶς,

2128 5485 2188 5536 ὲν
2221 5483 2358 5551 αὐτῇ
2389 5480 2464 5540 ώς
2498 5478 2592 5531 καὶ
2622 5474 2825 5544 ταύτης
2848 5471 3103 5539 καθαρῶς
3127 5471 3206 5533 εἰς
3239 5469 3352 5533 ἓξιν
3379 5464 3583 5520 ἐλάσαι,
3631 5447 3698 5551 μὴ

2128 5575 2269 5644 ἔχων
2296 5569 2736 5642 ἐπιμιγνυμένην
2765 5564 2946 5635 ἐαυτῷ
2981 5563 3072 5615 τοῦ
3107 5559 3278 5614 κακοῦ
3309 5561 3407 5629 τὴν
3431 5540 3695 5644 σποράνῖὁ

2129 5664 2369 5726 τοιοῦτος
2394 5663 2454 5715 ού
2480 5660 2704 5714 δύναται
2738 5659 2914 5709 ποιεῖν
2945 5655 3220 5726 ἁμαρτίαν
3241 5670 3255 5684 ο
3292 5645 3696 5735 τουτέστιν,

2131 5757 2241 5824 ἔχει
2275 5757 2374 5824 τὴν
2409 5754 2637 5824 γνώμην
2699 5749 2972 5823 ῥέπουσαν
3038 5747 3176 5817 πρὸς
3230 5743 3295 5800 τὰ
3343 5739 3516 5822 πάθη.
3583 5717 3693 5779 ουδὲ
