3976 6222
188 288 300 354 113

1113 293 1212 352 ΑΒ
1237 291 1830 356 AMPHILOCHIUM
1860 293 2209 368 QUIESTIO
2247 299 2414 373 VIII,
2457 300 2560 359 IX.

3386 304 3482 368 114

185 410 340 480 πρὸς
373 410 557 464 ἐκεῖνα
577 411 669 463 τὸν
703 408 827 463 νοῦν
851 409 1333 480 ἐπιστρεφόμενον.
1362 410 1571 483 Ὥσπερ
1601 411 1712 484 γὰρ
1743 413 1772 483 ἡ

1885 421 2231 484 serpentem,
2290 430 2466 485 neque
2524 424 2758 470 mentem
2838 419 2905 472 ad
2959 419 3080 474 illas
3142 433 3483 476 conversam.

183 497 481 561 ἀδίδακτος
512 497 676 569 φύσις
709 499 929 570 ἰσχυρὸν
958 499 1025 553 τά
1065 501 1216 570 παρὰ
1249 499 1411 570 φύσιν
1442 503 1784 574 ἀποστρέφε-

183 590 345 651 σθαι,
380 589 556 652 οὕτως
580 592 614 660 ἡ
647 590 715 643 ὲκ
747 590 1100 654 διδασκαλίας
1141 590 1227 643 διὰ
1259 591 1360 661 τῆς
1407 591 1516 644 τῶν
1559 593 1784 661 ἀγαθῶν

183 681 454 753 πράξεως
474 683 786 754 γυμνασίας
810 684 1168 754 ὲπιγινομένη
1201 683 1315 751 ἕξις
1349 684 1596 754 μεγάλην
1645 687 1785 756 λαμ-

181 776 350 830 ϐάνει
372 776 473 848 τὴν
507 776 663 846 ἰσχὺν
688 778 767 838 εἰς
791 775 854 828 τὸ
882 777 1020 847 πρὸς
1049 777 1215 847 μηδὲν
1244 776 1354 829 τῶν
1376 777 1596 846 φαύλων
1627 780 1784 851 ἑπιρ-

184 866 378 937 ρεπῶς
409 867 560 936 ἔχειν
591 867 686 921 καὶ
723 867 935 931 τούτοις
965 869 1264 939 ἐφήδεσθαι
1287 885 1301 900 ο
1332 868 1448 922 ἀλλ’
1481 871 1513 938 ή
1557 869 1659 940 μὲν
1684 869 1781 924 τοῦ

183 958 362 1028 ῥητοῦ
386 959 515 1012 καθ’
547 960 748 1031 ἑαυτὴν
788 960 978 1030 σκέψις
1005 961 1230 1032 τοιαύτη
1256 978 1342 1025 τις
1369 961 1434 1016 ἂν
1461 962 1570 1033 εἴη.
1628 963 1785 1016 Ἐπι-

179 1057 373 1112 λύοιτο
397 1058 445 1111 δ’
472 1058 542 1112 ἂν
567 1059 661 1112 καὶ
695 1059 729 1130 ἡ
763 1059 904 1113 κατὰ
923 1057 1245 1129 συμπλοκὴν
1274 1059 1386 1114 τῶν
1423 1060 1604 1132 ῥητῶν
1645 1079 1783 1130 προ-

177 1149 423 1222 κειμένη
439 1150 645 1222 ἀπορία
659 1152 811 1204 ούδὲν
827 1150 1046 1204 ἔλαττον
1075 1154 1169 1205 καὶ
1185 1152 1252 1206 δι’
1284 1153 1404 1218 ἑνὸς
1421 1154 1656 1208 ἑκάστου
1673 1154 1783 1210 τῶν

176 1243 510 1313 εἰρημένων
530 1258 544 1272 ο
588 1243 741 1296 οὐδὲν
773 1243 884 1315 γάρ
913 1244 1120 1314 ἄπορον
1147 1243 1273 1297 οὔτε
1307 1245 1398 1299 τὸν
1431 1244 1626 1316 ἔχοντα
1655 1248 1785 1311 τοὺς

176 1333 606 1404 σπερματικοὺς
625 1334 814 1400 λογοὺς
837 1335 893 1386 ὲν
913 1333 1090 1403 ἑαυτῷ
1119 1333 1535 1403 βλαστάνοντας,
1555 1337 1661 1388 εἴτε
1674 1334 1783 1388 τῶν

172 1425 402 1492 ἀρετῶν
434 1426 648 1494 εἴησαν,
676 1423 785 1478 εἴτε
800 1424 900 1495 τῆς
924 1425 1206 1488 εὐσεϐείας
1229 1426 1285 1478 al
1315 1425 1634 1489 καταϐολαὶ,
1662 1425 1783 1479 τότε

177 1515 286 1587 μὲν
312 1516 587 1587 μηδαμῶς
605 1515 961 1586 ἀποδέχεσθαι
981 1515 1076 1586 τὴν
1087 1517 1391 1587 ἐπισπορὰν
1401 1516 1494 1569 τοῦ
1509 1515 1745 1587 πονηροῦ
1765 1535 1779 1548 ·

174 1609 413 1676 ἐπειδὰν
425 1609 482 1662 δὲ
494 1608 588 1661 τοῦ
603 1608 775 1662 κακοῦ
793 1606 995 1677 βλαστή
1004 1624 1170 1678 ματος
1181 1606 1379 1680 ἔρημοι
1395 1607 1778 1676 καταστῶμεν,

172 1701 303 1754 τότε
328 1701 473 1770 πρὸς
495 1699 595 1770 τὴν
628 1699 736 1754 τῶν
752 1698 1005 1764 ζιζανίων
1043 1699 1318 1770 ὑποδοχὴν
1354 1715 1784 1770 παρασκευασα-

180 1794 385 1861 μένους
421 1793 656 1864 opacam
682 1810 695 1822 ·
727 1793 840 1847 ἀλλ’
862 1794 983 1846 οὐδὲ
1006 1791 1097 1845 τὸν
1127 1794 1434 1863 πράττοντα
1458 1791 1555 1862 τὴν
1569 1791 1772 1862 ἀρετὴν

1892 505 2366 572 Quemadmodum
2393 508 2538 562 enim
2596 509 2813 564 indocta
2855 519 3048 566 natura
3099 513 3363 567 violenter
3416 529 3480 568 ea

1885 615 2009 670 qua:
2034 616 2196 670 supra
2222 611 2473 656 naturam
2505 613 2634 657 sunt
2669 613 2976 671 aversatur,
3005 606 3077 658 ita
3106 606 3197 658 ille
3242 622 3310 661 ex
3383 608 3484 662 do-

1889 692 2068 746 ctrina
2097 708 2194 762 per
2224 693 2491 748 bonarum
2534 695 2808 750 actionum
2843 697 3157 752 exercitium
3193 698 3483 752 lactusha-

1887 783 2033 839 bitus
2084 785 2195 838 vim
2245 800 2499 853 magnam
2538 787 2734 856 accipit
2774 797 2834 842 ut
2878 791 3045 845 nullis
3089 790 3252 844 malis
3299 800 3482 858 serpat

1886 887 1980 931 aut
2008 877 2173 932 nullis
2210 878 2528 932 delectetur.
2575 880 2647 934 Ea
2695 882 2915 952 quidem
2951 890 3097 937 esset
3141 881 3308 949 hujus
3346 882 3479 936 dicti

1889 967 1942 1020 in
1971 983 2030 1022 se
2056 968 2425 1040 investigatio.
2460 970 2778 1027 Solveretur
2808 983 2862 1028 et
2893 973 3182 1029 difﬁcultas
3206 973 3261 1027 in
3289 973 3484 1028 verbo-

1885 1072 2003 1112 rum
2029 1060 2370 1115 eonnexione
2412 1063 2514 1117 sita
2545 1078 2655 1117 non
2687 1065 2870 1120 minus
2903 1079 2996 1133 per
3049 1066 3484 1136 unumquodque

1885 1149 2179 1206 dictorum.
2219 1150 2342 1207 Non
2371 1155 2515 1208 enim
2572 1155 2799 1210 dubium
2831 1166 2915 1211 est
2942 1157 3071 1229 quin
3098 1158 3144 1213 is
3170 1159 3263 1228 qui
3317 1157 3484 1212 semi-

1883 1242 2027 1295 nalia
2056 1244 2220 1298 verba
2250 1244 2412 1299 habet
2434 1245 2488 1299 in
2513 1261 2572 1301 se
2599 1247 2717 1316 ipso
2745 1249 3128 1318 germinantia,
3161 1250 3274 1303 sive
3301 1249 3480 1303 virtu-

1888 1341 1998 1386 tum
2035 1332 2165 1396 sint,
2187 1334 2302 1388 sive
2336 1335 2556 1404 pietatis
2593 1337 2739 1404 jacta
2778 1338 3010 1404 semina,
3063 1340 3286 1393 minime
3336 1339 3388 1392 in
3423 1354 3481 1393 se

1885 1425 2008 1478 mali
2043 1423 2310 1479 sationem
2344 1425 2632 1493 admittat;
2679 1444 2801 1483 cum
2841 1439 3022 1483 autem
3056 1430 3202 1483 malo
3238 1430 3482 1499 germine

1886 1518 2039 1570 vacui
2100 1526 2330 1582 stamus,
2389 1526 2519 1573 tunc
2567 1520 2622 1573 in
2669 1520 3004 1576 zizaniorum
3049 1521 3479 1590 acceptatiouem

1883 1607 2229 1678 aceingentes
2258 1625 2360 1666 nos
2404 1611 2708 1678 videamur,
2741 1614 2834 1667 sed
2869 1629 3042 1683 neque
3073 1628 3197 1667 eum
3241 1614 3332 1683 qui
3369 1614 3480 1666 vir-

1885 1704 2054 1750 tutem
2113 1698 2268 1767 agit,
2315 1699 2578 1755 adversus
2641 1700 2864 1768 malum,
2922 1693 3251 1755 inefﬁcacem
3315 1716 3476 1767 esse;

1881 1803 2005 1843 eum
2035 1799 2218 1844 autem
2261 1791 2356 1861 qui
2387 1791 2646 1861 pulchros
2689 1803 2851 1847 actus
2923 1793 3145 1864 negligit
3171 1793 3240 1848 ad
3293 1793 3479 1863 pejora

180 1885 409 1939 ἐπειδὰν
431 1885 640 1953 ταύτην
663 1886 970 1959 εἰλικρινῶς
983 1885 1223 1957 πράττῃ,
1241 1885 1398 1938 ἀνενὲ
1408 1901 1606 1955 ργητον
1627 1883 1772 1937 αὐτόι

1895 1877 2120 1944 deferri,
2157 1896 2316 1936 nemo
2347 1884 2544 1952 estqui
2587 1882 2878 1952 disceptant.

179 1977 324 2050 πρὸς
337 1977 438 2049 τὴν
449 1977 649 2031 κακίαν
661 1972 800 2031 εἶναι
813 1992 828 2006 ⁸
844 1976 1196 2047 ἀμελήσαντα
1211 1976 1267 2030 δὲ
1287 1976 1396 2029 τῶν
1413 1975 1590 2029 καλῶν
1618 1974 1793 2046 ἔργων
1820 1970 1956 2040 πρὸς
1971 1971 2040 2025 τὰ
2069 1973 2290 2045 χείρονα
2304 1975 2714 2044 κατενεχθῆναι,
2732 1974 2908 2039 οὐδεὶς
2925 1973 2990 2028 ἂν
3005 1975 3092 2027 δια
3099 1974 3476 2048 μφισϐητήσῃ.

246 2069 462 2140 Δυθείη
522 2070 622 2139 μὲν
675 2068 741 2123 ἂν
769 2069 959 2141 ὥσπερ
997 2071 1210 2142 εἴρηται
1261 2069 1352 2124 διὰ
1379 2069 1586 2123 τούτων
1610 2069 1706 2122 καὶ
1730 2069 1764 2139 ἡ

169 2161 419 2216 δοκοῦσα
449 2162 573 2214 κατ’
600 2162 774 2232 ἀρχὰς
791 2162 901 2215 τῶν
934 2162 1112 2233 ῥητῶν
1132 2161 1527 2231 ἐναντιολογίαο
1560 2163 1770 2216 οἰκειω-

165 2253 313 2324 τὲρα
349 2253 412 2306 δὲ
446 2255 544 2306 καὶ
589 2253 866 2318 ἰδιάζουσα
901 2253 1056 2316 λύσις
1071 2253 1157 2324 εἴη
1205 2255 1273 2308 ἂν
1299 2253 1437 2325 αὐτῇ
1495 2270 1769 2324 προσαγο-

170 2347 317 2416 μένη
351 2345 604 2416 τοιαύτη.
642 2346 829 2409 Διττός
866 2348 1014 2399 ἐστιν
1054 2347 1082 2398 6
1130 2347 1228 2416 τῆς
1251 2345 1460 2401 ἄνωθεν
1496 2344 1769 2410 υἱοθεσίας

169 2439 416 2510 τρόπος·
471 2442 500 2492 6
526 2439 628 2509 μὲν
657 2440 722 2492 ἐκ
750 2438 919 2509 μόνης
953 2440 1054 2508 τῆς
1105 2439 1420 2509 φιλοτιμίας
1464 2439 1560 2492 τοῦ
1591 2437 1769 2492 υἱοθε-

169 2529 409 2593 τοῦντος
435 2530 905 2600 ἐπιδεικνύμενος,
939 2532 967 2583 6
995 2529 1052 2584 δὲ
1100 2529 1238 2599 μετά
1277 2530 1640 2598 συνεισφορᾶς
1671 2529 1768 2599 τῆς

167 2623 460 2694 ἡμετέρας
479 2625 736 2692 σπουδῆς,
751 2623 872 2676 καθ’
897 2624 962 2694 ἣν
978 2624 1011 2692 ἡ
1025 2621 1132 2674 τῶν
1153 2623 1363 2690 ἀρετῶν
1385 2621 1768 2690 συνεισάγεται

170 2716 418 2785 ἐργασία
443 2731 456 2744 ·
501 2716 594 2768 καὶ
616 2717 648 2784 ἡ
671 2715 886 2768 δοθεῖσα
912 2716 1011 2784 τῆς
1044 2712 1320 2776 υἱοθεσίας
1354 2712 1564 2766 ἄνωθεν
1605 2712 1766 2782 χάρις

170 2811 238 2877 τῇ
264 2808 378 2862 ἀπὸ
405 2809 510 2879 τῆς
536 2809 762 2878 γνώμης
789 2805 1120 2860 συνελθοῦσα
1158 2804 1269 2858 τῶν
1297 2806 1510 2876 ἀρετῶν
1543 2802 1766 2874 πράξει,

170 2903 293 2955 ὅλον
323 2902 644 2971 ἀναμορφοί
669 2899 759 2952 τὸν
788 2897 1200 2969 υἱοθετούμενον
1219 2897 1355 2970 πρὸς
1379 2896 1479 2968 τὴν
1507 2897 1767 2966 ὁμοίωσιν

173 2995 270 3047 καὶ
302 2993 398 3045 τὸν
427 2990 780 3062 χαρακτῆρα,
809 2989 930 3042 καθ’
961 2991 1085 3043 ὅσον
1112 2990 1259 3042 ἐστὶν
1293 2988 1568 3060 ἀνθρώπῳ
1591 2987 1766 3058 μιμή-

179 3084 375 3138 σασθαι
405 3082 634 3137 δυνατὸν
672 3083 764 3134 τὸν
795 3081 1164 3151 γεγεννηκότα
1216 3079 1372 3134 Θεὸν.
1447 3078 1636 3141 Οὕτως
1669 3079 1769 3150 μὲν

175 3173 318 3230 οὗνό
373 3176 519 3230 κατὰ
562 3175 752 3230 τοῦτον
784 3175 876 3228 τὸν
914 3173 1117 3244 τρόπον
1177 3172 1527 3244 χρηματίσας
1581 3173 1768 3225 τέκνον

120 3313 126 3318 .
171 3269 334 3332 Θεοῦ,
358 3271 454 3322 καὶ
472 3267 616 3321 οῦτω
647 3267 870 3337 βεϐαίαν
909 3266 1004 3320 καὶ
1032 3265 1434 3336 ἀμετακίνητον
1460 3263 1558 3335 τὴν
1591 3264 1769 3317 υἱοθε-

1951 2066 2056 2124 Per
2116 2067 2232 2121 haec
2264 2067 2484 2138 quidem
2521 2067 2842 2132 solveretur,
2887 2077 2948 2122 ut
2987 2067 3190 2123 dictum
3227 2077 3347 2131 est,
3385 2069 3477 2122 illa

1869 2161 2048 2234 primo
2092 2159 2294 2214 intuitu
2344 2173 2612 2228 apparens
2661 2159 2971 2228 oppositio;
3020 2158 3194 2228 magis
3257 2160 3476 2227 propria

1869 2267 2002 2307 vero
2054 2261 2108 2306 et
2152 2252 2612 2307 accommodatior
2667 2263 2811 2308 esset
2869 2253 2944 2307 illi
3011 2254 3227 2307 admota
3273 2253 3476 2308 solutio

1871 2343 2016 2398 talis.
2057 2343 2257 2413 Duplex
2283 2354 2367 2398 est
2399 2343 2560 2410 hujus
2607 2343 2885 2400 ﬁliatiouis
2917 2345 3109 2400 modus
3143 2368 3154 2400 ;
3182 2361 3325 2400 unus
3351 2345 3476 2414 qui-

1869 2437 1991 2492 dem
2035 2451 2099 2490 ea
2126 2435 2244 2490 sola
2289 2435 2601 2504 adoptantis
2621 2436 2908 2506 largitione
2936 2451 3000 2492 ac
3020 2437 3201 2492 studio
3250 2438 3477 2492 demon-

1869 2536 2114 2593 stratus;
2149 2527 2288 2581 alter
2321 2541 2472 2592 vero,
2504 2527 2763 2596 adjuncto
2789 2529 3010 2598 proprio
3057 2541 3244 2590 nostro
3269 2528 3472 2593 studio,

1866 2619 1921 2673 vi
1953 2619 2112 2689 cujus
2147 2619 2514 2674 introducitur
2542 2619 2807 2674 virtutum
2849 2621 3127 2690 operatio;
3155 2630 3206 2676 ct
3233 2621 3359 2675 data
3383 2618 3479 2676 su‘

1868 2728 2052 2783 perna:
2102 2712 2380 2766 liliationis
2433 2712 2608 2781 gratia
2665 2728 2789 2766 cum
2839 2713 3147 2766 voluntaria
3204 2714 3470 2767 virtutum

1867 2806 2023 2876 praxi
2055 2807 2416 2868 conveniens,
2446 2815 2618 2859 totum
2653 2805 3012 2860 transformat
3040 2806 3210 2859 tilium
3255 2805 3477 2876 adopta-

1874 2912 1992 2968 tum
2022 2897 2089 2950 ad
2120 2895 2534 2950 similitudinem
2567 2905 2622 2950 et
2654 2896 3050 2961 characterem,
3078 2909 3344 2966 quantum
3376 2898 3466 2951 ho-

1868 2987 2004 3042 mini
2060 2988 2186 3043 licet
2235 2987 2440 3043 intueri
2475 3002 2598 3042 eum
2648 2987 2742 3057 qui
2782 2987 2966 3056 genuit
2997 2986 3189 3041 Deum.
3231 2987 3322 3042 Sic
3353 2988 3477 3056 qui-

1868 3081 1988 3135 dem
2027 3080 2115 3133 ille
2154 3079 2249 3150 qui
2299 3095 2359 3134 se
2416 3079 2519 3134 hoc
2575 3078 2741 3134 modo
2783 3079 2952 3133 ﬁlium
2996 3078 3088 3133 Dei
3132 3080 3270 3151 gerit
3317 3091 3478 3148 atque

1871 3182 1944 3235 ita
1999 3172 2233 3228 solidam
2279 3180 2333 3226 et
2377 3172 2776 3226 immutabilem
2821 3172 3167 3240 adoptionem
3214 3171 3475 3241 possidet.

1868 3265 2256 3320 inconcussam
2291 3264 2488 3333 accipit
2525 3263 2897 3318 habitudinem
2947 3263 3073 3317 boni
3109 3271 3162 3316 et
3189 3278 3218 3316 a
3255 3272 3479 3333 peccato

172 3362 297 3415 σίαν
327 3361 698 3431 κτησάμενος,
727 3359 1085 3414 ἀναλλοίωτον
1109 3356 1375 3428 λαμϐάνει
1401 3356 1498 3427 τὴν
1525 3353 1637 3420 ἕξιν
1665 3354 1760 3407 τοῦ

1882 3355 2146 3419 abhorret,
2173 3371 2273 3410 nec
2301 3354 2436 3409 illud
2473 3357 2592 3409 vult
2632 3370 2855 3425 quoquo
2907 3357 3072 3410 modo
3138 3354 3335 3409 facere.
3373 3354 3478 3422 Qui

170 3454 369 3518 καλοῦ,
387 3454 483 3507 καὶ
513 3455 664 3522 μισεῖ
688 3453 785 3523 τὴν
813 3453 1088 3522 ἁμαρτίαν
1105 3451 1200 3504 καὶ
1222 3449 1653 3520 ἀποστρέφεται,
1679 3447 1774 3500 καὶ

168 3547 273 3598 οὐκ
300 3545 479 3598 ὲθέλει
505 3544 716 3613 ταύτην
755 3543 964 3613 οὐδαμῆ
997 3543 1193 3596 ποιεῖν.
1239 3543 1298 3594 ’0
1329 3540 1428 3611 μὲν
1478 3538 1560 3593 τοί
1588 3555 1651 3607 γε
1672 3539 1775 3606 τῆς

168 3635 519 3704 Δεσποτικῆς
543 3633 856 3697 ἀπολαύσας
893 3632 1228 3702 φιλοτιμίας,
1260 3629 1428 3701 μηδὲν
1449 3629 1507 3682 δὲ
1522 3628 1774 3699 τηλικοῦο

167 3748 264 3784 τον
295 3726 733 3794 συνεισενεγκὼν
754 3725 828 3789 ὡς
881 3724 1109 3795 βεϐαίαν
1144 3723 1244 3794 τὴν
1271 3721 1547 3776 υἱοθεσίαν
1573 3720 1769 3785 δεῖξαι,

170 3825 266 3876 καὶ
297 3822 497 3875 ἑαυτὸν
528 3819 678 3884 ἄξιον
710 3819 917 3887 ταύτης
940 3817 1027 3871 διὰ
1049 3816 1158 3869 τῶν
1190 3815 1369 3886 ἔργων
1387 3812 1762 3882 παραστῆσαι,

172 3910 331 3978 οὗτος
367 3914 436 3984 δὴ
466 3906 624 3972 οὗτος
656 3911 762 3965 κᾶν
795 3913 894 3982 τῆς
925 3909 1205 3972 υἱοθεσίας
1248 3907 1466 3977 ἔτυχεν,
1487 3905 1556 3976 ἣν
1583 3906 1616 3976 ἡ
1668 3906 1765 3963 Δε-

171 4007 413 4078 σποτικὴ
467 4003 754 4076 χαρίζεται
821 4002 1129 4074 φιλοτιμία,
1197 4000 1276 4072 τῷ
1329 3998 1537 4069 ταύτην
1591 3995 1770 4066 οἰκεία

170 4101 368 4171 γνώμη
415 4101 512 4153 καὶ
544 4099 746 4170 σπουδῇ
781 4098 854 4169 μὴ
888 4098 1232 4169 συγκροτεῖν,
1266 4092 1510 4164 εὐχερῶς
1541 4090 1770 4162 φέρεται

170 4193 313 4261 πρὸς
345 4193 445 4252 τὰς
470 4191 582 4243 τῶν
633 4191 1051 4261 ἁμαρτημάτων
1107 4187 1335 4258 πράξεις
1367 4201 1380 4214 '
1412 4186 1473 4238 τὸ
1525 4185 1623 4255 μὲν
1658 4182 1767 4237 ἀπὸ

168 4285 269 4352 τῆς
295 4283 525 4353 χάριτος
547 4281 699 4335 δοθὲν
730 4282 973 4350 σπέρμα,
1010 4275 1121 4333 οἷον
1137 4277 1572 4350 ἁτελεσφόρητον
1593 4293 1766 4329 κατα-

168 4373 349 4426 λιπὼν
367 4415 383 4440 ,
419 4373 481 4426 τὸ
504 4372 561 4425 δὲ
603 4373 711 4424 ἀπὸ
737 4371 834 4425 τοῦ
863 4370 1102 4442 πονηροῦ
1129 4369 1457 4440 ὲπισπαρὲν,
1509 4367 1768 4436 τελεσφο-

1877 3458 2060 3503 tamen
2097 3449 2186 3503 illa
2211 3447 2426 3502 Domini
2456 3448 2744 3518 largitione
2771 3447 2967 3503 fruitus
3015 3457 3099 3503 est
3137 3463 3313 3517 neque
3345 3447 3480 3501 satis

1873 3541 2084 3594 curavit
2129 3548 2186 3594 ut
2219 3540 2448 3595 solidam
2508 3539 2852 3608 adoptionem
2881 3541 3192 3594 ostenderet
3217 3548 3270 3594 et
3300 3554 3357 3592 se
3379 3539 3481 3593 hac

1869 3648 1991 3688 esse
2027 3632 2252 3704 dignum
2277 3632 2535 3703 operibus
2569 3632 2900 3697 ostenderet,
2955 3632 3046 3686 ille
3086 3646 3237 3697 sane,
3299 3646 3476 3700 quau-

1871 3739 2036 3794 quam
2062 3725 2409 3794 adoptionem
2439 3725 2664 3779 sortitus
2705 3733 2790 3780 est
2813 3739 2978 3794 quam
3006 3723 3221 3778 Domini
3251 3723 3481 3793 largitur
3577 3746 3584 3756 ο

1872 3815 2107 3878 aﬂ'ectio,
2140 3817 2268 3886 quia
2305 3833 2413 3870 non
2447 3832 2568 3871 eam
2626 3817 2841 3888 propria
2885 3817 3165 3872 voluntate
3198 3825 3252 3870 et
3285 3816 3482 3870 ardore

1873 3904 2179 3969 confirmat,
2223 3905 2287 3958 ad
2325 3916 2672 3974 peccatorum
2717 3915 2872 3962 actus
2910 3906 3072 3962 facile
3138 3906 3330 3961 fertur.
3381 3906 3480 3959 lllo

1872 3996 2116 4065 quidem,
2148 3996 2292 4066 quod
2324 3999 2499 4068 gratia
2531 3999 2716 4052 datum
2767 4007 2870 4062 est,
2911 3998 3119 4052 semine
3161 3995 3477 4066 im‘perfecto

1874 4087 2085 4153 relicto,
2116 4090 2259 4158 quod
2322 4105 2351 4143 a
2397 4091 2541 4145 malo
2587 4091 2912 4145 seminatum
2947 4100 3029 4144 est
3069 4089 3286 4159 propria
3318 4087 3480 4141 indo-

1871 4177 2039 4234 lentia
2089 4180 2369 4250 perﬁcitur
2414 4191 2467 4237 et
2499 4183 2731 4247 colitur;
2789 4182 2933 4251 quod
2979 4182 3033 4234 in
3085 4198 3143 4236 se
3191 4179 3478 4234 conferens

1864 4273 2054 4340 homo,
2116 4275 2311 4328 merito
2355 4291 2462 4328 non
2503 4285 2589 4329 est
2649 4275 2793 4329 [ilius
2836 4273 2952 4339 Dei,
3011 4272 3106 4326 sed
3176 4273 3321 4326 [ilius
3345 4272 3476 4326 dia-

1867 4365 1999 4419 boli.

172 4466 443 4537 ρούμενόν
506 4481 567 4518 τε
625 4465 720 4519 καὶ
765 4464 1181 4535 γεωργούμενον
1224 4463 1400 4533 οἰκείᾳ
1442 4461 1720 4534 ῥᾳθυμία·
1764 4459 1900 4529 ὅπερ
1942 4463 2035 4516 καὶ
2086 4463 2397 4534 περιφέρων
2421 4465 2477 4514 ὲν
2503 4459 2701 4529 ἑαυτῷ.
2728 4461 2952 4524 εἰκότως
2990 4461 3110 4514 ἀντὶ
3157 4457 3252 4512 τοῦ
3283 4457 3474 4510 τέκνον

168 4559 312 4615 εἶναι
341 4561 501 4627 Θεοῦ,
533 4557 722 4613 τέκνον
746 4559 1076 4631 χρηματίζει
1105 4559 1200 4613 τοῦ
1247 4558 1516 4612 διαϐόλου.

747 4675 1084 4729 ΕΡΩΤΗΣΙΣ
1115 4673 1194 4729 Θ’.

171 4769 305 4834 Πῶς
328 4769 440 4823 τοῦ
457 4768 824 4836 θεοπὰτορος
846 4766 1027 4821 Δαϐίὸ
1055 4770 1354 4832 εἰπόντος,
1377 4785 1396 4817 ι
1423 4767 1764 4830 Ἀνθρωπος

234 4840 379 4894 ὡσεί
413 4841 630 4906 χόρτος
649 4842 707 4891 al
734 4837 1183 4905 ἡμέραι.αὐτοῦ,
1210 4857 1228 4888 ι
1253 4839 1347 4888 καὶ
1386 4837 1532 4905 ἑξῆς,
1561 4839 1592 4906 _d
1630 4837 1766 4888 τού-

242 4929 348 4965 του
377 4904 516 4973 παῖς
545 4904 1272 4976 Σολομὼν-ἀποφαίνεται,
1297 4927 1315 4959 ι
1341 4904 1501 4976 Μέγα
1534 4904 1761 4973 ἄνθρω-

239 4997 354 5046 πος
395 4980 495 5033 καὶ
521 4981 718 5047 τίμιον
733 4979 917 5046 ἀνήρς
951 4998 969 5029 ι

2443 4662 2773 4731 ρωΕδΤιο
2813 4661 2906 4717 Ix.

1873 4759 2151 4826 Quomodo
2232 4755 2437 4810 Davide
2518 4755 2614 4808 Dei
2654 4765 2829 4826 ipatre
2881 4754 3111 4826 ﬁdiceute
3147 4768 3166 4806 :
3212 4771 3238 4826 _¢
3299 4750 3474 4826 Homo

1945 4841 2198 4899 tanquam
2249 4830 2426 4899 fenum
2458 4826 2572 4899 dies
2602 4822 2748 4899 ejus,
2791 4845 2808 4876 ι
2869 4824 3124 4899 Salomon
3172 4824 3285 4892 ejus
3316 4822 3475 4899 ﬁlius

1939 4892 2174 4954 decl'arat
2208 4892 2276 4951 ;ἰ
2319 4897 2410 4949 Est
2446 4896 2648 4965 aliquid
2686 4911 2934 4964 mag'tum
2972 4896 3148 4957 homo,
3189 4905 3237 4946 et
3271 4892 3474 4962 aliquid

1939 4974 2132 5024 honore
2161 4969 2379 5038 dignum
2405 4969 2485 5020 vir
2507 4968 2537 5025 ?.
2562 4988 2578 5017 ι

236 5095 376 5146 Edita
408 5109 436 5145 a
468 5093 616 5154 Maio,
639 5093 674 5142 ι.
698 5107 725 5142 c
751 5130 764 5153 ,
786 5107 835 5154 p.
859 5093 963 5141 8-9.
991 5093 1248 5152 Quomodo
1268 5091 1472 5142 Davidis
1492 5091 1640 5140 verba
1666 5090 1798 5138 Psal.
1825 5086 2018 5199 ξιιόιὶ-ι,
2049 5086 2123 5144 15,
2163 5098 2274 5133 cum
2298 5083 2580 5133 Salomonis
2612 5085 2778 5144 ell'ato,
2803 5084 2952 5132 Prov.
2980 5097 3065 5143 xx,
3089 5081 3120 5129 6
3146 5082 3305 5144 (juxta
3326 5077 3468 5142 LXX)

1634 5166 1748 5199 (10!“
1762 5165 1823 5198 Cll
1849 5166 1874 5198 ει
1943 5186 1953 5194 .

1634 5166 1748 5200 (ξοην
1762 5165 1953 5199 (ειιιειιιι.

245 5241 355 5311 Τὴν
382 5240 492 5294 τῶν
514 5238 612 5292 ἀνθ
625 5238 822 5309 ρώπων
849 5237 1013 5306 φύσιν
1039 5239 1116 5301 ὡς
1137 5237 1207 5291 τὰ
1240 5236 1409 5290 πολλὰ
1445 5237 1540 5290 καὶ
1568 5240 1595 5290 6
1627 5236 1770 5298 θεῖος

181 5333 339 5388 Δαϐὶδ
385 5330 812 5396 κατευτελίζων,
837 5332 932 5384 καὶ
969 5334 996 5383 ὁ
1031 5331 1194 5399 σοφὸς
1248 5329 1564 5400 μεγαλύνων
1613 5328 1771 5381 Σολο-

186 5425 314 5496 μὼν,
354 5425 456 5478 οὐκ
507 5423 762 5476 ἐναντίαν
797 5423 1050 5493 ἀλλήλοις
1123 5422 1511 5490 ἀντεισάγουσι
1579 5419 1768 5483 δόξαν

182 5519 235 5572 ού
269 5519 376 5590 γὰρ
405 5511 558 5572 οὗτοι
577 5517 736 5586 μόνον
754 5515 1013 5578 τοιαύτας
1055 5514 1362 5580 ἀποφάσεις
1401 5513 1534 5583 περὶ
1561 5511 1653 5563 τοῦ
1678 5513 1774 5563 άν-

181 5612 446 5682 υρωπείου
482 5608 680 5677 γένους
715 5608 1019 5671 ποιοῦνται,
1053 5607 1190 5658 ἀλλὰ
1230 5609 1324 5659 καὶ
1364 5602 1632 5673 πολλαχοῦ
1670 5601 1768 5669 τῆς

177 5704 319 5769 θείας
362 5700 604 5774 Γραφῆς
636 5698 912 5769 εὑρήσεις,
952 5698 1112 5752 τοῦτο
1163 5697 1262 5766 μὲν
1295 5696 1618 5764 ἐπαίρονται
1671 5692 1768 5762 τὴν

1958 5233 2262 5287 Humanam
2302 5241 2555 5285 naturam
2624 5231 2943 5299 plerumque
2995 5237 3050 5282 et
3113 5226 3331 5281 divinus
3367 5225 3472 5278 Da-

1879 5329 1963 5382 vid
2002 5324 2151 5396 parvi
2183 5321 2390 5376 faciens
2445 5331 2500 5376 et
2533 5323 2750 5392 sapiens
2799 5321 3058 5374 Salomon
3113 5317 3469 5388 magnificans

1882 5435 1989 5474 non
2023 5416 2304 5486 oppositas
2343 5415 2482 5468 inter
2513 5429 2572 5468 se
2595 5413 2896 5466 sententias
2946 5409 3322 5464 introducunt.
3345 5405 3464 5458 Non

1880 5511 2023 5563 enim
2057 5509 2131 5562 illi
2157 5505 2502 5562 solummodo
2523 5505 2590 5557 de
2617 5506 2856 5558 humano
2883 5516 3079 5573 genere
3115 5501 3242 5553 talia
3279 5496 3464 5549 decla-

1877 5610 2022 5666 rant,
2053 5602 2145 5655 scd
2184 5599 2315 5654 etin
2364 5597 2642 5667 plerisque
2674 5610 2844 5649 sacrae
2870 5593 3169 5661 Scriptura:
3216 5588 3347 5642 locis
3380 5585 3465 5640 iu-

1876 5695 2061 5748 vcnics
2106 5707 2228 5748 eam
2269 5689 2605 5745 attollentem
2664 5685 2887 5756 quidem
2911 5691 3152 5738 nostram
3185 5686 3460 5747 naturam,
