3912 6218
497 245 602 308 illi

1652 237 1911 299 PHOTII
1949 237 2461 299 PATRIARCHIE
2490 237 2600 299 CP.
3617 252 3692 316 illi

494 368 691 411 rursus
722 359 902 406 autem
929 365 1050 406 eam
1083 347 1500 420 vilipendentem
1536 358 1588 400 et
1633 348 2030 418 deprimentem
2055 365 2075 412 ;

2196 348 2454 417 ῇμετέραν
2481 349 2663 416 φύσιν,
2697 349 2854 403 τοῦτο
2880 349 2937 404 δὲ
2977 351 3136 405 πάλιν
3167 355 3614 418 κατευτελίζουσαν
3627 370 3696 420 καὶ

496 458 598 498 nec
631 451 840 496 tantum
867 439 1175 509 Scriptura,
1210 439 1306 496 sed
1337 449 1393 493 et
1417 439 1729 508 quicunque
1760 443 2074 493 nostrorum

495 545 810 591 sanctorum
842 531 1066 586 Patrum
1101 546 1287 586 veram
1334 531 1656 600 sapientiam
1686 529 1811 584 inde
1854 527 2078 599 mystice

494 629 641 684 docti
684 636 835 692 sunt,
883 627 1126 681 diversas
1169 624 1469 680 sententias
1511 625 1576 678 de
1611 624 1853 676 humano
1878 635 2078 690 genere

497 727 824 782 statuentes,
849 734 956 773 nou
990 733 1056 773 ea
1085 717 1482 772 sententiarum
1501 714 1803 770 dill'erentia
1833 713 2080 767 rebellio-

498 829 624 868 nem
649 820 745 866 aut
771 826 1008 882 pugnam
1055 811 1107 864 in
1142 823 1201 865 se
1228 811 1376 879 ipsos
1407 819 1460 862 et
1490 808 1542 860 in
1587 806 1724 860 alios
1775 804 2081 859 concitasse

498 905 773 970 videntur,
815 906 907 958 sed
950 900 1300 958 cnncordiam
1344 909 1399 954 et
1425 906 1750 954 concentum
1799 905 2080 951 servantes

499 1001 868 1072 reperiuntur.
891 996 1174 1064 Quomodo
1203 1004 1385 1049 autem
1415 1007 1507 1046 eas
1536 989 1846 1045 differentes
1861 999 2082 1043 senten-

503 1096 607 1150 tias
642 1094 790 1148 nulla
814 1094 869 1148 in
902 1093 1182 1145 veritatem
1206 1105 1381 1159 pugna
1399 1082 2080 1154 autoppositiosequatur,

503 1189 631 1240 hinc
660 1184 820 1240 facile
853 1191 936 1238 est
964 1182 1283 1249 intelligere.
1315 1179 1594 1248 Duplicem
1633 1177 2083 1231 constitutionem

504 1281 667 1334 habet
696 1281 880 1342 homo,
911 1287 963 1330 et
986 1275 1257 1343 duplicem
1285 1272 1419 1326 vixit
1445 1272 1638 1335 vitam,
1673 1285 1835 1324 unam
1860 1269 2081 1339 quidem

505 1383 632 1426 ante
667 1369 1168 1440 praevaricationem
1201 1377 1256 1420 et
1289 1366 1519 1420 alteram
1556 1370 1678 1434 post
1723 1363 2081 1418 violationem

501 1463 656 1533 legis.
709 1462 837 1530 Ejus
878 1471 1058 1514 autem
1099 1459 1417 1514 constitutio
1463 1473 1530 1512 ex
1583 1471 1687 1510 una
1717 1465 1871 1526 parte
1912 1457 2087 1510 lutum

501 1569 555 1612 et
583 1558 720 1613 cinis
747 1566 850 1622 est,
875 1572 942 1611 ex
969 1557 1138 1610 altera
1167 1571 1293 1610 vero
1308 1556 1732 1624 omnipotentem
1761 1564 2008 1608 naturam
2035 1563 2088 1610 et

502 1650 571 1704 iis
599 1650 852 1703 omnibus
879 1665 1001 1719 quae
1029 1658 1156 1702 sunt
1205 1647 1567 1716 imperantem
1611 1647 1878 1701 imitatur.
1917 1645 2083 1713 Quae-

500 1757 719 1811 cunque
740 1743 903 1812 igitur
917 1740 1192 1794 hominem
1217 1740 1472 1794 attollunt
1491 1752 1545 1793 et
1571 1755 1787 1794 sursum
1811 1749 2080 1805 statuunt,

503 1835 589 1889 vel
617 1834 666 1887 ei
692 1834 833 1887 datae
881 1833 1164 1901 dignitatis
1203 1832 1632 1902 magnitudinem
1673 1833 1956 1898 exhibent,
2002 1833 2087 1889 vel

503 1926 718 1980 beatam
778 1935 832 1979 et
873 1924 1086 1980 felicem
1128 1935 1254 1980 ante
1306 1926 1816 1995 praevaricationem
1873 1929 2084 1994 vitam;

505 2033 846 2090 quaecunque
867 2028 1046 2074 autem
1082 2021 1232 2073 illum
1257 2021 1559 2090 depretiant
1581 2031 1634 2077 et
1662 2023 1992 2092 deprimunt,
2022 2041 2089 2078 ex

508 2130 615 2167 uua
652 2124 807 2183 parte
837 2116 982 2169 mala
1016 2127 1140 2183 post
1175 2116 1669 2186 transgressionem
1692 2119 1876 2186 gravia
1901 2127 2088 2174 osten-

506 2206 664 2270 dunt,
690 2221 755 2260 ex
783 2207 951 2261 altera
985 2222 1116 2262 vero
1146 2208 1296 2262 illum
1325 2224 1448 2263 esse
1485 2210 1764 2277 pulverem
1805 2211 1940 2264 etin
1982 2219 2091 2264 ter-

506 2315 626 2353 ram
666 2300 916 2364 dissolvi,
960 2301 1247 2357 manifeste
1289 2303 1687 2359 demonstrant.
1732 2303 1837 2359 Sed
1870 2306 1985 2360 huic
2015 2305 2092 2358 di-

510 2393 688 2445 cimus
719 2402 976 2460 tanquani
1014 2394 1187 2460 prima
1221 2403 1276 2448 et
1298 2395 1636 2450 dominantia
1669 2397 1940 2465 principia
1998 2397 2093 2451 de-

511 2484 835 2538 scrihentcs.
873 2485 950 2538 Ex
972 2485 1058 2539 his
1091 2497 1273 2540 autem
1313 2487 1480 2540 multa
1514 2497 1568 2542 et
1601 2487 1706 2542 alia
1740 2497 2040 2542 nasciinlur
2075 2505 2090 2541 :

511 2578 923 2632 conterminum
971 2589 1054 2632 est
1085 2580 1230 2632 enim
1257 2580 1532 2649 quomodo
1572 2580 1735 2634 homo
1766 2594 1891 2634 cum
1918 2578 2094 2633 factus

509 2670 581 2722 sit
605 2679 660 2722 et
699 2671 890 2738 possit,
922 2672 964 2725 si
1002 2671 1148 2737 velit,
1182 2672 1320 2728 deus
1349 2673 1513 2736 eftici,
1545 2689 1644 2728 nec
1675 2673 1872 2727 habeat
1907 2688 2096 2727 neces-

509 2763 748 2828 sitatem,
789 2764 832 2818 si
883 2764 1044 2829 velit,
1094 2765 1158 2818 ad
1205 2765 1391 2836 pejora
1446 2765 1595 2819 illum
1638 2765 1894 2834 impetum
1935 2765 2096 2819 attol-

509 2855 708 2910 lentem
746 2866 974 2922 vertere,
1010 2857 1158 2912 mille
1202 2857 1390 2913 laudes
1425 2859 1673 2913 obtinere
1728 2859 1926 2928 dignus
1985 2858 2094 2922 sit;

508 2949 744 3004 stolidus
814 2960 994 3005 autem
1036 2960 1092 3005 et
1130 2953 1347 3014 brutus,
1382 2966 1447 3005 ne
1487 2952 1664 3005 dicam
1723 2952 2095 3020 improborum

507 3042 900 3098 daemoniorum
924 3045 1134 3099 malitia:
1149 3059 1376 3101 consors
1397 3045 1644 3112 effectus,
1667 3048 1812 3102 mille
1836 3047 2096 3117 subjicia-
2124 3081 2166 3136 ο

507 3143 600 3187 tur
667 3137 1213 3203 exprobrationibus;
1279 3148 1334 3192 et
1391 3149 1518 3192 ante
1562 3140 1675 3193 hinc
1735 3140 1919 3194 omnia
1971 3143 2094 3196 vitae

510 3227 878 3295 voluptatibus
901 3245 965 3284 ac
985 3230 1196 3286 deliciis
1231 3244 1464 3287 mentem
1501 3249 1786 3301 exercens,
1819 3237 2094 3291 sexcentis

509 3317 754 3385 quotidie
777 3319 1252 3376 circumfundatur
1267 3322 1446 3388 malis,
1477 3327 1563 3377 vix
1590 3324 1890 3394 aliquando
1918 3327 2047 3382 illud
2077 3347 2090 3382 :

509 3406 735 3464 Vanitas
772 3413 1069 3467 vanitatum
1101 3422 1156 3468 et
1183 3416 1365 3468 omnia
1384 3415 1650 3470 vanitas"o
1679 3417 1865 3472 valens
1895 3419 2096 3473 intelli-

510 3517 660 3572 gere.
687 3498 755 3556 Se
777 3511 956 3555 autem
989 3503 1197 3556 ratione
1221 3519 1249 3556 a
1281 3505 1480 3557 mundo
1497 3520 1788 3575 segregans
1813 3516 1864 3560 et
1882 3507 1950 3559 ab
1981 3522 2098 3561 om-

512 3595 676 3649 nibus
714 3611 835 3661 quae
864 3597 916 3647 in
959 3597 1162 3649 mundo
1211 3597 1574 3651 circumstant
1626 3597 1806 3666 nugis,
1856 3599 2096 3651 maxima

513 3685 715 3740 fruitur
763 3687 1061 3755 voluptate,
1114 3698 1166 3742 et
1214 3699 1504 3757 antequam
1547 3687 1728 3742 futura
1773 3689 1912 3742 bona
1946 3706 2098 3743 asse-

512 3789 733 3846 quatur,
778 3784 1036 3846 tauquam
1066 3779 1300 3852 imagine
1339 3790 1394 3833 et
1430 3780 1692 3848 praeludio
1725 3780 1870 3835 illius
1915 3781 2100 3835 multa:

513 3870 788 3922 felicitatis
821 3871 1073 3939 praesenti
1125 3881 1370 3941 tempore
1411 3871 1633 3925 fruitur.
1698 3871 1882 3941 Neque
1937 3873 2099 3942 igitur

515 3975 667 4032 pater
713 3963 823 4016 lilio
863 3963 1207 4028 adversatur,
1259 3974 1434 4034 pater,
1476 3965 1722 4033 inquam,
1769 3964 1936 4019 David
2008 3982 2100 4020 sa-

517 4056 682 4125 pienti
715 4057 1018 4118 Salomoni,
1058 4055 1187 4112 dum
1229 4058 1366 4111 alter
1411 4057 1618 4123 laudat,
1653 4059 1787 4113 alter
1838 4074 1966 4112 vero
2005 4059 2102 4113 (lc-

518 4149 704 4216 pritnit
753 4148 1052 4215 hominem,
1091 4165 1268 4219 neque
1313 4149 1498 4203 divina
1535 4149 1818 4220 Scriptura
1853 4152 1958 4206 sibi
1996 4152 2100 4220 ipsi

519 4246 741 4308 pugnat,
771 4238 865 4292 sed
892 4255 1064 4308 neque
1093 4237 1316 4292 Patrum
1351 4250 1668 4293 nastrorum
1727 4240 1947 4294 divinus
1967 4242 2103 4294 clio-

517 4346 615 4386 rus
667 4347 814 4385 nunc
845 4331 1062 4400 quidem
1099 4332 1392 4385 humanam
1421 4342 1672 4386 naturam
1707 4333 2100 4397 deilicantium,

2176 439 2330 493 κάτω
2337 476 2355 504 ί
2373 439 2615 493 τιθεῖσαν
2635 457 2648 470 ·
2667 441 2728 494 οὐ
2764 442 2925 511 μόνον
2950 442 3008 494 δὲ
3038 443 3172 498 ἀλλὰ
3203 447 3296 499 καὶ
3332 447 3438 500 ὅσοι
3475 451 3568 503 τῶν
3594 456 3697 522 ﬁas-

2175 530 2349 600 τέρων
2390 531 2551 603 ίερῶν
2575 532 2830 603 Πατέρων
2863 534 3073 587 ἐκεῖθεν
3104 536 3204 607 τὴν
3232 537 3478 610 ἀληθινὴν
3505 544 3700 611 ἐμυστι-

2175 625 2509 696 γωγήθησαν
2547 627 2759 695 σοφίαν,
2783 629 2877 680 καὶ
2896 623 3338 701 οὗτοιδιαφόρους
3352 632 3498 698 δόξας
3527 635 3703 704 θέμενοι

2177 717 2307 788 περὶ
2384 719 2446 770 τὸ
2516 718 2876 790 ἀνθρώπινον,
2941 721 3040 774 οὐκ
3093 721 3152 773 ὲν
3210 721 3288 792 τῷ
3335 725 3562 796 διαφόρῳ
3619 729 3705 781 τῶν

2177 807 2546 878 ψηφισμάτων
2583 810 2772 863 στάσιν
2804 811 2837 881 ἢ
2880 811 3061 882 μάχην
3105 814 3242 884 πρὸς
3267 815 3485 878 ἑαυτοὺς
3528 818 3558 888 ἢ
3597 822 3706 890 πρὸς

2180 901 2443 972 ἀλλήλους
2470 902 2751 970 φαίνονται
2796 905 3317 972 ουνεισενεγκόντες,
3356 906 3465 959 ἀλλ’
3498 910 3709 978 ὁμόνοιάν

2180 1011 2240 1046 τε
2270 995 2364 1047 καὶ
2397 995 2716 1064 συμφωνίαν
2742 996 2974 1066 ὁρῶνται
3003 997 3486 1068 διαπεπραγμένοι.
3535 1003 3639 1064 Πῶς
3667 1005 3711 1055 ἑὲ

2181 1085 2416 1157 διάφορα
2442 1087 2898 1157 ἀποφαινομένων
2925 1089 3150 1155 οὐδεμία
3184 1091 3333 1159 μάχη
3366 1091 3398 1161 ἢ
3441 1093 3712 1151 ἐναντίωσις

2184 1179 2322 1250 πρὸς
2354 1179 2454 1250 τὴν
2483 1180 2741 1250 ἀλήθειαν
2764 1179 3144 1246 ἐπακολουθεῖ,
3170 1181 3415 1235 ἐντεῦθεν
3465 1182 3599 1234 ἔστιν
3639 1186 3714 1254 (lci.

2183 1271 2296 1324 διον
2363 1269 2570 1324 λαϐεῖν.
2620 1271 2822 1341 Διπλῆν
2877 1270 2974 1341 τὴν
3019 1273 3367 1342 κατασκευὴν
3411 1275 3437 1325 6
3475 1273 3715 1344 ἄνθρωπος

2185 1362 2320 1433 ἔχει,
2356 1363 2450 1416 καὶ
2484 1362 2708 1416 διπλοῦν
2751 1363 3136 1416 ἐπολιτεύσατο
3176 1363 3325 1434 βίον·
3361 1364 3448 1416 τὸν
3503 1365 3590 1435 μὲν
3635 1367 3718 1434 πρὸ

2186 1457 2286 1525 τῆς
2321 1455 2706 1526 παραϐάσεως,
2748 1455 2840 1509 τὸν
2867 1457 2923 1510 δὲ
2959 1458 3098 1526 μετὰ
3128 1458 3229 1528 τὴν
3255 1455 3505 1528 ἀθέτησιν
3540 1458 3626 1528 τῆς
3649 1459 3718 1509 ὲν.-

2187 1547 2346 1616 τολῆς
2369 1563 2383 1576 ·
2411 1549 2444 1616 ἡ
2477 1547 2533 1599 δὲ
2567 1547 2900 1618 κατασκευὴ,
2924 1548 2984 1601 τὸ
3011 1549 3110 1618 μὲν
3142 1548 3305 1603 αὑτοῦ
3333 1549 3496 1619 πηλός
3525 1551 3722 1611 ἐστικαὶ

2189 1643 2358 1704 κόνις,
2389 1641 2454 1694 τὸ
2507 1641 2564 1694 δὲ
2608 1642 2710 1710 τὴν
2741 1642 3255 1712 παντοκρατορικὴν
3309 1643 3404 1694 καὶ
3433 1642 3720 1710 δεσποτικὴν

2185 1734 2292 1786 τῶν
2307 1734 2476 1787 ὄντων
2499 1733 2752 1786 ἁπάντων
2773 1733 3084 1799 ἐξεικονίζει
3105 1733 3266 1804 φύσιν
3289 1752 3303 1765 ο
3328 1736 3423 1788 ὅσα
3437 1730 3522 1787 οὖν
3546 1734 3724 1802 ἐπαίρει

2184 1824 2276 1878 τὸν
2302 1825 2591 1894 ἄνθρωπον
2625 1825 2717 1876 καὶ
2745 1825 2858 1878 άνω
2882 1825 3113 1895 ἵστησιν,
3139 1824 3173 1896 ἢ
3205 1825 3300 1878 τοῦ
3329 1825 3564 1886 δοθέντος
3603 1824 3723 1891 αὐτῷ

2186 1916 2500 1986 ἀξιώματος
2553 1917 2614 1968 τὸ
2655 1915 2886 1986 μέγεθος
2925 1917 3286 1985 ὐπεμφαίνει,
3324 1915 3357 1986 ἢ
3388 1916 3476 1969 τὸν
3514 1915 3610 1985 πρὸ
3649 1915 3728 1982 τῆς

2187 2009 2556 2078 παραϐάσεως
2577 2007 2848 2079 μακάριον
2865 2008 2960 2060 καὶ
2988 2008 3282 2078 εὐδαίμονα
3302 2007 3411 2076 βίον
3429 2023 3443 2036 ·
3473 2007 3568 2060 ὅσα
3585 2005 3634 2058 δὲ
3657 2005 3729 2056 εὑ-

2188 2101 2388 2166 τελίζει
2416 2100 2510 2154 καὶ
2534 2101 2684 2154 κάτω
2705 2099 2909 2170 τίθησι,
2945 2099 3106 2152 τοῦτο
3136 2100 3238 2170 μὲν
3268 2101 3335 2152 τὰ
3362 2099 3496 2169 μετὰ
3528 2098 3618 2165 τὴν
3640 2113 3728 2150 πα-

2195 2192 2424 2263 ράϐασιν
2447 2191 2663 2261 τίθησιν
2700 2191 2948 2258 ἀλγεινὰ,
2987 2190 3143 2244 τοῦτο
3172 2191 3231 2244 δὲ
3257 2192 3352 2244 καὶ
3378 2192 3458 2244 ὅτι
3487 2189 3603 2260 χοῦς
3637 2189 3730 2240 ἐστι

2191 2287 2286 2337 καὶ
2315 2285 2395 2347 είς
2415 2287 2518 2354 γῆν
2550 2283 2789 2350 ἀναλύει,
2813 2283 3142 2354 παρίστησιν
3168 2281 3378 2351 σαφῶς.
3423 2280 3578 2333 Ἀλλὰ
3590 2279 3734 2332 ταῦτα

2191 2393 2372 2445 φαμεν
2406 2377 2570 2428 οἱονεὶ
2599 2375 2701 2439 τὰς
2751 2375 2976 2445 πρώτας
3009 2376 3105 2427 καὶ
3133 2374 3476 2444 κυριωτάτας
3527 2370 3734 2440 ἀναγρά-

2193 2482 2384 2535 φοντες
2412 2465 2611 2537 ἀρχάς.
2650 2466 2746 2520 Ἐκ
2769 2465 2827 2518 δὲ
2850 2467 3056 2520 τούτων
3071 2466 3242 2518 πολλὰ
3273 2466 3367 2519 καὶ
3389 2463 3519 2518 ἄλλα
3539 2462 3733 2532 φύεται·

2197 2554 2448 2624 μεθόριον
2475 2553 2582 2625 γάρ
2603 2554 2792 2624 ῶσπερ
2816 2557 2844 2608 6
2867 2554 3150 2626 ἄνθρωπος
3171 2553 3412 2624 γεγονὼς
3435 2553 3524 2606 καὶ
3549 2552 3740 2620 δυνάμι·

2194 2665 2283 2711 νος
2324 2647 2483 2717 εἴπερ
2515 2646 2756 2716 βούλοιτο
2783 2647 3074 2718 θεωθῆναι,
3124 2647 3224 2700 οὐκ
3273 2646 3411 2716 ἔχων
3438 2646 3493 2698 δὲ
3531 2645 3743 2711 ἀνάγκην

2195 2741 2259 2794 ἄν
2280 2756 2385 2812 περ
2408 2738 2651 2808 βούλοιτο
2679 2737 2815 2808 πρὸς
2843 2736 2912 2790 τὰ
2939 2737 3106 2807 χείρω
3141 2736 3309 2808 ῥέψαι
3350 2735 3744 2790 ἀναστέλλουσαν

2195 2835 2293 2904 τὴν
2326 2832 2520 2904 ὁρμὴν,
2553 2831 2844 2901 θεούμενος
2876 2832 2974 2902 μὲν
2995 2832 3102 2884 τῶν
3122 2831 3336 2902 μυρίων
3359 2830 3588 2884 ἐπαίνων
3619 2825 3746 2894 ἄξιός

2198 2926 2315 2977 ἐστι
2348 2924 2660 2994 τυγχάνειν,
2701 2923 3168 2994 άποθηριούμενος
3181 2924 3237 2976 δὲ
3265 2925 3359 2976 καὶ
3381 2921 3645 2994 κτηνώδης
3671 2935 3746 2988 γε·

2199 3019 2443 3089 νόμενος,
2504 3018 2591 3072 ἵνα
2638 3016 2712 3088 μὴ
2771 3016 2918 3084 λέγω
2967 3019 3033 3087 τῇ
3065 3016 3176 3070 τῶν
3227 3016 3487 3087 πονηρῶν
3512 3012 3748 3084 δαιμόνων

2199 3109 2691 3181 παραμιλλῶμενος
2720 3109 2908 3180 κακίᾳ,
2935 3109 3150 3180 μυρίοις
3172 3110 3536 3165 ὑποϐάλλεται
3553 3108 3748 3178 ’ψόγοις

2197 3205 2293 3258 καὶ
2331 3203 2436 3274 πρό
2452 3219 2518 3271 γε
2551 3201 2743 3255 τούτου
2769 3205 2898 3273 περὶ
2953 3203 3022 3254 τὰ
3079 3203 3138 3255 ὲν
3168 3203 3244 3272 τῷ
3289 3204 3388 3274 βίῳ
3431 3201 3628 3274 τερπνὰ
3672 3200 3751 3252 καὶ

2197 3298 2328 3368 ἡδέα
2359 3297 2450 3350 τὸν
2474 3295 2597 3350 νοῦν
2623 3295 2886 3367 ὲνησχολη
2897 3295 3079 3366 μένος,
3134 3297 3359 3366 μυρίοις
3394 3295 3516 3350 καθ’
3545 3296 3754 3363 ἑκάστην

2198 3387 2595 3458 περιαντλεῖται
2629 3389 2816 3450 κακοῖς
2841 3404 2854 3417 ·
2891 3387 3042 3455 μόλις
3076 3387 3208 3439 ποτὲ
3225 3388 3288 3440 τὸ
3311 3387 3616 3458 ματαιότης
3669 3400 3754 3452 μα-

2195 3482 2516 3551 ταιοτήτων,
2541 3479 2608 3531 τὰ
2633 3479 2808 3532 πάντα
2836 3480 3154 3548 ματαιότης,
3185 3479 3480 3550 δυνάμενος
3521 3478 3725 3532 συνιδεῖν
3743 3491 3754 3504 ·

2199 3575 2390 3628 ἑαυτὸν
2420 3574 2478 3626 δὲ
2505 3571 2745 3643 τῷλόγῳ
2789 3573 3039 3643 χωρίζων
3069 3572 3162 3625 τοῦ
3197 3574 3430 3644 κόσμου,
3475 3573 3564 3626 καὶ
3596 3571 3693 3622 τῶν
3710 3570 3757 3620 ὲν

2199 3667 2276 3738 τῷ
2299 3667 2491 3736 κόσμῳ
2516 3666 2894 3735 περιστάσεων
2945 3666 3042 3717 καὶ
3089 3665 3424 3736 ἀδολεσχιῶν
3447 3667 3543 3735 τῆς
3573 3665 3649 3716 δτι
3674 3660 3762 3731 μά-

2199 3760 2355 3812 λιστα
2387 3757 2733 3828 εὐδαιμονίας
2760 3757 3024 3811 ἀπολαύει
3050 3779 3061 3788 ·
3103 3758 3198 3810 καὶ
3229 3760 3338 3828 πρὸ
3361 3759 3453 3810 τοῦ
3478 3758 3651 3825 τυχεῖν
3675 3751 3763 3803 τῶν

2201 3852 2410 3906 ἐκεῖθεν
2436 3851 2511 3910 ὠς
2553 3851 2611 3902 ὲν
2677 3849 2846 3902 εἰκόνι
2873 3848 2949 3919 τῷ
2998 3849 3251 3920 παρόντι,
3287 3851 3384 3904 καὶ
3423 3851 3480 3902 ὲν
3525 3845 3766 3918 προοιμίῳ

2203 3943 2404 4012 πολλῆς
2430 3943 2527 4012 τῆς
2559 3940 2962 4011 μακαριότητος
3001 3941 3270 4011 ἐντρυφᾷ·
3317 3942 3461 3996 ὥστε
3484 3939 3602 3993 οὔτε
3635 3939 3659 3988 ὁ
3682 3951 3766 3986 πα-

2200 4040 2304 4108 τὴρ
2331 4035 2408 4106 τῷ
2439 4035 2592 4087 παιδὶ
2641 4035 2895 4104 μάχεται,
2928 4035 2956 4085 ὁ
2987 4032 3298 4104 θεοπάτωρ,
3345 4035 3514 4105 φημὶ,
3537 4030 3690 4085 Δαϐἰδ
3708 4025 3769 4086 τῷ

2205 4128 2352 4198 σοφῷ
2407 4125 2731 4196 Σολομῶντι,
2765 4127 2792 4178 6
2828 4126 2926 4196 μὲν
2977 4124 3238 4192 ἐπαινῶν,
3276 4127 3305 4178 ὁ
3335 4125 3392 4178 δὲ
3416 4126 3667 4190 κατάγων
3692 4120 3769 4170 τὶν

2203 4220 2512 4289 ἄνθρωπον,
2550 4215 2673 4268 οὔτε
2696 4218 2728 4285 ἠ
2749 4215 2868 4268 θεία
2894 4217 3086 4287 Γραφὴ
3103 4217 3434 4286 διαμάχεται
3454 4217 3640 4284 ἑαυτῇ,
3665 4209 3771 4264 ἀλλ’

2203 4311 2322 4363 οὐδὲ
2354 4310 2460 4362 τῶν
2484 4309 2742 4378 Πατέρων
2761 4311 2792 4376 ή
2803 4309 2919 4378 μῶν
2949 4310 2978 4360 6
3005 4307 3146 4371 θεῖος
3174 4309 3360 4380 χορὸς,
3394 4307 3526 4362 ποτὲ
3573 4306 3668 4376 μὲν
3689 4305 3772 4370 τὴν

517 4434 663 4473 nunc
688 4430 867 4475 autem
897 4421 1048 4490 parvi
1071 4421 1444 4488 pendentium,
1470 4429 1524 4475 et
1556 4421 1621 4475 ad
1653 4422 1899 4476 ultimam
1925 4423 2092 4476 vilita«

2209 4402 2494 4474 ἀνθρώπου
2513 4401 2888 4466 ὲκθειάζοντες
2921 4401 3106 4470 φύσιν,
3144 4403 3275 4456 ποτὲ
3303 4403 3362 4454 δὲ
3393 4397 3774 4462 κατευτελίζον-

519 4521 626 4565 tem
657 4513 1035 4581 redige-utinm.
1069 4512 1131 4565 Et
1163 4515 1419 4582 sepositis
1450 4531 1572 4584 qua:
1607 4515 1752 4569 dicta
1789 4524 1938 4581 sunt,
1965 4531 2105 4584 quo-

517 4605 681 4655 modo
759 4604 1009 4672 corporis
1067 4601 1380 4657 aﬂectiones
1437 4614 1493 4657 et
1541 4604 1855 4673 quotidiana
1921 4614 2107 4658 nostra

515 4694 718 4748 damna
773 4711 879 4747 non
963 4708 1066 4747 nos
1129 4695 1541 4764 deprimerent?
1581 4696 2105 4750 Conversio'autem

517 4789 717 4841 mentis
746 4787 812 4840 ad
863 4787 1377 4854 contemplationem
1424 4797 1480 4842 et
1517 4805 1768 4858 superna:
1819 4789 2110 4858 voluptatis

518 4881 836 4950 puritatem,
886 4881 1165 4949 quomodo
1225 4893 1469 4935 nostram
1509 4883 1674 4937 vitam
1731 4899 1841 4938 non
1890 4883 2106 4939 beatam

519 4989 583 5028 ac
616 4972 826 5028 felicem
880 4977 1244 5043 praestarent?

1013 5133 1347 5236 ῼυίξίὃτιίλ
1373 5133 1439 5188 Χ.

595 5225 768 5293 Quare
818 5225 1159 5282 dwmoniaco'
1209 5229 1390 5281 morbo
1441 5237 1778 5296 wgrotautes,
1848 5230 2109 5284 limaticos

1016 5301 1336 5370 evangelista
1361 5309 1509 5352 vocat
1547 5302 1573 5354 ?

2207 4513 2300 4558 τες
2335 4497 2429 4547 καὶ
2452 4498 2531 4558 εἰς
2550 4494 2779 4564 ἔσχατον
2802 4493 3326 4561 συγκατακλείοντες
3371 4496 3748 4558 ταπεινότητος
3765 4501 3776 4514 ·

2207 4591 2303 4641 καὶ
2341 4587 2509 4657 χωρὶς
2557 4588 2614 4640 δὲ
2646 4587 2754 4639 τῶν
2794 4586 3107 4657 εἰρημένων
3138 4585 3205 4639 τὰ
3251 4587 3386 4657 περὶ
3430 4587 3489 4639 τὸ
3525 4582 3779 4653 σωμάτιον

2209 4679 2361 4746 πάθη
2396 4681 2489 4730 καὶ
2513 4679 2568 4730 αἱ
2600 4677 2970 4748 καθημεριναὶ
3000 4677 3175 4730 λῶϐαι
3229 4677 3349 4740 πῶς
3398 4677 3461 4730 οὑ
3499 4667 3782 4729 κατευτελί-

2211 4770 2365 4832 ζουσι
2391 4768 2457 4821 τὰ
2487 4769 2773 4838 mai-cepa;
2802 4770 2834 4836 ὴ
2871 4768 2928 4821 δὲ
2947 4770 3082 4838 πρὸς
3113 4768 3344 4837 θεωρίαν
3365 4771 3671 4841 ὲπιστροςξὴ
3701 4765 3782 4821 τοῦ

2216 4861 2309 4915 νοῦ
2351 4861 2446 4913 καὶ
2475 4861 2534 4912 τὸ
2559 4860 2769 4913 ἐκεῖθεν
2795 4860 2894 4930 τῆς
2921 4861 3116 4931 ἡδονῆς
3139 4861 3406 4932 καθαρὸν,
3463 4862 3584 4925 πῶς
3609 4863 3665 4914 οὐ
3690 4878 3784 4930 μα-

2219 4957 2416 5026 καρίαν
2484 4954 2640 5024 ἡμῶν
2706 4955 2799 5007 καὶ
2855 4953 3148 5024 εὐδαίμονα
3208 4955 3308 5026 τὴν
3361 4954 3639 5009 πολιτείαν
3668 4954 3787 5007 ὑπο·

2220 5048 2525 5101 δεικνύουσι
2553 5066 2566 5113 ;

2799 5139 3133 5192 ΕΡΩΤΙΙΣΙΣ
3160 5138 3221 5196 l'.

2225 5235 2284 5286 Τί
2313 5231 2388 5299 δή
2419 5247 2563 5285 ποτε
2617 5232 2758 5296 τοὺς
2817 5230 3097 5298 δαιμονίᾳ
3153 5232 3316 5297 νόσῳ
3356 5232 3789 5300 κακουμένους,

2307 5301 2854 5370 σεληνιαζομένους
2882 5305 2914 5355 o'
2933 5302 3373 5377 εὐαγηέλιστὴς
3405 5300 3672 5370 ὀνομάζει
3697 5317 3711 5361 ;

645 5418 788 5471 Edita
819 5435 846 5468 a
878 5418 1022 5480 Maio,
1055 5421 1090 5469 l.
1123 5436 1165 5472 c.
1201 5436 1249 5485 p.
1283 5420 1430 5480 9-10;
1457 5421 1729 5481 explanans
1758 5435 1846 5470 cur
1873 5423 2178 5486 evangelista
2206 5421 2402 5484 (Matth.
2427 5433 2493 5480 iv,
2521 5419 2608 5479 ιη
2632 5431 2750 5478 xvn,
2776 5417 2856 5480 14)
2881 5416 3212 5468 daemoniacos
3234 5425 3379 5467 vocet
3412 5415 3676 5466 lunaticos.

618 5529 912 5585 Lunaticos
933 5530 1264 5601 evangelista
1290 5545 1320 5584 a
1338 5531 1590 5584 dmmouc
1629 5528 1886 5583 obsessos
1938 5540 2123 5596 vocat,

527 5639 634 5681 non
681 5624 862 5678 lunam
905 5624 1208 5683 affectionis
1269 5641 1494 5682 causam
1564 5623 1874 5694 assignans,
1931 5637 2104 5690 neque

597 5737 645 5770 '°
679 5737 856 5796 Ecclc.
896 5758 932 5807 ι,
972 5741 1007 5794 2

2302 5526 2793 5598 Σεληνιαζομένους
2853 5527 2882 5578 6
2935 5523 3324 5593 εὐαγγελιστὴς
3370 5522 3502 5584 τοὺς
3551 5516 3792 5588 δαιμονία

2218 5620 2480 5689 κατόχους
2544 5615 2801 5686 ὀνομάζει
2857 5617 3017 5684 νόσῳ,
3077 5614 3195 5684 οῢχὶ
3231 5613 3329 5684 τὴν
3367 5609 3602 5681 σελήνην
3625 5605 3794 5662 αἰτίάν
