3912 6218
514 279 533 340 l
555 278 614 341 19
1660 282 1922 342 PHOTII
1961 284 2102 344 PAT

2209 283 2464 342 \RCILE
2493 283 2602 343 ΟΡ.
3678 277 3766 340 120

508 396 774 450 daemonia
800 397 1134 464 speculantia
1170 399 1312 454 lunae
1327 399 1525 470 pbases
1556 409 1685 454 tunc
1733 400 1891 454 nobis
1920 399 2103 457 acrius

2209 397 2358 449 αἴτια
2386 394 2454 448 τὰ
2484 394 2624 448 καλὰ
2682 392 2776 446 τοῦ
2833 391 2968 445 Θεοῦ
3021 390 3494 461 δημιουργήματα
3523 387 3767 443 πείσωσιν

510 485 771 540 insultent
797 496 851 541 et
892 488 945 541 in
987 503 1086 543 nos
1125 491 1465 560 tyrannidem
1497 501 1811 545 exerceant.
1839 491 2092 544 Attamen

2209 489 2460 552 inovosi’v,
2493 486 2748 541 κάκεῖθεν
2783 484 3250 555 βλασφημήσωσιν
3279 482 3377 534 τὸν
3414 481 3764 587 Δημιουργόν.

510 578 637 640 quia
671 580 838 634 multa
863 580 1002 634 dicta
1040 591 1187 647 sunt,
1227 583 1472 652 nihilque
1528 583 1632 652 piis
1687 583 1968 653 principiis
1995 582 2094 635 ad-

2209 580 2340 634 Ἀλλ’
2371 576 2524 644 οὗτος
2556 580 2655 652 μὲν
2685 581 2713 632 6
2740 579 2896 646 λόγος
2925 577 2986 629 ού
3035 575 3125 629 διά
3149 575 3202 627 τί
3227 575 3507 675 κέχρηται
3555 575 3763 678 rotati?!)

513 679 778 738 versetur,
811 673 1046 743 quisque
1083 689 1205 729 eam
1263 691 1428 745 quam
1493 675 1727 730 voluerit
1774 675 2088 745 opinionem

2209 669 2329 737 τέξει
2360 669 2390 723 6
2435 670 2578 732 θεῖος
2615 667 2909 744 ἀπόστολος
2963 665 3188 735 γνώμην
3243 664 3468 729 εἰσάγει
3493 676 3507 690 ’
3559 661 3689 714 ἀλλά
3717 667 3770 767 ,τί

515 770 794 830 sequatur.
2185 764 2385 836 δήποτε
2430 762 2790 832 ἐφεδρεύοντα
2818 761 2889 813 τὰ
2918 755 3331 854 ⁸δ‹ιιμόνιοι“ἰτῆς
3356 754 3616 854 ,σελήγης
3658 754 3770 854 τοὺς

516 853 758 923 καιροὺς,
792 855 914 906 τότε
971 853 1094 907 καθ’
1117 854 1272 924 ἡμῶν
1325 851 1679 924 σφοδρότερον
1723 850 1967 922 ἐπιπηδᾷ
1999 850 2090 904 καὶ
2125 852 2226 922 τὴν
2252 853 2541 924 τυραννίδα
2562 850 2839 924 κρατύνει.
2869 848 3016 919 Πλὴν
3049 845 3261 898 πολλῶν
3320 844 3636 915 εἰρημένων
3691 845 3771 895 καὶ

515 943 728 1006 οὐδενὸς
786 943 862 1014 τῷ
909 944 1221 998 εύσεϐοὖντι
1286 943 1690 1014 διαμαχομένου
1732 940 2015 1012 λογισμῷ,
2049 941 2108 994 τὸ
2143 941 2333 996 δοκοῦν
2359 942 2573 1012 ἑκάστῳ
2594 940 2754 994 τοῦτο
2783 937 2880 992 καὶ
2910 935 3203 1007 κρατείτω.

1080 1059 1407 1126 QUIESTIO
1432 1061 1518 1115 ΧΙ.

519 1147 698 1221 Quare
730 1166 848 1204 cum
873 1150 1110 1205 Adamus
1134 1168 1395 1220 peccasset
1422 1164 1470 1207 et
1494 1154 1676 1207 mortis
1707 1169 1909 1221 poenam
1931 1154 2109 1206 incur-

595 1220 764 1282 risset,
795 1222 1075 1293 ejus/ilius
1101 1229 1188 1292 qui
1215 1240 1316 1276 non
1335 1227 1564 1292 peccavit
1589 1220 1760 1278 tamen
1786 1235 1906 1276 ante
1934 1224 2107 1293 ipsum

593 1300 813 1342 mortem
840 1292 1094 1357 subierit;

2763 1050 3094 1108 ΕΡΩἹῊΣΙΣ
3125 1049 3228 1102 lA'.

2212 1152 2315 1206 Διά
2342 1151 2398 1204 τί
2413 1149 2520 1203 τοῦ
2560 1147 2743 1219 Ἀδὰμ
2783 1144 3197 1219 ἡμαρτηκότος
3225 1139 3331 1219 καί
3361 1139 3432 1192 τό
3471 1137 3582 1219 τοιξ
3611 1138 3768 1219 θανάτ

2280 1239 2385 1275 του
2415 1209 2746 1293 δεξαμένὸυ
2778 1209 3097 1293 sitit/my,
3144 1215 3177 1267 ό
3217 1211 3442 1264 τούτου
3471 1209 3612 1274 παῖς
3638 1209 3769 1276 μηδὲ

2283 1289 2632 1360 ἡμαρτηκὼς
2665 1289 3032 1356 προτελευτᾷ
3057 1300 3077 1348 ;

1687 1442 1828 1492 Edita
1857 1455 1885 1491 a
1917 1437 2059 1498 Maio,
2081 1439 2160 1487 loc
2199 1432 2305 1494 cit.,
2338 1447 2388 1496 p.
2421 1431 2582 1480 10-12.

597 1541 919 1598 Profundior
947 1554 1001 1600 et
1024 1549 1290 1604 excelsior
1315 1551 1383 1605 de
1423 1551 1526 1607 hac
1579 1568 1638 1608 re
1685 1569 1864 1610 sermo
1917 1552 2103 1607 forsan

525 1633 734 1702 ingredi
780 1636 1012 1692 libenter
1038 1640 1092 1693 in
1117 1640 1428 1698 divinorum
1466 1645 1795 1714 judiciorum
1845 1644 2100 1716 abyssum

526 1723 662 1786 vult,
721 1725 988 1783 humanas
1039 1734 1335 1788 sententias
1392 1750 1682 1804 superans,
1741 1736 1982 1804 exceptis
2036 1735 2103 1790 iis

525 1829 648 1882 quae
696 1816 761 1870 ad
805 1827 1049 1874 nostram
1099 1825 1463 1892 cognitionem
1507 1827 1858 1883 devenerunt.
1896 1830 2106 1898 Accipit

526 1906 747 1972 quidem
809 1909 1050 1966 Adamus
1091 1929 1246 1968 suam
1277 1932 1516 1986 pcenam,
1551 1921 1726 1974 oritur
1764 1932 1945 1976 autem
1982 1922 2101 1992 ejus

528 1998 693 2066 iilius,
739 2011 796 2054 ut
848 2003 963 2071 ipse
991 2006 1116 2060 mali
1146 2018 1335 2063 auctor
1382 2011 1500 2065 suis
1542 2013 1716 2068 oculis
1741 2015 1930 2069 mortis
1970 2030 2104 2084 pon-

527 2090 631 2145 dus
660 2099 713 2145 et
739 2093 1078 2151 aﬂlietionem
1127 2099 1365 2170 intuens,
1431 2104 1497 2157 ad
1544 2105 1951 2174 intelligentiam
1983 2106 2104 2160 cul-

528 2192 610 2246 pae
651 2182 822 2249 magis
853 2183 1103 2240 deveniat
1142 2205 1158 2253 ;
1215 2198 1274 2244 ut
1329 2201 1475 2247 metu
1516 2205 1568 2248 et
1619 2209 1821 2265 angore
1879 2211 2104 2265 pressus

529 2271 842 2338 paenitentia
885 2284 938 2329 et
973 2277 1158 2333 dolore
1179 2281 1396 2338 sceleris
1422 2285 1527 2339 sibi
1574 2287 1875 2342 molliorem
1916 2290 2105 2343 reddat

529 2372 768 2426 poenam.
797 2360 986 2418 Omnis
1021 2366 1165 2420 enim
1209 2373 1581 2434 comminatio,
1613 2375 1791 2429 omnis
1840 2377 2102 2432 intentata

529 2465 687 2518 pinna
715 2461 843 2507 tunc
876 2455 1124 2511 timidum
1164 2462 1381 2529 reddit,
1402 2479 1527 2517 cum
1559 2465 1813 2522 alicunde
1834 2469 2100 2524 malorum

528 2543 862 2606 experientia
892 2547 945 2600 in
972 2564 1187 2604 reorum
1210 2554 1455 2607 notitiam
1507 2558 1676 2611 venit.
1736 2557 1923 2629 Neque
1956 2561 2101 2615 enim

529 2634 717 2689 sinon
780 2647 1053 2694 mortuum
1103 2643 1344 2700 Adamus
1406 2648 1576 2702 lilium
1629 2651 1889 2720 novisset,
1928 2669 2104 2720 neque

527 2726 709 2780 omnia
743 2745 863 2798 quae
917 2748 1062 2787 mors
1128 2749 1313 2790 secum
1367 2737 1524 2793 aﬂ‘ert
1577 2739 1844 2797 horrenda
1893 2745 2103 2799 consci-

526 2817 714 2884 visset,
765 2837 872 2876 non
917 2823 1066 2878 illum
1163 2843 1415 2898 magnum
1463 2840 1517 2885 et
1566 2833 1766 2887 auxilio
1827 2845 2102 2890 carentem

2286 1544 2344 1598 '0
2370 1543 2468 1613 μὲν
2519 1539 2818 1612 βαρύτερος
2865 1536 2961 1590 καὶ
3010 1534 3348 1606 ὑψηλότερος
3416 1532 3549 1603 περὶ
3601 1531 3768 1585 τούτου

2211 1637 2368 1706 λόγος
2417 1634 2814 1705 ἐμφιλοχωρείν
2844 1630 2976 1693 ῐσως
3017 1630 3098 1691 εἰς
3125 1627 3223 1698 τὴν
3249 1626 3367 1678 τῶν
3399 1625 3561 1678 θείων
3590 1625 3768 1693 κριμά-

2203 1746 2312 1783 των
2365 1725 2538 1781 ἐθέλει
2588 1725 2843 1788 ἄϐυσσον,
2871 1723 2999 1785 τοὺς
3040 1718 3421 1790 ἀνθρωπίνους
3444 1717 3617 1770 λιπὼν
3645 1715 3767 1783 λογι-

2206 1823 2400 1892 σμοὺς,
2430 1819 2567 1890 πλὴν
2591 1818 2693 1871 ὅσα
2733 1816 2825 1869 καὶ
2884 1816 2964 1876 είς
2996 1811 3274 1882 ἡμετέραν
3322 1808 3533 1878 γνῶσιν
3562 1807 3766 1873 κατέϐη.

2203 1914 2484 1986 Λαμϐάνει
2512 1910 2611 1982 μὲν
2647 1909 2818 1977 Ἀδὰμ
2849 1906 2911 1959 τὸ
2957 1900 3633 1996 ἐπιτίμιον,προτελευτξίΔ
3663 1899 3712 1950 δὲ
3742 1901 3768 1996 ό

2201 2006 2392 2060 τούτου
2425 2005 2576 2065 παῖς,
2602 2002 2690 2054 ἵνα
2711 2001 2823 2062 τοῖς
2873 1997 3171 2066 ὀφθαλμοῖς
3193 1995 3220 2046 6
3253 1991 3560 2052 ὑπεύθυνος
3589 1990 3647 2042 τὸ
3685 1990 3763 2041 τοῦ

2204 2097 2434 2151 θανάτου
2465 2093 2602 2166 βαρὺ
2637 2092 2730 2145 καὶ
2762 2088 3030 2143 ἐπώδυνον
3074 2085 3352 2156 καθορῶν,
3385 2086 3466 2146 εἰς
3495 2080 3767 2148 συναίσθη-

2205 2207 2290 2243 σιν
2325 2189 2424 2258 μὲν
2461 2187 2662 2257 μᾶλλον
2704 2181 2800 2236 τοῦ
2855 2180 3250 2251 ἁμαρτήματος
3285 2177 3558 2245 καταστῇ,
3591 2176 3663 2236 εἰς
3685 2172 3765 2240 φό-

2205 2280 2296 2332 ϐον
2333 2281 2390 2333 δὲ
2453 2280 2545 2332 καὶ
2590 2276 2828 2344 ἀγωνίαν
2868 2272 3063 2342 ἐμϐὰς,
3097 2267 3439 2340 μεταμελείᾳ
3483 2266 3574 2319 καὶ
3601 2263 3766 2317 πένθει

2202 2373 2295 2426 τοῦ
2335 2370 2695 2441 τολμηθέντος
2755 2366 2927 2436 ἑαυτῷ
2988 2362 3357 2433 καταπραΰνῃ
3424 2358 3524 2430 τὴν
3567 2358 3761 2425 ποινήν

2203 2465 2298 2519 καὶ
2325 2463 2433 2534 γάρ
2458 2464 2608 2515 πᾶσα
2638 2461 2734 2531 μὲν
2761 2457 2979 2524 ἀπειλὴ,
3017 2456 3169 2508 πᾶσα
3220 2453 3282 2505 δὲ
3323 2448 3763 2516 ὲπανατεινομένη

2203 2559 2324 2628 δίκη
2348 2556 2470 2610 τότε
2491 2554 2814 2609 καθίσταται
2857 2551 3108 2623 φοϐερὸν,
3155 2547 3324 2618 ἡνίκα
3357 2545 3521 2599 ποθὲν
3551 2545 3583 2612 ἡ
3621 2545 3763 2611 πεῖρα

2201 2651 2310 2704 τῶν
2334 2649 2523 2704 δεινῶν
2569 2650 2651 2711 εἰς
2702 2645 2903 2716 γνῶσιν
2936 2643 3080 2696 ἔλθοι
3123 2640 3233 2693 τῶν
3276 2638 3627 2693 ὑπευθύνων·
3660 2633 3764 2687 οὐδὲ

2203 2743 2314 2813 γὰρ
2338 2742 2450 2795 οὐδ’
2502 2743 2549 2794 εί
2606 2740 2680 2810 μὴ
2733 2737 3033 2807 τεθνηκότα
3061 2737 3088 2788 6
3135 2732 3316 2804 Ἀδάμ
3341 2731 3460 2803 ⁴ᾔδει
3481 2729 3570 2782 τὸν
3595 2725 3759 2787 παῖδα,

2203 2834 2311 2886 οὐδ’
2331 2833 2394 2886 ἂν
2420 2831 2530 2884 οὐδ’
2556 2832 2696 2884 ὃσαό
2719 2829 2946 2889 θάνατος
2970 2823 3398 2893 συνεπιφέρεται
3429 2818 3628 2889 φρικτὰ
3655 2831 3762 2867 συν-

527 2926 775 2982 agonem,
818 2930 925 2970 non
959 2918 1161 2974 mentis
1213 2923 1602 2991 turbationem,
1635 2943 1742 2981 non
1775 2927 1893 2998 ejus
1920 2944 1950 2982 a
1977 2943 2100 2985 cor-

2209 2927 2340 2997 ῄδει,
2375 2925 2435 2978 οὐ
2462 2925 2554 2976 τὸν
2588 2923 2754 2974 πολὺν
2785 2923 2992 2973 ἐκεῖνον
3022 2917 3113 2971 καὶ
3157 2914 3468 2988 ἀϐοήθητον
3493 2914 3686 2980 ἀγῶνα,
3709 2914 3760 2998 ού

527 3019 659 3073 pore
686 3010 1103 3076 separationem,
1137 3028 1243 3068 non
1300 3032 1638 3088 quaecunque
1661 3022 1765 3074 alia
1801 3033 2101 3090 sequuntur

526 3095 943 3155 dissolutionem
983 3113 1037 3157 et
1072 3106 1542 3174 putrefactionem,
1575 3113 1911 3179 pestilentem
1969 3114 2102 3169 odo-

526 3202 661 3254 rem,
692 3199 746 3244 et
777 3193 1073 3262 pulverem,
1129 3205 1183 3251 et
1212 3201 1418 3254 saniem
1445 3211 1500 3256 et
1531 3219 1763 3262 vermes.
1803 3205 1959 3258 Videt
2000 3206 2096 3277 igi-

531 3287 618 3334 tur
659 3283 900 3340 Adamus
923 3286 977 3340 in
1005 3289 1112 3342 alio
1157 3291 1421 3361 quidquid
1470 3293 1611 3349 inest
1647 3296 1700 3350 in
1735 3299 1954 3367 propria
1982 3315 2100 3368 poe-

528 3385 598 3423 na
649 3372 890 3427 terribile
939 3385 993 3430 et
1063 3379 1445 3448 intolerabile;
1504 3385 1648 3452 quod
1684 3387 1893 3452 videns,
1929 3389 2102 3458 magis

528 3473 730 3532 quanta
766 3465 928 3523 fuerit
969 3470 1125 3540 culpa
1154 3473 1442 3545 intelligit;
1483 3486 1536 3532 et
1596 3479 1718 3533 ideo
1747 3495 1908 3534 manu
1945 3481 2103 3536 duci-

526 3563 617 3610 tur
644 3558 710 3612 ad
760 3561 1154 3629 paenitentiam,
1190 3577 1244 3620 et
1297 3565 1407 3622 ﬁlio
1466 3571 1693 3625 orbatus
1736 3572 1847 3642 jam
1907 3575 2103 3630 animae

528 3663 640 3702 sua:
688 3651 914 3707 salutem
974 3655 1252 3712 lueratur.
1312 3657 1366 3714 Si
1431 3662 1554 3732 quis
1598 3679 1727 3719 vero
1768 3682 1874 3720 non
1928 3676 2104 3722 morte

526 3743 744 3811 propria
783 3745 1196 3804 tolerabiliorem
1235 3753 1443 3808 Adamo
1508 3755 1603 3809 lilii
1638 3769 1867 3811 mortem
1900 3760 2103 3826 cogita-

526 3841 629 3896 ret,
671 3834 937 3893 inveniret
983 3841 1178 3897 multos
1239 3854 1417 3913 patres
1460 3847 1579 3901 talis
1634 3849 1974 3918 cogitationis
2021 3861 2102 3907 tc-

527 3931 656 3989 stes,
685 3925 778 3993 qui
810 3930 1082 3986 multoties
1120 3935 1412 3991 morientes
1438 3937 1539 4006 ipsi
1572 3937 1665 3992 filii
1697 3942 1778 3993 sui
1805 3940 2104 4009 saepissime

527 4018 755 4074 salutem
821 4031 1026 4078 emunt.
1079 4023 1344 4082 Praevenit
1401 4029 1564 4099 igitur
1624 4030 1890 4086 Adamum
1948 4031 2104 4100 juxta

527 4112 673 4166 hunc
701 4128 1000 4170 sermonem
1049 4127 1103 4173 et
1163 4132 1289 4175 ante
1337 4130 1591 4187 mortem,
1645 4122 1739 4176 ﬁlii
1787 4139 1946 4192 poma
2003 4122 2104 4192 ipsi

525 4203 766 4267 deﬁnita,
795 4207 1030 4272 graviori
1101 4210 1211 4264 ictu
1254 4227 1418 4280 quam
1456 4229 1601 4268 mors
1627 4224 1730 4277 est,
1765 4213 2104 4268 intoleranda

527 4309 720 4364 nempe
749 4297 966 4352 tristitia
999 4312 1328 4369 correptum.

598 4477 680 4532 Tu
708 4495 836 4534 vero
855 4481 985 4534 mibi
1007 4491 1061 4536 et
1091 4485 1306 4538 tertium
1348 4486 1450 4541 bne
1477 4486 1762 4557 diligenter
1791 4490 2095 4546 considera.
2130 4496 2174 4549 D

529 4569 662 4625 Tres
686 4573 830 4628 viros
860 4583 1006 4629 totus
1025 4578 1256 4632 mundus
1280 4589 1407 4633 tunc
1445 4581 1674 4634 habebat
1688 4581 1832 4635 cives
1859 4599 1872 4648 ;
1903 4581 2103 4637 femina

529 4668 710 4712 autem
735 4675 859 4712 cum
888 4660 1024 4728 ipsis
1048 4662 1261 4718 vivebat
1286 4667 1467 4720 unica.
1503 4666 1748 4732 Quorum
1768 4669 1856 4722 alii
1882 4670 2102 4738 quidem

528 4751 802 4820 genitores
823 4792 837 4817 ,
865 4752 954 4804 alii
979 4768 1105 4808 vero
1137 4755 1232 4810 filii
1255 4767 1410 4811 erant
1433 4760 1828 4827 generanlium.
1860 4761 2105 4818 Adamus

529 4840 744 4917 quidem
780 4857 886 4894 non
933 4843 1219 4913 subjicitur
1258 4862 1452 4914 paenae,
1505 4858 1727 4918 propter
1777 4867 1895 4905 eam
1938 4868 2102 4922 quam

528 4910 715 4984 sermo.
738 4946 958 4987 causam
992 4936 1191 4988 attulit.
1221 4936 1287 4990 Et
1314 4937 1426 4992 Eva
1447 4955 1510 4992 ex
1545 4956 1649 4993 una
1704 4954 1854 5010 parte
1887 4955 2103 5012 propter

528 5023 775 5078 eamdem
805 5041 1026 5080 causam
1057 5031 1219 5084 morti
1253 5045 1359 5084 non
1414 5033 1725 5102 subjicitur,
1766 5050 1834 5088 ex
1872 5035 1977 5089 alia
2001 5051 2104 5089 au-

529 5124 635 5166 tem
660 5126 830 5185 parte,
851 5120 974 5188 quia
1000 5137 1123 5174 cum
1156 5139 1263 5177 una
1291 5134 1435 5178 esset
1463 5123 1688 5191 femina,
1718 5126 1834 5196 ejus
1856 5128 2101 5182 absentia

529 5213 696 5260 totum
729 5224 922 5279 genus,
979 5218 1327 5282 generatione
1366 5217 1600 5279 sublata,
1639 5232 1762 5270 cum
1800 5233 1864 5272 ea
1899 5219 2102 5274 traxis-

527 5305 609 5352 set
639 5300 691 5353 in
721 5303 967 5358 exiliunt.
1007 5306 1256 5361 Attamen
1311 5321 1484 5375 neque
1533 5306 1668 5361 Cain
1693 5308 1874 5362 datam
1911 5325 1974 5364 ex
2012 5310 2099 5363 in-

527 5391 680 5448 sidiis
711 5405 935 5450 mortem
975 5399 1160 5453 subire
1185 5399 1504 5468 oportebat;
1543 5399 1694 5468 pejor
1726 5401 1943 5470 quidem
1977 5414 2097 5459 erat

527 5483 633 5548 ille,
686 5487 876 5543 melior
905 5499 1086 5544 autem
1119 5500 1237 5544 erat
1281 5491 1450 5557 Abel;
1483 5501 1536 5544 et
1565 5493 1838 5560 quomodo
1879 5505 2096 5563 poterat

527 5580 638 5636 ﬁeri
669 5591 726 5636 ut
747 5583 794 5639 is
824 5584 918 5654 qui
945 5587 1014 5640 ab
1044 5585 1190 5639 omni
1215 5585 1342 5640 dolo
1380 5595 1434 5641 et
1463 5587 1665 5642 invidia
1693 5598 1747 5643 et
1782 5590 1887 5644 alia
1911 5592 2094 5660 quali—

526 5671 618 5729 bet
667 5677 880 5744 malitia,
930 5677 1166 5732 mundus
1219 5688 1356 5745 erat,
1428 5679 1730 5737 homicidas
1777 5683 1829 5738 in
1874 5683 2093 5739 tratrem

2206 3019 2295 3072 τὸν
2321 3016 2550 3087 θόρυϐον
2595 3017 2694 3084 τῆς
2743 3012 2941 3082 ψυχῆς,
2969 3012 3030 3063 ού
3060 3010 3151 3062 τὸν
3182 3006 3456 3102 μερισμδν
3481 3003 3643 3102 αὐτῆς
3670 2997 3760 3102 ἀπὸ

2206 3106 2300 3161 τοῦ
2337 3107 2608 3178 σώματος,
2645 3105 2752 3158 οὐδ’
2801 3107 2901 3158 ὅσα
2947 3102 3082 3156 ἄλλα
3114 3099 3334 3163 ἕπεται,
3363 3098 3537 3162 λύσις,
3563 3095 3650 3149 καὶ
3677 3095 3759 3160 σῆ-

2205 3200 2319 3270 ψις,
2342 3200 2434 3252 καὶ
2455 3197 2706 3261 δυσωδία,
2728 3196 2821 3250 καὶ
2840 3193 2987 3266 χοῦς,
3011 3194 3104 3248 καὶ
3124 3191 3348 3262 ἰχῶρες,
3371 3191 3465 3243 καὶ
3487 3187 3760 3256 σκώληκες.

2223 3292 2354 3362 Ὁρᾷ
2375 3291 2554 3344 τοίνυν
2583 3292 2611 3343 6
2645 3288 2812 3358 Ἀδὰμ
2831 3291 2888 3341 ἐν
2920 3287 3092 3357 ἑτέρῳ
3119 3284 3214 3337 τοῦ
3254 3284 3390 3337 ἰδίου
3424 3279 3688 3349 ἐπιτιμίου
3711 3277 3760 3328 τὸ

2208 3381 2436 3451 φοϐερὸν
2458 3382 2550 3432 καὶ
2580 3380 2949 3432 ἀνυπόστατον
2969 3394 2982 3407 ⁸
3031 3375 3126 3429 καὶ
3147 3374 3314 3445 ὁρῶν,
3359 3373 3556 3444 μᾶλλον
3587 3368 3643 3423 τὸ
3674 3368 3758 3436 μὲ-

2207 3473 2366 3543 γεθος
2399 3471 2492 3525 τοῦ
2524 3471 2863 3542 πταίσματος
2889 3468 3309 3522 συναισθάνεται
3331 3485 3344 3497 ·
3377 3467 3473 3520 κα)⁹
3505 3464 3590 3518 διὰ
3623 3461 3760 3515 τοῦτο

2207 3567 2632 3635 χειραγωγείται
2692 3562 2828 3634 πρὸς
2875 3561 2974 3633 τὴν
3006 3560 3332 3631 μετάνοιαν·
3388 3559 3482 3612 καὶ
3512 3553 3758 3627 κερδαίνει

2207 3654 2395 3709 λοιπὸν
2434 3653 2620 3716 παιδὸς
2665 3651 2969 3724 στερηθεὶς,
3004 3652 3101 3721 τῆς
3149 3651 3348 3705 ἑαυτοῦ
3378 3650 3553 3722 ψυχῆς
3580 3647 3636 3700 τὸ
3668 3661 3758 3696 σω-

2208 3748 2416 3818 τήριον.
2443 3747 2507 3798 Εἰ
2535 3745 2591 3798 δὲ
2625 3746 2719 3799 καὶ
2748 3746 2979 3798 θανάτου
3019 3761 3105 3807 τις
3125 3742 3274 3795 οὐδὲν
3307 3741 3652 3809 ἀνεκτότερον
3674 3736 3758 3801 τὴν

2209 3837 2483 3908 ἀποϐολὴν
2511 3837 2605 3890 τοῦ
2637 3836 2824 3900 παιδὸς
2855 3835 3218 3904 ὲπιλογίσοιτο
3255 3833 3335 3905 τῷ
3384 3833 3574 3902 ’Λδὰμ,
3613 3825 3757 3894 εὑρή-

2211 3949 2293 3984 σοι
2325 3930 2554 3991 πολλοὺς
2577 3929 2822 3998 πατέρας
2848 3927 2948 3997 τῆς
2995 3927 3252 3996 τοιαύτης
3293 3925 3531 3986 διανοίας
3575 3923 3758 3991 μάρτυ-

2213 4040 2334 4092 ρας,
2368 4023 2417 4077 οἳ
2453 4021 2662 4075 πολλῶν
2685 4022 2830 4074 ἰδίων
2860 4021 3104 4076 θανάτων
3132 4020 3233 4091 τὴν
3267 4019 3363 4073 τοῦ
3393 4018 3577 4079 παιδὸς
3600 4009 3757 4067 αὐτῶν

2210 4116 2471 4178 πολλάκις
2499 4115 2770 4186 σωτηρίαν
2826 4115 3219 4168 ἀλλάσσονταιο
3263 4115 3456 4182 φθάνει
3495 4117 3756 4175 τοιγαρονν

2210 4208 2300 4263 τὸν
2334 4208 2504 4278 Ἀδάμ
2535 4207 2676 4267 κατά
2701 4207 2790 4260 τὸν
2813 4206 2969 4274 λόγον
2993 4205 3182 4259 τοῦτον
3214 4206 3309 4259 καὶ
3337 4203 3444 4274 πρὸ
3483 4199 3577 4254 τοῦ
3615 4193 3755 4255 θανά·

2197 4317 2313 4364 του,
2343 4299 2439 4352 τοῦ
2462 4299 2652 4362 παιδὸς
2678 4296 2737 4350 τὸ
2774 4297 3064 4368 ἀφορισθὲν
3099 4294 3248 4365 αύτῷ
3282 4292 3572 4364 ἐπιτίμιον,
3608 4287 3755 4358 βαρυ-

2203 4396 2335 4466 τέρᾳ
2375 4394 2606 4448 θανάτου
2629 4393 2832 4464 πληγῇ,
2859 4395 2924 4463 τῇ
2947 4393 3206 4462 άφορήτῳ
3231 4389 3378 4462 λύπῃ
3407 4387 3754 4456 ἁλισκόμενον.

2273 4493 2345 4544 Σὺ
2377 4491 2432 4544 δέ
2465 4508 2555 4562 μοι
2587 4491 2681 4544 καὶ
2727 4490 2910 4560 τρίτον
2958 4486 3277 4558 ὲπιθεώρει·
3323 4487 3473 4557 τρεῖς
3517 4481 3702 4552 ἄνδρας
3733 4476 3754 4527 ὁ

2203 4585 2425 4656 σύμπας
2472 4584 2675 4652 κόσμος
2726 4581 2949 4644 πολίτας
3000 4577 3112 4651 εἶχε
3143 4581 3264 4632 τότε
3291 4598 3305 4612 ·
3334 4577 3471 4648 γυνὴ
3515 4576 3559 4629 δ’
3592 4570 3754 4674 αὐτοῖς

2203 4676 2647 4732 συνεπολιτεύετο
2688 4675 2820 4745 μία’
2885 4668 2960 4728 ὧν
3011 4677 3060 4727 oi
3115 4675 3215 4744 μὲν
3255 4672 3596 4741 γεννήτορες,
3639 4664 3683 4714 οἱ
3705 4674 3754 4766 '03

2201 4771 2387 4838 παῖδες
2443 4766 2580 4842 ἦσαν
2622 4768 2732 4822 τῶν
2771 4767 3216 4838 γεννησαμένων.
3257 4767 3314 4818 '0
3357 4765 3455 4833 μὲν
3487 4759 3650 4825 Ἀδάμ
3671 4759 3756 4856 οὺγ

2201 4864 2474 4932 ὑπάγεται
2497 4865 2563 4933 τῇ
2609 4863 2754 4934 δίκῃ,
2775 4861 2846 4913 δι’
2877 4862 2941 4933 ἣν
2972 4862 3000 4913 6
3027 4860 3183 4927 λόγος
3215 4859 3412 4912 ἔδωκεν
3441 4852 3614 4907 αἰτίαν
3634 4866 3646 4878 ·
3673 4852 3754 4898 καὶ

2200 4955 2233 5024 ἡ
2261 4953 2372 5006 Εὕα
2399 4953 2455 5006 δὲ
2489 4952 2647 5005 τοῦτο
2683 4952 2782 5022 μὲν
2830 4950 2917 5002 διὰ
2949 4949 3047 5020 τὴν
3097 4947 3264 5018 αὐτὴν
3297 4946 3476 5000 αἰτίαν
3513 4942 3606 5009 οὐχ
3629 4937 3752 5044 67:0-

2199 5045 2450 5099 ϐάλλεται
2507 5042 2585 5105 τῷ
2639 5043 2872 5111 θανάτῳ,
2914 5039 3071 5093 τοῦτο
3123 5040 3178 5092 δὲ
3210 5040 3291 5092 ὅτι
3317 5039 3411 5091 καὶ
3455 5035 3576 5105 μιᾶς
3598 5035 3751 5092 οῡσης

2197 5136 2476 5206 γυναικὸς,
2501 5138 2528 5188 ὁ
2555 5134 2761 5203 ταύτης
2795 5133 3102 5202 ἀφανισμός
3125 5131 3244 5185 ὅλον
3267 5132 3328 5184 τὸ
3363 5128 3534 5198 γένος,
3557 5123 3649 5189 τῆς
3671 5131 3753 5224 ’ξε-

2194 5229 2394 5290 νέσεως
2421 5224 2795 5297 ἀνῃρημένης,
2829 5225 3158 5296 συνήλαυνεν
3193 5225 3270 5285 εἰς
3303 5218 3525 5291 φθοράν.
3556 5213 3626 5314 0:3

2195 5319 2330 5372 ἀλλά
2359 5317 2479 5370 οὐδὲ
2500 5318 2592 5370 τὸν
2622 5317 2762 5370 Κάῐν
2801 5317 2828 5369 6
2871 5317 2930 5382 ἐξ
2954 5314 3247 5386 ἐπιϐουλῆς
3274 5309 3387 5383 εἶχε
3413 5311 3562 5377 λόγον
3589 5302 3749 5357 διαδέο

2201 5408 2394 5473 ξασθαι
2424 5408 2652 5471 θάνατος
2677 5425 2692 5438 ⁸
2719 5406 2920 5478 χείρων
2955 5406 3053 5476 μὲν
3100 5406 3207 5475 γὰρ
3265 5400 3435 5465 οὗτος,
3465 5396 3689 5467 ἀμείνων
3708 5389 3748 5440 δ’

2199 5500 2268 5574 ἦν
2324 5502 2519 5555 Ἀϐελο
2585 5505 2676 5554 καὶ
2722 5500 2839 5563 πῶς
2869 5496 2980 5553 οἷόν
3037 5517 3093 5551 τε
3125 5496 3192 5570 ἦν
3235 5499 3326 5551 τὸν
3363 5495 3453 5548 καὶ
3485 5489 3630 5544 δόλου
3662 5481 3745 5574 καὶ

2203 5571 2398 5663 φθόνου
2464 5593 2556 5645 καὶ
2597 5591 2695 5661 τῆς
2728 5589 2894 5661 ἄλλης
2929 5591 3126 5654 κακίας
3151 5571 3747 5674 καθαρεύονταᾼμιίξιιφξ·

2204 5704 2326 5750 νους
2358 5686 2648 5755 ἐπαφεῖναι
2669 5685 2858 5752 χεῖρας
2887 5683 2964 5754 τῷ
2997 5682 3209 5753 ἀδελφῴ
3229 5700 3243 5750 ;
3265 5681 3504 5735 λείπεται
3526 5672 3585 5741 δὴ
3619 5679 3743 5720 εκεί-
