3976 6222
170 298 268 363 121

1099 299 1197 358 AD
1237 295 1834 358 AMPHILOCHIUM
1873 295 2218 369 QUIESTIO
2244 299 2352 372 XI,
2383 301 2521 360 XII.

3335 303 3440 369 122

162 427 257 463 νον
281 409 365 470 είς
390 405 483 461 τδν
529 407 590 472 ἐξ
614 406 909 476 ἐπιϐουλῆς
953 405 1196 477 ὁρμῆσαι
1227 404 1458 459 θάνατον
1475 406 1571 458 τοῦ
1600 405 1755 459 ἀδελ-

1874 421 2059 460 manus
2098 406 2385 475 injiceret'?
2424 407 2614 464 Restat
2642 418 2703 464 ut
2736 409 2824 466 ille
2853 420 3084 466 mortem
3125 426 3193 467 ex
3222 412 3439 471 insidiis

162 501 298 572 φοῦ,
329 501 389 564 ὃς
413 501 510 552 καὶ
535 500 642 571 προ
695 499 793 568 τῆς
821 496 1062 566 ἀθέσμου
1096 495 1303 564 ταύτης
1329 495 1602 566 πράξεως,
1634 495 1756 548 ἐλύ-

161 612 261 649 πει
299 594 399 664 μὲν
423 589 506 655 οἷς
529 591 898 664 ἐκαρποφόρει
926 591 1080 653 Θεὸν,
1117 591 1196 653 είς
1223 589 1416 658 φθόνον
1443 591 1500 643 δὲ
1527 589 1622 642 τοῦ
1654 607 1759 660 μη-

159 687 254 740 δὲν
297 685 624 756 ἠδικηκότος
674 683 1024 755 ἀνηρέθιστο,
1069 683 1284 753 πονηρᾷ
1336 681 1393 733 δὲ
1431 682 1626 751 γνώμῃ
1662 681 1757 733 καὶ

164 779 339 849 βουλῇ
369 779 522 850 δολίᾳ
543 779 642 840 τὰς
669 777 864 830 ἑαυτοῦ
899 779 1089 847 χεῖρας
1118 777 1197 838 είς
1222 777 1319 845 τὴν
1335 773 1756 844 ἀδελφοκτονίαν

160 870 492 940 ηὑτρέπιζε.
548 869 657 923 Καὶ
710 870 810 939 ὅρα
838 885 927 938 μοι
957 866 1235 922 κάνταῦθα
1259 867 1357 936 τῆς
1401 866 1664 937 Προνοίας
1695 866 1757 917 τὸ

162 965 336 1032 σοφόν
367 981 428 1016 τε
491 963 585 1015 καὶ
619 961 1024 1032 ἀνεξιχνίαστον
1047 977 1061 992 ·
1098 960 1166 1012 δι’
1195 952 1270 1012 ὧν
1303 958 1413 1030 γὰρ
1446 957 1696 1027 ἐνόμιζεν
1727 959 1756 1010 ὁ

158 1056 413 1128 πονηρὸς
444 1056 668 1126 κρατεῖν
716 1055 814 1117 τὰς
874 1056 1062 1124 χεῖρας
1095 1056 1238 1107 κατὰ
1279 1052 1388 1106 τῶν
1448 1051 1755 1120 ἀμεινόνων

158 1148 506 1211 ἐπανιστῶν,
535 1148 602 1200 δι’
625 1147 852 1200 ἐκείνων
878 1146 1026 1216 αὐτῷ
1069 1146 1137 1198 τὰ
1167 1145 1394 1215 προοίμι
1469 1146 1567 1214 τῆς
1589 1160 1757 1197 κατα-

159 1243 413 1311 στροφῆς
455 1239 714 1310 ἀπαντᾷο
768 1239 1042 1307 συγχωρεί
1099 1236 1197 1306 μὲν
1255 1237 1367 1306 γὰρ
1411 1236 1441 1288 ὁ
1477 1235 1577 1304 τῆς
1605 1234 1756 1297 θείας

155 1348 222 1383 τε
257 1332 358 1384 καὶ
388 1331 531 1400 ὑπὲρ
559 1328 768 1382 ἔννοιαν
792 1325 1104 1396 οἰκονομίας
1147 1325 1324 1393 λόγος,
1357 1324 1518 1396 ἔργον
1552 1325 1756 1378 ἀδίκων

160 1423 262 1476 καὶ
289 1422 596 1492 μιαιφόνων
624 1419 825 1492 χειρῶν
870 1419 962 1470 τὸν
991 1417 1157 1470 Ἀϐελ
1191 1416 1465 1486 γενέσθαι,
1499 1416 1595 1469 καὶ
1628 1431 1756 1484 προ-

163 1513 365 1582 φθὰνει
419 1517 512 1566 τὶν
554 1512 730 1581 φύντα
755 1511 848 1563 ἐπὶ
875 1509 953 1580 τῷ
984 1509 1200 1579 θανάτῳ
1227 1510 1256 1561 ό
1296 1510 1446 1571 παῖς.
1485 1506 1646 1560 Ἀλλὰ
1669 1506 1756 1572 γί-

162 1624 322 1660 νεται
351 1606 450 1659 τοῦ
478 1606 608 1677 ᾇδου
668 1605 729 1658 τὸ
783 1606 984 1676 κράτος
1010 1603 1107 1657 καὶ
1148 1605 1182 1674 η
1225 1601 1422 1672 πρώτη
1474 1598 1753 1670 καταδολὴ

164 1697 442 1766 ἅσθενής’
491 1697 540 1748 εί
601 1695 698 1766 μὲν
757 1694 868 1764 γὰρ
915 1693 1007 1746 τὸν
1054 1692 1226 1762 Ἀδὰμ
1262 1688 1482 1753 ἐδέξατο
1516 1686 1750 1756 πρῶτον,

1859 493 1912 545 in
1973 492 2198 550 fratrem
2229 497 2596 566 aggrediatur,
2628 499 2940 568 quietante
2978 501 3125 555 illam
3177 503 3436 572 injustam
3523 562 3529 570 ,

1857 585 2125 640 actionem
2147 628 2162 653 ,
2195 588 2352 643 exiis
2403 605 2527 659 qua:
2564 588 2678 644 Deo
2701 590 2870 645 frater
2896 591 3175 657 offerebat,
3201 611 3439 651 mter-ore

1858 678 2212 746 adiciebatur,
2241 691 2294 736 et
2312 682 2648 738 ininvidiam
2695 685 2815 755 ejus
2853 685 2945 755 qui
2967 700 3076 740 non
3115 685 3320 741 fecerat
3349 689 3438 742 in-

1853 768 2055 840 juriam
2104 776 2467 840 excitabatur,
2508 777 2747 846 pessima
2799 787 2978 832 autem
3032 787 3211 834 mente
3239 789 3293 834 et
3313 795 3440 849 per-

1856 866 1966 920 tido
2017 867 2246 921 consilio
2278 883 2406 923 suas
2448 884 2642 923 manus
2677 869 2730 922 in
2770 869 2958 924 fratris
2990 885 3176 924 necem
3209 885 3440 924 conver-

1859 959 1944 1013 tit.
1976 959 2038 1014 Et
2062 960 2182 1014 vide
2223 961 2352 1015 mihi
2383 970 2434 1015 et
2469 962 2523 1014 in
2565 962 2672 1016 hoc
2702 960 3067 1016 Providentia:
3116 962 3438 1031 sapientiam

1856 1050 2285 1122 investigabilem
2315 1053 2428 1119 :jis
2468 1052 2612 1107 enim
2648 1053 2849 1122 quibus
2899 1054 3125 1123 putabat
3167 1055 3439 1122 pessimus

1858 1154 1918 1194 se
1980 1143 2249 1196 victurum
2309 1158 2505 1198 manus
2547 1151 2737 1197 contra
2793 1145 3046 1198 meliores
3099 1145 3436 1213 erigentem,

1860 1231 2054 1286 iisdem
2088 1235 2167 1287 illi
2216 1236 2460 1303 prolusio
2497 1237 2876 1305 catastrOpbes
2912 1237 3172 1290 occurrit.
3202 1235 3438 1289 Permit-

1857 1321 1923 1375 tit
1954 1322 2098 1376 enim
2151 1323 2350 1380 divina:
2394 1335 2448 1380 et
2467 1342 2633 1396 supra
2680 1327 3064 1396 cogitationem
3117 1326 3441 1380 meonomite

1862 1410 2004 1463 ratio
2033 1419 2091 1464 ut
2119 1425 2255 1480 opus
2293 1413 2621 1482 injustarum
2659 1423 2713 1468 et
2746 1413 3144 1466 homicidarum
3176 1429 3437 1466 manuum

1855 1496 1990 1550 Abel
2041 1498 2180 1564 ﬁat;
2235 1507 2290 1552 et
2332 1501 2590 1568 praecedit
2639 1501 2939 1570 genitorem
2992 1501 3059 1554 ad
3098 1509 3324 1554 mortem
3381 1500 3441 1552 ti-

1855 1588 2000 1658 lius;
2053 1591 2148 1645 sed
2206 1591 2510 1646 inﬁrmatur
2540 1593 2597 1646 in
2645 1594 2821 1662 primo
2857 1593 2948 1647 illo
2977 1593 3085 1646 ictu
3117 1592 3308 1646 inferni
3340 1607 3442 1661 po-

1854 1682 2046 1735 tentia.
2064 1680 2120 1735 Si
2141 1683 2286 1736 enim
2303 1683 2572 1738 Adamum
2596 1685 2828 1754 primum
2859 1685 3172 1747 invasisset,
3202 1683 3436 1739 solidum

171 1763 394 1852 ἰσχυρὸς
417 1780 486 1833 ἂν
517 1763 668 1850 αὐτῷ
691 1781 719 1833 ὁ
739 1763 988 1850 θεμέλιος
1008 1778 1303 1848 ἐπήγνυτο,
1330 1774 1421 1827 τὸν
1443 1772 1566 1842 θείᾳ
1595 1787 1758 1824 κατα-

1882 1773 1936 1827 lli
1989 1773 2402 1830 fundamentum
2431 1775 2598 1831 fixum
2626 1789 2792 1844 esset,
2813 1794 2938 1833 eum
2970 1779 3114 1831 hunc
3129 1777 3312 1831 divino
3343 1775 3441 1828 de-

173 1873 505 1928 δικασθέντα
533 1873 700 1943 ψήφῳ
727 1871 918 1925 τοῦτον
941 1869 1339 1940 ὑποδεξαμένου
1365 1866 1460 1921 καὶ
1487 1864 1705 1935 πρῶτον
1737 1903 1750 1916 .

191 1974 340 2028 Ἐπεὶ
365 1974 423 2027 δὲ
443 1973 541 2026 τὸν
577 1956 817 2026 ἀναίτιον
849 1969 909 2036 ἐξ
928 1969 1192 2040 ἐπηρείας
1216 1965 1572 2029 ὑπεϐάλλετο,
1597 1961 1756 2016 αὐτό-

175 2067 265 2118 οεν
288 2065 458 2118 αὐτοῦ
492 2064 973 2135 ἀνατετραμμένον
1002 2061 1158 2134 [Cod.
1181 2058 1296 2131 νου]
1320 2058 1382 2112 τὸ
1410 2056 1612 2128 κράτος
1670 2055 1764 2106 εὑ-

175 2159 426 2228 ρίσκεται
465 2158 542 2220 ὼς
573 2157 772 2228 σαθρὸν
811 2156 869 2222 ἐξ
917 2155 1092 2226 ἀρχῆς
1135 2150 1572 2220 ὑποϐαλλομένου
1603 2145 1762 2216 θεμέ-

169 2250 302 2304 λιον·
326 2251 427 2303 καὶ
458 2252 668 2318 γίνεται
689 2248 973 2320 προοίμιον
989 2248 1087 2316 τῆς
1103 2243 1400 2307 παντελοῦς
1419 2240 1767 2302 καταλύσεως

167 2342 262 2397 τοῦ
290 2342 424 2414 ᾇδου
455 2345 484 2395 ὁ
505 2341 600 2395 τοῦ
627 2341 832 2394 δικαίου
865 2340 923 2404 ἐξ
948 2338 1212 2410 ἐπηρείας
1239 2337 1486 2398 θάνατος.

735 2479 1067 2535 ΕΡΩΤΗΣΙΣ
1106 2480 1206 2532 ]Β’.

165 2603 309 2673 Περὶ
337 2601 449 2656 τοῦ
481 2598 571 2652 ὅτι
594 2601 665 2653 οὑ
681 2599 934 2673 μάχεται
985 2595 1101 2650 κᾶν
1131 2591 1437 2673 τισιᾼδοήκῇ
1475 2591 1561 2654 τὸ,
1597 2608 1616 2673 ι
1647 2590 1751 2673 Είς

237 2659 423 2743 κρῖμα
445 2674 560 2743 ἐγὼ
584 2659 817 2743 είς-’τόξ’
862 2669 1094 2743 κόσμον
1117 2664 1428 2743 ,ἑλήᾎυθίῃ
1467 2660 1625 2743 »καί
1656 2659 1753 2743 fe.

243 2730 287 2795 ι’
307 2730 435 2796 de):
472 2730 664 2813 ἧλθοῦ
714 2740 815 2791 ἵνα
847 2730 1030 2806 κρίνῖω
1066 2736 1175 2790 τὸν
1207 2735 1461 2802 κόσμον,
1487 2730 1625 2786 ἀλλ’
1656 2730 1758 2782 ἵνα

243 2816 429 2869 σώσω
453 2819 563 2867 τὸν
581 2813 833 2880 κόσμον.
869 2829 888 2860 ι

1863 1875 2013 1922 creto
2031 1867 2348 1922 damnatum
2386 1871 2718 1939 suscepisset
2741 1878 2796 1924 et
2811 1871 3078 1939 primum;
3111 1883 3236 1923 cum
3259 1877 3440 1921 autem

1864 1961 2137 2015 insontem
2180 1975 2246 2015 eo
2279 1961 2480 2032 injuria
2529 1963 2807 2034 dejiceret,
2855 1961 2979 2016 inde
3003 1961 3124 2030 ejus
3173 1973 3443 2015 concussa

1865 2054 2103 2122 potentia
2129 2056 2400 2124 reperitur
2430 2065 2689 2126 tanquam
2726 2056 2795 2108 ab
2819 2054 2973 2109 initio
3005 2053 3278 2123 putridum
3317 2066 3447 2119 sup-

1865 2143 2122 2212 ponentis
2150 2142 2564 2198 fundamentum
2595 2160 2610 2209 ;
2646 2153 2700 2197 et
2723 2143 2784 2196 lit
2810 2142 3138 2212 prooemium
3181 2139 3446 2194 absoluta:

1869 2235 2069 2296 inferni
2089 2237 2610 2308 dissolutionisjusti
2644 2251 2791 2290 mors
2820 2252 2887 2290 ex
2941 2234 3162 2305 injuria.

2405 2455 2736 2526 QUIESTIO
2771 2455 2890 2509 XII.

1857 2581 1982 2638 Non
2044 2579 2252 2635 exsistit
2305 2577 2672 2642 contradictio,
2732 2576 2831 2628 etsi
2890 2574 3207 2645 quibusdam
3274 2574 3449 2627 videa-

1930 2655 2203 2718 tur,inter
2252 2648 2489 2718 ἱίίιιιίίκ
2521 2646 2588 2699 In
2641 2647 2902 2718 judicium
2946 2661 3038 2715 ego
3090 2647 3144 2696 in
3195 2653 3448 2698 mundum

1926 2716 2060 2784 ueni,
2075 2741 2093 2772 ι
2114 2734 2158 2775 et
2176 2722 2341 2772 illud:
2365 2739 2382 2770 ι
2405 2716 2528 2770 Νοη
2548 2717 2975 2786 venijutjudicem
2997 2718 3268 2782 mundum,
3285 2718 3372 2768 sed
3392 2725 3448 2767 ut

1934 2797 2130 2846 salvam
2152 2790 2426 2845 mundum.
2465 2807 2483 2840 ι

329 2957 478 3005 Edita
496 2967 523 3002 a
555 2949 699 3012 Maio,
724 2951 758 3000 l.
782 2964 846 3010 c.,
879 2963 928 3011 p.
956 2945 1118 2996 12-15.
1141 2945 1215 2994 De
1237 2947 1510 3005 apparente
1541 2931 1933 2987 contradictione
1957 2935 2094 2980 inter
2118 2927 2264 2976 verba
2286 2925 2466 2978 Christi
2486 2926 2626 2976 Joan.
2661 2939 2730 2986 ix,
2763 2926 2825 2974 39
2849 2930 2903 2974 et
2931 2925 3074 2974 Joan.
3098 2938 3187 2984 xu,
3211 2923 3291 2972 47.

252 3067 349 3132 Τδ,
387 3085 404 3118 ι
440 3064 535 3126 Εἰς
565 3065 742 3132 κρῖμα
803 3057 916 3127 ἐγὼ
946 3059 1026 3120 εἰς
1069 3054 1161 3107 τὸν
1213 3053 1419 3123 κόσμον
1449 3046 1704 3119 ἐλήλυθα·
1740 3065 1758 3097 ι

181 3163 277 3216 καὶ
304 3159 388 3224 τὸ,
427 3177 445 3209 ‹
487 3158 601 3210 Οὐκ
632 3151 796 3226 ἦλθον
820 3152 906 3204 ἵνα
947 3151 1120 3220 κρίνω
1151 3146 1239 3200 τὸν
1274 3145 1498 3214 κόσμον,
1525 3139 1639 3194 ἀλλ’
1679 3140 1767 3192 ἵνα

177 3254 342 3309 σώσω
403 3251 498 3304 τὸν
523 3250 754 3317 κόσμον,
791 3265 810 3296 ι
844 3244 906 3298 οὐ
937 3244 1095 3313 μόνον
1126 3237 1383 3308 οὐδεμίαν
1410 3233 1765 3303 ἐναντιότητα

173 3347 317 3416 πρὸς
340 3342 549 3413 ἄλληλα.
576 3341 857 3410 φέρουσιν,
903 3335 1041 3388 ἀλλὰ
1080 3331 1280 3403 μᾶλλον
1315 3329 1410 3381 καὶ
1439 3326 1642 3395 πολλὴν
1667 3324 1767 3393 τὴν

173 3437 508 3493 ἀκολουθίαν
549 3436 645 3487 καὶ
692 3432 792 3493 τὴν
849 3425 1167 3493 συμφωνίαν
1219 3421 1576 3476 δεικνύουσιν.
1615 3435 1634 3467 (
1672 3417 1766 3478 Εἰς

727 3446 792 3501 ην
849 3446 1167 3498 συμφωνιαν
1219 3446 1576 3476 οεικνυυυυιν.
1615 3446 1633 3467 ι
1672 3446 1764 3478 nu.
1795 3457 1838 3514 (π
1872 3446 1926 3461 ν·
1954 3446 2279 3461 ννσιννιιυυ--ι
2319 3446 2636 3456 νυ-υ--υ--ην
2687 3446 2700 3450 -
2747 3446 2804 3453 --·
2845 3446 3114 3468 δ---ν--π-
3168 3446 3330 3458 νίν-*γι

731 3566 736 3567 ί
775 3521 886 3567 ἐγὼ
911 3523 986 3567 είς
1009 3519 1100 3567 τὸν
1133 3517 1336 3567 κόσμον
1371 3511 1634 3567 ἐλήλυθα’
1671 3529 1690 3561 ι
1718 3511 1764 3561 οξ
1820 3496 1840 3517 ⁸
1871 3499 2012 3567 quit,
2037 3512 2136 3567 ego
2167 3497 2222 3548 in
2251 3498 2515 3549 mundum
2542 3495 2703 3559 veni;
2732 3512 2750 3545 ι
2791 3493 2882 3560 qui
2915 3490 3116 3546 debent
3137 3491 3282 3544 enim
3305 3488 3452 3556 aspi-

172 3534 361 3601 κρῖμα
383 3528 517 3597 γὰρ,
555 3525 742 3595 φησιν,
775 3521 886 3590 ἐγὼ
911 3523 986 3580 είς
1009 3519 1100 3570 τὸν
1133 3517 1336 3586 κόσμον
1371 3511 1634 3583 ἐλήλυθα·
1671 3529 1690 3561 ›
1718 3511 1764 3561 oi

171 3625 291 3693 γὰρ
334 3621 645 3690 ὀφείλοντες
689 3616 908 3686 βλέπειν
940 3612 1155 3672 ἐκόντες
1210 3607 1646 3678 τυφλώττουσινυ
1677 3602 1770 3655 καὶ⁵

171 3720 295 3771 ὅσοι
317 3713 653 3785 τυφλώττειν
671 3710 1000 3780 ἐνομίζοντο,
1027 3704 1162 3776 πρὸς
1181 3704 1241 3755 τὸ
1259 3704 1372 3770 φώς
1387 3699 1486 3768 τῆς
1512 3695 1770 3766 ἀληθείας

175 3808 509 3878 ἐδείχθησαν
542 3805 830 3875 βλέποντες
855 3817 866 3829 ·
922 3801 971 3852 oi
1003 3799 1101 3867 μὲν
1124 3798 1234 3866 γὰρ
1260 3795 1359 3865 τὴν
1388 3791 1666 3863 σωτηρίαν
1707 3788 1768 3841 οὺ

177 3903 574 3973 προσήκαντο·
643 3896 693 3948 οἱ
757 3895 811 3947 δὲ
878 3891 1298 3961 παραγενομένῃ
1355 3884 1767 3957 προσέδραμον·

177 3999 326 4052 ὥστε
360 3994 466 4048 κᾶν
519 3995 553 4062 ἡ
613 3990 745 4061 ἐμὴ,
784 3987 972 4056 φησιν,
1014 3983 1226 4044 ἐλευσις
1275 3981 1368 4034 ἐπὶ
1399 3977 1643 4049 σωτηρίᾳ
1677 3973 1770 4028 τοῦ

176 4090 397 4158 κόσμου
430 4083 745 4153 γεγένηται,
781 4078 894 4133 ἀλλ’
925 4074 1018 4131 οὖν
1047 4079 1095 4130 oi
1128 4073 1440 4144 ἐθελοκάκῳ
1469 4075 1608 4144 ῥοπῇ
1635 4069 1773 4140 πρὸς

177 4182 279 4252 τὴν
317 4179 458 4234 ἰδίαν
473 4172 1005 4241 ἁπαυθαδιαζόμενοι
1043 4168 1400 4231 λυσιτέλειαν,
1437 4167 1610 4235 κρῖμα
1643 4163 1772 4215 ἐαυ-

179 4274 300 4333 τοίς
322 4269 424 4339 τὴν
448 4266 588 4337 ἐμὴν
611 4263 916 4336 παρουσίαν
969 4257 1404 4328 κατεπράξαντο.
1428 4255 1492 4307 Τί
1517 4254 1577 4307 οὑ
1610 4252 1770 4325 [Cod.

178 4358 303 4432 οὖν]
344 4358 460 4428 πῦρ
494 4358 779 4422 κατάγεις,
819 4352 943 4406 οὐδὲ
979 4352 1077 4423 τὴν
1115 4351 1218 4420 γῆν
1249 4349 1434 4410 αὐτοῖς
1463 4345 1772 4407 ἀνασείειςς

179 4454 310 4508 οὐδὲ
353 4454 484 4514 τοὺς
525 4447 916 4519 καταρράκτας
961 4443 1056 4497 τοῦ
1109 4439 1342 4511 οὐρανοῦ
1388 4438 1647 4505 ἀνοίγεις,
1681 4435 1776 4490 καὶ

185 4547 431 4619 βυθίζεις
472 4541 655 4596 αὐτῶν
693 4541 794 4609 τὴν
856 4536 1147 4601 ἀπόνοιαν;
1205 4534 1288 4586 ὃτι
1347 4551 1364 4582 ι
1421 4530 1537 4583 Οὐκ
1587 4524 1773 4598 ἦλθον,

182 4638 350 4709 φησὶ,
379 4637 568 4704 κρῖναι
590 4633 682 4686 τὸν
713 4630 938 4700 κόσμον,
985 4627 1121 4680 ἀλλὰ
1154 4625 1345 4689 σῶσαι,
1383 4641 1401 4674 ι
1430 4621 1545 4675 ἀλλ’
1569 4622 1778 4674 ἀνακα-

181 4728 452 4785 λέσασθαι
472 4744 486 4758 ο
521 4725 613 4779 διὰ
634 4723 796 4778 τοῦτο
825 4717 1188 4792 μακροθυμῶ,
1209 4717 1298 4770 διὰ
1327 4714 1486 4768 τοῦτο
1515 4711 1777 4783 ταμιεύο-

1937 3036 2111 3092 lllud:
2149 3054 2166 3087 ι
2205 3038 2264 3088 ln
2307 3033 2577 3104 judicium
2622 3046 2724 3102 ego
2753 3031 2807 3084 in
2851 3029 3112 3084 mundum
3147 3028 3292 3088 veni,
3339 3045 3358 3077 ι
3393 3035 3450 3080 et

1867 3131 2023 3186 illud:
2051 3128 2200 3185 (Non
2231 3130 2351 3182 veni
2378 3127 2691 3196 utjudicem
2717 3125 3002 3187 mundum,
3027 3122 3122 3177 sed
3161 3132 3222 3175 ut
3243 3120 3447 3174 salvem

1871 3223 2159 3287 mundum,
2212 3240 2232 3271 ι
2291 3235 2401 3274 non
2458 3221 2622 3272 modo
2689 3217 2892 3271 nullam
2955 3213 3450 3269 contradictionem

1872 3315 2013 3368 inter
2046 3328 2104 3366 se
2143 3310 2354 3375 ferunt,
2393 3310 2486 3363 sed
2534 3317 2724 3362 contra
2764 3307 2988 3360 multam
3035 3301 3449 3373 congruentiam

1871 3417 1926 3461 et
1952 3414 2279 3461 concentum
2317 3402 2636 3456 ostendunt.
2683 3419 2700 3450 ι
2747 3399 2804 3453 In
2845 3399 3114 3468 judicium
3161 3395 3330 3458 enim,
3365 3395 3450 3446 in-

1873 3606 2017 3656 cere,
2058 3589 2306 3644 volentes
2366 3590 2734 3650 obcaecantur,
2765 3595 2818 3638 ct
2859 3584 2951 3652 qui
2991 3581 3252 3636 obcaecati
3289 3589 3449 3649 puta-

1871 3683 2093 3746 bantur,
2138 3683 2320 3736 lumen
2376 3681 2620 3734 veritatis
2665 3679 2951 3732 monstrati
2982 3683 3111 3730 sunt
3152 3675 3449 3726 intuentes.

1870 3776 1979 3829 Alii
2027 3775 2246 3845 quidem
2295 3774 2526 3829 salutem
2581 3788 2690 3827 non
2737 3777 3088 3840 acceperunt,
3139 3767 3231 3821 alii
3269 3773 3450 3818 autem

1871 3868 2124 3923 adductas
2165 3867 2329 3921 Saluti
2366 3874 2757 3929 accurrerunt;
2793 3864 2867 3916 ita
2918 3869 2998 3925 ut,
3029 3859 3132 3914 etsi
3163 3871 3339 3921 meus,
3370 3855 3453 3908 in-

1873 3962 2010 4030 quit,
2045 3959 2312 4014 adventus
2346 3974 2444 4026 pro
2476 3957 2667 4010 mundi
2716 3953 2892 4009 salute
2939 3951 3118 4005 factus
3163 3951 3252 4014 sit,
3299 3948 3391 4002 sed
3412 3946 3452 4000 ii

1872 4054 1966 4123 qui
2000 4066 2166 4123 prava
2200 4051 2497 4104 voluntatis
2525 4048 2882 4104 inclinatione
2930 4046 2997 4100 ad
3050 4043 3324 4113 propriam
3359 4056 3453 4094 ar-

1873 4155 2200 4215 roganterse
2222 4151 2510 4212 gesserunt
2535 4141 2844 4204 utilitatem,
2859 4138 3124 4208 judicium
3147 4136 3249 4190 sibi
3275 4147 3452 4187 meam

1873 4237 2216 4308 praesentiam
2291 4234 2587 4290 effecerint.
2662 4233 2801 4300 Quid
2857 4233 3023 4300 igitur
3107 4230 3285 4298 ignem
3342 4240 3452 4278 non

1874 4331 2143 4396 immittis,
2183 4345 2357 4400 neque
2385 4340 2584 4383 terram
2617 4327 2724 4381 illis
2759 4325 3030 4386 concutis,
3075 4337 3249 4391 neque
3301 4331 3453 4374 cata-

1876 4432 2057 4477 ractas
2081 4421 2206 4476 caeli
2227 4421 2408 4491 aperis
2430 4430 2484 4474 et
2515 4417 2786 4488 demergis
2813 4417 3030 4469 illorum
3083 4412 3456 4468 dementiam?

1876 4517 2004 4583 quia
2043 4533 2061 4567 ι
2109 4530 2220 4568 non
2253 4514 2400 4578 veni,
2447 4513 2646 4580 inquit,
2684 4509 3003 4578 utjudicetn
3040 4508 3325 4569 mundum,
3359 4506 3454 4560 sed

1877 4618 1939 4661 ut
1965 4605 2192 4668 salvem,
2235 4624 2254 4656 ›
2295 4605 2387 4659 sed
2418 4617 2641 4657 sursum
2681 4616 2807 4655 eum
2855 4615 3066 4664 vocem;
3127 4609 3457 4668 quapropter

1877 4700 2140 4772 patientia
2181 4709 2304 4754 utor
2330 4739 2345 4765 ,
2407 4705 2742 4766 quapropter
2771 4694 2964 4750 diﬂ'ero
2999 4694 3305 4764 judicium;
3346 4710 3456 4748 non
3507 4676 3513 4692 ’

191 4842 289 4897 μαι
315 4823 418 4890 τὴν
458 4819 636 4891 κρίσιν
657 4835 670 4848 ·
697 4818 759 4870 οὐ
786 4789 893 4884 γάρ
924 4789 1158 4883 κρίσεως
1200 4807 1395 4878 καιρὸς
1423 4807 1523 4876 τῆς
1553 4805 1766 4876 πρώτης

1883 4798 2028 4851 enim
2066 4795 2262 4866 judicii
2309 4804 2542 4863 tempus,
2574 4791 2735 4860 primi
2771 4791 3038 4846 adventus
3080 4789 3185 4843 mei
3224 4798 3456 4858 tempus,

192 4936 296 4990 μου
327 4912 633 4987 παρουσίας
681 4913 710 4964 ὁ
740 4907 952 4980 καιρὸς,
993 4903 1128 4959 ἀλλὰ
1179 4901 1614 4972 φιλανθρωπίας,
1644 4899 1780 4952 ἀλλὰ

195 5007 568 5082 συμπαθείας,
624 5002 739 5058 ἀλλ’
806 4998 1128 5071 εὐμενείας,
1206 4993 1345 5049 ἀλλὰ
1401 4991 1777 5061 ἀνακλήσεως.

197 5107 382 5165 Οὕτως
417 5100 479 5154 οὐ
511 5098 674 5170 μόνον
705 5093 964 5164 οὐδεμίαν
997 5091 1180 5162 μάχην
1205 5087 1458 5158 ἀλλήλοις
1482 5085 1780 5154 ἐπιφέρου-

196 5217 276 5253 σιν
306 5199 356 5251 οἱ
387 5192 748 5264 προκείμενοι
779 5187 911 5240 θεῖοι
940 5183 1197 5255 χρησμοὶ,
1219 5181 1356 5236 ἀλλὰ
1391 5179 1485 5234 καὶ
1510 5179 1782 5241 πλεῖστον,

191 5293 266 5355 ώς
298 5291 457 5361 ὁρᾷς,
494 5286 557 5338 τὸ
618 5281 944 5352 ἐναρμόνιον
1000 5275 1356 5337 διασῴζουσιν
1377 5290 1390 5303 ·
1440 5271 1616 5334 ἄλλως
1645 5288 1706 5323 τε
1728 5270 1783 5322 δὲ

192 5385 288 5435 καὶ
318 5384 496 5450 κρῖμα
522 5377 620 5430 καὶ
658 5374 840 5444 κρίσις
897 5369 1274 5441 συμφέρονται
1317 5369 1416 5438 μὲν
1448 5369 1505 5418 ἐν
1545 5364 1783 5428 πολλοῖς,

194 5477 554 5545 ἀναδέχονται
603 5469 660 5522 δέ
719 5467 814 5520 καὶ
864 5464 1164 5533 διαφοράν·
1202 5461 1262 5514 τὸ
1303 5461 1401 5530 μὲν
1459 5458 1570 5528 γὰρ
1611 5461 1786 5528 κρῖμα

197 5569 402 5639 μᾶλλον
430 5565 586 5635 δηλοί
606 5562 669 5614 τὸ
701 5555 1042 5628 κατάκριμα,
1073 5559 1105 5625 ἠ
1141 5555 1199 5607 δὲ
1242 5553 1422 5623 κρίσις
1461 5554 1538 5614 εἰς
1571 5551 1670 5621 τὴν
1692 5550 1785 5603 τοῦ

196 5663 578 5730 προσήκοντος
636 5650 893 5705 ἁπονεύει
942 5648 1296 5716 διανέμησινο
1342 5643 1421 5704 εἰς
1463 5643 1636 5711 κρῖμα
1694 5640 1786 5693 οὖν

1886 4891 1980 4944 sed
2023 4887 2432 4948 misericordiae,
2472 4885 2565 4939 sed
2597 4883 3018 4954 compassionis,
3085 4882 3179 4936 sed
3220 4881 3458 4935 benevo-

1886 4982 2087 5042 lentiae,
2117 4979 2212 5034 sed
2259 4977 2611 5032 imitationis.
2646 4976 2846 5045 Sicque
2891 4990 3002 5028 non
3053 4974 3216 5028 modo
3253 4974 3458 5026 nullam

1886 5089 2124 5144 pugnam
2200 5075 2340 5126 inter
2411 5085 2469 5125 se
2536 5069 2718 5124 ferunt
2788 5069 3043 5138 prmdicta
3118 5067 3301 5121 divina
3347 5082 3463 5121 ora-

1888 5167 2011 5220 cula
2051 5165 2146 5220 sed
2184 5166 2504 5229 maximum,
2539 5173 2595 5216 ut
2626 5163 2801 5230 vides,
2841 5171 3166 5216 concentum
3217 5168 3459 5213 servant.

1887 5257 2125 5311 Aliunde
2193 5266 2374 5310 autem
2437 5254 2704 5323 judicium
2787 5252 3005 5323 (κρῖμα)
3081 5261 3136 5306 et
3195 5250 3463 5319 judicatio

1889 5354 2118 5424 (κρίσις)
2167 5350 2501 5407 concordant
2543 5348 2762 5418 quidem
2808 5347 2861 5399 in
2914 5345 3122 5411 multis,
3168 5347 3463 5398 admittunt

1887 5457 2068 5502 tamen
2098 5457 2153 5501 et
2175 5444 2559 5501 diﬂ‘ercntiam.
2577 5443 2854 5496 Judicium
2879 5442 3023 5494 enim
3040 5440 3210 5510 magis
3228 5439 3462 5494 ostendit

1891 5543 2317 5605 damnationem,
2336 5540 2599 5609 judicatio
2622 5547 2803 5592 autem
2830 5537 2881 5589 in
2910 5536 3074 5589 debiti
3103 5536 3327 5588 inclinat
3350 5534 3460 5584 ὼε-

1897 5637 2273 5692 tributionem.
2320 5635 2378 5688 In
2426 5633 2693 5704 judicium
2746 5646 2876 5699 ergo
2925 5630 3071 5683 venit
3105 5627 3356 5681 Salvator
3409 5627 3462 5679 in

199 5752 463 5824 ἐλήλυοεν
517 5749 547 5800 ὁ
601 5743 794 5814 Σωτὴρ
847 5743 924 5806 εἰς
973 5740 1065 5794 τὸν
1092 5739 1318 5807 κόσμον,
1382 5732 1664 5785 τουτέστιν
1709 5735 1766 5784 sit

1897 5730 2186 5793 mundum,
2229 5728 2282 5783 id
2310 5737 2392 5782 est
2418 5727 2474 5779 in
2513 5724 2919 5780 damnationem
2958 5724 3136 5775 factus
3162 5729 3244 5772 est
3277 5719 3342 5773 iis
3369 5721 3464 5788 qui
