3912 6218
564 242 666 308 123
1719 242 1985 303 ΡΗΟΤΙΙ
2019 245 2109 305 PA

2221 246 2525 307 IARCHIE
2563 247 2672 309 CP.
3688 252 3765 320 194

558 363 856 419 noluerunt
888 359 953 415 ad
983 375 1139 416 suam
1177 359 1466 414 utilitatem
1494 360 1760 430 aspicere,
1801 375 1974 430 neque
2014 361 2103 415 dili

2237 363 2556 434 κατάκριμα
2584 363 2806 431 γέγονεν
2852 362 3082 426 ἐκείνοις
3119 362 3234 416 ὅσοι
3266 361 3338 433 μὴ
3366 363 3630 436 διαϐλέψαι
3657 373 3765 441 πρὸς

557 455 796 525 gentiam
823 451 1197 508 adhibuerunt
1229 461 1289 506 ut
1307 468 1460 506 suam
1487 453 1912 522 redemptionem
1969 468 2102 522 agno

2241 459 2341 527 τὴν
2387 457 2596 510 ἐαυτῶν
2643 457 2916 527 ἠθέλησαν
2977 455 3341 520 λυσιτέλειαν,
3406 459 3532 527 μηδὲ
3587 461 3763 519 σύνεσιν

558 555 795 600 scerent.
833 544 947 598 lllis
985 544 1151 613 igitur
1191 531 1528 614 injudicium
1565 543 1743 599 factus
1773 554 1858 599 est
1892 560 2103 598 connnu

2245 549 2520 620 παρέσχον
2549 551 2846 618 ἐπιγνῶναι
2874 549 2969 619 τὴν
3001 549 3211 603 ἑαυτῶν
3250 549 3637 621 ἀπολύτρωσιν·
3664 557 3764 610 τού-

555 637 644 691 nis
687 645 934 690 nostrum
991 635 1239 690 omnium
1305 634 1610 703 Salvator;
1667 651 1774 690 non
1825 635 1965 704 quod
2025 635 2100 700 ips

2242 657 2356 704 τοις
2384 637 2477 694 οὖν
2515 642 2595 704 εἰς
2624 642 2795 711 κρῖμα
2819 640 3044 708 γέγονεν
3083 642 3110 694 ὁ
3156 640 3333 702 κοινὸς
3389 641 3538 710 ἡμῶν
3574 644 3763 716 Σωτήρ·

555 736 775 797 pmnam
833 743 929 782 eos
979 728 1276 781 incurrisse
1325 739 1518 783 auctor
1585 729 1676 790 sit,
1728 728 1819 782 sed
1868 726 2010 796 quod
2033 727 2100 796 ipt

2239 737 2343 789 ούκ
2369 734 2531 798 αὐτὸς
2557 734 2728 799 αῖτιος
2751 733 2845 786 τοῦ
2883 734 3038 804 δίκην
3067 733 3298 802 ὀφείλειν
3328 734 3518 797 αὐτοὺς
3544 739 3762 802 γεγονὼς,

554 837 706 874 suam
746 821 976 874 salutem
1017 820 1070 873 in
1107 819 1452 874 mortiferum
1483 821 1589 874 sibi
1623 820 2099 874 trausl‘ormaverir

2239 830 2354 882 ἀλλ’
2393 828 2617 882 ἐκείνων
2644 827 2706 880 τὸ
2735 828 3004 897 σωτήριον
3030 827 3108 890 είς
3134 826 3374 895 ὀλέθριον
3407 829 3606 888 ἑαυτοῖς
3634 848 3767 899 μετα-

557 927 860 968 venenum.
895 914 1027 968 Illud
1082 915 1250 980 enim,
1303 924 1360 968 ut
1415 917 1666 979 videntes,
1718 924 1823 970 etc.
1888 931 1997 970 non
2056 931 2102 970 et

2241 921 2662 990 σκευασαμένων
2691 921 3000 990 φάρμακον.
3043 919 3117 971 Τὸ
3155 920 3286 988 γάρ,
3315 919 3399 971 ἵνα
3433 921 3481 971 οἱ
3515 919 3765 988 βλέποντες

556 1020 739 1058 «ausa:
785 1005 1072 1069 iudicatio,
1101 1006 1193 1059 sed
1249 1021 1438 1060 eorum
1493 1007 1837 1070 annuntiatio
1868 1008 1960 1076 qui
1993 1006 2100 1060 mal

2239 1013 2333 1065 ml.
2362 1010 2510 1080 ἑξῆς,
2547 1011 2646 1064 ούκ
2677 1011 2855 1072 αίτίας
2911 1010 3056 1062 ἐστὶν
3115 1009 3361 1076 ἔνδειξις,
3410 1011 3692 1079 ἀπαγγελία
3727 1015 3769 1066 δὲ

554 1097 837 1150 voluntate
859 1107 911 1150 et
930 1105 1108 1150 mente
1131 1097 1314 1166 pejora
1336 1098 1656 1152 melioribus
1681 1108 2099 1168 anteposuerunl

2238 1106 2346 1156 τῶν
2398 1103 2709 1172 ἐθελοκάκῳ
2750 1100 2944 1175 γνώμῃ
2990 1103 3060 1154 τά
3120 1101 3288 1171 χείρω
3321 1102 3426 1153 τῶν
3491 1105 3768 1172 κρειττόνων

554 1204 614 1242 se
664 1191 812 1258 ipsos
863 1189 1006 1242 enim
1053 1189 1330 1257 subjectos
1380 1190 1589 1258 judicio
1625 1191 1904 1246 declarare
1962 1207 2099 1260 nequ

2238 1194 2622 1264 ποιησαμένων
2680 1193 3028 1263 ἐπίπροσθεν.
3097 1192 3169 1245 Τὸ
3201 1193 3299 1262 μὲν
3326 1188 3418 1246 οὖν
3451 1193 3646 1264 ἐνόχους
3667 1198 3768 1248 ἐαυ-

554 1294 903 1334 communem
949 1281 1283 1334 Salvatorem
1310 1282 1662 1350 accipientes,
1701 1283 1919 1336 malitia:
1946 1298 2099 1337 eorut

2237 1288 2362 1348 τοὺς
2393 1287 2658 1356 κρίματος
2690 1286 2968 1355 ἀποφῆναι
2996 1285 3089 1337 καὶ
3127 1285 3200 1355 μὴ
3228 1284 3682 1356 παραδεξαμένους
3698 1293 3767 1340 τὸν

552 1382 635 1426 est
665 1373 938 1434 revelatio,
975 1373 1107 1425 nihil
1157 1382 1338 1426 autem
1371 1374 1438 1427 ad
1482 1374 1751 1428 dicentem
1785 1376 2024 1444 pertinet
2071 1388 2097 1428 s

2248 1379 2426 1432 κοινὸν
2459 1380 2707 1450 Σωτῆρα,
2737 1379 2839 1449 τῆς
2865 1379 3087 1430 ἐκείνων
3133 1377 3250 1430 ἐστὶ
3280 1376 3570 1447 μοχθηρίας
3592 1379 3768 1431 ἀπόδειρ

553 1467 764 1518 venisse
799 1480 904 1518 non
947 1464 1231 1534 utjudicet
1261 1466 1545 1533 mundum,
1579 1467 1744 1520 sedut
1794 1468 1985 1521 Salvet.

2239 1469 2318 1534 ξις
2343 1485 2356 1498 ·
2382 1470 2694 1521 ἀντιπίπτει
2738 1469 2794 1521 δέ
2848 1469 3001 1521 οὐδὲν
3043 1469 3180 1538 πρὸς
3236 1467 3329 1519 τὸν
3376 1468 3589 1520 εἰπόντα
3627 1468 3766 1521 ἐλθεῖν

2237 1563 2336 1614 οὐκ
2363 1564 2458 1616 ἐπὶ
2486 1563 2546 1614 τὸ
2575 1565 2755 1632 κρῖναι
2784 1561 2876 1614 τὸν
2907 1561 3112 1630 κόσμον
3134 1560 3250 1619 ἀλλ’
3282 1562 3360 1622 είς
3393 1560 3454 1612 τὺ
3471 1560 3645 1614 σῶσαι.

622 1641 823 1694 Contra
847 1657 977 1696 vero
1011 1652 1239 1698 testatur
1264 1644 1521 1699 bonitatis
1542 1645 1769 1716 pelagus
1800 1647 2130 1704 immensum

2305 1655 2627 1707 Τούναντίον
2659 1649 2751 1709 οὖν
2786 1655 3055 1726 μαρτυρεῖ
3105 1653 3512 1722 φιλανθρωπίας
3562 1653 3765 1721 πέλαγος

553 1749 611 1787 se
655 1736 852 1788 trmltos
884 1735 952 1788 ab
980 1752 1166 1790 errore
1205 1739 1520 1805 retraxisse,
1553 1749 1604 1792 et
1644 1754 1750 1793 non
1794 1751 2051 1809 parentes
2077 1758 2098 1795 e

2237 1744 2483 1816 ἄπειρον,
2518 1746 2598 1798 ὅτι
2629 1762 2689 1797 τε
2720 1746 2948 1808 πολλοὺς
2988 1745 3088 1815 τῆς
3115 1743 3324 1812 πλάνης
3356 1744 3645 1808 ἀνείλκυσε,
3692 1747 3767 1797 καὶ

550 1840 608 1878 se
655 1828 756 1879 sub
809 1827 1075 1895 judicium
1128 1840 1392 1898 ponentes
1445 1848 1554 1886 non
1619 1833 1881 1899 multare,
1951 1850 2095 1903 nequ

2238 1839 2643 1906 ἀπειθήσαντας
2681 1839 2775 1892 καὶ
2807 1839 2914 1892 ὑπὸ
2935 1839 3114 1909 κρῖμα
3149 1837 3342 1899 θέντας
3369 1837 3586 1898 ἑαυτοὺς
3605 1837 3691 1890 οὐκ
3704 1838 3768 1888 εὑ·

549 1918 766 1986 puuire,
829 1935 1002 1988 neque
1049 1923 1341 1990 danmare,
1403 1925 1497 1978 sed
1542 1941 1668 1994 erga
1719 1941 1815 1981 eos
1869 1928 1963 1996 qui
2021 1945 2090 1982 no

2239 1927 2540 1988 θύνει,ούδὲ
2571 1929 2810 1994 κολάζει,
2839 1929 2957 1982 οὐδὲ
2972 1908 3314 1997 κατακρίνει,
3334 1927 3465 1981 ἀλλὰ
3489 1928 3612 1999 πρὸς
3639 1929 3766 1980 ἀπει-

548 2018 741 2077 parent
765 2011 1059 2081 benignum
1089 2029 1209 2068 esse
1249 2033 1263 2070 :
1301 2034 1319 2066 ι
1345 2014 1536 2070 Totam
1559 2017 1700 2071 diem
1728 2019 1897 2082 enim,
1931 2019 2093 2088 inquit

2239 2020 2459 2084 θοῦντας
2481 2023 2844 2093 χρηστεύεται
2870 2039 2883 2053 ·
2916 2021 3037 2074 οὐδέ
3065 2022 3192 2092 ὃλην
3219 2022 3349 2091 γὰρ,
3372 2023 3520 2090 φησὶ,
3554 2020 3640 2090 τὴν
3659 2021 3769 2089 ήμέ-

553 2103 772 2156 extendi
823 2121 1018 2158 manus
1070 2122 1217 2161 meas
1273 2109 1341 2162 ad
1396 2111 1650 2179 p0pulum
1682 2125 1786 2164 non
1850 2121 2098 2180 parentem

2240 2131 2339 2185 ραν
2368 2114 2670 2178 ἐξεπέτασα
2696 2115 2795 2177 τὰς
2820 2113 3014 2185 χεῖράς
3045 2131 3145 2182 μου
3161 2113 3299 2184 πρὸς
3325 2112 3449 2165 λαὸν
3484 2111 3768 2164 ἀπειθοῦντα

549 2203 602 2243 et
636 2195 1126 2249 contradicentem.
1158 2217 1175 2249 ι
1219 2197 1506 2253 Damnatio
1547 2201 1711 2270 igitur
1741 2203 1800 2254 lit
1829 2203 1968 2272 apud
2007 2218 2094 2256 nos

2237 2206 2333 2259 καὶ
2371 2207 2738 2275 ἀντιλέγοντα.
2799 2208 3135 2277 Κατάκριμα
3165 2207 3256 2259 οὖν
3301 2205 3507 2274 γίνεται
3565 2220 3769 2275 παραγε-

549 2295 798 2339 versatus
854 2285 1101 2342 Salvator
1157 2289 1363 2344 malitia
1418 2306 1610 2345 eorum
1647 2293 1739 2360 qui
1792 2291 1968 2362 ipsum
2025 2307 2094 2346 act

2236 2297 2405 2367 γονὼς
2439 2301 2466 2351 ὁ
2490 2299 2680 2367 Σωτὴρ
2722 2299 2811 2352 διὰ
2869 2298 3171 2369 μοχθηρίας
3208 2296 3323 2349 τῶν
3356 2292 3767 2366 παραδεξαμένων

548 2388 829 2444 ceperunt,
869 2395 976 2431 non
1019 2381 1233 2449 judicat
1283 2382 1403 2436 illos
1450 2398 1626 2453 neque
1667 2384 1841 2453 punit,
1874 2393 2093 2438 extrem:

2238 2392 2400 2446 αὐτόν
2428 2409 2442 2424 ⁸
2474 2393 2535 2446 ού
2574 2393 2748 2464 κρίνει
2786 2393 2843 2446 δὲ
2872 2393 3100 2454 τούτους
3152 2390 3282 2444 ούδέ
3341 2392 3645 2460 τιμωρεῖται
3700 2387 3768 2439 διὰ

548 2466 896 2534 benignitatis
924 2471 1118 2538 gratia,
1149 2479 1203 2523 et
1234 2472 1360 2539 quia
1393 2473 1630 2541 priorem
1682 2472 1802 2541 ejus
1839 2473 2093 2526 adventur

2237 2486 2647 2559 φιλανθρωπίαν
2696 2486 2893 2556 ἄκραν,
2929 2483 3023 2538 καὶ
3071 2485 3132 2537 τὺ
3195 2479 3298 2552 τὴν
3336 2484 3594 2555 προτέραν
3632 2480 3766 2535 αὐτοῦ

547 2573 656 2610 non
684 2559 874 2628 judicii
911 2569 1145 2630 tempus,
1178 2563 1271 2616 sed
1302 2563 1620 2618 oeconomiae
1658 2571 1712 2618 et
1735 2565 2092 2634 compassioni

2237 2579 2542 2648 παρουσίαν
2574 2577 2648 2647 μὴ
2699 2576 2934 2646 κρίσεως
2969 2574 3157 2646 καιρὸν
3207 2574 3326 2627 ἀλλ’
3366 2573 3655 2642 οἰκονομίας
3695 2565 3769 2622 και

547 2652 836 2705 ostendere
872 2653 921 2706 ei
967 2663 1050 2706 est
1080 2656 1132 2707 in
1177 2657 1382 2709 animo.
1419 2655 1473 2708 Si
1515 2659 1638 2726 quis
1672 2666 1850 2710 autem
1883 2657 2010 2711 velit
2037 2659 2092 2726 ju

2237 2667 2576 2738 συμπαθείας
2631 2665 2894 2731 ἐπιδεῖξαι
2959 2663 3230 2733 βούλεται.
3306 2663 3368 2714 Εἰ
3424 2660 3480 2713 δέ
3506 2675 3583 2720 τις
3627 2657 3766 2709 ἐθέλοι

547 2743 800 2797 veniliter
830 2747 937 2798 vim
984 2746 1268 2801 intendere
1299 2757 1354 2801 et
1383 2759 1595 2803 mutare
1633 2749 1900 2818 judicium
1932 2751 1985 2804 iu
2014 2752 2092 2804 dis

2235 2760 2628 2829 νεανικώτερον
2656 2757 3035 2820 ἐκϐιάσασθαι,
3067 2755 3163 2809 καὶ⁵
3199 2753 3525 2824 μεταλαϐεῖν
3545 2754 3599 2804 τὸ
3628 2752 3768 2820 κρῖμα

549 2838 847 2890 cretionem
874 2848 927 2891 et
945 2841 1370 2908 separationem.
1391 2843 1444 2894 in
1471 2844 1643 2898 sacris
1664 2845 1882 2913 quidem
1909 2843 2094 2898 Litteri

2235 2855 2314 2916 εἰς
2346 2851 2615 2922 διάκρισιν
2644 2851 2738 2903 καὶ
2774 2847 3163 2920 διαχωρισμὸν,
3189 2845 3345 2917 παρὰ
3376 2845 3472 2914 μέν
3498 2845 3601 2905 τοῖς
3636 2842 3765 2911 ἱεροῖς

546 2943 676 2993 non,
717 2938 775 2982 ut
801 2930 1058 2994 arbitror,
1093 2932 1232 2986 hanc
1261 2948 1448 2987 vocem
1499 2934 1551 2989 id
1589 2946 1900 2998 sonantem,
1935 2945 2091 2990 contr

2234 2944 2576 3014 γράμμασιν,
2590 2943 2690 2995 οὐκ
2706 2942 2772 2996 ἂν
2787 2935 2941 3010 οἶμαι
2969 2941 3068 3009 τὴν
3085 2937 3227 3003 λέξιν
3255 2939 3418 2992 τοῦτο
3441 2937 3767 3008 σημαίνουσαν

549 3035 708 3073 usum
741 3019 959 3075 ﬁrmum
993 3023 1267 3091 inveniet;
1301 3027 1537 3094 reperiet
1568 3026 1799 3081 fortasse
1823 3028 1998 3096 quoad
2030 3028 2094 3081 lto

2236 3033 2380 3087 κατὰ
2409 3035 2602 3103 χρῆσιν
2627 3034 2965 3087 ἀδιάπτωτον
2996 3031 3145 3103 εὖροι
3166 3044 3180 3058 ’
3213 3029 3500 3101 εὑρήσειδ’
3529 3031 3650 3089 ἴσως
3675 3025 3766 3078 δια-

547 3129 742 3168 sensus
773 3115 1129 3185 cogitationes
1160 3133 1268 3170 non
1300 3120 1434 3173 satis
1455 3122 1767 3187 probantes,
1799 3128 1892 3172 ut:
1930 3119 2092 3174 «Nolil

2237 3125 2386 3188 νοίας
2570 3122 2977 3192 άποφαινούσας
3009 3086 3146 3193 πρὸς
3167 3122 3234 3175 τὰ
3264 3086 3491 3176 τοίαῦτα
3543 3116 3768 3189 σημαινόο

551 3207 777 3260 credere
823 3208 949 3275 quia
999 3210 1121 3262 veni
1171 3210 1390 3264 mittere
1439 3227 1626 3280 pacem
1674 3229 1840 3282 super
1885 3223 2086 3267 terram

2239 3233 2377 3284 μενα
2404 3231 2418 3245 °
2449 3209 2558 3268 οἷον
2589 3215 2664 3285 μὴ
2681 3215 2938 3284 νομίσητε
2969 3217 3050 3268 ὅτι
3079 3210 3241 3285 ἦλθον
3276 3213 3458 3285 βαλεῖν
3475 3212 3679 3282 εἰρήνην
3696 3209 3767 3260 ἐπὶ

549 3313 656 3349 non
710 3298 833 3350 veni
887 3314 1074 3368 pacem
1124 3302 1342 3355 mittere
1383 3311 1476 3356 scd
1510 3304 1792 3371 gladium;
1831 3306 1954 3358 veni
1987 3307 2094 3359 enit

2234 3309 2334 3380 τὴν
2367 3310 2490 3380 γῆν,
2524 3309 2623 3362 οὐκ
2651 3305 2814 3378 ἦλθον
2846 3308 3028 3378 βαλεῖν
3051 3309 3299 3377 εἰρήνην,
3332 3306 3468 3360 ἀλλὰ
3499 3305 3764 3376 μάχαιραν·

547 3387 849 3456 dijudicare
876 3389 1150 3445 hominem
1178 3402 1364 3447 contra
1392 3403 1600 3462 patrem
1661 3396 1799 3464 ejus,
1837 3404 1891 3448 et
1933 3412 2092 3449 nuru:

2232 3399 2394 3472 ἦλθον
2426 3401 2534 3474 γὰρ
2557 3400 2777 3455 δικάσαι
2802 3399 3087 3470 ἄνθρωπον
3109 3400 3250 3453 κατά
3284 3398 3378 3452 τοῦ
3403 3397 3600 3467 πατρὸς
3628 3389 3765 3446 αὺτοῦ

554 3490 748 3534 contra
814 3497 1031 3536 socrum
1089 3499 1273 3550 suam;
1326 3495 1400 3552 et,
1454 3487 1611 3556 cujus
1664 3489 2026 3542 ventilabrum
2076 3489 2099 3542 in

2233 3495 2325 3547 mi.
2357 3495 2630 3565 θυγατέρα
2651 3495 2793 3547 κατὰ
2819 3495 2917 3561 τῆς
2948 3491 3154 3563 μητρὸς
3189 3491 3386 3562 αὐτῆς,
3442 3489 3535 3543 καὶ
3583 3486 3767 3554 νύμφην

547 3589 712 3627 manu
744 3574 886 3643 ejus,
926 3584 980 3629 et
1026 3577 1476 3647 purgabitaream
1507 3595 1685 3646 suam,
1710 3592 1761 3634 et
1800 3583 2090 3635 frumentut

2231 3588 2372 3642 κατὰ
2401 3589 2499 3657 τῆς
2541 3587 2808 3657 πενθερᾶς
2832 3586 3001 3655 αὐτῆς
3027 3601 3040 3615 ³
3068 3585 3182 3649 καὶ,
3237 3577 3301 3636 οὗ
3351 3583 3411 3637 τὸ
3447 3581 3606 3636 πτύον
3641 3581 3690 3631 ἐν
3713 3579 3766 3643 τῇ

547 3666 768 3735 quidem
823 3670 1181 3740 congregabit
1236 3672 1288 3725 in
1343 3671 1624 3738 horreum,
1683 3675 1891 3743 paleam
1949 3685 2090 3729 auter

2229 3681 2375 3750 χειρὶ
2403 3679 2590 3743 αὐτοῦ,
2633 3681 2726 3733 καὶ
2767 3678 3109 3748 διακαθαριεῖ
3137 3677 3236 3748 τὴν
3269 3678 3456 3732 ἅλωνα
3492 3671 3664 3733 αὑτοῦ,
3691 3669 3766 3720 καὶ

547 3759 830 3812 comburet
862 3759 986 3829 igne
1014 3761 1445 3833 inexstinguibili
1464 3781 1508 3828 ;›
1536 3766 1849 3834 etquaedam
1869 3765 2092 3834 hujusce

2228 3772 2318 3826 τὸν
2350 3775 2448 3844 μὲν
2485 3778 2627 3827 σῖτον
2667 3773 2881 3836 συνάξει
2912 3774 2990 3834 είς
3022 3771 3122 3842 τὴν
3148 3771 3457 3840 ἀποθήκην,
3487 3771 3544 3820 τὸ
3577 3765 3628 3818 δὲ
3655 3763 3765 3830 ἄχυ-

546 3851 691 3904 modi
726 3851 851 3905 alia.
884 3851 1138 3908 Attamen
1188 3871 1366 3924 neque
1416 3857 1486 3910 ita
1518 3873 1798 3912 sacrorum
1835 3859 2091 3912 verborur

2229 3882 2320 3937 ρον
2353 3863 2688 3920 κατακαύσει
2744 3865 2877 3934 πυρὶ
2916 3865 3204 3932 άσὸέστῳο
3256 3862 3353 3915 καί
3404 3878 3523 3916 τινα
3575 3853 3766 3910 τοιαῦτα

546 3957 724 4012 pugna
755 3943 830 3997 illi
855 3944 949 4014 qui
982 3947 1062 4000 sic
1105 3961 1223 4000 eam
1256 3949 1497 4016 instruit,
1528 3951 1665 4003 inter
1696 3951 1850 4015 illud,
1881 3951 2091 4020 inquam

2225 3959 2409 4029 ἕτερα.
2466 3958 2616 4026 Πλὴν
2647 3956 2755 4010 οὐδ’
2783 3957 2955 4017 οὕτως
2989 3958 3020 4025 ἠ
3049 3955 3159 4006 τῶν
3188 3954 3354 4021 ἱερῶν
3387 3954 3636 4025 ῥημάτων
3681 3944 3766 4015 μά-

551 4052 570 4085 (
603 4033 659 4088 In
689 4037 958 4106 judicium
987 4054 1086 4108 ego
1122 4041 1173 4092 in
1203 4041 1349 4095 hunc
1376 4042 1640 4095 mundutn
1672 4045 1818 4106 veni,
1845 4062 1863 4094 ›
1895 4054 1946 4097 et
1971 4043 2096 4097 illud

2224 4069 2294 4122 χη
2319 4051 2397 4122 τῷ
2441 4051 2648 4122 ταύτην
2676 4047 3156 4117 διασκευαξομένῳ
3201 4046 3348 4115 λέγω
3396 4047 3459 4116 δὴ
3505 4043 3654 4103 τότε,
3687 4040 3763 4096 Εἰς

551 4124 694 4180 «Non
717 4127 837 4181 veni
861 4127 1108 4196 judicare
1125 4131 1441 4198 mundum,»
1468 4133 1577 4185 ullo
1594 4135 1755 4187 modo
1776 4133 2096 4188 conﬂabitur

2224 4146 2396 4212 κρῖμα
2424 4141 2532 4210 ἐγὼ
2560 4144 2638 4206 εἰς
2661 4142 2750 4195 τὸν
2773 4143 2975 4211 κόσμον
3004 4139 3239 4210 ἐλήλυθα
3269 4155 3286 4169 ·
3318 4138 3413 4191 καὶ
3438 4138 3515 4200 τὸ,
3549 4134 3654 4189 Οὐκ
3681 4127 3763 4201 ἦλ-

545 4219 795 4272 Salvator
822 4220 969 4273 enim
1005 4233 1062 4275 ut
1089 4224 1352 4278 mundum
1388 4227 1702 4295 pacilicaret
1733 4237 1787 4281 et
1830 4227 1978 4280 Patri
2035 4243 2090 4280 re

2224 4233 2314 4286 θον
2347 4237 2525 4304 κρῖναι
2555 4234 2644 4286 τὸν
2691 4233 2899 4303 κόσμον
2953 4232 3088 4284 ἀλλά
3125 4231 3321 4294 σῶσαι,
3352 4230 3609 4299 οὕμενουν
3630 4224 3764 4277 οὖδα-

543 4309 860 4365 conciliaret
909 4328 1003 4366 eos
1048 4314 1142 4383 qui
1187 4317 1316 4368 olim
1365 4317 1442 4371 illi
1482 4318 1679 4372 infensi
1726 4329 1903 4385 erant,
1939 4319 2083 4372 venit

2224 4324 2340 4395 μῶς
2376 4325 2897 4394 συγκροτηθήσεται.
2951 4322 3009 4374 Ὀ
3041 4321 3140 4391 μέν
3177 4320 3287 4392 γὰρ
3323 4319 3506 4388 σωτὴρ
3546 4310 3763 4384 εἱρηνεῦ·

542 4399 856 4468 etquidem
908 4403 1148 4457 medium
1204 4406 1466 4474 parietem
1523 4409 1845 4462 munimenti
1896 4408 2080 4462 solvcn

2221 4435 2309 4469 σαι
2362 4417 2454 4470 τὸν
2510 4417 2712 4486 κόσμον
2768 4415 2862 4468 καὶ
2922 4411 3255 4478 καταλλάξαι
3308 4410 3386 4480 τῷ
3445 4408 3611 4477 Harp).
3657 4402 3760 4497 τούς

538 4501 675 4544 'cum
708 4492 775 4545 iis
805 4509 928 4562 quae
957 4495 1214 4550 deorsum
1243 4508 1370 4550 sunt
1418 4500 1505 4552 illa
1546 4515 1666 4569 quae
1693 4515 1908 4553 sursum
1945 4501 2083 4553 univi

2219 4510 2778 4580 ἐκπεπολεμωμένους
2815 4508 2980 4561 πάλαι
3010 4506 3158 4574 αὐτῷ
3181 4505 3524 4576 παραγέγονε
3545 4517 3558 4530 ·
3590 4500 3678 4552 καὶ
3711 4493 3761 4561 δὴ

542 4590 596 4635 et
637 4583 689 4635 in
741 4600 871 4652 pace
910 4589 1234 4654 constituit;
1287 4591 1332 4644 si
1375 4607 1502 4644 vero
1547 4593 1767 4659 quidam
1821 4608 2008 4662 pacem
2064 4594 2087 4644 it

2218 4603 2312 4654 καὶ
2349 4602 2410 4654 τὸ
2443 4601 2754 4672 μεσότοιχον
2777 4600 2870 4652 τοῦ
2901 4597 3158 4670 φραγμοῦ
3182 4595 3471 4666 περιελὼν,
3505 4595 3610 4655 τοῖς
3634 4589 3762 4643 κάτω

545 4675 891 4730 inimicitiam
936 4687 1306 4745 mutaverunt,
1337 4693 1389 4734 et
1434 4684 1689 4736 unionem
1731 4684 1784 4736 in
1823 4685 2090 4737 tumultun

2218 4693 2284 4746 τὰ
2322 4693 2433 4746 ἄνω
2461 4693 2664 4764 συνῆψέ
2697 4710 2757 4746 τε
2807 4693 2902 4745 καλ⁵
2938 4689 3348 4762 εἰρηνοποίησεν
3372 4702 3386 4715 ·
3443 4687 3490 4739 εί
3539 4684 3594 4737 δέ
3638 4693 3763 4738 τινες

541 4765 812 4831 fecerunt,
845 4783 954 4821 non
1007 4771 1059 4822 in
1109 4787 1274 4825 causa
1311 4782 1394 4825 est
1431 4774 1522 4842 qui
1580 4789 1768 4842 pacem
1802 4775 2034 4843 praebuit
2063 4791 2086 4826 (τ

2217 4788 2427 4850 ἑαυτοῖς
2461 4785 2560 4857 τὴν
2585 4787 2809 4857 εἰρήνην
2847 4786 2924 4849 εἰς
2959 4784 3157 4854 ἔχθραν
3178 4783 3533 4852 μετέστησαν,
3569 4774 3658 4827 καὶ
3679 4770 3761 4838 τὴν

543 4859 824 4925 unionem,
858 4860 952 4914 sed
984 4861 1059 4915 illi
1091 4863 1182 4932 qui
1214 4878 1271 4917 se
1303 4865 1450 4933 ipsos
1482 4864 1551 4918 ab
1597 4866 1662 4919 iis
1689 4866 1776 4935 qui
1807 4865 1949 4920 Patri
1975 4882 2088 4920 cont

2216 4876 2506 4948 διαλλαγὴν
2541 4880 2620 4940 είς
2661 4878 2941 4930 διάστασιν
2969 4874 3397 4944 ἀπειργάσαντο,
3425 4869 3544 4939 οὐχὶ
3569 4866 3656 4920 τοῦ
3679 4863 3761 4932 τὴν

533 4951 716 5020 juncti
758 4965 914 5008 erant
948 4963 1001 5008 et
1048 4955 1198 5024 pacis
1237 4956 1394 5010 bonis
1445 4956 1786 5024 fruebantur,
1816 4973 2074 5028 separare

2215 4969 2437 5039 είρήνην
2467 4973 2842 5042 παρασχόντος
2867 4971 2987 5025 ούδέ
3015 4971 3109 5025 τοῦ
3145 4968 3575 5033 καταλλάξάντος
3607 4964 3636 5033 ἡ
3685 4958 3760 5010 αἶ·

536 5053 684 5097 runt.
2213 5059 2319 5123 τία,
2339 5061 2475 5116 ἀλλὰ
2502 5064 2610 5117 τῶν
2626 5065 3040 5125 διασπασάντων
3054 5072 3276 5140 ἑαυτοὺς
3306 5078 3401 5130 καὶ
3411 5067 3760 5138 nautam»:

535 5140 642 5194 ἀπὸ
671 5142 779 5195 τῶν
811 5141 1260 5212 καταλλαγέντων
1313 5143 1387 5214 τῷ
1423 5147 1617 5218 Πατρὶ,
1649 5148 1870 5202 καὶτῶν
1893 5147 1994 5217 τῆς
2023 5149 2249 5224 εἰρήνης
2283 5157 2734 5218 άπολελαυκότων
2760 5162 3003 5234 ἀγαθῶν⁴
