3976 6222
227 296 333 359 1'25

792 405 1128 462 ΕΡΩΤΗΣΙΣ
1157 402 1253 457 Il".

222 506 293 559 El
318 503 387 555 τὸ
414 503 487 555 ἐν
520 500 770 555 κολάσει
797 497 1068 564 διηνεκεῖ
1092 493 1246 549 εἶναι
1293 493 1505 557 πολλῷ
1539 490 1810 564 χαλεπώ-

291 590 493 640 τερον,
529 572 636 624 τοῦ
668 570 813 640 [c0d.
849 562 1085 640 τόίγὰρ
1109 564 1409 640 ἀλγηδόσι
1430 564 1535 640 ’καὶ
1569 562 1813 640 όδύἴαις

294 632 780 703 κὰτατέίνεσῦαι,
818 639 885 709 τὸ
921 632 1092 708 Ἱέοίί.
1120 632 1262 709 tofi]
1291 632 1486 709 μηδὲν
1541 633 1815 709 ζοιρῦτον

294 714 567 781 πάσχειν
594 703 1099 781 πολλῷ-ἄμεινον,
1129 703 1256 770 πῶξ-
1294 708 1324 781 ὅ
1354 703 1500 781 Θεὸς
1548 703 1693 767 τοὺς
1739 703 1810 781 ἐγ

287 771 631 851 ἁμαρτίαις,
675 771 846 849 φασὶ,
867 771 1219 851 ᾆιέλγίοντιις
1250 777 1355 851 τὸν
1371 774 1517 851 ,βίον
1544 771 1818 838 κατατρι-

292 847 427 906 Cen;
456 847 788 921 παρήγαγε,
820 850 887 904 τὸ
918 848 1121 919 χεῖρον·
1153 849 1191 915 ἣ
1225 848 1292 899 τὸ
1362 847 1611 914 ἀμεινον
1663 858 1805 910 προ-

287 924 587 993 ελόμενος
612 939 632 986 ;

1216 291 1316 350 AD
1346 285 1938 349 AMI’HlLOCHIUM
1973 283 2320 358 QUESTIO
2349 284 2519 344 XIII.

3386 278 3488 344 126

2425 393 2755 463 ρυΑεεΤιο
2790 393 2932 448 XIII.

1915 488 1974 542 Si
2012 491 2064 542 in
2099 498 2298 542 wterna
2336 504 2489 555 posita
2512 488 2709 540 versari
2752 486 2919 539 multo
2955 486 3184 537 deterius
3220 493 3295 537 est
3328 499 3489 555 quam

1985 560 2198 612 omnino
2226 554 2459 612 vitanon
2493 559 2571 609 uti
2605 557 2755 623 (nihil
2789 559 2927 608 enim
2960 557 3072 622 pati
3100 555 3261 607 multo
3298 554 3487 607 melius

1984 639 2059 682 est
2095 646 2250 699 quam
2299 629 2569 681 doloribus
2599 628 3021 699 cruciatibusque
3066 626 3356 699 Δ(Ηυεπαή),
3394 639 3490 676 cur

1996 696 2128 751 Deus
2160 701 2395 753 ltomines
2426 700 2548 751 illos
2575 700 2664 767 qui
2696 700 2747 750 in
2767 697 2995 765 peccatis
3028 696 3190 746 vitam
3225 710 3490 767 consum-

1984 773 2128 837 pturi
2153 771 2535 835 erant,creaeit
2559 762 2959 837 {reutpejorem
2987 780 3098 833 pra:
3132 765 3345 818 meliore
3388 762 3489 816 eii-

1987 857 2107 910 gens
2130 841 2155 892 ?

1366 1026 1509 1076 Edita
1531 1039 1559 1073 a
1584 1020 1707 1071 Maio
1733 1017 1991 1070 Nov.Coll.
2027 1026 2047 1068 t
2094 1020 2173 1077 IX,
2199 1018 2273 1078 Η,
2309 1018 2380 1067 15.

290 1126 363 1174 α’.
392 1120 518 1172 Ὅτι
544 1118 640 1187 μὲν
681 1110 773 1170 οὗν
803 1114 1008 1184 βέλτιον
1047 1109 1114 1183 ἦν
1172 1115 1286 1175 τοῖς
1328 1111 1405 1173 είς
1458 1107 1804 1179 χαλεπότητα

218 1214 590 1283 πταισμάτων
620 1209 912 1280 ὲληλακόσι
940 1208 1002 1261 τὸ
1038 1206 1161 1277 μηδ’
1183 1206 1319 1268 ὅλως
1342 1203 1616 1272 γενέσθαι,
1643 1198 1805 1261 αὐτὸς

210 1312 241 1363 ό
299 1308 498 1377 Σωτὴρ
524 1304 685 1375 ἡμῶν
728 1305 786 1355 ὲν
815 1304 925 1363 τοῖς
958 1298 1309 1367 Εὑαγγελίοις
1337 1293 1572 1358 ἐδίδαξεν
1601 1289 1768 1344 εἰπών
1788 1304 1802 1319 ·

220 1420 240 1452 ι
283 1397 467 1453 Καλὸν
494 1393 561 1467 ἦν
593 1395 744 1464 αὐτῷ
779 1395 827 1446 εί
857 1397 955 1446 οὐκ
1002 1388 1234 1459 ἐγενήθη
1264 1389 1292 1440 ὁ
1319 1386 1608 1456 ἄνθρωπος
1660 1382 1804 1433 ἐκεῖ·

212 1509 311 1554 νος
333 1506 350 1521 ο
388 1508 407 1539 ι
440 1489 554 1541 ἀλλ’
603 1486 775 1557 Ἰούδᾳ
808 1484 907 1551 μὲν
938 1483 1034 1535 καὶ
1078 1484 1189 1543 τοῖς
1216 1479 1338 1532 κατ’
1369 1478 1528 1529 αὑτὸν
1580 1474 1806 1543 ἄμεινον

1984 1105 2035 1158 1.
2074 1104 2223 1169 Quos
2247 1120 2375 1158 sane
2401 1104 2593 1160 melius
2620 1103 2812 1159 fuisset
2834 1117 3176 1173 nequaquam
3195 1116 3289 1156 eos
3317 1100 3491 1165 nasci,

1913 1199 2006 1266 qui
2038 1198 2271 1252 summis
2299 1198 2599 1252 sceleribus
2631 1206 2804 1252 semet
2828 1196 3146 1253 obstricturi
3177 1203 3356 1260 erant,
3379 1195 3495 1263 ipse

1916 1288 2176 1343 Servator
2206 1301 2393 1344 noster
2430 1291 2481 1343 in
2515 1290 2803 1360 Evangelio
2844 1290 3027 1345 docuit
3055 1291 3244 1344 dicens
3276 1306 3290 1343 :
3332 1306 3350 1339 ι
3386 1288 3493 1341 Βο-

1914 1399 2044 1436 num
2080 1390 2197 1436 erat
2229 1384 2277 1437 ei
2330 1383 2375 1436 si
2412 1395 2574 1437 natus
2612 1401 2719 1438 non
2774 1382 2969 1438 fuisset
3012 1384 3178 1436 homo
3231 1383 3321 1435 ille
3360 1380 3426 1432 ⁸⁸.
3468 1398 3487 1429 ι

1916 1472 2166 1528 Profecto
2210 1472 2363 1527 Judae
2403 1490 2467 1528 ac
2510 1476 2783 1529 similibus
2833 1475 2952 1543 ejus
2986 1474 3181 1527 melius
3211 1481 3331 1527 erat
3383 1487 3491 1524 non

211 1545 417 1652 ἦν’τοῡ
446 1578 704 1647 γενέσθαι
732 1545 889 1645 ’τὸ-μὴ
934 1571 1190 1641 γενέσθαι
1223 1587 1236 1601 ·
1270 1570 1331 1623 οὐ
1359 1569 1463 1638 μὴν
1489 1567 1548 1619 δὲ
1577 1564 1805 1625 ἁπλῶς·

1936 1564 2066 1619 ιιιεοί
2103 1581 2116 1617 :
2149 1579 2238 1619 res
2261 1573 2437 1617 tamen
2469 1565 2767 1631 generatim
2792 1579 2899 1617 non
2932 1564 3006 1616 ita
3034 1578 3093 1617 se
3119 1562 3283 1616 habet
3314 1580 3326 1613 :
3364 1576 3493 1614 nam

215 1672 338 1727 ἀλλ’
375 1672 501 1724 οὐδὲ
536 1670 656 1740 Θεῷ
685 1669 941 1739 ἄμεινον·
967 1667 1099 1718 ὅπου
1131 1681 1193 1731 γε
1219 1662 1281 1715 τὸ
1315 1661 1412 1732 μὲν
1458 1661 1537 1721 εἰς
1569 1657 1812 1711 ἀπόλαυ-

219 1783 309 1816 σιν
334 1766 464 1827 ἄγει
492 1762 587 1815 τοῦ
611 1761 783 1823 ὸντος.
818 1759 911 1811 καὶ
938 1758 1035 1827 τῆς
1069 1755 1218 1817 θείας
1256 1750 1513 1824 προνοίας
1556 1748 1654 1801 καὶ
1722 1747 1815 1815 δη-

228 1854 526 1925 μιουργίας
556 1852 703 1904 ἐστὶν
738 1846 1122 1917 ε’ξαγγελτικόν
1148 1862 1161 1874 ⁸
1192 1844 1252 1897 τὸ
1280 1844 1337 1896 δὲ
1375 1841 1467 1893 τοῦ
1493 1840 1643 1901 ὄντος
1670 1835 1817 1899 ἅπαξ

224 1946 509 2010 διαπεσὸν,
553 1942 693 2013 μετὰ
738 1939 834 1994 τοῦ
894 1939 1063 2010 μηδὲν
1104 1934 1465 1989 ἐκκαλύπτειν
1515 1933 1613 1999 τῆς
1646 1930 1816 1998 ὑπερ-

223 2039 399 2109 φυοῦς
431 2037 627 2105 σοφίας
654 2032 746 2087 τοῦ
774 2033 929 2098 Θεοῦ,
964 2031 1084 2083 οὐδὲ
1110 2029 1218 2082 τῶν
1252 2026 1433 2081 καλῶν
1485 2040 1629 2085 τινος
1685 2038 1816 2092 μετ-

219 2134 373 2201 έχειν
406 2130 632 2182 δύναται
660 2144 673 2158 ’
706 2124 902 2179 οὐκοῦν
934 2123 1056 2176 ἐπεὶ
1086 2119 1406 2189 τὸγενέσθαι
1441 2118 1535 2169 τοῦ
1569 2114 1643 2187 μὴ
1667 2112 1818 2182 γενέ-

222 2223 355 2276 σθαι
388 2223 651 2292 κρεῖσσον
675 2219 767 2271 καὶ
780 2216 840 2268 τὸ
869 2213 1007 2267 εἶναι
1036 2213 1130 2266 τοῦ
1158 2212 1232 2282 μὴ
1262 2205 1420 2273 εἶναι,
1451 2207 1557 2260 ἔδει
1585 2207 1646 2257 τὸ
1674 2205 1817 2257 θεῖον

218 2318 304 2378 εἰς
355 2310 725 2384 δημιουργίαν
770 2308 960 2360 ἀπιδὸν
995 2305 1069 2375 μὴ
1132 2302 1228 2356 τοῦ
1268 2300 1510 2371 χείρονος
1564 2294 1817 2365 γενέσθαι

218 2408 284 2461 τό
324 2408 387 2460 δὲ
420 2408 672 2476 κρεῖττον
704 2397 1146 2471 ἀπεργάζεσθαιο
1191 2395 1366 2457 οὕτως
1418 2388 1511 2445 οὖν
1565 2386 1820 2457 οὐδαμῶς

220 2504 345 2555 ἐστι
375 2498 500 2570 Θεῷ
525 2497 758 2569 πρέπον,
797 2493 918 2547 ἀντὶ
946 2492 1046 2561 τῆς
1086 2492 1162 2551 είς
1198 2487 1260 2540 τὸ
1293 2483 1435 2539 εἶναι
1487 2480 1820 2554 προαγωγῆς

220 2594 335 2649 τῶν
366 2592 673 2662 ἐσομένων,
700 2590 733 2658 ἡ
767 2588 847 2649 είς
873 2584 934 2637 τὸ
970 2582 1045 2654 μὴ
1083 2581 1142 2633 ὃν
1174 2575 1557 2648 ὲγκατόιλειψις
1593 2589 1605 2603 ’
1642 2575 1691 2625 εί
1727 2570 1822 2624 καὶ

120 2707 136 2727 ο
219 2688 304 2758 τῷ
335 2684 586 2757 προδότῃ
623 2684 680 2733 ὲν
709 2680 860 2750 νόμῳ
890 2674 1328 2744 ταλανιζομένων
1378 2672 1412 2741 ἡ
1441 2667 1820 2738 φιλάνθρωπος

226 2756 335 2849 Ξιρη
376 2756 560 2845 σοφία,
596 2775 758 2827 καλὸν
795 2769 863 2843 ἦν
900 2768 1050 2838 αὐτῷ
1100 2769 1148 2818 εί
1197 2764 1274 2835 μὴ
1304 2762 1599 2831 ἐγεγένητο
1631 2775 1645 2787 ·
1698 2756 1823 2810 ἐπεὶ

230 2874 327 2926 καὶ
377 2870 557 2931 ἄλλως
613 2867 740 2928 τοὺς
768 2861 1203 2933 ’ἁμαρτάνοντας
1248 2858 1361 2918 τοῖς
1412 2852 1821 2923 ἀναμαρτήτοις

226 2967 286 3018 ὲν
317 2965 423 3033 ἴσῳ
451 2958 735 3029 τετάχθαι,
777 2954 1130 3026 χαριέστατον
1167 2947 1264 3019 μὲν
1294 2947 1359 2998 ἂν
1405 2943 1488 3014 εἴη
1514 2959 1528 2972 ’
1590 2940 1727 2994 Θεοῦ
1762 2939 1820 3033 δέ

231 3030 416 3125 κρίσει
445 3051 508 3104 ού
536 3051 637 3120 μὲν
687 3043 779 3100 οὖν
802 3044 1053 3114 οὐδαμῶς
1097 3039 1321 3094 ἀνεκτὸν
1363 3036 1483 3089 οὐδὲ
1514 3033 1662 3098 ἄξιον
1682 3050 1695 3062 ·
1728 3030 1821 3084 καὶ

234 3124 295 3200 τὸ
324 3144 403 3216 μὴ
430 3141 615 3196 δοῦναι
650 3141 808 3210 δίκην
843 3135 1179 3206 ὀφείλοντας,
1213 3130 1466 3200 δεύτερον
1500 3127 1599 3197 μὲν
1638 3124 1822 3216 αὐτοῖς

228 3213 443 3307 ἀγαθόν
476 3253 491 3264 ’
523 3234 639 3287 ἀλλ’
674 3230 973 3285 οὐδὲτοῦτο
1001 3227 1097 3296 τῆς
1120 3221 1515 3293 δικαιοκρισίας
1539 3217 1705 3287 ὲγγὸς
1725 3213 1819 3268 τοῦ

228 3330 374 3383 Θεοῦ
401 3346 413 3359 ·
440 3330 537 3383 καὶ
570 3325 742 3396 μυρία
774 3322 931 3376 ἄλλα.

306 3423 381 3493 β’.
421 3419 582 3474 Κατὰ
607 3419 699 3470 τὸν
722 3415 886 3469 αὑτὸν
939 3412 995 3465 δὲ
1040 3411 1238 3483 τρόπον
1285 3407 1503 3461 καὶτὸν
1548 3401 1821 3473 ἀμετάθε-

229 3534 327 3571 τον
357 3513 551 3585 είρμὸν
580 3509 676 3564 τοῦ
708 3508 887 3576 λόγου,
921 3505 1014 3559 καὶ
1037 3503 1193 3574 ἡτῶν
1217 3500 1490 3569 ἐσομένων
1521 3493 1821 3585 προαγωγὴ

228 3583 429 3671 αὐτοῖς
456 3583 519 3657 τε
555 3603 763 3674 βέλτιον
816 3600 912 3653 καὶ
952 3596 1072 3666 Θεῷ
1132 3591 1606 3666 πρεπωδέστατον,
1635 3588 1683 3639 εί
1728 3583 1822 3637 καί

229 3716 386 3760 τινες
425 3696 537 3749 τῶν
572 3691 955 3763 προαχθέντων
1012 3686 1191 3758 χρόνῳ
1227 3683 1454 3752 ὕστερον
1512 3678 1823 3748 αὐθαιρέτῳ

229 3787 441 3860 γνώμῃ
468 3786 576 3840 τῶν
610 3782 937 3854 κρειττόνων
979 3779 1048 3832 τὰ
1080 3778 1301 3847 χείρονα
1354 3771 1674 3842 ἠλλάξαντο,
1728 3769 1824 3822 καὶ

229 3884 337 3950 τὴν
365 3876 688 3947 θαυμαστὴν
719 3872 817 3926 καὶ
856 3871 1127 3940 σωτήριον
1166 3864 1532 3937 δημιουργίαν
1566 3862 1659 3916 τοῦ
1689 3861 1823 3914 Θεοῦ

238 3969 523 4042 σφαλερὰν
549 3968 736 4029 αὐτοῖς
804 3963 1233 4031 κατεστήσαντο,
1283 3958 1345 4010 τὸ
1406 3956 1627 4027 ἄριστον
1687 3970 1825 4026 προ-

236 4066 475 4131 αγαγεῖν
500 4060 977 4130 φιλονεικήσαντες
1000 4057 1080 4118 εἰς
1110 4053 1170 4107 τὸ
1204 4052 1477 4124 χείριστον
1501 4066 1513 4081 ο
1565 4050 1644 4102 ἔτι
1691 4051 1748 4103 δὲ
1777 4051 1826 4101 εἰ

234 4158 298 4209 τὸ
331 4154 431 4225 μὲν
466 4152 606 4205 θεῖον
636 4150 721 4205 ἀεί
749 4149 809 4203 τέ
846 4150 963 4200 ἐστι
985 4147 1080 4199 καὶ
1108 4146 1165 4198 ὲν
1195 4143 1487 4215 ἀτρέπτοις
1522 4140 1615 4194 καὶ
1662 4139 1828 4192 ἀναλ-

1917 1653 2028 1709 Deo
2081 1664 2229 1709 certe
2272 1654 2325 1708 id
2366 1654 2563 1708 melius
2606 1669 2713 1708 non
2741 1663 2824 1709 est
2859 1671 2871 1707 :
2916 1653 3183 1725 siquidem
3218 1653 3392 1717 nasci,
3425 1652 3490 1704 ad

1916 1745 2250 1800 exsistentiae
2283 1746 2689 1815 possessionem
2721 1745 2988 1815 perducit,
3016 1746 3323 1813 divinaeque
3364 1759 3495 1813 pro-

1915 1838 2170 1892 videntiae
2195 1846 2247 1891 et
2279 1838 2575 1892 creationis
2616 1838 2928 1907 praedicatio
2957 1844 3061 1891 est.
3127 1835 3280 1901 Quod
3312 1844 3494 1888 autem

1917 1928 2238 1982 exsistcntia
2271 1940 2441 1994 caret,
2479 1938 2675 1999 praeter
2701 1944 2866 1998 quam
2909 1928 3055 1998 quod
3086 1942 3357 1981 summam
3402 1925 3498 1979 Dei

1919 2023 2240 2092 sapientiam
2277 2024 2430 2077 nullo
2460 2024 2623 2077 modo
2654 2022 2939 2093 praedicat,
2985 2036 3053 2075 ne
3093 2020 3237 2074 bona
3277 2020 3495 2088 quidem

1920 2114 2032 2166 ulla
2083 2114 2346 2184 consequi
2400 2121 2601 2184 potest.
2630 2114 2800 2184 Igitur
2823 2113 2951 2183 quia
2984 2111 3136 2166 nasci
3175 2106 3371 2164 melius
3415 2119 3503 2164 est

1920 2221 2085 2275 quam
2132 2221 2242 2259 non
2273 2207 2447 2273 nasci,
2479 2217 2684 2261 etesse
2731 2206 2929 2260 melius
2978 2220 3144 2274 quam
3202 2219 3313 2257 non
3350 2218 3495 2261 esse.

1920 2297 2167 2366 Oportuit
2194 2296 2364 2351 Deum
2394 2297 2461 2352 de
2499 2297 2776 2351 creatione
2800 2297 3129 2367 COgitantem
3154 2294 3380 2348 meliora
3404 2308 3502 2362 po-

1920 2393 2033 2445 tius
2062 2401 2223 2460 quatn
2251 2392 2524 2446 deteriora
2550 2406 2729 2459 agere.
2770 2388 2866 2444 Sic
2895 2403 3026 2457 ergo
3058 2387 3228 2441 Deum
3266 2402 3375 2441 non
3404 2388 3500 2440 de-

1922 2483 2059 2546 cuit,
2103 2483 2310 2537 umisso
2354 2483 2576 2537 creandi
2625 2482 2881 2547 consilio,
2926 2495 3041 2534 rem
3095 2479 3237 2532 hanc
3268 2490 3321 2533 et
3349 2478 3501 2532 illam

1923 2571 2221 2625 increatam
2272 2572 2623 2642 relinquere:
2658 2571 2908 2642 quamvis
2940 2569 3009 2623 de
3058 2569 3341 2640 proditore
3388 2567 3503 2622 cle-

1923 2677 2077 2716 mens
2107 2663 2377 2732 sapientia
2409 2664 2791 2721 miserantium
2829 2662 2935 2716 ritu
2961 2661 3181 2728 dixerit,
3212 2661 3408 2715 melius
3450 2660 3501 2713 ei

1923 2752 2097 2807 fuisse
2131 2754 2177 2808 si
2223 2763 2385 2808 natus
2432 2769 2538 2808 non
2570 2763 2741 2808 esset.
2790 2751 2927 2807 Nam
2967 2762 3021 2807 et
3046 2753 3250 2822 alioqui
3300 2753 3503 2822 jucun-

1852 2884 1894 2942 ο
1927 2843 2217 2897 dissimum
2257 2845 2645 2913 peccatoribus
2683 2843 2842 2909 foret,
2892 2845 2937 2899 si
2966 2844 3083 2913 pari
3118 2846 3239 2898 loco
3270 2858 3394 2898 cum
3425 2858 3504 2897 in-

1929 2935 2254 2991 nocentibus
2302 2937 2634 2991 haberentur
2666 2954 2680 2990 :
2710 2937 2858 3007 quod
2910 2946 3093 2991 tamen
3140 2935 3234 2990 Dei
3278 2936 3507 3005 justitiaa

1931 3041 2111 3097 neque
2157 3027 2441 3083 tolerabile
2485 3043 2663 3098 neque
2690 3028 2954 3082 decorum
3003 3036 3107 3082 est.
3133 3026 3273 3081 Tum
3312 3040 3509 3096 pmnas

1929 3139 2039 3177 non
2070 3124 2202 3179 dare
2230 3139 2377 3188 reos,
2415 3140 2638 3178 rursum
2680 3125 2768 3179 his
2808 3125 3012 3178 bonum
3045 3132 3230 3189 esset;
3266 3131 3505 3176 attamen

1928 3216 1981 3270 id
2029 3232 2059 3269 a
2082 3217 2232 3285 justo
2280 3217 2375 3272 Dei
2422 3216 2652 3272 consilio
2674 3217 2865 3287 procul
2897 3217 3071 3271 abest.
3106 3214 3373 3270 Sexcenta
3402 3214 3509 3269 bu-

1923 3308 2164 3376 jusmodi
2196 3308 2301 3362 dici
2335 3317 2562 3376 queunt.

1999 3401 2054 3456 2.
2098 3400 2212 3457 [ioc
2246 3402 2439 3456 eodem
2474 3417 2607 3457 sane
2636 3402 2798 3457 modo
2827 3402 3092 3472 ﬁrmaque
3121 3401 3397 3457 ratiocinii
3421 3416 3509 3456 se-

1930 3493 2114 3562 quela,
2148 3491 2459 3547 futurorum
2500 3494 2783 3548 hominum
2826 3496 3029 3549 creatio
3067 3502 3120 3548 et
3152 3493 3285 3563 ipsis
3317 3492 3509 3545 melior

1930 3594 2015 3639 est
2046 3597 2099 3639 et
2129 3584 2242 3640 Deo
2280 3585 2801 3640 convenientissima
2836 3602 2848 3638 :
2887 3600 3205 3656 quanquam
3259 3582 3509 3638 nonnulli

1931 3678 2147 3734 labente
2180 3688 2446 3750 tempore,
2478 3681 2795 3735 voluntario
2821 3680 2992 3735 animi
3023 3680 3258 3735 consilio
3285 3678 3509 3734 meliora

1931 3769 2294 3826 deterioribus
2324 3772 2714 3826 commutaturi
2740 3772 2886 3834 sint;
2919 3773 3227 3841 mirumque
3260 3785 3321 3825 ac
3364 3770 3511 3824 salu-

1936 3870 2051 3915 tare
2095 3860 2191 3916 Dei
2221 3877 2381 3932 opus,
2410 3863 2785 3933 perniciosum
2820 3863 2924 3918 sibi
2952 3863 3229 3928 eﬂ‘ecturi;
3280 3876 3512 3931 remque

1934 3954 2200 4023 optimam
2249 3956 2494 4009 studiose
2522 3957 2862 4023 ,conversuri
2910 3956 2965 4009 in
2997 3956 3314 4025 pessimam.
3372 3954 3511 4007 Prae-

1936 4055 2084 4101 terea
2111 4046 2159 4100 si
2200 4047 2343 4101 Deus
2367 4056 2606 4101 aeternus
2633 4059 2714 4100 est
2740 4058 2904 4115 atque
2927 4045 3285 4100 immutabilis
3316 4045 3511 4098 ﬁrmis-

1935 4154 2043 4210 que
2076 4138 2277 4193 ﬁnibus
2302 4148 2512 4192 natura:
2549 4153 2662 4193 sua:
2705 4138 2887 4204 nixus,
2915 4153 3077 4192 omne
3126 4146 3307 4192 autem
3361 4136 3510 4208 quod

234 4247 489 4308 λοιώτοις
518 4246 666 4314 ὅροις
695 4242 793 4311 τῆς
822 4240 956 4303 ἰδίας
990 4239 1202 4308 ἵδρυται
1229 4235 1467 4306 φύσεως,
1519 4234 1625 4285 πᾶν
1669 4232 1727 4285 δὲ
1768 4231 1821 4284 τὸ

1936 4231 2219 4285 nativitate
2274 4231 2540 4299 procedit,
2595 4232 2898 4286 innumeris
2954 4230 3350 4285 mutationibus
3409 4230 3511 4285 ob-

237 4342 329 4395 διὰ
360 4339 629 4409 γενέσεως
660 4331 920 4405 προελθὸν
937 4330 1258 4402 μεταϐολαῖς
1286 4327 1508 4399 μυρίαις
1541 4326 1827 4395 ὑπηρετεί-

239 4454 333 4488 ται
365 4434 463 4488 καὶ
490 4429 864 4490 ἀλλοιώσεσιν,
896 4426 924 4477 ὁ
950 4426 1077 4488 τοὺς
1140 4424 1434 4494 μέλλοντας
1493 4419 1831 4489 ἀμαρτήσειν

241 4525 439 4592 ἀξιῶν,
474 4523 550 4593 μὴ
582 4521 691 4573 δεῖν
730 4519 1067 4590 προαγαγεῖν
1106 4515 1196 4568 τὸν
1223 4513 1378 4578 Θεὸν,
1436 4511 1469 4584 ἢ
1534 4510 1640 4563 οὐδ’
1694 4509 1833 4569 ὅλως

239 4621 346 4688 τὴν
385 4614 739 4685 ἀνθρωπίνην
772 4611 934 4681 φύσιν
963 4608 1265 4679 νομοθετεῖ,
1301 4605 1334 4675 ἦ
1364 4604 1631 4674 ἄτρεπτον
1664 4600 1832 4668 αὐτὴν

241 4706 593 4781 προαχθῆναι
628 4704 725 4757 καὶ
755 4701 1113 4755 ἀναλλοίωτον
1137 4698 1231 4751 ’τὸ
1256 4696 1312 4749 δέ
1344 4697 1513 4758 ἐστιν,
1543 4693 1575 4764 ἢ
1612 4692 1833 4761 σύμπαν

241 4804 304 4855 τὸ
344 4799 695 4869 ἀνθρώπινον
729 4795 888 4865 γένος
913 4794 1015 4861 τῆς
1042 4787 1408 4862 δημιουργίας
1454 4785 1751 4855 διατεμεῖν,
1799 4782 1831 4853 ἢ

241 4894 499 4948 ἀπαιτεῖν
531 4889 666 4942 Θεοῦ
694 4887 855 4957 φύσιν
889 4885 1081 4955 ἔχοντα
1108 4883 1195 4936 τὸν
1211 4880 1496 4951 ἄνθρωπον
1528 4876 1829 4948 προελθεῖν·

245 4984 319 5040 ὧν
362 4984 651 5050 ἑκάτερον,
693 4981 772 5042 είς
797 4980 921 5031 ὅσον
967 4977 1225 5037 ἀπονοίας
1255 4973 1350 5025 καὶ
1393 4968 1687 5031 δυσσεϐοῦς
1712 4970 1835 5040 ἥκει

244 5078 501 5148 γνώμης,
531 5072 763 5126 αὐτόθεν
794 5071 942 5122 ἔστιν
979 5069 1105 5121 ἰδεῖν
1126 5067 1224 5137 τὴν
1286 5063 1491 5134 στήλην
1537 5061 1835 5131 ἱσταμένην

244 5171 641 5237 ἀνεξάλειπτον
671 5180 686 5193 ·
720 5164 895 5224 ἄλλως
928 5180 985 5214 τε
1003 5161 1059 5212 δὲ
1084 5160 1143 5211 τὸ
1169 5158 1266 5229 μὲν
1292 5156 1412 5227 μηδ’
1448 5156 1583 5217 ὅλως
1606 5170 1837 5221 γεγενη-

247 5263 413 5332 μένον
447 5258 588 5328 μήτε
626 5254 709 5317 ὃν,
741 5252 841 5305 οὐκ
872 5249 938 5303 ἂν
964 5247 1183 5301 δύναται
1234 5241 1373 5298 εἶναι
1424 5243 1626 5312 ἀγαθόν
1656 5258 1671 5271 ·
1725 5243 1752 5293 ὅ
1781 5240 1838 5293 δὲ

243 5358 303 5407 ὲν
336 5347 644 5421 ἁμαρτίαις
676 5339 1147 5411 ἀναστρεφόμενος
1176 5336 1397 5390 δύναται
1435 5333 1687 5403 γενέσθαι
1700 5333 1838 5398 ἁγα-

244 5446 339 5508 θός
363 5461 376 5474 ⁸
409 5444 469 5496 τὸ
496 5441 554 5495 δὲ
591 5436 798 5506 ἀγαθὸν
844 5430 939 5486 τοῦ
967 5428 1189 5497 ἔκδηλον
1241 5428 1399 5499 φέρει
1455 5424 1833 5497 μακαριζόμε-

249 5554 341 5593 νον
374 5536 436 5590 τὸ
482 5534 767 5600 διάφορον.

315 5638 362 5701 γ’
392 5628 585 5698 Χωρὶς
614 5624 671 5676 δὲ
702 5623 810 5677 τῶν
841 5620 1147 5693 εἰρημένων
1175 5618 1202 5669 ὁ
1241 5615 1415 5683 λέγων
1441 5612 1575 5665 διότι
1602 5608 1825 5680 ἔμελλόν

308 5747 353 5779 ⁸⁸
389 5742 595 5797 Matth.
622 5755 769 5803 sxw,
798 5737 887 5791 24.

1935 4322 2159 4377 noxium
2194 4332 2277 4376 est
2312 4338 2376 4377 ac
2407 4322 2794 4377 varietatibus:
2837 4322 2883 4376 si
2924 4322 3049 4393 quis
3080 4333 3265 4377 censet
3290 4338 3385 4377 eos
3414 4322 3511 4394 qui

1933 4419 2211 4486 peccaturi
2244 4429 2395 4480 sunt,
2432 4434 2541 4471 non
2572 4417 2744 4472 fuisse
2779 4434 2807 4471 a
2836 4417 2944 4471 Deo
2972 4419 3269 4482 creandos;
3303 4418 3392 4474 hic
3418 4428 3512 4474 aut

1934 4511 2113 4564 nullas
2151 4511 2402 4565 humana:
2440 4518 2651 4565 naturae
2693 4512 2839 4581 leges
2868 4511 3149 4580 ponendas
3182 4509 3359 4566 fuisse
3389 4526 3511 4566 cre-

1934 4600 2046 4665 dit;
2076 4612 2169 4654 aut
2200 4616 2320 4654 eam
2353 4601 2752 4655 immutabilem
2782 4602 3075 4655 creandam
3106 4609 3161 4654 et
3186 4600 3305 4655 sine
3334 4601 3513 4654 varie—

1936 4698 2085 4742 tate:
2131 4690 2236 4744 hoc
2280 4700 2363 4744 est
2412 4690 2496 4744 vel
2527 4690 2845 4745 universum
2901 4692 3204 4745 humanum
3261 4706 3433 4760 genus
3480 4706 3513 4743 a

1934 4782 2212 4838 creatione
2264 4793 2527 4848 removet,
2577 4794 2672 4839 aut
2717 4787 2991 4841 hominem
3040 4802 3164 4841 cum
3198 4784 3290 4840 Dei
3316 4794 3513 4839 natura

1936 4877 2053 4930 ﬁeri
2084 4877 2367 4946 postulat:
2403 4892 2524 4945 quae
2566 4893 2654 4931 res
2688 4888 2916 4945 utraque
2955 4877 3082 4947 quia
3130 4876 3185 4931 in
3236 4890 3513 4931 summam

1938 4969 2209 5024 insaniam
2257 4969 2697 5039 impietatemque
2738 4969 2958 5034 decidit,
3011 4970 3139 5023 inde
3180 4982 3513 5039 cognoscere

1936 5061 2064 5115 licet
2104 5060 2235 5128 legis
2283 5061 2521 5116 tabulam
2570 5072 2816 5130 perstare
2863 5061 3232 5116 indelebilem.
3282 5060 3511 5129 Insuper

1939 5154 2085 5222 quod
2132 5153 2358 5209 omnino
2406 5170 2581 5223 neque
2615 5153 2821 5209 factum
2853 5165 2935 5209 est
2984 5168 3160 5223 neque
3193 5154 3425 5217 exsistit,
3459 5152 3510 5206 id

1939 5246 2143 5300 bonum
2169 5261 2291 5300 esse
2308 5246 2496 5317 nequit
2519 5264 2533 5300 :
2554 5247 2644 5316 qui
2677 5256 2857 5300 autem
2890 5246 2945 5298 in
2970 5244 3207 5315 peccatis
3237 5252 3512 5310 versatur,

1940 5340 1987 5392 is
2014 5338 2191 5393 bonus
2222 5339 2337 5393 ﬁeri
2368 5349 2565 5408 potest.
2598 5338 2811 5393 Bonum
2845 5346 3027 5393 autem
3052 5338 3121 5392 ab
3142 5352 3209 5392 eo
3239 5335 3386 5406 quod
3417 5336 3515 5388 bo-

1941 5448 2073 5487 num
2106 5448 2215 5488 non
2247 5444 2349 5500 est,
2384 5431 2615 5489 feliciter
2654 5433 2771 5487 sine
2800 5433 2970 5487 dubio
2998 5431 3197 5487 ditfert.

2017 5610 2069 5667 5.
2121 5614 2311 5685 Verum
2340 5621 2393 5668 et
2426 5611 2509 5666 his
2536 5610 2789 5677 omissis;
2832 5611 2923 5681 qui
2954 5610 3047 5676 ait,
3074 5616 3355 5678 propterea
3377 5606 3521 5678 quod
