3912 6218
518 290 618 352 127
1668 299 1930 358 PIIOTII
1961 298 2063 357 PA'

2176 295 2464 356 [ARCl—L’E
2501 295 2610 356 ΕΡ.
3641 293 3721 358 128

515 405 768 460 homines
805 405 1053 459 nonnulli
1116 404 1321 475 lapsuri
1389 406 1443 460 in
1501 417 1782 477 peccaturo
1805 419 1981 474 erant,
2007 409 2060 463 id

2197 424 2345 469 τινες
2390 406 2501 458 τῶν
2543 403 2848 476 ἀνθρώπων
2900 405 2982 466 είς
3036 403 3310 474 ἁμαρτίας
3353 401 3717 475 ὲξολισθαίνειν,

512 498 659 553 circo
687 513 783 551 eos
811 513 914 551 non
962 497 1135 553 fuisse
1172 499 1456 563 creandos,
1506 501 1611 566 hic,
1665 503 1903 572 inquam,
1953 503 2057 556 nihl

2193 498 2282 552 διὰ
2311 498 2467 552 τοῦτο
2513 498 2619 550 ἔδει
2669 496 2897 560 τούτους
2939 495 3012 566 μὴ
3050 496 3105 548 δὲ
3156 496 3422 564 γενέσθαι,
3449 500 3475 550 ό
3510 501 3723 566 τοιοῦτος

459 611 467 617 ·
512 589 662 644 aliud
703 587 954 653 afﬁrmat,
1024 587 1128 642 nisi
1157 599 1440 658 peccatum
1501 591 1743 644 nondum
1783 592 1959 661 ipsum
1993 607 2004 644 ι

2192 588 2343 640 οὐδὲν
2373 587 2558 658 ἕτερον
2581 586 2752 655 λέγει,
2783 587 2815 658 ἦ
2855 587 2935 639 ὅτι
2973 587 3077 638 ἔδει
3109 587 3207 655 τὴν
3237 587 3503 657 ἁμαρτίαν
3529 591 3613 641 καὶ
3635 595 3722 661 μή·

516 692 630 734 tum
671 679 764 734 Dei
819 681 1190 735 creationibus
1243 682 1516 735 dominari
1564 683 1838 738 debuisse.
1877 682 2010 736 Nam
2042 699 2061 736 ε

2193 694 2281 728 πω
2311 677 2697 746 γεγενημένην
2730 676 2828 745 τῆς
2855 676 2949 728 τοῦ
2981 676 3115 728 Θεοῦ
3143 676 3498 746 δημιουργίας
3527 683 3724 750 ἐπικρα-

513 772 640 839 quia
677 771 928 824 nonnulli
961 772 1240 840 peccaturi
1291 782 1466 835 erant,
1502 774 1622 828 ideo
1661 775 1824 837 Deus,
1876 774 2058 844 quoini

2190 771 2323 821 τεῖν.
2351 769 2414 820 Εἰ
2448 769 2556 838 γὰρ
2587 769 2668 820 ὅτι
2697 767 2921 837 ἔμελλόν
2949 785 3094 830 τινες
3127 769 3476 838 ἁμαρτάνειν,
3504 770 3600 822 ἔδει
3646 771 3725 842 τὴν

512 881 620 917 nus
654 879 750 916 eos
773 872 1007 928 crearet,
1041 863 1418 932 prohibendus
1450 865 1569 929 fuit,
1603 867 1850 934 sequitur
1882 875 1940 920 ut
1968 883 2057 936 pec

2191 860 2278 910 ἐπ’
2305 859 2500 920 αὐτοὺς
2527 857 2896 927 δημιουργίαν
2932 857 3246 910 πεπαῦσθαι
3294 857 3389 908 τοῦ
3420 857 3569 921 Θεοῦ,
3593 858 3725 927 δῆλον

513 941 618 1006 ἐειιί
641 954 815 1020 major
841 969 1004 1022 quam
1039 954 1234 1006 divinae
1262 954 1520 1008 ellicaciae
1550 957 1788 1024 polentia
1821 958 1911 1011 sit.
1936 957 2050 1011 Add

2191 950 2271 1001 ὅτι
2291 949 2350 1000 τὸ
2382 949 2582 1017 κράτος
2604 952 2701 1018 τῆς
2736 947 3009 1015 ἁμαρτίας
3037 945 3104 998 ἂν
3151 945 3237 1015 εἴη
3281 945 3314 1016 ἢ
3348 945 3446 1014 τῆς
3477 948 3725 1015 ἐνεργείας

511 1043 656 1111 quod
689 1057 916 1109 peccare
947 1044 1198 1097 humanae
1223 1044 1517 1098 voluntatis
1551 1054 1632 1098 est
1662 1055 1825 1115 atque
1852 1047 2056 1101 arbitrii

2189 1040 2282 1093 τοῦ
2315 1039 2450 1092 Θεοῦ
2478 1056 2490 1069 ·
2521 1039 2675 1092 ἔτιδὲ
2707 1039 2767 1092 τὸ
2799 1041 2895 1108 μὲν
2940 1039 3296 1109 ἁμαρτάνειν,
3349 1039 3451 1107 τῆς
3486 1039 3729 1108 ἀνθρωπί-

442 1171 453 1187 .
514 1133 719 1186 creatio
769 1143 947 1187 autem
999 1132 1240 1189 factoris.
1276 1135 1386 1192 Cur
1417 1151 1549 1206 ergo
1580 1138 1850 1208 quispiam
1885 1140 1987 1194 emi

2190 1147 2288 1200 νης
2315 1131 2433 1182 ἐστὶ
2464 1129 2686 1200 γνώμης
2710 1130 2804 1183 καὶ
2836 1130 3230 1200 προαιρέσεως,
3273 1132 3306 1199 ή
3345 1129 3401 1181 δὲ
3434 1130 3728 1201 δημιουργία

513 1225 720 1294 peccati
762 1241 878 1288 reo,
931 1227 985 1280 id
1049 1227 1101 1279 in
1153 1227 1448 1282 innocuum
1520 1229 1814 1285 transferre
1863 1231 2051 1284 nititur

2188 1221 2281 1274 τοῦ
2325 1221 2659 1283 πλάσαντος.
2696 1220 2760 1272 Τί
2804 1216 2895 1273 οὖν
2946 1238 3030 1283 τις
3077 1221 3239 1289 ἀφεὶς
3287 1219 3389 1290 τὴν
3442 1222 3612 1274 αἰτίαν
3652 1222 3729 1272 τοῦ

514 1315 701 1386 Neque
728 1334 857 1371 vero
887 1318 954 1371 ab
987 1318 1087 1371 hac
1120 1319 1329 1373 insania
1356 1321 1679 1386 absolvitur,
1711 1323 1757 1376 si
1792 1323 1917 1392 quis
1947 1322 2056 1376 fort

2191 1313 2549 1384 ἁμαρτάνειν,
2577 1315 2655 1374 εἰς
2675 1312 2767 1364 τὸν
2797 1313 3035 1366 ἀναίτιον
3079 1313 3285 1382 ταύτην
3324 1314 3559 1382 ἐγχειρεῖ
3594 1331 3731 1382 μετα-

514 1411 612 1473 ait,
663 1420 986 1477 peccaturos
1036 1413 1418 1466 tantummodo
1469 1412 1721 1468 homines
1762 1429 1868 1466 non
1921 1430 2053 1484 opor

2192 1405 2383 1475 φέρειν
2411 1421 2425 1470 ;
2457 1405 2578 1457 οὐδὲ
2607 1405 2810 1476 ταύτης
2833 1404 2887 1457 δὲ
2915 1403 3016 1474 τῆς
3053 1405 3238 1467 ἀνοίας
3272 1404 3564 1457 ἀπολύεται
3589 1407 3614 1458 ό
3639 1405 3728 1475 ψῆ-

510 1503 682 1554 tuisse
714 1518 742 1554 ιι
794 1501 1051 1556 Creatore
1094 1502 1434 1557 nativitatem
1481 1505 1667 1557 sortiri
1705 1520 1882 1575 neque
1917 1506 1969 1559 in
2006 1507 2055 1560 lu

2189 1515 2291 1567 φον
2333 1498 2571 1566 είσάγων
2618 1498 2699 1550 ὃτι
2749 1515 2854 1574 περ
2904 1499 3033 1561 τοὺς
3084 1498 3378 1568 μέλλοντας
3434 1498 3731 1568 ἁμαρτάνειν

511 1591 678 1644 minis
711 1607 877 1644 auras
898 1593 1165 1661 protrahi.
1185 1593 1319 1646 Nam
1343 1604 1398 1646 et
1428 1593 1516 1648 hic
1535 1595 1750 1648 videtur
1778 1612 1920 1664 aegre
1944 1595 2054 1651 ferr

2188 1587 2353 1657 ἐχρῆν
2402 1585 2525 1657 μηδ’
2570 1586 2708 1650 ὅλως
2753 1586 2908 1658 παρὰ
2959 1587 3053 1638 τοῦ
3095 1586 3447 1657 Δημιουργοῦ
3499 1587 3732 1654 γενέσεως

511 1683 720 1752 siquis,
747 1685 872 1754 quia
900 1693 984 1738 est
1017 1699 1168 1748 reus,
1194 1700 1386 1754 ptenas
1411 1686 1711 1755 dependat;
1740 1689 1960 1743 studere
1988 1705 2056 1743 au

2193 1680 2506 1747 μετασχεῖν,
2549 1677 2581 1748 ἢ
2632 1676 2769 1747 πρὸς
2805 1677 2979 1745 αὐγὰς
3022 1677 3173 1747 ἡλίου
3218 1678 3586 1748 προαχθῆναι·
3614 1677 3733 1729 ἔοικε

518 1785 625 1829 lein
652 1787 708 1830 ut.
747 1777 838 1845 qui
864 1787 1084 1847 peccato
1101 1787 1269 1841 caret,
1301 1779 1346 1833 is
1375 1779 1634 1833 damnum
1662 1780 1818 1835 ferat.
1855 1781 1915 1834 Id
1942 1783 2063 1835 enin

2191 1769 2300 1836 γάρ
2331 1764 2623 1832 ότοιοῦτος
2671 1769 3040 1840 δυσχεραίνειν
3098 1768 3197 1838 μὲν
3244 1771 3340 1823 ἐάν
3382 1787 3464 1831 τις
3509 1769 3733 1837 ἁμαρτῶν

520 1883 709 1936 reapse
733 1867 962 1936 contigit
991 1868 1034 1922 si
1070 1867 1346 1937 peccaturi
1379 1869 1661 1924 nativitate
1691 1879 1745 1924 et
1769 1872 2065 1926 exsistenti:

2190 1859 2347 1928 δίκην
2377 1857 2452 1928 δῷ
2503 1873 2516 1887 ·
2548 1857 2871 1925 φιλονεικεῖν
2907 1857 2963 1910 δὲ
3015 1858 3165 1928 παρὰ
3197 1858 3307 1910 τῶν
3349 1858 3512 1928 μηδὲν
3543 1857 3734 1928 μηδέπω

517 1958 821 2026 priventur,
876 1957 1017 2012 Deus
1059 1967 1238 2011 autem
1289 1973 1318 2011 a
1361 1960 1599 2014 creando
1621 1961 1964 2030 impediatur.
1999 1961 2056 2015 lu

2194 1950 2634 2021 ἁμαρτησάντων
2665 1950 2937 2020 τιμωρίαν
2973 1950 3154 2003 λαϐεῖν
3179 1967 3193 1981 ο
3233 1949 3396 2003 τοῦτο
3423 1951 3527 2019 γάρ
3560 1952 3662 2000 ἐστι
3688 1951 3734 2000 τὸ

515 2065 678 2117 super
727 2050 887 2102 datur
934 2064 1096 2119 opera
1148 2059 1208 2102 ut
1256 2049 1456 2105 divinae
1517 2051 1873 2119 prmscientize
1919 2067 2060 2107 caus:

2190 2045 2318 2108 τοὺς
2350 2045 2644 2115 μέλλοντας
2672 2044 3008 2114 ἁμαρτάνειν
3041 2043 3311 2112 γενέσεως
3363 2045 3457 2095 καὶ
3483 2043 3734 2113 ὑπάρξεως

516 2141 848 2194 damnentur
880 2141 914 2193 ii
939 2141 1029 2210 qui
1064 2156 1261 2194 noxam
1297 2142 1632 2198 contracturi
1665 2153 1792 2198 sunt;
1829 2161 1842 2196 :
1873 2159 2061 2198 rursus

2193 2139 2536 2210 ἀποστερεῖν,
2560 2137 2770 2208 καὶτῆς
2790 2137 3152 2208 δημιουργίας
3169 2137 3463 2189 ἐκκόπτειν
3483 2137 3570 2188 τοῦ
3591 2134 3706 2187 Θεοῦ
3721 2150 3732 2166 ⁴

512 2242 621 2296 que
665 2237 722 2281 ut
767 2229 952 2294 iidem,
995 2238 1282 2298 postquam
1329 2231 1700 2300 peccaverint,
1743 2233 1810 2286 ab
1838 2233 2053 2286 animad

2192 2230 2328 2284 ἀλλὰ
2359 2231 2467 2302 γάρ
2497 2235 2590 2282 καὶ
2617 2230 2725 2283 ἀπὸ
2762 2230 2859 2299 τῆς
2901 2229 3049 2291 θείας
3086 2228 3452 2300 προγνώσεως
3479 2227 3735 2281 καταδικά-

511 2319 764 2374 versione
789 2329 1147 2390 protegantur
1182 2340 1194 2374 :
1225 2339 1345 2390 qua:
1377 2338 1465 2377 res
1505 2340 1678 2394 neque
1716 2324 1956 2378 humano
1992 2340 2056 2377 ne

2191 2323 2306 2386 ζειν
2332 2322 2431 2391 μὲν
2456 2321 2741 2392 βούλεσθαι
2765 2322 2890 2384 τοὺς
2914 2320 3358 2390 ἀμαρτήσοντας,
3395 2322 3449 2371 ἐν
3481 2320 3654 2379 αὑταῖς
3686 2316 3732 2368 δὲ

515 2428 621 2480 que
654 2412 838 2464 divino
878 2412 1002 2480 jure
1034 2413 1146 2466 fieri
1183 2413 1448 2468 creditur.
1485 2413 1695 2469 Etenim
1724 2425 1781 2470 ut
1811 2432 1838 2468 a
1869 2415 2060 2470 nemim

2190 2419 2313 2478 ταῖς
2340 2414 2575 2485 πράξεσι
2610 2416 3011 2484 γεγενημένους
3042 2413 3222 2483 ζητεῖν
3253 2412 3509 2480 ἀφίεσθαι
3537 2411 3633 2463 τῶν
3656 2427 3732 2462 κο-

510 2513 634 2559 ante
661 2506 874 2574 culpam
904 2515 1226 2574 reposcatur
1252 2523 1436 2576 ptena,
1470 2508 1777 2561 communis
1801 2509 2055 2562 hominun

2190 2508 2398 2562 λάσεων
2425 2525 2438 2536 ·
2477 2509 2613 2578 ὅπερ
2643 2507 2766 2560 οὔτε
2813 2505 3154 2576 ἀνθρώπινον
3202 2504 3330 2556 οὔτε
3369 2503 3507 2557 θεῖον
3541 2503 3735 2555 ἐπίστα-

507 2598 775 2652 sententia
810 2605 892 2651 est
939 2597 1250 2668 divinisque
1291 2599 1498 2668 legibus
1529 2609 1913 2655 consentanea.
1942 2598 2052 2654 Tur

2190 2600 2530 2654 ταιδίκαιον.
2563 2599 2675 2652 Καὶ¹
2697 2598 2757 2650 τὸ
2788 2598 2884 2667 μὲν
2916 2596 3020 2666 πρὸ
3071 2595 3177 2648 τῶν
3213 2595 3618 2667 ἁμαρτημάτων
3649 2610 3735 2662 μη-

507 2710 635 2749 vero
665 2695 731 2748 de
763 2695 1024 2764 pertinaci
1061 2705 1281 2763 peccato
1302 2712 1495 2766 pcenas
1519 2713 1756 2760 sumere,
1809 2698 1859 2751 id
1891 2698 2052 2752 divin:

2191 2693 2319 2746 δένα
2350 2692 2504 2762 δίκην
2535 2693 2801 2754 ἀπαιτεῖν,
2833 2691 2983 2759 κοινή
3018 2706 3077 2741 τε
3107 2689 3279 2742 πᾶσιν
3311 2687 3606 2758 ἀνθρώποις
3639 2685 3736 2755 κρί-

512 2803 799 2841 ncmeseos
842 2787 1181 2858 justitiaeque
1230 2789 1623 2844 demonstratio
1669 2800 1769 2845 est.
1808 2789 1918 2846 Cur
1955 2807 2057 2862 ergl

2194 2801 2277 2848 σις
2303 2786 2396 2837 καὶ
2423 2783 2586 2844 θείοις
2608 2783 2794 2854 νόμοις
2823 2782 3081 2853 ἁρμόδιον
3110 2796 3123 2809 ⁶
3151 2783 3407 2834 ἀπαιτεῖν
3431 2781 3484 2834 δὲ
3505 2781 3634 2850 μετὰ
3655 2779 3734 2848 τὴν

509 2879 712 2948 aliquis
750 2879 898 2945 velit,
945 2896 1066 2950 qua:
1110 2883 1326 2936 cunctis
1359 2893 1508 2936 recta
1539 2883 1809 2950 videntur,
1840 2883 1925 2938 his
1955 2900 2054 2938 con

2193 2875 2587 2945 ἁνεπίστροφον
2621 2873 2894 2943 ἁμαρτίαν
2935 2872 3032 2939 τὴν
3061 2872 3238 2941 δίκην,
3286 2872 3384 2940 τῆς
3433 2870 3576 2934 θείας
3607 2887 3736 2939 μισε-

507 2972 669 3026 traria
724 2970 944 3027 facere?
991 2989 1054 3027 ea
1097 2989 1250 3039 vero,
1307 2991 1428 3044 quae
1453 2975 1621 3030 Deum
1673 2977 1942 3030 vindicem
1999 2977 2052 3046 ju

2193 2966 2455 3034 πονηρίας
2484 2965 2579 3018 καὶ
2607 2965 2954 3036 δικαιοσύνης
2978 2965 3282 3030 ἀπόδειξις.
3311 2964 3433 3027 Πῶς
3459 2960 3547 3018 οὖν
3586 2963 3645 3016 ἄν
3669 2980 3735 3024 τις

516 3075 772 3135 stumque
809 3067 1202 3134 demonstrant,
1272 3068 1329 3122 in
1399 3070 1574 3138 pretio
1635 3070 1834 3124 habere
1903 3071 2040 3123 nolit

2195 3059 2519 3128 μελετήσας,
2554 3056 2589 3111 ἁ
2618 3057 2715 3127 μὲν
2751 3060 2884 3110 πᾶσι
2917 3060 3082 3122 δοκεῖ,
3109 3059 3322 3110 τούτων
3351 3057 3600 3110 τάναντία
3627 3073 3730 3124 φρο-

505 3155 814 3220 Nonnehic
849 3176 1074 3214 summa:
1125 3161 1376 3215 amentiae
1416 3170 1580 3230 atque
1612 3162 1909 3231 impietatis
1937 3178 2050 3216 rem

2190 3153 2299 3202 νεῖν
2322 3169 2334 3213 ;
2359 3149 2394 3203 ὃ.
2421 3150 2476 3202 δὲ
2500 3151 2867 3220 μισοπόνηρον
2891 3152 2985 3203 καὶ
3012 3152 3219 3204 δίκαιον
3242 3151 3482 3204 δείκνυσι
3506 3151 3588 3203 τὸν
3604 3150 3735 3210 Θεὸν,

509 3267 567 3303 se
610 3251 782 3305 facit?
817 3251 929 3304 Cur
967 3253 1048 3306 ais
1089 3253 1364 3306 hominem
1405 3263 1674 3322 oportere,
1718 3271 1826 3324 quo
1868 3270 2048 3325 poena:

2192 3242 2358 3294 ταῦτα
2391 3243 2464 3312 μὴ
2521 3243 2808 3312 ἀνέχεσθαι
2867 3246 3066 3313 τιμᾷν;
3099 3238 3231 3296 Εἶτα
3291 3239 3446 3306 οὗτος
3496 3242 3610 3312 οὐχὶ
3656 3240 3737 3308 τῆς

509 3341 666 3406 vitet,
706 3339 772 3392 ad
796 3341 1011 3410 culpam
1037 3342 1259 3396 minime
1285 3345 1430 3397 nasci
1457 3345 1698 3399 labilem?
1720 3346 1911 3400 Nonne
1942 3347 2054 3400 enir

2192 3337 2422 3406 ἐσχάτης
2455 3336 2548 3387 καὶ
2582 3335 2966 3405 παραπληξίας
2985 3338 3080 3389 καὶ
3105 3337 3429 3399 δυσσεϐείας
3457 3336 3609 3396 αὐτὸς
3632 3335 3737 3385 ἑαυ-

506 3447 695 3503 aperte
751 3433 908 3499 dicis,
950 3435 1164 3490 etiamsi
1201 3436 1423 3490 minime
1450 3437 1623 3503 dicas,
1658 3440 2051 3508 Oportuisseho

2190 3428 2278 3480 τὸν
2305 3427 2486 3495 ἔνοχον
2513 3429 2660 3478 ποιεῖ
2685 3444 2698 3491 ;
2723 3427 2776 3478 τί
2798 3427 2976 3495 λέγεις
2993 3429 3275 3498 ἄπρεπτον
3310 3431 3447 3499 πρὸς
3471 3427 3735 3498 ἁμαρτίαν,

507 3527 708 3580 minem
753 3527 926 3580 creari
980 3527 1428 3597 impeccabilem,
1473 3546 1541 3585 ne
1570 3532 1776 3586 scilicet
1817 3535 2039 3588 coronis

2196 3519 2276 3572 ἵνα
2311 3519 2480 3590 αὐτὴν
2509 3519 2730 3572 κόλασιν
2765 3520 3024 3591 διαφύγῃ,
3051 3522 3142 3573 τὸν
3168 3521 3460 3600 ἄνθρωπον
3484 3521 3643 3591 ἐχρῆν
3661 3533 3741 3585 γε·

508 3636 741 3688 quarnm
776 3621 946 3689 gratia
986 3619 1154 3674 fortes
1199 3629 1422 3689 peccato
1447 3623 1757 3692 superiores
1799 3623 1958 3687 fiunt,
1989 3625 2053 3678 do

2194 3612 2470 3680 γενῆσθαι,
2514 3611 2608 3663 καὶ
2661 3611 2778 3674 πῶς
2831 3611 2952 3682 οὐχὶ
2990 3613 3264 3683 λαμπρῶς
3317 3615 3516 3682 λέγεις,
3551 3613 3647 3664 κᾶν
3679 3610 3739 3679 μὴ

507 3713 706 3765 netur?
755 3711 898 3765 Sane
946 3712 989 3766 si
1037 3714 1159 3782 quis
1208 3715 1404 3768 mentis
1454 3730 1565 3769 suae
1615 3731 1857 3786 compos,
1908 3732 2050 3787 nequ

2196 3706 2371 3776 λέγῃς,
2399 3705 2473 3767 ὡς
2504 3706 2772 3774 ἄτρεπτον
2816 3707 2984 3777 ἐχρῆν
3014 3708 3149 3777 πρὸς
3202 3709 3478 3780 ἁμαρτίαν
3508 3709 3741 3778 δημιουρ-

502 3789 812 3857 vehemens
853 3804 1062 3870 peccati
1111 3811 1344 3866 amator,
1384 3813 1438 3858 et
1468 3805 1810 3859 cruciatuum
1848 3807 2046 3863 timens

2194 3795 2430 3864 γηθῆναι
2455 3794 2546 3846 τὸν
2577 3793 2882 3864 ἄνθρωπον,
2918 3796 3007 3849 ἵνα
3040 3797 3113 3866 μὴ
3137 3797 3245 3850 τῶν
3286 3800 3582 3868 στεφάνων,
3611 3795 3663 3860 ἐξ
3679 3790 3739 3847 ὧν

504 3894 549 3947 si
587 3895 655 3957 is,
682 3894 929 3963 inquam,
956 3911 986 3948 e
1011 3894 1223 3948 duobus
1251 3896 1578 3950 alterutrum
1605 3897 1836 3965 eligendi
1869 3898 2046 3966 copim

2193 3885 2584 3954 ἀγωνιζόμενοι
2621 3886 2897 3955 κρατῶσιν
2953 3887 3142 3957 αὐτῆς,
3189 3889 3449 3959 ἀξιωθείη
3478 3906 3491 3952 ;
3527 3890 3613 3941 καὶ
3648 3887 3738 3957 μὴν

511 3985 756 4051 haberet,
794 4000 986 4055 nempe
1024 3986 1103 4038 vel
1135 3986 1224 4056 (ne
1256 3987 1351 4056 qui
1386 3985 1523 4041 forte
1556 3998 1838 4057 peccantes
1870 4004 2056 4057 pmnan

2196 3981 2240 4033 εἴ
2265 3999 2346 4044 τις
2377 3999 2440 4049 γε
2474 3982 2564 4033 νοῦ
2592 3983 2855 4052 μετέχων,
2874 3985 2967 4037 καὶ
3000 3985 3074 4054 μὴ
3111 3985 3208 4055 τῆς
3240 3987 3515 4057 ἁμαρτίας
3539 3987 3617 4055 είη
3642 3986 3741 4053 ἅμα

502 4077 737 4147 luerent)
773 4093 1009 4132 coronas
1041 4079 1311 4148 capitibus
1339 4088 1687 4134 strenuorum
1722 4079 2040 4134 detrahendi

2195 4089 2244 4124 τε
2275 4071 2475 4142 θερμὸς
2511 4074 2769 4146 ἐραστὴς,
2809 4075 2904 4128 καὶ⁸
2931 4077 3033 4139 τὰς
3064 4075 3336 4146 βασάνους
3365 4078 3596 4149 φεύγων,
3644 4075 3740 4128 ἑλέ-

503 4169 582 4221 vel
611 4170 856 4238 (propter
887 4183 982 4223 eos
1010 4169 1101 4238 qui
1131 4170 1280 4238 juste
1303 4171 1663 4224 certaminum
1692 4172 1913 4237 praemia
1943 4171 2048 4226 refe

2192 4165 2312 4219 σθαι
2341 4166 2566 4238 θάτερον
2597 4165 2704 4220 τῶν
2742 4167 2836 4220 δύο
2871 4169 2969 4239 τὴν
2995 4170 3244 4233 ἐξουσίαν
3281 4174 3334 4225 εί
3376 4189 3482 4242 περ
3528 4171 3737 4239 εἰλήφει.

499 4259 649 4330 runt)
681 4275 748 4314 ne
780 4269 1063 4330 peccatum
1100 4261 1318 4329 quidem
1350 4261 1469 4316 sine
1496 4276 1655 4331 poena
1682 4277 1803 4316 esse
1839 4262 2044 4316 sinendi

2194 4259 2410 4329 πότερον
2435 4259 2522 4312 ἵνα
2547 4262 2621 4330 μή
2644 4278 2788 4324 τινες
2815 4262 3228 4334 ἁμαρτήσαντες
3246 4264 3380 4318 δῶσι
3399 4266 3571 4334 δίκην,
3594 4262 3739 4333 ἐχρῆν

499 4368 681 4406 nonne
708 4353 795 4406 hic
821 4353 991 4406 multo
1022 4355 1204 4407 mallet
1230 4352 1396 4408 fortes
1419 4354 1650 4410 athletas
1681 4355 1900 4408 coronis
1919 4369 2044 4407 orna

2196 4352 2308 4414 τοὺς
2328 4352 2621 4419 στεφάνους
2643 4352 2751 4405 τῶν
2777 4353 3027 4421 κεφαλῶν
3049 4355 3266 4423 ἀφελεῖν
3288 4357 3398 4409 τῶν
3421 4353 3741 4427 ἀνδραγαθη-

498 4455 580 4496 tos
615 4457 857 4508 cernere,
887 4459 1120 4511 reosque
1150 4444 1314 4498 simul
1347 4445 1560 4499 meritis
1601 4445 1881 4514 suppliciis
1907 4445 2043 4499 tradi

2193 4446 2421 4508 σάντων,
2451 4446 2482 4515 ἢ
2519 4446 2605 4499 διὰ
2631 4449 2755 4509 τοὺς
2787 4447 3011 4510 δικαίως
3036 4449 3142 4500 τῶν
3191 4449 3285 4502 ἐπὶ
3315 4453 3430 4512 τοῖς
3460 4449 3634 4509 ἄθλοις
3663 4461 3738 4512 γε·

498 4531 607 4602 ρῶν
629 4532 1251 4604 άξιωθησομένους,μηδ⁷
1270 4534 1618 4606 ἀτιμώρητον
1636 4537 1734 4606 τὴν
1760 4535 2034 4606 ἁμαρτίαν
2053 4537 2206 4606 όρᾷν,
2226 4535 2341 4599 πῶς
2363 4537 2462 4588 οὐκ
2493 4538 2559 4588 ἂν
2591 4537 2771 4606 πολλῷ
2793 4538 3075 4608 ποιήσαιτο
3103 4539 3415 4611 ἔμπροσθεν
3449 4544 3558 4603 τοῖς
3582 4557 3636 4591 τε
3656 4539 3738 4603 τῆς

496 4621 863 4692 ἀνδραγαθίας
883 4621 1166 4690 στεφάνοις
1181 4623 1306 4687 τοὺς
1323 4625 1562 4694 ἀθλητὰς
1583 4627 1714 4697 ὀρᾷν
1736 4626 2207 4696 κεκοσμημένους,
2228 4626 2321 4676 καὶ
2335 4628 2458 4688 τοὺς
2477 4627 2772 4698 ὑποχρέους
2790 4627 2896 4678 τῶν
2912 4628 3238 4698 ὀφλημάτων
3260 4631 3701 4700 κατατιθεμένους
3723 4646 3734 4691 ;

567 4742 620 4794 4.
683 4739 787 4794 Sed
817 4752 1011 4809 praeter
1055 4741 1320 4796 hactenus
1357 4743 1527 4806 dicta,
1571 4760 1700 4798 num
1736 4755 1788 4798 te
1823 4744 1942 4799 sola
1981 4743 2078 4798 ho-

2248 4743 2309 4797 δ’.
2341 4743 2484 4813 Πρὸς
2515 4743 2569 4795 δέ
2594 4761 2657 4811 γε
2687 4747 2796 4804 τοῖς
2829 4746 3160 4815 εἰρημένοις,
3195 4743 3306 4815 ἆρα
3364 4750 3498 4818 μόνη
3549 4764 3603 4799 σε
3645 4747 3737 4796 τῶν

494 4835 703 4889 minum
733 4834 937 4887 creatio
977 4834 1299 4901 perturbat?
1357 4851 1424 4887 an
1457 4836 1904 4904 incorporearum
1937 4852 2039 4904 quo

2190 4834 2486 4906 ἀνθρώπων
2514 4839 2546 4906 ἡ
2580 4836 2911 4906 δημιουργία
2939 4839 3194 4909 θορυϐεῖ;
3218 4841 3249 4908 ἢ
3281 4841 3500 4892 καὶτῶν
3528 4838 3735 4907 ἀσωμά-

495 4942 602 4994 que
661 4939 726 4977 ac
780 4924 898 4979 sine
935 4926 1171 4978 materia
1201 4936 1520 4979 naturarum
1553 4936 1607 4980 et
1646 4927 2040 4981 immortalitati

2190 4947 2286 4980 των
2312 4928 2406 4980 καὶ
2443 4928 2621 4980 ἁΰλων
2653 4927 2868 4997 φύσεων
2895 4931 2988 4981 καὶ
3020 4931 3154 4999 πρὸς
3202 4932 3300 5002 τὴν
3325 4933 3619 4984 ἀθανασίαν
3651 4932 3735 4982 ἁν-

497 5033 722 5071 munere
785 5016 1208 5086 perfrucntium,
1279 5018 1332 5070 in
1359 5021 1606 5071 eamdem
1666 5019 2037 5088 perplexitatet

2192 5021 2454 5091 ηγμένων,
2497 5022 2574 5084 εἰς
2607 5022 2704 5090 τὴν
2747 5023 2916 5092 αὑτήν
2957 5040 3016 5074 σε
3057 5023 3299 5093 ταραχὴν
3342 5023 3628 5094 ἐμϐάλλει;
3655 5020 3737 5072 καὶ

493 5113 713 5181 dejieit?
740 5111 872 5167 Nam
903 5123 956 5167 et
979 5130 1043 5168 ex
1068 5113 1134 5166 iis
1159 5111 1476 5168 coelestibus
1494 5111 1779 5166 ordinibus
1803 5113 2036 5181 beatoqu

2188 5115 2286 5182 γὰρ
2319 5113 2523 5164 τούτων
2547 5111 2652 5165 τῶν
2678 5114 2944 5183 οὐρανίων
2985 5118 3284 5182 ταγμάτων
3316 5118 3409 5168 καὶ
3442 5119 3537 5185 τῆς
3573 5129 3733 5184 μακα-

493 5201 710 5272 fastigio
739 5213 930 5272 sponte
955 5205 1043 5258 ille
1075 5203 1351 5270 delapsus,
1382 5202 1635 5272 princeps
1662 5203 1876 5256 malitia:
1893 5201 2036 5256 factu

2186 5203 2297 5274 ρίας
2322 5204 2540 5274 ἐκείνης
2585 5203 2812 5274 λήξεως,
2865 5207 2894 5257 ό
2931 5208 3029 5275 μὲν
3066 5208 3272 5260 ἐκεῖθεν
3317 5207 3458 5260 ἑκὼν
3511 5204 3731 5274 ἐκρυεὶς,

492 5301 576 5350 est
613 5294 862 5348 diabolus
918 5314 931 5349 :
991 5305 1046 5350 et
1093 5293 1261 5348 simul
1322 5302 1590 5363 quotquot
1649 5303 1884 5348 mentem
1919 5311 2037 5350 suat

2189 5295 2416 5364 ὶρχηγὸς
2446 5297 2644 5358 κακίας
2673 5297 2893 5364 γέγονεν
2925 5299 2952 5348 ὁ
2987 5297 3252 5366 διάϐολος,
3283 5301 3379 5352 καὶ
3404 5301 3516 5352 ὅσοι
3537 5299 3627 5366 τὴν
3651 5297 3734 5365 ῥο-

492 5389 742 5458 partibus
768 5388 915 5442 illius
945 5389 1348 5456 applicuerunt,
1406 5388 1686 5442 meliorem
1713 5389 2037 5442 conditione:

2191 5389 2282 5457 τὴν
2313 5388 2448 5457 πρὸς
2483 5388 2579 5458 τὴν
2610 5389 2821 5441 ἐκείνου
2851 5391 3075 5460 γνώμην
3096 5394 3447 5462 τρεψάμενοι,
3479 5392 3536 5442 τὸ
3570 5391 3736 5458 χεῖρον

493 5482 676 5550 pejore
709 5488 1140 5535 commutarunt.
1201 5479 1412 5549 Reliqui
1447 5490 1627 5534 autem
1655 5496 1718 5533 ex
1750 5480 1816 5533 iis
1853 5482 2038 5534 immot

2190 5480 2426 5532 liv-.1105
2460 5481 2770 5549 κρείττονος
2813 5485 3265 5552 μεθηρμόσαντο·
3302 5485 3350 5535 οί
3399 5483 3455 5534 δὲ
3497 5498 3557 5548 γε
3599 5478 3735 5533 ἄλλοι

491 5572 693 5624 talibus
735 5571 1061 5640 inclytisquc
1109 5571 1296 5625 choris
1360 5572 1416 5624 in
1473 5570 1759 5625 devotione
1789 5571 2036 5640 debitaqu

2192 5573 2292 5625 τῶν
2334 5573 2620 5626 ἀθανάτων
2647 5573 2869 5626 ἐκείνων
2900 5575 2994 5626 καὶ
3027 5575 3330 5629 θεσπεσίων
3359 5573 3533 5645 χορῶν
3557 5587 3737 5640 προσο-

496 5664 764 5716 modestia
797 5672 1130 5728 constantes,
1186 5665 1316 5717 nihil
1351 5665 1418 5717 de
1448 5679 1544 5718 sua
1579 5663 1979 5733 pulchritudine
2014 5679 2041 5716 a

2191 5668 2279 5734 ῡχῇ
2322 5667 2418 5718 καὶ
2450 5665 2711 5735 σπουδαίᾳ
2745 5665 2924 5734 νήφει,
2962 5667 3113 5718 οὑίὲν
3143 5668 3239 5735 τῆς
3263 5666 3467 5728 οἰκείας
3496 5660 3736 5721 καλλονῆς

495 5755 756 5824 (Ιίόιιὶιιιιθ
784 5756 1128 5811 amiserunt:
1167 5758 1255 5811 sed
1307 5759 1586 5813 communi
1628 5756 1856 5812 Domino
1906 5755 2040 5811 Crea

2195 5757 2215 5826 ἣ
2247 5757 2455 5823 τάξεως
2477 5759 2888 5824 ἀλλοιώσαντες,
2915 5759 3051 5813 ἀλλὰ
3084 5762 3217 5831 πρὸς
3238 5760 3330 5812 τὸν
3357 5755 3529 5810 κοινὸν
3551 5751 3740 5806 Δεσπό-
