3976 6222
320 261 428 325 129

1282 258 1382 317 AD
1418 251 2011 319 AMPHILOCHIUM
2062 252 2410 324 QUXESTIO
2448 256 2623 316 XIII.
3054 244 3079 269 ’

3470 255 3574 322 Η3θ

315 394 422 446 την
448 374 545 427 καὶ
574 370 1235 442 Δημιουργοννάνενδότως
1257 371 1481 433 ἑαυτοὺς
1504 367 1891 429 ἀνατείνοντες,

2006 365 2217 435 torique
2258 368 2485 423 firmiter
2527 368 2890 433 adhaerentes,
2946 382 3126 439 neque
3168 367 3373 424 fontem
3400 372 3584 426 orantis

312 468 415 520 καὶ
463 466 626 536 κόρον
674 464 776 533 τῆς
814 464 1148 531 ἁγαοοδότου
1180 463 1369 526 οὐσίας
1399 463 1499 517 οὐκ
1534 461 1769 530 ἔχοντες,
1801 458 1901 512 οὐκ

313 558 477 611 αὐτοὶ
502 558 665 625 μόνον
705 554 902 623 ἀγαθοὶ¹
932 554 1073 607 κατά
1100 553 1341 624 μετοχὴν
1370 552 1737 622 διαμένουσιν,
1762 548 1898 603 ἀλλὰ

312 647 413 700 καὶ
469 645 547 715 τῷ
590 645 699 699 τῶν
756 645 1061 714 ἀνθρώπων
1109 644 1257 712 γένει
1295 643 1573 715 τὴνθείαν
1596 644 1698 696 κάν
1726 642 1900 711 τούτῳ

310 737 821 807 ἐξυπηρετούμενοι
878 735 1155 807 βούλησιν,
1220 735 1584 805 ἀγαθοεηργίας
1649 738 1900 805 συνεργοὶ

306 834 409 883 καὶ
440 830 730 900 ἐπίκουροι
760 828 1045 897 γίνονται·
1082 830 1176 882 καὶ
1209 830 1259 880 οξ
1304 829 1400 898 μὲν
1432 828 1547 881 ὅσοι
1573 830 1895 894 κατέπεσον,

306 922 410 975 καὶ
446 921 611 978 αὑτὸν
638 922 732 973 τὴν
767 920 941 973 τύπον
972 919 1068 973 τοῦ
1101 920 1338 991 σταυροῦ
1366 921 1781 991 χαρασσόμενον
1806 922 1898 991 δρα

302 1014 481 1081 γάνου
536 1011 715 1082 τύπῳ,
761 1012 830 1064 δι’
864 1006 925 1065 οὗ
972 1012 1034 1064 τὸ
1087 1013 1356 1082 σωτήριον
1397 1012 1653 1081 ἐτελέσθη
1705 1012 1895 1077 πάθος,

303 1104 654 1171 φρίττοντες,
690 1104 980 1172 τρέμουσι,
1010 1104 1110 1155 καὶ
1131 1103 1206 1165 ὡς
1236 1104 1896 1175 πορρωτάτωσδραπετεύ-

296 1210 493 1246 ουσινο
530 1195 580 1246 οί
610 1194 668 1245 δὲ
697 1195 773 1264 τῷ
803 1194 932 1263 θείῳ
962 1194 1140 1264 θρόνῳ
1193 1195 1610 1264 περιιστάμενοι
1657 1197 1755 1263 τῆς
1788 1180 1908 1263 μινι

298 1285 512 1355 καρίας
542 1284 763 1354 ἐκείνης
789 1286 883 1338 καὶ
914 1284 1153 1354 φοϐερᾶς
1186 1284 1312 1347 θέας
1353 1285 1477 1337 ὅσον
1525 1287 1759 1355 ἐγχωρεῖ
1793 1283 1895 1352 φύ-

299 1394 391 1437 σει
422 1380 648 1447 κτιστῇ,
693 1380 796 1441 τὰς
839 1376 1212 1448 μαρμαρυγὰς
1242 1377 1630 1447 ὑποδέχονται·
1660 1378 1755 1432 καὶ
1783 1378 1897 1440 τοῖς

301 1471 409 1539 μὲν
439 1467 523 1531 οἷς
544 1470 716 1541 δρῶσί
741 1488 804 1523 τε
836 1470 930 1523 καὶ
976 1471 1299 1542 δεδράκασι,
1324 1471 1435 1541 πῦρ
1476 1471 1804 1541 ἡτοίμασται
1834 1470 1896 1525 τὸ

296 1562 581 1632 ἐξώτερον
606 1580 619 1593 ο
647 1564 697 1615 οἱ
721 1563 777 1615 δὲ
802 1562 869 1616 δι’
898 1558 978 1617 ὧν
1011 1562 1071 1616 τὸ
1098 1563 1560 1634 αὑτοκρατορικὸν
1593 1562 1695 1633 τῆς
1722 1563 1895 1634 ῥοπῆς

295 1658 361 1708 ἐν
397 1658 524 1718 ταῖς
570 1654 821 1725 ἀμείνοσι
864 1660 1170 1726 προκοπαῖς
1209 1656 1304 1709 καὶ
1355 1656 1655 1710 ἀναϐάσεσι
1696 1672 1895 1726 συντη-

297 1746 463 1818 ροῦσι
479 1748 575 1802 καὶ
593 1750 987 1820 συνετήρησαν,
1008 1751 1075 1801 ὲν
1099 1750 1377 1820 ἀδιηγήτῳ
1394 1751 1573 1821 τρυφῇ
1596 1748 1897 1821 καὶαίωνίᾳ

298 1836 588 1904 διαμένειν
637 1836 935 1891 ἀπολαύσει
982 1836 1082 1900 τὰς
1118 1837 1333 1909 ψήφους
1366 1837 1465 1908 ἤδη
1551 1837 1893 1905 κατέχουσιν.

372 1928 440 1983 ε’.
486 1928 667 1998 Ἐρεῖς
683 1927 778 1982 οὖν
804 1929 1044 1993 πάντως,
1091 1928 1190 1983 Διά
1240 1929 1292 1981 τί
1328 1928 1551 1997 γέγονεν
1589 1929 1619 1981 ὁ
1658 1927 1895 1999 πονηρὸς

297 2023 540 2087 ἐκεῖνος,
592 2021 687 2074 καὶ
726 2021 849 2074 ὅσαι
902 2020 1051 2091 αὐτῷ
1116 2023 1305 2091 μοῖραι
1371 2020 1892 2091 συναπεστάτησανς

295 2115 475 2185 ἐχρῆν
510 2112 623 2184 γὰρ
656 2114 750 2166 τὸν
779 2113 913 2167 Θεὸν
930 2113 1138 2181 ἀγαθὸν
1168 2113 1317 2179 ὄντα,
1366 2114 1466 2184 τῆς
1504 2114 1696 2176 οὐσίας
1762 2129 1896 2185 προ-

294 2203 589 2269 εξελέσθαι
609 2206 704 2258 καὶ
728 2203 1049 2275 προανελεῖν
1074 2205 1143 2256 τὰ
1168 2204 1391 2257 τοιαῦτα
1406 2203 1890 2275 δημιουργήματαο

293 2297 533 2366 ἄμεινον
566 2296 676 2366 γὰρ
706 2297 903 2359 αὑταῖς
942 2294 1033 2367 ἦν,
1067 2295 1099 2367 ἢ
1130 2296 1268 2366 πρὸς
1308 2296 1684 2369 ἀπαραίτητον
1716 2313 1895 2368 παρα·

298 2385 632 2457 πέμπεσθαι
668 2386 905 2456 βάσανον
933 2403 946 2417 ο
981 2382 1101 2440 εἶτα
1145 2386 1256 2439 τῶν
1282 2388 1461 2440 αὐτῶν
1492 2405 1554 2441 σε
1585 2390 1895 2460 περιέργων

294 2480 587 2550 λογισμῶν
614 2480 676 2532 τὸ
702 2479 1020 2544 ἀκόλουθον,
1048 2486 1147 2536 καὶ
1172 2485 1267 2535 ἐπὶ
1304 2481 1374 2535 τὰ
1423 2481 1586 2536 λοιπά
1624 2482 1731 2536 τῶν
1771 2499 1892 2535 κτι-

300 2573 535 2641 σμάτων
563 2570 923 2640 παραπέμψει
948 2586 963 2601 ·
994 2571 1102 2625 ἔδει
1143 2574 1252 2643 γὰρ
1303 2572 1400 2644 τὴν
1444 2573 1551 2641 γῆν
1600 2572 1893 2643 προαχθεῖ-

298 2680 406 2716 σαν
432 2662 466 2732 ῆ
495 2661 677 2731 μένειν
705 2661 965 2732 ἀκίνητον
1002 2663 1096 2716 ἐπὶ
1149 2664 1249 2733 τῆς
1279 2663 1635 2734 προαγωγῆς,
1680 2665 1780 2717 ικαὶ
1812 2663 1893 2734 τῷ

298 2754 573 2823 ἀτρέπτῳ
640 2751 1127 2823 περιτειχίζεσθαι,
1170 2754 1203 2825 ἢ
1254 2755 1338 2809 ἵνα
1386 2754 1456 2807 τά
1510 2754 1646 2809 ἄλλα
1686 2754 1893 2824 ταύτης

301 2840 460 2911 πάθη
492 2840 604 2893 ,καὶ
631 2841 731 2904 τὰς
753 2839 1073 2907 ἀλλοιώσεις
1122 2842 1288 2908 ὲάσω,
1321 2843 1403 2915 μὴ
1446 2847 1561 2906 τοῖς
1606 2844 1814 2911 ὕδασιν,
1843 2848 1893 2899 εί

300 2934 403 2985 καὶ
432 2932 512 3002 μὴ
543 2931 666 2987 καθ’
696 2932 847 3005 ὅλην,
880 2933 1023 2989 κατὰ
1069 2933 1240 2987 πολλὰ
1280 2934 1337 2988 δὲ
1376 2935 1486 2990 τῶν
1518 2936 1702 3006 μερῶν
1724 2953 1891 3006 περι-

2002 455 2131 510 boni
2161 458 2529 515 substantiam
2568 457 2931 525 fastidientes,
2997 475 3107 515 non
3144 461 3334 521 solum
3370 460 3487 531 ipsi
3526 462 3581 517 in

2002 548 2262 603 bonitatis
2326 551 2719 604 communione
2775 559 3114 614 manserunt,
3163 566 3353 606 verum
3412 551 3579 605 etiam

2004 640 2284 695 hominum
2343 644 2551 713 generi,
2605 642 2807 697 divina:
2846 644 3051 713 pariter
3085 643 3142 697 in
3180 644 3283 698 hoc
3310 643 3579 698 voluntati

2001 731 2386 801 obsequentes,
2449 732 2716 787 honorum
2754 748 2980 803 operum
3029 733 3309 803 adjutores
3336 735 3581 804 sociique

2000 832 2309 877 evaserunt.
2339 823 2405 876 Et
2431 823 2467 876 ii
2489 838 2622 879 sane
2646 823 2747 894 «qui
2772 824 3121 887 exciderunt,
3154 824 3327 893 ipsam
3362 841 3580 895 quoque

1998 915 2178 969 crucis
2211 914 2528 985 imaginem,
2582 915 2635 970 in
2678 915 2797 985 ejus
2842 915 3394 973 instrumenti-forma
3418 917 3581 979 ωἰς

1998 1005 2165 1060 bitam
2212 1020 2322 1075 quo
2378 1005 2685 1061 Servatoris
2753 1008 2938 1077 passio
2986 1008 3397 1077 peraetafuit,
3452 1024 3578 1065 cum

2000 1098 2231 1153 horrore
2254 1100 2625 1155 extimescunt
2654 1115 2718 1155 ac
2750 1101 3071 1171 longissime
3104 1101 3320 1173 fugiunt
3352 1102 3578 1158 :rcieteri

1998 1201 2181 1245 autem
2216 1192 2460 1246 divinum
2510 1191 2711 1246 solium
2754 1193 3197 1258 circumstantes,
3233 1191 3404 1249 beatae
3433 1192 3580 1251 illius

1998 1299 2062 1338 ac
2115 1284 2413 1339 tretnendze
2463 1285 2715 1351 visionis.
2777 1294 3043 1354 quantum
3096 1294 3295 1349 creatae
3368 1293 3579 1343 natura:

1994 1374 2146 1441 licet,
2172 1376 2357 1431 radios
2386 1376 2685 1444 excipiunt.
2749 1376 2859 1432 Illis
2895 1377 2977 1434 ob
3029 1392 3094 1433 ea
3141 1393 3268 1448 qua:
3292 1389 3464 1448 agunt
3486 1376 3578 1433 .fe-

1996 1476 2318 1538 eeruntque,
2392 1468 2535 1537 ignis
2586 1469 2830 1525 exterior
2892 1478 3119 1539 paratus
3164 1479 3295 1537 est;
3372 1472 3429 1533 bi
3474 1471 3578 1542 qui

1994 1559 2229 1614 liberum
2250 1559 2545 1615 arbitrium
2576 1576 2739 1616 suum
2771 1560 2825 1614 in
2850 1560 3174 1617 melioribus
3192 1563 3579 1633 progressibus

1998 1651 2368 1720 gradibusque
2398 1648 2666 1705 faciendis
2721 1651 3114 1705 continuerunt
3161 1662 3217 1706 et
3272 1652 3577 1714 continent.

2001 1741 2448 1797 inenarrabilium
2480 1742 2805 1811 gaudiorum
2850 1750 3018 1811 atque
3053 1750 3274 1801 aeternae
3302 1742 3580 1804 beatitatis

1988 1841 2196 1889 sortem
2218 1832 2443 1887 decreto
2472 1831 2658 1887 divino
2683 1832 2950 1887 obtinent.

2067 1923 2119 1978 5.
2139 1923 2309 1978 Porro
2326 1924 2476 1978 dices
2496 1943 2511 1979 :
2530 1922 2642 1979 Cur
2664 1937 2787 1977 nam
2813 1922 2903 1979 ille
2923 1921 3204 1993 improbus
3219 1922 3576 1987 creatusfuit,

1994 2025 2051 2071 et
2087 2024 2357 2086 quotquot
2401 2031 2527 2071 cum
2580 2030 2647 2070 eo
2681 2016 2904 2070 ordines
2926 2016 3217 2086 apostatici
3243 2017 3578 2075 evaserunt?

2000 2109 2280 2164 Decuisset
2329 2109 2476 2163 enim
2535 2106 2631 2162 Dei
2680 2108 2908 2165 bonitati
2951 2124 2981 2162 ο
3011 2124 3196 2167 rerum
3226 2117 3428 2165 natura
3454 2108 3581 2180 pri-

1995 2198 2165 2253 mitus
2222 2198 2466 2254 eximere
2512 2198 2612 2253 has
2654 2210 2936 2255 creaturas
2960 2209 3127 2270 atque
3155 2200 3467 2263 excludere.
3519 2200 3575 2255 ld

1994 2290 2140 2346 enim
2196 2290 2391 2345 melius
2439 2298 2558 2345 erat
2613 2290 2698 2345 bis
2732 2306 2897 2360 quam
2942 2292 3265 2347 inexorabili
3305 2293 3575 2357 cruciatui

1994 2382 2279 2453 deputare.
2339 2383 2503 2453 Atqui
2548 2384 2671 2438 vani
2706 2382 2873 2454 hujus
2912 2384 3194 2440 ratiocinii
3225 2386 3446 2456 sequela
3481 2402 3579 2456 per

1994 2486 2225 2531 caeteras
2283 2490 2503 2546 quoque
2559 2492 2649 2530 res
2694 2486 2910 2533 creatas
2970 2485 3023 2532 te
3072 2478 3276 2546 pariter
3322 2479 3575 2535 deducet.

1995 2564 2280 2621 Decuisset
2324 2566 2468 2620 enim
2527 2566 2774 2621 tellurem
2824 2582 3047 2637 quoque
3075 2580 3314 2629 creatam
3348 2584 3577 2625 manere

1995 2658 2330 2713 immobilem
2365 2660 2417 2712 in
2454 2668 2596 2714 statu
2632 2673 2735 2715 suo
2750 2670 2802 2714 et
2838 2659 3102 2715 ﬁrmitate
3137 2660 3577 2731 munirizneque

1997 2751 2091 2821 (ut
2146 2761 2371 2805 caeteras
2427 2751 2546 2819 ejus
2596 2752 2883 2821 passiones
2940 2752 3383 2824 mutationesque
3434 2769 3579 2822 prae—

1995 2844 2239 2911 teream)
2275 2842 2434 2912 aquis
2466 2843 2515 2898 si
2553 2844 2734 2898 minus
2766 2843 3080 2899 universam
3110 2853 3258 2901 certe
3279 2845 3575 2903 maximam

1992 2944 2207 3004 partem
2242 2934 2502 2989 inundari
2530 2951 2546 3001 ;
2611 2934 2845 3003 paulove
2867 2934 3050 2989 minus
3078 2950 3245 3004 quam
3274 2951 3402 2991 cum
3432 2936 3576 2991 invi-

305 3024 611 3088 κλύζεσθαι
639 3040 653 3053 ·
696 3026 794 3079 καὶ
821 3026 1021 3096 μικροῦ
1070 3025 1241 3097 μηδὲν
1300 3026 1521 3081 ἔλαττον
1550 3028 1699 3098 ῆὸτε
1724 3028 1891 3099 ἀόρα-

1998 3027 2175 3082 sibilis
2198 3035 2392 3082 eratet
2416 3026 2691 3091 informis,
2718 3023 2976 3081 ﬂuctibus
3003 3025 3181 3081 obrui.
3214 3026 3411 3083 Aerem
3438 3042 3578 3097 quo-

308 3133 403 3180 τος
427 3118 526 3170 καὶ
552 3117 1044 3180 ἀκατασκεύαστος
1074 3113 1141 3188 ἦν
1170 3120 1235 3188 τῇ
1279 3117 1625 3192 πλημμυρίδι
1665 3120 1897 3191 συγκρύ-

302 3209 582 3263 πτεσθαι·
616 3210 838 3264 καὶτὸν
874 3210 1014 3280 ἀέρα
1052 3208 1109 3262 δὲ
1157 3210 1395 3283 καθαρόν
1450 3229 1508 3264 τε
1560 3213 1656 3265 καὶ
1717 3212 1897 3282 πάσης

300 3302 740 3374 ἀπηλλαγμένον
768 3302 925 3357 νόθου
958 3302 1272 3372 μετουσίας,
1304 3302 1573 3373 σωτήριόν
1602 3321 1661 3356 τε
1684 3303 1896 3375 ἀνθρώ-

300 3411 435 3457 ποις
465 3395 561 3449 καὶ
589 3396 703 3457 τοῖς
734 3392 915 3456 ἄλλοις
939 3391 1099 3457 ζώοις
1125 3393 1454 3458 ὑποστάντα,
1488 3394 1592 3447 οὐκ
1625 3394 1734 3447 ἔδει
1758 3395 1897 3465 πρὸς

299 3487 553 3559 λοιμώδη
585 3489 678 3541 καὶ
705 3487 1015 3561 φθαρτικὴν
1044 3487 1152 3542 τῶν
1187 3487 1513 3559 σωζομένων
1558 3489 1895 3549 κατάστασιν

302 3581 698 3651 μεταπίπτειν.
734 3578 802 3634 El
838 3581 894 3634 δὲ
916 3579 1091 3634 ταῦτα
1123 3583 1520 3653 προαγομένοις
1552 3583 1735 3645 αὐτοῖς
1770 3583 1896 3653 ὄρος

300 3674 557 3743 ὲνεπὰγη
602 3665 1036 3743 μεταϐάλλεσθαι
1062 3672 1159 3744 τὴν
1195 3674 1377 3742 φύσιν,
1424 3675 1486 3726 οὐ
1515 3674 1688 3727 ταῦτα
1709 3676 1765 3728 δὲ
1791 3676 1892 3745 μό·-

299 3780 423 3830 νον,
457 3763 597 3817 ἀλλά
624 3763 719 3817 καὶ
739 3764 807 3817 τὰ
832 3763 1048 3827 τούτοις
1077 3762 1357 3833 σύστοιχα,
1381 3763 1605 3833 ἄμεινον
1628 3760 1697 3834 ἦν
1725 3765 1892 3835 μηδὲν

295 3855 516 3909 τούτων
546 3855 627 3918 είς
657 3854 1295 3929 προαγωγὴνὲνεχθῆναι
1321 3871 1334 3884 ·
1376 3852 1494 3909 εἶτα
1524 3857 1552 3909 ό
1589 3855 1687 3926 τὴν
1710 3856 1890 3912 κτίσιν

294 3945 432 4016 ὅλην
462 3942 634 4007 οὕτως
666 3944 1074 4009 ἀνασκευάζων,
1100 3945 1200 4014 ὅση
1231 3962 1289 3998 τε
1328 3946 1386 3998 ἐν
1406 3948 1638 4017 νοητοῖς,
1665 3946 1761 4000 καὶ
1788 3948 1887 4018 ὅση

292 4037 359 4088 ἐν
392 4034 697 4104 αἰσθητοῖς,
732 4035 826 4087 καὶ
846 4034 980 4105 μηδὲ
1003 4034 1112 4088 τῶν
1136 4035 1359 4107 ἀψύχων
1389 4037 1725 4108 φειδόμενος,
1747 4038 1889 4093 ἀλλά

298 4126 488 4178 πάντα
531 4125 744 4195 πικρῶς
766 4126 909 4179 οὕτω
959 4128 1331 4196 ζυγοστατῶν,
1368 4130 1463 4183 καὶ
1493 4132 1560 4201 τῇ
1610 4130 1717 4202 ἰδίᾳ
1752 4131 1887 4183 καθ-

294 4213 627 4269 υποΰάλλων
650 4215 760 4269 τῶν
785 4217 1060 4286 λογισμῶν
1095 4217 1295 4290 κρίσει,
1327 4220 1422 4272 καὶ
1460 4221 1653 4290 μηδενὶ
1680 4222 1886 4275 τούτων

292 4308 798 4377 συναρεσκόμενος,
821 4310 877 4363 τί
913 4313 1099 4378 ποιεῖς
1141 4312 1271 4382 περὶ
1302 4311 1403 4382 τῆς
1447 4311 1541 4365 τοῦ
1593 4312 1882 4385 ἀνθρώπου

1999 3135 2108 3189 que
2136 3118 2414 3173 decuisset
2460 3133 2658 3188 purum
2698 3132 2824 3173 esse
2878 3117 3224 3186 atqueemni
3254 3117 3580 3172 humiditoto

1996 3226 2252 3276 vacuum,
2288 3210 2607 3265 hominibus
2638 3210 2971 3281 caaterisque
3010 3210 3393 3275 animantibus
3426 3210 3580 3267 salu-

1997 3312 2201 3369 tarem;
2261 3317 2372 3357 non
2423 3310 2606 3357 autem
2637 3302 2706 3357 ad
2754 3303 3097 3373 pestilentem
3124 3303 3581 3374 mortiferumque

1994 3396 2301 3450 viventibus
2328 3394 2695 3452 conditionem
2729 3396 3003 3455 converti.
3058 3395 3217 3463 Quod
3265 3397 3320 3452 si
3361 3396 3480 3453 haec
3504 3397 3578 3451 ita

1992 3498 2249 3561 generata
2283 3499 2432 3554 sunt,
2466 3498 2527 3543 ut
2571 3498 2827 3551 naturam
2864 3489 3080 3544 variare
3117 3489 3580 3559 soleant;ineque

1994 3579 2108 3631 haec
2132 3577 2514 3631 tantummodo
2552 3577 2786 3633 sedalia
2831 3576 3142 3646 ejusmodi;
3203 3579 3380 3635 satius
3434 3588 3572 3640 erat,

1993 3670 2174 3740 inquit
2208 3670 2428 3740 aliquis,
2478 3670 2594 3725 haec
2631 3669 2859 3725 omnino
2904 3685 3021 3725 non
3046 3670 3260 3729 creari.
3309 3670 3402 3727 Sic
3434 3686 3576 3741 ergo

1993 3765 2097 3819 iste
2129 3763 2447 3819 universam
2478 3773 2731 3817 naturam
2785 3761 3140 3827 labefactans,
3205 3763 3321 3819 sive
3364 3778 3490 3835 qua:
3517 3764 3573 3820 in

1991 3856 2448 3911 intellectualibus
2474 3864 2557 3911 est
2582 3856 2698 3910 sive
2747 3872 2873 3925 quae
2909 3857 2964 3910 in
2996 3856 3371 3921 sensibilibus,
3425 3866 3481 3912 et
3502 3873 3575 3911 ne

1990 3945 2247 4005 inanimis
2276 3944 2499 4016 quidem
2540 3945 2715 4023 rebus
2736 3930 2991 4016 parcens,
3025 3947 3121 4003 sed
3158 3957 3356 4003 cuncta
3372 3951 3576 4003 acerbe

1988 4040 2068 4093 sic
2101 4053 2410 4107 equuans,
2449 4038 2643 4108 suique
2682 4039 2954 4094 ratiocinii
2984 4039 3195 4108 judicio
3218 4039 3569 4109 ,subjiciens,

1988 4131 2234 4201 nihilque
2274 4132 2470 4185 borum
2521 4132 2787 4202 probans,
2845 4132 2979 4201 quid
3035 4132 3256 4187 dentom
3295 4133 3449 4203 agit?
3504 4134 3574 4189 de

1987 4224 2226 4279 hominis
2252 4224 2549 4289 creatione,
2587 4225 2733 4293 quod
2774 4239 2943 4278 unum
2972 4234 3056 4281 est
3084 4239 3116 4279 e
3139 4226 3340 4280 creatis
3356 4227 3573 4295 generi-

1986 4319 2090 4373 bus
2110 4317 2366 4387 ambigit;
2400 4316 2485 4371 vel
2514 4314 2682 4370 Deum
2713 4316 2887 4369 alium
2920 4325 3339 4387 creatoremque
3372 4319 3572 4387 quierit

294 4402 665 4472 δημιουργίας
706 4402 827 4464 ἑνὸς
871 4402 1047 4467 εἴδους
1090 4404 1201 4457 τῶν
1246 4404 1547 4472 γεγονότων
1597 4405 1879 4476 διαπορεῖ⁶

1994 4408 2057 4479 (o
2088 4407 2230 4462 Deus
2264 4408 2467 4475 bone!)
2524 4422 2684 4475 quem
2733 4406 2864 4463 dum
2916 4408 3170 4477 ignarum
3220 4408 3297 4463 rei
3324 4409 3569 4469 melioris

294 4492 332 4562 ἢ
364 4492 498 4543 θεὸν
528 4491 734 4563 ’ἕτερον
784 4493 878 4547 καὶ
939 4494 1269 4566 δημιουργὸν
1306 4496 1557 4568 ἐπιζητεῖ
1593 4496 1777 4567 (ἵλεως
1823 4500 1883 4553 δὲ

291 4586 434 4655 ἡμῖν
465 4585 575 4655 εἴη)
610 4584 801 4657 ἀμαθῆ
822 4586 893 4639 δὲ
921 4585 1015 4639 τοῦ
1051 4588 1363 4658 κρείττονος
1413 4590 1504 4641 τὸν
1534 4590 1709 4644 ταῦτα
1741 4608 1881 4663 προ-

291 4677 581 4746 αγαγόντα
607 4678 786 4731 πάντα
815 4680 1021 4731 ἀναιδεί
1052 4678 1329 4749 προσώπῳ
1344 4679 1439 4733 καὶ
1462 4680 1731 4752 ἁπυλώτῳ
1759 4683 1853 4735 στό
1871 4710 1885 4723 ο

292 4784 431 4836 ματι
488 4767 857 4837 διακωμῳδεῖ.
893 4768 959 4819 Τί
1004 4767 1061 4821 δὲ
1099 4767 1241 4836 λέγω
1287 4768 1420 4820 Θεὸν
1446 4767 1635 4839 ἕτερον
1666 4770 1759 4822 καὶ
1786 4770 1882 4839 δη-

292 4858 564 4928 μιουργὸν
598 4856 880 4928 ὲπιζητεί;
916 4858 1079 4910 αὑτὸν
1117 4858 1228 4928 γὰρ
1265 4858 1429 4922 αὐτὸς
1461 4859 1694 4923 καθίσας
1716 4863 1774 4913 ὲν
1802 4860 1880 4931 τῷ

290 4948 391 5018 τῆς
417 4948 684 5010 ἀπονοίας
721 4948 817 5001 καὶ
838 4949 1033 5010 ἀνοίας
1053 4947 1176 5019 ὕψει
1205 4950 1313 5002 τῶν
1332 4950 1634 5018 γεγονότων
1657 4950 1883 5022 διορθω-

289 5040 412 5109 τὴν,
440 5039 665 5108 ἀφελεῖν
693 5040 987 5102 σπουδάζει
1017 5041 1297 5105 παντελῶς
1323 5042 1422 5111 τὴν
1451 5044 1580 5114 περὶ
1625 5043 1760 5097 Θεοῦ
1790 5045 1879 5096 ἒν-

294 5148 464 5195 νοιαν,
506 5133 575 5202 ἢν
606 5132 707 5201 τῆς
748 5132 884 5195 ιδίας
939 5133 1329 5203 προαφείλετο,
1378 5132 1487 5187 τῶν
1521 5135 1881 5206 ἀνθρωπίνων

284 5222 478 5293 ψυχῶν
500 5238 517 5253 ’
547 5223 688 5277 ἀλλά
717 5222 889 5275 ταῦτα
921 5224 1019 5292 μὲν
1044 5225 1118 5287 ώς
1144 5225 1285 5277 κατὰ
1319 5225 1479 5291 λόγον
1525 5225 1878 5295 κεφαλαιώδη

288 5315 452 5368 ἰκανά
472 5308 629 5384 οἶμαι
650 5314 863 5367 καὶτῶν
886 5315 1407 5386 παραλελειμμένων
1428 5319 1505 5380 εἰς
1523 5316 1729 5369 ἔννοιαν
1745 5317 1879 5369 ἀνα·

282 5406 499 5472 ταγεῖν⁹
523 5406 621 5458 καὶ
651 5407 776 5469 τοὺς
792 5407 1092 5475 ἀντιλέγειν
1106 5408 1273 5460 πάλαι
1318 5407 1772 5479 θρασυνομένους,
1804 5406 1880 5471 ὡς

283 5495 710 5568 βοῦς(5ί)ὲπέ6η
734 5498 834 5569 τὴν
854 5498 1175 5568 παροιμίαν,
1194 5499 1287 5551 καὶ
1311 5501 1495 5552 πεῖσαι
1521 5496 1876 5567 μεταμαθεῖν.

1984 4514 2049 4553 ea
2072 4514 2195 4567 qua:
2224 4496 2463 4555 diximus
2497 4496 2691 4551 fecisse
2722 4497 2819 4560 ait,
2851 4497 3069 4551 efironti
3092 4498 3241 4551 vultu
3274 4499 3569 4570 linguaque

1983 4590 2174 4646 effreni
2202 4589 2387 4644 omnia
2422 4589 2747 4651 subsannat.
2785 4587 2889 4644 Sed
2916 4604 3016 4644 cur
3041 4589 3152 4645 dixi
3191 4589 3362 4644 Deum
3390 4591 3566 4653 aliqu

1980 4692 2399 4750 creatoremque
2452 4682 2519 4736 ab
2560 4696 2630 4741 eo
2689 4681 2901 4750 quaeri?
2960 4681 3081 4751 Ipse
3100 4684 3290 4752 potius
3312 4699 3374 4739 se
3402 4684 3453 4739 in
3480 4685 3569 4739 in.

1983 4776 2155 4830 sanire
2220 4771 2576 4842 stultitiaeque
2640 4771 2859 4843 fastigio
2932 4774 3210 4829 collocatis
3269 4777 3568 4841 creationis

1986 4866 2435 4929 emendatorem,
2491 4879 2712 4918 omnem
2772 4862 2868 4928 Dei
2931 4864 3182 4921 notitiam
3244 4882 3311 4920 ex
3367 4868 3568 4927 animis

1988 4956 2297 5019 hominum,
2339 4955 2593 5024 quamde
2615 4969 2715 5009 suo
2740 4953 2854 5025 jam
2876 4956 3106 5025 expulit,
3141 4956 3327 5011 delere
3350 4958 3563 5014 nititur.

1990 5048 2094 5103 Sed
2154 5048 2418 5102 hactenus
2488 5047 2831 5116 capitulatim
2875 5048 3151 5117 disputata
3192 5049 3463 5107 sufﬁciunt
3494 5052 3563 5105 ad

1986 5142 2481 5213 praetermissorum
2510 5142 2698 5208 etiam,
2754 5151 2814 5197 ut
2858 5152 3010 5213 puto,
3052 5145 3417 5202 retricandam
3446 5162 3566 5199 nie-

1988 5234 2263 5298 moriam;
2301 5246 2464 5301 atque
2519 5242 2579 5287 ut
2634 5233 2670 5286 ii
2708 5235 2803 5303 qui
2836 5235 2966 5289 olim
2987 5237 3363 5293 contradicere
3398 5239 3567 5295 aude-

1989 5326 2142 5392 bant,
2176 5333 2435 5393 tanquam
2461 5325 2504 5376 si
2537 5324 2637 5379 bos
2663 5325 2973 5395 irrupisset,
2999 5337 3058 5381 ut
3086 5329 3163 5382 ait
3191 5330 3562 5398 proverbium,

1989 5417 2268 5472 dediscere
2298 5431 2405 5469 non
2442 5425 2714 5471 recusent.

350 5657 467 5727 (31)
504 5655 660 5723 Diog.
692 5667 844 5723 prov.
882 5662 1027 5708 cent.
1074 5653 1165 5720 Ill,
1221 5653 1283 5708 (il
1328 5673 1339 5707 :
1396 5651 1533 5715 Βοῦς
1566 5652 1772 5723 ὲπέΰηο
1836 5654 1891 5705 ετ

1994 5652 2078 5706 ’ῶν
2119 5650 2379 5724 ἐξαίφνης
2426 5652 2777 5709 σιωπώντων
2830 5654 2893 5708 τὸ
2951 5654 3058 5723 γὰρ
3092 5653 3370 5721 ,ἀργύριον
3427 5654 3560 5727 βοῦν

526 5769 804 5830 Parant.
834 5770 945 5833 (in,
987 5768 1072 5831 Cl.

3122 5765 3156 5824 5
