3912 6218
419 244 519 308 131
945 349 1274 420 ρυᾸεετιο
1327 349 1466 406 xw.

418 450 559 517 Quid
600 457 677 502 est
714 446 883 502 illud:
933 467 949 497 ι
994 447 1174 514 Λρεγιὶ
1215 455 1337 498 sunt
1367 462 1546 497 eorum
1588 443 1761 517 oculi.
1805 462 1822 494 ι
1854 442 1992 517 Cen.

491 536 576 582 ιιι,
597 519 650 584 7,
673 539 692 571 ι
725 527 774 572 et
797 512 1057 586 quomodo
1086 517 1440 586 transgressio
1469 517 1570 568 rint
1601 514 1780 567 habuit
1824 512 2000 566 oculos

487 591 755 662 aperiendi
774 590 796 627 9

1576 236 1842 298 PIIOTII
1876 231 2385 295 PATRIARCINE
2420 231 2530 290 ΟΡ.

3615 220 3710 283 132

2676 335 3013 391 ΕΡΩΤΗΣΙΣ
3041 338 3138 390 IA'.

2111 438 2169 492 Τί
2197 436 2328 487 ἐστι
2357 435 2444 498 τὸ,
2475 452 2493 483 ι
2521 432 2967 498 Διηνοίχθησαν
3005 428 3205 482 αὐτῶν
3243 430 3302 481 οἱ
3336 427 3659 498 ὀφθαλμοί·
3689 448 3705 478 ι

2178 508 2273 559 καὶ
2310 503 2436 569 πῶς
2475 506 2513 571 ἡ
2552 497 2891 571 παράϐασις
2938 500 3123 568 ἰσχὺν
3175 501 3336 568 ἔσχε
3382 497 3699 564 διανοίγειτ

2183 575 2535 645 ὀφθαλμούς
2555 591 2574 638 ;

1471 700 1608 748 Edita
1657 713 1684 748 a
1710 697 1853 756 Maio,
1887 698 2017 746 Nov.
2045 691 2191 753 COIL,
2218 698 2256 740 t.
2293 690 2374 750 IX,
2401 691 2478 748 14,
2512 689 2589 738 15.

489 813 626 869 lllud
664 821 869 880 autem,
906 831 924 863 ι
951 812 1136 881 Aperti
1172 820 1300 866 sunt
1330 811 1613 864 amborum
1661 809 1859 870 oeuli,»
1901 822 2008 860 non

426 909 573 977 quod
617 906 986 976 transgressio
1030 905 1301 974 aperuerit
1339 920 1527 958 eorum
1573 907 1785 964 oculos,
1831 899 2007 962 absit;

421 1017 528 1055 non
555 1003 703 1055 enim
742 1003 1007 1070 scriptum
1054 1007 1136 1053 est.
1167 999 1284 1068 ipsa
1328 997 1768 1066 transgressione
1814 1009 2007 1048 eorum

419 1095 613 1148 oculos
661 1102 878 1162 apertos
936 1091 1127 1155 fuisse,
1172 1090 1264 1146 sed
1317 1099 1441 1159 post
1484 1087 2003 1155 transgressionem.

425 1187 567 1242 ltieit
595 1187 741 1240 enim
770 1204 783 1238 :
822 1205 840 1237 ι
878 1184 943 1238 Ει
969 1194 1258 1254 postquam
1289 1182 1497 1251 accepit
1525 1181 1738 1247 mulier,
1769 1180 1838 1234 de
1858 1181 2006 1234 fruc-

423 1289 481 1334 tu
545 1279 802 1345 comedit,
831 1287 884 1332 et
913 1279 1083 1348 aperti
1126 1286 1254 1331 sunt
1284 1277 1426 1329 oculi
1458 1277 1782 1340 amborum;
1817 1293 1835 1324 ι
1863 1271 2008 1342 quod

423 1372 530 1425 tale
579 1371 853 1440 quoddam
901 1381 1024 1424 est:
1059 1367 1189 1424 Post
1226 1369 1490 1440 peccandi
1536 1375 1745 1429 aetum,
1793 1375 1853 1418 ut
1895 1365 2008 1433 ple-

422 1479 658 1532 rumque
704 1461 916 1531 peccati
961 1461 1202 1530 cognitio
1254 1460 1618 1530 supervenit,
1668 1467 1722 1513 et
1770 1457 2012 1510 audaciae

424 1553 742 1623 magnitudo
771 1553 942 1623 magis
978 1554 1316 1622 agnoscitur.
1348 1552 1658 1621 Cupiditate
1719 1550 1864 1604 enim
1892 1563 2014 1618 qua:

2184 803 2257 854 Τὸ
2282 801 2362 865 δὲ,
2389 819 2407 851 ι
2430 798 2824 870 Διηνοίχθησαν
2846 799 2894 850 οἱ
2913 793 3180 864 ὀφθαλμοὶ
3202 793 3322 845 τῶν
3343 791 3497 852 δύο.)
3524 792 3621 861 οὐχ
3640 791 3711 845 ὅτι

2116 896 2149 964 ἡ
2191 892 2506 965 παράϐασις
2537 889 2804 960 διήνοιξεν
2828 889 3018 941 αὐτῶν
3046 887 3173 949 τοὺς
3198 885 3554 954 ὀφθαλμοὺς,
3580 881 3712 937 ἁπα-

2124 1000 2185 1051 γε
2228 1000 2242 1013 ο
2281 982 2403 1034 οὐδὲ
2430 981 2541 1051 γάρ
2572 979 2682 1033 οὐδ’
2718 981 2776 1032 ἐν
2823 979 2960 1048 αὐτῇ
3000 981 3067 1049 τῇ
3122 976 3452 1048 παραϐάσει
3523 976 3714 1043 γέγρα·

2113 1094 2248 1130 πται
2272 1077 2395 1139 τοὺς
2422 1075 2734 1145 ὀφθαλμοὺς
2765 1071 2942 1126 αὐτῶν
2970 1071 3374 1140 διανοιχθῆναι,
3413 1068 3552 1122 ἀλλὰ
3587 1070 3715 1138 μετὰ

2112 1171 2210 1241 τὴν
2247 1169 2584 1240 παράϐασιν·
2619 1169 2752 1237 φησὶ
2783 1168 2908 1237 γάρ’
2939 1184 2958 1217 ι
2981 1165 3091 1219 Καὶ
3117 1164 3367 1216 λαϐοῦσα
3399 1164 3433 1233 ἡ
3460 1162 3596 1231 γυνὴ
3616 1163 3713 1216 ἀπὸ

2115 1267 2206 1319 τοῦ
2239 1264 2457 1337 καρποῦ
2493 1263 2660 1317 αὑτοῦ
2687 1263 2862 1333 ἔφαγε
2919 1263 3014 1315 καὶ
3076 1261 3247 1313 ἔδωκε
3291 1259 3394 1312 καὶ
3436 1257 3519 1328 τῷ
3568 1259 3713 1326 ἀνδρὶ

2121 1360 2314 1428 αὐτῆς,
2350 1357 2445 1411 καὶ
2475 1356 2679 1427 ἔφαγον
2703 1357 2796 1409 καὶ
2812 1354 3201 1426 διηνοίχθησαν
3230 1354 3284 1405 οἱ
3310 1350 3589 1420 ὀφθαλμοὶ
3613 1349 3712 1402 τῶν

2115 1449 2208 1502 δύο
2235 1464 2250 1479 ο
2287 1467 2304 1500 ι
2341 1449 2479 1519 ὅπερ
2512 1447 2754 1500 τοιοῦτόν
2795 1450 2946 1500 ἐστι·
2986 1447 3144 1501 Μετὰ
3169 1445 3271 1516 τὴν
3307 1443 3595 1515 ἁμαρτίαν
3645 1443 3712 1505 ὡς

2115 1542 2186 1592 τά
2224 1540 2395 1593 πολλὰ
2419 1542 2452 1611 ἡ
2488 1540 2782 1609 ἐπίγνωσις
2800 1541 2894 1593 τοῦ
2920 1540 3330 1610 ἁμαρτήματος
3361 1536 3596 1605 γίνεται,
3625 1535 3711 1588 καὶ

426 1645 491 1697 ad
523 1647 858 1714 peccandum
893 1643 1227 1711 impellebat,
1271 1651 1318 1694 el
1369 1640 1595 1694 stimulo
1636 1638 1728 1708 qui
1768 1639 2012 1691 anitnum

2125 1633 2178 1685 τὸ
2210 1632 2446 1702 μέγεθος
2475 1633 2567 1687 τοῦ
2599 1635 2950 1704 τολμήματος
2995 1635 3121 1685 τότε
3187 1631 3401 1702 μᾶλλον
3464 1631 3711 1698 ἐπιγινώ-

425 1734 686 1804 agitabat,
707 1744 827 1802 post
857 1732 1098 1799 exlegem
1125 1741 1305 1784 actum
1328 1738 1578 1783 cessante
1599 1736 1652 1781 et
1671 1715 2009 1796 quiescente,

426 1836 557 1881 tunc
600 1842 732 1882 sane
785 1837 1046 1894 tanquam
1102 1839 1199 1892 per
1252 1824 1392 1877 hanc
1445 1822 1674 1874 multam
1724 1819 2013 1888 caliginem

427 1920 773 1992 perspiciens
810 1919 949 1971 ratio
981 1927 1034 1970 et
1087 1916 1445 1984 resipiscens,
1476 1929 1538 1968 ea
1572 1928 1695 1982 qum
1735 1921 1855 1965 acta
1886 1919 2016 1964 sunt

427 2015 692 2074 intuetur,
737 2019 791 2063 et
839 2010 894 2062 in
930 2025 1090 2078 quem
1143 2017 1345 2062 statum
1388 2017 1441 2060 et
1481 1993 1509 2059 a
1556 2022 1666 2074 quo
1701 2014 1909 2058 mutata
1945 2005 2016 2056 sit

427 2104 602 2173 magis
628 2101 914 2170 intelligit;
941 2111 994 2154 et
1023 2116 1146 2154 cum
1198 2099 1532 2154 conscientia
1565 2099 1746 2167 ipsum
1767 2096 2016 2149 vulneret

426 2206 481 2249 et
511 2203 781 2264 torqueat,
819 2195 966 2248 clare
989 2193 1358 2257 discernitea,
1393 2207 1535 2260 qum,
1574 2189 1869 2258 cupiditate
1913 2189 2015 2240 im-

428 2289 683 2358 pellente,
742 2301 850 2340 non
904 2285 1156 2339 similiter
1201 2284 1482 2338 cernebat.
1530 2283 1763 2336 Aliunde
1831 2290 2013 2334 autem

429 2381 663 2450 quisque
694 2378 1162 2448 peccato-cedens,
1190 2377 1254 2428 iis
1285 2375 1486 2442 quilms
1511 2374 1766 2430 diabolus
1790 2373 2016 2425 titillaus

428 2482 483 2525 «οι
521 2472 768 2524 mulcens
802 2469 1192 2523 nosrll'eminat
1220 2477 1273 2520 et
1305 2466 1542 2520 tenebris
1569 2466 1758 2534 replet,
1787 2465 2016 2516 innexos

429 2565 588 2634 quasi
630 2564 734 2618 fert
772 2578 902 2616 suos
942 2577 1158 2623 sensus,
1187 2571 1242 2616 et
1281 2561 1460 2630 quoad
1509 2560 1620 2611 vim
1669 2556 2014 2611 discernendi

433 2657 736 2710 mutilatos.
787 2656 918 2709 Post
980 2655 1250 2707 actionem
1313 2663 1493 2706 autem
1548 2652 1650 2706 sub
1711 2651 1904 2705 oculos
1961 2650 2014 2703 id

433 2749 576 2818 quod
619 2756 880 2802 tentatmn
908 2753 990 2798 est
1023 2744 1265 2806 adducit,
1299 2755 1352 2797 et
1396 2743 1594 2796 acerbe
1650 2741 1826 2811 aperit
1869 2743 2016 2810 quod

433 2842 587 2910 prius
637 2839 827 2892 multis
872 2837 1122 2890 artiliciis
1162 2836 1452 2890 celaverat.
1501 2835 1634 2887 Dein
1691 2834 1760 2888 iis
1812 2833 2016 2903 quibus

439 2929 664 2984 :celeris
701 2928 905 2983 molem
935 2926 1388 2995 comprehensam
1436 2923 1630 2985 reddit,
1671 2923 1725 2975 in
1758 2921 2016 2991 despera-

434 3025 634 3076 tionem
667 3035 791 3074 eum
827 3019 920 3088 qui
952 3018 1197 3088 peccavit
1229 3016 1506 3086 impellere
1532 3023 1785 3069 conatur.

2118 1741 2305 1777 σκεται
2325 1741 2338 1755 ·
2359 1726 2451 1778 τοῦ
2482 1725 2591 1796 γὰρ
2614 1723 3121 1797 ἐπιπροσωθοῦντος
3153 1724 3372 1787 πάθους
3393 1723 3491 1776 καὶ
3507 1722 3710 1776 κινοῦν-

2114 1834 2204 1880 τος
2239 1820 2456 1888 οἴστρου
2492 1819 2630 1888 πρὸς
2663 1818 2760 1888 τὴν
2795 1818 3093 1890 ἁμαρτίαν,
3132 1819 3276 1887 μετὰ
3323 1816 3427 1888 τὴν
3455 1815 3711 1884 ἔκθεσμον

2116 1911 2316 1980 πρᾶξιν
2353 1913 2706 1981 πεπαυμένον
2737 1929 2798 1964 τε
2827 1911 2925 1964 καὶ
2947 1911 3314 1982 ἠρεμοῦντος,
3342 1911 3467 1962 τότε
3497 1909 3560 1980 δὴ
3601 1910 3710 1961 τότε

2117 2001 2309 2072 ὥσπερ
2351 2003 2623 2072 διακύψας
2653 2004 2752 2073 τῆς
2810 2002 3012 2073 πολλῆς
3046 2003 3250 2072 ἀχλύος
3292 2003 3518 2071 ἐκείνης
3561 2003 3588 2054 ό
3630 1999 3710 2052 λο-

2116 2094 2313 2161 γισμὸς
2343 2096 2438 2148 καὶ
2491 2095 2774 2163 ἀνανήψας
2827 2097 3001 2165 ἐφορᾷ
3056 2095 3126 2148 τά
3175 2095 3583 2165 πεπραγμένα,
3626 2097 3710 2146 καὶ

2119 2187 2200 2248 εἰς
2232 2187 2348 2238 οἵαν
2378 2188 2713 2241 κατάστασιν
2743 2189 2839 2242 καὶ
2864 2189 2924 2254 ἐξ
2945 2189 3063 2252 οἵας
3095 2187 3447 2260 μετηνέχθη,
3478 2187 3576 2257 τὴν
3604 2203 3708 2239 συν-

2118 2275 2372 2346 αίσθησιν
2410 2279 2613 2348 μᾶλλον
2644 2279 2932 2350 λαμϐάνει,
2966 2281 3060 2333 καὶ
3107 2281 3170 2333 τὸ
3221 2281 3476 2344 συνειδὸς
3521 2278 3709 2349 τιτρῶ-

2121 2385 2250 2422 σκον
2296 2370 2459 2423 αὐτὸν
2498 2372 2591 2424 καὶ
2618 2373 2882 2444 διεγεῖρον
2915 2374 3077 2443 ἔχων,
3109 2373 3404 2428 διαϐλέπει
3453 2371 3708 2445 τρανῶςᾶ

2118 2461 2213 2514 τοῦ
2243 2463 2450 2527 πάθους
2481 2467 2995 2537 ἐπιπροσωθοῦντος
3047 2468 3146 2538 οὐχ
3177 2468 3394 2538 ὁμοίως
3442 2468 3659 2519 ἔϐλεπεν
3688 2483 3701 2496 '

2119 2554 2294 2618 ἄλλως
2347 2573 2406 2608 τε
2459 2557 2518 2610 δὲ
2565 2559 2702 2629 πρὸς
2754 2558 2852 2628 τὴν
2905 2561 3183 2629 ἁμαρτίαν
3239 2561 3481 2624 ἕκαστος
3526 2561 3705 2632 χωρῶν

2118 2640 2199 2708 οἷς
2225 2647 2252 2698 ὁ
2291 2648 2530 2720 πονηρὸς
2557 2649 2996 2722 διαγαργαλίζων
3025 2668 3084 2704 τε
3103 2651 3193 2704 καὶ
3222 2651 3549 2720 ὑποθέλγων
3571 2652 3706 2720 ἡμᾶς

2121 2737 2407 2809 ἐκθηλύνει
2447 2741 2541 2792 καὶ
2587 2743 2788 2809 γνόφου
2827 2741 3028 2813 πληροῖ
3057 2745 3492 2812 κεκαρωμένους
3530 2740 3705 2811 ὥσπερ

2121 2829 2276 2899 φέρει
2312 2831 2440 2894 τοὺς
2467 2831 2764 2901 λογισμοὺς
2799 2835 2892 2887 καὶ
2924 2835 3374 2906 πεπηρωμένους
3413 2835 3474 2887 τὸ
3498 2834 3705 2887 όπτικὸν

2120 2921 2219 2992 τῆς
2263 2923 2588 2995 διακρίσεως
2617 2941 2630 2955 ⁸
2682 2926 2822 2997 μετὰ
2852 2927 2908 2980 δὲ
2941 2927 3038 2997 τὴν
3069 2927 3275 2999 πρᾶξιν
3305 2929 3400 2980 ὑπ’
3429 2927 3549 2997 ὄψιν
3593 2925 3704 2992 ἄγει

2043 3007 2086 3069 C
2121 3013 2183 3066 τὸ
2207 3015 2501 3087 τολμηθὲν,
2550 3021 2644 3072 καὶ
2697 3021 3070 3073 ἁνακαλύπτει
3104 3019 3330 3090 πικρῶς
3379 3020 3408 3073 ὂ
3451 3019 3705 3090 πρότερον

433 3121 657 3182 πολλαῖς
684 3119 952 3188 μηχαναῖς
983 3113 1428 3168 συνεκάλυπτενο
1495 3107 1613 3165 εἶτα
1675 3111 1742 3164 δι’
1789 3104 1864 3163 ὧν
1925 3110 2255 3182 κατάφωρον
2317 3115 2408 3167 τὸν
2467 3116 2631 3185 ὄγκον
2684 3117 2942 3171 ἀποτελεῖ
2993 3115 3088 3170 τοῦ
3146 3117 3530 3189 τολμήματος,
3581 3112 3704 3184 πρὸς

433 3213 745 3281 ἀπόγνωσιν
767 3209 929 3262 ὠθεῖν
984 3210 1242 3278 πειρᾶται
1273 3209 1362 3260 τὸν
1388 3207 1808 3275 ἁμαρτήσαντα.

507 3309 639 3360 Illud
664 3307 848 3376 igitur,
874 3325 890 3356 ι
918 3305 1099 3374 Aperti
1125 3313 1252 3359 sunt
1273 3319 1461 3358 eorum
1484 3305 1680 3365 oeuli,»
1707 3319 1812 3357 non
1842 3305 2022 3359 relati-

435 3417 499 3454 ve
530 3400 595 3452 ad
625 3397 955 3452 antecedens
982 3407 1220 3466 tempus,
1247 3396 1760 3465 nequepriusquam
1820 3412 1851 3450 a
1905 3398 2022 3468 lege

435 3490 570 3560 ipsis
599 3489 856 3560 imposita
885 3487 1216 3550 deciderent,
1247 3487 1720 3556 interpretandum
1746 3497 1862 3554 est;
1890 3497 2020 3544 tunc

435 3584 580 3638 enim
617 3583 808 3637 oculos
845 3582 1016 3652 magis
1045 3591 1265 3651 apertos
1299 3580 1592 3645 habebant,
1625 3583 1866 3635 nondum
1900 3600 2018 3637 ser-

434 3674 615 3745 pentis
647 3672 1120 3727 susurrationilms
1157 3670 1390 3740 decepti,
1421 3681 1473 3724 et
1497 3671 1808 3741 vigilantem
1843 3673 1908 3726 ad
1935 3674 2018 3727 vi-

433 3768 672 3823 dendum
708 3767 837 3836 quid
897 3765 1207 3819 faciendum
1257 3774 1425 3828 esset,
1476 3775 1710 3818 mentem
1752 3763 2016 3821 ferebant.

434 3859 555 3916 Non
593 3861 758 3930 igitur
792 3859 968 3914 visum
1006 3874 1112 3911 non
1152 3858 1436 3919 habentes,
1467 3870 1750 3927 peccatum
1782 3859 2021 3913 admise-

434 3962 584 4018 runt,
605 3952 698 4007 sed
721 3960 910 4020 contra
933 3950 985 4003 in
1011 3949 1342 4004 admittendo
1379 3959 1601 4018 peccato
1637 3950 2018 4019 czecutientes;

432 4056 724 4118 postquam
753 4055 932 4098 autem
959 4053 1236 4113 peccatum
1261 4041 1380 4106 fuit,
1403 4042 1578 4096 visum
1609 4053 2018 4112 recuperarunt.

433 4139 645 4195 Pravus
696 4139 863 4209 igitur
913 4149 966 4192 et
1013 4138 1081 4191 ab
1140 4137 1296 4190 initio
1331 4135 1506 4189 malus
1558 4145 1763 4191 nostr-.e
1812 4145 2022 4190 natura:

435 4230 611 4285 hostis
649 4231 830 4284 sciens
881 4239 935 4283 et
970 4230 1084 4298 ipse
1113 4245 1178 4283 ex
1214 4229 1280 4282 iis
1305 4244 1428 4298 quae
1480 4243 1676 4297 passus
1723 4237 1859 4290 erat,
1897 4237 2022 4298 post

439 4322 635 4375 malam
677 4323 948 4375 actionem
985 4321 1254 4374 exsistere
1279 4319 1459 4373 delicti
1494 4318 1934 4388 intelligentiam,
1967 4326 2022 4373 et

437 4413 615 4482 ipsum
663 4427 770 4465 non
825 4428 884 4466 se
932 4412 996 4465 ad
1046 4411 1479 4480 resipisceutiam
1531 4410 1911 4476 convertisse;
1968 4417 2022 4464 et

435 4520 561 4558 cum
601 4505 936 4573 experientia
972 4504 1221 4559 didicerit
1270 4513 1559 4574 peccantes
1590 4515 1713 4574 post
1739 4513 2017 4573 peccatum

2197 3306 2271 3359 Τὸ
2301 3303 2454 3373 γοῦν,
2492 3322 2511 3354 ι
2552 3305 2944 3375 Διηνοίχθησαν
2981 3303 3162 3357 αὐτῶν
3187 3305 3237 3356 οἱ
3273 3303 3566 3374 ὀφθαλμοὶ,
3596 3322 3612 3352 ι
3645 3302 3698 3354 οὐ

2124 3397 2265 3468 πρὸς
2287 3396 2380 3450 τὸν
2416 3395 2729 3466 ἔμπροσθεν
2759 3396 2972 3467 χρόνον,
3003 3396 3126 3448 οὐδέ
3151 3396 3285 3468 πρὶν
3310 3397 3342 3467 ἢ
3370 3397 3468 3468 τῆς
3494 3395 3700 3462 ἐντολῆς

2122 3491 2320 3553 αὐτοὺς
2351 3491 2606 3543 ἐκπεσεῖν
2631 3489 3038 3560 παραληπτέον·
3062 3489 3183 3542 τότε
3202 3491 3312 3560 γὰρ
3335 3488 3701 3561 ἡνεῳγμένονς

2123 3601 2183 3636 τε
2220 3583 2422 3653 μᾶλλον
2452 3579 2622 3653 εἶχον,
2673 3584 2840 3653 μήπω
2865 3582 2959 3636 τοῦ
2985 3583 3162 3653 ὄφεως
3195 3587 3315 3648 τοῖς
3360 3583 3701 3656 ψιθυρισμοῖς

2124 3677 2555 3740 ὐποκλαπέντες,
2591 3676 2686 3729 καὶ
2721 3678 2952 3748 συνορᾷν
2999 3677 3062 3730 τὸ
3090 3677 3370 3747 πρακτέον
3413 3678 3699 3748 ἐγρήγορον

2124 3768 2319 3839 ἔφερον
2348 3768 2445 3840 τὴν
2471 3767 2734 3822 διάνοιαν.
2765 3769 2879 3822 Οὐκ
2913 3763 3007 3821 οὖν
3057 3767 3118 3820 τὸ
3150 3766 3377 3838 βλέπειν
3418 3768 3516 3820 οὐκ
3562 3765 3698 3836 ἕχον-

2124 3879 2234 3927 τες,
2268 3862 2362 3915 ἐπὶ
2388 3862 2488 3932 τῆς
2514 3861 2792 3931 ἁμαρτίας
2827 3859 3092 3915 ἀνέλαϐον
3117 3877 3132 3890 ·
3155 3860 3474 3914 τούναντίον
3528 3858 3583 3910 δὲ
3609 3856 3696 3924 τὴν

2125 3953 2402 4024 ἁμαρτίαν
2429 3955 2486 4006 ἐν
2506 3953 2584 4023 τῷ
2602 3953 2860 4025 πράττειν
2884 3951 3309 4021 τυφλώττοντες·
3335 3950 3696 4020 πεπαυμένης,

2123 4045 2223 4114 τὴν
2251 4045 2441 4115 ὅρασιν
2480 4047 2852 4113 ἀνεκτήσαντο
2880 4062 2894 4078 ·
2924 4045 2952 4096 ὁ
2989 4041 3120 4112 γοῦν
3166 4043 3407 4114 πονηρὸς
3432 4042 3524 4094 καὶ
3552 4038 3700 4108 ἀρχέ-

2125 4153 2298 4200 κακος
2327 4136 2484 4208 ἡμῶν
2516 4138 2613 4205 τῆς
2653 4136 2872 4206 φύσεως
2919 4135 3114 4207 ἐχθρὸς
3137 4133 3297 4200 εἰδὼς
3325 4137 3420 4189 καὶ
3452 4132 3607 4194 αὐτὸς
3643 4129 3698 4194 ἐξ

2124 4223 2201 4283 ὧν
2243 4229 2554 4295 ἐπεπόνθει,
2612 4229 2688 4300 ᾡς
2738 4229 2878 4300 μετὰ
2927 4228 3026 4299 τὴν
3070 4227 3164 4281 τοῦ
3214 4226 3391 4282 κακοῦ
3441 4221 3697 4297 πρᾶξινὴ

2127 4321 2477 4392 συναίσθησις
2530 4299 2822 4391 ἐφίξτταται
2874 4321 2972 4374 τοῦ
3033 4321 3564 4392 πλημμελήματος,
3613 4315 3698 4368 καὶ

2126 4413 2288 4476 αὐτὸς
2322 4414 2421 4466 οὐκ
2467 4414 2786 4485 ἐπεστράφη
2830 4413 2966 4486 πρὸς
3001 4413 3104 4485 τὴν
3131 4412 3403 4484 ἁνάνηψιν
3425 4428 3440 4444 ·
3473 4411 3566 4465 καὶ
3594 4405 3700 4461 πεί·

2131 4523 2200 4578 ρᾳ
2234 4506 2420 4578 μαθὼν
2453 4507 2529 4570 ὼς
2555 4508 2748 4561 ἕπεται
2773 4511 2887 4571 τοῖς
2917 4508 3300 4579 ἁμαρτάνουσι
3333 4506 3393 4560 τὸ
3429 4503 3562 4575 μετὰ
3606 4499 3695 4567 τὴν

437 4597 593 4667 sequi
617 4598 969 4651 conscientiae
999 4595 1303 4662 stimulum,
1331 4606 1385 4651 et
1411 4597 1682 4649 Adamum
1716 4595 2014 4649 adhortans

2129 4597 2408 4669 ἁμαρτίαν
2428 4599 2653 4670 κέντρον
2680 4600 2779 4669 τῆς
2805 4600 3182 4671 συνειδήσεως,
3207 4602 3301 4654 καὶ
3329 4603 3442 4662 τοῖς
3472 4597 3595 4667 περὶ
3613 4591 3695 4646 τὸν

436 4697 496 4742 ut
518 4703 614 4757 per
635 4687 1265 4758 legistransgressionem
1285 4699 1470 4756 peccet
1495 4706 1507 4741 :
1534 4706 1551 4738 ι
1579 4685 1696 4753 Qua
1717 4687 1913 4756 inquit,
1931 4687 2020 4741 die

436 4794 506 4834 ex
531 4793 598 4833 eo
627 4779 941 4845 comedetis,
988 4781 1301 4850 aperientur
1328 4779 1491 4834 vestri
1555 4780 1696 4834 oculi
1727 4797 1740 4844 ;
1775 4797 1792 4830 ι
1822 4778 2019 4833 deinde

438 4885 567 4926 eum
590 4871 662 4926 sit
679 4873 746 4924 ab
768 4871 921 4925 initio
944 4871 1070 4924 mali
1094 4872 1441 4926 machinator
1467 4881 1521 4925 et
1545 4869 1815 4925 mendacii
1840 4880 2013 4940 pater,

437 4964 756 5018 commiscet
774 4964 1018 5020 veritatis
1040 4964 1311 5036 cllycbnio
1341 4979 1533 5017 omnes
1568 4963 1833 5018 mendacii
1862 4974 2016 5018 tene-

437 5054 585 5119 bras,
618 5066 669 5110 et
719 5057 828 5110 ait:
873 5075 889 5106 ι
923 5057 1085 5110 Erilis
1126 5056 1271 5110 sicut
1314 5055 1412 5118 dii,
1451 5055 1690 5110 scientes
1731 5057 1934 5110 bonum
1963 5067 2016 5111 et

438 5146 667 5199 malum.
703 5165 720 5196 ι
749 5147 851 5201 Sed
887 5148 1348 5217 quemadmodum
1435 5148 1707 5214 peccando
1761 5149 2012 5216 -quidem

436 5238 755 5301 caecutiunt,
811 5239 1267 5309 transgressionis
1306 5254 1516 5304 amore,
1557 5249 1680 5310 post
1731 5251 2018 5310 peccatum

435 5329 853 5402 intelligentiam
895 5343 947 5386 ct
979 5333 1409 5401 resipisccntiam
1461 5333 1642 5387 delicti
1676 5344 2017 5404 l'CthCl‘Uﬂl.

2141 4691 2315 4760 Ἀδὰμ
2344 4691 2612 4762 ἁμαρτεῖν
2641 4692 2730 4745 διὰ
2753 4692 3118 4764 παραϐάσεως
3155 4693 3556 4761 ὑποτιθέμενος.
3588 4706 3604 4737 ι
3623 4678 3692 4753 ᾞ

2127 4782 2172 4835 δ’
2206 4782 2290 4847 ἂν,
2337 4785 2523 4854 φησὶν,
2561 4784 2743 4856 ἡμέρᾳ
2793 4787 3005 4856 φάγητε
3045 4786 3141 4839 ἀπ’
3172 4785 3359 4850 αὐτοῦ,
3401 4776 3694 4848 διανοιχθῆ-

2130 4891 2314 4928 σονται
2333 4875 2487 4944 ὑμῶν
2512 4876 2560 4928 οἱ
2578 4875 2870 4946 ὀφθαλμοῖο
2895 4895 2914 4926 ι
2946 4872 3067 4929 εἶτα
3097 4878 3478 4946 κακομήχανος
3505 4869 3577 4923 ὢν
3605 4864 3691 4919 ἀπ’

2126 4966 2302 5037 ἀρχῆς
2335 4967 2430 5019 καὶ
2469 4967 2700 5036 ψεύδους
2730 4968 2933 5040 πατὴρ,
2971 4967 3437 5040 συγκαταμιγνΰει
3499 4964 3561 5032 τῇ
3601 4957 3694 5024 τῆς

2127 5057 2387 5127 ἀληθείας
2418 5056 2692 5127 θρυαλλίδι
2722 5058 2842 5111 ὅλον
2871 5058 2930 5111 τὸ
2967 5058 3062 5112 τοῦ
3098 5059 3326 5128 ψεύδους
3377 5055 3559 5114 σκότος
3608 5043 3690 5101 καί

2126 5166 2322 5220 φησιν’
2361 5148 2620 5202 ι’Έσεσθε
2639 5150 2714 5213 ὡς
2747 5149 2879 5216 θεοὶ,
2908 5150 3270 5218 γινώσκοντες
3301 5148 3462 5203 καλὸν
3494 5143 3582 5195 καὶ
3605 5153 3690 5191 πο·

2129 5241 2315 5313 νηρόν·
2353 5259 2372 5292 ι
2418 5239 2532 5293 ἀλλ’
2559 5239 2634 5304 ὡς
2676 5244 2732 5294 ἐν
2763 5242 2841 5313 τῷ
2873 5242 3211 5314 ἁμαρτάνειν
3243 5242 3342 5313 μὲν
3372 5234 3687 5306 τυφλώττου-

2127 5351 2240 5397 τες,
2308 5331 2387 5403 τῷ
2443 5331 2541 5403 τῆς
2598 5334 2964 5404 παραϐάσεως
3029 5334 3192 5404 ἔρωτι
3228 5352 3239 5363 ·
3306 5330 3441 5404 μετὰ
3489 5326 3542 5380 δὲ
3595 5319 3686 5389 τὴν

1978 5452 2216 5509 NOTAE.

433 5556 548 5637 εἶχε
577 5564 686 5637 τῶν
706 5565 1028 5634 ’Λθηναίωψ
1051 5563 1159 5637 οἷον
1191 5568 1240 5619 οἱ
1259 5565 1714 5637 δωροδοκούμενοι
1741 5566 2014 5637 ἐσιώπων.

434 5630 540 5689 nas
566 5636 783 5702 irrupit,
815 5630 879 5691 de
907 5637 970 5690 iis
1023 5636 1219 5690 dicitur
1243 5630 1576 5707 ημῖν-βρεμιιέ
1619 5647 1812 5692 tacent.
1852 5630 2018 5692 At'hc-

2125 5569 2390 5642 niensium
2431 5567 2568 5642 enim
2624 5571 2850 5642 pecunia
2899 5573 3021 5626 bore
3074 5573 3325 5642 insignita
3377 5567 3490 5637 fuit.
3530 5557 3680 5614 Sile"!

2127 5649 2300 5693 autem
2333 5638 2482 5692 donis
2511 5641 2765 5708 corrupti.
