3976 6222
553 253 656 317 1ῒὸ

1701 247 1968 309 PHOTII
2008 246 2511 310 PATRIARCHE
2557 251 2666 311 cr.
3677 266 3753 336 13,3

545 383 658 420 non
713 366 781 420 ita
834 363 994 421 facile
1031 365 1234 421 veritas
1257 363 1602 434 probaverit,
1643 371 1757 418 tum
1804 364 1934 434 quia
1967 362 2113 416 nimi:

2232 364 2604 418 ἀναπτύσσει·
2646 365 2736 420 τὸν
2765 359 3090 439 οὐρανὸν
3122 375 3395 445 προτάξας
3435 378 3533 448 τὴν
3551 380 3646 451 πρδ
3683 387 3753 439 τοῦ

547 470 854 515 contortum
887 473 991 524 est,
1021 470 1141 516 tum
1173 461 1303 530 quia
1337 461 1572 518 dicendo
1614 459 1879 516 «elerum
1903 457 2136 513 creatio-

547 565 672 604 nem
699 551 769 606 de
793 552 1005 608 caelesti
1046 567 1213 623 regno
1239 552 1460 610 Iudaeos
1484 553 1619 608 nihil
1641 552 1826 607 minus
1853 551 2130 604 illumina-

545 643 646 707 vit,
681 655 847 714 quam
879 646 925 700 si
956 647 1186 702 omnino
1226 647 1605 712 conti'cuisset,
1651 655 1767 702 tum
1795 644 1927 716 quia
1957 643 2130 698 multa

547 733 676 790 item
709 737 818 790 alia
853 737 983 793 huic
1011 738 1254 808 opinioni
1276 741 1662 795 adversantur.

2240 453 2620 524 στερεώματος
2645 457 2740 511 καὶ
2771 459 2911 530 ὑπὲρ
2953 462 3181 533 κόσμιον
3218 467 3540 523 κατάστασιν
3567 471 3644 525 διὰ
3677 476 3754 544 τῆς

2234 547 2428 600 τούτου
2455 549 2732 620 ποιήσεως
2765 545 3133 624 ὐπεδήλωσεν.
3175 558 3334 612 Ἀλλά
3373 561 3525 614 τοῦτο
3573 566 3659 632 μὲν
3681 569 3756 622 οὐκ

2232 636 2299 691 ἀν
2315 638 2515 709 ῥᾳδίως
2525 641 2833 714 ἀγαπήσῃή
2861 645 3108 714 ἀλήθεια,
3129 647 3210 701 ὅτι
3224 657 3282 701 τε
3306 651 3754 723 λίανέκϐεϐίασται,

2231 728 2326 783 καί⁵
2349 729 2429 783 ὅτι
2470 729 2638 783 είπὼν
2657 733 2716 785 οὐ
2725 733 3136 807 ρανῶνοποίησιν
3162 751 3230 791 πε
3238 740 3291 810 pl.
3317 742 3413 810 τῆς
3435 743 3539 796 τῶν
3560 748 3756 818 οὐρανῶν

549 827 829 897 βασιλείας
895 830 1023 893 τοὺς
1070 831 1362 893 Ἰουδαίους
1387 831 1540 884 οὐδὲν
1571 827 1738 903 ἦττον
1770 826 2052 898 ὠφέλησεν
2079 824 2113 895 ἢ
2150 823 2198 876 εἰ
2217 821 2500 884 παντελῶς
2517 822 2876 896 ἀπεσιώπησε
2903 841 2919 857 '
2947 829 3040 882 καὶ
3067 829 3237 901 πολλὴ
3275 831 3410 903 ἄλλη
3439 835 3571 905 πρὸς
3596 841 3756 912 ταύτην

547 923 650 992 τὴν
692 920 964 992 ὑπόληψιν
1035 921 1450 984 ὐπεναντίωστς.

616 1019 667 1074 2.
710 1018 813 1073 Alii
839 1034 971 1074 vero
1001 1022 1054 1073 in
1087 1020 1323 1089 paradisi
1349 1018 1696 1074 enarratione
1735 1017 1924 1071 dicunt
1957 1014 2123 1068 etiam

547 1128 774 1182 regnum
827 1113 1092 1167 cmlorum
1137 1113 1375 1172 includi;
1411 1119 1538 1180 pars
1585 1111 1730 1164 enim
1797 1118 2125 1164 aeternorum

544 1205 814 1260 bonorum
854 1211 908 1258 et
947 1203 1299 1258 beatitudinis
1358 1202 1635 1271 perceptio
1682 1201 1965 1269 paradisus
2007 1209 2124 1264 est;

546 1297 667 1350 ideo
696 1305 750 1349 et
779 1295 974 1349 latroni
1009 1293 1296 1363 ﬂagitanti,
1331 1300 1391 1345 ut
1428 1293 1482 1346 in
1522 1308 1688 1362 regno
1730 1292 1818 1346 Dei
1863 1289 2126 1345 memoria

544 1387 630 1442 sui
678 1387 992 1450 haberetur,
1045 1383 1336 1454 paradisus
1387 1383 1710 1438 incolendus
1773 1382 2029 1438 tribuitur
2084 1381 2123 1434 ⁸.

545 1479 746 1533 Verum
782 1477 1108 1538 cavendum,
1143 1491 1211 1531 ne
1259 1477 1366 1531 hoc
1416 1477 1587 1531 multo
1617 1475 1758 1531 infra
1807 1475 2124 1545 dignitatem

543 1570 691 1641 regni
721 1569 985 1624 crelorum
1015 1567 1105 1624 sit.
1139 1567 1460 1624 Plantarum
1491 1569 1637 1623 enim
1671 1569 1832 1622 liores
1863 1575 1917 1620 et
1949 1581 2123 1620 venu-

543 1670 731 1724 states,
767 1659 1028 1730 lluviique
1061 1675 1126 1714 ac
1145 1660 1335 1714 latices
1355 1660 1535 1714 locum
1574 1653 1727 1712 illum
1757 1656 2124 1713 circumluen-

2303 1009 2369 1080 β’.
2411 1007 2593 1063 Ἄλλοι
2621 1009 2680 1063 δὲ
2714 1010 2773 1062 έν
2793 1012 2859 1080 τῇ
2893 1009 3025 1081 περὶ
3049 1011 3380 1081 παραδείσου
3407 1015 3638 1087 διηγήσει
3681 1040 3758 1091 φα-

2234 1102 2290 1154 al.
2333 1101 2428 1154 καὶ
2466 1101 2558 1172 τὴν
2601 1100 2710 1156 τῶν
2734 1101 2984 1172 οὐρανῶν
3012 1101 3290 1172 βασιλείαν
3351 1109 3754 1176 συνεισάγεσθαι·

2235 1191 2403 1264 μέρος
2429 1193 2537 1262 γὰρ
2566 1192 2674 1245 τῶν
2699 1193 2933 1248 αἰωνίων
2985 1195 3208 1262 ἀγαθῶν
3265 1195 3360 1250 καὶ
3407 1205 3757 1274 μακαριότητος

2229 1287 2531 1349 ἀπόλαυσις
2559 1287 2588 1339 ό
2615 1287 2942 1356 παράδεισος
2966 1306 2979 1318 ·
3016 1289 3095 1342 διὸ
3136 1293 3230 1342 καὶ
3265 1292 3346 1362 τῷ
3377 1291 3542 1365 λῃστῇ
3571 1298 3756 1362 αἰτησα-

2237 1376 2388 1447 μένῳ
2419 1377 2478 1431 ἐν
2501 1379 2566 1448 τῇ
2599 1377 2846 1448 βασιλείᾳ
2873 1379 2966 1432 τοῦ
2995 1379 3132 1433 Θεοῦ
3170 1384 3395 1452 μνήμης
3422 1389 3614 1454 τυχεῖν,
3641 1389 3755 1457 ήτοῦ

2230 1468 2560 1538 παραδείσου
2587 1469 3185 1542 διατριϐὴὰποδίδοται.
3233 1474 3393 1528 Ἀλλὰ
3423 1479 3618 1546 μήποτε
3635 1479 3757 1532 τοῦτο

2229 1563 2328 1632 τῆς
2350 1565 2458 1616 τῶν
2513 1565 2760 1635 οὐρανῶν
2785 1565 3064 1636 βασιλείας
3113 1567 3248 1621 πολὺ
3300 1570 3366 1622 ἂν
3427 1574 3756 1641 ταπεινότερον

2227 1651 2312 1726 εἴη
2341 1670 2356 1685 ⁸
2408 1651 2592 1725 φυτῶν
2621 1653 2720 1726 μὲν
2758 1657 2868 1729 γὰρ
2892 1658 3024 1727 ἄνθη
3052 1660 3147 1713 καὶ
3178 1655 3373 1728 κάλλη,
3426 1663 3646 1729 ποταμοὶ
3687 1666 3757 1715 καὶ

541 1762 646 1813 tes,
701 1751 1090 1821 fructuumque
1127 1751 1484 1820 pulchrorum
1549 1750 1789 1806 varietas
1836 1759 1889 1804 et
1944 1750 2113 1803 herba

2226 1748 2444 1818 νάματα
2489 1748 2549 1802 τὸ
2569 1749 2768 1820 χωρίον
2801 1751 3182 1822 περιρῤέοντα,
3221 1751 3451 1822 καρπῶν
3495 1769 3552 1806 τε
3582 1754 3756 1824 ὡραίων

542 1842 871 1897 suavitatem
914 1841 1191 1912 spirantes
1230 1856 1294 1897 ac
1328 1842 1584 1912 gratiam,
1630 1850 1686 1896 et
1729 1840 1913 1896 modis
1941 1841 2121 1897 omni-

541 1930 645 1985 bus
669 1941 825 1984 terrae
850 1930 1018 1984 facies
1055 1939 1317 1985 exornata
1340 1946 1405 1986 ac
1435 1931 1712 1997 decorata,
1746 1940 1800 1985 et
1825 1932 1970 1986 aeris
1995 1940 2126 1984 tem-

2225 1837 2468 1895 ποικιλία
2518 1843 2612 1894 καὶ
2653 1841 2894 1912 βοτανῶν
2935 1843 3128 1912 φύσεις
3176 1844 3274 1916 ήδύ
3337 1862 3398 1898 τε
3445 1846 3538 1899 καὶ
3575 1847 3756 1916 ἐπίχαρι

2225 1933 2504 1999 πνέουσαι,
2537 1935 2632 1988 καὶ
2663 1935 2752 1988 διὰ
2788 1935 3004 1989 πάντων
3035 1936 3098 1989 τὸ
3123 1936 3414 2007 πρόσωπον
3439 1938 3534 2009 τῆς
3577 1941 3665 2010 γῆς
3689 1957 3758 1992 κο-

542 2023 721 2091 peries
748 2036 882 2090 pura
908 2028 1070 2092 atque
1094 2021 1365 2091 pellucida
1396 2023 1710 2093 primosque
1734 2023 1874 2078 solis
1933 2023 2113 2078 radio:

2226 2025 2533 2096 σμούμενόν
2560 2039 2622 2079 τε
2657 2026 2755 2080 καὶ
2778 2027 3167 2098 ὼραῖζόμενον,
3187 2030 3282 2083 καὶ
3312 2030 3474 2101 ἀέρος
3509 2033 3681 2103 κρᾶσις
3697 2033 3758 2096 είς

539 2114 869 2184 suscipiens,
902 2128 1083 2169 nonne
1105 2113 1220 2169 haec
1247 2119 1413 2169 totam
1442 2113 1719 2184 regionem
1747 2115 1892 2170 illam
1920 2117 2113 2185 jucun-

2221 2117 2576 2190 καθαρότητα
2641 2121 2736 2174 καὶ
2795 2120 3074 2189 διαύγειαν
3125 2122 3495 2192 ἀνηπλωμένη
3553 2125 3757 2188 καὶτὰς

540 2209 708 2261 ditate
728 2221 792 2261 ac
807 2205 1085 2275 voluptate
1124 2206 1380 2262 sensibus
1409 2207 1811 2277 permulcendis
1860 2218 1984 2278 apta
2011 2223 2113 2278 pra:

2225 2211 2450 2283 πρώτας
2477 2213 2701 2276 ἀκτῖνας
2735 2214 3100 2286 ὑποδεχομένη
3141 2215 3235 2268 τοῦ
3283 2215 3458 2285 ἡλίου,
3511 2217 3618 2280 πῶς
3664 2219 3756 2286 οὐχί

540 2300 648 2354 alio
687 2312 1017 2369 quocunque
1081 2297 1202 2354 loco
1264 2299 1770 2366 praestantissimam
1834 2299 2113 2355 cilicium?

2221 2305 2282 2357 τὸ
2309 2304 2510 2376 χωρίον
2542 2305 2662 2357 ὅλον
2713 2306 3040 2360 ἀποτελοῦσι
3072 2308 3442 2378 τερπνότητός
3471 2325 3525 2361 τε
3555 2310 3638 2361 καὶ
3664 2309 3756 2378 ήδο-

545 2390 936 2445 Verumtamen
983 2389 1134 2460 regni
1184 2391 1443 2445 cmlorum
1489 2393 1629 2448 bona
1664 2392 1932 2448 immenso
1973 2392 2113 2447 illam

2222 2396 2337 2465 νῆς,
2369 2397 2469 2466 ὅση
2498 2397 2750 2468 γοητεύει
2779 2397 2878 2460 τὰς
2910 2398 3210 2469 αἰσθήσεις,
3243 2400 3467 2453 πάντων
3499 2401 3667 2470 φέρειν
3709 2399 3754 2453 τὸ

536 2490 869 2551 exsuperant
906 2481 1212 2536 intervallo.
1249 2501 1268 2533 ι
1316 2480 1501 2552 Neque
1551 2483 1696 2538 enim
1743 2484 1935 2539 oculos
1966 2484 2116 2549 vidit,

538 2589 716 2643 neque
749 2572 902 2626 auris
929 2571 1159 2639 audivit,
1189 2589 1365 2643 neque
1404 2574 1456 2628 in
1498 2590 1593 2630 cor
1627 2576 1863 2630 hominis
1893 2575 2121 2630 descen-

535 2666 636 2725 dit,
665 2681 786 2735 (tuae
812 2665 1138 2735 prazparavit
1167 2659 1308 2720 Deus
1328 2667 1675 2738 diligentibus
1695 2669 1811 2722 se”.
1846 2686 1865 2718 ι
1889 2665 2120 2723 Praescr-

538 2758 630 2810 tim
665 2771 788 2810 cum
826 2757 1034 2811 Adamo
1057 2756 1344 2826 paradisus
1375 2775 1481 2812 non
1515 2768 1635 2814 erat
1689 2771 1948 2828 tanquam
1981 2776 2119 2830 pra:-

2221 2487 2561 2557 ἀκρότατον;
2597 2488 2746 2560 Πλὴν
2777 2489 2914 2543 ἀλλά
2941 2506 3005 2558 γε
3031 2490 3130 2562 τῆς
3173 2491 3456 2560 βασιλείας
3505 2492 3571 2544 τά
3613 2492 3754 2560 ἀγαθά

2221 2578 2433 2649 ἀπείρῳ
2496 2579 2682 2650 μέτρῳ
2733 2579 3192 2653 ὑπερανέστηκεν.
3237 2601 3255 2634 ι
3293 2584 3426 2638 Οὐδὲ
3456 2585 3558 2654 γὰρ
3595 2583 3754 2653 ὀφθαλ-

2225 2671 2324 2740 μὸς
2357 2668 2517 2734 εἶδεν,
2550 2670 2675 2725 οὔτε
2704 2668 2795 2736 οὖς
2822 2674 3072 2745 ήκουσεν,
3104 2669 3227 2727 οὔτε
3284 2676 3382 2728 ἐπὶ
3420 2677 3632 2748 καρδίαν
3679 2678 3752 2730 ἀνα

2217 2762 2441 2833 θρώπου
2471 2764 2662 2834 ἀνέϐη,
2692 2764 2728 2817 δι
2765 2765 3060 2835 ἡτοίμασεν
3109 2767 3140 2818 6
3182 2767 3317 2830 Θεὸς
3350 2770 3463 2832 τοῖς
3516 2769 3753 2836 ἀγαπῶσιν

535 2847 704 2901 mium
745 2848 1105 2902 certaminum
1133 2858 1188 2902 et
1209 2849 1455 2903 laborum
1479 2851 1810 2922 assignatus,
1837 2852 1928 2907 sed
1957 2852 2113 2922 quasi

2219 2855 2403 2908 αὐτόν.
2445 2871 2462 2906 ι
2498 2855 2704 2920 ’Ἄλλως
2751 2865 2811 2909 τε
2859 2857 2917 2910 δὲ
2951 2859 3045 2912 καὶ
3085 2859 3168 2912 ὅτι
3209 2859 3289 2929 τῷ
3336 2861 3506 2932 Ἀδὰμ
3550 2863 3576 2914 ὁ
3609 2861 3753 2932 παρά-

533 2941 783 3003 l-alasstra
811 2940 989 3008 potius
1019 2954 1082 2993 ac
1105 2941 1342 2994 stadium
1380 2943 1626 3008 virtutis;
1665 2945 1884 3013 praemia
1912 2961 2040 3000 vero
2060 2953 2113 2999 et

2217 2949 2395 3013 δεισος
2431 2950 2492 3002 ού
2527 2950 2799 3021 βραϐείων
2836 2951 2931 3005 καὶ
2974 2952 3224 3007 ἐπάθλων
3251 2954 3424 3024 γέρας
3454 2956 3750 3023 ἐγνωρίζετο,

531 3047 749 3087 corona:
796 3031 1060 3103 majorem
1105 3034 1309 3103 ubique
1348 3045 1404 3088 et
1444 3034 1827 3104 perfectiorem
1856 3032 2113 3093 'aﬂ‘erunt

2217 3042 2519 3112 γυμνάσιον
2538 3043 2602 3097 ’δὲ
2636 3043 2837 3113 μᾶλλον
2859 3045 2921 3096 to
2947 3045 3150 3115 χωρίον
3181 3045 3480 3116 προῦκειτο
3524 3049 3609 3100 καὶ
3652 3048 3752 3100 στά-

531 3124 920 3178 oblectationis
948 3141 1132 3189 usum,
1163 3135 1217 3179 et
1235 3125 1474 3180 stadium
1503 3141 1667 3182 nemo
1696 3127 1878 3183 adlmc
1909 3131 2113 3199 praemii

2215 3135 2331 3189 διον
2361 3137 2562 3206 ἀρετῆς
2581 3151 2595 3167 ο
2628 3137 2697 3190 τά
2723 3137 2781 3190 δέ
2813 3137 3023 3190 ἔπαθλα
3047 3139 3142 3192 καὶ
3177 3141 3238 3194 ,οἱ
3274 3141 3528 3210 στέφανοι
3556 3140 3751 3211 δηλονότι

532 3216 709 3268 locum
751 3214 1000 3270 obtinere
1035 3216 1264 3271 audivit.
1309 3213 1640 3273 Conceditur
1680 3231 1862 3276 autem
1918 3222 2113 3278 latroni

2215 3227 2390 3296 μείζω
2420 3227 2515 3280 καὶ
2542 3228 2884 3300 τελειοτέραν
2903 3233 3008 3301 τὴν
3043 3230 3350 3286 ἀπόλαυσιν
3402 3235 3638 3305 φέρουσι,
3682 3232 3750 3284 καὶ

531 3306 823 3375 paradisus
855 3307 1005 3360 velut
1035 3307 1201 3361 arrha
1235 3310 1484 3377 quaedam
1509 3320 1563 3364 et
1599 3310 1911 3368 futurorum
1947 3315 2113 3371 bono'

2215 3320 2432 3374 στάδιον
2467 3321 2644 3381 οὐδεὶς
2674 3322 2889 3376 οὐδέπω
2917 3322 3188 3394 βραϐείων
3215 3328 3312 3380 καὶ
3341 3328 3589 3381 ἐπάθλων
3623 3326 3750 3394 φύσιν

529 3414 650 3452 runt
691 3396 1052 3466 protemium;
1093 3413 1217 3452 cum
1258 3399 1402 3453 enim
1451 3407 1586 3454 tunc
1635 3404 1909 3459 communi
1953 3415 2113 3461 aeter-

2215 3411 2496 3481 μετελθεῖν
2523 3412 2633 3466 οὐδ’
2661 3413 2833 3485 ἀκοὴν
2853 3409 2980 3486 εὗρε
3009 3415 3352 3470 διδάσκαλον.
3391 3418 3664 3486 Είσάγεται
3704 3415 3748 3467 δὲ

529 3507 729 3546 norum
759 3491 1023 3546 bonorum
1073 3489 1418 3546 retributioni
1468 3493 1710 3548 nondum
1762 3506 1907 3551 esset
1934 3497 2109 3562 locus,

2215 3503 2351 3574 πρὸς
2379 3503 2471 3556 τὸν
2502 3505 2832 3575 παράδεισον
2865 3508 2893 3559 ὁ
2925 3505 3129 3580 λῃστής
3156 3502 3268 3561 οἷον
3305 3510 3612 3581 oppetam;
3636 3524 3750 3571 τινος

529 3599 638 3636 non
668 3591 1044 3651 eratmquum,
1075 3591 1130 3636 ut
1154 3582 1270 3650 ipse
1293 3582 1445 3638 solus
1482 3599 1550 3638 ex
1595 3587 1872 3652 omnibus,
1908 3589 2000 3658 qui
2044 3589 2112 3644 ab

2215 3597 2304 3648 καὶ
2326 3597 2614 3667 προοιμίου
2631 3598 2738 3651 τῶν
2766 3598 3066 3668 μελλόντων
3087 3601 3308 3668 ἀγαθῶν
3320 3601 3624 3672 ἀξιούμενος
3641 3600 3747 3671 (52)·

527 3672 682 3725 initio
711 3672 864 3726 chari
897 3670 1144 3741 gratique
1180 3669 1286 3726 Deo
1315 3671 1549 3741 fuerant,
1576 3676 1642 3728 ad
1662 3675 1826 3730 ﬁnem
1855 3691 2112 3736 extremm

2215 3689 2395 3757 ἑπείγε
2423 3691 2527 3760 τῆς
2556 3690 2744 3760 κοινῆς
2773 3691 3181 3758 ἀνταποδόσεως
3207 3693 3320 3748 τῶν
3372 3669 3598 3749 αἰωνίων
3636 3669 3746 3761 ἀγα-

528 3761 883 3818 beatitudinis
920 3773 1230 3833 perveniret
1264 3775 1320 3820 et
1352 3767 1476 3822 sine
1497 3770 1801 3827 innumeris
1827 3773 1934 3830 illis
1979 3791 2108 3830 san-

2215 3781 2317 3834 θῶν
2342 3784 2509 3852 μήπω
2536 3782 2660 3834 τότε
2689 3781 2881 3853 καιρὸν
2910 3783 3166 3855 ἐχούσης,
3196 3785 3307 3839 οὐδ’
3322 3783 3566 3857 αὐτὸςῖμ
3581 3786 3748 3846 δίκαιος

523 3862 734 3908 ctorum
765 3854 1007 3912 canibus
1035 3870 1536 3928 consummaretur,
1566 3871 1624 3915 ut
1647 3871 1703 3918 et
1723 3864 1884 3920 divus
1900 3864 2104 3924 Paulus

2215 3874 2367 3946 μόνος
2392 3877 2461 3927 ἐκ
2490 3875 2706 3928 πάντων
2749 3875 2861 3928 τῶν
2911 3876 3006 3929 ἀπ’
3057 3854 3255 3942 αίῶνος
3305 3881 3746 3952 εὐαρεστησάντων

525 3953 901 4044 protestetur:
1094 4042 1101 4044 _
2201 3965 2319 4036 Θεῷ
2346 3965 2482 4036 πρὸς
2501 3965 2728 4028 τὸτέλος
2754 3967 2959 4038 φθάσαι
2983 3969 3087 4040 τῆς
3117 3971 3358 4041 ἐσχάτης
3397 3973 3747 4044 μακαριθιητος

520 4041 614 4139 καὲ
638 4042 806 4139 χωρὶς
835 4042 942 4139 τῶν
967 4042 1180 4139 μυρίων
1209 4044 1435 4100 ἐκείνων
1465 4048 1643 4119 χορῶν
1668 4049 1776 4104 τῶν
1803 4051 1972 4122 ἁγίων
1993 4057 2363 4132 τελειωθῆναι,
2383 4062 2458 4126 ὥς
2478 4080 2578 4117 που
2603 4061 2700 4115 καὶ
2726 4062 2754 4114 ὁ
2777 4062 3063 4129 θεσπέσιος
3094 4065 3308 4130 Παῦλος
3337 4041 3745 4139 διαμαρτύρεται,

583 4135 636 4188 ’5.
675 4132 883 4188 Horum
928 4135 1097 4206 igitur
1125 4154 1249 4208 quae
1293 4139 1535 4195 diximus
1575 4143 1756 4212 aliqua
1805 4162 1912 4201 non
1945 4151 2106 4218 pauci.

2287 4162 2358 4224 γ’.
2393 4156 2514 4208 Τῶν
2543 4155 2721 4209 τοίνυν
2752 4156 3061 4227 εἰρημένων
3095 4157 3210 4211 ἔνια
3235 4163 3338 4214 οὐκ
3367 4132 3533 4232 ὀλίγοι
3565 4132 3652 4234 μέν
3665 4132 3748 4213 τῶν

520 4237 644 4277 ante
669 4241 766 4280 nos
800 4237 858 4278 ut
887 4242 1086 4283 causas
1110 4229 1442 4295 retulerunt,
1469 4247 1566 4284 cur
1589 4235 1736 4288 nulla
1761 4238 1910 4307 regni
1939 4243 2108 4294 ecclo-

2215 4247 2324 4319 πρὸ
2349 4247 2508 4318 ήμῶν
2538 4247 2614 4312 ὡς
2649 4249 2830 4314 αἰτίας
2856 4250 2951 4304 τοῦ
2986 4252 3060 4322 μὴ
3087 4255 3274 4324 τυχεῖν
3313 4229 3531 4326 μνήμης
3663 4253 3748 4304 τῶν

523 4332 641 4367 rum
687 4320 891 4370 mentio
930 4320 1073 4374 facta
1121 4319 1288 4375 fuerit
1325 4322 1418 4376 ubi
1464 4323 1640 4378 Moses
1689 4329 1874 4382 mundi
1921 4342 2102 4388 ortum

518 4415 573 4457 et
595 4408 1038 4464 constitutionem
1058 4409 1253 4466 litteris
1271 4414 1576 4482 mandavit;
1609 4432 1712 4471 non
1743 4421 1895 4488 pauci
1923 4431 2102 4479 tamen

522 4496 574 4548 in
613 4496 841 4552 dubium
874 4515 938 4553 ea
969 4513 1319 4558 revocarunt.
1353 4503 1616 4576 Eﬂ‘ugerit
1642 4521 1824 4565 autem
1874 4513 2106 4573 fortasse

518 4586 717 4656 aliquis
747 4605 912 4644 ansas
948 4592 1069 4646 illas
1091 4593 1340 4661 dicendo,
1374 4607 1662 4668 propterea
1711 4601 1917 4659 Mosen!
1949 4610 2103 4677 regni

517 4677 784 4730 cmlorum
819 4695 929 4732 non
956 4682 1292 4750 meminisse,
1325 4686 1454 4755 quia
1487 4689 1772 4758 Scriptura
1797 4705 1850 4747 et
1872 4694 1958 4750 lex
1988 4713 2018 4751 a
2043 4714 2104 4754 se

516 4783 627 4820 non
669 4777 883 4836 poterat
926 4771 1186 4826 caelorum
1243 4790 1473 4845 regnum
1530 4777 1736 4849 largiri.
1783 4782 1922 4848 Quid
1953 4787 2101 4842 enim

515 4873 639 4912 mea
696 4858 942 4924 interest,
972 4862 1236 4918 caelorum
1290 4882 1519 4936 regnum
1575 4871 1881 4941 addiscere,
1929 4877 1974 4930 si
2007 4878 2100 4932 illo

513 4967 612 5022 per
644 4952 780 5021 legis
815 4953 1126 5010 institutum
1155 4958 1320 5026 potiri
1367 4963 1618 5030 nequeo?
1644 4965 1965 5026 Communis
1995 4986 2098 5024 au-

513 5051 622 5097 tem
650 5043 914 5101 llmniuus
942 5055 996 5100 ct
1029 5046 1297 5116 Salvator,
1337 5055 1600 5120 quoniam
1648 5059 1754 5112 tale
1784 5061 1943 5116 nobis
1984 5072 2098 5118 tra-

511 5136 651 5218 didit
682 5139 1015 5208 institutum,
1049 5157 1108 5197 se
1148 5145 1325 5213 ipsum
1358 5149 1412 5200 in
1437 5151 1745 5220 exemplum
1789 5170 2097 5225 proponens

514 5228 767 5299 (habetur
801 5231 943 5286 cnim
970 5234 1024 5288 iu
1059 5234 1358 5306 Scripturis
1393 5256 1406 5294 :
1435 5258 1454 5292 ι
1497 5240 1602 5299 Ubi
1633 5246 1800 5316 cmpit
1832 5248 2014 5306 facere
2041 5259 2097 5306 et

583 5343 600 5374 ¹
655 5341 792 5398 Luc.
834 5361 990 5415 χχιιι,
1041 5349 1131 5416 42,
1182 5351 1272 5405 45.
1349 5355 1370 5384 ¹
1413 5353 1429 5408 1
1478 5355 1609 5410 Cor.
1657 5373 1718 5422 ιι,
1777 5358 1833 5413 9.

2203 4340 2449 4412 οὐρανῶν
2483 4339 2872 4410 βασιλείαν,’ἐν
2900 4339 2945 4412 ᾧ
3003 4339 3245 4417 Μωῦσῆς
3303 4347 3404 4418 τὴν
3441 4347 3532 4401 τοῦ
3577 4347 3746 4415 κόσμον

2204 4431 2513 4503 καταϐολὴν
2541 4431 2804 4503 ἔγραψεν,
2827 4434 3256 4502 ἀποδεδώκασιν,
3278 4439 3382 4492 οὐκ
3411 4439 3574 4508 ὀλίγοι
3601 4438 3650 4490 δὲ
3675 4434 3747 4488 καὶ

2202 4523 2281 4585 είς
2299 4523 2716 4594 ἀμφισϐήτησιν
2764 4527 3175 4596 περιείλκυσαν.
3219 4530 3380 4592 Ἴσως
3411 4531 3457 4584 δ’
3480 4532 3542 4585 ἄν
3567 4546 3642 4592 τις
3686 4528 3742 4579 εἰ·

2205 4609 2322 4665 πὼν
2348 4612 2579 4681 ἐκφύγοι
2614 4614 2714 4678 τὰς
2741 4617 3158 4688 προειρημένας
3193 4618 3388 4684 λαϐὰς,
3424 4623 3498 4684 ὼς
3548 4619 3743 4686 ἐπείπερ

2203 4701 2236 4770 ἡ
2259 4700 2352 4754 τοῦ
2378 4704 2662 4768 Μωῦσέως
2683 4707 2980 4779 συγγραφὴ
3003 4710 3098 4762 καὶ
3142 4711 3433 4781 νομοθεσία
3461 4713 3554 4782 οὐχ
3597 4711 3673 4763 eia
3697 4723 3743 4759 τε

2204 4785 2273 4861 ἦν
2299 4789 2580 4860 βασιλείαν
2612 4795 2862 4866 οὐρανῶν
2917 4797 3261 4867 χαρίζεσθαι,
3316 4802 3403 4855 διὰ
3458 4802 3607 4854 τοῦτο
3646 4797 3743 4851 οὐδὲ

2203 4882 2409 4954 ταύτης
2465 4887 2544 4948 ek
2572 4887 2794 4958 μνήμην
2821 4889 3070 4957 ἀφίκετο.
3104 4892 3292 4966 Τίγάρ
3322 4913 3390 4966 με
3411 4895 3494 4948 δεῖ
3505 4893 3742 4965 βασιλείαν

2202 4975 2450 5045 οὐρανῶν
2489 4978 2680 5046 μαθεῖν
2712 4980 2778 5052 ἢν
2805 4981 2871 5034 ὲκ
2901 4982 3003 5053 τῆς
3033 4984 3179 5039 κατὰ
3197 4987 3363 5057 νόμον
3385 4988 3643 5048 πολιτείας
3661 4985 3740 5037 οὐκ

2200 5067 2314 5122 ἐστι
2345 5087 2437 5140 μοι
2466 5070 2654 5125 λαὸεἰν
2686 5091 2700 5138 ;
2739 5073 2804 5127 Ὀ
2833 5076 2895 5129 δὲ
2922 5078 3098 5143 κοινὸς
3136 5081 3414 5153 Δεσπότης
3442 5084 3532 5135 καὶ
3561 5079 3736 5147 Σωτὴρ,

2200 5160 2321 5212 ἐπεὶ
2347 5163 2603 5233 τοιαύτην
2653 5166 2784 5234 ἡμῖν
2830 5171 3205 5240 κατεστήσατο
3255 5173 3549 5239 πολιτείαν,
3576 5168 3736 5224 ἑαυτὸν

2205 5254 2556 5326 παράδειγμα
2586 5258 2829 5328 προθείς
2869 5280 2888 5311 ι
2918 5254 3017 5316 ’Ὧν
3044 5265 3153 5334 γὰρ
3181 5265 3563 5336 ἦρξατο,φησὶ,
3593 5260 3737 5315 ποιεῖν

2035 5478 2272 5538 ΝΟΤΑΕ.

583 5575 694 5647 (5‘2)
747 5575 870 5655 "me
932 5581 1245 5638 Graecorum
1309 5587 1624 5655 opinionem
1704 5592 1941 5649 inuuunt
2008 5597 2076 5652 de

507 5653 725 5712 peracto
751 5653 1103 5717 perfruantur
1133 5653 1419 5711 beatorum
1453 5661 1667 5714 animae.

2120 5600 2382 5662 dilatione
2421 5607 2793 5681 beatitudinis,
2848 5631 2956 5686 qua
3010 5617 3228 5674 nonnisi
3274 5629 3512 5676 extremo
3561 5611 3733 5687 Ξιιίιὶοίο
