3976 6222
247 317 351 383 131

1218 321 1317 380 AD
1344 319 1941 382 AMPHILOCHIUM
1962 316 2311 391 QU/ESTIO
2349 317 2504 379 XVI.

3418 309 3520 376 138

239 446 307 482 τε
337 433 434 483 καὶ
451 428 751 497 διδάσκειν,
782 450 803 484 ι
841 432 909 486 δι’
939 426 1009 504 ἦς
1040 432 1158 486 ἔστι
1186 434 1287 502 τῆς
1314 434 1423 488 τῶν
1450 435 1701 506 οὐρανῶν
1733 435 1830 506 βα-

1956 433 2184 497 locere’,
2215 414 2392 503 »)'per
2420 431 2569 501 quod
2605 430 2963 502 (institutum)
2994 440 3078 485 est
3112 428 3166 485 in
3211 427 3364 502 regni
3406 443 3521 482 cu:-

245 520 457 585 σι).είας
487 523 581 581 τὸν
612 522 813 594 κλῆρον
855 524 1130 590 ὑπελθεῖν,
1163 526 1390 589 εἰκότως
1439 528 1521 589 εἰς
1575 527 1834 596 τοιαύτην

241 614 400 680 ἡμᾶς
447 614 818 683 ἐπαναγαγὼν
855 616 1133 669 πολιτείαν
1189 617 1284 672 καὶ
1336 619 1463 688 περὶ
1515 618 1686 688 αὑτῆς
1735 616 1836 685 τῆς

243 703 357 756 τῶν
397 704 647 774 οὐρανῶν
676 705 953 775 βασιλείας
984 710 1330 780 σαφεστάτην
1359 711 1452 762 καὶ
1504 709 1835 763 ἀδίστακτον

242 793 349 863 τὴν
374 794 730 851 διδασκαλίαν
757 798 854 853 καὶ
882 799 983 870 τὴν
1046 800 1342 871 ὑπόσχεσιν
1403 801 1715 871 ἐχαρίσατο.
1768 802 1832 855 Εἰ

239 887 306 940 δέ
345 905 429 952 τις
456 890 598 959 πρὸς
626 891 887 961 ἀμείνονα
911 893 1145 965 θεωρίαν
1170 893 1269 947 τοῦ
1319 895 1683 965 προκειμένου
1741 891 1835 964 ζη-

241 981 494 1049 τήματος
523 981 734 1045 ἀναϐὰς
764 984 971 1055 ταύτην
1000 986 1287 1051 ὲκδιδάξει,
1320 985 1384 1037 τὺ
1409 985 1661 1039 εὐκταῖον
1682 979 1838 1048 οὗτος

242 1070 320 1124 ἂν
348 1072 477 1141 ἐμοὶ
507 1073 769 1151 πράττων
793 1075 879 1145 εῖη
910 1076 1007 1130 καὶ⁸
1027 1077 1415 1148 χαριέστατον.

781 1188 1118 1241 sparum}:
1165 1192 1284 1258 lg".

240 1274 352 1330 Διά
390 1276 451 1330 τι
497 1277 763 1347 ἀόρατον
812 1280 932 1349 τὴν
976 1281 1097 1350 γῆν
1140 1284 1174 1336 ό
1201 1282 1427 1353 Μωσῆς
1474 1284 1833 1353 ὠνόμασεν;

1934 527 2086 581 lestis
2142 525 2512 579 hmreditatem
2545 522 2752 592 ingredi
2789 535 2804 573 :
2848 520 3043 579 merito
3071 521 3235 585 etiam
3280 520 3347 573 de
3405 518 3522 587 ipso

1936 620 2200 674 caelorum
2261 632 2450 686 regno,
2479 631 2605 672 cum
2649 615 2702 669 in
2745 615 2851 669 talc
2907 630 3008 669 nos
3041 613 3352 677 institutum
3399 627 3527 680 pro-

1935 712 2197 774 vexisset,
2226 710 2590 764 clarissimam
2621 716 2677 763 et
2706 705 2984 763 indubiam
3022 703 3331 759 doctrinam
3359 713 3525 770 atque

1936 802 2356 875 promissionem
2389 801 2617 871 largitus
2654 809 2756 854 est.
2789 797 2948 867 Quod
2988 794 3036 850 si
3078 794 3201 869 quis
3242 793 3524 849 meliorem

1936 893 2231 966 propositae
2256 892 2576 963 qmestionis
2605 887 3017 960 intelligentiam
3084 892 3370 953 assecutus
3404 897 3526 936 eam

1940 986 2307 1057 proposuerit,
2358 984 2406 1041 is
2455 998 2571 1038 rem
2625 982 2760 1038 mihi
2812 995 2979 1051 quam
3026 977 3394 1049 gratissimam
3448 973 3528 1030 fe-

1942 1080 2098 1135 cerit.

2157 1185 2486 1259 QUIESTIO
2516 1183 2657 1240 XVI.
2692 1183 2882 1257 [CoisL
2917 1182 3140 1243 Taurin.
3171 1178 3322 1257 ΧΨ]

2054 1277 2164 1333 Cur
2198 1276 2514 1331 inuisibilem
2546 1284 2743 1337 terram
2795 1274 3006 1344 Moyses
3043 1271 3370 1341 nuncupavit
3400 1270 3425 1325 1’

1149 1401 1295 1453 Edita
1314 1418 1343 1453 a
1376 1400 1522 1463 Maio,
1567 1403 1697 1452 Nov.
1727 1395 1852 1449 ϐοίί.
1890 1398 1931 1444 t.
1956 1393 2043 1453 IX,
2070 1392 2235 1441 15-16.
2260 1392 2318 1442 ln
2353 1391 2476 1442 Gen.
2502 1405 2539 1451 ι,
2567 1390 2615 1441 2.

330 1479 595 1550 Ἀόρατον
616 1484 718 1554 τὴν
745 1486 850 1556 γῆν
877 1485 1079 1558 ἔφησεν
1100 1490 1369 1559 όΜωσῆς,
1394 1489 1517 1542 ἐπεὶ
1528 1488 1699 1561 τὸτῆς
1716 1485 1846 1548 θέσις

242 1569 459 1626 δίκαιον
502 1575 602 1644 τῆς
628 1577 739 1630 τῶν
764 1578 974 1633 ὑδάτων
1000 1580 1340 1652 πλημμύρας
1370 1599 1501 1651 κεχυ
1514 1581 1684 1652 μένης
1735 1580 1834 1635 αὑ·

242 1662 314 1731 τῇ
350 1660 509 1716 οὖπω
539 1659 687 1735 εἶχεν
724 1668 1073 1751 ἀπολαϐοῦσα
1106 1687 1121 1701 ⁸
1154 1670 1271 1724 ἀλλ’
1300 1666 1369 1742 ἦν
1399 1673 1432 1741 ἡ
1469 1672 1623 1741 ἰσχὺς
1657 1669 1753 1725 καὶ
1775 1669 1837 1724 τδ
1869 1694 1912 1749 Β

243 1755 454 1822 κράτος
495 1757 597 1826 τῆς
638 1757 900 1825 ἀϐύσσου,
955 1762 1114 1815 τοῦτο
1173 1762 1272 1834 μὲν
1310 1762 1408 1832 τὴν
1450 1761 1688 1833 ἔμφυτον
1741 1761 1842 1837 τῆς

249 1845 357 1914 γῆς
392 1846 669 1919 ξηρότητα
695 1852 1166 1924 περινοτιζούσης,
1197 1853 1356 1907 τοῦτο
1376 1854 1433 1907 δὲ
1461 1853 1554 1907 τὸν
1589 1854 1720 1907 ῖδιον
1752 1854 1843 1911 κό-

256 1948 394 2001 σμον
422 1936 718 1991 ἀπολαϐεῖν
747 1940 848 1994 οὐκ
876 1942 1148 2012 έώσης,ὃς
1179 1942 1244 2014 δὴ
1266 1942 1450 2013 φυτῶν
1479 1938 1547 2014 ἦν
1582 1942 1713 2015 γένη
1747 1944 1843 2001 καὶ

253 2026 500 2092 βοτανῶν
529 2030 625 2083 καὶ⁸
650 2030 683 2101 ή
710 2030 843 2103 άλλη
876 2033 986 2086 τῶν
1016 2034 1222 2087 ἀνθέων
1249 2036 1343 2088 καὶ
1369 2037 1599 2105 καρπῶν
1645 2035 1845 2106 ὡραιό-

247 2134 354 2187 της
395 2134 410 2147 ⁸
433 2118 516 2173 ἔτι
544 2121 601 2175 δὲ
621 2122 852 2192 ἀόρατος
881 2120 1000 2197 ἦνή
1031 2128 1102 2198 γῆ
1131 2128 1213 2180 ὅτι
1245 2128 1412 2198 μήπω
1438 2130 1621 2199 παρῆν
1649 2129 1677 2180 ὀ
1712 2126 1845 2181 ταύ-

247 2223 360 2282 την
404 2209 544 2282 όρᾷν
575 2212 865 2284 ἄνθρωπος
912 2216 1096 2271 λαϐὼν
1121 2216 1268 2287 ὄψιν.
1307 2218 1420 2271 Καὶ
1472 2217 1700 2287 προσέτι
1754 2216 1845 2270 ἀό-

251 2319 423 2371 ρατος
444 2304 645 2373 λέγοιτ’
665 2306 733 2360 ἂν
756 2308 1003 2373 εἰκότως,
1030 2310 1111 2361 ὅτι
1151 2309 1248 2361 τοῦ
1280 2310 1460 2378 φωτὸς
1496 2308 1651 2362 οὔπω
1680 2325 1844 2377 γενη-

251 2394 444 2459 θέντος
466 2396 535 2451 δι’
565 2391 627 2451 οὗ
653 2399 715 2451 τὸ
742 2400 936 2471 ὁρατὸν
964 2403 1030 2471 τῇ
1060 2401 1179 2470 ὕψει
1207 2401 1711 2471 καταλαμϐάνεται,
1737 2400 1845 2453 οὐδ’

251 2488 401 2559 αὑτὴ
426 2488 526 2563 τὴν
556 2489 752 2560 αἰγλην
778 2486 893 2561 εἶχε
918 2491 985 2545 δι’
1000 2487 1067 2565 ἦς
1090 2492 1157 2547 ἀν
1184 2494 1509 2565 ὑπηρετεῖτο
1522 2492 1598 2563 τῷ
1612 2492 1843 2562 δμματι“

253 2579 405 2633 ὥστε
436 2581 486 2632 εἰ
517 2582 610 2639 καὶ
634 2583 747 2647 τοῖς
777 2580 998 2646 οἰκείοις
1028 2583 1251 2655 κόλποις
1276 2585 1310 2655 ἡ
1335 2583 1573 2647 ἄϐυσσος
1597 2599 1848 2652 καταμε-

256 2670 512 2740 ρισθεῖσα
544 2672 945 2738 συνεστέλλετο,
976 2673 1070 2728 καὶ
1103 2677 1215 2738 τοῖς
1254 2675 1442 2742 φυτοῖς
1474 2673 1571 2729 καὶ
1598 2672 1677 2744 τῷ
1703 2674 1848 2744 ἄλλῳ

255 2762 456 2833 κόσμῳ
487 2764 521 2835 ἡ
554 2763 626 2833 γῆ
658 2764 1021 2836 ἐκεκόσμητο,
1055 2766 1149 2825 καὶ
1177 2765 1208 2817 ό
1279 2764 1493 2836 μέλλων
1552 2765 1687 2835 aps»
1758 2765 1852 2833 ἐφ·

255 2854 491 2924 εστήκει
539 2853 851 2926 ἄνθρωπος,
883 2856 1041 2919 οὑπω
1067 2856 1125 2911 δὲ
1157 2857 1255 2910 τοῦ
1291 2857 1470 2925 φωτὸς
1493 2859 1527 2926 ἡ
1567 2856 1730 2928 φύσις
1763 2855 1850 2920 ἔξ-

259 2948 534 3017 ἑλαμπεν,
550 2948 660 3001 οὐδ’
689 2947 863 3011 οὕτως
887 2948 954 3015 ᾃν
982 2948 1354 3023 ἐχρημάτιζεν
1376 2949 1548 3019 ὁρατή
1572 2965 1586 2980 ·
1617 2948 1775 3019 δῆλον
1792 2949 1850 3001 δὲ

262 3038 337 3099 ὡς
369 3038 512 3095 κατὰ
544 3038 636 3091 τὸν
654 3039 768 3092 ίσον
785 3039 986 3109 τρόπον
1003 3039 1288 3103 οὑδ⁹αὑτὺς
1315 3038 1499 3108 ἀὴρὸς
1519 3041 1617 3110 τὴν
1655 3040 1849 3094 ἀκτῖνα
1877 3071 1924 3137 c

262 3127 357 3180 τοῦ
422 3128 604 3196 φωτὸς
643 3130 935 3203 δεχόμενος
988 3129 1086 3201 τὴν
1141 3130 1237 3193 τοῦ
1296 3130 1533 3200 ὁρῶντος
1564 3130 1850 3201 ἐνέργειαν

260 3220 340 3289 τῷ
368 3220 633 3290 ὁρωμένῳ
665 3222 930 3276 συνάπτει
971 3222 1135 3291 μέσος
1166 3221 1451 3292 γινόμενος
1479 3237 1493 3252 ο
1534 3221 1644 3275 οὐδ’
1688 3220 1853 3291 αὐτὸς

258 3312 358 3365 οὑν
388 3312 512 3369 οὐδὲ
544 3312 606 3365 τὸ
637 3312 783 3384 ὕδωρ
815 3312 908 3368 τοῦ
939 3313 1115 3385 φωτὸς
1154 3314 1214 3367 οὑ
1255 3314 1513 3377 λαϐόντος
1550 3314 1852 3373 ὑπόστασιν

260 3406 366 3461 οὐκ
402 3405 471 3456 ἂν
503 3404 805 3476 ἐτύγχανεν
831 3406 1027 3476 ὁρατός
1049 3423 1063 3437 ·
1091 3406 1270 3463 καίτοι
1326 3423 1389 3475 γε
1423 3408 1564 3476 μήτε
1595 3407 1685 3476 ὑφ’
1734 3407 1853 3465 ὲτέσυ

264 3516 378 3569 ρων
407 3497 911 3570 ὲπιπροσθούμενος
939 3498 1128 3571 ὥσπερ
1175 3498 1283 3557 οὐδ’
1334 3501 1366 3570 ἡ
1420 3499 1677 3565 ἄϐυσσος,
1718 3501 1853 3573 μηδὲ

264 3590 476 3653 κόσμου
504 3588 649 3651 τινὸς
681 3589 894 3643 οἴκοθεν
911 3588 1409 3659 ἀποστερούμενος.
1439 3589 1540 3643 Διά
1567 3590 1727 3643 τοῦτο
1746 3591 1857 3662 ἄρα

261 3681 364 3734 καὶ
394 3682 602 3752 Μωσῆς
625 3681 718 3737 τὸν
748 3681 886 3752 ἀέρα
931 3681 1090 3746 εἰδὼς
1139 3681 1217 3753 τῷ
1250 3680 1404 3735 ὕδατι
1461 3682 1855 3754 ἑποχούμενον,

261 3776 326 3826 τὸ
354 3774 539 3829 ἐπάνω
561 3774 659 3844 τῆς
707 3774 948 3829 ἀϐύσσου
1012 3774 1205 3837 σκότος
1259 3773 1553 3844 ὠνόμασεο
1595 3776 1689 3846 τῆς
1746 3776 1858 3847 γὰρ

264 3866 617 3938 ςωτιζούσης
642 3868 820 3938 αὐγῆς
849 3868 937 3925 διὰ
952 3868 1054 3940 τῆς
1082 3868 1269 3938 ἀερίου
1292 3868 1507 3938 φύσεως
1535 3870 1598 3927 οὐ
1624 3870 1859 3925 διϊκνου-

268 3961 454 4031 μένης
486 3958 660 4033 (οὔπω
692 3962 799 4031 γὰρ
820 3961 943 4016 οὐδὲ
972 3961 1033 4014 τὸ
1064 3960 1314 4033 πηγάζον
1345 3961 1554 4034 ταύτην
1597 3959 1710 4035 εἶχε
1756 3964 1858 4035 τὴν

267 4052 530 4123 ὓπαρξιν,
565 4050 687 4109 οὔτε
720 4052 883 4106 αὑτὸν
917 4052 1112 4125 ὁρατὸν
1146 4050 1287 4108 εἶναι
1339 4054 1430 4107 τὸν
1483 4054 1642 4125 ἀέρα,
1678 4054 1860 4125 πολλῷ

268 4146 329 4196 δὲ
363 4145 568 4214 μᾶλλον
606 4144 726 4200 οὐδὲ
749 4148 850 4214 τὴν
884 4144 1141 4211 ἄϐυσσον,
1174 4148 1260 4215 ἐφ’
1285 4141 1353 4218 ἦς
1379 4149 1555 4216 ἐχεῖτο
1584 4148 1647 4200 τὸ
1676 4150 1861 4218 ἀέριον

269 4233 516 4305 πνεῦμα,
546 4233 843 4303 ἐνεδέχετοο
885 4232 964 4286 διὸ
998 4234 1097 4287 καὶ
1113 4234 1303 4295 σκότος
1326 4234 1555 4301 εἰκότως
1588 4234 1861 4305 ἐπονομά-

271 4323 453 4385 ζεται.
486 4320 562 4373 Τὸ
584 4320 693 4392 γὰρ
725 4320 904 4390 λέγειν
933 4320 996 4379 τὸ
1052 4321 1195 4376 θεῖον
1257 4318 1399 4377 εἶναι
1447 4323 1673 4395 Πνεῦμα
1692 4324 1754 4377 τὸ
1790 4322 1858 4394 τῇ

2023 1479 2358 1539 Invisibilem
2426 1487 2628 1535 terram
2668 1474 2849 1533 Moses
2880 1475 3045 1543 dixit,
3068 1472 3293 1543 quando
3313 1480 3529 1542 specta-

1944 1570 2052 1627 culi
2107 1568 2525 1640 perfectionem,
2570 1583 2842 1643 aquarnm
2898 1566 3264 1625 inundatione
3316 1565 3372 1624 in
3407 1579 3529 1618 eam

1942 1662 2158 1729 diffusa,
2179 1661 2425 1718 nondum
2456 1668 2780 1733 acceperat;
2814 1658 2910 1719 sed
2935 1665 3054 1715 erat
3074 1658 3157 1713 vis
3202 1665 3259 1711 ct
3287 1656 3530 1726 potentia

1943 1754 2146 1825 abyssi,
2178 1768 2301 1827 quae
2336 1761 2451 1811 tum
2502 1751 2814 1810 naturalem
2851 1760 3012 1805 terrae
3063 1748 3370 1815 siccitatem
3425 1748 3534 1801 cir-

1945 1844 2388 1915 cnmspargebat,
2434 1853 2549 1899 tum
2603 1841 2958 1917 impediebat,
3004 1840 3138 1911 quin
3194 1856 3357 1903 suum
3396 1853 3530 1910 pro-

1944 1937 2125 2008 prium
2152 1944 2408 1991 ornatum
2433 1934 2705 1999 indueret,
2739 1949 2906 2004 quem
2954 1947 3089 1992 sane
3124 1931 3534 1991 constituebant

1945 2028 2258 2098 plantarum
2290 2041 2486 2095 genera
2533 2034 2587 2081 et
2632 2025 2948 2088 herbarum,
2997 2032 3052 2079 et
3086 2024 3193 2081 alia
3234 2022 3428 2077 [lorum
3479 2033 3535 2078 et

1945 2120 2222 2176 fructuum
2270 2127 2553 2173 venustas.
2618 2117 2814 2172 Adhuc
2860 2125 2980 2173 erat
3038 2116 3331 2173 invisibilis
3386 2126 3530 2172 terra

1945 2214 2074 2285 quia
2106 2212 2348 2267 nondum
2383 2212 2574 2266 aderat
2601 2211 2695 2280 qui
2725 2226 2847 2265 eam
2873 2209 3183 2280 adspiceret
3215 2210 3402 2273 homo,
3449 2210 3534 2264 vi-

1947 2320 2067 2360 sum
2100 2303 2350 2360 sortitus.
2376 2300 2445 2357 Et
2486 2302 2712 2371 insuper
2753 2300 3051 2357 invisibilis
3082 2301 3282 2355 merito
3316 2301 3531 2356 dicere-

1948 2403 2061 2458 tur,
2092 2392 2246 2463 quia,
2284 2392 2409 2446 luce
2459 2392 2706 2447 nondum
2759 2390 2903 2446 facta
2963 2405 3065 2461 per
3110 2404 3277 2460 quam
3312 2390 3535 2446 visibile

1947 2483 2068 2537 visu
2133 2482 2459 2552 percipitur,
2502 2496 2614 2537 non
2667 2481 2825 2538 illum
2885 2481 3125 2536 habebat
3181 2480 3533 2551 splendorem

1948 2589 2060 2643 quo
2089 2575 2266 2630 oculis
2295 2573 2813 2629 subministraretur
2838 2615 2855 2641 ,
2886 2573 2961 2628 ita
2991 2580 3053 2628 ut
3079 2574 3295 2629 etiamsi
3326 2574 3381 2627 in
3405 2589 3537 2644 pro-

1948 2668 2086 2737 priis
2110 2667 2248 2723 locis
2277 2667 2528 2738 sejuncta
2573 2668 2806 2738 abyssus
2836 2668 3187 2732 coeroitetur,
3231 2675 3287 2722 et
3333 2667 3537 2738 plantis

1949 2769 2005 2814 et
2034 2758 2145 2813 alio
2177 2767 2376 2812 ornatu
2406 2757 2677 2813 instructa
2712 2766 2885 2824 esset,
2921 2767 2977 2813 et
3011 2758 3180 2813 homo
3209 2773 3334 2813 eam
3377 2773 3536 2828 aspe-

1951 2858 2142 2906 cturus
2189 2849 2498 2915 extitisset,
2534 2850 2782 2904 nondum
2812 2865 2947 2905 vero
2986 2850 3130 2907 lucis
3183 2862 3378 2905 natura
3432 2851 3538 2904 mi-

1952 2943 2179 3001 cuisset.
2233 2957 2343 2995 non
2388 2942 2553 2995 etiam
2604 2950 2737 2996 tunc
2799 2940 3000 2998 fuisset
3062 2942 3318 2997 visibilis.
3381 2940 3541 2996 Patet

1953 3040 2136 3086 autem
2164 3029 2322 3099 juxta
2373 3030 2629 3085 eumdem
2661 3030 2883 3086 modum
2938 3046 3116 3103 neque
3146 3032 3325 3101 ipsum
3385 3047 3536 3099 aera,

1953 3125 2050 3194 qui
2088 3124 2274 3180 radios
2309 3124 2451 3180 lucis
2505 3125 2783 3195 accipiens
2836 3126 2946 3181 vim
2985 3126 3222 3182 videntis
3273 3126 3354 3182 rei
3405 3127 3542 3182 visa:

1953 3218 2628 3288 conjungitintermedius
2651 3217 2853 3283 factus,
2904 3234 3006 3275 nec
3040 3220 3245 3289 ipsum,
3287 3219 3538 3289 inquam,

1953 3325 2131 3380 neque
2153 3324 2375 3379 aquam,
2417 3309 2539 3364 luce
2568 3310 2928 3365 substantiam
2960 3326 3067 3365 non
3099 3312 3351 3372 habente,
3372 3309 3546 3366 fuisse

1953 3403 2252 3458 visibilem.
2284 3402 2352 3456 Et
2376 3411 2523 3456 certe
2568 3417 2745 3472 neque
2789 3403 2897 3456 alia
2955 3417 3081 3457 eum
3131 3413 3227 3456 aut
3273 3403 3537 3473 abyssum
3612 3452 3621 3457 -

1955 3495 2307 3561 invaserunt,
2332 3510 2508 3564 neque
2543 3505 2872 3550 ornamento
2909 3494 3144 3564 quodam
3166 3496 3391 3565 proprio
3430 3496 3545 3565 pri-

1955 3597 2115 3644 vatus
2145 3597 2249 3644 est.
2288 3588 2500 3644 Idcirco
2526 3588 2694 3659 igitur
2745 3598 2799 3644 et
2831 3588 3007 3643 Moses
3057 3603 3185 3643 aera
3244 3604 3402 3658 aqua:
3455 3589 3545 3643 in-

1956 3688 2171 3735 vectum
2198 3679 2402 3744 sciens,
2431 3678 2579 3749 quod
2603 3694 2771 3748 supra
2801 3679 3065 3749 abyssum
3108 3686 3229 3733 erat
3287 3680 3545 3734 tenebras

1958 3772 2282 3829 nominavit.
2320 3770 2671 3826 llluminante
2711 3769 2856 3825 enim
2903 3770 3197 3840 splendore
3254 3784 3352 3838 per
3398 3768 3546 3824 aeris

1958 3863 2323 3918 substantiam
2371 3863 2617 3917 nondum
2657 3862 2809 3916 illato
2859 3861 2967 3931 (vis
3024 3863 3173 3917 enim
3215 3861 3363 3915 hunc
3419 3876 3545 3917 sca—

1961 3955 2198 4010 turiendi
2228 3970 2338 4010 non
2364 3954 2776 4012 illisubstantiw
2816 3955 3039 4026 inerat),
3072 3970 3250 4022 neque
3276 3970 3402 4007 acra
3421 3970 3548 4009 esse

1958 4048 2229 4104 visibilem
2259 4048 2476 4114 licebat,
2522 4064 2700 4118 neque
2756 4063 2790 4101 a
2846 4046 3062 4102 fortiori
3112 4047 3371 4115 abyssum
3424 4062 3548 4115 qua:

1961 4142 2255 4201 aethereum
2290 4140 2501 4195 ferebat
2538 4142 2816 4210 spiritum.
2858 4139 3203 4210 Quapropter
3244 4139 3444 4192 merito
3472 4150 3548 4191 le-

1962 4235 2145 4289 nebra:
2173 4242 2380 4288 vocatae
2426 4242 2576 4289 sunt.
2619 4233 2676 4287 Si
2724 4234 2848 4303 quis
2886 4242 3070 4287 autem
3122 4231 3372 4287 divinum
3422 4246 3547 4286 esse

1966 4325 2225 4395 Spiritum
2278 4326 2426 4380 dicat
2502 4326 2598 4395 qui
2658 4340 2825 4394 super
2901 4325 3168 4394 abyssum
3243 4322 3544 4387 forcbatur,

271 4413 499 4482 ἁϐύσσῳ
536 4414 989 4482 περιφερόμενον,
1023 4416 1233 4486 μήποτε
1262 4416 1356 4469 καὶ
1386 4417 1735 4488 περιγραφὴν
1764 4416 1852 4470 τοῦ

1966 4430 2149 4469 nonne
2174 4422 2231 4471 ot
2259 4414 2686 4485 descriptionem
2718 4414 3066 4483 indescriptas
3104 4415 3179 4469 rei
3206 4414 3545 4477 iutroducat,

272 4504 696 4576 ἁπεριγράπτου
724 4504 1035 4573 συνεισάγει
1064 4521 1080 4573 ;
1110 4507 1205 4558 καὶ
1226 4506 1337 4561 τῶν
1364 4505 1540 4559 ἄλλων
1552 4506 1865 4576 κτισμάτων

272 4593 357 4658 οἷς
406 4597 509 4649 οὐκ
540 4597 840 4667 ἐπεφέρετο
867 4596 966 4667 τὴν
995 4596 1145 4657 θείαν
1171 4597 1429 4667 πρόνοιαν
1488 4598 1583 4657 καὶ
1635 4599 1866 4666 ἑποψίαν

276 4687 561 4740 συστέλλει
588 4705 602 4753 ;
639 4689 771 4752 ἴσως
800 4689 842 4740 δ’
869 4687 935 4742 ἂν
959 4688 1060 4742 οὑκ
1085 4686 1152 4741 ἂν
1179 4690 1263 4758 εἴη
1299 4688 1579 4757 θεολογίας
1631 4689 1856 4754 ἐπάξιον

273 4781 335 4831 ἐν
363 4782 433 4850 τῇ
463 4779 564 4849 τῆς
600 4778 833 4842 κτίσεως
858 4779 1132 4849 καταϐολῇ
1160 4780 1226 4849 τῇ
1263 4779 1506 4848 άκτίστῳ
1539 4780 1636 4833 καὶ
1684 4780 1865 4850 μακά-

277 4870 372 4941 pi;
398 4869 561 4937 φύσει
580 4869 699 4938 ἦτοι
719 4869 796 4940 τῷ
812 4870 1065 4938 παναγίῳ
1092 4868 1368 4939 ιινεύματι
1397 4871 1580 4940 χώραν
1593 4870 1864 4940 ὲκνέμεινο

275 4967 323 5017 εἰ
347 4964 407 5017 δὲ
422 4964 518 5017 καὶ
534 4962 686 5035 Σύρα
702 4963 923 5031 γλῶσσα
945 4963 1004 5017 τὸ
1020 4963 1284 5031 πανάγιον
1304 4963 1531 5039 Πνεῦμα
1547 4964 1659 5030 τοῖς
1681 4963 1867 5025 ὕδασιν

275 5056 599 5129 ἐποχεῖσθαι
624 5056 895 5127 βούλεται,
908 5057 1004 5109 καὶ
1018 5051 1127 5109 οἷον
1143 5054 1417 5119 ἐπῳάζειν
1432 5055 1604 5111 ταῦτα
1617 5055 1712 5109 καὶ
1732 5056 1868 5120 ζωο-

275 5151 481 5219 γονεῖν,
515 5150 615 5201 οὐκ
653 5149 720 5201 ἂν
762 5147 1095 5218 καταγνοίην
1120 5147 1340 5219 ’ἀρκεῖν
1371 5146 1479 5217 γὰρ
1511 5147 1710 5203 εἰδέναι
1731 5147 1869 5215 τέως

274 5243 339 5295 τὸ
365 5241 638 5311 πανάγιον
671 5241 896 5312 Πνεῦμα
925 5240 1048 5299 ὅθεν
1076 5240 1142 5302 ἂν
1169 5239 1262 5297 καὶ
1283 5240 1551 5307 δύναιντο,
1598 5240 1867 5315 ζωογόνου

278 5351 339 5388 τε
363 5335 463 5389 καὶ
490 5334 889 5406 δημιουργικῆς
921 5334 1186 5403 ὑπάρχειν
1212 5332 1402 5395 οὐσίας
1430 5332 1528 5389 καὶ
1559 5332 1865 5402 δυνάμεως·

290 5428 558 5499 Ἀόρατος
586 5425 678 5481 οὖν
712 5427 746 5498 ἡ
776 5425 849 5496 γῆ
871 5427 966 5479 καὶ
990 5424 1061 5478 τά
1088 5425 1253 5480 λοιπά
1281 5424 1391 5481 τῶν
1419 5424 1701 5495 στοιχείων
1727 5422 1872 5477 κατά

280 5538 341 5574 τε
371 5521 474 5591 τὴν
496 5519 802 5591 εἰρημένην
832 5518 1012 5581 αἰτίαν
1039 5518 1136 5571 καὶ
1165 5517 1263 5581 τὰς
1285 5515 1703 5587 προδεδομένας,
1727 5514 1869 5586 πλὴν

233 5622 241 5643 ’
285 5614 438 5683 μιᾶς
487 5612 570 5664 ὅτι
602 5610 664 5663 τὸ
704 5607 1069 5678 ἐπιπροσθοῦν
1102 5607 1203 5661 οὐκ
1235 5602 1380 5677 εἶχον
1430 5605 1555 5659 οὔτε
1604 5603 1666 5656 τὸ
1725 5604 1869 5677 ὕδωρ

279 5706 406 5759 οὔτε
433 5707 462 5757 ὀ
492 5704 624 5773 ἀήρ.
651 5701 725 5754 Τὸ
763 5701 946 5771 μέντοι
986 5700 1174 5765 σκότος
1196 5700 1249 5753 εἴ
1277 5716 1362 5761 τις
1391 5696 1467 5767 μὴ
1495 5696 1749 5766 στέρησιν
1772 5698 1867 5752 τοῦ

356 5820 377 5852 ³
432 5819 553 5872 Act.
600 5833 653 5880 ι,
700 5820 750 5869 1.

1968 4515 2023 4561 et
2054 4506 2285 4561 aliarum
2333 4514 2709 4563 creaturarum
2759 4505 2813 4558 in
2868 4505 3069 4575 quibus
3109 4521 3215 4564 non
3273 4501 3550 4559 ferebatur

1968 4596 2367 4667 providentiam
2418 4605 2470 4650 et
2506 4596 2901 4665 inspectionem
2956 4611 3065 4651 non
3089 4596 3381 4651 coerceat?
3413 4593 3549 4649 For-

1969 4700 2114 4742 tasse
2147 4704 2252 4741 non
2292 4697 2436 4749 esset
2476 4687 2753 4757 theologia
2811 4688 3037 4757 dignum
3093 4687 3389 4742 creationis
3423 4702 3549 4755 pro-

1968 4781 2222 4835 ductione
2257 4780 2510 4834 increatae
2553 4795 2617 4834 ac
2654 4780 2985 4837 bcalissimae
3032 4788 3264 4842 naturae,
3321 4779 3550 4836 sanctis-

1969 4872 2110 4925 simo
2131 4870 2338 4925 scilicet
2371 4870 2620 4940 Spiritui,
2662 4870 2843 4931 locum
2888 4871 3208 4939 assignare;
3245 4886 3371 4925 cum
3419 4885 3549 4925 vero

1971 4962 2193 5034 Syriaca
2222 4963 2425 5021 Glossa‘
2473 4962 2885 5023 sanctissimum
2949 4960 3216 5031 Spiritum
3248 4962 3366 5016 vult
3388 4961 3549 5031 aquis

1970 5053 2123 5119 ferri,
2149 5064 2204 5109 et
2234 5054 2395 5123 quasi
2440 5053 2522 5107 eis
2556 5053 2816 5111 incubare
2845 5068 3050 5121 easque
3102 5052 3413 5123 viviﬁcare,
3438 5066 3547 5113 non

1971 5147 2352 5217 reprehendo;
2394 5146 2596 5209 docent
2624 5146 2772 5207 enim
2832 5147 2979 5203 unde
3032 5155 3088 5201 et
3147 5155 3381 5215 possunt
3425 5144 3549 5215 Spia

1971 5239 2137 5301 ritum
2159 5245 2410 5294 sanctum
2442 5238 2773 5297 viviﬁcantis
2811 5254 2934 5297 esse
2954 5249 3008 5293 et
3029 5238 3268 5299 creantis
3287 5239 3548 5295 substan-

1971 5331 2061 5391 tia:
2087 5340 2142 5385 et
2189 5330 2462 5400 potentiae.
2495 5328 2796 5384 Invisibilis
2846 5328 3015 5400 igitur
3047 5338 3195 5384 terra
3233 5337 3288 5383 et
3346 5338 3542 5380 caetera

1971 5424 2243 5479 elementa
2292 5422 2447 5491 juxta
2484 5431 2538 5476 et
2568 5422 2885 5490 praedictam
2916 5435 3140 5475 causam
3170 5427 3224 5474 et
3262 5418 3397 5472 alias
3422 5426 3549 5470 ante

1972 5516 2149 5580 datas,
2176 5524 2399 5583 excepta
2429 5529 2538 5569 una
2570 5531 2583 5578 ;
2619 5513 2755 5582 quia
2792 5511 3142 5579 superfusum
3185 5508 3391 5577 aliquid
3436 5522 3546 5560 non

1975 5608 2248 5663 habebant
2308 5621 2482 5674 neque
2520 5623 2660 5674 aqua
2716 5620 2893 5672 neque
2945 5619 3059 5659 aer.
3118 5599 3394 5657 Tenebras
3432 5597 3549 5666 qui-

1975 5699 2096 5753 dem
2150 5698 2196 5753 si
2229 5697 2354 5766 quis
2388 5712 2493 5749 non
2531 5695 2889 5764 privationem
2927 5693 3088 5757 lucis,
3139 5690 3233 5749 scd
3276 5688 3547 5749 malorum
