3912 6218
414 241 519 309 139

1568 249 1833 310 PHUTII
1876 252 2383 318 PATRIARCHEE
2416 258 2524 318 ΟΡ.

3585 256 3679 324 140

411 365 691 413 auctorem
729 356 1011 443 diabolum
1052 357 1320 425 crederet,
1393 359 1652 433 abyssum
1706 377 1842 418 vero
1900 378 1991 418 eas

2102 367 2302 436 φωτὸς,
2328 368 2466 422 ἀλλά
2493 368 2586 423 τὸν
2607 369 2919 441 ἀρχέκακον
2934 336 3185 426 διάϐολον
3209 371 3496 436 ὑπολάϐοι,
3516 372 3686 428 ἀδυσ-

409 467 532 521 quae
569 450 672 506 sub
706 450 802 507 illo
845 461 977 508 sunt
1000 461 1327 525 potestates,
1368 454 1531 526 longe
1566 471 1597 510 a
1632 457 1859 512 veritate
1900 457 1993 511 ille

409 544 714 606 aberraret,
764 551 821 598 et
869 543 1037 616 impia
1086 546 1287 616 plenus
1345 555 1491 603 esset
1546 547 1827 617 opinione,
1860 547 1990 618 quia

410 635 608 690 seriem
663 636 1000 693 narrationis
1033 653 1145 693 non
1203 646 1386 710 potest
1440 639 1769 709 intelligere,
1813 653 1992 709 neque

406 727 656 783 ordinem
704 736 801 784 aut
823 731 1297 786 enumerationem
1334 747 1550 795 eorum,
1585 746 1707 802 quae
1734 733 1991 787 sensibus

407 820 760 890 percipienda
786 819 933 877 facta
964 833 1400 895 suut;quorum
1468 824 1649 881 Moses
1701 825 1991 881 historiam

406 912 761 981 conscripsit,
795 929 976 984 neque
1026 914 1363 987 incorporeaa
1399 925 1456 971 et
1526 915 1838 986 spiritualis
1890 934 1990 971 na-

404 1014 544 1057 turae
571 1010 627 1058 et
671 1004 1005 1061 creationem
1040 1015 1095 1061 et
1134 1007 1441 1062 doctrinam
1490 1014 1546 1061 et
1584 1014 1805 1077 tempus
1845 1011 1991 1078 quod

406 1096 548 1149 miro
601 1096 797 1152 ordine
856 1097 925 1152 de
978 1097 1067 1153 his
1109 1099 1276 1153 rebus
1306 1099 1656 1154 traditionem
1718 1098 1989 1155 deﬁnivit.

406 1185 650 1256 Spiritus
681 1186 777 1243 Dei
805 1202 899 1244 aer
925 1189 1107 1246 dictus
1140 1203 1244 1258 est,
1272 1194 1741 1264 quemadmodum
1792 1201 1845 1247 et
1872 1192 1993 1246 aliae

403 1280 660 1348 quaelibet
686 1281 829 1352 ejus,
857 1292 1123 1339 creaturae
1148 1292 1203 1340 et
1239 1301 1406 1355 opera
1438 1302 1455 1341 :
1504 1305 1524 1339 ι
1560 1286 1783 1341 Emittet
1821 1285 1991 1348 enim,

406 1372 607 1443 inquit,
661 1374 889 1430 verbum
938 1391 1101 1431 suum
1133 1387 1189 1432 et
1220 1377 1537 1447 liquefaciet
1603 1393 1770 1441 eam;
1837 1376 1993 1431 ﬂabit

404 1465 631 1534 spiritus
661 1465 802 1536 ejus,
825 1477 877 1521 et
900 1466 1070 1522 ﬂuent
1089 1484 1244 1539 aqua:
1263 1469 1319 1502 "‘
1345 1488 1361 1536 ;
1385 1487 1404 1520 ›
1434 1469 1580 1540 quod
1601 1470 1667 1523 de
1694 1468 1991 1539 liquefacta

403 1557 743 1613 australibus
790 1559 965 1615 ventis
996 1569 1140 1616 terra
1193 1561 1429 1616 canebat
1474 1560 1666 1615 David.
1709 1560 1775 1615 Et
1807 1560 1990 1615 dictus

403 1648 598 1705 fuisset
613 1651 840 1720 spiritus
861 1650 955 1707 Dei
986 1653 1042 1707 in
1072 1653 1264 1709 eodem
1292 1669 1458 1710 sensu
1485 1670 1548 1709 ac
1580 1652 1753 1708 illud:
1789 1670 1807 1704 ι
1841 1650 1991 1709 Fecit

2098 478 2191 514 σον
2231 461 2288 515 δὲ
2341 461 2441 527 τάς
2475 463 2566 517 ὑπ’
2597 465 2764 518 αὐτὸν
2808 466 3053 536 πονηρὰς
3084 465 3368 536 δυνάμεις,
3391 466 3585 537 πόρῤω
3621 483 3680 520 τε

2094 554 2195 624 τῆς
2218 553 2481 625 ἀληθείας
2498 547 2656 620 οὗτος
2673 554 3033 627 πλανώμενος
3066 557 3151 629 είη
3185 557 3280 611 καὶ
3308 557 3681 629 δυσσεὸούσης

2096 645 2383 710 ἀνάπλεως
2419 647 2600 717 δόξης,
2630 649 2766 719 μετά
2794 648 2891 702 τοῦ
2917 650 2993 719 μὴ
3018 649 3281 704 δύνασθαι
3300 652 3537 723 συνορᾷν
3566 653 3684 721 είρ-

2098 738 2199 807 μὸν
2221 738 2527 809 διηγήσεως
2561 742 2656 793 καὶ
2683 739 2839 804 τάξιν
2876 741 2970 794 καὶ
2994 741 3375 814 ἀπαρίθμησιν
3405 743 3519 797 τῶν
3561 744 3683 798 κατ’

2095 827 2351 899 αἴσθησιν
2375 830 2640 899 γενητῶν,
2680 824 2759 884 ὧν
2789 834 2818 884 ὁ
2844 832 3051 902 Μωσῆς
3091 833 3193 904 τὴν
3251 834 3495 904 ἱστορίαν
3552 852 3685 888 συν-

2094 921 2356 992 έγραψεν,
2385 924 2480 976 καὶ
2509 924 2803 992 ἀσωμάτου
2831 924 2928 977 καλ⁸
2951 926 3145 994 νοερᾶς
3171 925 3387 993 φύσεως
3413 916 3686 997 δημιου’ρ-

2095 1013 2222 1083 γίαν
2264 1031 2325 1067 τε
2359 1015 2453 1069 καλ⁸
2492 1014 2729 1086 θεωρίαν
2760 1017 2856 1069 καὶ
2887 1017 3079 1087 καιρὸν
3113 1016 3174 1080 ὃς
3216 1018 3505 1090 ἀφορίζειν
3539 1013 3688 1072 οἶδεν

2093 1100 2374 1163 εὐτάκτως
2410 1101 2508 1173 τὴν
2545 1105 2675 1175 περὶ
2696 1104 2907 1158 τούτων
2939 1107 3239 1176 παράδοσιν
3270 1124 3285 1139 ·
3348 1108 3573 1179 πνεῦμα
3628 1108 3689 1162 δὲ

2080 1191 2227 1257 Θεοῦ
2257 1195 2286 1247 ό
2313 1193 2422 1264 ἀὴρ
2451 1194 2666 1265 εἴρηται
2691 1211 2706 1228 σ
2739 1195 2992 1267 καθάπερ
3023 1197 3116 1251 καὶ
3143 1197 3212 1251 τὰ
3277 1197 3443 1252 λοιπά
3487 1192 3577 1251 οἷα
3617 1197 3687 1270 δὴ

2092 1283 2301 1354 κτίσμα
2328 1285 2422 1338 καὶ
2451 1285 2662 1357 ποίημα
2687 1287 2851 1340 αὑτοῦ
2875 1304 2888 1317 ·
2922 1305 2941 1338 ι
2965 1288 3351 1355 Ἐξαποστελεῖ
3369 1288 3499 1360 γὰρ,
3527 1290 3686 1359 φησὶ,

2090 1375 2182 1428 τὸν
2201 1374 2358 1444 λόγον
2386 1375 2553 1429 αὐτοῦ
2587 1377 2679 1430 καὶ
2711 1377 2863 1448 τήξει
2896 1378 3066 1447 αὐτήν
3087 1395 3101 1408 ·
3141 1378 3362 1432 πνεύσει
3383 1376 3446 1431 τὸ
3465 1377 3689 1449 πνεῦμα

2091 1466 2257 1520 αὐτοῦ
2292 1466 2387 1520 καὶ
2413 1467 2674 1538 ρυήσεται
2704 1466 2871 1523 ὕδατα
2889 1488 2904 1504 ο
2935 1491 2954 1523 ι
2988 1470 3119 1543 περὶ
3147 1470 3458 1542 τηκομένης
3483 1472 3550 1525 ἐκ
3577 1471 3689 1525 τῶν

2092 1559 2285 1613 νοτίων
2314 1559 2642 1630 πνευμάτων
2675 1561 2849 1631 λέγων
2887 1564 3063 1634 χιόνος
3090 1564 3120 1617 ό
3145 1562 3307 1616 Δαὸίδ
3331 1577 3348 1594 ο
3371 1562 3466 1616 καὶ
3498 1564 3587 1633 εῐη
3620 1564 3690 1618 ἃν

2093 1653 2384 1724 εἰρημένον
2408 1653 2624 1726 πνεῦμα
2649 1655 2785 1710 Θεοῦ
2816 1658 2874 1709 ἐν
2910 1656 3011 1726 ἴσῳ
3037 1656 3117 1721 τὸ,
3145 1674 3165 1708 ι
3203 1656 3489 1728 Ἐποίησεν
3510 1657 3540 1710 ὁ
3556 1656 3690 1722 Θεὸς

404 1741 549 1796 Deus
578 1743 779 1798 coelum
801 1751 857 1797 et
874 1752 1115 1809 terram;
1146 1763 1164 1796 ι
1202 1754 1258 1800 et
1281 1755 1342 1800 ut
1379 1746 1471 1800 illa
1496 1744 1715 1817 quidem
1747 1755 1875 1798 sunt
1901 1742 1991 1798 Dei

2099 1747 2191 1802 τὸν
2231 1747 2461 1820 οὐρανὸν
2516 1749 2611 1804 καὶ
2647 1749 2746 1822 τὴν
2778 1749 2884 1819 γῆν
2914 1769 2929 1780 -
2973 1768 2993 1800 ι
3025 1750 3254 1804 κάκεῖνα
3285 1749 3395 1820 γάρ
3424 1749 3564 1804 Θεοῦ
3608 1750 3686 1814 ὡς

403 1841 693 1900 creaturae,
723 1843 779 1888 et
804 1832 896 1889 ille
929 1836 1183 1890 similiter
1216 1847 1467 1892 creatura
1492 1845 1580 1892 est
1600 1846 1655 1891 et
1676 1849 1816 1907 opus
1831 1838 1988 1907 ejus:

403 1926 526 1981 ideo
559 1926 698 1981 bene
719 1927 1027 1997 appellatus
1062 1939 1145 1985 est
1164 1932 1388 2000 spiritus
1414 1929 1530 1987 Dei.

764 2041 1092 2109 QUIESTIO
1130 2045 1274 2102 xvu
1314 2046 1414 2120 [αι.
1447 2046 1614 2119 xw].

454 2158 566 2214 Cur
595 2158 835 2228 prohibet
870 2164 998 2234 quin
1028 2180 1227 2289 came;
1247 2180 1279 2218 a
1315 2164 1445 2273 {sris
1476 2172 1658 2233 captas
1699 2161 1935 2217 homines

1044 2250 1190 2289 come
1231 2245 1352 2289 ant.

1044 2245 1323 2289 comedunt
1339 2245 1352 2289 Ξ

477 2349 804 2421 Discrepare
840 2352 1104 2423 praesenti
1136 2361 1410 2422 praecepto
1448 2351 1592 2407 Deus
1617 2352 1809 2407 statuit
1839 2350 1986 2406 fera-

403 2460 524 2498 rum
545 2452 600 2499 et
620 2444 907 2500 hominum
935 2446 1105 2500 vitam
1135 2461 1150 2499 :
1179 2445 1378 2515 quibus
1402 2445 1549 2501 enim
1570 2444 1894 2515 prohibetur
1921 2457 1989 2497 ne

404 2536 475 2594 sit
505 2552 613 2592 una
651 2546 706 2593 et
738 2538 928 2594 eadem
970 2553 1183 2605 mensa,
1219 2552 1317 2593 eos
1341 2544 1398 2591 et
1451 2537 1591 2592 alios
1642 2551 1833 2591 omnes
1866 2548 1990 2588 mo-

405 2648 492 2687 res
522 2644 577 2687 et
599 2631 1048 2687 vitainstitutum
1078 2640 1134 2685 et
1161 2641 1343 2685 motus
1362 2641 1419 2685 et
1445 2637 1603 2685 actus
1624 2628 1858 2683 multum
1886 2624 1992 2681 dif-

406 2726 548 2781 l‘crre
575 2725 663 2781 lex
694 2724 939 2782 addocet.
965 2723 1126 2793 Rapit
1152 2722 1266 2777 fera
1295 2734 1349 2778 et
1389 2723 1548 2777 avida
1578 2732 1664 2776 est
1692 2730 1748 2775 et
1781 2721 1846 2775 ad
1870 2732 1990 2773 mo-

404 2827 497 2872 tus
542 2825 628 2872 est
672 2816 1110 2887 petulantissima
1160 2815 1416 2885 legesque
1460 2822 1514 2869 et
1545 2813 1898 2884 benignitatis
1938 2820 1993 2866 et

406 2906 818 2962 communitatis
867 2915 925 2961 et
976 2904 1413 2960 mansuetudinis
1471 2904 1647 2959 nescit
1708 2922 1721 2957 :
1782 2903 1853 2957 ab
1906 2900 1994 2956 his

404 2998 664 3069 omnibus
712 3013 912 3069 purum
959 3007 1015 3053 et
1070 2998 1300 3053 liberum
1353 3012 1476 3052 esse
1506 2992 1989 3060 horniuemdecet;

2099 1841 2404 1911 ποιήματα,
2438 1843 2530 1896 καὶ
2568 1842 2726 1895 τοῦτο
2755 1841 2954 1913 ὁμοίως
2969 1841 3177 1911 κτίσμα
3198 1840 3336 1895 Θεοῦ
3353 1843 3447 1896 καὶ¹
3470 1842 3688 1913 ποίημα

2099 1926 2196 1981 τοῦ
2230 1928 2397 1984 αὐτοῦ
2430 1947 2445 1961 ·
2476 1930 2559 1985 διὸ
2609 1930 2795 1996 καλῶς
2823 1933 3038 2004 εἴρηται
3064 1930 3283 2002 πνεῦμα
3307 1931 3469 1990 Θεοῦ.

2648 2049 2982 2105 ΕΡΩΤΗΣΙΣ
3016 2053 3114 2106 lZ'.

2095 2155 2199 2211 Διὰ
2232 2159 2289 2213 τι
2311 2159 2646 2228 θηριάνιωτα
2684 2160 2832 2229 κρέα
2883 2162 3025 2228 τοὺς
3055 2163 3406 2232 ἀνθρώπους
3458 2159 3694 2216 ἐσθίειν

2690 2233 3033 2288 ἀποκωλύει
3046 2250 3066 2299 ;

2168 2348 2631 2420 Παρηλλαγμένον
2657 2350 2758 2405 διάῖ
2788 2351 2883 2405 τοῦ
2924 2352 3197 2425 παρόντος
3254 2351 3688 2423 προστάγματος

2093 2443 2383 2512 νομοθετεῖ
2417 2444 2510 2515 τὸν
2544 2444 2654 2498 τῶν
2694 2446 2902 2517 θηρίων
2930 2440 3072 2499 εἶναι
3119 2446 3323 2519 τρόπον
3348 2445 3446 2499 καὶ
3470 2445 3564 2497 τὸν
3586 2446 3682 2498 ἀν-

2094 2533 2368 2605 θρώπινον
2389 2536 2505 2607 βίον
2524 2552 2540 2567 °
2570 2532 2653 2601 οἷς
2666 2536 2775 2606 γὰρ
2794 2539 2826 2608 ἡ
2845 2538 3099 2609 τράπεζα
3118 2536 3389 2591 κωλύεται
3413 2537 3511 2608 μία
3536 2538 3633 2589 καὶ
3653 2537 3687 2607 ἡ

2093 2625 2234 2697 αὐτὴ
2266 2623 2429 2692 εἶναι,
2461 2626 2673 2691 τούτοις
2705 2628 2799 2682 καὶ
2828 2628 2896 2681 τά
2920 2628 3058 2683 ἄλλα
3090 2630 3271 2682 πάντα
3314 2627 3421 2701 ἢθη
3480 2644 3541 2683 τε
3597 2628 3690 2681 καὶ

2088 2717 2278 2773 δίαιτα
2305 2720 2399 2773 καὶ
2430 2720 2602 2791 ὁρμαὶ¹
2638 2721 2736 2775 καὶ
2761 2721 2992 2792 πράξεις
3020 2722 3164 2776 κατά
3198 2721 3334 2776 πολὺ
3388 2721 3681 2791 διαφέρειν

2098 2810 2487 2881 συνεισάγεται
2520 2812 2686 2883 νόμος
2714 2812 3007 2901 ’θάρπάζει
3039 2813 3102 2866 τὸ
3131 2813 3320 2886 θηρίον
3370 2816 3464 2868 καὶ
3493 2814 3688 2868 πλεον-

2095 2904 2263 2969 εκτεῖ,
2300 2903 2398 2957 καὶ
2430 2903 2567 2975 πρὸς
2593 2904 2694 2969 τὰς
2715 2906 2893 2977 ὁρμάς
2920 2907 3038 2959 ἐστι
3085 2907 3552 2978 προπετέστατον,
3589 2906 3693 2961 καὶ

2098 2995 2301 3062 νόμους
2358 2994 2462 3049 οὐκ
2492 2990 2605 3048 οἶδε
2653 2994 3068 3067 φιλανθρωπίας
3101 2997 3198 3051 καὶ
3259 2998 3541 3061 κοινωνίας
3590 3000 3690 3051 καὶ

403 3092 534 3146 item
564 3106 695 3147 vero
718 3100 775 3146 et
802 3090 870 3145 ad
892 3090 1029 3145 alios
1045 3089 1271 3146 aﬁ‘ectus
1287 3089 1658 3158 intemperans
1685 3094 1767 3140 est
1784 3086 1991 3141 animal

2099 3088 2440 3159 ἡμερότητος
2463 3105 2477 3119 ·
2501 3061 2710 3143 τούτων
2735 3061 2992 3143 ἁπάντων
3019 3089 3260 3162 καθαρὸν
3290 3090 3385 3145 καὶ
3406 3088 3692 3160 ἀπηλλαγ-

405 3195 461 3238 et
513 3182 871 3238 infrenatum.
914 3181 1102 3252 Itaque
1149 3181 1430 3236 hominum
1486 3178 1683 3248 agendi
1721 3178 1863 3233 ratio
1896 3193 1993 3248 per

408 3275 828 3345 temperantiam
861 3283 916 3331 et
944 3273 1344 3330 institutionem
1377 3273 1677 3343 procedens
1709 3271 1802 3326 illa
1858 3287 1994 3339 prte-

409 3375 583 3422 staret
601 3366 919 3422 dilferentite
939 3368 1132 3437 signa;
1162 3366 1215 3421 id
1234 3380 1363 3421 vero
1390 3365 1533 3434 quod
1566 3379 1672 3418 non
1692 3364 1793 3418 hos
1821 3363 1994 3432 signis

407 3460 686 3530 signatum
713 3469 769 3515 et
800 3468 1046 3514 notatum
1075 3459 1182 3513 erit
1211 3467 1469 3528 tanquam
1502 3456 1676 3512 ferum
1708 3467 1762 3510 et
1795 3471 1825 3510 a
1863 3454 1994 3511 feris

408 3562 629 3621 captum
659 3551 789 3622 quid
815 3560 868 3605 et
891 3562 1234 3606 mansuetam
1264 3550 1759 3619 rationabilemque
1784 3562 1995 3604 exuens

412 3656 665 3705 naturam
720 3647 1020 3717 rejicietur.
1058 3646 1114 3700 Si
1164 3646 1290 3716 quis
1331 3655 1517 3701 autem
1567 3645 1632 3700 ad
1691 3645 1990 3714 puritatem

412 3741 685 3794 instruere
741 3747 798 3793 et
863 3740 1134 3794 adducere
1185 3739 1393 3794 diceret
1457 3753 1554 3809 per
1608 3737 1993 3792 abstinentiam

409 3826 659 3880 carnium
706 3841 735 3880 a
783 3824 916 3882 feris
958 3837 1242 3896 captarum
1289 3825 1422 3880 illud
1449 3825 1515 3880 ad
1558 3823 1852 3895 imaginem
1902 3822 1995 3877 Dei

410 3919 706 3976 formatum
742 3933 903 3989 opus,
935 3928 991 3974 et
1020 3920 1200 3976 omnis
1241 3918 1594 3989 turpitudinis
1645 3930 1840 3986 expers
1875 3916 1996 3970 red-

408 4015 541 4070 dere
582 4030 705 4084 quae
748 4024 967 4086 gustum
1014 4016 1208 4085 polluit
1236 4024 1291 4070 et
1326 4028 1449 4085 quae
1494 4027 1590 4083 per
1624 4011 1763 4067 alios
1796 4025 1995 4065 sensus

408 4108 654 4176 procedit
673 4108 862 4177 (unius
886 4108 1031 4163 enim
1060 4124 1260 4165 sensus
1284 4107 1539 4163 custodia
1570 4114 1625 4161 et
1659 4103 1993 4165 observatio,

407 4211 465 4256 et
493 4203 635 4257 alios
673 4200 927 4255 similiter
973 4202 1044 4256 ab
1076 4203 1227 4256 omni
1281 4201 1599 4271 impuritate
1645 4205 1700 4251 et
1757 4195 1994 4264 turpitu-

408 4294 535 4349 dine
566 4296 801 4351 mundos
831 4309 926 4366 per
952 4294 1104 4349 illum
1148 4294 1324 4364 facit),
1358 4294 1410 4349 id
1458 4307 1568 4347 non
1614 4304 1645 4343 a
1671 4288 1819 4343 civili
1867 4301 1995 4355 pro-

409 4386 648 4442 Videntia
680 4396 735 4442 et
768 4397 957 4443 sancta
999 4388 1339 4442 institutione
1361 4393 1508 4439 esset
1531 4383 1793 4438 alienum.

2096 3180 2257 3251 μένον
2328 3183 2593 3254 προσήκει
2652 3180 2745 3233 τὸν
2823 3179 3114 3253 ἄνθρωπον
3189 3176 3367 3234 εἶναι·
3418 3179 3685 3245 ὡσαύτως

2092 3275 2150 3328 δὲ
2180 3275 2273 3328 κα)¹
2299 3275 2442 3329 κατά
2462 3274 2532 3326 τά
2564 3272 2707 3327 ἄλλα
2725 3273 2837 3327 τῶν
2857 3273 3067 3338 παθῶν,
3096 3272 3339 3344 ἀκρατές
3362 3274 3480 3327 ἐστι
3505 3272 3566 3324 τὸ
3588 3270 3695 3341 θη-

2097 3370 2211 3441 ρίον
2240 3366 2675 3437 καὶάχαλίνωτον
2690 3383 2705 3398 ο
2731 3365 2926 3419 οὐκοῦν
2942 3367 2975 3437 ἡ
2991 3365 3100 3420 τῶν
3123 3363 3424 3436 ἀνθρώπων
3443 3363 3694 3418 πολιτεία

2094 3462 2165 3517 δι’
2177 3462 2509 3532 ἐγκρατείας
2532 3461 2624 3514 καὶ
2644 3459 3024 3528 παιδαγωγίας
3036 3460 3319 3518 ὁδεύουσα,
3332 3457 3505 3512 ταῦτα
3517 3457 3698 3527 παρά-

2097 3575 2214 3629 σχοι
2248 3560 2349 3628 τῆς
2387 3555 2650 3626 διαφορᾶς
2677 3554 2747 3607 τὰ
2782 3553 3147 3625 γνωρίσματα
3168 3570 3182 3583 ·
3213 3555 3311 3607 καὶ
3363 3553 3522 3621 τόνγε
3570 3550 3696 3604 τού-

2095 3667 2208 3714 τοις
2237 3647 2551 3721 ἀσήμαντόν
2572 3663 2632 3699 τε
2659 3646 2755 3701 καὶ⁹
2780 3646 3185 3715 ἀνεπίγνωστον
3214 3648 3329 3707 τοῖς
3358 3644 3695 3717 γνωρίσμα-

2099 3758 2184 3795 σιν
2228 3740 2304 3803 ὼς
2348 3739 2539 3810 θηρίον
2577 3738 2673 3792 καὶ
2701 3736 3042 3809 θηριάλωτον
3072 3737 3166 3790 καὶ
3194 3736 3295 3807 τῆς
3342 3736 3554 3806 ἡμέρου
3596 3734 3695 3789 καὶ

2097 3831 2323 3902 λογικῆς
2350 3828 2830 3901 καταψευδόμενον
2883 3828 3100 3899 φύσεως
3145 3830 3579 3900 ὲκτραπήσεται.
3626 3827 3695 3882 Et

2097 3924 2152 3977 δὲ
2177 3922 2315 3994 πρὸς
2331 3921 2741 3993 καθαρειότητα
2772 3920 3055 3976 παιδεύειν
3087 3937 3148 3974 τε
3178 3921 3273 3974 καὶ
3303 3921 3530 3989 ἀνάγειν
3553 3921 3693 3992 φαίη

2095 4033 2181 4080 τις
2213 4016 2302 4070 διὰ
2324 4015 2427 4085 τῆς
2459 4015 2672 4086 ἀποχῆς
2703 4014 2816 4069 τῶν
2845 4012 3208 4086 θηριαλώτων
3249 4016 3312 4067 τὸ
3348 4014 3469 4067 κατ’
3505 4013 3697 4067 εἰκόνα

2096 4107 2235 4162 Θεοῦ
2271 4107 2750 4179 διαπεπλασμένον
2801 4107 3201 4177 φιλοτέχνημα,
3259 4105 3354 4159 καὶ
3400 4105 3694 4177 βδελυρίας

2098 4202 2321 4272 ἀπάσης
2356 4199 2791 4264 κατασκευάζειν
2821 4199 3119 4269 ἀμέτοχον,
3157 4199 3255 4269 ὅση
3283 4214 3344 4251 τε
3373 4196 3695 4267 διαμολύνει

2095 4291 2196 4365 τὴν
2237 4291 2426 4361 γεῦσιν
2460 4292 2553 4344 καὶ
2590 4290 2688 4361 ὅση
2720 4290 2808 4343 διὰ
2834 4290 2942 4343 τῶν
2989 4289 3166 4343 ἄλλων
3210 4289 3518 4361 αἰσθήσεων
3558 4290 3695 4360 πρό-

2099 4401 2268 4440 εισιν·
2294 4388 2327 4457 ἠ
2359 4384 2468 4456 γὰρ
2499 4384 2593 4438 ἐπὶ
2621 4384 2718 4455 τῆς
2750 4384 2877 4454 μιᾶς
2907 4384 3281 4456 παραφυλακὴ
3342 4384 3439 4437 καὶ
3493 4384 3699 4453 συντή-

412 4498 590 4552 ρησις,
621 4481 716 4535 καὶ
760 4482 860 4545 τάς
903 4479 1070 4543 ἄλλας
1106 4479 1308 4548 ὁμοίως
1348 4477 1449 4548 τῆς
1480 4476 1826 4548 ἀκαθαρσίας
1889 4478 1985 4534 καὶ
2027 4478 2311 4550 βδελυρίας
2365 4475 2698 4547 καθαρεύειν
2758 4477 2825 4530 δι’
2881 4479 3100 4547 ἐκείνης
3142 4476 3532 4546 ἀσφαλίζεται,
3564 4477 3693 4532 οὐδὲ

408 4578 567 4633 τοῦτο
589 4578 654 4633 ἂν
679 4576 766 4648 είη
817 4579 919 4649 τῆς
953 4574 1238 4645 πολιτικῆς
1284 4573 1541 4645 προνοίας
1577 4575 1673 4627 καὶ
1731 4575 2102 4647 ἀγιοπρεποῦς
2132 4575 2413 4647 ἀλλότριον
2444 4571 2857 4635 καταστάσεως.

873 4666 1203 4736 QUASSTIO
1238 4666 1405 4723 XVIII
1444 4666 1657 4740 [XVII].

413 4785 687 4853 Quomodo
725 4782 1123 4853 intelligendum
1167 4781 1321 4846 illud,
1370 4801 1390 4833 ‹
1420 4780 1551 4853 Νοη
1592 4782 1870 4851 apparebis
1909 4799 1999 4836 co-

925 4869 1041 4907 ram
1076 4869 1157 4906 me
1189 4852 1433 4906 vacuus?
1477 4871 1496 4903 ι

2025 4742 2080 4801 D

2647 4666 2985 4719 ΕΡΩΤΗΣΙΣ
3012 4667 3120 4721 IH'.

2105 4778 2238 4847 Πῶς
2258 4779 2513 4848 νοητέον
2541 4780 2609 4835 τό
2638 4821 2654 4847 ,
2691 4800 2711 4833 ι
2771 4782 2895 4833 Οὐκ
2924 4780 3168 4851 (season
3209 4781 3389 4847 κενὸς
3413 4781 3697 4839 ἐναντιον

2784 4866 2979 4920 μου;›

1033 4944 1175 4994 Edita
1195 4958 1220 4993 a
1246 4942 1390 5004 Maio,
1413 4944 1453 4992 l;
1472 4957 1538 5003 c.,
1559 4957 1611 5006 p.
1637 4943 1714 5005 1⁸1,
1750 4942 1801 4993 in
1821 4944 1980 4994 Exod.
2004 4955 2142 5002 mu,
2165 4942 2264 5003 15;
2305 4956 2480 5003 xxxw,
2505 4941 2592 5004 10;
2614 4944 2827 4993 Denter.
2863 4956 2965 5004 xvi,
2988 4941 3067 4992 16.

483 5034 721 5102 Quidam
765 5030 934 5100 igitur
958 5030 1148 5086 dicunt
1187 5045 1313 5084 eum
1363 5029 1457 5099 qui
1495 5028 1664 5085 Deum
1710 5030 1998 5085 adoratum

415 5127 569 5183 venit
594 5132 851 5196 oportere
890 5132 947 5178 et
982 5123 1123 5178 dona
1156 5122 1368 5177 liberali
1398 5138 1564 5177 manu
1621 5121 1819 5178 oﬂ‘erre
1843 5141 1859 5191 ;
1886 5139 1997 5178 non

418 5231 679 5289 tauquam
711 5217 855 5281 Deus
884 5217 970 5272 his
1019 5216 1284 5286 indigeat,
1311 5214 1533 5287 (quibus
1559 5216 1704 5270 enim
1743 5214 1886 5272 Deus
1914 5216 2000 5270 in-

416 5311 602 5381 digere
633 5309 870 5381 possit?)
926 5308 1022 5365 sed
1066 5318 1326 5379 tanquam
1364 5308 1629 5363 beneﬁcia
1668 5318 1797 5363 tunc
1849 5309 1998 5363 acci-

419 5399 533 5470 piat
562 5400 607 5454 is
635 5399 730 5470 qui
760 5415 990 5455 muuera
1019 5399 1199 5455 oﬂ‘erl.
1224 5398 1453 5465 Quando
1481 5399 1606 5468 quis
1632 5399 1776 5452 enim
1801 5399 1998 5468 dignus

421 5500 680 5547 censetur
698 5491 793 5562 qui
823 5489 933 5547 Deo
955 5490 1169 5547 fructus
1202 5491 1416 5555 oiferat,
1447 5500 1501 5544 et
1529 5490 1797 5543 internam
1834 5490 2004 5559 pieta-

422 5593 532 5640 tem
564 5602 660 5656 per
703 5595 933 5643 externa
961 5587 1184 5650 revolet,
1238 5596 1291 5641 et
1334 5584 1708 5641 mediantibus
1737 5582 2001 5653 placami-

501 5701 729 5759 “Psal.
766 5719 933 5772 XLVII,
977 5703 1065 5758 IS.

2175 5028 2335 5093 Τινὲς
2384 5027 2484 5100 μὲν
2537 5023 2632 5083 οὖν
2666 5045 2830 5099 φασιν
2889 5029 2965 5093 ὡς
3019 5029 3255 5083 ἀπιόντα
3312 5032 3697 5103 προσκυνῆσαι

2105 5120 2226 5192 Θεῷ
2254 5121 2339 5175 δεῖ
2378 5120 2474 5175 καὶ
2495 5121 2644 5193 δῶρα
2691 5114 3079 5193 προσάγεινιῖω
3110 5123 3144 5193 ἡ
3171 5123 3294 5194 χεὶρ
3317 5120 3572 5194 εὔπορος,
3596 5123 3698 5195 οὐχ

2104 5215 2182 5279 ὡς
2205 5216 2263 5268 ὲν
2278 5214 2438 5285 χρεία
2453 5213 2656 5269 τούτων
2672 5214 3018 5279 καθεστῶτος
3035 5214 3193 5269 Θεοῦ·
3220 5214 3366 5279 τίνος
3386 5217 3497 5287 γὰρ
3515 5215 3583 5269 ἂν
3605 5214 3692 5286 εῑη

2106 5306 2242 5371 Θεὸς
2272 5307 2576 5377 προσδεής;
2607 5306 2736 5361 ἀλλ’
2782 5306 2859 5371 ὡς
2909 5308 3373 5380 εύεργετουμένου
3414 5305 3695 5361 κάνταῦθα

2103 5399 2200 5453 τοῦ
2222 5401 2611 5470 προσάγοντος⁹
2644 5402 2700 5453 ἐν
2723 5391 2767 5468 ᾧ
2792 5400 2896 5471 γάρ
2918 5418 3002 5465 τις
3030 5401 3277 5467 ἀξιοῦται
3313 5400 3691 5471 καρποφορεῖν

2104 5491 2263 5562 Θεῷ,
2296 5494 2391 5546 καὶ
2433 5492 2541 5546 τῶν
2582 5492 2728 5546 ἔνδον
2777 5493 2869 5547 διὰ
2916 5492 3023 5547 τῶν
3076 5493 3235 5558 ἐκτὸς
3282 5491 3694 5547 ἀνακαλύπτειν

2111 5583 2428 5650 εὐσέϐειαν,
2456 5583 2551 5638 καὶ
2586 5583 2956 5639 συνάπτεσθαι
2983 5582 3073 5639 διὰ
3121 5586 3302 5656 μέσων
3342 5582 3452 5638 τῶν
3485 5580 3696 5653 μειλιγ-
