3912 6218
252 320 337 387 141

1000 331 1098 389 AD
1121 328 1713 389 All-IPHILOCIIIUM
1751 326 2098 400 QU.‘EST[O
2136 329 2322 400 XVII,
2364 329 2586 403 XVIII,
2629 331 2790 390 XIX.

3443 331 3543 398 142

253 438 429 504 μάτων
450 437 513 489 τὸ
531 437 765 509 πλάσμα
780 439 858 509 τῷ
876 440 1162 505 πλάσαντι,
1179 441 1272 494 τοῦ
1297 442 1394 511 μὲν
1412 442 1539 495 ἵλεω
1550 441 1838 510 δεχομένου

1967 442 2127 497 nibus
2172 449 2480 496 creaturam
2531 443 2825 514 conjungat
2865 442 3150 512 Creatori,
3199 448 3370 503 altero
3420 451 3544 519 qui-

247 529 331 580 τ>ὖ
354 529 410 581 δὲ
427 531 643 596 πιστῶς
675 533 772 584 καὶ
797 531 1094 603 προθύμως
1126 533 1405 604 φέροντος,
1428 531 1547 598 πῶς
1563 535 1663 586 οὐκ
1689 533 1755 586 ἂν
1771 535 1856 604 εἴη

249 623 570 691 θαυμαστῆς
601 626 862 693 προνοίας
890 626 984 679 καὶ
1018 626 1339 696 εὐεργεσίας
1385 627 1689 690 ἀπόλαυσις
1716 671 1729 693 ,
1760 627 1857 680 καὶ

246 715 295 766 τί
320 716 385 766 ἂν
422 714 555 768 ἄλλο
589 717 640 768 εί
668 716 744 787 μὴ
771 716 926 770 τοῦτο
958 719 1043 787 εἴη
1083 719 1221 788 πρὸς
1240 718 1561 790 εὐεργεσίαν
1595 718 1690 771 καὶ
1718 719 1854 788 πρό-

247 823 390 858 νοιαν
437 807 514 876 τῷ
552 807 759 877 λογικῷ
806 807 929 879 ζώω
984 810 1400 881 σπουδαιότερόν
1450 827 1508 862 τε
1541 811 1636 863 καὶ
1663 810 1855 880 τιμιώ-

242 917 403 968 τερον
430 902 522 963 ςτί
553 901 611 954 δὲ
637 902 991 974 χαριέστερόν
1042 921 1101 956 τε
1137 906 1231 956 καὶ
1271 904 1532 974 ήδύτερον
1561 920 1576 968 ;
1606 904 1690 972 εἴη
1723 904 1767 956 δ’
1789 903 1856 956 ἂν

243 991 338 1044 καὶ
416 992 867 1062 προσφυέστερον
941 995 1140 1064 μᾶλλον
1188 993 1287 1057 τὰς
1355 995 1557 1065 ἀρετὰς
1622 992 1854 1045 ἐνταῦθα

245 1084 343 1135 καὶ
373 1083 478 1152 τὴν
508 1083 794 1137 εὐσέϐειαν
844 1085 1066 1147 ἐννοεῖν,
1095 1078 1169 1138 ὧν
1198 1087 1258 1136 οὐ
1292 1085 1448 1138 κενὸν
1489 1083 1742 1136 οὐδέποτε
1773 1083 1856 1136 δεῖ

237 1175 595 1229 κατενώπιον
650 1177 881 1248 ὁρᾱῐσθαι
905 1177 1060 1230 Θεοῦ·
1105 1179 1133 1229 ὁ
1165 1175 1273 1246 γὰρ
1321 1176 1524 1246 ἀρετῆς
1554 1176 1648 1228 καὶ
1694 1176 1852 1228 εὐσε-

235 1269 395 1331 ϐείας
448 1269 831 1339 κεκενωμένος
865 1311 881 1336 ,
939 1271 1043 1323 κᾶν
1072 1270 1202 1340 δοκῇ
1239 1269 1522 1341 προσιέναι
1553 1267 1690 1339 Θεῷ,
1737 1267 1850 1322 οὐτ’

233 1361 302 1414 ἂν
356 1362 560 1429 ὄψεται
621 1362 755 1415 Θεὸν
802 1361 926 1414 οὐτε
985 1363 1281 1433 ὀφθήσεται
1329 1363 1422 1414 ὑπ’
1467 1360 1652 1413 αὐτοῦ·
1684 1363 1712 1413 ὁ
1742 1363 1851 1430 γὰρ

231 1454 447 1522 ἀσεϐὴς
518 1455 621 1506 οὐκ
669 1454 860 1523 ὄψεται
915 1453 1072 1520 δόξαν
1106 1455 1264 1506 Θεοῦ⁸
1312 1453 1434 1506 οὐδὲ
1478 1453 1850 1521 διηγήσεταιό

230 1545 573 1616 ἁμαρτωλὸς
623 1546 694 1598 τὰ
744 1545 1088 1616 δικαιώματα
1147 1544 1310 1598 αὐτοῦ
1335 1562 1348 1574 ⁸
1389 1544 1502 1597 ἀλλ’
1532 1544 1653 1596 οὐδὲ
1684 1540 1851 1611 γινώ-

231 1654 357 1690 σκει
409 1637 620 1708 Κύριος
672 1638 794 1692 οὐδ’
833 1638 1120 1708 εὐμενείας
1166 1637 1373 1706 ὄμματι
1402 1637 1496 1690 καὶ
1525 1636 1850 1699 οἰκειώσεως

232 1726 454 1798 καθορᾷ
499 1728 630 1790 τοὺς
686 1727 786 1797 τῆς
817 1727 1046 1797 ἀνομίας
1074 1727 1334 1798 ἐργάτας.
1375 1726 1700 1794 Ἀναγκαῖον
1749 1725 1842 1779 οὖν

1958 532 2079 586 dem
2129 532 2289 586 hilari
2317 533 2471 586 vultu
2509 535 2833 603 accipiente,
2886 537 3056 591 altero
3084 546 3263 594 autem
3306 539 3543 596 ﬁdeliter

1958 633 2011 676 et
2037 623 2296 677 ardenter
2328 624 2608 691 alrerente,
2655 628 2932 695 quomodo
2969 644 3077 682 non
3123 645 3187 684 eo
3217 641 3362 687 esset
3390 633 3541 687 mira:

1958 713 2314 783 providentiae.
2368 725 2424 769 et
2474 715 2830 785 benignitatis
2858 717 3085 772 fruitio?
3135 719 3199 774 Et
3226 723 3358 791 quid
3387 722 3538 777 aliud

1959 805 2206 860 beneticii
2253 817 2344 861 aut
2371 808 2747 877 providentia’,
2787 809 3100 863 rationabili
3133 822 3401 868 creaturae
3441 815 3538 869 de-

1958 899 2312 954 siderabilius
2343 911 2397 954 et
2422 901 2722 969 pretiosius
2752 903 2936 956 esset?
2959 903 3101 968 Quid
3138 913 3318 958 autem
3359 922 3536 960 amre-

1955 993 2081 1046 nius
2132 1004 2186 1046 et
2233 993 2486 1048 dulcius?
2525 994 2718 1062 Aptius
2767 1004 2947 1048 autem
2990 1005 3137 1050 esset
3183 997 3256 1050 ibi
3308 998 3536 1054 virtutes

1954 1095 2009 1139 et
2059 1085 2310 1155 pietatem
2369 1087 2690 1156 intelligere,
2737 1088 2938 1154 quibus
2979 1103 3261 1156 nunquam
3299 1104 3535 1144 vacuum

1955 1185 2170 1245 oportet
2217 1191 2401 1230 coram
2459 1174 2568 1230 Dec
2598 1191 2899 1245 apparere;
2943 1176 3036 1245 qui
3069 1178 3210 1230 enim
3247 1178 3451 1232 virtute
3482 1187 3537 1234 et

1952 1263 2153 1331 pietate
2191 1271 2357 1325 caret,
2393 1265 2642 1332 quamvis
2668 1264 2914 1318 videatur
2943 1267 3009 1320 ad
3055 1265 3220 1320 Deum
3249 1269 3532 1331 accedere,

1952 1371 2131 1425 neque
2160 1355 2278 1424 ipse
2307 1357 2512 1411 videbit
2544 1357 2737 1423 Deum,
2793 1373 2969 1426 neque
3003 1375 3033 1413 a
3065 1360 3174 1414 Deo
3223 1361 3531 1428 videbitur;

1954 1447 2157 1516 impius
2185 1450 2331 1502 enim
2367 1465 2475 1503 non
2507 1451 2713 1505 videbit.
2735 1452 2966 1522 gloriam
2992 1452 3084 1506 Dei
3115 1471 3128 1519 ;
3161 1469 3336 1523 neque
3367 1470 3532 1508 enar-

1950 1540 2099 1594 rabit
2131 1550 2387 1610 peccator
2433 1542 2678 1611 justitias
2716 1548 2854 1612 ejus.
2895 1544 3082 1614 Neque
3129 1555 3318 1600 noscet
3349 1547 3534 1601 Domi-

1949 1648 2054 1688 nus
2081 1649 2259 1703 neque
2289 1633 2682 1689 benevolentiae
2727 1645 2784 1690 et
2826 1637 3085 1690 amicitia:
3131 1638 3310 1692 oculis
3348 1638 3531 1694 intue-

1950 1721 2099 1776 bitur
2132 1738 2226 1777 eos
2260 1724 2354 1792 qui
2401 1721 2605 1790 injuste
2643 1733 2832 1795 agunt.
2865 1725 3101 1782 Necesse
3128 1736 3211 1783 est
3239 1728 3404 1796 igitur
3435 1743 3533 1785 eos

229 1819 304 1880 ὡς
336 1794 499 1886 δῶρα
559 1820 662 1882 τὰς
718 1794 930 1888 ἀρετὰς
973 1818 1069 1872 καὶ
1106 1794 1218 1888 ’τὴν
1270 1817 1555 1870 εὐσέϐειαν
1581 1820 1638 1870 ἐν
1689 1817 1835 1887 ψυχῇ

1950 1815 2036 1884 qui
2072 1830 2171 1881 pro
2207 1816 2368 1872 donis
2397 1818 2628 1872 virtutes
2655 1794 2711 1873 et
2759 1819 3014 1888 pietatem
3046 1824 3101 1874 in
3134 1794 3321 1876 animo
3351 1821 3533 1877 ferunt

232 1911 535 1982 φέροντας,
566 1910 710 1963 οὕτω
767 1910 1050 1978 προσιέναι
1101 1909 1220 1978 Θεῷ
1263 1910 1360 1962 καὶ
1409 1909 1472 1962 τὸ
1509 1911 1838 1979 πρόσταγμα

232 2005 491 2075 πληροῦν
529 2003 592 2056 τὸ
622 2002 944 2055 δεσποτικὸν
991 2001 1051 2054 τὸ
1078 2001 1588 2072 παρακελευόμενον
1616 2043 1631 2065 ,
1669 2019 1688 2053 ι
1725 2001 1839 2055 Οὐκ

232 2100 452 2168 ὀφθήσῃ
483 2097 642 2160 κενὸς
696 2097 937 2150 ἐναντίον
970 2113 1095 2165 μου.
1124 2115 1142 2146 ι
1174 2094 1382 2164 Πρέποι
1427 2094 1482 2147 δ’
1504 2093 1570 2147 ἂν
1596 2096 1696 2147 κὰν
1725 2098 1841 2158 τοῖς

235 2192 364 2259 περὶ
395 2188 540 2242 Θεοῦ
601 2188 696 2240 καὶ
734 2188 893 2241 θείων
931 2187 1153 2258 ζήτημα
1208 2191 1283 2257 μὴ
1342 2185 1501 2240 κενὸν
1551 2186 1840 2249 εὐλαϐείας

239 2283 374 2353 μηδὲ
405 2281 793 2351 πνευματικῆς
837 2279 1173 2350 ἀνακρίσεως
1202 2274 1365 2331 εἶναι·
1395 2279 1425 2331 ὁ
1448 2279 1557 2348 γὰρ
1607 2278 1838 2348 ψυχικὸς

237 2374 328 2425 ἄνθ
339 2387 526 2440 ρωπος
549 2372 612 2423 οὐ
635 2371 852 2439 δέχεται
877 2370 946 2422 τὰ
964 2368 1058 2422 τοῦ
1082 2368 1409 2439 πνεύματος,
1428 2368 1548 2421 οὐδὲ
1575 2370 1602 2421 ὀ
1629 2369 1839 2439 ἰταμῶς

237 2466 587 2538 ἐπιρρίπτων
636 2465 830 2517 ἑαυτὸν
861 2467 970 2526 τοῖς
1017 2462 1347 2532 θεοπρεπέσι
1402 2462 1711 2532 ζητήμασιν
1744 2461 1838 2514 οὐ·

241 2574 435 2624 μενουν
458 2557 564 2608 οὐκ
595 2556 660 2608 ἂν
681 2555 969 2626 ἀνιχνεύσῃ
991 2555 1087 2625 τὴν
1103 2555 1384 2626 ἀλήθειαν,
1414 2573 1434 2606 ι
1463 2557 1684 2624 Ζητεῖτε
1708 2556 1838 2625 γὰρ,

241 2649 394 2716 φησι,
425 2647 527 2700 καὶ
554 2647 614 2700 οὐ
643 2647 974 2717 λαμϐάνετε,
1008 2647 1143 2701 διότι
1165 2647 1350 2711 κακῶς
1376 2647 1612 2718 ζητεῖτε.
1654 2648 1712 2702 Ὁ
1741 2649 1842 2717 μέν

238 2759 316 2794 τοι
340 2741 720 2812 πνευματικὸς
747 2742 842 2794 σὺν
863 2740 1117 2813 εὐλαϐείᾳ
1138 2741 1448 2795 διασκοπῶν
1463 2759 1522 2794 τε
1549 2741 1642 2795 καὶ
1657 2742 1842 2812 ἐπιζη-

239 2834 345 2884 τῶν
365 2832 437 2885 τα
461 2832 556 2885 τοῦ
590 2833 923 2901 πνεύματος,
943 2826 1094 2896 οὗτος
1113 2833 1190 2895 είς
1214 2831 1432 2901 εὕρεσιν
1453 2832 1554 2902 τῆς
1574 2831 1837 2904 ἀληθείας

241 2926 494 2991 ἀξίξεται
553 2924 652 2977 καὶ
693 2925 792 2994 τῆς
816 2925 1051 2995 σπουδῆς
1084 2927 1142 2978 οὐ
1177 2924 1656 2995 διαψευσθήσεται·
1679 2924 1845 2994 ἀψευ-

241 3017 330 3084 δξς
370 3017 482 3085 γάρ
513 3018 664 3069 ἐστιν
693 3018 722 3069 ὁ
761 3017 1151 3086 ὑποσχόμενος
1195 3037 1214 3070 ι
1245 3019 1456 3071 Αἰτεῖτε
1483 3057 1499 3082 ,
1532 3019 1628 3072 καὶ
1680 3018 1842 3088 δοθή-

248 3125 390 3161 σεται
433 3109 590 3178 ὑμῖνο
617 3109 870 3180 κρούετε,
905 3111 1000 3164 καὶ
1027 3111 1382 3182 ἀνοιγήσεται
1412 3111 1560 3182 ὑμῖν.
1600 3129 1619 3157 ι

767 3225 1102 3278 ΕΡΩΤΗΣΙΣ
1155 3226 1256 3279 1Θ’.

248 3343 371 3409 Πῶς
401 3346 516 3395 οὐκ
546 3345 720 3396 ἔστιν
751 3344 1028 3396 ἐναντίον
1055 3342 1120 3395 τὸ
1153 3341 1356 3410 λέγον,
1396 3364 1413 3396 ι
1454 3342 1613 3398 Ἰδοὺ
1643 3341 1842 3395 πάντα

312 3417 470 3466 καλὰ
504 3416 670 3473 λίαν,
700 3433 717 3464 ›
753 3414 848 3466 καὶ
873 3414 938 3465 τὸ
969 3415 1118 3480 μετὰ
1149 3414 1337 3467 ταῦτα
1362 3413 1708 3476 ἐπιδιελεῗν,
1738 3412 1838 3464 καὶ

309 3486 381 3538 τὰ
393 3485 516 3553 μὲν
533 3483 652 3537 τῶν
669 3483 825 3544 ζώων
845 3482 1308 3553 κιιθαρὰλέγειν,
1322 3487 1392 3538 τὰ
1408 3485 1476 3537 δὲ
1493 3483 1799 3551 ἀκάθαρτα
1814 3499 1834 3546 ;

1937 1908 2003 1961 ad
2033 1907 2199 1962 Deum
2223 1909 2482 1964 accedere
2502 1919 2556 1965 et
2585 1919 2922 1982 praeceptum
2951 1911 3298 1968 Dominicum
3347 1913 3532 1968 adim-

1937 2001 2106 2070 plere,
2129 2003 2210 2056 sic
2235 2002 2532 2056 adhortans
2557 2019 2571 2056 ε
2606 2023 2624 2054 ι
2649 2002 2767 2059 Non
2793 2005 3080 2076 apparebis
3109 2020 3294 2061 coram
3319 2021 3406 2061 me
3435 2003 3535 2061 va-é

1939 2109 2098 2149 cuus.
2149 2114 2168 2146 9
2208 2094 2436 2150 Deceret
2484 2106 2665 2150 autem
2723 2106 2777 2152 et
2831 2099 3161 2166 quaestiones
3210 2099 3276 2153 de
3316 2098 3427 2153 Deo
3479 2109 3534 2154 ct

1939 2186 2140 2242 divinis
2185 2203 2294 2242 non
2338 2189 2625 2257 prudentia
2662 2199 2718 2243 et
2749 2190 3021 2258 spirituali
3061 2190 3270 2261 judicio
3321 2206 3530 2246 carere.

1937 2279 2207 2336 Animalis
2236 2281 2381 2334 enim
2420 2281 2585 2336 homo
2617 2298 2724 2335 non
2759 2283 2997 2352 percipit
3018 2298 3081 2337 ea
3114 2300 3235 2354 qua:
3262 2291 3392 2338 sunt
3419 2283 3534 2353 spi—

1938 2371 2100 2436 ritus,
2128 2388 2305 2442 neque
2329 2374 2420 2443 qui
2447 2389 2506 2428 se
2530 2383 2733 2430 temere
2755 2375 2806 2428 in
2831 2375 3042 2430 divinas
3064 2377 3237 2446 injicit
3265 2377 3531 2445 qu:estio-

1937 2481 2034 2520 nes
2071 2466 2419 2534 invest’igab‘it
2451 2469 2758 2523 veritatem.
2817 2469 3071 2536 Quaeritis
3119 2469 3287 2534 enim,
3327 2469 3529 2538 inquit,

1940 2568 1994 2612 et
2038 2573 2148 2612 non
2195 2559 2494 2628 percipitis,
2553 2560 2683 2629 quia
2730 2561 2872 2616 male
2904 2561 3168 2630 quaeritis.
3216 2561 3533 2629 Spirituaiis

1941 2653 2160 2722 quidem
2202 2653 2497 2723 prudenter
2528 2654 2850 2708 examinans
2887 2662 2942 2708 et
2980 2655 3269 2723 inquirens
3295 2670 3358 2708 ea
3404 2671 3529 2726 qua:

1943 2756 2071 2801 sunt
2094 2747 2340 2815 spiritus,
2361 2747 2449 2801 ille
2471 2746 2539 2801 ad
2555 2747 2800 2802 veritatis
2832 2748 3204 2802 inventionem
3231 2750 3530 2817 perveniet.

1942 2855 2044 2893 nec
2072 2856 2207 2896 suus
2227 2856 2351 2894 eum
2375 2840 2536 2894 ardor
2558 2840 2915 2896 frustrabitur
2944 2858 2958 2895 :
2991 2857 3103 2896 non
3133 2841 3278 2895 enim
3299 2843 3535 2898 mendax

1943 2943 2029 2988 est
2054 2935 2141 2986 ille
2168 2935 2259 3004 qui
2284 2935 2560 3005 pollicitus
2591 2944 2676 2991 est
2709 2953 2722 2989 :
2753 2954 2771 2986 (
2797 2935 2992 3003 Petite,
3019 2944 3074 2991 et
3101 2936 3320 2992 dabitur
3345 2937 3546 3005 vobis;

1946 3027 2184 3097 pulsate,
2219 3035 2273 3082 et
2312 3028 2591 3098 aperietur
2622 3029 2778 3083 vobis
2809 3030 2876 3082 δι.
2918 3049 2936 3082 ι

2299 3223 2630 3292 ΩΗᾸΞΞΤΙΟ
2669 3224 2790 3278 XIX
2834 3224 2932 3297 [αι.
2971 3225 3184 3299 xvm].

1955 3338 2232 3404 Quomodo
2278 3356 2380 3392 non
2423 3339 2558 3393 inter
2588 3356 2644 3392 se
2695 3341 3049 3395 adversantur
3078 3357 3096 3394 :
3137 3360 3154 3392 ι
3195 3340 3330 3396 Ecce
3356 3344 3542 3402 omnia,

2018 3410 2244 3481 pulchra
2272 3411 2450 3473 nimis,
2489 3430 2506 3461 ›
2538 3420 2586 3463 ει
2609 3427 2725 3480 qua:
2747 3413 2985 3481 sequitur
3009 3411 3220 3472 divisio,
3247 3429 3366 3466 cum
3397 3415 3536 3466 diri-

2019 3491 2106 3533 tur
2137 3480 2248 3534 alia
2287 3481 2496 3547 quidem
2534 3496 2600 3534 ea:
2650 3480 2970 3536 animalibus
3004 3498 3114 3536 esse
3161 3485 3383 3550 munda,
3419 3485 3541 3538 alia

2008 3567 2123 3605 vero
2158 3551 2469 3606 immunda?

768 3667 911 3716 Edita
934 3682 960 3715 a
983 3663 1128 3725 Maio,
1152 3668 1185 3715 ι.
1231 3679 1294 3722 c.,
1320 3679 1368 3728 p.
1404 3665 1568 3714 18—20.
1593 3667 1668 3714 An
1691 3664 1760 3714 sit
1791 3661 2117 3715 contradictio
2147 3661 2278 3712 inter
2302 3663 2427 3714 Gen.
2452 3675 2484 3722 l,
2512 3663 2566 3711 51
2606 3669 2660 3712 et
2687 3663 2814 3714 Gen.
2846 3677 2927 3724 vn,
2955 3665 2985 3710 2

314 3773 494 3827 Πολλά
527 3774 626 3842 μὲν
661 3770 750 3824 οὐν
781 3771 846 3824 ἄν
863 3788 947 3833 τις
977 3773 1120 3824 εἴποι
1155 3772 1282 3840 περὶ
1303 3771 1509 3838 ταύτης
1537 3770 1636 3838 τῆς
1671 3770 1841 3840 ζητή-

243 3885 398 3930 σεως’
431 3865 658 3934 καὶγὰρ
681 3865 774 3916 καὶ
801 3864 907 3915 τῶν
938 3865 1043 3934 πρὸ
1072 3863 1229 3933 ἡμῶν
1285 3864 1384 3914 οὐκ
1417 3862 1585 3927 ὀλίγοι
1633 3861 1840 3932 ταύτην

241 3960 596 4013 ὲπελύσαντο*
627 3960 769 4011 είποι
796 3957 840 4010 δ’
863 3957 927 4011 ἄν
954 3975 1038 4020 τις
1085 3957 1146 4010 οὐ
1200 3955 1389 4025 πόρρω
1425 3958 1524 4026 τῆς
1552 3954 1839 4024 ἀκριϐείας

243 4054 574 4124 φερόμενος,
637 4052 711 4114 ὡς
747 4051 846 4104 οὐκ
877 4050 1131 4120 ἀλλήλοις
1158 4049 1218 4101 τό
1268 4066 1327 4102 τε
1356 4047 1601 4118 καθαρὸν
1634 4049 1729 4100 καὶ
1780 4046 1838 4100 τὸ

242 4148 426 4199 καλὸν·
451 4144 533 4214 τῷ
567 4144 666 4214 μὲν
698 4143 806 4213 γὰρ
842 4142 992 4211 καλῴ
1025 4144 1085 4194 τὸ
1125 4141 1315 4204 κακὸν,
1343 4140 1422 4211 τῷ
1455 4140 1499 4192 δ’
1535 4137 1831 4206 ἀκαθάρτῳ

239 4240 298 4290 τὸ
321 4237 564 4307 καθαρὸν
577 4235 922 4305 διαμάχεταιο
943 4233 1253 4304 ἀκάθαρτον
1271 4232 1326 4284 δὲ
1345 4233 1438 4284 καὶ
1454 4231 1620 4284 καλὸν
1642 4231 1741 4282 οὐκ
1764 4229 1830 4282 ἂν

243 4333 326 4399 εἴη
364 4348 430 4399 γε
480 4331 548 4401 τῇ
588 4346 650 4396 γε
686 4327 940 4398 ἀκριϐείᾳ
971 4325 1301 4396 μαχόμενον·
1336 4326 1384 4376 εί
1418 4325 1517 4394 μὲν
1543 4323 1635 4376 οὖν
1663 4321 1832 4374 εἰπὼν

245 4422 576 4493 ἔμπροσθεν,
610 4440 628 4472 ι
657 4421 840 4475 Πάντα
875 4417 1017 4472 καλὰ
1049 4417 1190 4484 λίαν,
1221 4436 1238 4466 ι
1262 4415 1488 4487 ὕστερον
1505 4415 1750 4485 ἐπήγαγε
1766 4413 1833 4466 τὰ

249 4515 343 4582 μὲν
368 4512 551 4567 αὐτῶν
574 4507 712 4563 εἶναι
733 4509 892 4569 καλὰ,
920 4511 989 4562 τά
1007 4508 1062 4561 δὲ
1077 4507 1272 4578 φαῦλα,
1296 4507 1455 4560 τοῦτο
1482 4508 1548 4561 ἂν
1566 4507 1650 4576 εἴη
1689 4522 1835 4575 παρ-

2017 3768 2189 3822 Multa
2237 3768 2460 3837 quidem
2500 3768 2567 3822 de
2628 3769 2730 3823 liae
2783 3771 3094 3839 quaestione
3129 3770 3242 3825 diei
3289 3783 3503 3840 possent

1945 3859 2159 3915 Etenim
2187 3869 2242 3912 et
2269 3871 2396 3913 ante
2423 3875 2522 3914 nos
2557 3875 2663 3913 non
2694 3863 2850 3929 pauci
2889 3878 3008 3915 eam
3047 3864 3356 3918 solverunt.
3413 3863 3524 3917 Νια»

1943 3950 2104 4021 longe
2152 3967 2183 4005 a
2232 3954 2463 4005 veritate
2511 3953 2729 4006 abesset
2773 3954 2868 4022 qui
2924 3955 3131 4008 diceret
3161 3955 3302 4009 inter
3334 3972 3393 4010 se
3426 3972 3494 4011 nc

1945 4043 2145 4112 opponi
2194 4045 2459 4097 mundum
2489 4056 2542 4098 et
2584 4047 2918 4114 pulchrum;
2962 4048 3189 4116 pulchro
3223 4048 3367 4100 enim
3416 4065 3483 4105 ttl.‘

1942 4135 2092 4200 lum,
2143 4137 2429 4191 immundo
2487 4147 2670 4190 autem
2727 4140 2992 4191 mundum
3021 4155 3084 4194 ex
3123 4139 3354 4194 adverso
3409 4151 3495 4195 est

1931 4227 2276 4281 immundum
2300 4245 2430 4284 vero
2457 4238 2511 4283 et
2539 4231 2828 4298 pulchrum
2859 4247 2966 4285 non
3001 4241 3256 4284 accurate
3287 4247 3505 4301 oppone

1931 4331 2142 4374 rentur.
2174 4320 2230 4374 Si
2253 4338 2382 4390 ergo
2410 4331 2709 4392 postquam
2743 4324 2956 4377 dixerat
2984 4341 2998 4376 :
3026 4342 3045 4374 ι
3080 4323 3276 4377 Omnia
3306 4325 3534 4393 pulchra

1932 4413 2106 4478 valde,
2138 4432 2157 4464 ι
2189 4413 2384 4469 deinde
2416 4415 2739 4485 subjecisset
2759 4417 2864 4470 alia
2898 4417 3116 4486 quidem
3139 4433 3260 4471 esse
3283 4417 3532 4486 pulchra,

1935 4504 2040 4557 alia
2099 4517 2283 4560 autem
2353 4506 2512 4571 mala,
2543 4507 2667 4560 inde
2697 4515 3017 4561 nasceretur
3041 4507 3362 4575 dillicultas;
3390 4523 3531 4577 quo-

246 4607 361 4675 έχον
375 4607 436 4658 τὸ
453 4605 678 4674 ἄπορονο
695 4601 817 4654 ἐπεὶ
842 4602 897 4653 δὲ
920 4599 1063 4653 καλά
1084 4599 1204 4652 λίαν
1231 4598 1404 4652 εἰπὼν
1433 4599 1501 4652 τὰ
1532 4597 1630 4668 μὲν
1657 4595 1838 4650 αὐτῶν

1950 4597 2090 4648 niam
2123 4612 2276 4659 vero,
2303 4606 2589 4666 postquam
2620 4598 2757 4652 dixit
2787 4599 3012 4667 pulchra
3049 4599 3232 4666 nimis,
3255 4600 3360 4654 alia
3390 4600 3534 4653 auir-

244 4697 406 4767 ἕξησε
436 4696 658 4765 καθαρὰ
678 4695 774 4760 ,τὰ
791 4694 846 4745 δὲ
871 4693 1181 4764 ἀκάθαρτα,
1204 4691 1304 4762 τὴν
1335 4691 1515 4761 μάχην
1558 4690 1836 4757 διέφυγεν

247 4787 380 4839 οὕτω
413 4787 516 4856 μὲν
557 4785 623 4838 ἂν
669 4783 978 4854 κοινότερον
1022 4783 1088 4836 ἄν
1124 4799 1210 4844 τις
1261 4781 1408 4834 εἴποι
1458 4780 1554 4834 καὶ⁸
1608 4778 1841 4848 λογικώ-

246 4895 418 4949 τερον.
449 4879 659 4930 Ἐκεῖνο
675 4876 730 4929 δὲ
753 4877 834 4928 δεῖ
851 4893 932 4938 τις
962 4873 1211 4939 συνιδεῖν,
1234 4872 1309 4937 ὡς
1331 4873 1390 4924 τὸ
1414 4872 1512 4942 μὲν
1546 4871 1689 4924 καλὰ
1719 4871 1840 4924 λίαν

247 4973 420 5026 πάντα
463 4965 606 5023 εἶναι
637 4968 730 5021 ἐπὶ
770 4968 868 5038 τῆς
908 4967 1018 5020 τῶν
1063 4963 1577 5036 δημιουργηθέντων
1625 4962 1840 5032 φύσεως

249 5064 473 5135 είρηται·
496 5063 556 5118 τὸ
575 5063 632 5117 δὲ
653 5062 894 5133 καθαρὸν
911 5062 1005 5113 καὶ
1021 5059 1327 5129 ἀκάθαρτον
1351 5056 1442 5109 ἐπὶ
1461 5057 1556 5126 τῆς
1581 5056 1730 5122 παρά
1743 5054 1852 5108 τῶν

248 5159 546 5231 ἀνθρώπων
573 5157 848 5229 χρήσεως*
895 5154 1090 5225 χρῆσις
1112 5151 1170 5204 δὲ
1221 5151 1314 5202 καὶ
1335 5149 1497 5218 φύσις
1523 5147 1849 5218 παμπόλλην

249 5255 422 5320 ἔχουσι
439 5251 538 5322 τὴν
558 5250 826 5319 διαφοράν
847 5263 864 5279 ο
882 5245 1053 5298 πολλὰ
1073 5243 1170 5314 μὲν
1190 5241 1299 5314 γὰρ
1322 5246 1389 5314 τῇ
1405 5242 1561 5310 φύσει
1581 5242 1698 5293 ἐστὶ
1725 5240 1846 5294 λίαν

251 5344 474 5414 χρηστὰ,
513 5345 626 5406 τοῖς
672 5339 978 5411 χρωμένοις
1016 5337 1074 5391 δὲ
1115 5337 1325 5404 γίνεται
1354 5335 1471 5388 λίαν
1504 5332 1734 5404 πονηρὰ,
1778 5332 1839 5385 οὐ

252 5438 392 5509 παρὰ
414 5439 527 5499 τοῖς
549 5436 650 5504 τὴν
670 5434 878 5486 ἑαυτῶν
910 5431 1092 5500 φύσιν,
1113 5429 1250 5482 ἀλλὰ
1281 5447 1353 5480 πα
1364 5428 1430 5498 ρὰ
1449 5428 1547 5496 τὴν
1577 5427 1682 5477 τῶν
1705 5441 1837 5494 χρω-

257 5530 419 5598 μένων
447 5527 787 5598 φαυλότηταο
824 5523 914 5576 καὶ
945 5523 1030 5575 ἵνα
1058 5524 1168 5585 τοῖς
1192 5520 1576 5590 προκειμένοις
1600 5518 1633 5588 ἡ
1655 5517 1836 5579 πίστις

262 5624 339 5674 ta‘:
372 5620 638 5691 ἑτέρωθεν
662 5619 887 5687 ἐπιστῇ,
914 5615 1111 5669 αὐτίκα
1142 5613 1169 5665 ὁ
1191 5613 1417 5685 οὐρανὸς
1438 5612 1497 5664 τὸ
1526 5609 1837 5680 θαυμαστὸν

317 5803 354 5832 ⁸¹
396 5801 586 5856 .‘Iattb.
624 5815 726 5865 vn,
767 5798 818 5852 7.

1946 4690 2115 4740 mavit
2139 4703 2260 4742 esse
2283 4690 2485 4743 munda
2509 4697 2562 4743 et
2591 4690 2696 4744 alia
2723 4690 3005 4745 immunda
3045 4706 3268 4745 omnem
3300 4701 3530 4746 contra-

1944 4780 2237 4833 dictionem
2288 4782 2564 4850 praicavit.
2622 4781 2779 4847 Quod
2832 4783 3053 4852 quidem
3094 4784 3445 4838 communius
3474 4795 3532 4838 et

1942 4871 2321 4926 rationabilius
2348 4862 2455 4927 dici
2490 4882 2691 4942 posset.
2726 4874 2955 4944 Oportet
2985 4885 3163 4929 autem
3196 4885 3250 4929 et
3292 4875 3397 4929 hoc
3441 4875 3532 4928 in-

1949 4963 2210 5032 telligere,
2250 4963 2382 5017 illud
2414 4964 2635 5031 quidem
2668 4966 2853 5020 omnia
2891 4965 3116 5035 pulchra
3137 4981 3258 5021 esse
3279 4966 3348 5020 de
3371 4983 3528 5020 crea-

1956 5065 2200 5109 turarum
2217 5065 2407 5112 natura
2427 5058 2631 5111 dictum
2653 5075 2666 5124 ;
2694 5059 3029 5114 imnmndum
3047 5075 3176 5113 vero
3193 5068 3246 5114 et
3263 5062 3531 5116 mundum

1949 5147 2016 5202 de
2048 5165 2148 5202 usu
2196 5149 2265 5202 ab
2297 5149 2613 5206 hominibus
2649 5149 2916 5207 faciendo.
2967 5150 3108 5207 Usus
3143 5153 3290 5206 enim
3338 5161 3390 5208 et
3430 5171 3531 5208 na-

1945 5251 2064 5296 tura
2114 5245 2344 5295 multutn
2401 5244 2543 5297 inter
2565 5260 2623 5298 se
2652 5244 2930 5299 tliﬂerunt.
2988 5246 3153 5300 Multa
3208 5263 3404 5316 nempe
3435 5262 3530 5300 na-

1940 5341 2063 5388 tura
2101 5334 2255 5389 valde
2294 5335 2434 5389 bona
2468 5346 2617 5398 sunt,
2649 5339 2930 5392 utentibus
2962 5349 3142 5392 autem
3191 5339 3330 5392 ﬁunt
3373 5339 3527 5390 valde

1945 5426 2108 5490 mala,
2140 5442 2246 5479 non
2280 5438 2498 5496 propter
2545 5429 2788 5498 ipsorum
2841 5440 3116 5493 naturam,
3163 5429 3256 5485 sed
3303 5438 3525 5498 propter

1946 5519 2215 5572 utentium
2277 5520 2561 5574 malitiam.
2614 5519 2681 5574 Et
2729 5531 2787 5574 ut
2842 5522 3273 5591 praecedentibus
3303 5520 3435 5573 lides
3469 5528 3525 5575 et

1947 5611 2164 5665 aliunde
2191 5611 2532 5680 adhibeatur,
2567 5614 2768 5668 coelum
2813 5616 2995 5668 statim
3029 5613 3181 5666 adest
3211 5609 3526 5669 mirandum
