3864 6218
408 289 500 354 ΜΤ
1394 282 1396 284 ’
1547 293 1812 354 ΡΗΟΤΙΙ
1843 294 1934 353 PA

2150 293 2346 353 {CHIE
2383 293 2492 353 CP.
3559 292 3676 354 143

402 403 677 464 conversi,
725 403 913 458 vident
967 404 1402 459 misericordiam
1447 406 1710 462 benevole
1751 423 1847 463 eos
1886 422 1928 461 ι’(

2148 407 2545 470 ταναστάντες,
2587 406 2828 476 εὐμενῶς
2879 400 3066 469 αὐτοῖς
3111 406 3311 476 ὁρῶσιν
3383 408 3484 476 τὴν
3531 427 3671 466 συν-

403 496 744 566 spicientem.
770 495 875 561 Qui
905 511 1034 550 vero
1060 497 1128 550 ab
1159 498 1316 551 initio
1344 513 1402 552 se
1432 499 1569 552 male
1587 515 1748 569 agere
1772 501 1922 554 sciun

2143 499 2300 568 ώμην
2331 499 2744 552 ἐπιϐλέπουσαν·
2779 499 2828 551 οἱ
2853 497 2909 550 δὲ
2942 497 3142 567 φαῦλον
3187 499 3286 567 μὲν
3319 499 3526 563 εἰδότες
3563 497 3669 553 ἀπ’

398 601 452 641 et
476 591 541 642 ad
578 588 779 642 malum
829 604 989 643 suum
1039 589 1278 643 animum
1326 591 1564 656 firmant,
1597 591 1874 646 conversis
1904 606 1924 644 ε

2148 592 2248 658 χῆς
2279 590 2339 643 τὸ
2365 590 2755 659 πραττόμενον,
2796 591 2929 659 πρὸς
2971 591 3146 642 έκεῖνο
3191 589 3370 642 δὲ’τδν
3397 588 3524 642 νοῦν
3560 592 3670 643 ἀπ-

400 682 776 750 poenitentiam
798 681 1020 735 multam
1047 690 1236 735 contra
1263 681 1410 750 ipsos
1438 686 1801 751 praestantiam
1825 699 1926 753 pra

2142 684 2392 747 είδοντες,
2425 683 2626 753 πολλὴν
2655 682 2775 734 κατ’
2806 682 2986 734 αὐτῶν
3021 683 3352 752 παρέχονται
3380 685 3495 746 τοῖς
3523 685 3668 752 πρὶς

401 775 547 828 bent.
573 773 678 826 Alii
706 775 852 827 enim
879 773 1036 827 bonis
1087 774 1372 828 desideriis
1399 777 1763 837 atlbasserunt,
1791 783 1844 828 et
1875 789 1927 826 nt

2140 773 2355 826 σέϐειαν
2379 773 2867 842 μεταϐαλλομένοις
2890 773 2986 841 τὴν
3017 773 3315 841 ὑπεροχήν·
3349 775 3400 824 οἱ
3433 775 3531 841 μὲν
3548 774 3666 842 γάρ

401 867 569 921 lentes
610 867 660 920 in
707 869 1038 921 contrariam
1090 866 1342 919 abierunt
1383 875 1622 935 partem;
1657 866 1746 918 alii
1789 874 1927 919 aute:

2143 863 2250 932 μῆς
2278 864 2582 933 ἀντείχοντο
2633 862 2732 932 τῆς
2764 862 2994 931 ἀγαθῆς,
3027 865 3106 924 εἰς
3133 864 3446 916 τούναντίον
3498 864 3552 916 δὲ
3584 866 3665 932 μὴ

399 961 469 1010 ab
501 959 657 1011 initio
706 959 847 1011 mala
889 959 1191 1028 elegerunt,
1224 971 1277 1012 et
1305 973 1491 1012 eorum
1526 958 1790 1012 sententia
1823 972 1925 1011 mor

2142 955 2229 1007 ὖτο
2256 956 2576 1026 προθέμενοι
2607 955 3017 1025 παρεσύρησαν·
3051 958 3162 1018 τοῖς
3188 956 3245 1008 δὲ
3285 955 3394 1007 τῶν
3422 973 3483 1007 τε
3521 957 3668 1024 φαύ-

401 1049 468 1103 iis
509 1051 734 1114 accidit;
772 1051 894 1106 aliis
937 1052 1157 1120 quidem
1208 1050 1472 1119 optimum
1508 1050 1794 1103 videbatur
1824 1063 1927 1118 quo

2141 1065 2178 1098 ιν
2202 1043 2269 1117 ἦν
2307 1050 2339 1118 ἡ
2372 1047 2490 1100 κατ’
2538 1047 2710 1118 ἀρχὰς
2741 1047 2970 1116 αἵρεσις,
3003 1048 3262 1101 καὶκατὰ
3298 1049 3502 1100 σκοπὸν
3530 1067 3667 1100 συν-

400 1141 717 1206 laudabant,
747 1142 817 1195 ita
842 1150 901 1196 ut
936 1142 1194 1210 opinione
1225 1157 1322 1194 sua
1347 1141 1713 1209 superbirent,
1741 1151 1795 1195 et
1821 1156 1926 1194 met

2138 1155 2286 1192 αινεν
2323 1141 2355 1210 ή
2401 1139 2664 1192 ἀπώλεια·
2724 1140 2958 1202 καὶτοῖς
2991 1139 3088 1208 μὲν
3126 1138 3300 1200 οὕτως
3361 1140 3540 1191 ἐδόκει
3595 1141 3661 1190 τὸ

400 1240 506 1283 tem
545 1230 681 1284 forte
711 1231 890 1300 potius
923 1231 1174 1285 subirent
1224 1246 1389 1299 quam
1434 1246 1530 1284 sua
1573 1231 1824 1299 dogmata
1873 1231 1926 1285 dt

2117 1229 2425 1299 >ξαζόμενον
2474 1230 2770 1298 βέλτιστον,
2807 1229 2882 1293 ώς
2930 1230 3256 1300 ἐπιγαυριᾷν
3313 1247 3374 1282 τε
3420 1233 3484 1300 τῇ
3527 1231 3643 1303 δὸξσε

397 1331 687 1390 negarent;
744 1321 834 1375 alii
892 1337 1020 1374 vero
1070 1322 1272 1374 malum
1324 1323 1461 1374 adeo
1520 1323 1856 1384 noscebant,
1911 1338 1923 1374 ι

2135 1321 2164 1372 tl.
2194 1321 2418 1373 θάνατον
2454 1320 2598 1373 ἔστιν
2655 1322 2742 1373 ὅτε
2776 1321 3154 1390 προαιρεῖσθαι
3190 1321 3297 1373 τῶν
3330 1322 3661 1390 δεδοξασμέ·

396 1414 614 1467 nemine
635 1414 796 1466 etiam
827 1413 1056 1479 sciente,
1105 1415 1158 1466 in
1203 1429 1260 1467 se
1295 1415 1506 1468 actione
1542 1429 1641 1466 sua
1681 1413 1922 1469 erubeSCt

2131 1429 2176 1463 ›ν
2222 1411 2323 1480 τῆς
2377 1412 2678 1481 ὲξομόσεως
2697 1428 2713 1443 ·
2741 1414 2853 1475 τοῖς
2892 1412 2948 1464 δὲ
2977 1413 3039 1464 ’τὸ
3069 1412 3237 1464 κακὸν
3281 1414 3372 1466 ἐπὶ
3397 1414 3657 1465 τοσοῦτον

395 1513 537 1569 rent,
570 1515 623 1558 et
656 1503 870 1559 diﬂicite
898 1505 1000 1559 sibi
1033 1506 1426 1574 persuaderent
1458 1521 1514 1559 se
1538 1521 1728 1560 omnes
1757 1505 1921 1576 iugeri

2126 1502 2410 1571 ’νωρίζετο,
2440 1502 2514 1565 ὡς
2547 1507 2638 1555 καῒ⁴
2670 1503 2896 1572 μηδενὸς
2922 1503 3120 1566 ἔξωθεν
3166 1504 3490 1570 συνειδότος,
3525 1505 3652 1556 καθ’

393 1594 528 1649 Cum
565 1595 729 1664 igitur
759 1595 828 1648 ab
859 1595 1014 1648 initio
1037 1595 1213 1649 bonus
1250 1604 1398 1649 esset
1441 1610 1661 1663 scopus,
1705 1595 1792 1667 (ad
1821 1607 1919 1664 opt:

2136 1593 2294 1657 υτοὺς
2328 1595 2659 1664 ὲπερυθριᾷν
2688 1596 2751 1664 τῇ
2784 1595 3002 1664 πράξει,
3040 1595 3134 1646 καὶ
3157 1595 3324 1664 εὐχῆς
3363 1595 3530 1665 ἔργον
3571 1591 3658 1647 εῖ-

390 1702 540 1738 mum
587 1686 730 1739 enim
784 1687 1098 1751 tendebant)
1152 1697 1204 1741 et
1256 1688 1484 1741 mutatio
1531 1702 1629 1756 per
1681 1688 1916 1742 scientiat

2129 1702 2154 1736 ,ι
2188 1684 2427 1753 νομίζειν
2459 1685 2641 1738 λαθεῖν
2674 1685 2938 1748 ἅπαντας.
2978 1686 3067 1750 Ἐξ
3099 1680 3174 1739 ὧν
3218 1683 3309 1739 οὗν
3349 1687 3443 1738 ἀπ’
3470 1687 3655 1756 ἀρχῆς

387 1778 564 1832 solido
614 1777 957 1832 munimento
1011 1779 1352 1845 imponetur,
1409 1794 1534 1832 vera
1577 1779 1913 1849 dijudicatior

2124 1745 2268 1838 ἀθὸς
2308 1745 2375 1844 ἦν
2405 1777 2433 1827 ὁ
2477 1776 2697 1838 σκοπὸς,
2724 1776 2864 1846 πρὸς
2893 1745 3002 1848 γὰρ
3039 1745 3100 1830 τὺ
3134 1777 3351 1846 ἄριστον

387 1886 508 1924 eam
545 1870 883 1931 stabiliente,
927 1871 1232 1936 immotam,
1284 1878 1342 1924 ul
1387 1870 1704 1937 plurimum,
1741 1887 1854 1925 sua:
1893 1889 1913 1924 a

2129 1867 2157 1918 ,ἱ
2186 1867 2217 1934 ἡ
2245 1864 2513 1934 μεταϐολὴ
2542 1864 2806 1933 προϊοῦσα
2828 1864 2894 1917 δι’
2915 1866 3265 1938 ἐπιγνώσεως
3297 1868 3387 1919 ἐπὶ
3411 1869 3655 1938 στερρᾶς

389 1963 645 2029 pietatem
675 1961 1051 2015 conversionis
1074 1960 1182 2015 vim
1225 1969 1464 2015 servant.
1513 1961 1647 2014 Aliis
1681 1977 1812 2015 vero
1845 1977 1915 2014 m:

2129 1957 2322 2027 ιηπῖδος
2347 1956 2621 2018 ἐϐάλλετο,
2669 1959 2768 2027 τῆς
2821 1937 3055 2028 ἀληθοῦς
3085 1959 3253 2026 αὐτὴν
3285 1937 3655 2027 πηγνυμένης

390 2056 500 2106 lum
547 2063 663 2106 erat
697 2054 767 2108 ab
808 2054 930 2122 ipso
978 2051 1206 2106 exordio
1255 2051 1604 2105 desiderium.
1657 2050 1773 2106 Non
1812 2055 1916 2107 enit

2127 2048 2408 2118 ικρίσεως,
2447 2047 2741 2100 ἀσάλευτον
2773 2043 2917 2102 οὗτοι
2978 2049 3119 2102 κατὰ
3171 2049 3232 2100 τὺ
3269 2048 3522 2101 πλεῖστον
3545 2066 3653 2118 τη-

385 2160 480 2199 eos
507 2143 748 2212 fugiebat
770 2160 829 2199 se
853 2145 920 2198 ad
944 2143 1253 2197 inordinata
1276 2143 1554 2207 accedere,
1577 2151 1630 2196 et
1651 2143 1812 2196 etiam
1837 2160 1911 2212 pel

2118 2139 2214 2191 ιῦσι
2241 2139 2338 2208 τῆς
2371 2139 2461 2191 ἐπὶ
2485 2137 2583 2209 τὴν
2609 2139 2891 2192 εὐσέϐειαν
2923 2139 3228 2210 μεταϐολῆς
3251 2141 3312 2193 τὸ
3356 2141 3644 2210 κραταίω-

386 2246 506 2287 acta
546 2233 834 2288 conversio
876 2248 986 2288 non
1025 2232 1467 2286 immutabilitate
1497 2233 1782 2287 solidatur.
1813 2234 1912 2287 Nili

2121 2247 2157 2280 ι·
2191 2232 2301 2291 τοῖς
2325 2230 2384 2282 δὲ
2412 2230 2588 2300 φαύλη
2620 2247 2677 2281 τε
2708 2225 2776 2300 ἦν
2801 2230 2859 2293 ἐξ
2893 2230 3062 2299 αὐτῆς
3121 2231 3390 2297 κινήσεως
3414 2233 3445 2300 ὴ
3472 2232 3647 2300 ὁρμή·

385 2327 531 2378 enim
575 2326 649 2378 illi
680 2326 746 2380 iis
777 2340 900 2394 quae
931 2333 1090 2378 antea
1121 2325 1368 2380 sciebant
1389 2325 1726 2393 adjecerunt,
1758 2327 1911 2393 quibt

2147 2321 2251 2392 γὰρ
2268 2321 2492 2390 ἠγνόουν
2513 2320 2711 2375 ἄτοπον
2733 2322 3047 2391 ἁπτόμενοι,
3068 2321 3276 2390 καὶτῆς
3298 2322 3651 2388 μεταθέσεως

387 2419 598 2471 lirmins
661 2417 1068 2481 stabilirentur,
1126 2417 1218 2472 sed
1286 2417 1508 2486 propria
1577 2417 1823 2471 libertate
1889 2435 1913 2472 a

2130 2431 2256 2483 γενη
2267 2412 2434 2483 μένης
2468 2412 2586 2482 μὲν,
2606 2414 2706 2465 οὐκ
2738 2413 2966 2482 ἐχούσης
2989 2413 3045 2465 δὲ
3077 2413 3154 2483 τῷ
3176 2412 3501 2481 ἁμεταθέτῳ
3519 2429 3651 2481 στη-

387 2518 679 2577 ntrumque
715 2517 1104 2577 prorumpente
1149 2508 1446 2574 voluntate,
1491 2525 1590 2564 nec
1632 2519 1779 2564 certe
1819 2512 1913 2564 scit

2123 2504 2326 2568 ζεσθαι·
2352 2505 2502 2556 οὐδὲν
2532 2504 2641 2576 γὰρ
2661 2498 2805 2558 οὗτοι
2838 2505 2944 2557 τῶν
2965 2505 3441 2574 προεγνωσμένων
3481 2504 3649 2556 πλέον

385 2615 551 2669 quam
582 2600 646 2651 ad
676 2607 882 2666 partem
915 2597 1241 2652 inclinatura
1268 2598 1340 2652 sit
1374 2599 1604 2662 sinente,
1653 2616 1762 2654 non
1800 2599 1903 2655 faci

2123 2609 2573 2680 ῖοσειλήφεσαν,ὲν
2584 2604 2662 2672 οἷς
2677 2609 2742 2663 ἂν
2757 2610 3067 2678 ἑδρασθεῖεν
3084 2610 3243 2663 σταθε
3252 2611 3393 2680 ρώτε
3401 2629 3514 2685 ρον,
3529 2611 3649 2663 ἀλλ’

387 2691 466 2743 eis
503 2689 814 2743 omnimoda
864 2689 1150 2742 adhibetur
1179 2689 1312 2742 ﬁdes
1359 2690 1401 2742 si
1438 2691 1620 2744 dicant
1652 2707 1712 2746 se
1747 2708 1854 2746 non
1889 2709 1913 2746 a

2121 2699 2476 2768 τισκιρτώσης
2504 2699 2583 2768 τῷ
2608 2699 2983 2770 αὐτοδεσπότῳ
3005 2701 3102 2769 τῆς
3151 2698 3378 2768 γνώμης
3404 2700 3489 2768 ἐφ’
3511 2702 3647 2754 ἑκά-

386 2780 626 2850 priorem
680 2780 944 2834 vilitatem
998 2781 1269 2834 redituros
1321 2797 1458 2834 esse.
1493 2783 1661 2847 Adde,
1709 2787 1754 2838 si
1804 2787 1912 2838 veli

2124 2809 2192 2862 ρα
2215 2790 2407 2862 ἄδηλόν
2433 2809 2491 2843 τε
2517 2791 2614 2861 τὴν
2640 2791 2820 2860 κρίσιν
2838 2793 3218 2861 παρεχομένης
3243 2794 3327 2860 ἐφ’
3348 2792 3377 2844 ὃ
3400 2792 3647 2862 ῥέψειεν,

383 2878 439 2922 et
471 2869 612 2921 hanc
643 2870 908 2922 rationem
945 2887 958 2920 :
991 2869 1134 2937 apud
1167 2870 1302 2923 alios
1328 2880 1381 2923 et
1417 2872 1565 2940 prior
1603 2881 1656 2925 et
1686 2879 1909 2942 posterit

2120 2882 2285 2942 κότως
2312 2879 2412 2930 οὐκ
2436 2878 2583 2931 ἔστιν
2610 2880 2792 2942 αὐτοῖς
2823 2881 3005 2932 πίστιν
3039 2883 3166 2950 ῥᾷον
3206 2883 3530 2950 παρασχεῖν,
3565 2881 3646 2942 ὡς

384 2959 570 3028 Opinio
596 2960 784 3012 eodem
820 2960 1003 3024 modo,
1040 2973 1110 3013 ne
1141 2959 1319 3014 dicam
1351 2963 1706 3029 posteriorem
1759 2964 1910 3020 fortit

2141 2971 2336 3042 μηκέτι
2359 2971 2548 3041 εἴησαν
2570 2972 2647 3033 είς
2666 2972 2766 3040 τὴν
2788 2972 3061 3040 προτέραν
3084 2971 3401 3033 ἐπανιόντες
3435 2971 3646 3040 φαυλό-

384 3065 567 3119 agere,
610 3050 780 3104 libere
815 3051 1203 3118 ostenduntur;
1246 3055 1338 3106 sed
1376 3053 1540 3122 igitur
1577 3058 1816 3110 secunda
1851 3075 1910 3111 ne

2118 3080 2214 3132 ιτα.
2245 3062 2484 3132 Πρόσθες
2512 3064 2560 3114 εἰ
2581 3061 2760 3131 βούλει
2789 3063 2883 3116 καὶ
2899 3063 3033 3116 διότι
3056 3066 3169 3125 τοῖς
3205 3063 3302 3132 μὲν
3331 3063 3427 3116 καὶ
3451 3066 3484 3132 ἡ
3505 3080 3644 3134 προ-

383 3144 526 3198 cedit
556 3143 742 3211 priori,
775 3153 832 3197 ut
875 3144 1213 3198 multitudini
1259 3157 1382 3198 nota
1413 3147 1524 3210 fiat,
1555 3147 1622 3200 de
1664 3149 1787 3202 aliis
1830 3165 1909 3205 vet

2117 3169 2194 3222 ,ρα
2213 3151 2339 3217 δόξα
2361 3152 2454 3204 καὶ
2475 3153 2506 3221 ἡ
2538 3152 2972 3223 μεταγενεστέρα
2999 3151 3140 3204 κατὰ
3165 3152 3255 3204 τὸν
3278 3153 3391 3204 ἴσον
3415 3152 3643 3221 τρόπον,

387 3249 543 3288 suum
578 3245 858 3302 peccatum
894 3236 1227 3304 triumphum
1264 3238 1392 3304 agit.
1435 3238 1633 3293 Amant
1681 3241 1824 3294 enim
1863 3243 1913 3298 lu

2122 3261 2147 3298 κ
2179 3245 2254 3315 μὴ
2286 3244 2430 3312 λέγω
2456 3245 2550 3296 καὶ
2597 3244 2854 3307 πολλάκις
2904 3245 3231 3315 προέχουσα,
3268 3243 3648 3314 παρρησιάζεο

389 3328 567 3382 mines
606 3338 659 3380 et
689 3328 861 3381 aliena
908 3329 1176 3396 experiri;
1221 3345 1342 3396 quae
1389 3346 1517 3384 vero
1566 3331 1615 3384 in
1652 3333 1867 3388 silentio
1906 3354 1915 3387 t

2121 3354 2167 3389 ,ιο
2200 3335 2314 3390 ἀλλ’
2351 3335 2444 3388 οὖν
2483 3337 2583 3389 οὐκ
2637 3335 2782 3388 ἔστιν
2837 3338 2870 3405 ή
2925 3336 3156 3406 δευτέρα
3209 3339 3309 3405 τῆς
3365 3335 3647 3405 προτέρας

387 3417 677 3472 solitudine
702 3419 879 3488 agitur
911 3420 1226 3488 pmnitentia
1274 3436 1383 3473 non
1430 3423 1588 3476 modo
1634 3439 1731 3477 sua
1762 3425 1913 3480 obsm

2116 3430 2196 3491 οὺς
2221 3428 2318 3499 τὴν
2347 3428 2456 3480 τῶν
2501 3427 2711 3480 πολλῶν
2750 3429 3045 3496 ἐπίγνωσιν
3086 3429 3504 3499 δευτερεύουσαο
3527 3429 3642 3487 τοῖς

389 3510 547 3562 litate
595 3512 855 3578 populum
908 3511 1063 3582 fugit,
1112 3514 1202 3566 sed
1253 3514 1510 3568 invidiam
1566 3516 1725 3571 habet
1772 3535 1915 3574 amat

2133 3520 2190 3572 τὸ
2215 3519 2311 3588 μὲν
2335 3518 2638 3588 ἁμάρτημα
2666 3517 3079 3586 θριαμϐεύεται·
3114 3517 3266 3585 φίλον
3295 3517 3409 3586 γὰρ
3436 3516 3647 3587 ἀνθρώ-

385 3601 751 3668 inquirentem
780 3641 794 3661 ,
855 3619 960 3657 non
1015 3613 1195 3658 autem
1239 3609 1515 3661 evidenter
1564 3618 1618 3662 et
1669 3611 1911 3666 manifest

2119 3627 2182 3671 ης
2218 3606 2632 3671 διακωδωνίζειν
2677 3607 2746 3659 τὰ
2795 3606 3074 3676 ἀλλότρια·
3110 3608 3143 3674 ἡ
3190 3608 3249 3659 δὲ
3300 3608 3645 3677 μεταμέλεια

387 3691 821 3759 purificationem
873 3696 1232 3751 invenientem
1267 3714 1280 3750 :
1324 3709 1535 3766 Oportet
1569 3710 1748 3756 autem
1777 3719 1913 3775 nequ

2143 3702 2343 3772 ἡσυχίᾳ
2361 3717 2420 3752 τε
2452 3702 2546 3753 καὶ
2565 3701 2878 3770 καταμόνας
2908 3701 3264 3770 πραττομένη
3293 3701 3395 3770 οὐχ
3420 3703 3502 3753 ὅτι
3537 3704 3645 3771 μό-

386 3783 734 3850 parvulorum
776 3803 1104 3856 quemquam
1137 3791 1529 3846 scandalizare.

2122 3813 2148 3844 ν
2180 3793 2256 3862 τῷ
2291 3791 2604 3844 λανθάνοντι
2640 3791 2898 3858 ἐκφεύγει
2946 3791 3074 3853 τοὺς
3123 3789 3375 3853 πολλοὺς,
3407 3792 3524 3844 ἀλλ’
3555 3795 3643 3846 ὅτι

463 3875 580 3931 Non
611 3888 784 3932 tamen
805 3880 1058 3934 omnibus
1081 3881 1300 3934 exhibet
1318 3884 1729 3939 conversionem
1763 3902 1956 3955 quem-

2115 3887 2153 3938 t‘t
2190 3886 2280 3937 τὸν
2305 3883 2496 3953 φθόνον
2538 3885 2648 3950 ἔχει
2684 3883 2878 3950 πικρὸν
2923 3881 3239 3954 ἐξεταστὴν,
3283 3884 3382 3953 οὐχ
3428 3885 3511 3937 ὅτι
3538 3903 3641 3937 πε-

382 3971 675 4025 admodum
725 3980 1070 4039 peccatorum
1110 3973 1238 4027 olim
1279 3976 1644 4045 cognitionem
1687 3979 1906 4036 exhibui

2123 3975 2266 4045 φανῆ
2295 3975 2389 4026 καὶ
2423 3972 2722 4042 κατάδηλον
2754 3973 2855 4040 τῆς
2886 3972 3213 4045 καθάρσεως
3245 3991 3257 4004 ·
3296 3975 3376 4026 δεῖ
3398 3975 3458 4027 δὲ
3507 3976 3648 4044 μηδὲ

379 4061 488 4114 τῶν
513 4062 722 4133 μικρῶν
746 4062 948 4133 μηδένα
979 4064 1348 4129 σκανδαλίζειν
1381 4083 1394 4096 ·
1427 4067 1688 4138 ούμενουν
1721 4073 1780 4123 ού
1811 4075 2110 4144 παρέχεται
2162 4065 2548 4137 παραπλησίαν
2608 4066 2776 4118 πᾶσιν
2827 4064 3018 4135 ὥσπερ
3071 4067 3136 4136 δὴ
3173 4066 3268 4119 τοῦ
3315 4067 3650 4138 ἐλαττώμα-

378 4170 472 4217 τος
494 4153 594 4224 τὴν
615 4155 931 4222 ἐπίγνωσιν.

755 4266 1082 4333 ρυίιιετιο
1123 4267 1245 4324 xxx
1287 4271 1387 4342 lal.
1417 4270 1563 4343 xv].
1985 4258 2030 4312 D

1985 4258 2030 4312 D
2587 4265 2931 4318 ΕΡΩΤΗΣΙΣ
2963 4263 3074 4319 KA'
3089 4307 3101 4320 .

380 4360 634 4425 Quanam
660 4363 711 4413 in
737 4362 931 4413 nostris
960 4364 1127 4414 sacris
1171 4361 1385 4415 Litteris
1413 4363 1649 4431 subjecta
1681 4366 1824 4420 notio
1879 4385 1902 4420 δ

2123 4357 2184 4431 πὶ
2212 4357 2406 4431 -τίνος
2468 4356 2998 4431 παραᾼαμϐᾀνεεαι
3065 4359 3226 4431 παρὰ
3279 4359 3408 4424 τοῖς
3463 4361 3649 4426 ἱεροῖς

450 4432 700 4507 vocabulo
726 4431 1005 4507 respondit.
1032 4447 1052 4493 ;
1082 4441 1194 4484 tum
1241 4434 1340 4507 ipsi
1363 4426 1620 4507 videlicet,
1651 4445 1770 4507 tum
1823 4437 1946 4492 aliis

2121 4427 2307 4507 ἡμῶν.
2341 4428 2581 4507 λογίοις.
2624 4426 2662 4494 τ’]
2711 4427 2827 4507 ,τοῦ
2889 4429 3182 4507 ᾀπεκρίθη.
3215 4431 3385 4506 φέονή
3415 4447 3427 4459 ·
3487 4431 3647 4498 αὐτή

448 4505 517 4555 ad
543 4503 699 4572 hujus
721 4496 1117 4554 similitudinem
1150 4496 1496 4573 conformatis
1526 4496 1872 4572 dictionibus,

2121 4515 2179 4573 re
2213 4497 2312 4550 καὶ
2341 4496 2594 4573 τᾴίςαρὰ
2618 4497 2845 4565 ταύτην
2879 4499 2948 4550 ἐκ
2979 4496 3087 4566 τῆς
3117 4496 3311 4566 αὐτῆς
3344 4496 3647 4569 σχηματιὲ

2116 4567 2329 4636 ζόμενα
2365 4566 2589 4632 λέξεως
2607 4581 2626 4630 ;

1462 4677 1602 4726 Edita
1630 4691 1657 4726 a
1683 4677 1825 4739 Maio,
1853 4680 1978 4730 Nov.
2007 4679 2221 4741 Collect.,
2250 4686 2285 4730 t.
2312 4679 2352 4740 Ι,
2385 4694 2436 4742 p.
2471 4679 2549 4729 59.

445 4790 642 4845 LCum
671 4788 842 4842 multa
863 4787 972 4842 sint
1000 4785 1316 4856 multiplicis
1339 4787 1758 4859 significationis
1783 4805 1947 4844 voca-

2128 4797 2197 4845 a'.
2245 4789 2463 4844 Πολλῶν
2502 4788 2670 4842 ὄντων
2714 4789 2910 4856 φωνῶν
2961 4788 3316 4857 πολυσήμων,
3355 4788 3503 4841 ὥστε
3543 4791 3643 4842 καὶ

371 4884 522 4946 bula,
553 4883 626 4936 ita
665 4891 724 4935 ut
754 4897 859 4934 non
890 4880 1048 4949 pauci
1072 4891 1322 4937 auctores
1349 4883 1539 4953 integri
1571 4884 1751 4952 operis
1787 4897 1897 4950 argi

2116 4879 2442 4949 οαγματείαν
2493 4877 2785 4947 ὁλόκληρον
2823 4878 2924 4930 οὐκ
2973 4877 3175 4944 ὀλίγοις
3223 4877 3474 4930 ἐπελθεῖν
3507 4881 3642 4949 περὶ

372 4988 615 5034 mentum
647 4979 713 5030 de
747 4977 832 5030 his
856 4975 1243 5029 elaborandum
1291 4977 1670 5041 susceperint;
1732 4974 1807 5027 nil
1845 4990 1892 5026 m

2114 4970 2233 5023 »τῶν
2264 4969 2652 5039 ὲξεργάσαθαι,
2687 4968 2840 5019 οὐδὲν
2873 4965 3101 5026 ἀπεικὸς
3129 4965 3195 5017 ἂν
3220 4966 3306 5035 εἴη
3353 4965 3478 5019 οὐδὲ
3511 4983 3640 5020 τινα

374 5088 493 5126 rum
550 5070 675 5135 erit,
729 5069 924 5122 nedum
987 5068 1168 5137 aliqua
1239 5068 1612 5123 controversia
1689 5068 1900 5136 dignun

2115 5065 2291 5135 ιρέχον
2318 5060 2568 5131 ἀπωρίαν
2590 5057 2846 5121 τοιαύτας
2869 5057 3052 5126 φωνὰς
3077 5056 3272 5126 όρᾶθαι
3295 5057 3400 5109 κάν
3429 5061 3541 5120 τοῖς
3563 5060 3641 5110 ἱε-

371 5161 418 5218 si
444 5178 565 5231 quat
605 5160 873 5230 ejusmodi
924 5174 1086 5215 voces
1124 5159 1182 5214 in
1226 5161 1430 5213 nostris
1482 5173 1700 5228 quoque
1757 5158 1897 5213 sacri

2109 5159 2168 5217 »ἴς
2195 5153 2351 5222 ἡμῶν
2381 5152 2611 5214 ἐνούσας
2631 5150 2854 5217 λογίοις·
2881 5150 2973 5202 καὶ
2999 5149 3107 5216 γὰρ
3126 5149 3253 5218 παρ’
3273 5142 3356 5211 οἷς
3382 5150 3414 5218 ἡ
3440 5151 3635 5222 ἀττικὴ

368 5253 593 5309 Litteris
631 5253 1030 5307 contineantur.
1065 5249 1198 5305 Nam
1224 5260 1277 5305 et
1306 5251 1449 5319 apud
1489 5267 1604 5314 eos,
1641 5252 1736 5320 qui
1766 5250 1894 5303 Αιιὶε

2110 5244 2404 5305 ιουδάζεται
2432 5242 2675 5311 γλῶσσα,
2729 5241 2790 5292 ού
2838 5240 2999 5309 μόνον
3037 5239 3183 5292 ἔστιν
3230 5239 3416 5310 εὑρεῖν
3449 5244 3636 5310 φωνὰς

367 5348 552 5418 lingua
616 5346 857 5400 studiose
917 5352 1168 5409 utuntur,
1226 5358 1333 5396 non
1401 5343 1576 5396 solum
1643 5357 1893 5396 occurrut

2108 5339 2190 5391 ιτὰ
2232 5338 2361 5397 τοὺς
2393 5333 2790 5395 ἐπιδεικτικούς
2832 5349 2892 5384 τε
2925 5332 3018 5384 καὶ
3059 5332 3367 5402 ἱστορικοὺς
3402 5333 3515 5385 τῶν
3544 5332 3634 5385 λό-

366 5440 636 5494 dictiones
666 5437 870 5506 aliquot
897 5439 1010 5492 sive
1049 5439 1104 5490 in
1133 5435 1422 5504 epidictico
1450 5434 1563 5486 sive
1584 5433 1640 5486 in
1677 5434 1892 5487 lliSlOl‘it

2105 5449 2162 5482 ον
2192 5430 2251 5483 τὸ
2286 5427 2602 5497 πολύσημον
2630 5425 3054 5494 ἐμποιουμένας,
3084 5425 3222 5476 ἀλλὰ
3248 5425 3344 5477 καὶ
3374 5426 3514 5496 πρὸς
3536 5427 3631 5477 άν-

369 5530 582 5586 dicendi
610 5546 807 5601 genere
839 5546 958 5598 qua:
990 5529 1347 5583 multifariam
1388 5528 1806 5597 significantium
1845 5530 1895 5580 It:

2103 5523 2362 5592 κειμένας
2403 5519 2643 5582 διανοίας
2693 5517 2790 5587 τὴν
2835 5517 3002 5586 αὐτὴν
3034 5518 3218 5588 φωνὴν
3256 5518 3629 5587 ἀποσχιζομέ-

371 5621 516 5684 bent,
540 5636 724 5674 verum
756 5621 919 5674 ctiam
950 5635 1071 5688 qua:
1103 5620 1156 5672 in
1189 5620 1500 5673 contrarios
1533 5635 1728 5673 sensus
1775 5636 1897 5672 unus

2097 5634 2176 5669 ov.
2208 5616 2414 5668 Αὐτίκα
2437 5613 2660 5666 Πλάτων
2687 5613 2785 5681 μὲν
2815 5610 3008 5679 ἄλοχον
3029 5612 3128 5681 τὴν
3163 5611 3433 5680 παρθένον
3459 5611 3623 5677 λέγει,

372 5708 624 5780 idemque
663 5711 988 5768 vocabulum
1030 5711 1449 5780 dispertiuntur.
1485 5710 1725 5780 Exempli
1763 5712 1896 5780 grati

2095 5708 2148 5759 αἰ
2176 5707 2319 5760 δοκεῖ
2356 5724 2405 5760 τι
2435 5705 2594 5774 σοφὸν
2624 5705 2822 5771 λέγειν,
2860 5701 3010 5757 οὔπω
3057 5701 3165 5772 γὰρ
3208 5702 3380 5769 ἐπέϐη
3415 5701 3621 5770 λέχους·
