3864 6218
215 306 326 372 “9
1204 315 1293 374 AD
1331 312 1930 374 AMPIllLOCHIUM
1986 314 2333 382 OUxESTlO
2376 316 2532 378 XXI.
3406 311 3506 376 150

211 426 350 478 ἀλλ’
373 429 401 480 ό
428 427 594 491 αὑτός
623 445 684 482 τε
709 429 872 482 πάλιν
905 445 1002 482 και
1037 428 1226 481 πολλοὶ
1255 429 1405 482 ἄλλοι
1430 429 1530 498 τὴν
1554 433 1610 482 ἐν
1638 430 1734 496 λόγ

1971 432 2075 484 lato
2106 430 2299 500 ἄλοχον
2329 431 2566 501 appellat
2595 430 2881 500 virginem,
2906 431 3228 498 videturque
3278 427 3497 494 sapien-

210 519 490 590 δευτέραν
543 522 645 576 οὑκ
695 521 914 593 ἔχοντες
955 519 1132 586 τάξιν,
1185 520 1285 592 τὴν
1323 521 1615 575 συνιοῦσαν
1658 522 1736 574 ἁνε

1971 538 2008 575 ιι·
2060 522 2230 592 loqui,
2261 523 2385 592 quia
2430 524 2579 578 vocis
2632 523 2960 594 etymologia
3013 523 3270 576 feminam
3316 522 3497 574 innuit

209 611 359 681 πρὸς
386 612 548 683 λέχος
589 609 917 685 σημαίνουσι
948 613 1024 684 τῷ
1052 614 1302 683 ὀνόματι.
1344 613 1512 666 Πάλιν
1553 631 1735 682 σοφιστ

1987 613 2028 666 ri
2053 615 2232 669 adhuc
2260 626 2562 685 expertem.
2595 615 2702 669 Sed
2731 625 2908 669 tamen
2936 614 3073 668 idem
3098 615 3274 679 Plato,
3305 613 3508 682 aliique

216 703 374 755 ἔστιν
431 703 657 757 ἀκούειν
708 707 801 759 τὸν
844 707 945 768 τὰς
968 706 1196 774 λογικάς
1229 705 1425 775 τέχνας
1466 705 1742 760 διδάσκοντ

1982 721 2106 759 ures
2135 722 2241 760 non
2279 707 2556 763 inferioris
2587 709 2832 763 subsellii
2882 718 3156 768 auctores,
3211 722 3329 760 eam
3385 721 3507 775 quae

210 795 476 866 δεύτερον
505 798 562 850 δὲ
595 791 640 866 ᾧ
668 799 728 852 τὸ
753 798 1005 852 λεκτικὸν
1034 794 1173 862 εἶδος
1199 799 1531 868 ἐπήσκηται·
1565 797 1660 850 καὶ
1685 815 1736 868 τε

1982 811 2041 848 ro
2085 797 2348 852 societate
2401 799 2628 853 thalami
2665 798 2957 865 conjuncta
2983 803 3066 851 est
3105 797 3208 849 hoc
3241 795 3508 850 vocabulo

210 905 312 940 τον
353 889 416 951 ὃς
449 907 536 953 τις
565 889 668 961 τὴν
698 892 756 943 ὲν
787 895 903 954 τοῖς
933 891 1114 959 λόγοις
1160 888 1469 958 γυμνασίαν
1517 889 1627 942 τῶν
1675 889 1736 942 π)

1981 887 2228 958 digitaut.
2277 889 2406 944 Item
2457 892 2716 962 σοφιστὴν
2769 889 3004 944 dicimus
3059 897 3173 942 tum
3228 903 3352 941 eum
3411 887 3506 955 qui

212 982 526 1045 σιαζόντων
567 985 707 1054 πρὸς
750 985 850 1056 τὴν
881 985 1302 1055 ὲπηρεάζουσαν
1334 984 1448 1055 ἔριν
1483 983 1738 1054 διέφθειρε

1980 977 2126 1045 gicas
2184 979 2496 1050 disciplinas
2550 981 2732 1044 tradit,
2769 990 2884 1036 tum
2937 982 3103 1036 etiam
3153 979 3246 1049 qui
3290 980 3505 1033 dicendi

197 1069 402 1128 ”Αλλὰ
437 1077 548 1148 γὰρ
583 1078 678 1130 καὶ
725 1078 786 1130 τὸ
830 1077 1089 1148 σταθερὸν
1118 1079 1178 1129 οὑ
1217 1077 1277 1130 τὸ
1309 1077 1573 1144 στάσιμον
1628 1075 1723 1144 μόν

1982 1078 2092 1123 tem
2120 1072 2422 1139 proﬁtetur,
2451 1075 2613 1128 tertio
2634 1075 2870 1142 denique
2897 1075 3048 1127 illum
3086 1074 3178 1143 qui
3217 1071 3508 1126 scholasti-

207 1165 360 1219 ἀλλὰ
397 1168 584 1221 καὶτὸ
629 1169 884 1240 ἰσχυρὸν,
933 1171 1029 1222 καὶ
1059 1169 1284 1239 θερμὸν,
1331 1167 1428 1221 καὶ
1473 1165 1565 1231 ὀξὺ
1612 1184 1733 1237 σημι

1976 1179 2045 1215 ιιιι
2097 1164 2408 1219 auditorum
2458 1181 2686 1221 suorum
2733 1167 3056 1220 exercitium
3116 1165 3184 1220 ad
3257 1164 3502 1217 fallacem

206 1274 306 1309 νον
338 1259 684 1329 εὑρίσκεται.
727 1260 836 1313 Καὶ
869 1260 933 1331 δὴ
966 1261 1059 1314 καὶ
1096 1260 1156 1313 τὸ
1187 1259 1414 1329 φαῦλον,
1459 1259 1519 1312 οὐ
1551 1258 1611 1311 τὸ
1642 1277 1732 1312 και

1979 1255 2321 1308 intentionem
2345 1257 2534 1312 vitiose
2563 1259 2850 1313 traducere
2875 1260 3034 1312 solct.
3075 1256 3344 1310 Praeterea
3379 1272 3505 1307 στα-

210 1350 408 1421 μόνον,
441 1352 563 1404 οὑδὲ
597 1352 658 1406 τὸ
691 1353 987 1423 μοχθηρὸν,
1020 1353 1140 1406 οὑδὲ
1169 1353 1229 1404 τὸ
1261 1351 1529 1423 ἀπρεπές·
1556 1350 1691 1403 ἀλλὰ
1717 1369 1736 1403 >

2049 1371 2097 1416 ν,
2130 1368 2236 1405 non
2274 1353 2451 1406 solum
2480 1354 2691 1417 stabile,
2737 1369 2924 1407 verum
2953 1353 3119 1406 etiam
3163 1352 3399 1404 validum
3451 1359 3506 1401 et
3573 1379 3575 1382 -

205 1444 275 1496 τὸ
315 1445 485 1514 μέγα,
514 1445 609 1498 καὶ
644 1447 704 1499 τὸ
740 1447 954 1518 μικρόν·
987 1445 1249 1509 ὡσαύτως
1289 1446 1344 1500 δὲ
1373 1448 1468 1499 καὶ
1498 1447 1556 1500 τὸ
1599 1448 1731 1519 ῥᾴδιι

1978 1439 2209 1503 rvidum,
2240 1449 2292 1494 et
2315 1456 2438 1494 acre
2454 1441 2765 1510 signiﬁcare
2782 1443 3173 1511 comperimus.
3194 1439 3333 1494 Tum
3366 1438 3504 1508 φαῦ-

206 1535 311 1587 καὶ
342 1535 405 1588 τὸ
448 1535 662 1589 ἁπλοῦν
708 1537 802 1590 καὶ
851 1537 1147 1608 ἀπόνηρον,
1173 1538 1268 1590 καὶ
1299 1536 1361 1590 τὸ
1396 1537 1581 1606 τυχὸν,
1623 1538 1717 1589 καὶ⁵

1975 1548 2006 1584 ιν
2036 1547 2144 1585 non
2175 1547 2401 1600 pravum
2425 1534 2803 1588 tantummodo
2829 1545 2882 1587 ct
2934 1533 3245 1602 improbum
3304 1541 3359 1585 et
3417 1531 3501 1583 in-

203 1627 408 1690 ἁπλῶς
443 1629 786 1700 περιείληφε.
824 1629 933 1682 Ναὶ
971 1629 1034 1698 δὴ
1070 1629 1167 1682 καὶ
1211 1629 1273 1681 τὸ
1314 1629 1682 1682 πυνθάνεσθαι
1722 1632 1729 1677 l

1971 1638 2200 1686 morum,
2259 1624 2355 1677 sed
2388 1625 2550 1678 etiam
2621 1639 2904 1693 magnum,
2951 1624 3063 1677 imo
3113 1630 3165 1676 et
3228 1637 3497 1690 parvum;

203 1718 345 1771 κοῦν
381 1719 521 1789 πρὸς
553 1718 612 1772 ἓν
644 1721 960 1791 ἀναφέρειν,
993 1721 1268 1790 διαφόρων
1300 1721 1448 1773 ἐστὶν
1476 1720 1728 1785 ἁποφυάδ

1973 1729 2157 1784 amque
2181 1714 2340 1770 facile
2368 1724 2422 1770 et
2453 1717 2683 1785 simplex
2727 1727 2780 1770 et
2812 1717 3097 1774 innoxium
3125 1724 3178 1769 et
3221 1713 3499 1768 fortuitum

214 1809 366 1880 ῥίζα·
398 1810 768 1880 προϐάλλεται
790 1811 901 1883 γὰρ
933 1815 1055 1864 τότε
1092 1811 1410 1878 μανθάνειν,
1451 1811 1544 1863 καὶ
1570 1811 1631 1864 τὸ
1660 1812 1740 1863 ίστ

1974 1806 2198 1859 todlibet
2233 1816 2288 1860 et
2317 1807 2672 1874 incogitatum
2720 1807 2962 1859 denotat.
2999 1804 3064 1858 Et
3113 1803 3334 1873 quidem
3377 1818 3500 1856 ver-

215 1903 356 1971 ρεῖν,
397 1903 496 1956 καὶ
529 1904 760 1974 ἐρωτᾷν,
798 1904 894 1957 καὶ
929 1904 1136 1958 τοιαῦθ’
1164 1905 1345 1974 ἕτερα.
1399 1903 1457 1955 'O
1491 1903 1548 1956 δὲ
1578 1903 1741 1956 πελαν

1973 1912 2040 1950 ιη]
2069 1912 2286 1967 quoque
2321 1897 2718 1963 πυνθάνεσθαι,
2759 1897 2903 1967 quod
2935 1912 3102 1950 unum
3133 1910 3353 1949 sensum
3373 1910 3499 1964 spe-

208 1995 244 2062 ή
274 1993 422 2058 λέξις
446 1994 646 2064 πέμμα
675 2013 733 2048 τε
762 1995 821 2060 ἐξ
844 1995 1077 2067 ἀλεύρου
1115 1995 1327 2057 θυσίαις
1361 1994 1678 2066 ἐπιτήδειον
1707 1994 1734 2047 δ

1969 2006 2058 2045 are
2108 1990 2342 2055 videtur,
2389 1992 2757 2059 complurium
2807 1989 3114 2059 germinum
3183 1987 3341 2041 radix
3390 1995 3495 2041 est.

205 2084 317 2137 λοῖ·
333 2085 490 2155 δηλοῖ
504 2087 560 2138 δὲ
580 2086 672 2140 καὶ
692 2087 783 2140 τὸν
807 2089 933 2158 περὶ
955 2088 1032 2157 τῷ
1055 2087 1284 2157 στόματι
1300 2088 1586 2156 πεπηγότα
1609 2088 1731 2158 ἀφρι

1976 2083 2253 2152 laudoque
2277 2083 2420 2137 enim
2446 2084 2707 2152 exprimit
2740 2082 2976 2145 discere,
3005 2089 3059 2135 et
3105 2079 3413 2149 explorare,
3442 2087 3498 2134 et

204 2177 353 2230 ἀλλὰ
383 2178 482 2230 καὶ
509 2179 569 2231 τὸ
601 2178 807 2242 ὸπῶδες
839 2179 1072 2250 δάκρυον
1100 2180 1348 2250 πεπηγός
1384 2197 1441 2232 τε
1480 2179 1576 2232 καὶ
1600 2179 1730 2251 ἐξηρ

1971 2173 2199 2241 iscitari,
2251 2186 2306 2228 et
2344 2175 2445 2228 alia
2502 2173 2796 2244 ejusmodi.
2867 2171 2988 2226 Jam
3048 2173 3215 2228 dictio
3263 2172 3497 2234 πελανὸς

210 2269 408 2338 μένον,
440 2267 552 2323 οἷον
595 2271 794 2340 κόμμι,
838 2272 934 2326 καὶ
963 2272 1032 2326 τὰ
1061 2274 1222 2343 ὃμοια
1247 2290 1261 2302 ·
1307 2273 1402 2326 καὶ
1425 2273 1686 2343 τέταρτον
1712 2291 1736 2326 τ

1979 2267 2464 2332 letplaccnlamex
2512 2263 2688 2318 farina
2741 2263 3030 2320 sacriﬁciis
3070 2265 3322 2319 idoneam
3346 2273 3374 2318 :‘
3397 2264 3495 2319 sed

201 2359 404 2413 ὀϐολὸν
435 2364 558 2415 ὅσον
583 2365 695 2425 τοῖς
724 2364 979 2432 μάντεσιν
1006 2363 1164 2417 εἴωθε
1187 2364 1428 2417 δίδοσθαι
1455 2364 1664 2434 μισθός.
1693 2367 1727 2416 Κ

1967 2371 2084 2409 men
2122 2357 2262 2410 valet
2298 2358 2463 2410 etiam
2507 2371 2760 2426 spumam
2790 2357 2936 2411 circa
2978 2373 3040 2411 os
3072 2358 3440 2412 adhaerentem
3473 2375 3486 2411 :

204 2452 271 2504 τὸ
301 2453 476 2522 ὁμόσε
520 2453 577 2506 δὲ
628 2453 689 2506 τὸ
736 2453 1020 2526 ἐπίρρημα
1047 2455 1200 2524 δηλοῖ
1231 2456 1330 2526 μὲν
1367 2456 1428 2507 τὸ
1463 2455 1730 2520 ὲξεναντίο

1967 2463 2005 2499 :c
2046 2465 2153 2501 non
2185 2464 2425 2502 crassam
2462 2449 2760 2518 lacrymam
2796 2456 3113 2502 concretam
3157 2459 3318 2519 atque
3367 2465 3493 2505 are—

204 2546 240 2612 ἡ
274 2545 336 2598 δὲ
363 2545 472 2596 τῶν
504 2546 748 2615 ἀρχαίων
781 2547 976 2616 χρῆσις
1004 2547 1371 2598 ἐπιδείκνυσιν
1402 2544 1534 2598 αὑτὸ
1563 2545 1656 2597 καὶ
1679 2546 1730 2598 ἀι

1969 2547 2102 2592 ctam
2153 2555 2252 2592 ceu
2317 2539 2544 2608 gummi,
2595 2547 2651 2594 et
2719 2539 2969 2594 similia:
3013 2551 3209 2609 quarto
3263 2540 3495 2608 denique

203 2635 306 2689 τοῦ
344 2637 552 2706 σχεδον,
595 2639 692 2690 καὶ
719 2638 840 2690 ἀντὶ
869 2639 964 2692 τοῦ
1006 2639 1174 2705 ἐγγὺς
1211 2636 1729 2706 παραλαμϐανόμενι

1965 2633 2151 2700 tolum,
2203 2634 2296 2702 qui
2328 2634 2555 2689 hariolis
2617 2635 2886 2689 mercedis
2916 2651 3046 2704 ergo
3075 2635 3281 2704 porrigi
3333 2636 3491 2690 solet.

203 2729 283 2781 Οὑ
330 2729 442 2798 μὴν
467 2728 604 2781 ἀλλὰ
638 2730 814 2782 καὶτὸ
847 2730 942 2783 νῦν
975 2730 1060 2798 δὴ,
1094 2731 1154 2782 οὑ
1195 2730 1254 2782 τὸ
1280 2731 1453 2800 παρὸν
1483 2729 1582 2800 ἤδη
1619 2730 1729 2798 μόνι

1966 2740 2074 2777 )I‘I‘O
2144 2726 2308 2794 ὁμόσε
2383 2725 2702 2780 adverbium
2767 2727 3042 2798 signiﬁcat
3106 2744 3173 2782 ex
3242 2732 3492 2789 adverso,

205 2815 347 2869 ἀλλὰ
378 2818 475 2869 καὶ
501 2818 562 2869 τὸ
595 2817 792 2889 μικρὸν
822 2818 1132 2889 ἔμπροσθεν
1162 2820 1384 2888 γεγονὸς
1413 2820 1731 2873 ὑποϐάλλετε

1969 2832 2217 2885 [anquam
2273 2818 2326 2870 in
2377 2834 2478 2872 usu
2531 2827 2773 2873 veterum
2829 2830 3126 2888 usurpatur
3176 2821 3340 2874 etiam
3395 2835 3495 2888 pro

216 2906 360 2978 Ἤδη
408 2907 466 2959 δὲ
520 2910 616 2960 καὶ
663 2909 723 2961 τὸ
769 2909 980 2979 κομψὸν
1018 2910 1131 2978 (55)
1177 2913 1256 2973 είς
1303 2911 1475 2963 πολλὰ
1516 2911 1738 2982 μερίζετ

1967 2907 2058 2961 Iasi
2099 2918 2152 2960 et
2173 2922 2362 2976 pr0pe.
2408 2906 2549 2972 Quin
2599 2909 2764 2962 etiam
2797 2908 2892 2961 νῦν
2937 2925 3044 2962 ιιοη
3097 2925 3194 2978 pro
3230 2925 3376 2962 nunc
3400 2927 3493 2963 so-

212 2997 614 3068 σημαινόμενα·
650 2999 710 3051 τό
745 3017 804 3052 τε
831 3003 937 3072 γὰρ
963 3002 1288 3072 περίτρανον
1320 3004 1414 3055 καὶ
1443 3003 1504 3055 τὸ
1529 3005 1738 3074 τεχνικό

1966 3017 2014 3054 ιιι
2053 3001 2144 3055 sed
2191 3002 2353 3053 etiam
2391 3014 2487 3068 pro
2517 3015 2690 3069 nuper
2738 3000 2882 3055 facto
2909 3002 3148 3069 ponitur.
3203 2999 3321 3054 Jam
3360 3016 3490 3053 vero

212 3091 284 3143 Τδ
315 3093 371 3144 δὲ
407 3093 847 3164 πολυθρύλλητον
874 3090 910 3165 ἦ
939 3094 985 3146 δ’
1013 3094 1089 3158 ὃς,
1125 3095 1218 3149 καὶ
1250 3092 1318 3165 ἦν
1346 3096 1403 3148 δ’
1442 3095 1576 3164 ἐγὼ,
1624 3099 1657 3169 ἡ
1703 3116 1738 3150 τι

1984 3089 2192 3159 κομψὸν
2225 3091 2279 3143 ἱιι
2312 3090 2513 3144 multas
2544 3090 2802 3144 tribuitur
2827 3091 3260 3161 signiﬁcationes
3293 3109 3309 3158 ;
3364 3108 3490 3144 nam

205 3184 500 3248 Πλάτωνος
538 3146 846 3256 φίλοτιμίου
878 3146 1014 3242 ἆλλά
1337 3146 1382 3240 ὲ·
1516 3146 1731 3260 "amitti.

1981 3182 2327 3252 perspicuum
2351 3184 2575 3236 denotat
2621 3192 2675 3238 et
2709 3185 2990 3254 garrulum
3027 3195 3082 3238 et
3126 3195 3408 3238 versutum
3438 3195 3493 3240 et

208 3277 308 3345 μὲν
359 3277 439 3339 ὡς
468 3279 674 3332 ἐπίπαν
707 3279 766 3332 τὸ
801 3279 906 3350 ἔφη
939 3281 995 3332 δὲ
1023 3277 1177 3344 οὗτος
1202 3299 1215 3312 ·
1265 3280 1404 3334 ἀλλὰ
1455 3283 1549 3334 καὶ
1589 3284 1650 3335 τὸ
1693 3283 1734 3335 ἕ(

1963 3286 2087 3329 num
2125 3275 2191 3329 ad
2225 3275 2689 3345 persuadendum,
2718 3285 2772 3331 et
2817 3277 3055 3346 denique
3108 3278 3489 3332 artiﬁciosum.

207 3368 373 3436 μόνον
397 3407 412 3428 ,
443 3369 538 3421 τοῦ
574 3371 874 3440 συνδέσμου
905 3373 1001 3424 καὶ¹
1035 3372 1128 3425 τοῦ
1164 3371 1369 3444 ἄρθρου
1425 3373 1733 3444 παρέλκοντ

1969 3369 2038 3422 ΙίιΙ
2070 3383 2200 3423 vero
2241 3369 2372 3423 illud
2404 3369 2646 3424 solemne
2673 3365 2710 3439 ἦ
2731 3368 2777 3420 δ’
2806 3369 2889 3432 ὃς,
2936 3379 2990 3423 et
3019 3364 3089 3440 ἦν
3114 3368 3157 3420 δ’
3215 3368 3346 3436 ἐγώ,
3397 3370 3492 3438 qui

203 3461 446 3514 ἐνταῦθα
472 3461 948 3533 χώρανςέχόντων·
1004 3465 1037 3534 ἢ
1093 3465 1228 3534 μηδὲ
1284 3465 1616 3536 συνδεσμὸν,
1663 3487 1729 3538 μη

1967 3457 2148 3511 atonis
2171 3468 2396 3511 ornatus
2425 3468 2507 3511 est
2535 3457 2558 3510 ?
2587 3453 2623 3527 ἦ
2667 3458 2716 3510 δ’
2746 3457 2828 3522 ὅς,
2865 3458 3087 3527 quidem
3138 3474 3230 3527 per
3267 3475 3328 3512 se
3372 3474 3493 3510 om-

202 3551 410 3623 ἄρθρον
442 3553 920 3622 ὑπεμφαινόντων,
955 3556 1090 3608 ἀλλὰ
1118 3557 1217 3625 τῆς
1245 3556 1372 3624 ὅλης
1401 3557 1588 3627 φωνῆς
1614 3577 1678 3628 με
1689 3577 1728 3628 ρι

1962 3566 2031 3603 no
2053 3549 2345 3620 significat,
2366 3550 2504 3604 dixit
2525 3550 2613 3605 hic
2633 3568 2646 3604 :
2669 3552 2762 3606 sed
2783 3552 2948 3606 etiam
2973 3551 3111 3605 dixit
3135 3552 3487 3621 simpliciter;

203 3643 592 3712 ὑπαρχόντων,
651 3645 812 3716 ἡνίκα
856 3647 990 3717 μηδὲ
1036 3647 1192 3713 γένος
1261 3649 1386 3717 μηδ’
1441 3650 1729 3719 ἀριθμονδ

1967 3663 1975 3695 ι
2001 3652 2059 3696 ιιι
2088 3643 2398 3712 copulativa
2429 3644 2697 3712 particula
2730 3655 2784 3700 et
2813 3646 3082 3701 articulus
3102 3646 3359 3700 relativus
3389 3646 3493 3700 hoc

211 3735 353 3786 ναιτ’
392 3734 458 3786 ἂν
491 3737 895 3807 παρεμφαίνειν
925 3740 958 3809 ἡ
987 3738 1152 3803 λέξις·
1186 3739 1244 3805 ἐξ
1275 3733 1337 3793 οὑ
1366 3741 1459 3792 καὶ
1494 3740 1735 3810 καθορᾶτ

1963 3749 2022 3788 eo
2055 3733 2264 3788 frustra
2314 3735 2465 3790 sint:
2521 3736 2634 3791 imo
2675 3753 2806 3793 vero
2860 3753 3039 3808 neque
3083 3739 3489 3808 conjunctionis

201 3828 264 3879 τὸ
301 3822 337 3897 ἦ
369 3826 415 3878 δ’
445 3827 504 3890 ὃς
539 3830 600 3880 οὑ
645 3830 806 3899 μόνον
851 3832 946 3883 ἐπὶ
989 3832 1083 3884 τοῦ
1136 3832 1329 3903 θήλεος
1369 3833 1727 3903 μεθελκόμεν(

1958 3845 2075 3898 :que
2098 3828 2312 3882 articuli
2348 3829 2465 3884 vice
2508 3828 2824 3901 fungantur,
2864 3834 2957 3886 sed
2994 3832 3191 3902 integri
3235 3831 3484 3885 vocabuli

199 3911 314 3970 οἷον
343 3919 451 3988 ἔφη
483 3919 645 3990 αὕτη,
690 3920 825 3974 ἀλλὰ
865 3924 960 3975 καὶ
1000 3923 1137 3994 πρὸς
1174 3924 1379 3994 πλῆθος
1414 3925 1522 3978 ἀπὸ
1551 3927 1650 3996 τῆς
1682 3929 1725 3979 ἐι

1961 3929 2080 3974 n'tes
2111 3921 2258 3975 sint:
2303 3923 2744 3990 quotiescunque
2792 3924 2911 3978 btec
2956 3923 3127 3978 dictio
3173 3940 3353 3992 neque
3396 3939 3487 3993 ge-

201 4009 305 4078 εεῆς
332 4010 520 4080 φωνῆς
543 4012 1029 4082 περιτρεπόμενον·
1061 4015 1316 4085 σημαίνει
1336 4015 1443 4087 γὰρ
1464 4016 1559 4069 καὶ
1585 4017 1644 4069 τὸ
1665 4018 1727 4086 ξφ

1959 4013 2046 4065 :ris
2079 4028 2256 4080 neque
2286 4015 2500 4068 numeri
2527 4015 2798 4069 rationem
2853 4017 3039 4070 habet.
3092 4016 3272 4081 QUM‘C
3301 4017 3485 4071 videre

203 4119 324 4154 σαν·
378 4105 427 4155 εἰ
475 4104 532 4156 δὲ
572 4106 666 4157 καὶ
709 4105 770 4158 τὸ
815 4099 860 4158 ὦ
907 4107 1059 4174 φίλος
1105 4108 1274 4177 δηλοῖ,
1323 4107 1478 4161 οὑπω
1522 4109 1729 4179 παρέχε

1950 4117 2024 4159 :et
2058 4101 2094 4176 ἦ
2123 4105 2167 4157 δ’
2200 4105 2258 4168 ὃς
2290 4123 2398 4159 ιιοη
2431 4107 2608 4162 solum
2643 4107 2880 4162 femineo
2911 4124 3108 4177 genere
3149 4102 3476 4171 adhibitum,

200 4190 349 4242 ἐστὶν
369 4190 712 4255 ἀξιοπιστίαν
728 4195 1086 4264 Κριτόϐουλος
1105 4197 1258 4267 (55¹)·
1280 4198 1418 4251 ἀλλὰ
1438 4198 1676 4252 τοσαῦτα
1698 4219 1726 4268 μ

1959 4216 1968 4247 ι
2007 4207 2063 4251 ιιι
2096 4190 2253 4252 sonet
2286 4199 2423 4252 dixit
2472 4199 2608 4268 ipsa,
2661 4215 2849 4253 verum
2892 4201 3059 4254 etiam
3111 4201 3178 4253 ad
3235 4202 3485 4255 multitu-

201 4284 341 4348 τέως
375 4285 680 4354 παραδηλοῖ
711 4287 773 4340 τὸ
799 4283 834 4358 ἦ
865 4289 908 4340 δ’
934 4289 1012 4352 ὃς.
1062 4290 1136 4340 Τὸ
1181 4290 1237 4342 δὲ
1270 4286 1338 4360 ἦν
1371 4291 1416 4343 δ’
1448 4291 1582 4359 ἐγὼ,
1614 4293 1727 4344 καίπ

1960 4305 2083 4343 nem
2133 4289 2482 4345 indicandam
2518 4291 2621 4344 hoc
2671 4291 2966 4361 singularis
2998 4292 3213 4346 numeri
3245 4293 3484 4345 voeabu-

199 4391 262 4442 γε
304 4376 400 4428 τὸν
441 4379 627 4446 ὅμοιον
665 4379 1049 4450 σχηματισμὸν
1077 4380 1221 4450 ἔχον,
1257 4383 1337 4444 είς
1383 4382 1507 4453 τρία
1538 4383 1725 4453 τέμνετ

1959 4399 2012 4436 m
2043 4383 2338 4453 aliquando
2394 4399 2761 4439 conversum:
2801 4399 2924 4437 nam
2960 4385 3219 4438 dixerunt
3264 4399 3485 4452 quoque

197 4463 394 4526 ταῦτα,
453 4465 534 4527 εἷς
579 4483 638 4517 τε
676 4467 737 4519 τὸ
782 4469 920 4538 ἔφην
970 4469 1015 4522 δ’
1067 4469 1199 4537 ἐγὼ,
1252 4471 1348 4523 καὶ
1377 4472 1455 4534 είς
1493 4472 1552 4524 τὸ
1604 4473 1723 4526 ἁπλι

1957 4477 2187 4547 gniﬁcat.
2225 4475 2398 4531 Porro
2422 4487 2606 4530 utrum
2635 4476 2851 4530 dicatur
2891 4476 3054 4530 etiam
3093 4492 3192 4546 pro
3222 4492 3254 4530 o
3301 4476 3483 4537 sodes.

199 4555 364 4625 ἔφην,
397 4557 536 4626 ὅπερ
567 4557 765 4628 ὁμοίως
793 4559 887 4612 ἐπί
913 4577 972 4613 τε
1008 4561 1255 4632 ἀρρένων
1293 4563 1725 4634 παραλαμϐάνου

1948 4569 2136 4622 nulum
2171 4569 2306 4623 satis
2357 4569 2616 4622 credibile
2646 4567 2778 4621 fecit
2824 4567 3167 4622 Critobulus.
3197 4567 3474 4623 Hactenus

196 4648 290 4701 καὶ
322 4649 581 4720 θηλειῶν.
635 4651 745 4703 Καὶ
783 4651 844 4705 τὸ
887 4652 1141 4723 θράττειν
1179 4654 1257 4717 δὲ,
1308 4656 1564 4725 σημαίνει
1597 4658 1695 4727 μὲν

1953 4659 2498 4728 :signilicationibus
2551 4660 2815 4715 dictionis
2871 4656 3082 4731 ἧδ’ὅς.
3139 4659 3260 4714 Jam
3309 4661 3479 4716 dictio

194 4741 497 4808 ταράσσειν
528 4741 622 4794 καὶ
649 4741 710 4793 τὸ
742 4742 1000 4813 ἐνοχλεῖν·
1047 4744 1303 4814 σημαίνει
1336 4746 1395 4798 δὲ
1439 4747 1534 4801 καὶ
1561 4749 1620 4800 τὸ
1651 4747 1711 4800 νύ

1985 4751 2028 4804 δ’
2049 4752 2184 4819 ἐγὼ,
2213 4767 2336 4820 quae
2367 4752 2483 4820 pari
2510 4750 2703 4807 formae
2735 4752 2952 4807 ratione
3005 4753 3204 4815 utitur,
3261 4752 3316 4806 in
3369 4764 3481 4808 tres

194 4849 310 4884 σειν
337 4833 435 4884 καὶ
460 4835 649 4885 κινεῖν·
676 4833 810 4888 ἀλλὰ
841 4835 936 4887 καὶ
964 4835 1025 4888 τὸ
1063 4835 1452 4903 δυσωπεῖσθαι,
1483 4838 1660 4892 καὶτὸ
1684 4841 1713 4893 ὑ

1954 4844 2142 4899 itiones
2179 4844 2466 4911 tribuitur;
2502 4859 2700 4914 nempe
2739 4845 2853 4899 dixi
2884 4860 3015 4916 ego;
3067 4855 3120 4900 et
3163 4845 3480 4914 simpliciter

195 4924 451 4993 ορᾶσθαι.
474 4925 581 4976 Καί
610 4942 672 4994 γε
708 4927 802 4979 καὶ
831 4927 894 4979 τὸ
919 4927 1203 4991 τευτάζειν
1234 4930 1490 5001 εὑρήσεις
1513 4933 1654 4986 κατὰ
1676 4934 1721 4986 δι

1955 4936 2036 5002 xi;
2087 4938 2230 5006 quod
2277 4953 2469 4992 rursus
2496 4945 2602 4990 tam
2656 4938 2979 4993 masculinis
3019 4953 3186 5008 quam
3224 4938 3481 4993 lemineis

192 5016 382 5087 φόρων
421 5016 800 5087 ὑποκειμένων
855 5022 1177 5090 φερόμενον·
1224 5023 1319 5074 καὶ
1367 5023 1474 5092 γὰρ
1525 5027 1644 5077 ἀντὶ
1696 5043 1718 5078 τ

1963 5031 2146 5084 rsonis
2179 5031 2501 5084 assumitur.
2569 5031 2683 5100 Age
2724 5046 2855 5086 vero
2889 5039 2944 5086 et
2991 5030 3244 5102 ϐράττειν
3267 5040 3481 5100 pertur-

190 5108 685 5177 πραγματεύεσθαι
709 5109 1216 5180 παραλαμόάνεται,
1233 5114 1325 5166 καὶ
1342 5114 1462 5167 ἀντὶ
1484 5115 1577 5168 τοῦ
1594 5133 1716 5169 σκευ

1948 5136 2022 5174 ire
2077 5121 2372 5190 signiﬁcat,
2406 5131 2460 5174 et
2492 5121 2738 5175 molestia
2770 5119 3014 5189 allicere;
3049 5122 3306 5176 vellicare
3346 5121 3474 5173 item

191 5201 431 5270 ρεῖοθαι,
453 5204 848 5272 στρατεύεσθαί
877 5223 936 5258 τε
982 5208 1075 5259 καὶ
1107 5207 1426 5277 διατρίϐειν,
1450 5211 1545 5263 καὶ
1572 5227 1717 5282 φρονλ

1951 5228 2055 5282 que
2088 5224 2420 5278 concutere;
2457 5229 2691 5273 nec_non
2719 5215 2979 5283 pudorem
3012 5214 3276 5284 ingerere,
3303 5223 3354 5266 et
3389 5229 3477 5266 re-

189 5292 307 5355 ζειν
330 5293 506 5346 ἐνίοτε
531 5309 545 5323 ·
577 5296 922 5367 ἐπιστρεφῶς
953 5298 1010 5351 δὲ
1039 5301 1298 5369 πράττειν
1320 5319 1372 5354 τι
1395 5302 1490 5354 καὶ
1519 5303 1715 5373 ἐνεργε

1949 5304 2090 5357 :reri.
2125 5304 2328 5361 Deinde
2368 5313 2421 5358 ct
2451 5304 2733 5366 τευτάζειν
2771 5321 2878 5359 ιιοιι
2922 5308 3041 5359 sine
3086 5321 3346 5360 sensuum
3375 5319 3475 5355 va-

188 5386 285 5437 καὶ
342 5384 452 5456 μὴν
493 5386 589 5438 καὶ
643 5389 985 5455 σπουδάζειν,
1024 5394 1119 5443 καὶ
1162 5391 1377 5444 δεῖπνον
1425 5394 1714 5463 παραθείνς

1948 5407 2086 5450 etate
2122 5399 2398 5466 prolatum
2434 5398 2644 5452 videbis
2676 5416 2689 5451 :
2732 5413 2856 5450 nam
2890 5409 2944 5451 et
2978 5413 3075 5465 pro
3112 5406 3357 5466 satagere
3381 5407 3473 5446 ca-

1746 5512 1954 5568 ΝΟΤΑΞ
1969 5557 1980 5568 .

190 5692 202 5702 ,
256 5622 1048 5704 νοοθβιιιῖηκομψον
1086 5631 1228 5699 apud
1268 5632 1458 5704 ipsum
1520 5631 1771 5704 Pliotiurn
1885 5636 1973 5690 ed.
2009 5635 2222 5689 Mediol.
2256 5634 2408 5704 praef.
2457 5651 2575 5703 cap.
2609 5634 2694 5686 Hi.
2781 5673 2786 5678 .

189 5693 1345 5796 L“..’“£’.f“:fﬁ:€f.33%?i‘1?*}.9.'.'.iP."?.:;?Iiii
1640 5720 1773 5796 re:
1955 5726 2100 5796 ρει)
2139 5728 2192 5782 ιιι
2226 5693 2423 5780 iunco
2451 5693 2631 5779 ιηιόιη
2659 5724 2978 5795 Κριτόλαος.

187 5773 296 5822 met
347 5767 403 5820 in
439 5765 762 5835 praefatione
805 5770 872 5823 ad
909 5786 1078 5826 novas
1106 5771 1349 5842 Dionysii
1383 5771 1555 5828 llalic.
1589 5765 1771 5843 partes
