3830 6210
205 268 299 333 153

1161 269 1263 329 AD
1302 265 1907 336 AMPHILOCHIUM
1943 264 2289 338 QUESTIO
2321 265 2462 326 XXI

3377 262 3475 327 154

203 382 412 451 μιαίνειν
438 378 747 446 ὲθέλοιθιαὶ
764 381 843 444 είς
874 379 1113 435 τοσαῦτα
1133 380 1621 452 καταμερίζεσοαι.
1650 380 1779 434 Ἐπὶ

1900 378 2017 448 ρός,
2047 379 2295 449 designat
2318 378 2537 448 quidem
2565 391 2691 431 eum
2726 372 2819 445 qui
2849 376 3030 445 aliqua
3060 374 3325 444 sapientia
3341 393 3390 445 pl
3403 395 3473 430 ae-

194 473 248 527 δὲ
268 473 380 533 τοῖς
409 472 731 542 εἰρημένοις
762 472 859 526 καὶ
883 476 911 525 ὸ
928 473 1090 540 σοφὸς
1107 470 1266 525 τοῦτο
1289 473 1354 541 δὴ
1383 473 1445 525 τὸ
1469 470 1786 544 πρόχειρον,

194 563 452 633 σημαίνει
501 563 605 632 μὲν
644 564 738 616 τὸν
783 564 1156 633 μετεσχηκότα
1185 565 1376 633 σοφίας
1404 566 1546 629 τινός
1571 582 1585 595 ·
1645 565 1791 628 ἰδίως

188 656 246 709 δὲ
269 656 367 707 καὶ
401 654 500 708 τὸν
533 655 785 723 λογικαῖς
810 657 1024 725 τέχναις
1053 656 1385 726 προσανακεί
1393 670 1572 726 μενον·
1598 656 1791 711 ἔπειτα

188 748 245 801 δὲ
276 747 377 800 καὶ
409 746 507 799 τὸν
538 748 758 801 συνέσει
784 748 893 801 τῶν
923 748 1097 803 ἄλλων
1128 748 1447 819 προέχοντα·
1474 750 1559 819 ἐφ’
1578 744 1661 813 οἷς
1688 751 1785 805 καὶ
1826 761 1830 769 “

186 842 245 893 ὃν
283 842 496 910 ἀρεταὶ
538 842 772 910 κοσμεῖν
808 840 1005 892 ἴσασιν·
1040 841 1178 895 ἀλλά
1222 857 1287 908 γε
1329 841 1394 911 δὴ
1422 841 1632 893 καὶτὸν
1665 842 1788 894 ὲπι-

186 932 429 1001 τήδειον·
457 933 715 1003 καὶπρὸς
746 932 775 984 ὃ
796 949 849 984 τι
874 932 940 984 ἂν
964 931 1206 1004 ὁρμήσῃ,
1243 932 1618 1003 θεωρούμενον
1644 933 1788 985 ἕτοι-

185 1038 313 1090 μον·
350 1020 415 1085 ἐξ
443 1037 511 1074 ου
547 1021 640 1074 καί
669 1038 802 1090 φασι
828 1021 998 1091 Σοφὸς
1039 1017 1108 1092 ἦν
1136 1020 1232 1075 τοῦ
1259 1024 1649 1092 κακοποιῆσαι,
1695 1022 1790 1074 καὶ

194 1113 367 1179 σοφὸς
414 1112 622 1181 ἀρετὴν
651 1111 949 1181 μετελθεῖν.
980 1111 1281 1181 Συνταγείη
1308 1111 1355 1164 δ’
1387 1112 1453 1165 ἂν
1484 1112 1587 1164 οὐκ
1629 1113 1788 1165 ἀπει-

182 1204 367 1266 κὸτως
395 1204 614 1265 τούτοις
644 1203 741 1257 καὶ
771 1203 834 1256 τὸ
884 1202 1171 1256 θεσπέσιον
1194 1219 1209 1234 ·
1238 1203 1333 1256 καὶ
1359 1203 1468 1275 γὰρ
1506 1203 1603 1256 καὶ
1630 1203 1791 1256 τοῦτο

186 1295 466 1365 σημαίνει
518 1295 617 1363 μὲν
661 1295 723 1348 τὸ
773 1295 916 1349 θεῖον
940 1312 956 1327 ·
996 1295 1250 1366 σημαίνει
1287 1297 1346 1350 δὲ
1375 1296 1470 1349 καὶ
1503 1296 1564 1348 τὸ
1591 1296 1788 1367 πρᾶον,

184 1387 330 1441 ἀλλὰ
361 1380 471 1441 καῖ
498 1388 559 1440 τὸ
591 1387 895 1458 θαυμάσιον
932 1391 1028 1441 καὶ
1072 1389 1132 1441 τὸ
1164 1388 1321 1443 πολύ.
1359 1390 1469 1442 Καὶ
1496 1389 1558 1440 τὸ
1588 1387 1786 1458 κομιδῇ

190 1481 250 1534 δὲ
276 1482 369 1544 εἷς
393 1497 457 1533 τε
493 1480 556 1532 τὸ
584 1479 705 1533 λίαν
733 1480 1020 1550 διαιρεῖται
1053 1480 1150 1532 ml.
1180 1481 1261 1543 είς
1288 1479 1351 1533 τὺ
1391 1478 1669 1541 παντελῶς
1696 1479 1791 1529 καὶ

190 1572 521 1642 εἰλικρινῶς
546 1588 607 1624 τε
637 1572 702 1643 δὴ
732 1573 828 1625 καὶ
848 1571 1099 1635 τελείως.
1130 1572 1296 1626 Ἀλλὰ
1319 1572 1415 1626 καὶ
1440 1571 1501 1625 τὸ
1523 1572 1661 1635 τέως
1680 1572 1790 1624 δια-

200 1667 415 1735 φόρους
443 1666 686 1728 διανοίας
717 1666 992 1737 περιέχει·
1021 1666 1117 1719 καὶ
1140 1665 1250 1736 γὰρ
1273 1664 1527 1718 τάττεται
1554 1663 1656 1734 μὲν
1693 1664 1788 1716 καὶ

1893 469 2041 524 ditus
2062 478 2147 523 est
2169 486 2182 522 :
2218 468 2564 538 peculiariter
2586 478 2765 522 tamen
2785 469 2874 537 qui
2894 467 3080 537 logicis
3098 468 3362 523 doctrinis
3383 470 3474 523 dat

1890 576 2148 631 Operam:
2210 560 2338 614 item
2393 560 2486 630 qui
2540 560 2827 630 prudentia
2876 560 3092 615 caeteris
3155 562 3470 616 antecellit:

1890 655 2022 710 item
2071 654 2366 708 virtutibus
2412 662 2734 707 exornatum
2772 669 2785 705 :
2836 654 2970 709 item
3001 655 3170 709 rebus
3213 654 3471 724 gerendis

1898 747 2250 813 idoneum,et
2280 746 2373 817 qui
2393 747 2460 801 ad
2487 748 2936 816 consequendum
2970 746 3309 816 propositum
3336 747 3475 801 bene

1890 837 2195 893 instructus
2230 838 2484 892 videtur:
2519 839 2663 891 unde
2697 848 2753 891 et
2804 838 2939 891 illud
2990 839 3241 902 eﬁatum,
3283 838 3475 893 Sciens

1889 935 2008 981 erat
2039 938 2094 982 et
2124 928 2265 982 male
2295 928 2550 994 faciendi,
2576 941 2631 983 et
2672 944 2825 997 teque
2852 929 3107 982 virtutem
3152 929 3465 981 exercendi.

1890 1018 2027 1073 Cum
2060 1020 2146 1075 his
2173 1034 2285 1073 non
2326 1019 2561 1075 absurde
2580 1020 3000 1074 coacervabitur
3050 1019 3213 1072 etiam
3272 1017 3471 1071 θεσπέ-

1892 1127 2027 1177 σιον,
2062 1114 2207 1182 quod
2231 1112 2539 1182 explicatur
2561 1112 2829 1179 divinum,
2861 1112 3099 1180 itemque
3119 1112 3245 1166 mite
3284 1121 3340 1165 et
3365 1111 3472 1164 mi-

1890 1203 2106 1258 riﬁcum
2140 1215 2194 1260 et
2222 1205 2528 1275 copiosum.
2578 1203 2699 1259 Jam
2757 1214 2811 1259 et
2843 1205 3040 1276 κομιδῇ
3102 1204 3366 1258 dividitur
3416 1204 3473 1258 in

1890 1296 2068 1359 valde,
2096 1305 2152 1349 et
2195 1312 2445 1365 prorsus,
2491 1306 2545 1351 et
2574 1295 2886 1361 manifeste,
2937 1308 2991 1351 ct
3039 1298 3363 1361 nniversim,
3418 1304 3475 1349 et

1891 1386 2151 1456 perfecte.
2191 1388 2342 1450 Τέως
2370 1403 2590 1457 quoque
2619 1389 2928 1457 complures
2952 1389 3291 1458 signiﬁcatus
3321 1404 3475 1443 com-

1894 1478 2184 1547 plectitur:
2233 1494 2358 1532 nam
2400 1480 2620 1548 ponitur
2657 1495 2755 1549 pro
2787 1480 3026 1545 interim,
3060 1490 3114 1535 et
3149 1496 3246 1548 pro
3290 1481 3468 1549 prius,

1888 1581 1942 1625 et
1966 1586 2065 1641 pro
2108 1587 2278 1639 usque
2300 1571 2454 1635 dum,
2473 1578 2528 1625 et
2550 1586 2650 1639 pro
2674 1571 2725 1624 in
2748 1581 2982 1625 tantum.
3019 1571 3193 1639 Atque
3219 1570 3473 1641 ἀλάστωρ

1894 1662 2167 1732 signiﬁcat
2198 1662 2426 1732 quidem
2454 1661 2783 1732 simpliciter
2808 1663 3151 1728 maleﬁcum;
3186 1663 3277 1716 sed
3292 1672 3474 1715 tamen

191 1760 289 1810 ἐπὶ
330 1756 433 1810 τοῦ
488 1756 626 1819 τέως
649 1771 664 1785 °
694 1757 953 1808 τάττεται
981 1755 1038 1808 δὲ
1073 1756 1167 1808 καὶ
1194 1755 1288 1808 ἐπὶ
1310 1754 1409 1807 τοῦ
1432 1753 1567 1824 πρίν
1596 1770 1611 1785 ·
1640 1752 1785 1806 ἀλλὰ

1900 1753 2168 1822 signiﬁcat
2226 1754 2390 1807 etiam
2451 1754 2545 1823 qui
2580 1770 2746 1808 manu
2794 1755 3015 1823 propria
3050 1757 3257 1809 caedem
3300 1753 3471 1807 facit:

193 1850 291 1901 καὶ
318 1847 421 1898 ἐπὶ
447 1845 546 1899 τοῦ
568 1846 673 1909 ἓως
698 1845 862 1907 τινός·
889 1844 1041 1915 δηλοῖ
1068 1845 1129 1897 δὲ
1152 1844 1247 1897 καὶ
1283 1844 1343 1895 τὸ
1372 1843 1468 1896 ἐπὶ
1506 1841 1786 1897 τοσοῦτον.

195 1939 309 1992 Καὶ
340 1941 371 1991 ὁ
403 1937 665 2009 ἀλάστωρ
690 1936 750 1989 δὲ
790 1936 1044 2007 σημαίνει
1078 1937 1176 2006 μὲν
1208 1935 1395 1998 ἁπλῶς
1428 1935 1520 1987 τὸν
1550 1933 1791 2005 κακοῦρ-

198 2048 292 2100 γον
317 2045 333 2059 ·
377 2028 642 2100 σημαίνει
683 2028 741 2081 δὲ
769 2028 864 2081 καὶ
892 2028 986 2081 τὸν
1030 2026 1346 2098 αὐτοχειρίᾳ
1385 2025 1546 2094 φόνον
1598 2026 1792 2096 εἰργα-

204 2122 423 2192 σμένον·
448 2121 589 2175 ἀλλά.
613 2138 679 2190 γε
713 2121 777 2191 δὴ
811 2120 905 2173 καὶ
930 2119 1020 2173 τὸν
1052 2120 1338 2184 ἐπεξιόντα
1354 2118 1579 2181 τούτους
1614 2118 1694 2181 ὡς
1725 2117 1793 2171 τὰ

211 2216 423 2269 ἄλαστα
452 2213 902 2278 ἑπισκοποῦντος,
949 2213 1199 2274 καὶτοὺς
1236 2210 1634 2280 εἰργασμένους
1675 2211 1790 2262 εἰσ-

209 2308 529 2374 πράττοντα
555 2305 731 2367 δίκας·
756 2304 905 2357 ἔνθεν
930 2302 1058 2374 παρ’
1088 2302 1272 2366 αὐτοῖς
1297 2302 1392 2355 καὶ
1422 2304 1451 2355 ὁ
1483 2302 1617 2364 Ζεὺς
1659 2302 1718 2355 ἀ)
1730 2303 1794 2356 ἀ-

211 2414 376 2467 στωρ.
422 2396 624 2467 Εὖροις
649 2396 706 2447 δ’
737 2394 803 2448 ἂν
845 2395 939 2448 καὶ
969 2395 1030 2448 τὸ
1064 2394 1199 2447 πῦον
1234 2395 1312 2456 είς
1352 2394 1513 2447 πέντε
1537 2394 1783 2465 διαιρού-

214 2506 370 2556 μενον
419 2487 821 2557 σημαινόμενα·
875 2486 955 2550 si;
998 2504 1060 2539 τε
1106 2487 1204 2549 τὰς
1237 2486 1342 2557 πρὸ
1385 2485 1479 2539 τοῦ
1515 2485 1792 2555 γάλακτος

213 2578 431 2648 ῥανίδας
462 2577 575 2630 τῶν
609 2576 789 2648 θηλῶν
817 2576 1253 2647 ἀποθλιϐομένας
1275 2590 1287 2606 ⁶
1338 2578 1431 2629 καὶ
1464 2579 1545 2640 εἰς
1574 2575 1707 2629 αὐτὸ
1732 2576 1795 2629 τὸ

212 2669 347 2737 γάλα
370 2685 383 2698 ·
416 2670 517 2722 καὶ
555 2669 661 2739 μὴν
696 2670 795 2721 καὶ
824 2652 999 2732 εἰς’τὸ
1031 2668 1438 2739 μεταϐεϐληκὸς
1485 2662 1627 2737 αἷμα
1701 2667 1796 2719 καὶ

215 2761 273 2830 δὴ
306 2762 403 2813 καὶ
453 2761 536 2823 εἰς
578 2761 643 2813 τὸ
684 2760 1032 2829 γαλακτῶδες
1081 2759 1267 2830 ὑγρὸν,
1304 2760 1439 2829 ὅπερ
1485 2758 1579 2812 καὶ
1635 2757 1797 2830 ὀρῤδν

221 2853 471 2906 καλοῦσι·
507 2853 654 2916 τινὲς
686 2854 743 2905 δὲ
769 2853 905 2905 πῦον
945 2852 1166 2906 καλοῦσι
1205 2853 1300 2905 καὶ
1327 2852 1388 2904 τὸ
1416 2850 1535 2904 νέον
1569 2850 1646 2920 τῷ
1671 2851 1797 2921 χθε-

222 2947 342 3017 oQO
391 2944 701 3016 συνεψηθὲν
751 2945 915 3013 γάλα.
955 2941 1077 2997 Οἷδε
1117 2944 1175 2997 δὲ
1206 2943 1304 2996 καὶ
1332 2943 1393 2995 τὸ
1424 2938 1538 2995 εἶεν
1565 2942 1798 3013 διάφορα

1893 1844 2122 1914 insuper
2170 1854 2226 1900 et
2262 1860 2387 1899 eum
2436 1846 2529 1915 qui
2590 1845 2911 1915 hujusmodi
2966 1846 3228 1900 scelestos
3276 1831 3467 1914 perse-

1894 1938 2101 2007 quitur,
2139 1952 2335 2001 nempe
2387 1938 2479 2007 qui
2525 1938 2579 1991 in
2616 1938 2882 1993 ntaleﬁcia
2916 1938 3323 2001 animadvertit,
3358 1954 3476 2007 pte-

1895 2045 2105 2098 nasque
2144 2045 2173 2082 a
2208 2031 2315 2083 reis
2372 2030 2652 2100 reposcit:
2711 2030 2854 2084 unde
2912 2030 3076 2084 etiam
3130 2029 3342 2099 Jupiter
3406 2030 3476 2084 ab

1895 2121 2127 2175 ethnicis
2159 2122 2339 2175 dictus
2383 2121 2659 2192 ἀλάστωρ.
2712 2120 2853 2173 Πῦον
2908 2136 3127 2191 quoque
3184 2121 3387 2177 senties
3420 2121 3477 2173 in

1894 2216 2137 2285 quinque
2166 2212 2504 2282 signiﬁcatus
2537 2213 2728 2267 abire:
2765 2228 2960 2281 nempe
3011 2211 3477 2282 signiﬁcatstillas

1895 2303 2218 2374 papillarum
2265 2312 2391 2357 ante
2432 2304 2515 2356 lac
2549 2318 2856 2373 expressas,
2908 2304 2990 2357 lac
3020 2304 3225 2371 ipsum,
3285 2316 3397 2357 tum
3424 2313 3480 2358 et

1896 2394 2216 2465 sanguinem
2267 2405 2610 2464 corruptum,
2666 2404 2779 2449 tum
2838 2395 3078 2464 denique
3141 2395 3474 2450 subviridem

1897 2486 2181 2541 humorem
2235 2488 2467 2542 lacteum
2526 2488 2673 2557 quod
2720 2504 2901 2543 serum
2921 2499 3139 2543 vocant.
3192 2490 3477 2543 lmonon-

1898 2578 2032 2631 nulli
2066 2577 2205 2631 πῦον
2238 2579 2513 2648 appellant
2550 2595 2751 2633 novum
2784 2580 2870 2635 iac
2906 2595 3029 2635 cum
3064 2584 3317 2635 hesterno
3345 2596 3478 2635 con-

1897 2679 2139 2725 coctum.
2170 2671 2406 2726 V'erbum
2462 2686 2680 2741 quoque
2729 2658 2839 2724 εἷεν
2880 2673 3101 2727 diversa
3157 2673 3472 2743 signiﬁcare

1899 2761 2038 2815 solet
2072 2781 2087 2816 :
2116 2778 2242 2816 nam
2274 2773 2328 2817 et
2361 2763 2582 2817 initium
2611 2764 2879 2818 orationis
2899 2774 3019 2833 est;
3053 2774 3107 2820 et
3145 2767 3211 2820 ad
3246 2781 3481 2821 conces-

1901 2851 2110 2907 sionem
2170 2868 2617 2924 consensumque
2666 2855 2982 2909 adhibetur.
3041 2854 3298 2911 Nonnulli
3350 2872 3481 2911 vero

1903 2953 2195 3014 utrumque
2242 2946 2632 3015 amplectentes
2680 2948 3013 3017 praedictum
3084 2949 3478 3017 signiﬁcatum,

222 3037 499 3108 σημαίνειν
526 3050 542 3066 ·
585 3036 681 3089 καὶ
726 3035 835 3115 γὰρ
878 3032 1366 3105 παραλαμϐάνεται
1412 3032 1511 3102 μὲν
1543 3032 1619 3096 ὡς
1651 3031 1795 3102 ἀρχὴ

1905 3053 2033 3092 voce
2062 3040 2162 3092 liae
2188 3049 2242 3092 et
2282 3039 2729 3107 approbationem
2761 3050 2889 3094 ante
2936 3041 3205 3095 dictorum
3258 3043 3311 3096 in
3362 3059 3481 3097 ser-

222 3129 370 3197 λόγου
400 3147 414 3159 ·
453 3126 946 3199 παραλαμϐάνεται
977 3125 1033 3177 δὲ
1060 3124 1156 3177 καὶ
1198 3124 1291 3177 ἐπὶ
1333 3121 1709 3185 κατανεύσεὼς
1742 3137 1800 3174 τε

221 3222 308 3273 καὶ
338 3217 803 3287 συγκαταθέσεως
826 3230 842 3246 ·
880 3217 932 3268 oi.
956 3215 1013 3269 δὲ
1043 3213 1511 3283 συλλαμϐάνοντες
1534 3211 1704 3282 ἄμφω
1732 3210 1801 3263 τὰ

221 3314 485 3383 εἰρημένα
546 3306 947 3380 συγκατάθεσίν
995 3323 1057 3360 τε
1104 3304 1302 3376 δηλοῦν
1346 3304 1479 3358 αὐτὸ
1516 3302 1800 3373 βούλονται

217 3407 319 3457 τῶν
344 3407 408 3458 ὲν
436 3402 521 3474 τῷ
550 3402 697 3474 λόγῳ
721 3399 1159 3473 προειρημένων,
1194 3398 1290 3453 καὶ
1316 3396 1491 3468 ἀρχὴν
1518 3395 1629 3449 τῶν
1668 3394 1799 3464 μελ-

218 3495 415 3548 λόντων
446 3493 727 3565 εἰρῆσθαι·
757 3491 894 3546 ἀλλὰ
923 3490 1018 3545 καὶ
1047 3491 1168 3544 ἀντὶ
1194 3490 1293 3543 τοῦ
1322 3489 1423 3558 ἆγε
1453 3489 1517 3561 δὴ
1550 3491 1618 3560 τῇ
1647 3490 1797 3559 φωνῇ

218 3589 537 3660 κέχρηνται·
585 3590 699 3649 τοῖς
743 3586 802 3638 δὲ
850 3582 1337 3655 παραλαμϐάνεται
1386 3583 1482 3635 καὶ
1529 3582 1669 3635 κατὰ
1699 3581 1797 3634 τοῦ

213 3679 387 3730 ἑπαῐω
415 3678 513 3729 καὶ
545 3675 792 3745 συνίημι.
823 3674 934 3727 Καὶ
964 3673 1284 3743 πολύστιχον
1310 3671 1377 3726 ἄν
1412 3689 1494 3735 τις
1518 3672 1797 3743 ἀπαρτίσῃ

215 3769 422 3841 βίϐλον,
444 3769 550 3820 οὐκ
574 3767 672 3820 ἐὰν
700 3764 864 3821 ποθὲν
886 3765 985 3830 τὰς
1006 3764 1212 3834 πολυσή
1220 3780 1353 3834 μους
1373 3763 1556 3833 φωνὰς
1572 3763 1800 3826 ἁπάσας

215 3858 536 3932 περιλαϐεῖν
558 3857 807 3927 ὲθελήσοι
817 3897 832 3921 ,
848 3855 1086 3927 ἐργῶδές
1100 3872 1161 3908 τε
1178 3857 1285 3927 γὰρ
1297 3853 1454 3907 τοῦτο
1469 3856 1560 3909 καὶ
1572 3853 1801 3922 πλησίον

215 3953 321 4004 τῶν
344 3950 685 4017 ἁνεφίκτων,
712 3947 825 4002 ἀλλ’
849 3948 947 4001 ἐὰν
973 3949 1050 4012 είς
1078 3946 1135 3999 ἓν
1164 3948 1493 4015 συναγαγεῖν
1512 3944 1799 4015 βουληθείη

214 4046 309 4105 τὰς
345 4043 443 4093 επὶ
486 4039 651 4094 πλέον
676 4040 786 4091 τῶν
820 4038 997 4092 ἄλλων
1028 4037 1305 4107 συνήθεις,
1344 4037 1438 4090 καὶ
1466 4038 1581 4098 τοῖς
1622 4035 1800 4103 λόγοις

220 4134 422 4202 μᾶλλον
457 4128 900 4195 ἑπιπολαζούσας
925 4146 940 4161 ·
992 4124 1082 4183 οἶα
1119 4130 1186 4201 δὴ
1228 4129 1322 4182 καὶ
1364 4131 1495 4199 ἡμῖν
1547 4127 1797 4198 ἐπράχθη

218 4228 313 4293 τὴν
334 4224 448 4277 τῶν
484 4222 786 4293 μειρακίων
811 4220 1049 4291 ἠλικίαν,
1066 4218 1141 4281 ὡς
1168 4220 1261 4271 καὶ
1286 4218 1444 4281 αὐτὸς
1461 4212 1638 4282 οἶσθα,
1658 4234 1800 4286 παρ-

222 4318 546 4371 αλλάττουσι
565 4316 702 4386 (56)·
727 4314 846 4367 νυνὶ
863 4314 919 4366 δὲ
944 4314 1039 4366 καὶ
1063 4313 1183 4364 ὅσαι
1203 4312 1470 4381 εἴρηνται,
1488 4310 1587 4381 τὴν
1608 4310 1797 4381 χρείαν

1904 3144 2069 3184 mone
2107 3130 2474 3185 demonstrari
2522 3132 2709 3195 aiunt,
2744 3140 2799 3186 et
2853 3132 3067 3186 initium
3111 3150 3235 3187 mox
3294 3134 3484 3190 dicen-

1905 3223 2119 3273 dorum.
2168 3221 2407 3276 Utuntur
2456 3222 2563 3277 hac
2614 3238 2750 3278 voce
2797 3224 2961 3277 etiam
3017 3240 3117 3294 pro
3165 3241 3265 3297 age
3322 3242 3478 3282 vero.

1902 3313 2134 3380 Quidam
2170 3314 2408 3383 denique
2436 3315 2718 3385 accipiunt
2750 3318 2913 3371 etiam
2952 3332 3051 3386 pro
3105 3320 3273 3372 audio
3302 3328 3355 3373 et
3381 3335 3481 3389 pro

1902 3406 2164 3474 intelligo.
2203 3404 2455 3473 Ampium
2487 3407 2760 3460 conﬁcere
2812 3406 3000 3460 liceret
3031 3408 3310 3465 volumen.
3368 3424 3477 3461 nun

1900 3498 2023 3553 dico
2071 3498 2142 3553 ob
2194 3496 2597 3553 coaeerrandas
2657 3498 2898 3569 undique
2950 3501 3087 3553 varii
3126 3500 3482 3569 signiﬁcatus

1901 3608 2065 3649 voces
2100 3594 2248 3665 (nam
2293 3593 2344 3647 id
2366 3609 2656 3663 Operosum
2692 3606 2744 3648 et
2777 3610 2943 3664 prope
2970 3595 3354 3665 impossibile),
3382 3600 3479 3651 sed

1901 3687 1947 3740 si
1980 3688 2107 3755 quis
2125 3685 2207 3739 vel
2232 3686 2546 3740 usitatiores
2571 3689 2949 3741 tantummodo
2982 3703 3279 3757 congerere
3299 3690 3481 3756 vellet,

1900 3788 1950 3833 et
1974 3793 2098 3848 qua:
2126 3781 2178 3831 in
2208 3794 2517 3833 sermonem
2566 3778 2905 3850 frequentius
2938 3780 3267 3847 incurrunt;
3296 3781 3482 3849 cujus-

1903 3870 2048 3923 modi
2085 3886 2279 3940 opusa
2311 3886 2399 3925 me
2449 3872 2567 3937 ipso
2606 3871 2911 3927 confectum
2944 3873 3065 3935 fuit.
3102 3882 3162 3928 ut
3210 3874 3341 3937 scis,
3371 3888 3483 3943 quo

1903 3972 2145 4032 tempore
2196 3979 2228 4017 e
2258 3965 2443 4031 pueris
2494 3966 2852 4020 excedebam.
2920 3964 3076 4020 Nunc
3127 3976 3304 4020 tamen
3358 3982 3483 4036 quae

1903 4053 2168 4109 hactenus
2221 4055 2357 4116 dixi.
2421 4056 2498 4109 rei
2558 4057 2813 4121 praesenti
2884 4058 3101 4110 abunde
3180 4054 3478 4110 suﬁiciunt.

1902 4144 2016 4199 lmo
2067 4162 2134 4199 ne
2191 4146 2377 4201 tandiu
2440 4148 2659 4216 quidem
2733 4164 3040 4204 sermonem
3096 4151 3478 4219 produxissem

1903 4240 2051 4305 (nam
2085 4239 2215 4292 mihi
2272 4239 2342 4293 ab
2401 4238 2694 4294 insolentia
2733 4242 2957 4295 cavendi
3015 4256 3137 4297 mos
3172 4253 3480 4312 perpetuus

1905 4328 2052 4399 fuit),
2089 4331 2191 4384 nisi
2218 4345 2599 4400 saepenumero
2624 4331 3130 4387 animadvertissem
3162 4335 3303 4388 circa
3339 4352 3481 4389 non-

224 4410 474 4478 αὐτάρκη
507 4404 882 4474 παρέχονται·
934 4402 1028 4455 καὶ
1071 4402 1192 4454 οὐδὲ
1234 4402 1326 4454 ἐπὶ
1357 4400 1610 4452 τοσοῦτον
1662 4401 1728 4454 ἂν
1770 4401 1798 4452 ὁ

1904 4422 2086 4476 nullas
2126 4423 2419 4493 caeteroqui
2454 4423 2621 4491 probe
2671 4425 2983 4493 exploratas
3027 4439 3209 4489 voces,
3279 4428 3480 4481 multus

227 4504 351 4571 περὶ
381 4499 569 4552 αὐτῶν
599 4497 841 4568 προῆλθε
869 4496 1047 4563 λόγος·
1087 4494 1241 4563 φίλον
1276 4493 1384 4563 γὰρ
1410 4492 1495 4545 ἀεί
1528 4510 1619 4563 μοι
1654 4492 1796 4545 διευ-

1903 4510 2085 4565 adhuc
2123 4512 2426 4581 disputare,
2448 4512 2807 4584 studiumque
2844 4514 2912 4569 ad
2946 4530 3039 4570 cas
3069 4519 3482 4586 cognoscendas

224 4591 509 4643 λαϐεῖσθαι
530 4589 593 4641 τὸ
618 4587 1004 4658 ἀπειρόκαλον·
1038 4587 1086 4637 εί
1116 4585 1192 4655 μὴ
1219 4583 1478 4645 πολλάκις
1503 4582 1633 4651 περὶ
1661 4581 1805 4645 ἐνίας
1902 4603 2171 4659 conferre,

236 4682 327 4734 εῶν
348 4678 842 4750 διευκρινηοέντων
884 4677 1080 4742 λέξεων
1107 4673 1334 4735 πολλοὺς
1362 4668 1480 4725 οἴδα
1511 4671 1804 4743 συζητοῦν-

235 4791 315 4836 τας
342 4773 438 4826 καὶ
469 4769 707 4841 σπουδὴν
736 4773 812 4832 εἰς
847 4768 1083 4838 μάθησιν
1115 4766 1553 4833 συνεισάγοντας.

294 4865 359 4935 β’.
413 4861 578 4915 Ἀλλὰ
605 4860 713 4931 γὰρ
778 4858 1046 4927 τοσαύτης
1082 4855 1343 4925 ἀφθονίας
1404 4848 1804 4923 εύρισκομένης

230 4959 329 5011 τῶν
349 4955 683 5025 πολυσήμων
718 4954 777 5005 ὲν
804 4954 917 5013 τοῖς
943 4950 1052 5002 τῶν
1104 4947 1346 5018 ἀρχαίων
1403 4945 1802 5014 συντάγμασιν,

231 5043 299 5101 ὧν
327 5051 355 5101 ὁ
386 5047 502 5119 βίος
536 5044 697 5115 εἴπερ
723 5061 777 5096 τι
796 5042 922 5097 ἄλλο
950 5039 1190 5108 λογάδων
1234 5036 1431 5101 λέξεων
1459 5037 1492 5107 ἡ
1515 5037 1697 5105 σοφία,
1752 5037 1804 5087 τί

231 5144 420 5198 κωλύει
444 5143 538 5198 καὶ
571 5144 694 5204 ταῖς
727 5138 1023 5210 ἡμετέραις
1077 5132 1416 5204 ίερολογίαις,
1443 5126 1531 5194 αἷς
1558 5131 1666 5183 τῶν
1697 5148 1799 5183 σω-

229 5239 424 5308 τηρίων
446 5238 627 5309 ἔργων
656 5234 862 5296 σκοπὸς
890 5230 1262 5301 ῆδιδασκαλία
1279 5228 1372 5279 καὶ
1398 5228 1431 5296 ἠ
1460 5226 1803 5295 παραίνεσις,

231 5332 490 5403 διαφόρων
543 5329 925 5398 ὑποκειμένων
1006 5327 1296 5397 σήμαντρα
1360 5319 1807 5389 παραλαμϐάνειν

1977 4865 2033 4920 ‘2.
2080 4866 2192 4935 Age
2228 4880 2353 4919 vero
2382 4881 2505 4919 cum
2528 4875 2686 4921 tanta
2719 4867 2789 4921 sit
2816 4869 3272 4939 signiﬁcationum
3306 4873 3485 4925 varia-

1908 4976 2028 5014 rum
2056 4959 2209 5027 copia
2246 4957 2299 5010 in
2340 4958 2557 5027 scriptis
2591 4960 2827 5012 veterum
2853 5003 2866 5026 ,
2895 4978 3127 5030 quorum
3156 4964 3276 5016 vita:
3305 4965 3481 5017 curri-

1907 5052 2087 5108 culum
2114 5052 2166 5104 in
2198 5051 2423 5105 scientia
2458 5052 2724 5120 praecipue
2750 5053 3157 5123 deligendorum
3196 5057 3481 5110 verborum

1909 5153 2293 5212 consumptum
2352 5142 2487 5206 fuit;
2533 5144 2660 5211 quid
2715 5142 2768 5196 ni
2820 5156 3021 5199 nostra:
3069 5162 3287 5213 quoque
3340 5146 3482 5200 Scri-

1911 5244 2081 5302 ptura:
2111 5249 2317 5297 sat-rae,
2371 5249 2599 5303 quarum
2634 5244 2814 5289 tamen
2870 5235 2994 5291 ﬁnis
3037 5246 3121 5290 est
3162 5238 3481 5291 salutarium

1917 5340 2143 5393 Oper-um
2184 5325 2557 5393 magism-ium
2587 5335 2642 5379 et
2673 5326 2859 5381 suasio
2882 5367 2897 5393 ,
2938 5328 3067 5396 quid
3110 5328 3199 5393 ni,
3237 5327 3480 5394 inquam,

1750 5459 1981 5515 NOTAE.

296 5613 400 5683 (36)
431 5611 572 5667 Hinc
596 5609 985 5683 cognoscimus
1037 5618 1142 5683 qua
1179 5603 1609 5683 az_tate_Lexic0n
1642 5617 1800 5683 suum

1898 5601 2035 5655 1808
2076 5601 2137 5654 G.
2173 5601 2535 5665 llertnannus,
2567 5615 2672 5654 non
2724 5610 2899 5653 tamen
2934 5597 3049 5653 sine
3082 5593 3233 5664 gravi
3284 5594 3481 5660 lacuna

231 5672 514 5739 coniecerit
566 5672 833 5745 i’ltolitrs;
876 5672 1543 5747 quam'lucubrationeln
1578 5673 1807 5747 antehac
1898 5672 2042 5727 inter
2076 5672 2121 5725 Α
2150 5682 2203 5727 et
2236 5672 2294 5725 Ε.

230 5752 498 5817 ineditam,
542 5762 737 5809 nostra
771 5743 990 5803 domum
1024 5756 1179 5804 actate
1209 5745 1448 5816 vulgavit
1490 5743 1683 5812 Lipsiae
1715 5758 1803 5795 an.
