3830 6210
431 263 531 326 155

1581 253 1846 316 ΡΙῘΟΤΙΙ
1887 249 2392 312 PATRIARCI—LE
2426 251 2535 310 CP.

3579 255 3660 320 166

417 377 576 430 verba
607 369 927 426 notionibus
971 366 1094 422 aliis
1131 376 1293 437 atque
1335 367 1455 421 aliis
1490 371 1710 436 praedita
1761 365 1986 433 comple-

2104 364 2342 432 ὀνόματα
2370 380 2382 424 ;
2410 362 2490 414 διὸ
2523 361 2616 414 καὶ
2651 361 2710 413 τὸ
2732 360 3026 431 ἀπεκρίθη,
3067 361 3202 432 ὅπερ
3237 379 3296 414 σε
3329 361 3578 427 πολλάκις
3599 372 3665 430 εἰς

411 475 626 522 ctantur
639 465 660 516 ?
673 461 853 527 Quare
868 460 1227 530 οιὰπεκρίθη,
1243 460 1387 527 quod
1420 460 1513 512 tibi
1535 459 1854 511 vocabulum
1873 471 2012 523 saepe

413 555 810 612 dubitationem
831 550 1082 620 iniecisse
1115 551 1220 610 ais,
1261 550 1344 619 (ut
1377 565 1521 602 nunc
1552 557 1796 601 onuttam
1838 546 2008 615 signi-

412 651 726 712 licantiam,
769 654 1076 713 separatum
1128 653 1245 705 est;
1300 651 1354 695 et
1398 658 1532 710 quas
1581 641 1777 694 medici
1828 638 2011 707 appri-

412 757 499 796 me
532 740 764 799 callent,
809 737 1106 790 sudoribus
1145 734 1413 803 digestum
1441 775 1455 799 ,
1498 743 1552 786 et
1577 742 1856 787 excretum
1883 768 1898 792 ,
1949 735 2007 781 et

410 833 559 888 vasis
589 829 841 892 eﬁusum,
876 838 930 882 et
960 829 1012 880 in
1043 828 1148 882 hoc
1170 827 1385 894 desivit)
1433 842 1531 895 pro
1561 827 1894 888 divinarum,
1924 821 2008 875 in-

412 939 576 994 quam
599 965 614 989 ,
649 923 949 975 litterarum
983 935 1083 972 usu
1108 917 1384 988 ἀπεκρίθη
1411 918 1683 987 signiﬁcat
1729 917 1779 970 id
1801 955 1815 982 ,
1861 912 2007 983 quod

416 1031 580 1068 nemo
613 1013 818 1076 nescit,
845 1025 1167 1080 responsum
1199 1009 1264 1061 ad
1300 1009 1812 1079 interrogationem.
1853 1005 2007 1073 Stepe

411 1107 577 1160 etiam
602 1105 930 1172 expletivum
951 1101 1272 1155 vocabulum
1295 1108 1410 1163 est;
1439 1100 1712 1153 interdum
1738 1097 2006 1151 sermonis

411 1199 694 1250 exordium
724 1204 807 1250 est
834 1214 848 1259 ;
882 1204 996 1248 tum
1021 1196 1184 1247 etiam
1219 1196 1439 1247 deuolat
1469 1209 1658 1248 eormn
1700 1207 1822 1261 quae
1859 1191 2004 1244 dicta

412 1288 630 1342 inerunt
658 1286 1044 1340 admissionen't
1073 1301 1087 1348 ;
1120 1286 1246 1337 item
1283 1285 1495 1348 oravit,
1529 1285 1852 1351 depreCatus
1879 1290 1999 1345 est;

409 1389 523 1432 tum
552 1378 787 1446 denique
815 1373 1171 1444 interrogavit
1199 1390 1416 1443 quoque
1445 1372 1756 1444 signiﬁcare
1780 1385 2001 1438 compe-

409 1473 538 1526 ries.
579 1469 696 1524 Jam
737 1469 853 1538 ejus
893 1467 1263 1537 signiﬁcatus,
1307 1482 1471 1536 quem
1530 1481 1723 1518 outnes
1770 1475 2000 1540 norunt,

410 1564 576 1617 multa
605 1571 766 1631 atque
787 1560 944 1614 obvia
964 1559 1274 1614 testimonia
1302 1568 1448 1613 sunt.
1476 1556 1674 1620 Veluti,
1705 1577 1722 1607 ι
1753 1555 2001 1625 Respon-

408 1659 539 1709 dens
571 1656 758 1708 Simon
786 1654 980 1708 Petrus
1009 1653 1084 1706 ait
1137 1667 1150 1702 :
1205 1650 1282 1704 Tu
1311 1665 1370 1705 es
1400 1651 1650 1704 Christus
1696 1648 1868 1703 Filius
1906 1647 2000 1701 Dei

407 1749 610 1802 vivi".
646 1767 664 1800 ι
727 1746 862 1801 Nam
911 1747 1202 1800 Dominicae
1238 1744 1651 1814 interrogationi
1703 1758 1823 1812 quae
1865 1758 2000 1812 prae-

407 1849 662 1905 cesserat,
686 1858 704 1891 ι
739 1838 847 1894 Vos
876 1847 1074 1906 autem,
1111 1854 1270 1907 quem
1303 1853 1388 1892 me
1418 1853 1538 1890 esse
1571 1837 1755 1890 dicitis
1797 1855 1814 1886 ›
1841 1851 1997 1888 suam

413 1947 467 1988 et
528 1935 1026 2003 condiscipulorum
1086 1933 1409 1987 sententiam
1455 1931 1705 1999 princeps
1742 1929 1996 1983 subdidit.

412 2027 539 2079 item
574 2027 628 2078 in
665 2041 728 2078 ea
768 2025 1074 2076 locutione:
1117 2041 1134 2071 ι
1170 2021 1676 2092 Responditdicens
1711 2039 1723 2074 :
1753 2019 1853 2084 Qui
1907 2019 2001 2072 ha-

418 2118 508 2174 bet
565 2117 700 2169 duas
747 2117 958 2168 tunicas
991 2153 1005 2177 ,
1064 2115 1332 2180 impertiat
1382 2113 1456 2165 illi
1531 2113 1621 2180 qui
1671 2123 1821 2166 caret
1852 2111 1897 2140 ⁸⁵
1935 2125 1994 2170 ;ι

412 2207 555 2260 idem
589 2223 781 2261 sensus
814 2209 1200 2275 cognoscitur;
1235 2206 1414 2258 erudit
1444 2205 1589 2257 enim
1624 2206 1810 2258 turbas
1835 2245 1847 2268 ,
1876 2220 1999 2272 quae

411 2315 534 2353 eum
583 2310 906 2367 regaverant
945 2313 1182 2367 quonam
1232 2307 1388 2365 ροοιο
1429 2298 1656 2351 salutem
1700 2313 2001 2366 conseque-

408 2400 617 2446 rentur.
660 2389 832 2444 Sicuti
868 2391 1076 2445 etiam;
1142 2409 1161 2440 ι
1193 2389 1492 2459 Respondit
1537 2392 1616 2444 eis
1654 2389 1893 2443 Joannes
1919 2389 1998 2442 di-

408 2499 538 2538 cens
563 2501 577 2535 :
609 2483 720 2552 Ego
742 2499 884 2552 aqua
907 2485 1154 2551 baptizo;
1191 2484 1398 2536 medius
1421 2493 1601 2536 autem
1629 2493 1865 2537 ve~trum
1893 2489 1998 2544 est,

409 2592 570 2644 quem
607 2590 702 2627 vos
733 2576 1033 2629 nescitis“.
1077 2593 1094 2625 ι
1127 2574 1371 2638 Namque
1406 2577 1655 2641 verbum,
1692 2575 1992 2644 respondit,

414 2667 667 2720 eumdem
699 2682 858 2719 usum
894 2677 947 2718 et
978 2665 1083 2718 hoc
1115 2667 1232 2718 loco
1261 2674 1567 2718 censcrrat.
1606 2663 1865 2718 Sexcenta
1894 2665 2000 2718 alia

409 2759 676 2826 ejusmodi
713 2767 860 2812 sunt.
896 2757 999 2810 Sed
1026 2757 1170 2810 enim
1217 2757 1572 2810 locutionem:
1604 2777 1620 2806 ι
1653 2757 2001 2825 lllotempore

411 2852 744 2919 respondens
773 2848 930 2904 Jesus
955 2848 1092 2902 dixit
1117 2866 1129 2901 :
1161 2847 1440 2903 Conﬁteor
1467 2848 1581 2912 tibi,
1608 2847 1763 2902 Pater
1794 2849 1916 2902 caeli
1947 2858 2002 2903 et

414 2954 572 2998 terrte
595 2944 676 3007 ⁸⁸;
703 2962 720 2994 ι
754 2943 911 3005 hanc,
941 2942 1184 3008 inquam,
1214 2949 1428 2993 constat
1451 2955 1478 2992 a
1511 2942 1848 3009 pra'ccdente
1875 2957 1998 2996 sen-

2035 1707 2075 1761 Β

2113 452 2444 522 ἀμφιϐολίαν
2475 452 2610 521 ἔφης
2636 452 2893 522 ἐμϐαλεῖν
2921 469 2934 480 ·
2975 453 3062 504 ἵνα
3094 452 3187 504 νῦν
3247 454 3394 505 ἐάσω
3417 456 3474 506 τὸ
3505 456 3666 526 διεχω-

2115 544 2272 616 ρίσθη
2307 561 2320 574 ·
2354 544 2447 598 καὶ
2476 544 2503 597 ὃ
2535 544 2766 613 μάλιστα
2797 544 2986 605 παῖδες
3013 545 3215 614 ἰατρῶν
3250 543 3398 596 ἴσασι
3429 545 3487 597 τὸ
3507 546 3668 615 διεφο-

2116 636 2254 707 ρήθη
2285 653 2366 701 τε,
2399 638 2494 689 καὶ
2516 636 2792 706 ἐξεκρίθη,
2827 636 2921 688 καὶ
2943 635 3191 705 ἐξεχύθη,
3250 635 3348 688 καὶ
3416 637 3492 700 εἰς
3531 638 3670 694 τοῦτο

2111 728 2407 797 κατέληξεν
2441 745 2453 756 ·
2485 727 2597 781 ἀλλ’
2629 727 2710 795 ἐφ’
2737 722 2812 781 ὧν
2845 745 2908 794 γε
2932 729 3164 799 συνήθης
3221 729 3341 779 ἐστὶ
3370 728 3477 780 τῶν
3504 728 3669 783 θεοσό-

2111 838 2226 890 φων
2255 823 2287 890 ή
2312 822 2505 891 χρῆσις
2539 821 2754 887 λογίων,
2777 815 3032 890 σημαίνει
3070 819 3166 890 μὲν
3187 804 3250 872 τὸ
3280 820 3567 890 ἀπεκρίθη,
3587 826 3668 876 καὶ

2109 915 2174 984 ἢν
2203 913 2373 974 οὐδεὶς
2402 914 2586 980 ἀγνοεῖ
2609 913 2866 978 διάνοιαν,
2901 913 3023 982 ἥτις
3058 913 3152 966 καὶ
3180 911 3319 981 πρὸς
3352 910 3451 980 τὴν
3482 913 3670 980 ἐρώτη-

2109 1019 2194 1054 σιν
2228 1002 2537 1056 ἀποδίδοται
2567 1018 2581 1033 ⁶
2611 1003 2869 1066 πολλάκις
2903 1003 2958 1056 δὲ
3018 1004 3112 1056 καὶ
3163 1001 3668 1071 παραπληρώματος

2107 1100 2291 1168 ἐπέχει
2313 1099 2495 1163 τάξιν
2532 1099 2717 1152 ἄλλοτε
2752 1099 2927 1151 δὲκαὶ
2965 1099 3141 1168 ἀρχὴν
3162 1096 3473 1167 ἀναπληροῖ
3500 1097 3664 1164 λόγου·

2105 1194 2196 1246 ναὶ¹
2260 1193 2316 1246 δὲ
2351 1194 2447 1245 καὶ
2468 1192 2528 1246 τὸ
2582 1192 2931 1256 διαδέξασθαι
2965 1193 3052 1245 τὸν
3075 1189 3464 1263 προρρηθέντα
3528 1189 3666 1257 λόγον

2107 1286 2466 1340 ὑποϐάλλεται
2494 1301 2506 1314 ·
2537 1288 2633 1338 καὶ
2668 1286 2772 1355 μὴν
2803 1287 2898 1338 καὶ
2917 1285 2978 1338 τὸ
3013 1286 3257 1338 ἱκέτευσε
3319 1283 3417 1337 καὶ
3471 1284 3663 1352 ἐδέησε,

2104 1375 2287 1449 εὕροις
2320 1376 2366 1428 δ’
2399 1375 2465 1429 ἂν
2496 1379 2780 1446 σημαῖνον,
2806 1378 2901 1429 καὶ
2925 1376 2984 1429 τὸ
3011 1378 3255 1446 ἐρώτησε
3287 1395 3302 1409 ·
3334 1374 3601 1446 μαρτύρια
3617 1376 3664 1427 δέ

2104 1467 2197 1521 τοῦ
2247 1468 2344 1538 μὲν
2385 1467 2535 1539 παρὰ
2564 1468 2730 1521 πᾶσιν
2756 1468 3123 1538 ἐγνωσμένου,
3155 1467 3331 1520 πολλά
3354 1468 3412 1518 τέ
3441 1469 3555 1518 ἐστι
3581 1466 3664 1518 καὶ

2103 1561 2289 1614 λαϐεῖν
2319 1561 2624 1630 πρόχειρον,
2656 1556 2791 1625 οἷον,
2827 1579 2846 1611 ‹
2872 1560 3217 1631 Ἀποκριθεὶς
3260 1561 3443 1628 Σίμων
3479 1561 3664 1629 Πέτρος

2104 1649 2224 1706 εἷπε
2257 1669 2272 1682 ο
2344 1653 2415 1705 Σὺ
2455 1648 2502 1705 εἷ
2539 1653 2567 1704 6
2607 1653 2842 1722 Χριστὸς
2873 1653 2902 1704 6
2933 1652 3058 1714 Υίὺς
3102 1653 3196 1704 τοῦ
3229 1650 3367 1704 Θεοῦ
3397 1649 3488 1703 τοῦ
3540 1649 3662 1713 ζῶν-

2101 1763 2214 1805 τος.
2255 1763 2273 1794 ι
2306 1745 2415 1798 Καὶ
2443 1744 2550 1816 γὰρ
2583 1744 2718 1817 πρὸς
2747 1745 2845 1814 τὴν
2868 1744 3209 1814 Δεσποτικὴν
3247 1741 3516 1810 ἐρώτησιν
3576 1742 3662 1811 τὴν

2102 1834 2503 1906 προλαϐοῦσαν,
2557 1835 2745 1904 Ὑμεῖς
2792 1836 2847 1888 δέ
2879 1835 2999 1888 τίνα
3040 1853 3105 1904 με
3148 1835 3338 1902 λέγετε
3369 1830 3540 1895 sint;
3577 1835 3663 1901 τὴν

2101 1926 2272 1980 αὑτοῦ
2319 1925 2547 1995 γνώμην
2592 1928 2620 1979 6
2667 1928 2960 1998 κορυφαῖος
3006 1925 3245 1979 καὶτῶν
3311 1925 3663 1994 συμμαθητῶν

2101 2018 2406 2072 ἀποδίδωσι.
2443 2018 2552 2070 Καὶ
2579 2020 2637 2070 ἐν
2668 2018 2768 2087 τῷ,
2805 2037 2822 2069 ι
2859 2018 3156 2089 Ἀπεκρίθη
3191 2018 3248 2068 δὲ
3279 2017 3450 2084 λέγων
3475 2017 3657 2077 αὐτοῖς.

2102 2111 2129 2163 ὁ
2156 2110 2297 2179 ἔχων
2319 2109 2410 2162 δύο
2440 2109 2672 2179 χιτῶνας
2697 2110 2972 2179 μεταδότω
3001 2109 3079 2178 τῷ
3097 2110 3170 2179 μὴ
3203 2110 3402 2178 ἔχοντι,
3438 2128 3455 2159 ι
3486 2110 3517 2177 ή
3542 2107 3661 2175 αὐτη

2101 2201 2404 2271 καθορᾶται
2434 2201 2627 2272 γνώμη
2659 2219 2671 2231 ·
2708 2205 2820 2264 τοῖς
2847 2201 2954 2272 γάρ
2980 2203 3327 2272 ἐρωτήσασιν
3367 2200 3661 2269 ὄχλοιςόοω

2101 2294 2485 2364 καρπώσονται
2533 2294 2630 2364 τὴν
2679 2295 2971 2363 σωτηρίαν,
3023 2293 3424 2346 ὑποδείκνυσιν.
3472 2292 3662 2360 ’Ὥσπερ

2101 2388 2195 2439 καὶ
2225 2387 2307 2451 τὸ,
2339 2405 2358 2437 ι
2390 2387 2691 2458 Ἀπεκρίθη
2717 2387 2898 2449 αὐτοῖς
2927 2390 2954 2440 ὀ
2997 2387 3251 2456 Ἰωάννης
3281 2386 3452 2453 λέγων
3485 2402 3496 2414 ·
3538 2382 3662 2452 Ἐγὼ

2104 2477 2350 2548 βαπτίζω
2371 2480 2429 2530 ἐν
2461 2478 2616 2530 ὕδατι
2650 2494 2665 2508 ·
2713 2479 2874 2547 μέσος
2904 2478 2959 2530 δὲ
2987 2479 3140 2547 ὑμῶν
3176 2479 3412 2548 ἕστηκεν
3438 2477 3495 2528 ὃν
3523 2477 3662 2545 ὑμεῖς

2101 2572 2199 2624 οὐκ
2223 2573 2400 2624 οἴδατε
2425 2609 2440 2622 .
2493 2590 2512 2624 ι
2553 2570 2645 2634 Είς
2694 2574 2800 2642 γὰρ
2847 2571 2944 2641 τὴν
3001 2571 3170 2641 αὐτὴν
3201 2573 3298 2624 καὶ
3324 2570 3475 2623 τοῦτο
3493 2571 3660 2639 χρείαν

2101 2662 2449 2731 ἀναφέρεταιο
2499 2663 2590 2714 καὶ
2614 2663 2783 2732 μυρία
2811 2662 2962 2715 ἄλλα.
2997 2662 3068 2715 T6
3088 2664 3164 2728 δὲ,
3203 2681 3222 2712 ι
3259 2662 3350 2714 Ἐν
3382 2661 3564 2729 ἐκείνῳ
3594 2658 3660 2724 τῷ

2101 2752 2279 2824 καιρῷ
2320 2753 2686 2824 ἀποκριθεὶςό
2730 2755 2934 2824 Ἰησοῦς
2986 2749 3138 2806 εἶπεν
3165 2769 3178 2782 ·
3221 2747 3660 2822 Ἐξομολογοῦμαί

2103 2861 2208 2909 σοι,
2246 2846 2427 2916 Πάτερ
2464 2845 2639 2916 Κύριε
2685 2846 2777 2898 τοῦ
2813 2845 3044 2916 οὐρανοῦ
3101 2845 3316 2914 καὶτῆς
3339 2846 3490 2915 γῆς,›
3520 2843 3661 2912 δῆλον

2101 2935 2303 3003 ὄτιτῆς
2337 2937 2436 3006 μὲν
2474 2937 2888 3008 προειρημένης
2917 2939 3125 3001 ἐννοίας
3182 2938 3486 3008 διέστηκεν,
3509 2935 3660 3006 ἀρχῆς

409 3036 580 3090 tentia
619 3033 912 3088 discretam
963 3046 1116 3094 esse,
1174 3041 1335 3100 atque
1387 3032 1524 3084 initii
1575 3033 1749 3086 locum
1791 3043 1986 3102 tenere,

2103 3029 2162 3081 δέ
2191 3029 2374 3100 χώραν
2404 3031 2590 3100 ἐπέχει
2615 3048 2629 3062 ο
2658 3029 2778 3082 οὔτε
2812 3032 2920 3099 γάρ
2973 3030 3248 3100 ἐρώτησις
3307 3031 3659 3102 προηγήσατο.

407 3127 542 3182 Nam
598 3142 775 3196 neque
815 3124 1171 3194 interrogatio
1221 3134 1608 3191 praecesserat,
1661 3141 1834 3193 neque
1877 3128 1994 3180 cui-

327 3250 332 3254 -
408 3236 572 3288 quam
625 3219 866 3286 loquenti
922 3217 1390 3281 subjungebatzzr;
1437 3231 1619 3268 rerum
1685 3217 1797 3284 ipse
1838 3215 1996 3271 Jesus

411 3326 714 3363 sermonem
762 3308 1056 3360 exordiens
1089 3308 1290 3373 gratias
1327 3305 1471 3358 Patri
1518 3307 1649 3374 egit.
1684 3307 1871 3362 Simile
1914 3318 1998 3363 est

407 3403 568 3453 etiam
614 3417 626 3451 :
673 3417 691 3448 ι
722 3397 1074 3467 llespondens
1101 3401 1591 3469 archisynagogus,
1643 3403 1995 3457 stomachans

407 3491 554 3561 quod
586 3489 826 3544 Sabbato
859 3490 1183 3542 medicinam
1231 3490 1448 3544 fecisset
1477 3490 1635 3548 Jesus
1659 3493 1725 3547 ⁸³.
1761 3512 1780 3544 ι
1826 3495 1951 3549 Item
1978 3513 1991 3548 :

417 3603 436 3633 ι
468 3582 825 3650 liespondens
849 3580 1095 3649 pontifex
1119 3581 1253 3634 dixit
1275 3585 1322 3636 ei
1354 3600 1366 3636 :
1400 3581 1608 3653 Adjuro
1639 3593 1688 3638 te
1714 3600 1808 3654 per
1827 3584 1993 3640 Deum

407 3675 612 3738 vivum,
637 3673 726 3727 dic
749 3673 906 3727 nobis
937 3688 1064 3724 num
1091 3681 1148 3725 tu
1181 3673 1258 3726 sis
1279 3671 1534 3727 Christus
1555 3673 1644 3728 Dei
1677 3673 1846 3730 Filius
1868 3677 1936 3730 9°.
1968 3694 1987 3728 ι

408 3765 619 3819 Rursus
669 3763 944 3818 sermonis
1006 3762 1226 3816 initium
1271 3765 1557 3818 continent
1616 3769 1781 3820 verba
1833 3767 1990 3821 hanc:

415 3874 434 3906 ο
477 3854 830 3924 ltespondeus
877 3851 1040 3908 Jesus
1091 3853 1275 3908 dixit:
1327 3852 1428 3919 Qui
1484 3855 1746 3923 receperit
1799 3871 1896 3911 vos
1939 3857 1993 3910 in

409 3949 630 4002 nomine
657 3962 798 4010 meo,
835 3959 923 3998 me
958 3946 1191 4015 recipit;
1244 3955 1298 4000 et
1341 3947 1434 4015 qui
1480 3963 1564 4000 me
1614 3949 1840 4018 recipit,
1882 3964 1993 4003 non

407 4059 496 4097 me
527 4041 740 4110 recipit,
774 4041 868 4096 sed
896 4055 1018 4095 eum
1047 4040 1138 4109 qui
1178 4042 1323 4096 misit
1359 4057 1444 4096 me
1474 4043 1542 4094 θ’.
1581 4061 1599 4094 ι

475 4134 530 4188 5.
571 4131 740 4186 Porro
781 4140 962 4185 autem
1007 4133 1169 4186 verba
1199 4131 1289 4185 illa
1324 4150 1339 4186 :
1381 4150 1400 4183 ι
1437 4131 1794 4201 Respondens
1832 4132 1992 4192 Jesus

404 4227 588 4281 dixit:
651 4225 696 4277 Ο
761 4225 976 4287 mulier,
1034 4240 1230 4292 magna
1292 4233 1378 4279 est.
1431 4226 1564 4280 ﬁdes
1618 4236 1751 4293 tua;
1815 4230 1908 4282 ﬁat
1933 4238 1994 4283 ut

405 4317 487 4370 vis
508 4317 589 4369 9':
635 4333 652 4364 ι
689 4316 753 4368 ad
788 4318 991 4369 nullmn
1021 4317 1401 4384 praedictorum
1427 4334 1624 4372 usuum
1661 4321 1988 4386 referuntur,

406 4410 498 4461 sed
563 4410 912 4476 prmcedrntis
986 4409 1255 4462 sermonis
1322 4410 1709 4465 admissionem
1769 4413 1988 4466 sistunt.

407 4499 538 4554 Nam
574 4517 695 4553 rum
728 4500 1049 4554 Chananitis
1080 4501 1470 4556 miserabiliter
1491 4504 1836 4572 exposuisset
1869 4507 1989 4560 lilia:

406 4607 517 4645 sua:
559 4596 833 4655 morbum,
853 4593 1230 4662 medelamque
1259 4595 1517 4664 petisset;
1542 4611 1778 4666 cumque
1799 4599 1987 4650 eadem

405 4683 737 4749 asperiorem
801 4697 1023 4750 precum
1092 4699 1318 4738 suarum
1393 4686 1664 4756 repulsam
1722 4688 1991 4755 patienter

404 4775 728 4841 excepisset,
790 4774 1168 4844 dixissetque:
1232 4793 1251 4827 ι
1291 4774 1510 4846 Utique,
1549 4777 1798 4846 Domine,
1821 4782 1985 4835 etiam

404 4865 578 4918 catelli
610 4865 795 4918 herilis
847 4880 1048 4919 mensae
1070 4867 1315 4937 reliquiis
1359 4880 1686 4936 vescuntur;
1719 4890 1736 4921 ι
1766 4872 1865 4926 hac
1895 4875 1992 4926 ad-

405 4960 570 5013 missa
601 4959 849 5012 oratione
889 4960 1141 5014 subditur
1175 4978 1189 5015 :
1229 4980 1247 5012 ι
1286 4959 1442 5016 Tunc
1467 4964 1804 5031 respondens
1835 4964 1991 5020 Jesus

403 5052 478 5103 ait
508 5051 579 5102 illi
615 5067 626 5102 :
663 5049 847 5118 Magna
879 5052 1010 5106 ﬁdes
1045 5063 1178 5120 tua;
1207 5053 1300 5107 ﬁat
1332 5054 1430 5107 tibi
1468 5062 1528 5108 ut
1565 5055 1667 5108 vis.
1713 5073 1730 5106 ι
1765 5054 1992 5110 Constat

402 5143 543 5195 enim
571 5141 751 5196 Jesum
788 5142 943 5194 bona:
976 5144 1348 5212 supplicisque
1377 5141 1594 5198 femina:
1619 5146 1866 5199 oratione
1895 5147 1990 5199 ad-

404 5233 591 5298 missa,
655 5230 811 5284 ﬁdem
857 5231 977 5300 ejus
1029 5232 1186 5285 laude
1218 5231 1563 5297 mactavisse,
1612 5233 1988 5302 medelamque

405 5324 658 5392 largitum
687 5338 829 5376 esse.
863 5321 1116 5388 Ejusdem
1148 5321 1437 5376 sententia:
1468 5331 1597 5374 sunt
1625 5322 1789 5375 etiam
1825 5323 1940 5378 haec
1969 5340 1982 5377 :

408 5412 790 5481 «Respondens
836 5411 994 5466 Jesus
1043 5414 1180 5465 dixit
1229 5412 1327 5475 illi,
1360 5412 1557 5466 Beatus
1603 5427 1662 5466 es
1700 5414 1888 5467 Simon
1915 5415 1988 5468 ﬁli

399 5502 568 5570 Jonas,
595 5506 724 5575 quia
776 5520 907 5560 caro
937 5515 989 5559 et
1021 5508 1244 5573 sanguis
1285 5520 1392 5558 non
1443 5505 1700 5559 revelavit
1733 5505 1827 5558 tibi
1855 5507 1920 5559 ⁸³.
1961 5527 1978 5558 ι

471 5615 518 5647 ³⁵
548 5617 735 5672 Matth.
760 5633 870 5676 xvr,
905 5615 986 5669 l6.
1061 5619 1105 5647 ³⁸
1140 5616 1269 5673 Luc.
1311 5634 1390 5682 ιιι,
1438 5619 1523 5671 ll.
1602 5619 1646 5648 ⁵⁷
1679 5617 1866 5673 Matth.
1897 5639 1974 5680 ιιι.

403 5702 550 5752 XXVI,
582 5689 670 5743 65.
741 5688 784 5720 ⁹¹
819 5686 982 5739 Marc.
1049 5704 1118 5752 xl,
1149 5692 1235 5740 liti.
1341 5692 1385 5720 ²³²
1428 5690 1612 5743 Matth.
1655 5707 1736 5751 ιν,
1768 5692 1856 5743 :28.

2022 4383 2065 4436 D

2044 5625 2064 5677 1

2099 3121 2214 3174 ἀλλ’
2245 3121 2367 3174 οὐδέ
2388 3140 2508 3175 τινα
2528 3122 2760 3189 λέγοντα
2789 3122 3081 3188 διεδέξατο,
3141 3123 3260 3176 ἀλλ’
3306 3121 3467 3183 αὐτὸς
3495 3123 3521 3174 6
3571 3120 3661 3186 Ἰη-

2100 3214 2224 3276 σοῦς
2247 3215 2423 3284 ἀρχὴν
2451 3215 2703 3285 ἐμϐαλὼν
2726 3215 2804 3286 τῷ
2835 3216 2998 3286 λόγῳ,
3049 3217 3148 3286 τὴν
3203 3215 3549 3287 εὐχαριστίαν
3593 3212 3661 3280 τῷ

2096 3305 2271 3375 Ila-cpi
2307 3305 2739 3378 προσηνέγκατο.
2768 3307 3038 3369 Ὡσαύτως
3060 3308 3153 3360 καὶ
3180 3308 3265 3372 τὸ,
3293 3327 3310 3359 ι
3335 3303 3662 3376 Ἀποκριθεὶς

2099 3398 2128 3448 δ
2160 3398 2610 3468 ἀρχισυνάγωγος
2644 3400 2970 3468 ἀγανακτῶν
2998 3401 3080 3453 ὅτι
3120 3400 3198 3471 τῷ
3257 3398 3514 3467 Σαϐϐάτῳ
3555 3394 3660 3447 ἐθε-

2098 3491 2370 3560 ράπευσεν
2407 3494 2436 3544 ὁ
2469 3490 2710 3561 Ἰησοῦςο
2741 3512 2758 3543 ι
2799 3492 2890 3545 ναὶ
2921 3492 2985 3563 δὴ
3013 3493 3202 3556 καὶτὸ,
3237 3513 3256 3544 ι
3280 3489 3612 3560 Ἀποκριθεὶς
3638 3487 3662 3538 6

2095 3583 2388 3652 ἀρχιερεὺς
2435 3579 2587 3635 εἶπεν
2637 3583 2804 3655 αὐτῷ,
2836 3584 3132 3655 Ἐξορκίζω
3167 3602 3227 3637 σε
3261 3582 3403 3638 κατὰ
3428 3580 3519 3634 τοῦ
3541 3577 3659 3632 Θεοῦ

2096 3671 2317 3737 ζῶντος,
2369 3673 2490 3726 είπέ
2527 3675 2660 3742 ἡμῖν
2709 3676 2758 3726 εἰ
2824 3675 2887 3727 σὺ
2917 3671 2965 3726 εἱ
2997 3677 3025 3726 6
3071 3675 3307 3744 Χριστὸς
3357 3672 3534 3736 ὀΥίὸς
3578 3666 3660 3720 τοῦ

2094 3763 2253 3818 Θεοῦ.
2288 3763 2486 3836 Ἀρχὴν
2512 3765 2556 3818 δ’
2591 3765 2658 3820 ἂν
2683 3766 2870 3836 ἐπέχοι
2901 3767 3059 3834 λόγου
3096 3767 3191 3818 καλ¹
3219 3769 3283 3819 τό
3310 3783 3322 3795 ·
3357 3784 3376 3816 ι
3421 3766 3660 3828 Ἀποκρι-

2095 3856 2213 3920 θεὶς
2237 3858 2265 3908 6
2301 3857 2511 3928 Ἰησοῦς
2541 3855 2696 3912 εἶπεν
2721 3876 2734 3889 ·
2795 3862 2891 3921 Ὃς
2927 3861 3020 3912 ἐὰν
3060 3860 3283 3929 δέξηται
3309 3860 3450 3930 ὑμᾶς
3484 3855 3570 3908 ἐπὶ
3592 3850 3659 3920 τῷ

2097 3948 2217 4019 ἐμῷ
2247 3950 2494 4021 ὀνόματι,
2539 3951 2642 4021 ἐμέ
2665 3950 2884 4021 δέχεται
2908 3967 2923 3983 ο
2959 3952 3055 4004 καὶ
3083 3951 3141 4014 ὃς
3171 3951 3238 4004 ἂν
3281 3951 3382 4022 ἐμὲ
3432 3949 3656 4018 δέξηται,

2092 4048 2193 4100 οὐκ
2220 4046 2322 4118 ἐμὲ
2351 4047 2588 4118 δέχεται,
2614 4047 2754 4101 ἀλλὰ
2774 4048 2863 4100 τὸν
2886 4047 3284 4102 ἀποστείλαντά
3317 4065 3405 4118 με.
3442 4064 3460 4096 ι

2163 4143 2234 4204 γ’.
2279 4138 2367 4190 Ἐν
2421 4137 2610 4206 μέντοι
2641 4153 2726 4206 γε,
2770 4157 2787 4188 ι
2836 4136 3184 4205 ’Λποκριθεὶς
3217 4140 3246 4190 ὁ
3284 4136 3489 4206 Ἰησοῦς
3519 4129 3657 4185 εἶπεν

2093 4230 2252 4301 αὐτῇ,
2289 4225 2359 4281 Ὦ
2399 4231 2577 4299 γύναι,
2608 4231 2814 4302 μεγάλη
2848 4249 2938 4284 σου
2978 4233 3008 4300 ή
3043 4230 3246 4295 πίστις,
3276 4230 3552 4300 γενηθήτω
3583 4239 3656 4274 σοι

2093 4321 2169 4382 ὡς
2209 4320 2407 4384 θέλεις,
2446 4341 2465 4373 ι
2487 4323 2566 4383 εἰς
2592 4323 2869 4394 οὐδέτερον
2895 4323 2992 4393 μὲν
3031 4322 3366 4392 ἀναφέρεται
3390 4320 3494 4374 τῶν
3517 4318 3655 4386 είρη-

2098 4413 2292 4482 μένων,
2319 4412 2570 4484 διαδοχὴν
2591 4413 2646 4466 δὲ
2675 4413 2833 4481 λόγου
2863 4415 3169 4481 συνεισάγει
3191 4431 3204 4444 ·
3233 4416 3332 4484 τῆς
3359 4413 3464 4482 γὰρ
3490 4410 3654 4463 Χανα-

2099 4504 2299 4568 νίτιδος
2356 4505 2891 4575 ὲλεεινολογουμένης
2923 4505 3022 4574 μὲν
3045 4505 3106 4558 τὸ
3132 4505 3231 4576 τῆς
3265 4504 3528 4573 θυγατρὸς
3557 4498 3652 4550 πά-

2093 4596 2205 4660 θος,
2261 4597 2360 4665 τὴν
2416 4596 2716 4667 θεραπείαν
2755 4596 2812 4648 δὲ
2844 4596 3192 4666 αἱτουμένης,
3254 4597 3348 4650 καὶ
3386 4593 3515 4665 πρὸς
3563 4589 3653 4654 τὴν

2094 4689 2510 4759 ἀποτρέπουσαν
2537 4689 2637 4759 τὴν
2669 4689 2906 4758 σπουδὴν
2934 4689 3104 4761 αὐτῆς
3126 4689 3282 4759 ὕϐριν
3299 4679 3650 4756 εὐγνωμονοῦ-

2094 4797 2194 4850 σης
2223 4779 2315 4832 καὶ
2338 4779 2625 4850 λεγούσης,
2651 4798 2669 4829 ι
2698 4780 2824 4844 Ναὶ,
2853 4779 3044 4849 Κύριε,
3089 4781 3181 4832 καὶ
3210 4779 3317 4848 γὰρ
3337 4779 3402 4830 τὰ
3436 4771 3650 4840 κυνάρια

2096 4871 2264 4924 ἐσθίει
2287 4871 2392 4923 ἀπὸ
2409 4874 2508 4941 τῆς
2527 4872 2805 4942 τραπέζης
2821 4871 2928 4923 τῶν
2957 4871 3159 4940 κυρίων
3191 4869 3388 4933 αὐτῶν,
3419 4888 3436 4917 ι
3465 4863 3650 4927 ἐπάγε·

2091 4979 2182 5014 ται
2213 4963 2353 5015 κατὰ
2369 4961 2621 5033 διαδοχὴν
2654 4964 2858 5014 ἐκεῖνον
2886 4962 2978 5014 τὸν
3019 4962 3195 5028 λόγον,
3235 4981 3253 5013 ι
3277 4962 3409 5013 Τότε
3436 4957 3649 5019 ἀποκρι-

2093 5053 2257 5116 θεὶςό
2295 5055 2502 5124 Ἰησοῦς
2557 5048 2710 5106 εἶπεν
2769 5055 2926 5125 αὐτῇ,
2981 5054 3206 5123 Μεγάλη
3237 5069 3329 5105 σου
3378 5052 3408 5118 ἠ
3457 5047 3643 5104 πίστις,

2090 5142 2376 5214 γενηθήτω
2431 5160 2512 5195 σοι
2551 5144 2626 5206 ὡς
2680 5142 2854 5205 θέλεις
2879 5160 2892 5172 ·
2937 5161 2956 5193 ι
2998 5143 3156 5211 δῆλον
3174 5142 3282 5211 γὰρ
3305 5141 3385 5193 ὅτι
3412 5137 3530 5195 τοὺς
3554 5128 3645 5194 τῆς

2095 5235 2516 5305 εὐγνωμοσύνης
2539 5236 2633 5288 καὶ
2665 5235 2900 5305 δεήσεως
2946 5234 3137 5303 λόγους
3195 5233 3478 5302 δεξάμενος
3503 5227 3530 5277 ὁ
3560 5223 3646 5287 Ἱτγ

2096 5328 2222 5390 σοῦς
2241 5328 2340 5398 τὴν
2369 5329 2552 5381 πίστιν
2580 5329 2752 5397 αὐτῆς
2775 5328 3099 5394 ἐμεγάλυνε,
3125 5328 3220 5380 καὶ
3245 5326 3338 5396 τὴν
3367 5323 3642 5392 θεραπείαν

2091 5421 2413 5488 παρέσχετο,
2441 5419 2531 5481 Ei;
2554 5419 2652 5489 τὴν
2691 5418 2861 5488 αὐτὴν
2893 5418 2949 5470 δὲ
2973 5418 3210 5472 διάνοιαν
3258 5413 3434 5485 ἀφορᾷ
3458 5409 3546 5462 καὶ
3560 5403 3638 5460 τὸ.

2093 5529 2110 5559 ι
2123 5510 2467 5579 Ἀποκριθεὶς
2483 5511 2510 5562 6
2527 5510 2729 5580 Ἰησοῦς
2750 5507 2899 5563 εἶπεν
2917 5511 3086 5582 αὐτῷ,
3102 5511 3379 5581 Μακάριος
3397 5501 3464 5570 εἴ,
3477 5500 3639 5567 Σίμων

2089 5626 2130 5678 ι.
2209 5622 2255 5655 εδ
2290 5625 2583 5692 Malth.x1,
2633 5625 2722 5681 es.
2829 5626 2876 5660 ⁸ο
2908 5627 3041 5684 Luc.
3083 5602 3348 5695 Χ111,Μ.”
3396 5618 3636 5672 manu.

1955 5695 1999 5724 ⁹⁴³
2056 5695 2242 5748 Matth.
2279 5713 2384 5762 xw,
2431 5697 2510 5747 l7.
