3864 6218
143 208 247 272 157

1131 209 1230 266 AD
1264 204 1858 267 AMPHILOCIIIUM
1916 207 2266 273 QU.’ESTlO
2305 210 2465 268 XXI.

3312 213 3414 277 158

133 325 244 392 βαρ
293 321 473 386 Ἰωνᾶ,
513 322 597 374 ὅτι
627 319 763 391 σὰρξ
788 320 882 373 καὶ
917 315 1056 388 αἷμα
1097 322 1195 372 οῦκ
1221 321 1539 388 ἀπεκάλυῴε
1582 339 1662 372 σοι
1695 336 1709 349 ⁸

1848 318 2063 388 iamque
2110 321 2191 373 his
2234 322 2416 376 verbis
2467 321 2609 376 Petri
2639 324 3041 382 confessionem
3085 328 3403 388 admittens.

131 411 520 483 διαδεξάμενος
553 414 663 483 γὰρ
690 414 769 484 τῷ
810 413 954 483 λόγῳ
977 414 1075 482 τὴν
1096 413 1523 480 ἀνακηρύξασαν
1558 415 1720 466 αὑτὸν

133 506 434 574 ὁμολογίαν
454 505 696 574 Χριστόν
717 522 774 557 τε
805 506 897 556 καὶ
928 505 1050 556 Υῐὸν
1081 503 1178 556 τοῦ
1209 503 1344 556 Θεοῦ
1401 504 1494 556 τοῦ
1523 505 1722 568 ζῶντος

136 596 429 650 ὑπολαϐὼν
467 597 580 666 (57)
612 596 864 667 ἐπιφέρει
892 596 984 648 τὸν
1019 595 1388 665 μακαρισμὸν.
1426 597 1534 665 Τῆς
1553 597 1724 666 αὐτῆς

135 689 179 741 δ’
237 688 306 740 ἂν
341 687 428 757 είη
457 687 775 757 συστοιχίας
823 686 919 738 καὶ
939 687 1021 748 τὸ,
1063 705 1081 736 ι
1109 687 1410 758 Ἀπεκρίθη
1437 687 1493 740 δὲ
1526 689 1672 758 αὐτῷ
1699 691 1726 741 6

150 777 410 845 Ἰωάννης
437 776 634 843 λέγων,
657 776 975 841 Διδάσκαλε,
1011 776 1226 845 εῖδομέν
1253 793 1374 830 τινα
1396 777 1488 829 ἐπὶ
1509 777 1584 848 τῷ
1607 779 1726 831 ὀνό-

139 869 273 938 ματί
336 885 431 920 σου
489 867 821 921 ἐκϐάλλοντα
863 869 1137 937 δαιμόνια,
1193 869 1252 931 ὂς
1311 869 1412 920 οὐκ
1442 870 1731 924 ἀκολουθεῖ

136 963 292 1030 ἡμῖν·
328 981 348 1013 ι
382 960 478 1014 καὶ
509 960 683 1014 πολλὰ
706 963 951 1014 τοιαῦτα.
986 962 1052 1014 ’Π
1079 962 1138 1015 δὲ
1165 963 1307 1016 κατὰ
1329 963 1427 1032 τὴν
1453 964 1732 1034 μεταμορ-

137 1068 316 1118 φωσιν
340 1052 445 1122 τῆς
479 1051 800 1121 θεοφανείας
843 1053 1056 1122 ἱστορία
1081 1054 1172 1107 τὸν
1218 1055 1458 1123 Μωῦσῆν
1499 1059 1593 1108 καὶ
1639 1055 1731 1107 τὸν

147 1142 348 1196 Ἠλίαν
375 1143 703 1212 παράγουσα
727 1143 1118 1208 συλλαλοῦντας
1163 1145 1243 1216 τῷ
1294 1149 1560 1219 Δεσπότῃ,
1609 1145 1730 1199 καθ’

134 1237 204 1304 ἢν
239 1235 341 1287 καὶ
368 1237 396 1288 6
430 1235 637 1305 Πέτρος
664 1235 836 1287 ὲδεῖτο
852 1234 1108 1304 γενέσθαι
1127 1237 1309 1301 αὐτοῖς
1340 1239 1544 1308 σκηνὰς
1560 1239 1732 1308 τρεῖς,

137 1326 198 1376 ἐν
227 1321 310 1393 τῷ
341 1341 361 1374 ι
394 1322 746 1394 Ἀποκριθεὶς
768 1325 796 1376 6
825 1325 1053 1396 Πέτρος,
1083 1343 1102 1376 ο
1141 1326 1241 1396 τὴν
1271 1327 1484 1381 ἱκεσίαν
1513 1325 1610 1380 καὶ
1639 1325 1735 1396 τὴν

135 1413 334 1483 δέησιν
375 1413 635 1481 σημαίνει
655 1432 670 1445 ο
696 1413 883 1487 ὥσπερ
900 1415 1171 1470 πάλινκαὶ
1187 1417 1270 1482 τὸ,
1297 1437 1316 1470 ι
1343 1397 1688 1490 Ἀποκριθεὶς
1709 1419 1737 1471 6

135 1504 359 1573 Πέτρος
405 1499 551 1566 εἷπε,
589 1503 768 1574 Κύριε
836 1507 885 1558 εί
918 1505 982 1560 σὺ
1027 1501 1098 1572 εἴ,
1138 1508 1394 1562 κέλευσόν
1446 1526 1514 1580 με
1561 1508 1737 1563 ἐλθεῖν

137 1594 289 1664 πρὸς
318 1593 378 1646 σὲ
413 1594 510 1647 ἐπὶ
531 1595 601 1648 τὰ
626 1595 815 1650 ὕδατα·
846 1614 865 1648 ι
902 1599 998 1650 καὶ
1025 1600 1134 1671 γὰρ
1162 1603 1260 1671 τῆς
1286 1601 1569 1670 δειλιώσης
1599 1599 1735 1670 γνώ-

141 1702 257 1755 μης
285 1687 415 1748 τοὺς
449 1685 701 1756 μαθητὰς
725 1688 1030 1758 ἀπάγοντος
1085 1688 1178 1743 τοῦ
1222 1691 1396 1760 Ἰησοῦ
1433 1693 1526 1746 καὶ
1558 1692 1742 1762 λέγον-

139 1793 261 1841 τος,
305 1793 328 1827 ‹
367 1775 654 1847 Θαρσεῖτε,
697 1777 808 1846 ἐγώ
854 1780 990 1849 εἱμι,
1031 1780 1106 1851 μὴ
1166 1782 1442 1849 φοϐεῖσθε,
1481 1801 1500 1835 ι
1547 1783 1741 1854 δραξᾲ-

154 1885 316 1938 μενος
347 1869 374 1920 6
402 1868 609 1940 Πέτρος
634 1871 889 1941 ἀφορμῆς
920 1875 1002 1936 είς
1032 1874 1244 1928 ἱκεσίαν
1275 1875 1439 1928 αὐτὸν
1469 1875 1743 1928 καθιστὼ-

151 1976 274 2030 σης,
299 1981 320 2013 ‹
343 1961 540 2032 Κύριε,
559 1962 608 2014 εἱ
626 1962 692 2015 σὺ
708 1957 780 2026 εἱ,
798 1963 953 2032 φησὶ,
970 1964 1224 2019 κέλευσόν
1242 1984 1309 2038 με
1332 1967 1467 2038 πρὸς
1494 1968 1552 2020 σὲ
1567 1968 1742 2023 ἐλθεῖν

145 2051 245 2102 ἐπὶ
274 2053 348 2105 τά
379 2053 580 2108 ὕδατα·
609 2074 628 2108 ι
663 2057 819 2128 δῆλον
841 2059 950 2130 γὰρ
971 2060 1052 2112 ὅτι
1087 2060 1147 2114 τὸ
1169 2061 1488 2133 ἀποκριθεὶς
1508 2063 1742 2116 ἐνταῦθα

149 2143 485 2198 ἱκεσίανκαὶ
519 2146 702 2216 δέησιν
740 2151 1001 2218 σημαίνει
1032 2167 1046 2183 ο
1092 2150 1282 2222 ὥσπερ
1324 2153 1419 2206 καὶ
1450 2155 1508 2206 ἐν
1538 2149 1621 2216 οἷς
1673 2154 1742 2208 τὰ

145 2231 315 2298 λόγιά
355 2249 511 2302 φησι,
554 2252 572 2284 ι
620 2235 968 2307 Ἀποκριθεὶς
1003 2240 1032 2290 ὁ
1088 2241 1293 2311 Πέτρος
1337 2238 1481 2305 εἷπε,
1531 2244 1742 2314 Φράσον

146 2323 287 2390 ἡμῖν
316 2325 418 2391 τὴν
445 2324 760 2394 παραϐολὴν
811 2327 1017 2398 ταύτην
1049 2344 1067 2361 ο
1105 2349 1122 2380 ι
1160 2332 1253 2382 καὶ
1291 2332 1400 2402 γὰρ
1454 2333 1547 2386 καὶ
1585 2333 1743 2386 τοῦτο

147 2415 346 2483 χρείαν
375 2415 583 2479 ἱκεσίας
614 2419 707 2471 καὶ
735 2419 972 2489 δεήσεως
999 2422 1275 2490 ἐμφαίνει.
1309 2423 1434 2475 Τίσι
1465 2424 1508 2476 δ’
1553 2423 1617 2477 ἂν
1644 2429 1743 2479 οὐκ

147 2509 219 2562 ἂν
249 2511 469 2577 γένοιτο
500 2511 655 2581 δῆλον
688 2514 763 2577 ὡς
787 2515 847 2568 τὸ
868 2517 1141 2588 ἀπεκρίθη
1172 2518 1282 2571 ἔσθ’
1327 2521 1417 2572 ὅτε
1477 2521 1572 2572 καὶ
1621 2522 1740 2573 ἀντὶ

147 2601 247 2652 τοῦ
302 2603 604 2667 ἀπεδέξατο
637 2605 733 2657 καὶ
769 2609 1135 2675 συγκατέθετο
1188 2610 1429 2675 τίθεται;
1479 2611 1573 2663 τοῦ
1636 2612 1744 2682 γὰρ

151 2692 414 2763 Σωτῆρος
444 2694 600 2764 ἡμῶν
634 2694 732 2758 τὰς
768 2697 827 2748 ὲν
858 2696 935 2767 τῷ
966 2698 1117 2768 νόμῳ
1154 2699 1246 2752 δύο
1279 2701 1502 2770 πρώτας
1527 2703 1745 2764 ἐντολὰς

155 2784 598 2854 ἀπηγγελκότος,
657 2786 880 2839 καὶτοῦ
916 2791 1289 2858 γραμματέως
1350 2791 1748 2860 συμφωνήσαν-

153 2875 249 2938 τός
278 2893 342 2928 τε
378 2878 476 2930 καὶ
502 2879 566 2948 τῇ
601 2877 694 2930 τοῦ
725 2878 1000 2932 Δεσπότου
1034 2881 1516 2952 συγκαταθεμένου
1545 2883 1743 2952 κρίσει,

1823 425 1930 479 qua
1986 427 2112 464 eum
2147 421 2201 465 et
2230 413 2508 467 Christum
2560 426 2615 468 et
2658 414 2748 469 Dei
2780 418 3007 474 viventis
3045 419 3238 474 Filium
3276 437 3415 490 pra--

1822 502 2118 565 dicaverat,
2150 503 2366 558 beatum
2421 505 2572 559 illum
2626 506 2871 560 vicissim
2936 510 3120 565 edicit.
3158 511 3412 579 Ejusdem

1824 595 2039 664 generis
2065 604 2148 649 est
2180 613 2192 649 :
2236 615 2255 647 ‹
2298 597 2597 666 Respondit
2637 600 2682 650 ei
2726 598 2962 654 Joannes
2997 601 3180 656 dicens
3213 621 3226 656 :
3257 602 3417 674 Magi-

1829 697 1962 750 ster,
1987 687 2225 742 vidimus
2283 690 2578 756 quemdam
2620 690 2675 744 in
2737 693 2956 746 nomine
3013 701 3108 745 tuo
3147 694 3418 750 daemonia

1828 781 2154 850 ejicientem,
2184 783 2356 851 quiin
2394 783 2654 836 comitatu
2705 793 2894 837 nostro
2930 799 3036 837 non
3085 785 3252 842 est“.
3295 804 3313 836 ›
3354 786 3420 839 Et

1830 873 2001 926 multa
2051 873 2386 940 ltujusmodi.
2423 872 2542 926 Jant
2577 874 2628 926 in
2677 874 2876 928 divina:
2916 875 3417 943 transfiguralionis

1830 965 2077 1030 historia,
2110 966 2163 1018 in
2191 983 2296 1035 qua
2331 965 2503 1020 Moses
2543 976 2704 1035 atque
2746 967 2890 1021 Elias
2923 982 3046 1022 eum
3092 967 3320 1022 Domino
3347 969 3424 1021 lo-

1833 1065 2060 1124 quentes
2086 1055 2373 1116 sistuntnr,
2415 1071 2523 1124 quo
2572 1066 2815 1124 tempore
2859 1056 3055 1112 Petrus
3107 1060 3330 1128 rogabat
3362 1067 3423 1112 ut

1835 1147 1920 1202 bis
1972 1147 2076 1201 tria
2132 1147 2486 1201 tabernacula
2529 1147 2740 1214 tierent,
2772 1148 2951 1203 verbis
2988 1151 3097 1206 illis
3136 1167 3155 1200 ι
3198 1167 3425 1217 respon-

1835 1239 1970 1293 dens
2001 1237 2195 1292 Petrus
2222 1260 2239 1290 ι
2258 1241 2464 1310 rogatio
2492 1250 2544 1294 et
2569 1257 2756 1310 preces
2782 1242 3183 1310 signiﬁcantur.
3212 1241 3426 1296 Rursus

1836 1331 1944 1404 illis
1972 1331 2220 1385 similiter
2250 1350 2262 1386 :
2297 1352 2315 1382 ‹
2352 1331 2716 1402 ReSpondens
2744 1332 2938 1386 Petrus
2971 1335 3106 1387 dixit
3137 1351 3150 1390 :
3183 1334 3234 1388 Si
3261 1342 3317 1388 tu
3343 1351 3425 1399 es,

1839 1423 2092 1486 Domine,
2134 1424 2265 1492 jube
2328 1438 2415 1478 me
2470 1425 2537 1478 ad
2598 1435 2648 1478 te
2687 1425 2870 1479 venire
2895 1441 3061 1494 super
3088 1443 3260 1495 aquas
3281 1426 3350 1481 ’⁸.
3401 1445 3421 1478 ο

1838 1513 1972 1568 Nam
1996 1530 2120 1569 cum
2174 1515 2331 1570 .lesus
2362 1531 2393 1569 a
2437 1516 2724 1570 timiditate
2769 1517 2981 1571 consilii
3022 1517 3316 1587 discipulos
3339 1533 3428 1572 rc-

1841 1619 2086 1672 vocaret,
2138 1609 2473 1678 diceretque,
2531 1629 2549 1659 ι
2591 1608 2741 1664 Βοηο
2797 1613 2982 1664 animo
3047 1619 3220 1664 estote
3268 1627 3281 1662 :
3327 1593 3430 1676 ego

1845 1715 1988 1762 sum,
2017 1699 2180 1754 nolite
2203 1701 2428 1766 timere;
2468 1720 2486 1752 ι
2519 1701 2711 1754 l’etrus
2736 1700 2860 1753 hinc
2879 1709 3091 1766 captata
3107 1702 3430 1756 obsecrandi

1844 1792 2138 1847 occasione
2167 1812 2180 1847 :
2219 1811 2236 1843 ι
2283 1791 2510 1847 Domine
2541 1795 2586 1846 si
2614 1802 2692 1858 tu,
2721 1793 2920 1860 inquit,
2945 1809 3025 1856 es,
3064 1794 3196 1862 jube
3237 1809 3322 1846 me
3360 1793 3430 1847 ad

1844 1895 1896 1940 te
1926 1887 2111 1940 venire
2161 1901 2324 1954 super
2353 1902 2524 1956 aquas
2547 1887 2614 1941 ⁸⁸.
2658 1906 2674 1937 ι
2712 1885 2858 1942 Satis
2899 1889 3043 1940 enim
3073 1895 3216 1955 patet
3241 1885 3432 1951 verbo,

1844 1978 2202 2044 respondens,
2236 1978 2481 2031 denotari
2527 1978 2633 2032 hoc
2679 1980 2799 2032 loco
2848 1995 3034 2046 preces
3076 1987 3238 2048 atque
3271 1979 3434 2033 obse-

1844 2067 2168 2120 crationem.
2226 2065 2396 2120 Sicuti
2430 2067 2593 2121 etiam
2639 2069 2727 2122 ubi
2787 2068 3068 2138 Scriptura
3113 2070 3229 2122 ait:
3275 2087 3293 2119 ‹
3326 2067 3433 2122 Rc-

1845 2156 2140 2226 spondens,
2183 2154 2376 2210 Petrus
2429 2156 2587 2220 dixit,
2627 2157 2876 2211 Edissere
2906 2157 3066 2211 nobis
3121 2156 3433 2225 parabolatn

1846 2249 2084 2314 hanc”;
2123 2267 2141 2298 ι
2204 2264 2331 2301 nam
2388 2247 2440 2302 id
2474 2247 2634 2301 etiam
2687 2262 2910 2318 precum
2945 2265 3007 2302 ac
3047 2248 3434 2318 postulationis

1845 2341 1963 2395 vice
1995 2341 2260 2408 fungitur.
2305 2339 2405 2395 Cui
2446 2356 2576 2394 vero
2607 2356 2712 2394 non
2750 2349 2833 2394 est
2875 2342 3240 2410 exploratum,
3269 2355 3435 2393 voca-

1845 2434 2031 2488 bulum
2061 2435 2344 2504 respondit
2378 2435 2632 2504 usurpari
2674 2437 2836 2488 etiam
2886 2451 2984 2502 pro
3035 2435 3302 2488 annuitct
3343 2449 3436 2486 as-

1847 2540 2042 2580 sensus
2071 2525 2186 2580 est?
2211 2526 2345 2579 Nam
2382 2541 2506 2579 eum
2545 2527 2809 2581 Servator
2848 2528 2956 2580 duo
2985 2527 3255 2596 prmcipua
3305 2525 3439 2594 legis

1849 2624 2112 2686 praerepta
2139 2619 2550 2686 proposuisset,
2593 2618 2775 2672 scriba
2826 2626 3005 2671 autem
3051 2618 3102 2671 in
3148 2619 3288 2672 hanc
3312 2635 3440 2674 scn-

1851 2709 2072 2762 tentiam
2107 2708 2338 2777 pedibus
2369 2709 2490 2772 iret,
2509 2709 2833 2780 Dominique
2862 2711 3120 2780 iudicium
3151 2713 3442 2766 continua-

1847 2808 1960 2866 ret;
2019 2801 2284 2869 prudente
2336 2799 2497 2855 Jesus
2555 2818 2817 2870 responso
2882 2805 3119 2871 cognito,
3182 2805 3258 2857 ait
3312 2805 3437 2858 illi:

1856 2909 1876 2942 ι
1910 2891 2025 2945 Νοη
2084 2907 2413 2962 magnopere
2460 2893 2590 2946 abes
2653 2908 2684 2946 a
2739 2910 2907 2965 regno
2982 2895 3160 2948 Dei”.
3211 2915 3228 2946 ι
3303 2893 3442 2950 llinc

157 2969 359 3036 ἐπάγει
390 2971 419 3021 6
440 2968 855 3041 εὑαγγελιστὴς,
887 2989 906 3021 ι
930 2972 1040 3024 Καὶ
1056 2974 1084 3024 6
1113 2972 1317 3041 Ἰησοῦς
1341 2973 1462 3026 ἱδὼν
1485 2973 1646 3025 αὐτὸν
1665 2974 1743 3026 ὅτι

1850 2998 2077 3054 prorsus
2106 2994 2273 3054 patet,
2313 2984 2476 3038 verbo
2530 2986 2620 3038 illo
2653 2988 2933 3055 respondit
2972 2988 3244 3057 designari
3278 3006 3306 3042 a
3352 3005 3441 3043 sa-

162 3060 439 3130 νουνεχῶς
493 3061 790 3132 ἀπεκρίθη,
852 3056 1007 3114 εἶπεν
1068 3064 1258 3134 αὐτῷ’
1302 3065 1376 3118 Οὐ
1435 3066 1654 3136 μακρὰν
1697 3061 1747 3119 εἱ

163 3153 272 3204 ἀπὸ
296 3154 399 3222 τῆς
432 3151 713 3222 βασιλείας
733 3151 826 3205 τοῦ
867 3153 1023 3207 Θεοῦ.
1080 3174 1099 3208 ι
1153 3156 1264 3209 Καὶ
1294 3156 1402 3227 γὰρ
1428 3155 1649 3228 εὔδηλον
1671 3157 1747 3220 ὡς

159 3245 262 3314 τὴν
298 3244 593 3314 ὁμολογίαν
623 3246 717 3297 καὶ
777 3246 1178 3314 συγκατάθεσιν
1230 3249 1324 3301 τοῦ
1371 3249 1748 3320 γραμματέως

160 3335 254 3388 διὰ
302 3335 402 3388 τοῦ
432 3336 708 3406 ἀπεκρίθη
729 3336 798 3389 τὰ
826 3337 982 3404 λόγια
1017 3338 1391 3410 παρεδήλωσε.

229 3427 296 3481 δ’.
328 3428 708 3498 Παρέλκοντος
735 3427 778 3480 δ’
820 3428 884 3481 ἂν
913 3427 998 3499 εἴη
1063 3428 1383 3498 δηλωτικὸν,
1441 3431 1678 3501 ὁπηνίκα
1721 3432 1750 3482 6

161 3520 622 3591 ἀρχισυνάγωγος
637 3519 968 3574 ἀσθενοῦσαν
993 3520 1338 3576 ἐπιθανάτιον
1351 3523 1448 3594 τὴν
1475 3522 1751 3593 θυγατέρα

161 3612 510 3674 καταλιπὼν,
538 3612 630 3664 τὸν
664 3611 872 3683 Ἰησοῦν
903 3613 1002 3683 μὲν
1041 3614 1210 3666 ἐδεῖτο
1239 3615 1462 3686 σωτῆρα
1496 3615 1750 3682 γενέσθαι

159 3703 594 3776 παραγεγονότα
622 3704 722 3775 τῆς
751 3705 945 3769 παιδός
976 3721 991 3734 ·
1020 3707 1078 3758 ὲν
1111 3706 1167 3758 δὲ
1197 3705 1369 3776 τούτῳ
1426 3706 1532 3775 τῆς
1561 3707 1751 3777 φήμης

161 3799 316 3871 αὑτῷ
343 3799 438 3852 τὸν
471 3797 701 3852 θάνατον
746 3798 1183 3869 ὲπαγγελούσης,
1233 3800 1428 3867 ἐπάγει
1452 3801 1481 3852 ὁ
1519 3799 1753 3868 εὐαγγε-

159 3892 374 3962 λιστὴς,
415 3908 434 3941 ι
474 3891 528 3942 Ὀ
561 3889 616 3943 δὲ
658 3889 865 3961 Ἰησοῦς
895 3891 1133 3954 ἀκούσας
1162 3892 1434 3962 ἀπεκρίθη
1466 3891 1633 3961 αὐτῷ,
1661 3891 1752 3963 Μὴ

163 3981 362 4050 φοϐοῦ,
395 3981 557 4051 μόνον
589 3979 812 4034 πίστευε
838 3997 855 4014 ο
887 4000 907 4033 ι
950 3982 1188 4051 ἐμφανὲς
1223 3982 1329 4054 γάρ
1350 3981 1424 4045 ὡς
1449 3985 1495 4034 εἰ
1519 3983 1612 4036 καὶ
1645 4001 1753 4054 μη-

163 4073 359 4143 δαμῶς
385 4072 750 4144 παρεντεθείη
786 4073 850 4126 τὸ
879 4072 1178 4144 ἀπεκρίθη,
1241 4073 1393 4128 οὐδὲν
1432 4074 1654 4127 ἔλαττον
1692 4075 1754 4128 τὸ

165 4166 468 4218 ὑπόλοιπον
491 4165 587 4217 τοῦ
634 4164 793 4233 λόγου
819 4165 920 4235 τὴν
954 4166 1127 4235 αὐτὴν
1147 4166 1448 4237 παρίστησι
1469 4167 1711 4221 διάνοιαν
1736 4183 1750 4196 ⁸

165 4256 412 4311 τοιοῦτον
428 4257 486 4310 δὲ
504 4257 597 4310 καὶ
621 4257 703 4324 τὺ,
733 4277 750 4310 ι
774 4257 1118 4328 Ἀποκριθεὶς
1139 4261 1168 4312 6
1184 4259 1388 4330 Πέτρος
1409 4254 1564 4313 εἶπεν
1581 4258 1752 4330 αὐτῷ,

1850 3075 1959 3129 cris
1988 3073 2208 3130 Litteris
2259 3075 2584 3132 deditionem
2623 3079 2790 3132 animi
2843 3079 3038 3133 scriba:
3096 3089 3260 3148 atque
3312 3095 3442 3133 con-

1850 3179 2094 3219 sensum.

1921 3423 1976 3476 4.
2017 3423 2246 3492 Insuper
2286 3422 2451 3475 etiam
2510 3421 2826 3476 redundans
2875 3436 2978 3476 vox
3026 3433 3109 3476 est
3153 3424 3444 3490 respondit,

1851 3515 2023 3570 veluti
2051 3530 2175 3569 cum
2239 3515 2727 3584 archisynagogus,
2791 3515 2884 3584 qui
2942 3515 3240 3584 reliquerat
3275 3515 3441 3570 filiam

1852 3606 2070 3661 mortali
2111 3607 2303 3658 morbo
2357 3606 2802 3671 conﬂictantem,
2861 3604 3048 3661 Jesum
3113 3609 3339 3679 rogabat
3384 3618 3447 3662 ut

1852 3699 2088 3769 puellam
2107 3707 2284 3751 morte
2299 3707 2544 3766 ereptum
2577 3700 2693 3752 iret.
2723 3699 2861 3753 Cum
2886 3712 3015 3753 vero
3043 3699 3259 3753 interim
3293 3698 3442 3755 fama

1855 3790 1921 3844 ad
1985 3799 2266 3858 parentem
2321 3796 2467 3840 esset
2514 3787 2676 3840 allata
2725 3790 2789 3842 de
2851 3787 2999 3842 illius
3049 3787 3224 3853 obitu,
3257 3787 3448 3841 subdit

1854 3880 2188 3948 evangelista
2230 3895 2244 3928 :
2287 3897 2304 3928 ι
2343 3878 2540 3932 Audita
2585 3895 2642 3932 rc
2695 3878 2855 3934 Jesus
2901 3879 3182 3949 respondit
3223 3879 3336 3933 illi:
3369 3878 3448 3934 Ne

1856 3972 2074 4034 timeas,
2090 3969 2468 4022 tantummodo
2485 3969 2643 4023 crede
2663 3968 2729 4022 θ’.
2757 3987 2775 4019 ι
2797 3968 3026 4024 Constat
3042 3970 3209 4034 enim,
3229 3969 3447 4023 etiamsi

1850 4064 2082 4118 verbum
2146 4062 2423 4130 respondit
2479 4061 2705 4116 minime
2776 4060 2975 4117 fuisset
3037 4061 3445 4130 interpositum,

1858 4156 2216 4210 nihilominus
2246 4153 2437 4224 reliqui
2471 4155 2745 4208 sermonis
2788 4153 3034 4208 eamdem
3081 4153 3198 4207 fore
3224 4162 3447 4207 senten-

1861 4252 2014 4306 tiam.
2042 4248 2170 4303 Tale
2208 4257 2294 4303 est
2331 4257 2384 4302 et
2421 4246 2552 4301 illud
2583 4265 2596 4300 :
2641 4264 2659 4296 ι
2698 4245 3054 4315 Respondens
3082 4245 3278 4301 Petrus
3311 4247 3448 4302 dixit

166 4349 229 4402 Εί
257 4350 467 4411 πάντες
494 4347 1045 4418 σκανδαλισθήσονται
1079 4350 1138 4402 ἐν
1189 4351 1294 4416 σοὶ,
1347 4350 1459 4418 ἐγὼ
1497 4351 1554 4404 δὲ
1611 4351 1743 4405 οὐδέι

1859 4348 2196 4403 ei:Etiamsi
2238 4361 2428 4400 omnes
2473 4345 2526 4399 in
2567 4355 2620 4398 te
2669 4342 3022 4398 scandalizati
3079 4341 3301 4404 fuerint,
3344 4358 3446 4411 ego

169 4457 303 4493 ποτε
330 4455 347 4470 ·
387 4457 406 4489 ι
446 4439 529 4492 ὅτι
555 4439 654 4509 μέν
685 4457 766 4493 τοι
798 4440 1072 4513 παρέλκον
1101 4439 1249 4492 ἐστὶν
1271 4439 1503 4494 ἐνταῦθα
1530 4440 1591 4493 τὸ
1619 4440 1756 4494 ἀπο·-

126 4551 133 4590 ξ
167 4531 410 4603 κριθεὶς,
451 4530 545 4584 καὶ
573 4531 602 4582 6
627 4532 1028 4603 εὐαγγελιστὴς
1054 4533 1280 4603 Μάρκος
1303 4531 1610 4586 ἐκδιδάσκει
1645 4535 1753 4604 μά-

166 4623 330 4677 λιστα
364 4639 380 4654 ·
423 4622 522 4675 καὶ
539 4622 648 4693 γὰρ
675 4623 807 4676 αὐτὸ
858 4623 1017 4676 τοῦτο
1067 4624 1416 4695 διερχόμενος
1449 4624 1510 4677 τὸ
1559 4625 1758 4696 χωρίον

166 4716 311 4782 ὑπὲρ
343 4715 374 4767 ὃ
401 4714 679 4778 Ματθαῖος
707 4716 805 4770 σὺν
829 4715 909 4787 τῷ
938 4715 1214 4786 ἀπεκρίθη
1251 4715 1570 4785 διηγήσατο,
1597 4716 1759 4780 αὐτὸς

166 4809 322 4861 οὐδὲν
348 4808 487 4870 ὅλως
502 4807 604 4876 τῆς
621 4806 806 4876 φωνῆς
816 4805 1049 4877 δεηθεὶς,
1062 4826 1080 4859 ι
1101 4808 1160 4860 '0
1176 4807 1231 4860 δὲ
1245 4808 1449 4878 Πέτρος
1465 4806 1567 4878 ἔφη
1586 4807 1756 4878 αὐτῷ,

168 4898 231 4951 Ei
261 4899 470 4961 πάντες
499 4896 1078 4968 σκανδαλισθήσονται,
1107 4897 1223 4951 ἀλλ’
1247 4898 1346 4951 οὐκ
1378 4897 1488 4966 ἐγώ
1513 4914 1527 4928 ·
1557 4917 1576 4948 ι
1615 4897 1758 4952 οὕτω

166 4990 225 5044 δὲ
257 4991 455 5059 σαφῶς
473 4990 846 5044 ἐπιδείκνυται
873 4990 1152 5061 παρέλκον
1181 4990 1276 5043 καὶ⁴
1298 4991 1357 5043 ὲν
1399 4993 1464 5060 τῇ
1489 4991 1633 5044 κατὰ
1665 4989 1757 5043 τὸν

167 5082 408 5136 Πιλᾶτον
446 5081 676 5152 ἱστορίᾳ,
710 5082 799 5134 ὅτε
828 5081 920 5134 τὸν
960 5081 1166 5152 Ἰησοῦν
1211 5082 1491 5153 ἐπεχείρει
1523 5085 1624 5153 τῆς
1646 5081 1756 5134 τῶν

176 5167 459 5222 Ἰουδαίων
501 5167 759 5222 ἀπολύειν
798 5169 1108 5239 μιαιφονίας
1139 5185 1153 5200 ο
1196 5171 1462 5241 ἐκατέρου
1493 5172 1601 5242 γὰρ
1641 5171 1751 5223 τῶν

1861 4449 2042 4496 autem
2097 4439 2571 4507 handquaquam‘.
2609 4453 2628 4485 ι
2691 4436 2835 4489 Sane
2887 4434 3030 4503 quod
3091 4433 3180 4488 hic
3224 4449 3324 4488 vox
3357 4449 3444 4487 re-

1863 4531 2086 4601 spondit
2109 4528 2394 4590 redundet,
2439 4525 2656 4580 Marcus
2690 4525 2938 4594 apprime
2969 4525 3304 4593 evangelista
3343 4525 3446 4578 do-

1863 4634 1950 4680 cet
1989 4641 2003 4677 :
2029 4636 2266 4692 namque
2293 4621 2346 4674 in
2375 4618 2566 4674 eadem
2594 4617 2910 4672 narratione
2941 4632 3188 4678 versans,
3231 4617 3283 4670 in
3339 4632 3445 4686 qua

1865 4716 2152 4772 Matthaaus
2181 4713 2348 4768 verbo
2411 4711 2692 4780 reSpondit
2732 4710 2924 4774 utitur,
2958 4712 3072 4780 ipse
3105 4711 3266 4779 hujus
3294 4709 3444 4763 vocis

1867 4805 2113 4862 subsidio
2141 4819 2247 4857 non
2285 4803 2534 4856 invocato
2579 4802 2659 4856 sic
2688 4801 2878 4856 scribit
2915 4820 2928 4856 :
2976 4819 2996 4852 ι
3039 4801 3232 4856 Petrus
3261 4811 3441 4856 autem

1865 4898 2002 4952 dixit
2028 4897 2110 4950 ei:
2138 4894 2252 4949 Etsi
2288 4908 2478 4948 omnes
2510 4893 2860 4947 scandalizati
2892 4893 3238 4957 fuerint,non
3264 4903 3440 4948 tamen

1864 5003 1965 5058 ego
1987 4989 2030 5041 '.
2079 5005 2097 5037 ›
2143 4985 2232 5040 Sic
2279 4994 2465 5055 aperte
2519 4985 2926 5039 demonstratur
2978 4987 3282 5040 redundare
3341 4988 3445 5040 hoc

1865 5080 2090 5134 verbum
2145 5078 2197 5132 itt
2252 5077 2480 5132 historia
2529 5093 2746 5147 quoque
2806 5094 2988 5132 rerum
3038 5094 3218 5132 coram
3268 5077 3444 5132 Pilato

1857 5177 2156 5239 gestarum,
2184 5183 2292 5237 quo
2323 5175 2562 5238 tempore
2604 5170 2694 5224 hic
2730 5167 2915 5224 Jesum
2956 5168 3267 5224 Judzeorum
3308 5172 3442 5224 emdi

236 5323 490 5396 f‘_Marc.
515 5342 592 5391 ιχ,
645 5327 734 5382 57.
813 5329 859 5360 "
891 5326 1081 5382 Matth.
1119 5343 1251 5390 xvu,
1287 5328 1341 5383 4.
1417 5329 1463 5360 ⁰⁶
1503 5327 1694 5384 Matth.
1727 5344 1840 5394 XIV,
1871 5329 1962 5386 28.
2038 5331 2082 5364 '7
2116 5328 2306 5384 Matth.
2329 5329 2557 5393 xm,36.
2635 5330 2680 5363 ⁸⁸
2714 5329 2882 5385 Marc.
2919 5346 3014 5396 xu,
3039 5328 3127 5384 34.
3193 5328 3238 5360 θ’
3271 5323 3437 5378 Marc.

163 5411 222 5459 v,
251 5388 348 5450 36.

431 5397 446 5427 ¹
494 5396 684 5452 Matth.
731 5414 882 5463 τινι,
919 5399 1007 5452 35.
1088 5399 1108 5428 '
1143 5396 1442 5463 Marc.Xtv,
1477 5398 1564 5452 29.

1708 5530 1942 5586 NOTAE.

246 5642 368 5711 (57)
398 5639 734 5697 Vocabulum
804 5641 1090 5696 ὑπολαϐὼν
1142 5659 1238 5713 pro
1290 5645 1603 5713 respondens
1655 5643 1743 5699 lati

1848 5647 2033 5702 lustrat
2063 5645 2405 5705 Wetstenius
2435 5645 2500 5700 ad
2538 5644 2670 5701 Luc.
2709 5662 2764 5713 ι,
2799 5645 2887 5700 50.
