3864 6218
523 245 626 310 159

1693 246 1958 307 PHOTII
1987 247 2498 308 PATBIARCIUE
2530 249 2636 308 ep.
3650 259 3723 324 ιω

505 357 811 413 subducere
845 353 1145 410 nitebatur.
1183 353 1324 410 Nam
1347 354 1565 412 duobus
1601 357 1954 427 cvangelistis
1986 373 2081 410 nor

2197 357 2291 410 δυο
2331 356 2740 426 εὖαγγελιστῶν
2767 355 2906 426 μετά
2963 355 3059 410 τοῦ
3087 355 3410 428 ἀποκριθεὶς
3435 360 3528 432 τὴν
3555 363 3636 418 τοῦ
3659 368 3724 421 ὶό.

505 449 624 500 sine
657 446 821 500 verbo
868 446 1150 514 respondit
1189 446 1494 501 orationem
1541 463 1695 502 suam
1737 450 2105 503 construenti-

502 537 628 603 bus,
686 538 847 593 divus
908 546 1090 592 tamen
1151 537 1331 594 Lucas
1351 540 1606 594 eumdem
1650 551 1832 594 actum
1861 540 2107 596 conscri-

499 629 662 692 hens,
732 645 912 699 neque
949 631 1176 685 omnino
1207 632 1378 686 verbo
1432 633 1720 701 respondit
1751 643 1934 699 utens,
1965 633 2102 688 satis

503 723 900 778 demonstravit
952 734 1180 779 caeteros
1231 725 1601 781 redundanter
1655 727 1824 780 fuisse
1871 728 2100 781 locutos.

503 817 595 869 Ait
625 817 824 886 quippe
853 816 1030 871 Lucas
1061 835 1074 872 :
1116 836 1134 867 ι
1171 816 1383 872 Rursus
1410 818 1576 886 igitur
1609 818 1811 874 Pilatus
1843 820 2102 890 populum

505 910 774 964 allocutus
817 919 922 971 est,
975 907 1104 962 dum
1166 907 1350 963 Jesum
1405 910 1638 965 liberare
1695 912 2032 981 satageret’.
2075 932 2096 964 ι

495 998 780 1056 Permulta
834 1017 968 1056 sane
1019 1002 1296 1071 ejusmodi
1349 1010 1556 1059 erunt;
1611 1003 1709 1059 sed
1765 1005 1913 1058 enim
1943 1004 2101 1059 nobis

504 1109 614 1148 non
678 1105 763 1148 est
803 1095 1150 1164 propositum
1203 1095 1610 1152 multitudinem
1655 1097 2099 1151 testimoniorum

502 1183 778 1254 colligere,
817 1199 1008 1240 verum
1050 1187 1301 1254 exemplo
1347 1188 1752 1255 tantummodo,
1799 1190 2011 1244 etiamsi
2047 1190 2101 1245 id

505 1291 671 1329 unum
695 1285 860 1341 esset,
893 1275 1238 1345 signiﬁcatus
1268 1277 1431 1347 hujus
1476 1279 1758 1334 veritatem
1795 1281 1976 1350 palam
2019 1280 2099 1334 fa-

496 1381 650 1421 ‘ccre.
693 1367 838 1422 Sane
872 1377 926 1422 et
955 1369 1023 1422 ab
1053 1385 1114 1423 ea
1152 1369 1453 1436 locutione,
1481 1386 1604 1440 qua:
1637 1373 1979 1427 curationem
2014 1372 2100 1428 in-

502 1458 716 1512 clinata:
762 1458 1009 1514 mulieris
1068 1469 1367 1516 consecuta
1395 1471 1498 1527 est,
1547 1462 1885 1532 respondens
1917 1474 2097 1518 autem

500 1549 970 1620 archisynagogus
1025 1568 1151 1606 cum
1215 1554 1500 1608 stomacho
1520 1553 1560 1618 ⁸,
1601 1555 1647 1609 si
1703 1556 1829 1625 quis
1871 1556 2096 1611 verbum

499 1639 838 1708 roSpondens
893 1643 1203 1706 subtrahat,
1251 1643 1457 1713 reliqua
1511 1647 2097 1716 sermonisparsinte-

2207 466 2303 516 γου
2324 449 2573 515 σύνταξιν
2604 449 3108 520 προενεγκαμένου,
3130 451 3159 502 6
3179 449 3434 521 θεόσοφος
3457 454 3645 518 Λουκᾶς
3655 459 3724 530 τὴν

2204 541 2378 611 αὐτὴν
2413 540 2748 610 ἀναγράφων
2781 538 3001 610 πρᾶξιν,
3033 541 3146 594 οὐδ’
3179 541 3314 605 ὅλως
3343 545 3723 620 χρησάμενοςτῷ

2206 631 2546 704 ἀποκριθεὶς,
2579 631 2746 696 ἔδειξε
2764 635 2891 695 τοὺς
2919 630 3114 695 ἄλλους
3178 635 3321 686 κατὰ
3381 634 3442 686 τὸ
3494 635 3722 705 παρέλκον

2205 726 2588 797 χρησαμένους
2617 727 2681 796 τῇ
2711 727 2861 793 φωνῇ
2879 741 2893 754 °
2921 723 3024 795 ἔφη
3046 725 3174 795 γὰρ,
3208 744 3227 776 ι
3259 726 3428 780 Πάλιν
3453 723 3539 779 οὖν
3558 729 3723 784 6110.6-

2204 838 2296 884 τος
2329 818 2722 890 προσεφώνησε
2750 820 2919 871 θέλων
2941 818 3210 872 ἁπολύσαι
3243 817 3334 871 τὸν
3370 819 3585 888 Ἰησοῦν
3619 839 3634 870 ι
3657 824 3724 874 καὶ

2206 912 2377 966 πολλά
2426 912 2492 965 ἂν
2545 913 2630 982 εἴη
2659 911 2883 966 τοιαῦτα
2905 927 2917 940 ·
2947 913 3079 982 ἡμῖν
3136 911 3193 964 δὲ
3227 911 3288 964 ού
3321 908 3591 979 συλλέγειν
3635 914 3724 967 ἐστὶ

2206 1006 2408 1076 πλῆθος
2441 1005 2753 1077 μαρτυριῶν
2785 1006 3003 1069 σκοπὸς,
3038 1004 3173 1058 ἁλλά
3194 1004 3588 1074 παραδείγματι
3604 1007 3725 1076 μόνον

2187 1098 2564 1164 ἐνδείξασθαι,
2591 1096 2694 1151 κᾶν
2727 1095 2804 1166 τῷ
2831 1097 2911 1149 ἐνὶ
2960 1094 3371 1166 περιγράφοιτο,
3425 1094 3515 1146 τοῦ
3573 1111 3724 1164 σημαι-

2202 1191 2430 1261 νομένου
2463 1187 2768 1258 κατάδηλον
2798 1189 2897 1260 τὴν
2937 1187 3176 1242 διάνοιαν
3208 1202 3223 1217 ο
3272 1184 3399 1238 ἐπεὶ
3422 1185 3514 1238 καὶ
3535 1184 3588 1238 τδ
3605 1187 3726 1256 ῥηθὲν

2204 1282 2343 1351 μετὰ
2368 1281 2467 1351 τὴν
2519 1279 2819 1350 θεραπείαν
2876 1278 2976 1348 τῆς
3031 1275 3450 1348 συγκυπτούσης
3502 1277 3722 1344 γυναικὸς,
3794 1329 3796 1334 ,

2201 1373 2522 1442 ἀποκριθεὶς
2545 1372 2601 1425 δὲ
2633 1373 2663 1424 6
2706 1371 3158 1444 ἀρχισυνάγωγος
3203 1367 3554 1436 ἀγανακτῶν,
3588 1369 3632 1420 εί
3666 1387 3724 1432 τις

2202 1468 2445 1536 περιέλοι
2465 1468 2527 1520 τὸ
2553 1467 2896 1534 ἀποκριθεὶς,
2928 1465 2991 1519 τὸ
3015 1465 3142 1520 ἄλλο
3179 1464 3349 1534 μέρος
3399 1464 3497 1534 τῆς
3523 1464 3723 1534 φράσεως

2199 1563 2477 1632 ἀκήρατον
2503 1561 2603 1632 τὴν
2634 1561 2804 1631 αὐτὴν
2829 1558 3165 1615 ἀναπτύσσει
3191 1559 3453 1612 διάνοιαν·
3480 1555 3609 1610 οὕτω
3634 1557 3720 1625 μὲν,

2199 1650 2375 1722 οἶμαι,
2414 1653 2598 1722 σαφῶς
2634 1652 3000 1706 ἐπιδέδεικται
3033 1649 3211 1720 ἀρχῆς
3239 1665 3299 1701 τε
3333 1647 3489 1716 λόγον
3518 1645 3722 1707 πολλάκις

497 1746 650 1800 grant
681 1731 865 1786 adhuc
893 1735 1156 1789 retinebit
1207 1737 1538 1790 sententiam
1578 1753 1756 1792 suam.
1798 1714 1976 1809 Atque
2021 1741 2081 1796 ita

2197 1714 2416 1816 ἐπέχειν
2446 1714 2508 1798 τό
2545 1714 2906 1815 ἀποκριθεὶς,
2959 1741 3054 1796 καὶ
3077 1714 3363 1810 διαδοχὴν
3409 1714 3717 1809 ἡγησαμένων

497 1823 785 1893 perspicue
811 1825 1250 1881 demonstratum
1293 1829 1570 1895 existimo,
1601 1831 1827 1884 verbum
1860 1849 2093 1902 respon-

491 1911 634 1968 dens
669 1922 723 1968 et
754 1916 894 1971 initii
928 1918 1047 1972 vice
1080 1933 1221 1988 saepe
1263 1919 1443 1990 fungi,
1478 1937 1532 1975 et
1572 1923 1910 1978 admittentis
1957 1940 2095 1994 pra:-

496 2004 776 2060 cedentem
815 2023 1149 2074 sermonem,
1211 2017 1265 2064 et
1329 2003 1616 2080 expletivae
1647 2024 1866 2083 quoque
1895 2014 2097 2072 dictio-

495 2097 584 2152 nis
609 2115 624 2163 ;
648 2107 704 2152 et
735 2100 969 2170 denique
1001 2101 1374 2170 deprecationi
1409 2106 1695 2160 inservire.

567 2185 619 2241 5.
651 2187 807 2254 Quod
854 2206 985 2246 vero
1031 2193 1201 2246 etiam
1275 2180 1644 2263 interrogandi
1712 2195 1818 2249 vim
1872 2196 2088 2263 habeat,

492 2278 776 2334 evidenter
849 2283 1201 2353 cognoscitur
1251 2299 1282 2339 e
1319 2284 1465 2339 Petri
1501 2286 1763 2356 principis
1795 2287 2090 2344 locutione.

485 2365 628 2423 Nam
669 2387 794 2426 cum
841 2389 996 2429 sacra
1036 2375 1266 2430 historia
1305 2377 1532 2431 Ananiae
1586 2377 1694 2432 fata
1720 2387 1774 2432 et
1805 2381 2092 2450 Sapphirae

490 2464 730 2530 exponit,
763 2480 1095 2536 poenamque
1120 2467 1393 2522 mendacii
1412 2480 1683 2534 mortem;
1717 2485 1844 2524 mox
1875 2474 2091 2528 attexit:

496 2575 514 2607 ι
549 2555 616 2609 Et
654 2574 791 2611 uxor
849 2559 969 2627 ejus
1015 2569 1245 2613 eventus
1301 2559 1484 2613 nescia
1516 2562 1854 2629 supervenit.
1886 2581 1904 2612 ι
1943 2562 2082 2618 Tum

492 2651 665 2722 pergit
699 2652 881 2707 dicere
917 2668 949 2705 ι.
974 2670 992 2702 ι
1041 2633 1448 2720 Responditque
1483 2652 1533 2706 ei
1565 2643 1798 2709 Petrus:
1833 2655 1927 2711 Dic
1959 2659 2089 2712 mihi

491 2755 672 2799 utrum
708 2744 845 2799 tanti
875 2759 1062 2813 agrum
1094 2743 1529 2799 vendideritts‘?
1567 2765 1586 2796 ι
1621 2744 1761 2800 Nam
1786 2764 1910 2817 qua:
1943 2766 2090 2804 nuttc

491 2839 664 2908 magis
720 2838 941 2907 prepria
991 2837 1290 2906 excogitari
1330 2847 1512 2908 potest
1549 2839 1883 2910 signiﬁcatio
1939 2843 2086 2898 verbi

486 2930 792 3000 respondit,
832 2945 996 3000 quam
1027 2929 1435 3000 interrogavit?
1472 2929 1650 2986 Veluti
1700 2934 1862 2989 etiam
1913 2935 2085 2992 illud:

491 3042 509 3074 ι
546 3023 964 3094 Responderunt
993 3020 1190 3086 Judaei,
1221 3022 1589 3094 dixeruntque
1627 3024 1701 3079 illi
1743 3041 1758 3080 :
1797 3025 2086 3092 Quodnam

483 3116 704 3185 signum
758 3114 1023 3177 ostendis,
1067 3114 1196 3184 quia
1224 3114 1341 3169 haec
1379 3116 1600 3171 facis“?
1637 3136 1655 3168 ι
1718 3117 1849 3173 Item
1906 3120 2078 3177 illud:

489 3224 508 3256 ι
545 3205 849 3274 Respondit
888 3207 970 3260 eis
1018 3203 1220 3261 Jesus:
1279 3206 1473 3262 Nonne
1511 3223 1611 3278 ego
1662 3224 1763 3265 vos
1794 3211 2080 3266 duodecmt

483 3299 704 3370 elegi"?
735 3319 754 3351 ι
792 3299 1108 3355 Leetionem
1137 3311 1370 3368 utroque
1407 3303 1528 3357 loco
1553 3304 1659 3358 vim
1710 3306 2079 3378 interrogandi

483 3390 686 3445 habere
715 3391 1062 3461 exploratum
1090 3400 1194 3448 est.
1222 3391 1412 3463 Neque
1439 3403 1670 3450 eatenus
1706 3398 2080 3468 signiﬁcatio-

484 3497 582 3536 nes
611 3481 762 3535 verbi
795 3482 1077 3550 respondit
1104 3483 1454 3555 pertingant;
1483 3501 1671 3540 verum
1704 3487 1756 3541 id
1782 3489 2079 3559 aliquando

479 3577 551 3630 ad
583 3575 792 3629 nullum
822 3575 1095 3644 prolatum
1123 3591 1219 3631 ore
1242 3578 1470 3632 verbum
1497 3578 1750 3646 refertur,
1778 3582 1873 3637 sed
1891 3584 2079 3638 oculi-

485 3669 555 3724 tis
588 3667 870 3722 hominum
907 3667 1336 3739 cogitationibus
1372 3672 1634 3726 occurrit.
1666 3671 1869 3736 Veluti,
1890 3693 1927 3727 .t
1955 3675 2078 3731 Cer-

483 3776 623 3816 nens
678 3759 994 3816 Pbarisaeus
1047 3761 1142 3832 qui
1199 3761 1388 3816 Iesum
1443 3765 1699 3819 convivio
1759 3777 2072 3838 exceperat,

481 3852 618 3906 dixit
649 3851 791 3906 intra
822 3866 920 3906 se:
952 3851 1052 3906 Hic
1073 3853 1127 3907 si
1155 3863 1302 3908 esset
1335 3855 1623 3924 propheta,
1658 3868 1844 3914 nosset
1887 3862 2075 3931 utique

477 3963 604 4018 quae
625 3955 943 4016 quantaque
998 3946 1196 4000 mulier
1227 3961 1349 4000 eum
1405 3948 1684 4018 attingat,
1721 3965 1921 4021 nempe
1947 3968 2076 4022 pec.

479 4037 722 4094 catrix‘.
769 4055 789 4088 ι
819 4034 978 4091 Nunc
1003 4050 1175 4100 certe,
1211 4052 1529 4107 quanquam
1581 4041 1731 4094 nulla
1761 4041 2073 4115 interroga-

478 4129 554 4183 tio
588 4129 950 4198 praecesserit,
985 4143 1161 4197 neque
1191 4129 1477 4184 exordium
1514 4145 1829 4189 consecuta:
1853 4141 2067 4192 oratio-

475 4223 562 4277 nis
594 4223 707 4288 (iat,
738 4236 914 4292 neque
934 4220 1283 4291 a‘liicuipiam
1308 4237 1338 4276 e
1360 4223 1637 4292 praedictis
1652 4226 1828 4282 modis
1857 4229 2070 4285 locutio

473 4313 943 4379 accommodetur,
971 4313 1122 4368 addit
1147 4314 1480 4384 evangelista
1517 4333 1590 4369 :4
1613 4315 1697 4370 .Et
1729 4322 2069 4390 respondens

2183 1838 2484 1909 ῥημάτων,
2515 1837 2611 1890 καὶ
2638 1835 3006 1906 παρέλκοντος
3035 1832 3212 1889 ,τόπον
3250 1831 3419 1902 ἔχειν,
3441 1831 3540 1885 καὶ
3560 1826 3722 1892 ἱκεσίας

2197 1927 2542 2000 ἀναπληροῦν
2555 1926 2774 2000 χρείαν.

2266 2200 2328 2248 ε’.
2372 2195 2495 2247 Ὀτι
2522 2193 2580 2246 δὲ
2642 2192 2738 2246 καὶ
2756 2191 2857 2263 τὴν
2909 2187 3178 2263 ἐρώτησιν
3229 2188 3547 2260 ὑπέρχεται,
3590 2183 3722 2256 ήτοῖι

2195 2286 2495 2359 κορυφαίου
2527 2285 2735 2356 Πέτρου
2758 2283 3090 2355 παρίστησιν
3112 2280 3366 2352 ἐναργῶς
3381 2280 3538 2358 ,φωνή
3560 2277 3721 2346 ’τὸγὰρ

2194 2380 2336 2434 κατὰ
2361 2379 2452 2432 τὸν
2489 2377 2736 2430 Ἀνανίαν
2770 2377 2864 2429 καὶ
2909 2376 3231 2444 Σάπφειραν
3287 2372 3456 2435 πάθος
3499 2368 3721 2436 ἀπαγγέλ-

2193 2473 2301 2526 λων
2323 2474 2351 2525 ό
2383 2472 2562 2540 λόγος,
2599 2470 2696 2524 καὶ
2722 2468 2825 2538 τῆς
2854 2466 3211 2538 ψευδολογίας
3235 2465 3332 2519 τὸν
3372 2461 3718 2532 εἰσπραχθέντα

2194 2565 2449 2627 θάνατον,
2471 2563 2675 2634 συνῆψε
2709 2562 2828 2632 μὲν,
2860 2580 2879 2612 ι
2906 2562 3016 2614 Καὶ
3053 2562 3086 2631 ἡ
3117 2558 3253 2629 γυνὴ
3289 2558 3454 2610 αὑτοῦ
3492 2556 3560 2627 μὴ
3593 2554 3722 2605 εἰδυῖα.

2191 2657 2254 2710 τὸ
2276 2656 2519 2725 γεγονὸς,
2553 2655 2802 2724 εἰσῆλθεν
2841 2669 2856 2683 °
2896 2673 2916 2706 ι
2946 2653 3144 2721 ἐπάγει
3180 2651 3257 2715 δὲ,
3294 2671 3313 2702 ι
3343 2650 3453 2703 Καὶ
3501 2646 3717 2716 ἀπεκρίθη

2192 2753 2328 2822 αὐτῇ
2359 2752 2387 2803 6
2425 2749 2653 2820 Πέτρος,
2672 2733 2815 2802 Ἐἰπέ
2852 2763 2942 2817 μοι
2977 2747 3026 2798 εἰ
3053 2743 3314 2797 τοσούτου
3346 2743 3407 2795 τὸ
3439 2741 3620 2812 χωρίον
3647 2740 3720 2790 ἁπ-

2191 2842 2410 2908 έδοσθε;
2449 2861 2469 2894 ι
2503 2841 2556 2893 τί
2582 2841 2692 2911 γὰρ
2725 2840 2792 2894 ἂν
2819 2838 3008 2909 ἕτερον
3033 2837 3371 2906 οἰκειότερον
3395 2831 3621 2903 εὑρεθείη
3647 2828 3719 2881 ὑπὸ

2189 2929 2283 2981 τοῦ
2317 2927 2592 2999 ἀπεκρίθη
2632 2927 2749 2981 νυνὶ
2780 2926 3132 2998 δηλούμενον,
3230 2925 3296 2978 τὸ
3321 2923 3613 2995 ἡρώτησεν;
3641 2918 3718 2971 ὧς·

2191 3041 2297 3094 περ
2328 3023 2440 3088 καὶ,
2470 3042 2488 3074 ι
2519 3020 2925 3093 ’Δπεκρίθησαν
2941 3021 2990 3074 οἱ
3031 3019 3276 3073 Ἰουδαῖοι
3309 3019 3405 3070 καὶ
3423 3012 3564 3069 εἷπον
3590 3011 3716 3080 αὐτῷ,

2190 3117 2255 3170 Τί
2279 3116 2501 3187 σημεῖον
2521 3113 2786 3176 δεικνύεις
2806 3115 2889 3167 ὅτι
2911 3112 3084 3168 ταῦτα
3109 3113 3290 3173 ποιεῖς
3308 3127 3324 3178 ;
3351 3131 3372 3163 ο
3403 3109 3487 3163 ναὶ
3501 3110 3558 3178 δὴ
3573 3107 3649 3160 καὶ
3659 3106 3715 3164 τὸ,

2195 3229 2214 3262 ι
2265 3209 2562 3277 Ἀπεκρίθη
2609 3209 2797 3270 αὐτοῖς
2828 3208 2856 3260 6
2896 3205 3125 3277 Ἰησοῦς,
3167 3205 3286 3258 Οὐκ
3321 3202 3432 3272 ἐγὼ
3457 3201 3586 3272 ὑμᾶς
3626 3195 3718 3257 τοὺς

2176 3298 2395 3352 ’δώδεκα
2417 3297 2785 3367 ἐξελεξάμην;
2817 3315 2837 3348 ›
2881 3295 3116 3366 φανερόν
3147 3293 3257 3364 γὰρ
3284 3294 3388 3346 ἐπὶ
3421 3293 3625 3354 τούτων,
3663 3286 3716 3347 ὡς

2188 3387 2424 3459 ἑκατέρα
2454 3386 2601 3451 λέξις
2647 3386 2748 3454 τὴν
2793 3384 2884 3439 τοῦ
2921 3385 3173 3456 ἠρώτησε
3223 3383 3458 3454 δύναμιν
3507 3380 3623 3450 ἔχει.
3663 3377 3714 3428 Oti

2185 3479 2359 3533 ταῦτα
2385 3479 2442 3532 δὲ
2465 3479 2624 3550 μόνον
2656 3477 2718 3531 τὸ
2749 3478 3024 3549 ἀπεκρίθη
3081 3476 3366 3547 σημαίνει,
3407 3475 3520 3528 ἀλλ’
3546 3469 3713 3525 ἐσθ’ὃτε

2173 3571 2295 3642 ,μὴν
2333 3571 2428 3624 καὶ⁸
2462 3570 2598 3639 πρὸς
2630 3569 2784 3624 οὐδὲν
2812 3569 2921 3622 τῶν
2956 3569 3313 3640 προφορικῶν
3359 3568 3603 3639 ῥημάτων
3625 3566 3713 3614 ἐπι-

2177 3664 2431 3732 φέρεται,
2459 3662 2597 3733 πρὸς
2626 3661 2684 3714 δὲ
2714 3660 2815 3732 τὴν
2835 3659 3238 3730 ὲνδομυχοῦσαν
3299 3659 3409 3711 τῶν
3462 3652 3712 3725 ἀνθρώπων

2183 3755 2418 3810 διάνοιαν
2442 3753 2834 3818 ἀπευθύνεται,
2866 3754 2943 3816 ὡς
2972 3754 3065 3806 ἐπὶ
3085 3751 3204 3818 τοῦ,
3250 3769 3268 3803 ι
3299 3750 3445 3805 Ἰδὼν
3469 3750 3522 3802 δέ
3544 3751 3570 3801 6
3595 3749 3714 3813 Φαρι-

2183 3849 2335 3909 σαῖος
2367 3846 2394 3898 6
2423 3846 2657 3911 καλέσας
2681 3847 2867 3910 αὑτὸν,
2893 3843 3049 3898 εἶπεν
3080 3844 3139 3898 ἐν
3187 3844 3394 3916 ἐαυτῷ,
3440 3839 3590 3903 Οὗτος
3609 3833 3712 3906 εξῆν

2182 3946 2489 4012 προφήτης,
2524 3940 2822 4008 ἐγίνωσκεν
2853 3938 2920 3992 ἂν
2949 3938 3034 4002 τίς
3060 3937 3154 3990 καὶ
3175 3936 3400 4007 ποταπὴ
3429 3932 3603 4006 ὴγυνὴ
3623 3930 3713 3998 ἥτις

2177 4035 2410 4087 ἅπτεται
2430 4034 2618 4096 αὑτοῦ,
2636 4034 2718 4085 ὃτι
2746 4030 3072 4103 ἁμαρτωλός
3099 4032 3269 4084 ἐστιν’
3299 4048 3318 4081 ι
3353 4031 3453 4101 ὅρα
3486 4029 3583 4096 γὰρ
3608 4020 3710 4093 μηδὲ

2171 4125 2312 4194 ,μιᾶς
2367 4125 2690 4194 ἐρωτήσεως
2737 4121 3236 4196 προηγησαμένης,
3286 4121 3412 4191 μηδ’
3456 4120 3531 4181 εἰς
3575 4111 3710 4184 ἀρχὴν

2177 4215 2272 4270 τοῦ
2323 4216 2450 4288 ἑξῆς
2495 4214 2905 4286 ἀναφερομένου
2949 4215 3315 4284 λόγου,ὶμηδ’
3371 4214 3496 4269 ἄλλο
3536 4227 3584 4264 τι
3627 4207 3708 4260 τῶν

2176 4308 2596 4379 προειρημένων
2622 4308 2724 4376 τῆς
2747 4308 3001 4376 φράσεως
3024 4308 3472 4378 συνεισαγούσης,
3502 4303 3667 4369 ἐπάγει
3688 4300 3708 4349 ὁ

471 4403 630 4460 Jesus
651 4404 791 4460 dixit
815 4404 894 4460 illi
928 4421 943 4459 :
973 4405 1188 4472 Simon,
1217 4407 1394 4461 habeo
1433 4407 1641 4476 aliquid
1681 4410 1777 4465 tibi
1807 4412 2011 4470 dicere.
2031 4438 2065 4470 ιο

2187 4401 2590 4471 εὐαγγελιστὴς,
2623 4419 2643 4451 ι
2676 4401 2788 4454 Καὶ
2813 4398 3136 4471 ἀποκριθεὶς
3163 4402 3192 4453 6
3230 4399 3440 4470 Ἰησοῦς
3459 4393 3583 4451 εἷπε
3605 4392 3708 4464 πρὸς

473 4497 675 4553 Deinde
719 4499 1108 4567 interrogative
1159 4513 1520 4569 prosequens,
1585 4502 1784 4572 impias
1826 4505 2070 4566 hominis

469 4590 829 4660 cogitationes
853 4591 1160 4661 castigavit,
1181 4608 1422 4663 eumque
1442 4594 1509 4649 ad
1531 4595 1872 4664 pietatemac
1903 4601 2063 4656 (idem

465 4698 568 4752 pro
605 4697 704 4737 sua
764 4683 1053 4740 clementia
1109 4684 1335 4740 direxit.
1397 4686 1584 4756 Neque
1608 4689 1763 4742 enim
1798 4690 2054 4749 dubitare

463 4774 611 4840 licet,
645 4773 781 4844 quin
840 4777 1006 4831 verba
1058 4777 1567 4846 respondensJesus
1598 4781 1740 4834 dixit
1768 4782 1878 4849 illi,
1903 4785 2057 4853 ejus-

462 4866 585 4918 dem
639 4863 768 4920 Jesu
821 4882 986 4936 quam
1041 4867 1283 4924 dixi—mus
1342 4870 1671 4939 expositioni
1733 4877 2052 4944 praeposita,

461 4955 725 5012 adversus
766 4957 935 5011 animi
963 4974 1201 5014 arcanos
1219 4969 1398 5015 motus
1429 4962 1866 5033 intorqueantur.
1903 4968 2056 5024 Panis

2177 4493 2360 4556 αὐτὸν,
2385 4493 2604 4564 Σίμων,
2620 4491 2728 4562 ἐχω
2761 4493 2845 4545 σοί
2867 4510 2921 4544 τι
2941 4494 3118 4546 εἰπεῖν
3138 4508 3152 4522 ⁸
3185 4510 3204 4545 ι
3231 4494 3328 4546 καὶ
3347 4491 3416 4546 δι’
3437 4489 3706 4559 ἐρωτήσεως

2174 4585 2474 4658 προελθὼν,
2504 4586 2565 4640 τό
2591 4603 2652 4639 τε
2687 4585 3012 4657 βλάσφημον
3048 4586 3161 4639 τῶν
3191 4582 3552 4654 διαλογισμῶν
3571 4578 3702 4646 ὲπερο

2160 4683 2392 4753 ρόιπισε,
2429 4680 2523 4735 καὶ
2555 4679 2689 4752 πρὸς
2716 4680 2776 4735 τὸ
2815 4681 3068 4744 θεοσεϐὲς
3109 4680 3204 4737 καὶ
3243 4679 3584 4744 ἀδίστακτωρ,
3627 4673 3702 4726 ὅσα

2164 4790 2223 4826 τε
2255 4775 2320 4843 τῇ
2348 4772 2512 4827 αὐτοῦ
2538 4773 2958 4846 φιλανθρωπίᾳ,
2975 4773 3399 4844 μετερύθμισεν·
3427 4776 3522 4828 οὐκ
3542 4765 3701 4837 ἄδηλον

2155 4865 2266 4935 γὰρ
2279 4867 2365 4928 ,ὡς
2393 4867 2473 4930 τὸ,
2501 4885 2534 4919 .‹
2555 4866 2901 4938 Ἀποκριθεὶς
2919 4869 2946 4919 ὁ
2979 4867 3183 4937 Ἰησοῦς
3200 4863 3331 4920 -εἷπε
3361 4861 3695 4937 πρὺςαύτὺν,-³

2162 4957 2604 5028 προταττόμενον
2633 4961 2732 5030 τῆς
2760 4960 3172 5031 προρρηθείσης
3216 4959 3535 5033 ἑρμηνείας,
3589 4951 3697 5023 πρὸς

463 5047 685 5116 insuper
728 5046 920 5104 formae
961 5049 1095 5104 illud
1134 5061 1265 5105 est:
1320 5069 1338 5101 ι
1377 5051 1738 5122 Respondeas
1778 5056 1937 5114 Jesus
1971 5060 2054 5115 le-

2190 5053 2254 5125 ὴν
2284 5056 2343 5106 ἐν
2365 5053 2450 5124 .τῷ
2483 5053 2637 5124 βάθει
2661 5055 2768 5124 τῆς
2790 5056 3030 5127 καρδίας
3073 5056 3302 5126 κίνησιν
3357 5054 3463 5108 τῶν
3499 5049 3697 5111 διαλογι-

461 5138 740 5208 gisperitis
766 5143 824 5194 ἐ
865 5157 884 5190 ›
920 5141 1069 5210 quod
1101 5141 1230 5195 item
1283 5145 1621 5213 perturbatis
1659 5147 2055 5220 seditiosisque

460 5225 683 5282 illorum
713 5230 987 5286 mentibus
1027 5234 1342 5302 oppositum
1390 5233 1512 5298 fuit,
1550 5253 1660 5307 quo
1693 5248 1940 5310 tempore
1963 5245 2064 5315 hy-

459 5319 747 5390 dropicum
799 5335 982 5376 coram
1021 5332 1256 5380 stantem
1310 5327 1620 5384 viderunt:
1685 5332 1780 5400 qui
1833 5348 1958 5388 cum
1994 5335 2062 5388 ad

454 5412 890 5469 misericordiam
933 5413 1076 5470 ﬂecti
1128 5416 1410 5486 deberent,
1477 5435 1586 5475 non
1646 5431 1826 5476 tamen
1855 5425 1922 5480 de
1951 5440 2053 5482 sua

527 5584 706 5674 I'Luc.
742 5605 898 5674 χχιιι,
931 5591 1041 5674 2ρὲ
1107 5591 1297 5648 Matth.
1321 5595 1623 5674 ’λίκνῳ-21
1660 5614 1674 5662 ;
1713 5597 1879 5674 Marc:
1917 5615 2007 5669 xv,
2075 5617 2081 5654 έ

2242 5603 2262 5635 ⁸
2290 5603 2428 5660 Luc.
2492 5619 2607 5669 xm,
2674 5604 2756 5661 l4.
2832 5606 2853 5637 ⁵
2883 5616 3003 5663 Act.
3036 5623 3087 5674 v,
3133 5609 3187 5667 5.

458 5653 480 5688 '
512 5654 668 5712 Joan.
707 5677 781 5727 vt,
811 5653 896 5717 7i.
975 5664 996 5694 ⁸
1022 5661 1156 5719 Lac.
1191 5681 1288 5728 vit,
1320 5664 1407 5719 59.
1488 5653 1676 5720 9Luc.
1708 5684 1818 5734 xw,
1849 5669 1902 5725 5.

2163 5144 2320 5214 σμῶν
2353 5145 2437 5216 εἴη
2465 5145 2532 5199 ἂν
2561 5145 2983 5215 ἀποδεδομένον.
3035 5148 3382 5217 Ὀμοστοιχεῖ
3400 5145 3460 5197 δὲ
3484 5142 3565 5210 τῷ
3605 5140 3692 5208 ,ὁη-

2161 5239 2308 5293 θέντι
2333 5241 2429 5293 καὶ
2453 5243 2536 5305 τὸ,
2566 5260 2584 5292 ι
2610 5240 2958 5311 Ἀποκριθεὶς
2980 5243 3008 5294 6
3051 5239 3258 5310 Ἰησοῦς
3281 5241 3414 5307 πρὸς
3439 5238 3552 5298 τοὺς
3574 5249 3695 5299 νρμί·

2162 5334 2312 5399 κοὺς,
2342 5350 2361 5384 ι
2399 5333 2746 5403 ἐπαγόμενον
2775 5338 2841 5406 τῇ
2876 5334 3018 5387 κατὰ
3046 5335 3144 5402 τὴν
3174 5334 3409 5388 διάνοιαν
3427 5326 3596 5384 αὐτῶν
3615 5337 3689 5372 ταί

2163 5427 2304 5496 ραχῇ
2357 5426 2454 5479 κα)⁵
2476 5427 2687 5492 στάσει,
2721 5426 2886 5497 ἡνίκα
2930 5425 3022 5478 τὸν
3071 5423 3377 5496 ύδρωπικὸν
3407 5411 3689 5489 ’ἔμπροσθεν

3291 5609 3310 5640 ⁶
3338 5603 3488 5660 Jnan.
3526 5615 3578 5660 ιι,
3612 5590 3678 5649 i3-
