3864 6218
164 273 268 341 161

1153 276 1253 341 AD
1289 267 1887 343 AMPHILOCHIUM
1925 278 2272 354 curasrio
2306 282 2465 345 XXI.

3335 283 3439 357 i6!

162 394 349 449 αὐτῶν
385 394 673 462 ἱστάμενον
700 390 967 464 ἐθεώρουν
991 406 1005 419 ·
1038 392 1133 446 καὶ
1164 394 1284 446 δέον
1305 395 1382 465 τῷ
1417 396 1579 450 πάθει
1606 397 1744 467 πρὸς

1851 397 2070 451 vesania
2115 397 2416 467 quidquam
2472 400 2843 457 remittebant.
2894 402 3094 459 Eadem
3161 406 3435 463 videretur

162 486 318 538 ἔλεον
345 482 774 553 μεταϐαλέσθαι,
802 484 852 535 oi
875 484 932 535 δὲ
955 483 1055 553 τῆς
1079 485 1343 547 ἀπονοίας
1372 483 1432 538 οὐ
1470 486 1743 556 μεθίεντο.

165 577 282 649 Τὴν
307 576 483 648 αὐτὴν
508 577 555 629 δ’
585 576 653 629 ἂν
677 576 971 646 παρέχοιτο
998 578 1273 647 σημασίαν
1296 579 1392 631 καί
1413 579 1493 645 τὸ,
1533 596 1553 632 ι
1574 579 1739 632 Ἀπο-

164 670 383 741 κριθεὶς
397 670 455 722 δὲ
479 670 510 722 ό
540 667 746 739 Ἰησοῦς
770 665 925 722 εἶπεν
942 669 1126 733 αὐτοῖς
1144 710 1159 732 ,
1201 671 1393 741 Ἀμην,
1412 672 1582 743 Ἀμὴν
1601 672 1746 741 λέγω

165 765 319 832 ὑμῖν,
348 760 449 816 ἐὰν
480 761 642 834 ἔχητε
674 762 859 816 πίστιν
884 763 980 816 καὶ
1005 764 1079 833 μὴ
1110 764 1452 835 διακριθῆτε,
1490 766 1550 818 ού
1583 765 1745 835 μόνον

155 852 347 923 τὸτῆς
398 851 577 922 συκῆς
622 852 902 923 ποιήσετε,
941 853 1079 907 ἀλλὰ
1126 854 1231 907 κᾶν
1269 854 1350 925 τῷ
1403 854 1522 925 ὖρει
1566 855 1744 923 τούτῳ

154 944 379 1015 εἴπητε,
401 944 690 1012 Μετάϐηθι
718 945 800 1007 είς
832 944 934 1015 τὴν
965 944 1256 1011 θάλασσαν,
1290 945 1678 1017 μεταϐήσεται·
1721 966 1739 997 ι

156 1037 252 1090 καὶ
279 1036 399 1104 γὰρ
425 1033 527 1089 ὃσα
557 1051 623 1103 γε
655 1034 798 1089 κατὰ
827 1037 880 1089 τὶ
941 1036 1238 1107 πρόχειρον
1279 1037 1380 1107 τῆς
1426 1037 1740 1101 συνεπείας,

155 1129 297 1201 πρὸς
327 1131 433 1199 τὴν
467 1130 526 1181 ὲν
550 1128 631 1198 τῷ
656 1127 807 1197 βάθει
841 1128 945 1197 τῆς
997 1128 1225 1197 καρδίας
1272 1129 1503 1199 μελέτην
1551 1129 1743 1183 ἀπεδί-

150 1224 277 1276 δοτο
331 1221 399 1275 ἂν
456 1220 520 1272 τὺ
570 1219 912 1289 ἀποκριθεὶς,
967 1222 1017 1273 ει
1046 1223 1120 1291 μὴ
1144 1222 1369 1292 Μάρκος
1396 1224 1423 1275 ὁ
1454 1223 1745 1287 θεσπέσιος

150 1313 527 1383 ἀπαγγέλλων
553 1313 616 1368 τὸ
641 1314 842 1384 χωρίον
873 1315 1231 1387 σαφέστερον,
1263 1319 1345 1380 εἰς
1380 1318 1479 1386 τὴν
1506 1317 1601 1371 τοῦ
1654 1317 1746 1371 λό-

148 1419 251 1475 γου
274 1406 537 1477 διαδοχὴν
571 1407 673 1476 τὴν
694 1408 972 1478 σημασίαν
992 1407 1315 1478 μεθίστησιν
1337 1426 1352 1440 ·
1398 1408 1572 1462 εἰπὼν
1609 1410 1742 1481 γὰρ,

156 1519 177 1553 ι
205 1500 319 1555 Καὶ
334 1499 705 1569 ἀναμνησθεὶς
726 1502 754 1553 ὁ
777 1500 985 1570 Πέτρος
1011 1500 1158 1569 λέγει
1183 1499 1575 1570 αὐτῷᾘΡαδόὶ.
1608 1501 1683 1554 ἴδε
1709 1504 1742 1571 ἡ

150 1595 299 1662 συκῆ
335 1594 403 1664 ἢν
437 1592 737 1664 κατηράσω
772 1591 1056 1663 ὲξήραται,
1086 1608 1107 1643 ›
1147 1592 1363 1661 εἰσάγει
1409 1593 1500 1646 τὸν
1540 1593 1745 1663 Ἰησοῦν

146 1686 542 1756 διαδεχόμενον
569 1684 664 1738 τὸν
693 1684 849 1752 λόγον
880 1685 976 1737 καὶ
1000 1682 1251 1753 λέγοντα,
1284 1705 1303 1736 ‹
1330 1686 1524 1755 Ἔχετε
1561 1687 1744 1740 πίστιν

1847 489 2179 558 signiﬁcatio
2232 490 2541 547 dictionis:
2602 511 2620 543 ι
2656 494 3016 563 Respondcns
3072 496 3231 555 Jesus
3296 502 3438 556 dixit

1847 578 1957 633 illis
1990 597 2004 634 :
2033 579 2240 650 |Amen,
2277 596 2434 635 amen
2492 582 2618 638 diuo
2658 585 2834 649 vobis,
2867 587 2914 642 si
2940 587 3100 642 ﬁdem
3137 588 3440 647 habueritis

1849 684 2030 740 neque
2083 671 2492 738 haesitavcritis,
2551 689 2663 730 non
2711 676 2885 731 solum
2928 679 3066 735 ﬁcus
3128 684 3434 754 prodigium

1846 757 2132 827 patrabitis
2158 777 2172 825 ;
2198 774 2393 814 verum
2426 762 2594 818 etiam
2625 765 2671 819 si
2697 766 2825 820 huic
2850 766 2993 823 forte
3033 771 3205 825 monti
3232 774 3435 829 dixeri-

1848 850 1940 914 tis,
1985 849 2296 923 Commigra
2364 854 2421 907 in
2467 870 2654 923 mare,
2705 861 3171 930 commigrabit”.
3230 880 3251 915 ι
3302 865 3435 921 Nam

1845 942 1994 1010 quod
2056 944 2251 1000 attinet
2299 948 2368 1001 ad
2415 949 2718 1004 naturalem
2780 956 3050 1010 sermonis
3092 965 3434 1024 contextum,

1848 1032 2089 1088 verbum
2118 1048 2253 1091 sane
2296 1039 2637 1107 respondens
2670 1040 2971 1100 referretur
3012 1047 3078 1102 ad
3117 1049 3319 1105 mentis
3351 1066 3438 1104 ara

1846 1138 2041 1180 canam
2081 1128 2494 1198 cogitationem,
2522 1132 2628 1189 nisi
2655 1134 2816 1190 divus
2851 1138 3093 1204 Marcus,
3120 1136 3215 1209 qui
3252 1136 3435 1197 locum

1848 1218 1997 1272 hunc
2036 1220 2362 1290 explicatius
2397 1223 2675 1290 edisserit,
2738 1229 2892 1284 verbi
2959 1232 3331 1301 signiﬁcatqu
3367 1237 3436 1291 ad

1846 1311 2119 1365 sermonis
2153 1313 2340 1380 praevii
2373 1313 2765 1373 admissionem
2806 1322 3222 1389 exprimendam
3247 1327 3439 1381 tradu-

1848 1410 2020 1457 ceret.
2049 1401 2264 1457 Etenim
2294 1420 2419 1460 cum
2472 1408 2704 1465 dixisset
2739 1429 2753 1465 :
2794 1426 2813 1462 ‹
2855 1411 3303 1488 Recordatusque
3336 1418 3438 1476 Pe-

1847 1493 2076 1557 trus,ait
2124 1494 2243 1549 illi:
2294 1495 2579 1567 Magister,
2612 1516 2678 1554 en
2710 1500 2846 1557 ﬁcus
2884 1505 2974 1557 cui
3002 1508 3145 1560 male
3180 1518 3436 1576 precatus

1846 1598 1906 1637 es
1928 1586 2186 1653 exaruit;
2229 1603 2249 1638 ι
2294 1586 2425 1643 facit
2457 1590 2645 1645 Jesum
2678 1596 2916 1649 sermoni
2966 1596 3094 1651 huic
3140 1610 3437 1653 Occurren-

1847 1684 1956 1730 tem
1995 1676 2120 1731 sic:
2159 1695 2179 1729 ι
2217 1676 2487 1736 Habetote
2526 1680 2621 1738 Dei
2653 1685 2835 1739 ﬁdem.
2880 1686 3054 1741 Amen
3082 1689 3284 1759 quippe
3311 1690 3437 1746 dico

147 1779 288 1833 Θεοῦ
308 1751 504 1849 rit-pip:
538 1778 650 1847 γὰρ
681 1751 827 1845 λέγω
849 1779 1000 1845 ὑμῖν,
1034 1751 1117 1831 ὅτι
1146 1778 1203 1842 ὃς
1229 1778 1297 1831 ἂν
1337 1751 1464 1849 εἴπῃ
1512 1779 1590 1848 τῷ
1622 1779 1743 1851 ὄρει

1851 1768 2024 1835 vobis,
2098 1771 2194 1838 qui
2240 1772 2368 1827 huic
2420 1776 2595 1829 monti
2634 1776 2858 1842 dixerit,
2903 1751 3119 1836 Tollere
3144 1751 3275 1837 hinc
3299 1793 3353 1837 et
3380 1784 3435 1837 in

156 1871 352 1940 τούτῳ,
376 1869 612 1941 Ἄρθητι
629 1869 723 1922 καὶ
745 1869 972 1941 βλήθητι
998 1871 1077 1933 εἰς
1096 1870 1197 1940 τὴν
1226 1869 1524 1932 θάλασσαν,
1547 1874 1644 1925 καὶ
1672 1872 1745 1942 μὴ

154 1964 411 2035 διακριθῇ
450 1965 508 2015 ἐν
537 1966 606 2035 τῇ
637 1963 839 2034 καρδίᾳ
869 1962 1056 2027 αὐτοῦ,
1104 1961 1242 2015 ἀλλὰ
1297 1963 1548 2015 πιστεύει
1606 1965 1690 2017 δτι
1717 1965 1746 2017 ὃ

152 2052 311 2110 λαλεῖ
339 2054 575 2123 γίνεται,
606 2053 759 2106 ἔσται
790 2048 942 2122 αὐτῷ
962 2051 991 2105 ὃ
1021 2049 1193 2121 λέγει.
1226 2070 1245 2101 ι

226 2152 306 2212 ςέ
349 2147 414 2198 Ei
451 2146 550 2215 μέν
590 2162 673 2198 τοι
722 2162 789 2212 γε
821 2143 929 2217 τῷν
962 2144 1177 2213 Λογίων
1215 2145 1250 2215 ἡ
1285 2145 1425 2217 αὐτὴ
1465 2148 1744 2219 περικοπῇ

153 2240 235 2311 μὴ
283 2240 375 2307 ἐφ’
428 2240 549 2302 ἑνὸς
602 2239 767 2307 μόνου
820 2237 930 2289 τῶν
980 2237 1290 2308 εἰρημένων
1344 2239 1744 2312 έπιθεωρηθείη

148 2333 546 2405 παράδειγμα,
575 2330 712 2385 ἀλλὰ
742 2330 1179 2402 μεθελκυσθῆναι
1206 2329 1424 2385 δύναιτο
1450 2332 1530 2397 εἰς
1556 2350 1616 2385 τε
1646 2332 1746 2404 τὴν

148 2426 418 2495 ἀπαρχὴν
468 2424 565 2477 καὶ
598 2422 699 2493 τὴν
726 2421 979 2493 διαδοχὴν
1012 2421 1109 2475 τοῦ
1153 2421 1337 2489 λόγου,
1391 2422 1536 2493 τάχα
1560 2423 1618 2475 δὲ
1654 2424 1746 2477 καὶ

148 2521 239 2582 εἰς
280 2517 349 2569 τὸ
392 2515 694 2585 παρέλκον,
750 2513 859 2567 οὐδ’
911 2513 1087 2578 οὕτως
1117 2514 1678 2586 τῶνςσημαινομένων
1718 2517 1745 2569 ὁ

148 2609 397 2681 ἀριθμὸς
423 2607 562 2678 πρὸς
586 2606 649 2659 τὸ
678 2606 1014 2677 βραχύτερον
1037 2606 1454 2677 συσταλήσεται,
1485 2607 1622 2661 ἀλλὰ
1647 2608 1746 2677 τὴν

149 2703 289 2764 ἴσως
327 2697 691 2753 συνδιασώσει
734 2697 1047 2767 ποσότητα’
1084 2697 1246 2767 ἀρκεῖ
1296 2698 1403 2769 γὰρ
1435 2697 1496 2751 τὸ
1538 2698 1745 2767 πλῆθος

156 2788 235 2859 μὴ
263 2785 689 2850 καταϐιῢὰζειν,
721 2784 823 2839 κᾶν
853 2787 974 2838 ἔνια
1004 2786 1115 2838 τῶν
1149 2787 1619 2858 παραδειγμάτων
1653 2788 1745 2840 εύ-

155 2876 345 2947 ρεθείη
377 2876 455 2946 μὴ
490 2874 628 2946 πρὸς
657 2875 715 2926 ἓν
742 2892 797 2927 τι
842 2875 1027 2945 μόνον,
1058 2875 1194 2928 ἀλλὰ
1214 2878 1312 2930 καὶ
1344 2880 1481 2946 πρὸς
1510 2877 1745 2946 διάφορα

151 2968 265 3022 τῶν
316 2966 738 3036 σημαινομένων
769 2965 1140 3037 ἀναφέρεσθαι
1169 2965 1443 3035 δυνάμενα
1465 3005 1480 3031 ,
1524 2967 1745 3020 ἐπειδάν

159 3073 218 3111 τι
258 3057 468 3111 τούτων
504 3055 643 3119 ὅλως
682 3056 993 3126 εὑρίσκοιτο
1024 3056 1124 3127 τὴν
1170 3057 1265 3111 τοῦ
1294 3057 1413 3120 ἐνὸς
1465 3059 1742 3127 σημασίαν

165 3148 622 3218 ἐξοικειούμενον.
659 3148 734 3200 Τὸ
763 3147 872 3219 γὰρ
913 3147 1310 3218 συνεμπίπτειν
1340 3148 1458 3211 πῶς
1497 3146 1746 3217 ἀλλήλοις

157 3242 250 3295 ἐπ’
278 3242 444 3295 ἐνίων
472 3240 655 3311 ῥητῶν
680 3240 751 3293 τὰ
778 3236 1012 3311 διάφορα
1042 3241 1440 3310 σημαινόμενα,
1475 3241 1575 3293 οὐκ
1598 3241 1747 3293 ἐστιν

156 3334 343 3388 αὐτῶν
374 3332 471 3386 τοῦ
515 3331 759 3403 πλήθους
787 3331 1098 3400 ἀναίρεσις·
1136 3334 1373 3404 ἐπείπερ
1418 3333 1539 3387 οὐδὲ
1574 3333 1634 3400 ἐξ
1672 3326 1747 3385 ὧν

157 3424 587 3495 συμϐαίνουσιν,
622 3423 741 3477 ἀλλ’
772 3421 835 3488 ἐξ
864 3417 939 3478 ὧν
970 3424 1430 3495 παραλλάττουσι,
1464 3442 1747 3497 χαρακτη-

154 3520 433 3590 ρίζονται.
485 3516 698 3571 Οὐκοῦν
733 3516 841 3570 ἀπὸ
865 3517 966 3587 τῆς
1002 3517 1269 3588 διαφορᾶς
1311 3517 1544 3573 ἕκαστον
1573 3536 1747 3591 προσ-

149 3615 261 3683 ῆκε
288 3613 540 3677 σκοπεῖν,
560 3610 659 3663 καὶ
684 3609 748 3663 τὸ
775 3604 920 3674 εἶδος
949 3610 1237 3679 φυλάττειν
1266 3611 1596 3682 ἀσύγχυτον,
1628 3612 1745 3665 ἀλλ’

149 3707 258 3759 οὐκ
298 3705 361 3770 ἐξ
388 3698 465 3757 ὧν
494 3703 577 3766 εἰς
607 3702 896 3755 κοινωνίαν
933 3704 1283 3771 συνάγονται,
1319 3703 1417 3773 τὴν
1461 3704 1519 3755 ἐν
1563 3705 1747 3767 αὐτοῖς

150 3797 502 3869 διαφθείρειν
527 3797 845 3867 ἑτερότητα.

228 3893 303 3957 ζ’.
343 3891 422 3944 Οὐ
462 3890 626 3960 μόνον
649 3887 708 3940 δὲ
739 3887 833 3939 τοῦ
852 3886 1143 3954 ἀπεκρίθη
1173 3886 1420 3957 διάφοροι
1453 3887 1741 3957 σημασίαι,

151 3988 228 4050 ὡς
253 3988 286 4037 ὁ
313 3984 475 4050 λόγος
498 3979 722 4046 ἔδειξεν,
739 3976 1247 4044 ἁποφύονται,ἀλλὰ
1268 3979 1363 4031 καὶ
1387 3977 1446 4031 τὸ
1470 3977 1745 4046 ἠρώτησε

152 4077 253 4131 δύο
282 4072 450 4127 τινῶν
478 4070 542 4123 τὸ
562 4068 844 4139 ἐλάχιστον
870 4068 1249 4138 ὑποκειμένων
1268 4069 1420 4139 παρὰ
1438 4074 1550 4132 τοῖς
1579 4072 1746 4141 ἱεροῖς

155 4168 318 4239 ἡμῶν
365 4164 573 4232 λογίοις
629 4159 971 4229 ἀπαγγέλλει
1017 4161 1291 4213 διάνοιαν·
1341 4155 1415 4214 ὧν
1449 4164 1482 4232 ὴ
1516 4163 1615 4231 μὲν
1650 4164 1745 4215 καὶ

154 4265 271 4323 τοῖς
319 4257 523 4324 ἔξωθεν
551 4254 915 4316 ἐπιπολάζει,
964 4255 1000 4325 ἡ
1030 4254 1127 4306 καὶ
1169 4254 1269 4323 τὴν
1317 4254 1609 4327 ἀπόκρισιν
1638 4257 1745 4308 ἀπ-

155 4352 333 4404 αιτεῖν
365 4346 558 4399 εἴωθεν
580 4360 595 4373 θ
630 4344 664 4414 ἠ
695 4343 751 4395 δὲ
783 4342 1072 4414 πόρρωθεν
1118 4343 1219 4412 μὲν
1252 4344 1458 4415 ταύτης
1488 4345 1589 4414 τῆς
1626 4346 1745 4398 δια-

156 4442 306 4504 νοίας
333 4440 633 4502 διίσταται,
656 4439 911 4507 σημαίνει
932 4436 1068 4505 δὲξτὸ
1083 4437 1464 4505 παρεκάλεσε
1484 4440 1576 4491 καὶ
1594 4439 1740 4506 ᾐτή-
1775 4462 1819 4522 D

155 4551 334 4598 σατο,
366 4532 495 4603 ἣτις
525 4530 628 4583 οὐκ
653 4530 877 4581 ἔλαττον
905 4527 1006 4597 τῆς
1056 4530 1469 4599 προειρημένης
1521 4531 1583 4582 ὲν
1631 4533 1743 4594 τοῖς

155 4626 443 4694 σεοσόφοις
465 4622 736 4692 χρησμοῖς
759 4619 1104 4689 ἐπιφαίνεται
1121 4619 1511 4682 πλεονάζουσαο
1529 4623 1590 4674 τὸ
1612 4623 1740 4694 γὰρ,

159 4736 179 4768 ι
210 4715 407 4788 ἠρώτα
428 4712 820 4783 ἐλεημοσύνην·
847 4731 866 4763 υ
883 4714 1025 4778 καὶ,ι
1049 4711 1342 4782 ἠρώτησαν
1359 4712 1545 4779 αὐτὸν,
1577 4715 1739 4767 Ῥαϐ-

157 4809 211 4861 ϐὶ
237 4849 254 4870 ,
288 4807 435 4876 φάγε
452 4820 500 4857 ἰ
530 4804 648 4867 καὶ,
673 4822 691 4855 ι
714 4803 932 4873 Ἐρωτῶ
958 4819 1041 4868 σε,
1069 4802 1161 4872 ἔχε
1196 4819 1264 4872 με
1288 4804 1736 4874 παρῃτημένονη

158 4902 252 4955 καὶ
279 4900 369 4963 τὸ,
403 4916 421 4949 ι
447 4894 666 4965 Ἠρὼτα
686 4910 770 4956 τις
807 4893 971 4947 αὑτὸν
1000 4892 1107 4946 τῶν
1137 4895 1447 4963 Φαρισαίων
1474 4894 1559 4948 ἵνα
1588 4896 1744 4969 φάγῃ

162 4993 278 5062 μετ’
313 4987 486 5044 αὐτοῦ
508 5003 522 5016 ·
561 5006 579 5038 ι
605 4987 701 5039 καὶ
730 4986 897 5056 μυρία
921 4985 1057 5039 ἄλλα
1099 4984 1197 5056 τὴν
1226 4985 1321 5038 τοῦ
1357 4987 1622 5040 ἱκετεύειν
1654 4991 1749 5042 καὶ

161 5084 373 5137 δεῖσθαι
398 5078 593 5132 οὐδένα
629 5075 885 5129 λανθάνει
940 5077 1036 5146 τὴν
1064 5076 1247 5147 χώραν
1277 5078 1496 5147 ἐπέχειν
1516 5095 1529 5107 ·
1564 5096 1748 5149 παρα-

160 5176 513 5247 λαμϐάνεται
561 5170 619 5222 δὲ
659 5174 754 5223 καλ⁴
782 5174 843 5221 τὸ
872 5168 1123 5238 ἠρώτησε
1155 5171 1250 5222 καὶ
1293 5173 1414 5224 ἀντὶ
1449 5172 1543 5224 τοῦ
1580 5189 1749 5243 προσ-

163 5267 383 5334 έταξεν,
404 5260 733 5325 ἐνετείλατο,
754 5260 850 5313 καὶ
870 5256 1044 5313 εἶπεν.
1070 5278 1088 5310 ι
1114 5260 1317 5330 Ἐμὸὰς
1340 5262 1473 5333 γὰρ,
1503 5265 1691 5333 φησὶν,
1719 5266 1750 5317 ό

170 5358 382 5432 ςιησοῦς
410 5357 492 5418 εἰς
533 5354 593 5406 ἓν
622 5352 732 5405 τῶν
764 5352 968 5405 πλοίων
999 5352 1026 5404 ὃ
1057 5349 1125 5423 ἦν
1158 5352 1252 5406 τοῦ
1293 5354 1557 5424 Σίμωνος,
1592 5357 1739 5426 ἠρῶ-

156 5471 325 5523 τησεν
351 5450 522 5504 αὐτὸν
550 5444 661 5498 ἀπὸ
686 5444 785 5513 τῆς
808 5446 912 5513 γῆς
944 5445 1313 5513 ἐπαναγαγεῖν
1341 5446 1542 5513 ὀλίγον’
1572 5466 1589 5496 i
1618 5446 1739 5499 οὐδὲ

152 5549 265 5618 γὰρ
316 5538 677 5613 ἀποκρίσεως
717 5540 866 5590 ἐστιν
895 5538 1193 5609 ἀπαίτησις
1225 5542 1257 5609 ἡ
1286 5541 1477 5610 φωνὴ,
1512 5540 1633 5592 οὐδὲ
1678 5542 1742 5593 τὸ

228 5664 271 5695 ³⁸
294 5659 497 5716 Matth.
534 5670 650 5716 ττι,
676 5653 766 5707 ει.
850 5655 893 5684 ’ί
927 5653 1088 5710 Marc.
1117 5652 1303 5719 31,2].

156 5736 203 5768 “
242 5734 384 5789 Luc.
425 5744 521 5787 XV.
558 5727 613 5777 4-

457 5825 744 5882 ΡΑτιιοι..
788 5818 903 5878 Gn.
936 5817 1029 5880 Cl.

1385 5655 1425 5685 ¹²
1451 5656 1569 5709 Act.
1605 5670 1685 5719 ιιι,
1718 5656 1768 5709 5.

1855 1875 2008 1915 mare
2044 1864 2351 1932 projicitur,
2374 1865 2422 1921 si
2452 1867 2614 1921 modo
2648 1868 2704 1921 in
2741 1868 2907 1923 corde
2943 1885 3042 1925 suo
3071 1884 3179 1927 non
3202 1873 3435 1939 dubitet,

1854 1950 1949 2007 sed
1982 1955 2034 2008 id
2068 1954 2208 2021 fore,
2237 1958 2385 2027 quod
2410 1956 2507 2023 ait,
2534 1960 2747 2029 credat,
2772 1962 2862 2015 ﬁet
2879 1960 2928 2015 ei
2952 1964 3255 2019 seCundum
3279 1981 3433 2021 suam

1854 2046 2185 2103 locutionem
2208 2051 2271 2105 “.
2318 2068 2339 2103 ι
2520 2039 2523 2041 ί

1924 2139 1977 2193 6.
2029 2139 2187 2206 Quod
2232 2142 2281 2197 si
2335 2143 2631 2214 aliquando
2686 2144 2988 2217 Scriptura:
3033 2162 3207 2205 sacrm
3246 2149 3434 2207 eadem
3477 2144 3482 2149 ’

1852 2233 2108 2302 pericope
2135 2246 2244 2288 non
2268 2236 2334 2290 ad
2360 2237 2526 2291 unius
2557 2251 2588 2291 e
2618 2239 2898 2306 praedictis
2919 2240 3095 2295 modis
3124 2242 3434 2312 exemplum

1855 2327 2115 2393 sumitur,
2150 2342 2342 2381 verum
2387 2336 2444 2383 et
2472 2330 2539 2384 ad
2580 2329 2795 2385 initium
2843 2343 2896 2386 et
2928 2334 2994 2387 ad
3043 2334 3434 2392 admissionent

1852 2420 2126 2473 sermonis
2151 2420 2293 2474 trahi
2321 2431 2521 2491 potest,
2561 2421 2799 2479 fortasse
2825 2424 2992 2479 etiam
3026 2426 3091 2482 ad
3124 2428 3433 2484 redundan-

1853 2509 2025 2575 tiam;
2060 2525 2169 2564 non
2203 2512 2411 2567 idcirco
2450 2521 2632 2567 tamen
2664 2514 3131 2584 signiﬁcationum
3169 2535 3435 2576 numerus

1853 2604 2059 2657 arctior
2081 2604 2192 2669 lict,
2216 2604 2312 2659 sed
2336 2607 2697 2675 quantitatem
2724 2622 2880 2661 suam
2905 2611 3273 2667 conservabit.
3295 2611 3432 2668 Nam

1854 2710 1921 2747 ne
1964 2710 2195 2750 numero
2225 2696 2525 2767 quidquam
2572 2698 2913 2764 detrahatur,
2949 2700 3146 2758 suﬁicit
3195 2704 3432 2773 (etiamsi

1852 2785 2063 2853 aliquot
2105 2789 2352 2856 exempla
2387 2790 2497 2843 sint
2543 2806 2665 2859 qum
2714 2807 2822 2846 non
2863 2793 2930 2847 ad
2981 2809 3178 2862 unum,
3227 2798 3322 2852 sed
3366 2799 3433 2852 ad

1852 2878 2038 2933 varios
2071 2880 2411 2947 signiﬁcatus
2454 2880 2645 2936 referri
2668 2888 2916 2953 queant),
2941 2885 3159 2952 suilicit,
3186 2887 3429 2958 inquam,

1852 2968 1900 3023 si
1945 2972 2090 3039 quod
2144 2972 2195 3023 in
2233 2971 2320 3025 bis
2367 2972 2593 3026 omnino
2628 2975 2937 3043 exemplum
2987 2977 3237 3043 exsistat,
3286 2985 3429 3049 quod

1853 3064 2017 3117 unius
2083 3065 2160 3118 rei
2220 3064 2591 3135 signiﬁcatum
2646 3067 2746 3120 sibi
2801 3068 3064 3124 vindicet.
3114 3068 3235 3124 Non
3284 3072 3429 3127 enim

1852 3155 1980 3224 quia
2012 3156 2403 3210 nonnullarum
2449 3172 2644 3212 vocum
2679 3159 2844 3213 varice
2888 3160 3320 3230 signiﬁcationes
3346 3164 3431 3219 in-

1850 3246 2025 3301 vicem
2046 3246 2356 3309 incurrunt,
2376 3245 2579 3301 idcirco
2599 3248 2885 3317 perimitur
2905 3251 3102 3303 barum
3127 3266 3391 3308 nutrieras
3413 3265 3427 3307 :

1850 3352 1974 3391 nam
2006 3351 2180 3406 neque
2208 3338 2330 3393 ideo
2350 3338 2478 3407 quia
2504 3349 2835 3408 congruunt,
2867 3341 2963 3395 sed
2991 3341 3121 3412 quia
3146 3342 3428 3409 diﬁ'erunt,

1847 3433 2224 3487 characterem
2271 3432 2570 3502 accipiunt.
2622 3433 2766 3505 Ergo
2808 3435 3078 3504 cujusque
3123 3435 3427 3493 diﬁ‘erentia

1848 3524 2145 3594 spectanda
2174 3534 2283 3590 est,
2306 3534 2363 3579 et
2384 3540 2484 3580 sua
2513 3526 2710 3596 cuique
2738 3528 2945 3596 species
2970 3530 3238 3584 servanda
3269 3546 3286 3586 :
3317 3546 3427 3586 non

1847 3623 2032 3671 autem
2076 3616 2282 3671 idcirco
2329 3616 2460 3685 quia
2510 3617 2710 3673 alicubi
2761 3628 3092 3690 oeagruunt,
3135 3622 3430 3679 diversitas

1848 3707 2112 3763 abolenda
2123 3750 2135 3761 .

1920 3887 1970 3941 7.
2015 3886 2119 3941 Sed
2148 3887 2295 3941 enim
2319 3887 2485 3941 varia:
2508 3887 2957 3956 signiﬁcationes,
2980 3900 3042 3945 ut
3064 3905 3249 3947 sermo
3270 3906 3428 3949 meus

1848 3980 2114 4035 haetenus
2168 3980 2428 4045 ostendit,
2482 3997 2588 4033 non
2650 3995 2715 4034 ex
2768 3996 2880 4035 uno
2939 3984 3209 4051 respondit
3262 3983 3427 4040 verbo

1845 4071 2182 4141 gignuntur;
2218 4082 2402 4122 verum
2428 4069 2594 4123 etiam
2630 4069 2857 4123 verbum
2887 4076 3093 4141 rogavit
3115 4072 3160 4104 “
3189 4074 3424 4129 duorum

1846 4163 2040 4216 saltem
2087 4160 2495 4231 signiﬁcatuum
2531 4160 2738 4215 nostris
2768 4161 2821 4215 in
2855 4160 3157 4232 Scripturis
3196 4173 3427 4220 sentem-

1846 4255 1978 4309 tiam
2012 4261 2233 4319 tuetur;
2268 4267 2499 4322 quorum
2541 4252 2679 4307 alter
2704 4252 2950 4321 profanis
2975 4268 3196 4323 quoque
3237 4264 3426 4309 aucto-

1847 4347 2002 4401 ribus
2023 4344 2313 4399 familiaris
2333 4352 2438 4408 est,
2464 4342 2993 4413 responsionemque
3018 4344 3220 4401 elicere
3246 4346 3421 4410 solet;

1848 4437 1985 4489 alter
2027 4450 2157 4489 vero
2206 4451 2237 4488 ο
2268 4434 2528 4504 pracdicto
2575 4436 2926 4488 vehementer
2952 4435 3154 4501 differt,
3203 4438 3427 4493 denotat

1846 4527 1993 4580 enim
2040 4535 2284 4594 precatus
2311 4534 2389 4578 est
2432 4534 2486 4579 et
2532 4525 2839 4593 postulavit.
2874 4523 3054 4595 Atque
3095 4527 3185 4582 hic
3216 4527 3425 4597 signifi-

1846 4631 2005 4676 catus
2031 4621 2175 4673 baud
2200 4620 2384 4673 minus
2405 4618 2578 4672 altero
2608 4618 2662 4671 in
2681 4617 2881 4673 divinis
2905 4619 3147 4675 oraculis
3167 4620 3425 4691 frequens

1845 4711 2262 4767 occurrit.Nam
2286 4729 2306 4763 ι
2331 4711 2557 4782 rogabat
2584 4711 2985 4782 eleemosynam
3012 4727 3029 4777 ;
3064 4730 3083 4763 ›
3113 4722 3169 4768 et
3208 4735 3225 4765 ‹
3247 4713 3426 4787 Regna

1850 4815 2047 4859 verunt
2074 4819 2224 4869 eum,
2248 4803 2526 4872 Magister,
2552 4803 2823 4856 manduca
2849 4801 2924 4869 ¹³;
2954 4822 2975 4853 ι
3000 4813 3058 4857 et
3082 4823 3098 4858 :
3130 4823 3149 4856 ι
3175 4804 3328 4874 Rogo
3346 4813 3422 4868 te,

1848 4896 1989 4951 habe
2032 4911 2121 4950 me
2152 4904 2472 4950 excusatum
2497 4895 2572 4958 ’i;
2612 4914 2630 4944 ι
2669 4904 2725 4947 ct
2759 4913 2772 4948 :
2808 4914 2825 4944 ι
2857 4894 3106 4963 Rogabat
3135 4912 3262 4950 eum
3300 4900 3425 4966 qui-

1844 4992 1969 5045 dam
2018 4989 2350 5052 Pharisszus,
2389 4996 2449 5041 ut
2493 5003 2680 5041 secum
2711 4986 2895 5041 cibum
2944 4996 3170 5055 caperet
3196 4988 3279 5054 ¹⁵;
3312 5005 3334 5040 ι
3372 4998 3428 5042 ct

1846 5084 1901 5135 in
1955 5081 2208 5151 plurimis
2241 5081 2368 5135 aliis
2397 5080 2533 5134 locis
2577 5078 2746 5133 verbo
2799 5078 2929 5133 huic
2966 5078 3251 5134 notionem
3297 5095 3425 5149 prc—

1847 5176 2006 5229 randi
2054 5174 2283 5227 subesse
2335 5172 2610 5226 neminem
2673 5172 2823 5227 latet.
2874 5171 2989 5225 Iino
3034 5185 3167 5227 vero
3214 5177 3422 5243 rogavit

1848 5264 2089 5317 sumitur
2135 5263 2298 5316 etiam
2343 5278 2443 5332 pro
2486 5261 2797 5331 imperavit,
2840 5260 2898 5315 in
2945 5261 3223 5318 mandatis
3255 5264 3424 5323 dedit,

1843 5356 2035 5408 edixit.
2074 5374 2092 5405 ι
2127 5355 2441 5409 Conscensa
2464 5392 2480 5420 ,
2532 5355 2610 5407 ait
2643 5352 2946 5422 Scriptura,
2977 5354 3141 5409 Jesus
3182 5352 3427 5407 Simonis

1846 5449 2119 5514 navicula,
2157 5452 2369 5518 rogavit
2396 5463 2520 5502 eum
2550 5458 2609 5501 ut
2649 5464 2679 5501 a
2716 5456 2864 5502 terra
2894 5447 3118 5516 paulum
3150 5445 3427 5502 subduce-

1848 5554 1929 5596 ret
1951 5544 2011 5595 ’⁸.
2050 5561 2069 5592 ι
2106 5542 2318 5597 Etenim
2351 5542 2403 5594 id
2433 5541 2661 5594 verbum
2701 5538 2850 5593 haud
2884 5539 2975 5593 bic
3009 5536 3422 5609 responsionem

1853 5656 1892 5687 ¹³
1926 5655 2085 5709 Joan.
2124 5671 2198 5719 tv,
2230 5655 2319 5709 5i.
2400 5654 2442 5685 “
2476 5652 2610 5707 Luc.
2652 5667 2762 5719 xiv,
2800 5652 2888 5705 lO.
2968 5652 3011 5683 “‘
3039 5651 3170 5703 Luc.
3201 5661 3301 5713 ιιι,
3330 5646 3427 5703 5’3.

3016 5819 3051 5872 6
