3830 6210
502 240 603 305 163

498 348 709 418 poscit;
780 363 954 417 neque
1015 349 1195 404 oravit
1263 348 1574 420 signiﬁcat;

1651 242 1918 302 PHOTII
1959 241 2604 302 PATRIARCH/E'GP.
3621 253 3702 324 ια

1664 349 1762 405 sed
1833 346 2077 403 mandati
2108 356 2152 412 Α
2182 347 2561 418 παρεκάλεσεν
2603 346 2838 402 ἐνταῦθα
2889 348 3168 419 σημαίνει,
3213 349 3328 404 ἀλλ’
3376 354 3698 429 ἐπιτάγματος

408 519 410 521 γ
496 452 776 512 nutusque
806 442 924 496 vice
953 440 1222 512 fungitur.
1266 443 1429 512 quue
1473 443 1708 496 maxime
1731 457 1800 496 ex
1839 441 1928 505 iis,
1958 455 2071 510 quae

2181 441 2277 492 καὶ
2304 439 2525 512 ἐντολῆς
2557 441 2922 512 προϐάλλεται
2945 444 3138 512 χρείαν
3159 457 3176 473 ·
3210 445 3301 497 καὶ
3327 446 3479 501 τοῦτο
3501 452 3699 519 μάλιστα

496 537 638 591 hanc
674 536 1007 591 locutionem
1039 538 1356 607 praecedunt
1397 547 1453 591 et
1483 553 1606 607 qua:
1643 537 2074 605 subsequuntur,

494 628 907 696 cognoscitur:
951 641 1057 680 non
1121 627 1296 681 solum
1349 627 1518 696 quia,
1577 626 1709 681 dum
1773 622 2077 693 magistrali

495 733 750 773 sermone
793 728 1058 784 uteretur,
1092 720 1333 789 dumque
1360 721 1619 789 populum
1654 717 1812 772 avide
1845 715 2076 770 audien-

496 819 605 864 tem
654 811 901 877 haberet,
955 811 1170 880 sibique
1227 820 1284 864 ut
1334 811 1546 865 doctori
1580 810 1818 864 honores
1862 805 2075 861 debitos

494 902 870 969 exhibentem,
923 917 1022 973 par
1071 912 1190 958 erat
1240 901 1584 957 Servatorem
1634 915 1759 957 cum
1809 897 2075 969 dignitate

494 995 678 1063 loqui;
710 994 803 1049 sed
838 995 966 1064 quia
996 1004 1049 1050 et
1081 995 1242 1065 paulo
1283 1004 1427 1064 post,
1463 993 1596 1047 dum
1650 991 1816 1049 simili
1855 991 2072 1047 actione

495 1088 573 1140 uti
614 1086 834 1141 Petrum
871 1088 1090 1156 juberet
1121 1087 1303 1153 Jesus,
1339 1101 1438 1157 pro
1481 1087 1708 1157 rogavit,
1738 1085 2075 1156 evangelista

491 1177 647 1246 ponit
690 1178 854 1234 simili
880 1178 933 1232 vi
975 1179 1138 1232 dixit.
1173 1177 1380 1232 Etenim
1416 1197 1434 1229 ι
1469 1177 1638 1242 Dixit,
1670 1178 1769 1241 ait,
1815 1175 2070 1231 Simoni:

493 1271 682 1325 Reduc
726 1270 780 1324 in
842 1270 1035 1335 altum,
1087 1281 1252 1340 atque
1302 1271 1355 1325 in
1403 1271 1640 1341 praedam
1700 1268 1836 1324 retia
1894 1277 2073 1324 vestra

490 1359 762 1414 demittite
786 1360 850 1412 ‘7.
882 1378 901 1410 ι
922 1357 1160 1414 Scilicet
1185 1367 1478 1428 utrumque
1521 1357 1748 1412 verbum
1781 1357 1989 1427 rogavit
2015 1364 2073 1412 et

490 1451 630 1504 dixit
659 1451 1035 1520 imperativam
1068 1451 1179 1504 vim
1205 1450 1426 1505 habent.
1459 1448 1566 1503 Sed
1593 1463 1718 1518 quae
1749 1447 2070 1503 summatim

496 1543 762 1598 hactenus
799 1541 913 1596 dixi
931 1542 1075 1596 satis
1104 1540 1357 1595 videntur
1387 1538 1706 1594 necessitati
1739 1548 1846 1593 tua:
1867 1537 2065 1593 facere.

491 1633 750 1690 Profecto
784 1633 930 1689 enim
970 1641 1021 1688 te
1062 1646 1172 1687 non
1211 1631 1418 1694 latebit,
1449 1631 1722 1686 dictorum
1755 1631 2070 1701 hucusque

491 1739 812 1791 memorem,
855 1724 982 1794 quis
1016 1723 1349 1792 quibusnam
1394 1736 1565 1778 sacrae
1594 1721 1891 1791 Scriptura:
1928 1721 2072 1779 locis

491 1816 834 1886 signiﬁcatus
890 1815 1044 1870 verbi
1095 1814 1362 1884 respondit
1424 1813 1652 1869 idoneus
1699 1811 1922 1869 futurus
1978 1814 2068 1870 sit.

490 1905 698 1960 Canem
717 1911 901 1959 autem
930 1918 1063 1958 voca
1075 1903 1224 1968 bula,
1244 1918 1479 1974 quorum
1505 1902 1652 1958 varia
1671 1902 2074 1974 significatione

491 2009 660 2050 sacra:
705 1993 925 2050 Litterae
973 2005 1222 2059 utuntur,
1249 1994 1448 2064 partim
1489 1994 1606 2064 jam
1657 1997 1910 2052 oratione
1953 2013 2072 2054 mea

490 2088 888 2156 comprehensa
925 2087 1167 2150 inerunt,
1199 2087 1392 2156 partim
1437 2100 1591 2152 vero,
1621 2085 1807 2143 divina
1834 2103 1936 2146 nos
1963 2089 2076 2144 cle-

493 2182 696 2236 mentia
747 2180 936 2236 mitius
993 2178 1359 2250 respiciente,
1415 2192 1548 2234 mox
1609 2177 1846 2236 fortasse
1903 2194 2070 2251 expo-

492 2280 712 2328 nentur.

869 2380 1198 2450 Quzssrio
1225 2381 1368 2437 xxn
1397 2383 1495 2456 [αι.
1518 2379 1690 2456 XXI].

473 2477 671 2542 -Quare
747 2491 848 2529 non
902 2476 1210 2545 priusquam
1270 2483 1522 2529 statueret
1587 2474 1783 2545 Ioseph
1848 2475 2077 2530 Mariam

561 2547 857 2610 dimittere,
904 2546 1078 2598 astitit
1115 2545 1332 2614 angelus
1371 2546 1510 2598 hanc
1541 2561 1727 2598 curam
1758 2549 2076 2614 praeveniens

561 2625 610 2669 et
635 2617 854 2679 tollens;
881 2617 971 2670 sed
1005 2616 1216 2669 nonnisi
1257 2630 1423 2668 ruma
1441 2631 1569 2667 cura
1595 2617 1664 2668 ad
1691 2626 1868 2668 actum
1896 2625 2078 2670 trrms-

561 2687 644 2746 iit,
676 2697 796 2755 tuin
819 2685 1179 2754 prohibiturus
1228 2685 1571 2753 supervenit?
1619 2683 1689 2738 Et
1727 2702 1893 2755 quare
1953 2685 2074 2740 Vir-

556 2757 730 2826 ginem
752 2754 979 2825 Joseplti
1002 2755 1274 2808 mulierem
1297 2755 1478 2808 dicit?

2179 533 2303 583 τότε
2331 530 2638 602 ἡγούμενον
2669 531 2762 586 τοῦ
2806 533 2966 601 λόγου
2994 534 3090 587 καὶ
3118 534 3182 588 τδ
3222 536 3546 607 ἐπαγόμενον
3581 561 3699 618 παρ.

2183 623 2340 693 ιστᾷ·
2401 622 2498 693 οὐχ
2541 623 2624 676 ὅτι
2673 623 2835 694 μόνον
2876 623 3242 696 διδασκαλικῷ
3263 625 3412 700 λόγῳ
3438 631 3701 702 χρώμενος,

2179 715 2273 768 καὶ
2296 716 2386 768 τὸν
2415 715 2570 786 ὄχλον
2597 715 2740 785 έχων
2767 715 2941 786 ἡδέως
2961 717 3313 789 προσέχοντα,
3332 723 3424 774 καὶ
3449 723 3540 795 τὴν
3558 743 3699 798 προσ.

2177 806 2416 872 ήκουσαν
2457 806 2760 877 διδασκάλῳ
2806 808 2975 878 τιμὴν
3004 809 3260 880 νέμοντα,
3304 813 3430 877 τοὺς
3469 814 3644 885 λόγους
3679 824 3705 875 ὁ

2177 897 2369 969 Σωτὴρ
2403 897 2520 970 μετ’
2554 898 2804 964 ἐξουσίας
2830 899 3094 964 ἐποιεῖτο,
3115 901 3230 955 ἀλλ’
3257 903 3340 956 ὅτι
3371 906 3462 958 καὶ
3483 911 3588 976 μετ’
3611 911 3704 976 (ελὶ-

2173 1006 2270 1058 γον
2318 991 2469 1059 παρὰ
2499 991 2716 1061 πλησίω
2743 990 2947 1062 πράξει
2978 993 3219 1063 χρῆσθαι
3267 993 3359 1047 τὸν
3405 996 3608 1066 Σίμωνα
3629 1020 3706 1057 κε.

2176 1080 2424 1144 λεύοντος
2455 1082 2549 1134 τοῦ
2593 1082 2793 1154 Ἰησοῦ,
2828 1083 2950 1137 ἀντὶ
2979 1085 3086 1139 τοῦ
3108 1085 3418 1154 ἠρώτησεν
3449 1091 3477 1142 ό
3515 1093 3706 1163 εὐαγγε.

2173 1172 2360 1244 λιστὴς
2389 1174 2453 1227 τὸ
2478 1170 2609 1228 εἷπε
2636 1177 2736 1245 τῆς
2763 1175 2956 1244 ὁμοίας
2997 1176 3186 1247 χρείας
3213 1180 3498 1249 προτάττει
3515 1201 3528 1214 ·
3555 1204 3573 1236 ι
3597 1185 3706 1241 Eine

2173 1269 2302 1339 γὰρ⁹
2338 1269 2495 1338 φησι,
2527 1270 2664 1340 πρὸς
2700 1269 2796 1324 τὸν
2831 1271 3082 1340 Σίμωνα,
3141 1273 3484 1346 Ἐπανάγαγε
3504 1281 3639 1350 πρὸς
3659 1283 3708 1336 τὺ

2175 1358 2363 1429 βάθος,
2413 1361 2509 1413 καὶ
2534 1361 2804 1431 χαλάσατε
2832 1362 2905 1415 τὰ
2931 1362 3126 1417 δίκτυα
3178 1365 3333 1436 ὑμῶν
3359 1369 3438 1432 είς
3462 1370 3654 1441 ἄγραν·
3681 1394 3695 1426 ι

2175 1451 2589 1524 προστακτικήν
2615 1453 2724 1524 γὰρ
2753 1454 2920 1523 ἄμφω
2948 1455 3184 1526 δύναμιν
3210 1457 3345 1527 έχει.
3391 1459 3544 1516 Ἀλλὰ
3568 1464 3710 1520 ταῦτα

2175 1544 2276 1615 μὲν
2290 1545 2380 1610 ὼς
2406 1545 2466 1598 ὲν
2493 1546 2774 1617 κεφαλαίῳ
2802 1547 2900 1600 καὶ
2927 1548 3028 1620 τὴν
3055 1548 3156 1620 σὴν
3184 1543 3341 1620 οἶμαι
3365 1553 3547 1622 χρείαν
3578 1557 3710 1611 ἱκανὰ

2172 1635 2501 1706 πληρῶσαι·
2557 1636 2619 1690 οὐ
2665 1637 2776 1708 γὰρ
2822 1638 2888 1694 ἀν
2925 1656 2985 1692 σε
3035 1640 3263 1712 λήσεται
3304 1643 3522 1714 μνήμην
3553 1646 3713 1716 ἔχοντα

2172 1728 2282 1782 τῶν
2311 1727 2643 1800 εἰρημένων,
2699 1727 2884 1794 ποίαις
2913 1728 3024 1784 τῶν
3053 1731 3216 1802 ἰερῶν
3249 1731 3448 1800 λογίων
3479 1735 3712 1804 περιόδοις

2170 1819 2294 1874 τίνα
2331 1820 2440 1874 τῶν
2472 1819 2567 1874 τοῦ
2598 1821 2892 1890 ἀπεκρίθη
2917 1822 3340 1892 σημαινομένων
3359 1825 3711 1896 ὲφαρμοσθείηο

2171 1912 2286 1967 τῶν
2316 1912 2364 1966 δ’
2390 1912 2567 1968 ἄλλων
2614 1914 2877 1984 ῥημάτων
2923 1908 3006 1977 οἷς
3040 1913 3110 1968 τὰ
3155 1915 3279 1985 ἱερὰ
3317 1917 3608 1987 γράμματα
3638 1919 3714 1972 ἐπὶ

2172 2001 2453 2076 διαφόρων
2483 2003 2828 2074 πραγμάτων
2857 2004 3165 2074 ἐχρήσατο,
3198 2006 3270 2059 τὰ
3303 2006 3404 2076 μὲν
3457 2008 3553 2078 ἤδη
3599 2009 3716 2079 λόγῳ

2174 2094 2583 2165 περιείληπται,
2620 2095 2688 2149 τά
2711 2094 2768 2148 δὲ
2795 2096 2894 2166 τῆς
2923 2096 3070 2177 θείας
3095 2097 3506 2169 φιλανθρωπίας
3527 2101 3716 2170 εὐμενέ-

2177 2201 2369 2258 στερον
2403 2188 2484 2250 εἰς
2516 2187 2666 2258 ἡμᾶς
2693 2186 2911 2258 ὁρώσης
2935 2188 3076 2258 τάχα
3103 2188 3170 2243 ἂν
3205 2190 3652 2262 ὑποϐληθήσεται.

2709 2380 3060 2434 ἘΡΩΤΗΣΙΣ
3085 2381 3216 2439 ΚΒ’.

2178 2473 2238 2527 Τί
2267 2471 2669 2544 δήποτείπρίν
2704 2472 3103 2542 διανοηθῆναι
3167 2474 3278 2528 τὸν
3329 2473 3549 2544 Ἰωσηφ
3587 2476 3716 2530 ἀπο-

2240 2543 2430 2616 λῦσαι
2453 2543 2569 2610 τὴν
2596 2544 2852 2616 Μαριὰμ,
2894 2544 3251 2616 μὴλέπέστη
3275 2548 3311 2599 ὀ
3333 2543 3580 2616 ἅγγελος
3630 2549 3717 2616 αὺ-

2243 2613 2359 2680 τὴν
2405 2615 2921 2682 προαναστέλλων
2949 2613 3066 2680 τὴν
3097 2613 3391 2682 μελέτην,
3418 2613 3428 2616 “
3457 2617 3589 2670 ἀλλ’
3639 2614 3720 2667 ὅτε

2247 2683 2398 2751 πρὸς
2427 2681 2542 2750 τὴν
2561 2681 2785 2750 πρᾶξιν
2806 2683 2924 2736 ἀπὸ
2952 2681 3065 2751 τῆς
3080 2681 3344 2751 μελέτης
3367 2686 3594 2750 κατέϐη,
3611 2685 3720 2736 τότε

2246 2753 2540 2824 κωλύσων
2573 2753 2926 2824 έφίσταταις
2948 2757 3045 2824 καί
3073 2753 3170 2807 διὰ
3196 2756 3258 2807 τί
3277 2757 3396 2824 τὴν
3428 2755 3719 2824 Παρθένον,

2248 2822 2503 2893 γυναῖκα
2531 2821 2692 2892 λέγει
2712 2821 2821 2877 τοῦ
2861 2822 3120 2893 Ἰωσήςρ;

1099 2927 1244 2977 Edita
1264 2940 1293 2976 a
1312 2925 1465 2986 Maio,
1481 2929 1529 2978 N
1534 2940 1609 2978 ου.
1639 2925 1784 2989 ColL,
1811 2936 1847 2980 t.
1868 2928 1951 2991 IX,
1979 2943 2028 2992 p.
2052 2931 2071 2978 Ξ

2180 2935 2220 2988 ι.
2244 2936 2504 2989 Enarratlo
2523 2936 2577 2987 in
2603 2935 2886 2988 Matthseum
2912 2954 2948 3000 ι,
2979 2939 3139 2988 18-20.

548 3033 639 3090 :De
706 3032 983 3104 pr0posita
1048 3032 1354 3103 quaestione
1401 3043 1457 3088 et
1503 3033 1789 3089 beatorum
1845 3033 2066 3090 Patrum

488 3137 812 3180 nostrorum
868 3137 977 3175 non
1012 3121 1174 3190 pauci
1201 3120 1613 3186 disseruerunt;
1648 3131 1702 3175 et
1748 3122 1866 3176 scio
1901 3137 2072 3192 quos-

483 3217 616 3271 dam
665 3231 733 3268 ex
777 3214 846 3266 iis
887 3212 1096 3266 dixisse
1153 3220 1289 3266 tunc
1330 3212 1593 3281 temporis
1641 3213 1892 3283 angelum
1941 3216 2074 3270 asti-

493 3307 627 3360 tisse
655 3314 708 3359 et
734 3319 765 3358 a
795 3302 1080 3372 proposito
1103 3301 1254 3356 illum
1282 3301 1607 3366 removisse,
1639 3317 1709 3356 ne
1731 3302 1838 3357 ﬁde
1862 3316 2074 3362 careret

494 3411 619 3450 cum
650 3394 1001 3448 annuntiaret
1045 3390 1324 3463 Virginem
1360 3391 1674 3462 concipere,
1707 3393 1804 3448 sed
1836 3395 1888 3449 in
1919 3406 2074 3453 utero

493 3496 764 3558 gestatum
802 3485 1121 3556 gestationis
1174 3492 1366 3539 testem
1408 3493 1468 3538 ut
1507 3484 1752 3540 haberet.
1785 3483 1994 3542 Forsan
2019 3499 2073 3545 et

493 3579 583 3633 alii
607 3579 740 3633 tales
755 3577 1019 3648 quasdam
1043 3576 1349 3630 attulerunt
1375 3575 1617 3632 rationes
1636 3591 1746 3645 pra:
1766 3579 2074 3635 attrahente

492 3673 693 3726 divina:
721 3670 1000 3740 sapientiae
1038 3681 1212 3724 motu.
1265 3668 1397 3722 Mihi
1442 3678 1625 3722 autem
1657 3669 1874 3724 videtur
1901 3681 1957 3727 et
1987 3672 2073 3727 di-

493 3774 706 3819 ctorum
748 3770 804 3818 et
849 3761 1120 3817 factorum
1165 3761 1594 3830 unumquodque
1640 3763 1920 3832 propriam
1957 3765 2071 3819 vim

495 3857 719 3922 habere,
746 3853 967 3925 quando
1005 3853 1284 3924 preprium
1319 3862 1603 3922 exspectat
1647 3861 1894 3924 tempus;
1925 3855 2072 3925 quod

493 3949 640 4003 enim
691 3963 800 4002 non
838 3957 924 4002 est
971 3952 1366 4016 opportunum,
1417 3945 1576 4010 solet,
1635 3957 1693 4001 ut
1715 3947 2068 4018 plerumque,

493 4038 746 4094 eiiicaciaa
780 4037 889 4091 vim
916 4035 1197 4107 frangere.
1241 4035 1473 4102 Quando
1518 4035 1685 4106 igitur
1730 4036 1785 4090 in
1812 4037 2070 4092 consilio-

495 4147 618 4187 rum
667 4130 910 4200 inopiam
946 4128 1148 4184 decidit
1193 4127 1415 4198 Joseph,
1465 4136 1596 4182 tunc
1629 4127 1804 4182 astitit
1843 4129 2068 4199 angelus

494 4237 755 4278 sensuum
801 4219 1138 4277 contentioni
1197 4219 1361 4274 ﬁnem
1411 4219 1788 4285 impositurus.
1841 4218 2069 4285 Quando

492 4317 639 4369 enim
688 4316 742 4369 in
793 4315 1004 4369 incerto
1050 4311 1238 4376 fuerit,
1290 4319 1347 4366 et
1383 4311 1678 4366 contrariis
1708 4311 2066 4367 consiliorum

2239 3043 2377 3114 Περὶ
2408 3042 2503 3096 τοῦ
2537 3045 2902 3115 προκειμένου
2938 3043 3255 3116 ζητήματος
3299 3048 3394 3101 καὶ
3434 3048 3540 3101 τῶν
3572 3063 3722 3117 μακα-

2177 3133 2309 3204 ρίων
2343 3135 2504 3204 ἡμῶν
2563 3133 2825 3204 Πατέρων
2851 3135 2954 3187 οὐκ
3005 3135 3178 3203 ὀλίγοι
3219 3137 3493 3192 διέλαϐον·
3522 3138 3610 3190 καὶ
3629 3133 3725 3189 οἶδα

2174 3226 2328 3290 τινάς
2351 3225 2531 3280 αὐτῶν
2554 3227 2831 3293 εἰπόντας,
2852 3226 2941 3279 διὰ
2955 3226 3116 3280 τοῦτο
3142 3229 3455 3298 τηνικαῦτα
3475 3230 3564 3283 τὸν
3588 3229 3726 3297 ἄγγε-

2172 3320 2265 3375 λον
2320 3321 2607 3390 ἐπιστῆναι
2635 3320 2730 3374 καὶ
2755 3321 2854 3390 τῆς
2888 3321 3067 3391 ὁρμῆς
3100 3323 3192 3375 τὸν
3227 3324 3443 3378 δίκαιον
3480 3325 3723 3393 ἐπισχεῖν,

2173 3412 2262 3466 ἵνα
2291 3411 2369 3483 μὴ
2410 3411 2575 3483 δεηθῇ
2597 3411 2836 3476 πίστεως
2861 3412 3055 3484 ἐτέρας
3087 3415 3244 3467 κύειν
3273 3414 3621 3483 ἐπαγγέλλων
3647 3414 3727 3482 τὴν

2175 3499 2475 3573 Παρθένον,
2530 3499 2648 3553 ἀλλ’
2679 3500 2777 3574 έχῃ
2809 3501 2870 3554 τὸ
2895 3501 3343 3573 κυοφορούμενον
3371 3506 3620 3576 μάρτυρα
3646 3504 3728 3572 τῆς

2171 3593 2486 3662 κυοφορίας.
2515 3592 2670 3662 Τάχα
2697 3593 2742 3646 δ’
2776 3592 2843 3647 ἂν
2883 3595 2978 3646 καὶ
3032 3595 3212 3666 ἕτεροι
3283 3598 3544 3660 τοιαύτας
3598 3598 3729 3658 τινὰς

2171 3684 2440 3739 ἀπέδοσαν
2459 3684 2636 3748 αἰτίας
2664 3685 2898 3739 καθόσον
2933 3687 3146 3741 εἵλκυσε
3179 3690 3283 3760 τῆς
3313 3690 3523 3744 ἄνωθεν
3545 3689 3728 3759 σοφίας.

2183 3775 2336 3846 Ἐμοὶ
2356 3775 2414 3828 δὲ
2442 3775 2591 3829 δοκεί
2616 3775 2727 3828 τῶν
2785 3776 3095 3846 λεγομένων
3135 3795 3196 3830 τε
3235 3779 3333 3832 καὶ
3363 3779 3730 3851 πραττομένων

2168 3867 2291 3922 τότε
2321 3867 2421 3939 τὴν
2467 3868 2674 3922 οἰκείαν
2734 3869 2886 3940 ίσχὺν
2931 3870 3161 3924 ἕκαστον
3187 3872 3481 3944 παρέχειν,
3533 3872 3618 3926 ὅτε
3653 3869 3730 3922 τὸν

2168 3959 2367 4012 οἰκεῖον
2393 3958 2584 4030 καιρὸν
2607 3961 2870 4030 ἀναμένει
2890 3976 2904 3990 °
2923 3960 2985 4014 τὸ
3004 3960 3114 4031 γὰρ
3133 3962 3371 4033 ἄκαιρον
3400 3962 3733 4034 περιθραύειν

2169 4051 2360 4104 εἴωθεν
2382 4051 2459 4116 ὡς
2487 4051 2556 4104 τὰ
2579 4051 2751 4107 πολλά
2776 4056 2876 4126 τῆς
2907 4053 3190 4124 ἐνεργείας
3233 4057 3335 4125 τὴν
3380 4056 3636 4126 δύναμιν*
3657 4055 3732 4107 ὅτε

2168 4139 2263 4197 οὖν
2287 4146 2368 4207 εἰς
2411 4144 2646 4215 ἀπορίαν
2698 4144 2973 4216 λογισμῶν
3027 4147 3269 4218 κατέστη
3300 4150 3330 4201 ὁ
3372 4147 3595 4220 Ἰωσὴφ,
3626 4146 3732 4200 τότε

2167 4235 2267 4308 τὴν
2296 4236 2412 4308 ἔριν
2435 4238 2463 4289 ὁ
2481 4235 2710 4306 ἄγγελος
2743 4237 2944 4307 ἐπέστη
2972 4237 3113 4291 λύων
3141 4239 3254 4292 τῶν
3283 4240 3587 4312 λογισμῶν.
3615 4240 3730 4291 Ὅτε

2167 4329 2225 4383 δὲ
2252 4316 2566 4400 διηπορεῖτο
2593 4331 2690 4384 καὶ
2721 4333 2843 4393 ταῖς
2871 4329 2982 4383 τῶν
3023 4330 3356 4387 διαϐουλιῶν
3415 4329 3733 4391 ἀντιπνοίαις

497 4410 672 4464 ventis
723 4407 1000 4462 ﬂuctuarit
1030 4447 1046 4472 ,
1100 4404 1292 4475 agendi
1323 4418 1455 4458 cura
1491 4401 1838 4457 manifestum
1887 4399 2060 4458 fecit:

2180 4399 2520 4489 ἱκυμαίνετο,
2578 4419 2734 4490 δῆλον
2774 4419 2808 4491 ἡ
2854 4421 3054 4491 μελέτη
3099 4423 3202 4493 τῆς
3259 4423 3520 4492 πράξεως
3569 4422 3730 4475 ποιεί·

501 4521 520 4553 ι
551 4499 780 4556 Volebat
825 4501 994 4562 enim,
1053 4497 1249 4566 inquit,
1302 4505 1514 4551 secreto
1552 4508 1672 4548 eam
1709 4491 2014 4557 dimittere;
2041 4511 2066 4544 η»

497 4609 603 4647 non
671 4601 851 4645 autem
917 4598 1132 4644 secreto
1200 4597 1295 4642 aut
1358 4587 1556 4657 quovis
1618 4583 1784 4641 modo
1835 4583 1890 4639 id
1955 4593 2070 4640 sta-

498 4685 712 4748 tuisset,
765 4683 811 4738 si
854 4681 1048 4762 spuria,
1098 4681 1290 4736 sobole
1341 4689 1645 4735 tumescere
1689 4686 1909 4733 uterum
1950 4692 2072 4747 per-

497 4788 723 4829 suasum
752 4771 1074 4838 babuisset;
1112 4772 1207 4827 sed
1231 4779 1424 4826 contra
1464 4784 1588 4825 cum
1631 4767 1817 4839 justus
1841 4774 1988 4822 esset
2019 4774 2073 4820 et

497 4879 712 4928 amans,
743 4872 798 4918 et
838 4861 984 4932 -legis
1019 4861 1518 4931 transgressionem
1566 4856 1743 4928 magis
1778 4871 1946 4928 quam
1975 4855 2070 4925 qui

501 4957 737 5010 maxime
751 4955 982 5020 odisset,
1002 4953 1190 5024 legum
1207 4949 1562 5007 vindicationi
1591 4947 1930 5003 matrimonii
1957 4945 2075 5000 iur-

496 5055 611 5102 tuin
646 5063 863 5104 omnem
897 5049 951 5102 in
997 5045 1175 5116 ipsum
1215 5053 1393 5100 ortam
1438 5040 1808 5110 suspicionem
1852 5038 2071 5096 solvens

499 5140 856 5214 prodidisset,
879 5153 1036 5195 suam
1061 5145 1246 5191 autem
1265 5132 1620 5190 excellentem
1651 5130 1924 5200 justitiam
1952 5144 2072 5185 ser-

499 5245 723 5292 vasset:
762 5231 859 5289 sed
907 5231 1136 5286 minime
1181 5229 1283 5282 hoc
1327 5238 1655 5295 persuasum
1703 5222 1959 5286 habebat,
2010 5228 2071 5275 nt

499 5305 666 5397 patet.
701 5325 868 5380 Multa
903 5324 1049 5380 enim
1077 5323 1299 5392 pignora
1337 5317 1610 5388 praebebat
1635 5314 1803 5386 Virgo
1833 5330 1956 5386 quae
1984 5323 2069 5369 ta-

500 5419 604 5472 lem
637 5417 782 5471 illius
812 5414 1176 5484 suspicionem
1219 5417 1466 5464 avertere
1511 5407 1797 5462 valebant:
1828 5407 1951 5461 vitae
1977 5420 2071 5460 ac-

500 5520 746 5566 curatam
776 5505 1132 5578 diligentiam,
1166 5503 1479 5560 studiorum
1507 5499 2072 5567 sanetimoniam,dis-

1347 5653 1376 5676 λ

571 5671 615 5703 ³⁷
649 5669 784 5724 Luc.
821 5683 869 5729 v,
901 5668 954 5722 4.

2179 4531 2194 4562 ι
2217 4509 2519 4581 Ἦδουλήθη
2551 4513 2681 4583 γὰρ,
2704 4511 2862 4582 φησὶ,
2887 4511 3062 4583 λάθρα
3084 4513 3364 4568 ἀπολῦσαι
3390 4515 3582 4586 αὑτήν·
3603 4531 3621 4566 ι
3651 4514 3736 4565 οὐκ

2171 4600 2239 4655 ἂν
2262 4599 2388 4654 οὗτε
2438 4601 2616 4673 λάθρα
2647 4601 2891 4672 δηλονότι
2921 4601 3044 4656 οὔτε
3073 4604 3211 4668 ὅλως
3237 4605 3531 4676 ἐκπέμψαι
3559 4604 3736 4676 βουλη-

2169 4690 2302 4757 θεὶς,
2321 4694 2369 4746 εἰ
2389 4692 2542 4746 νόθου
2560 4693 2731 4763 γονῆς
2747 4693 2840 4747 τὸν
2861 4692 3026 4764 ὄγκον
3043 4695 3344 4750 ἐπέπειστο
3366 4697 3471 4767 τῆς
3499 4696 3735 4769 γαστρός·

2168 4783 2304 4838 ἀλλά
2332 4784 2642 4838 τούναντίον
2675 4783 2884 4849 δίκαιος
2912 4785 2989 4839 ὣν
3021 4787 3118 4839 καὶ
3149 4787 3398 4858 ἐραστὴς
3430 4792 3525 4840 καὶ
3576 4803 3738 4856 παρα-

2171 4875 2366 4948 νομίαν
2391 4877 2526 4941 είτις
2554 4876 2712 4940 ἀλλος
2744 4877 2943 4947 μισῶν,
2971 4878 3121 4949 νόμῳ
3154 4877 3222 4932 ἂν
3251 4881 3351 4933 καὶ
3383 4880 3627 4952 τιμωρίᾳ
3655 4877 3738 4931 τοῦ

2170 4970 2350 5039 γάμου
2405 4968 2505 5039 τὴν
2569 4968 2797 5040 κλοπὴν,
2860 4968 3006 5022 λύων
3031 4985 3091 5022 τε
3116 4970 3310 5025 πᾶσαν
3365 4972 3626 5024 ὑπόνοιαν
3668 4970 3740 5030 εἰς

2169 5061 2334 5114 αὐτὸν
2384 5060 2764 5132 ἀναφυομένην
2819 5061 3083 5132 πονηρὰν,
3113 5064 3210 5115 καὶ
3255 5063 3354 5116 τοῦ
3396 5064 3609 5117 δικαίου
3652 5061 3742 5131 τὴν

2169 5152 2508 5224 προστασίαν
2533 5154 2593 5205 οὐ
2621 5152 2931 5224 προδιδούςο
2959 5153 3097 5206 άλλά
3145 5153 3314 5208 τοῦτο
3348 5155 3450 5224 μὲν
3495 5153 3743 5223 οὕμενουν

2169 5245 2400 5310 οὐδόλως
2451 5245 2772 5299 ἐπέπειστο·
2825 5245 3026 5310 πολλὰς
3084 5247 3193 5316 γὰρ
3221 5249 3256 5318 ἠ
3330 5245 3743 5320 Παρθένιος-τὰς

2174 5339 2408 5407 πίστεις,
2434 5339 2492 5393 αἲ
2530 5341 2628 5410 τὴν
2655 5338 2916 5408 τοιαύτην
2979 5339 3143 5392 αὑτοῦ
3174 5337 3457 5413 ὑπόληψιν
3514 5340 3744 5411 ἀφῄρουν

2175 5433 2427 5502 παρεῖχε,
2483 5431 2582 5502 τὴν
2643 5431 2933 5503 ἀκρίϐειαν
2958 5431 3051 5485 τοῦ
3098 5431 3238 5501 βίου,
3273 5435 3380 5504 τῆς
3409 5431 3743 5508 ἀναστροφῆς

2176 5522 2272 5593 τὴν
2329 5522 2657 5593 σεμνότητα,
2685 5521 2747 5575 τὸ
2767 5520 3009 5592 καθαρὸν
3057 5522 3156 5592 τῆς
3213 5522 3454 5596 διαίτης,
3505 5523 3601 5579 καὶ
3650 5520 3744 5590 πρὸ
