  <div class='ocr_page' id='page_1' title='image "/cluster/home/n/w/nwhite01/storage/ocr_20150623/101 pt.1/mdp.39015061955830/104.png"; bbox 0 0 3864 6218; ppageno 0'>
   <div class='ocr_carea' id='block_1_1' title="bbox 164 277 277 342">
    <p class='ocr_par' dir='ltr' id='par_1_1' title="bbox 164 277 277 342">
     <span class='ocr_line' id='line_1_1' title="bbox 164 277 277 342; baseline 0.009 -1"><span class='ocrx_word' id='word_1_1' title='bbox 164 277 277 342; x_wconf 73' lang='grc'><strong>165</strong></span> 
     </span>
    </p>
   </div>
   <div class='ocr_carea' id='block_1_2' title="bbox 1158 282 2507 357">
    <p class='ocr_par' dir='ltr' id='par_1_2' title="bbox 1158 282 2507 357">
     <span class='ocr_line' id='line_1_2' title="bbox 1158 282 2507 357; baseline 0.006 -16"><span class='ocrx_word' id='word_1_2' title='bbox 1158 284 1258 343; x_wconf 85' lang='lat' dir='ltr'><strong>AD</strong></span> <span class='ocrx_word' id='word_1_3' title='bbox 1292 282 1895 345; x_wconf 81' lang='lat' dir='ltr'><strong>AMPHILOCHIUM</strong></span> <span class='ocrx_word' id='word_1_4' title='bbox 1931 285 2280 357; x_wconf 67' lang='lat' dir='ltr'><strong>QUESTIO</strong></span> <span class='ocrx_word' id='word_1_5' title='bbox 2313 287 2507 349; x_wconf 79' lang='lat' dir='ltr'><strong>XXII.</strong></span> 
     </span>
    </p>
   </div>
   <div class='ocr_carea' id='block_1_3' title="bbox 3330 266 3481 360">
    <p class='ocr_par' dir='ltr' id='par_1_3' title="bbox 3330 266 3481 360">
     <span class='ocr_line' id='line_1_3' title="bbox 3330 266 3481 360; baseline 0.02 -3"><span class='ocrx_word' id='word_1_6' title='bbox 3330 266 3481 360; x_wconf 71' lang='grc' dir='ltr'><strong>ποθ’·</strong></span> 
     </span>
    </p>
   </div>
   <div class='ocr_carea' id='block_1_4' title="bbox 158 388 1733 463">
    <p class='ocr_par' dir='ltr' id='par_1_4' title="bbox 158 388 1733 462">
     <span class='ocr_line' id='line_1_4' title="bbox 158 388 1733 462; baseline -0.003 -17"><span class='ocrx_word' id='word_1_7' title='bbox 158 392 375 445; x_wconf 80' lang='grc' dir='ltr'>τούτων</span> <span class='ocrx_word' id='word_1_8' title='bbox 394 392 458 444; x_wconf 83' lang='grc' dir='ltr'>τὸ</span> <span class='ocrx_word' id='word_1_9' title='bbox 480 391 547 445; x_wconf 87' lang='grc' dir='ltr'>ὲκ</span> <span class='ocrx_word' id='word_1_10' title='bbox 574 388 831 461; x_wconf 82' lang='grc' dir='ltr'>λαμπροῦ</span> <span class='ocrx_word' id='word_1_11' title='bbox 874 388 1069 458; x_wconf 77' lang='grc' dir='ltr'><strong>γένους</strong></span> <span class='ocrx_word' id='word_1_12' title='bbox 1117 389 1402 458; x_wconf 81' lang='grc' dir='ltr'><strong>προελθεῖν</strong></span> <span class='ocrx_word' id='word_1_13' title='bbox 1434 390 1733 462; x_wconf 80' lang='grc' dir='ltr'>(βασιλικῆ‹</span> 
     </span>
    </p>
   </div>
   <div class='ocr_carea' id='block_1_5' title="bbox 1838 388 3430 463">
    <p class='ocr_par' dir='ltr' id='par_1_5' title="bbox 1858 392 3430 463">
     <span class='ocr_line' id='line_1_5' title="bbox 1858 392 3430 463; baseline 0.004 -16"><span class='ocrx_word' id='word_1_14' title='bbox 1858 392 2075 462; x_wconf 70' lang='grc' dir='ltr'>εἰριίηω</span> <span class='ocrx_word' id='word_1_15' title='bbox 2145 395 2462 463; x_wconf 86' lang='lat' dir='ltr'><strong>puritatem,</strong></span> <span class='ocrx_word' id='word_1_16' title='bbox 2492 405 2547 451; x_wconf 92' lang='lat' dir='ltr'><strong>et</strong></span> <span class='ocrx_word' id='word_1_17' title='bbox 2571 404 2698 451; x_wconf 85' lang='lat' dir='ltr'><strong>ante</strong></span> <span class='ocrx_word' id='word_1_18' title='bbox 2721 400 2904 454; x_wconf 83' lang='lat' dir='ltr'><strong>omnia</strong></span> <span class='ocrx_word' id='word_1_19' title='bbox 2950 399 3097 456; x_wconf 86' lang='lat' dir='ltr'><strong>illius</strong></span> <span class='ocrx_word' id='word_1_20' title='bbox 3134 416 3203 456; x_wconf 81' lang='lat' dir='ltr'><strong>ex</strong></span> <span class='ocrx_word' id='word_1_21' title='bbox 3234 401 3430 458; x_wconf 73' lang='lat' dir='ltr'><strong>illustri</strong></span> 
     </span>
    </p>
   </div>
   <div class='ocr_carea' id='block_1_6' title="bbox 157 480 1746 553">
    <p class='ocr_par' dir='ltr' id='par_1_6' title="bbox 157 480 1746 553">
     <span class='ocr_line' id='line_1_6' title="bbox 157 480 1746 553; baseline 0 -18"><span class='ocrx_word' id='word_1_22' title='bbox 157 484 273 553; x_wconf 77' lang='grc' dir='ltr'><strong>γὰρ</strong></span> <span class='ocrx_word' id='word_1_23' title='bbox 305 482 401 535; x_wconf 78' lang='grc' dir='ltr'><strong>καὶ</strong></span> <span class='ocrx_word' id='word_1_24' title='bbox 436 480 725 551; x_wconf 77' lang='grc' dir='ltr'><strong>ἱερατικῆς</strong></span> <span class='ocrx_word' id='word_1_25' title='bbox 742 483 1012 551; x_wconf 85' lang='grc' dir='ltr'>κατήγετο</span> <span class='ocrx_word' id='word_1_26' title='bbox 1032 480 1251 552; x_wconf 85' lang='grc' dir='ltr'><strong>φυλῆς),</strong></span> <span class='ocrx_word' id='word_1_27' title='bbox 1276 481 1373 553; x_wconf 84' lang='grc' dir='ltr'>τὴν</span> <span class='ocrx_word' id='word_1_28' title='bbox 1403 483 1461 534; x_wconf 85' lang='grc' dir='ltr'><strong>ἐν</strong></span> <span class='ocrx_word' id='word_1_29' title='bbox 1485 482 1616 553; x_wconf 83' lang='grc' dir='ltr'><strong>ἱερῷ</strong></span> <span class='ocrx_word' id='word_1_30' title='bbox 1643 481 1746 552; x_wconf 85' lang='grc' dir='ltr'>τῆς</span> 
     </span>
    </p>
   </div>
   <div class='ocr_carea' id='block_1_7' title="bbox 158 572 1755 645">
    <p class='ocr_par' dir='ltr' id='par_1_7' title="bbox 158 572 1755 645">
     <span class='ocr_line' id='line_1_7' title="bbox 158 572 1755 645; baseline -0.001 -17"><span class='ocrx_word' id='word_1_31' title='bbox 158 576 392 645; x_wconf 81' lang='grc' dir='ltr'><strong>πρώτης</strong></span> <span class='ocrx_word' id='word_1_32' title='bbox 415 573 636 643; x_wconf 82' lang='grc' dir='ltr'>ἡλικίας</span> <span class='ocrx_word' id='word_1_33' title='bbox 653 574 965 644; x_wconf 74' lang='grc' dir='ltr'>ἀνιέρωσινο</span> <span class='ocrx_word' id='word_1_34' title='bbox 988 572 1161 628; x_wconf 82' lang='grc' dir='ltr'>ταῦτα</span> <span class='ocrx_word' id='word_1_35' title='bbox 1186 575 1283 628; x_wconf 83' lang='grc' dir='ltr'><strong>καὶ</strong></span> <span class='ocrx_word' id='word_1_36' title='bbox 1300 573 1511 628; x_wconf 87' lang='grc' dir='ltr'>τούτων</span> <span class='ocrx_word' id='word_1_37' title='bbox 1532 574 1755 628; x_wconf 80' lang='grc' dir='ltr'>πλείονα</span> 
     </span>
    </p>
   </div>
   <div class='ocr_carea' id='block_1_8' title="bbox 163 665 1753 736">
    <p class='ocr_par' dir='ltr' id='par_1_8' title="bbox 163 665 1753 736">
     <span class='ocr_line' id='line_1_8' title="bbox 163 665 1753 736; baseline 0.001 -18"><span class='ocrx_word' id='word_1_38' title='bbox 163 666 397 736; x_wconf 83' lang='grc' dir='ltr'>μακρὰν</span> <span class='ocrx_word' id='word_1_39' title='bbox 430 666 687 728; x_wconf 78' lang='grc' dir='ltr'><strong>ὑπονοίας</strong></span> <span class='ocrx_word' id='word_1_40' title='bbox 713 665 836 736; x_wconf 77' lang='grc' dir='ltr'>οὑχὶ</span> <span class='ocrx_word' id='word_1_41' title='bbox 857 667 957 733; x_wconf 83' lang='grc' dir='ltr'>τῆς</span> <span class='ocrx_word' id='word_1_42' title='bbox 989 665 1205 735; x_wconf 83' lang='grc' dir='ltr'>ὁρῴσης</span> <span class='ocrx_word' id='word_1_43' title='bbox 1230 667 1311 729; x_wconf 85' lang='grc' dir='ltr'><strong>είς</strong></span> <span class='ocrx_word' id='word_1_44' title='bbox 1361 666 1612 732; x_wconf 80' lang='grc' dir='ltr'><strong>εὐθύνας,</strong></span> <span class='ocrx_word' id='word_1_45' title='bbox 1638 665 1753 719; x_wconf 81' lang='grc' dir='ltr'>ἀλλ’</span> 
     </span>
    </p>
   </div>
   <div class='ocr_carea' id='block_1_9' title="bbox 152 756 1753 829">
    <p class='ocr_par' dir='ltr' id='par_1_9' title="bbox 152 756 1753 829">
     <span class='ocr_line' id='line_1_9' title="bbox 152 756 1753 829; baseline 0.001 -21"><span class='ocrx_word' id='word_1_46' title='bbox 152 756 282 809; x_wconf 72' lang='grc' dir='ltr'>οὑδὲ</span> <span class='ocrx_word' id='word_1_47' title='bbox 308 758 411 826; x_wconf 83' lang='grc' dir='ltr'>τῆς</span> <span class='ocrx_word' id='word_1_48' title='bbox 435 759 497 809; x_wconf 78' lang='grc' dir='ltr'>τὸ</span> <span class='ocrx_word' id='word_1_49' title='bbox 520 756 770 826; x_wconf 79' lang='grc' dir='ltr'>ἀπρεπὲς</span> <span class='ocrx_word' id='word_1_50' title='bbox 835 756 1243 827; x_wconf 79' lang='grc' dir='ltr'>εὑλαϐουμένης</span> <span class='ocrx_word' id='word_1_51' title='bbox 1268 757 1361 810; x_wconf 86' lang='grc' dir='ltr'><strong>τὸν</strong></span> <span class='ocrx_word' id='word_1_52' title='bbox 1428 756 1753 829; x_wconf 89' lang='grc' dir='ltr'>πρεσϐύτην</span> 
     </span>
    </p>
   </div>
   <div class='ocr_carea' id='block_1_10' title="bbox 156 845 1754 918">
    <p class='ocr_par' dir='ltr' id='par_1_10' title="bbox 156 845 1754 918">
     <span class='ocr_line' id='line_1_10' title="bbox 156 845 1754 918; baseline 0.001 -19"><span class='ocrx_word' id='word_1_53' title='bbox 156 845 371 899; x_wconf 68' lang='grc' dir='ltr'>ἐποίει*</span> <span class='ocrx_word' id='word_1_54' title='bbox 401 846 526 899; x_wconf 73' lang='grc' dir='ltr'>οὑδὲ</span> <span class='ocrx_word' id='word_1_55' title='bbox 577 848 752 900; x_wconf 82' lang='grc' dir='ltr'>ἐκεῖνο</span> <span class='ocrx_word' id='word_1_56' title='bbox 781 847 839 900; x_wconf 85' lang='grc' dir='ltr'>δὲ</span> <span class='ocrx_word' id='word_1_57' title='bbox 866 848 1032 901; x_wconf 81' lang='grc' dir='ltr'>πάλιν</span> <span class='ocrx_word' id='word_1_58' title='bbox 1093 848 1210 918; x_wconf 77' lang='grc' dir='ltr'>ᾔδει</span> <span class='ocrx_word' id='word_1_59' title='bbox 1257 847 1356 917; x_wconf 83' lang='grc' dir='ltr'><strong>τὴν</strong></span> <span class='ocrx_word' id='word_1_60' title='bbox 1400 846 1600 917; x_wconf 81' lang='grc' dir='ltr'>κύησιν</span> <span class='ocrx_word' id='word_1_61' title='bbox 1652 848 1754 918; x_wconf 78' lang='grc' dir='ltr'><strong>τῆς</strong></span> 
     </span>
    </p>
   </div>
   <div class='ocr_carea' id='block_1_11' title="bbox 86 934 1749 1009">
    <p class='ocr_par' dir='ltr' id='par_1_11' title="bbox 86 934 1749 1009">
     <span class='ocr_line' id='line_1_11' title="bbox 86 934 1749 1009; baseline 0.002 -21"><span class='ocrx_word' id='word_1_62' title='bbox 86 934 95 941; x_wconf 68' lang='grc'><strong><em>’</em></strong></span> <span class='ocrx_word' id='word_1_63' title='bbox 157 936 314 1000; x_wconf 79' lang='grc' dir='ltr'>θείας</span> <span class='ocrx_word' id='word_1_64' title='bbox 346 936 626 1007; x_wconf 78' lang='grc' dir='ltr'>ἐνεργείας</span> <span class='ocrx_word' id='word_1_65' title='bbox 645 934 787 991; x_wconf 81' lang='grc' dir='ltr'>εἶναι</span> <span class='ocrx_word' id='word_1_66' title='bbox 808 954 822 967; x_wconf 85' lang='lat'><strong><em>°</em></strong></span> <span class='ocrx_word' id='word_1_67' title='bbox 844 939 985 1009; x_wconf 87' lang='grc' dir='ltr'>ὑπὲρ</span> <span class='ocrx_word' id='word_1_68' title='bbox 1015 938 1227 991; x_wconf 79' lang='grc' dir='ltr'>ἔννοιαν</span> <span class='ocrx_word' id='word_1_69' title='bbox 1260 936 1367 1009; x_wconf 85' lang='grc' dir='ltr'>γὰρ</span> <span class='ocrx_word' id='word_1_70' title='bbox 1400 937 1749 1009; x_wconf 81' lang='grc' dir='ltr'>ἀνθρωπίνην</span> 
     </span>
    </p>
   </div>
   <div class='ocr_carea' id='block_1_12' title="bbox 156 1028 1751 1101">
    <p class='ocr_par' dir='ltr' id='par_1_12' title="bbox 156 1028 1751 1101">
     <span class='ocr_line' id='line_1_12' title="bbox 156 1028 1751 1101; baseline 0.001 -20"><span class='ocrx_word' id='word_1_71' title='bbox 156 1030 254 1081; x_wconf 77' lang='grc' dir='ltr'><strong>καὶ</strong></span> <span class='ocrx_word' id='word_1_72' title='bbox 287 1030 451 1097; x_wconf 87' lang='grc' dir='ltr'>λόγον</span> <span class='ocrx_word' id='word_1_73' title='bbox 483 1030 700 1083; x_wconf 76' lang='grc' dir='ltr'>ἅπαντα</span> <span class='ocrx_word' id='word_1_74' title='bbox 730 1030 829 1100; x_wconf 76' lang='grc' dir='ltr'>τῆς</span> <span class='ocrx_word' id='word_1_75' title='bbox 880 1031 1010 1100; x_wconf 75' lang='grc' dir='ltr'>περὶ</span> <span class='ocrx_word' id='word_1_76' title='bbox 1048 1032 1200 1101; x_wconf 79' lang='grc' dir='ltr'>ἡμᾶς</span> <span class='ocrx_word' id='word_1_77' title='bbox 1238 1028 1375 1082; x_wconf 86' lang='grc' dir='ltr'>Θεοῦ</span> <span class='ocrx_word' id='word_1_78' title='bbox 1416 1030 1751 1100; x_wconf 79' lang='grc' dir='ltr'><strong>κηδεμονίας</strong></span> 
     </span>
    </p>
   </div>
   <div class='ocr_carea' id='block_1_13' title="bbox 153 1120 1751 1194">
    <p class='ocr_par' dir='ltr' id='par_1_13' title="bbox 153 1120 1751 1194">
     <span class='ocr_line' id='line_1_13' title="bbox 153 1120 1751 1194; baseline 0.003 -22"><span class='ocrx_word' id='word_1_79' title='bbox 153 1122 215 1172; x_wconf 76' lang='grc' dir='ltr'><strong>το</strong></span> <span class='ocrx_word' id='word_1_80' title='bbox 242 1121 410 1190; x_wconf 71' lang='grc' dir='ltr'>ἔργον</span> <span class='ocrx_word' id='word_1_81' title='bbox 442 1121 678 1193; x_wconf 82' lang='grc' dir='ltr'>ὑπῆρχε.</span> <span class='ocrx_word' id='word_1_82' title='bbox 717 1122 919 1191; x_wconf 86' lang='grc' dir='ltr'>Διόπερ</span> <span class='ocrx_word' id='word_1_83' title='bbox 947 1123 1076 1185; x_wconf 80' lang='grc' dir='ltr'>τοὺς</span> <span class='ocrx_word' id='word_1_84' title='bbox 1101 1120 1399 1193; x_wconf 75' lang='grc' dir='ltr'>λογισμοὺς</span> <span class='ocrx_word' id='word_1_85' title='bbox 1427 1121 1751 1194; x_wconf 81' lang='grc' dir='ltr'>ἐνοχλούμε-</span> 
     </span>
    </p>
   </div>
   <div class='ocr_carea' id='block_1_14' title="bbox 150 1209 1751 1287">
    <p class='ocr_par' dir='ltr' id='par_1_14' title="bbox 150 1209 1751 1287">
     <span class='ocr_line' id='line_1_14' title="bbox 150 1209 1751 1287; baseline 0.002 -22"><span class='ocrx_word' id='word_1_86' title='bbox 150 1230 269 1279; x_wconf 82' lang='grc' dir='ltr'>νος,</span> <span class='ocrx_word' id='word_1_87' title='bbox 310 1214 415 1265; x_wconf 87' lang='grc' dir='ltr'><strong>οὑκ</strong></span> <span class='ocrx_word' id='word_1_88' title='bbox 441 1209 555 1284; x_wconf 83' lang='grc' dir='ltr'>εἶχε</span> <span class='ocrx_word' id='word_1_89' title='bbox 581 1216 811 1285; x_wconf 82' lang='grc' dir='ltr'>συνορᾷν</span> <span class='ocrx_word' id='word_1_90' title='bbox 841 1216 980 1286; x_wconf 81' lang='grc' dir='ltr'>ὅπερ</span> <span class='ocrx_word' id='word_1_91' title='bbox 1008 1215 1530 1286; x_wconf 71' lang='grc' dir='ltr'>ἂνδιαπραξάμενος</span> <span class='ocrx_word' id='word_1_92' title='bbox 1560 1216 1661 1287; x_wconf 85' lang='grc' dir='ltr'>τήν</span> <span class='ocrx_word' id='word_1_93' title='bbox 1691 1233 1751 1269; x_wconf 88' lang='grc' dir='ltr'><strong>τε</strong></span> 
     </span>
    </p>
   </div>
   <div class='ocr_carea' id='block_1_15' title="bbox 150 1308 1750 1384">
    <p class='ocr_par' dir='ltr' id='par_1_15' title="bbox 150 1308 1750 1384">
     <span class='ocr_line' id='line_1_15' title="bbox 150 1308 1750 1384; baseline 0.003 -23"><span class='ocrx_word' id='word_1_94' title='bbox 150 1310 249 1361; x_wconf 82' lang='grc' dir='ltr'>τοῦ</span> <span class='ocrx_word' id='word_1_95' title='bbox 279 1308 500 1362; x_wconf 82' lang='grc' dir='ltr'><strong>δικαίου</strong></span> <span class='ocrx_word' id='word_1_96' title='bbox 544 1311 619 1380; x_wconf 80' lang='grc' dir='ltr'>μὴ</span> <span class='ocrx_word' id='word_1_97' title='bbox 656 1310 965 1384; x_wconf 77' lang='grc' dir='ltr'>καθυϐρίση</span> <span class='ocrx_word' id='word_1_98' title='bbox 990 1310 1205 1382; x_wconf 81' lang='grc' dir='ltr'><strong>κλῆσιν,</strong></span> <span class='ocrx_word' id='word_1_99' title='bbox 1239 1313 1336 1366; x_wconf 77' lang='grc' dir='ltr'>καὶ</span> <span class='ocrx_word' id='word_1_100' title='bbox 1384 1312 1503 1381; x_wconf 85' lang='grc' dir='ltr'>Θεῷ</span> <span class='ocrx_word' id='word_1_101' title='bbox 1536 1312 1750 1366; x_wconf 81' lang='grc' dir='ltr'>συνδια-</span> 
     </span>
    </p>
   </div>
   <div class='ocr_carea' id='block_1_16' title="bbox 152 1401 997 1473">
    <p class='ocr_par' dir='ltr' id='par_1_16' title="bbox 152 1401 997 1473">
     <span class='ocr_line' id='line_1_16' title="bbox 152 1401 997 1473; baseline 0.006 -20"><span class='ocrx_word' id='word_1_102' title='bbox 152 1401 352 1464; x_wconf 73' lang='grc' dir='ltr'>σὼξων</span> <span class='ocrx_word' id='word_1_103' title='bbox 374 1401 436 1454; x_wconf 82' lang='grc' dir='ltr'><strong>τὸ</strong></span> <span class='ocrx_word' id='word_1_104' title='bbox 457 1401 753 1472; x_wconf 83' lang='grc' dir='ltr'>εὑὰρεστον</span> <span class='ocrx_word' id='word_1_105' title='bbox 778 1402 997 1473; x_wconf 79' lang='grc' dir='ltr'>ὀφθείη.</span> 
     </span>
    </p>
   </div>
   <div class='ocr_carea' id='block_1_17' title="bbox 227 1490 1747 1564">
    <p class='ocr_par' dir='ltr' id='par_1_17' title="bbox 227 1490 1747 1564">
     <span class='ocr_line' id='line_1_17' title="bbox 227 1490 1747 1564; baseline 0.004 -24"><span class='ocrx_word' id='word_1_106' title='bbox 227 1491 363 1541; x_wconf 88' lang='grc' dir='ltr'>Ὅτε</span> <span class='ocrx_word' id='word_1_107' title='bbox 414 1490 596 1543; x_wconf 86' lang='grc' dir='ltr'>τοίνυν</span> <span class='ocrx_word' id='word_1_108' title='bbox 626 1492 684 1543; x_wconf 85' lang='grc' dir='ltr'><strong>ὲν</strong></span> <span class='ocrx_word' id='word_1_109' title='bbox 708 1493 819 1552; x_wconf 81' lang='grc' dir='ltr'>τοῖς</span> <span class='ocrx_word' id='word_1_110' title='bbox 875 1491 1139 1557; x_wconf 83' lang='grc' dir='ltr'><strong>τοιούτοις</strong></span> <span class='ocrx_word' id='word_1_111' title='bbox 1190 1492 1537 1559; x_wconf 87' lang='grc' dir='ltr'>διεκλονεῖτο,</span> <span class='ocrx_word' id='word_1_112' title='bbox 1594 1492 1688 1546; x_wconf 76' lang='grc' dir='ltr'>καὶ</span> <span class='ocrx_word' id='word_1_113' title='bbox 1713 1494 1747 1564; x_wconf 80' lang='grc' dir='ltr'>ἡ</span> 
     </span>
    </p>
   </div>
   <div class='ocr_carea' id='block_1_18' title="bbox 147 1580 1746 1654">
    <p class='ocr_par' dir='ltr' id='par_1_18' title="bbox 147 1580 1746 1654">
     <span class='ocr_line' id='line_1_18' title="bbox 147 1580 1746 1654; baseline 0.003 -22"><span class='ocrx_word' id='word_1_114' title='bbox 147 1580 290 1651; x_wconf 70' lang='grc' dir='ltr'>πρὸς</span> <span class='ocrx_word' id='word_1_115' title='bbox 324 1582 557 1649; x_wconf 81' lang='grc' dir='ltr'>θάτερον</span> <span class='ocrx_word' id='word_1_116' title='bbox 580 1582 721 1651; x_wconf 78' lang='grc' dir='ltr'>ῥοπὴ</span> <span class='ocrx_word' id='word_1_117' title='bbox 766 1582 863 1651; x_wconf 77' lang='grc' dir='ltr'><strong>τῆς</strong></span> <span class='ocrx_word' id='word_1_118' title='bbox 890 1582 1239 1653; x_wconf 82' lang='grc' dir='ltr'>ἀνθρωπίνης</span> <span class='ocrx_word' id='word_1_119' title='bbox 1296 1584 1536 1654; x_wconf 81' lang='grc' dir='ltr'>κρίσεως</span> <span class='ocrx_word' id='word_1_120' title='bbox 1572 1583 1746 1637; x_wconf 78' lang='grc' dir='ltr'>αὑτὸν</span> 
     </span>
    </p>
   </div>
   <div class='ocr_carea' id='block_1_19' title="bbox 148 1671 1743 1744">
    <p class='ocr_par' dir='ltr' id='par_1_19' title="bbox 148 1671 1743 1744">
     <span class='ocr_line' id='line_1_19' title="bbox 148 1671 1743 1744; baseline 0.004 -21"><span class='ocrx_word' id='word_1_121' title='bbox 148 1671 521 1737; x_wconf 75' lang='grc' dir='ltr'>ἐπελελοίπει,</span> <span class='ocrx_word' id='word_1_122' title='bbox 554 1672 675 1725; x_wconf 76' lang='grc' dir='ltr'>τότε</span> <span class='ocrx_word' id='word_1_123' title='bbox 709 1671 829 1725; x_wconf 86' lang='grc' dir='ltr'>λίαν</span> <span class='ocrx_word' id='word_1_124' title='bbox 864 1673 1143 1743; x_wconf 79' lang='grc' dir='ltr'>ἁρμοδίως</span> <span class='ocrx_word' id='word_1_125' title='bbox 1176 1674 1272 1727; x_wconf 83' lang='grc' dir='ltr'>καὶ</span> <span class='ocrx_word' id='word_1_126' title='bbox 1307 1675 1450 1727; x_wconf 82' lang='grc' dir='ltr'>κατὰ</span> <span class='ocrx_word' id='word_1_127' title='bbox 1498 1673 1691 1744; x_wconf 79' lang='grc' dir='ltr'>καιρὸν</span> <span class='ocrx_word' id='word_1_128' title='bbox 1713 1675 1743 1728; x_wconf 88' lang='grc' dir='ltr'><strong>ό</strong></span> 
     </span>
    </p>
   </div>
   <div class='ocr_carea' id='block_1_20' title="bbox 147 1738 1820 1836">
    <p class='ocr_par' dir='ltr' id='par_1_20' title="bbox 147 1738 1820 1836">
     <span class='ocr_line' id='line_1_20' title="bbox 147 1738 1820 1836; baseline 0.002 -19"><span class='ocrx_word' id='word_1_129' title='bbox 147 1764 386 1831; x_wconf 70' lang='grc' dir='ltr'>ἄγγελος</span> <span class='ocrx_word' id='word_1_130' title='bbox 413 1757 519 1835; x_wconf 80' lang='grc' dir='ltr'>ἦκε</span> <span class='ocrx_word' id='word_1_131' title='bbox 556 1762 826 1834; x_wconf 78' lang='grc' dir='ltr'>στηρίζων</span> <span class='ocrx_word' id='word_1_132' title='bbox 859 1738 1024 1816; x_wconf 81' lang='grc' dir='ltr'>αὑτοῦ</span> <span class='ocrx_word' id='word_1_133' title='bbox 1074 1765 1174 1835; x_wconf 83' lang='grc' dir='ltr'>τὴν</span> <span class='ocrx_word' id='word_1_134' title='bbox 1224 1738 1743 1836; x_wconf 23' lang='grc' dir='ltr'>κεκινημένηνῠδιὰ-</span> <span class='ocrx_word' id='word_1_135' title='bbox 1770 1738 1820 1799; x_wconf 78' lang='grc' dir='ltr'><strong>Β</strong></span> 
     </span>
    </p>
   </div>
   <div class='ocr_carea' id='block_1_21' title="bbox 152 1847 1737 1926">
    <p class='ocr_par' dir='ltr' id='par_1_21' title="bbox 152 1847 1737 1926">
     <span class='ocr_line' id='line_1_21' title="bbox 152 1847 1737 1926; baseline 0.004 -23"><span class='ocrx_word' id='word_1_136' title='bbox 152 1868 327 1917; x_wconf 82' lang='grc' dir='ltr'>νοιαν,</span> <span class='ocrx_word' id='word_1_137' title='bbox 360 1853 452 1922; x_wconf 80' lang='grc' dir='ltr'><strong>ἐφ’</strong></span> <span class='ocrx_word' id='word_1_138' title='bbox 480 1847 651 1921; x_wconf 78' lang='grc' dir='ltr'>οὗπερ</span> <span class='ocrx_word' id='word_1_139' title='bbox 684 1851 791 1905; x_wconf 84' lang='grc' dir='ltr'>ἔδει</span> <span class='ocrx_word' id='word_1_140' title='bbox 834 1853 1015 1922; x_wconf 87' lang='grc' dir='ltr'>μένειν</span> <span class='ocrx_word' id='word_1_141' title='bbox 1073 1853 1393 1925; x_wconf 84' lang='grc' dir='ltr'>ἀκλόνητον,</span> <span class='ocrx_word' id='word_1_142' title='bbox 1426 1855 1518 1908; x_wconf 85' lang='grc' dir='ltr'><strong>καί</strong></span> <span class='ocrx_word' id='word_1_143' title='bbox 1550 1870 1737 1926; x_wconf 81' lang='grc' dir='ltr'>φησιν’</span> 
     </span>
    </p>
   </div>
   <div class='ocr_carea' id='block_1_22' title="bbox 159 1942 1743 2019">
    <p class='ocr_par' dir='ltr' id='par_1_22' title="bbox 159 1942 1743 2019">
     <span class='ocr_line' id='line_1_22' title="bbox 159 1942 1743 2019; baseline 0.005 -25"><span class='ocrx_word' id='word_1_144' title='bbox 159 1961 181 1994; x_wconf 71' lang='grc' dir='ltr'><strong>ε</strong></span> <span class='ocrx_word' id='word_1_145' title='bbox 208 1943 406 2011; x_wconf 76' lang='grc' dir='ltr'>Ἰωσὴφ</span> <span class='ocrx_word' id='word_1_146' title='bbox 431 1943 544 2006; x_wconf 75' lang='grc' dir='ltr'>υίὸς</span> <span class='ocrx_word' id='word_1_147' title='bbox 565 1942 750 2006; x_wconf 74' lang='grc' dir='ltr'>Δαϐὶδ,</span> <span class='ocrx_word' id='word_1_148' title='bbox 774 1943 849 2015; x_wconf 82' lang='grc' dir='ltr'>μὴ</span> <span class='ocrx_word' id='word_1_149' title='bbox 881 1944 1130 2015; x_wconf 81' lang='grc' dir='ltr'>φοϐηθῇς</span> <span class='ocrx_word' id='word_1_150' title='bbox 1146 1946 1487 2016; x_wconf 85' lang='grc' dir='ltr'>παραλαϐεῖν</span> <span class='ocrx_word' id='word_1_151' title='bbox 1510 1948 1743 2019; x_wconf 86' lang='grc' dir='ltr'>Μαριὰμ</span> 
     </span>
    </p>
   </div>
   <div class='ocr_carea' id='block_1_23' title="bbox 148 2036 1744 2111">
    <p class='ocr_par' dir='ltr' id='par_1_23' title="bbox 148 2036 1744 2111">
     <span class='ocr_line' id='line_1_23' title="bbox 148 2036 1744 2111; baseline 0.005 -25"><span class='ocrx_word' id='word_1_152' title='bbox 148 2036 255 2105; x_wconf 81' lang='grc' dir='ltr'>τὴν</span> <span class='ocrx_word' id='word_1_153' title='bbox 301 2036 542 2103; x_wconf 76' lang='grc' dir='ltr'>γυναῖκα</span> <span class='ocrx_word' id='word_1_154' title='bbox 591 2053 717 2091; x_wconf 80' lang='grc' dir='ltr'>σουο</span> <span class='ocrx_word' id='word_1_155' title='bbox 763 2036 823 2089; x_wconf 83' lang='grc' dir='ltr'><strong>τὸ</strong></span> <span class='ocrx_word' id='word_1_156' title='bbox 872 2037 980 2107; x_wconf 79' lang='grc' dir='ltr'><strong>γὰρ</strong></span> <span class='ocrx_word' id='word_1_157' title='bbox 1039 2040 1097 2090; x_wconf 82' lang='grc' dir='ltr'>ὲν</span> <span class='ocrx_word' id='word_1_158' title='bbox 1150 2039 1286 2110; x_wconf 77' lang='grc' dir='ltr'>αὑτῇ</span> <span class='ocrx_word' id='word_1_159' title='bbox 1340 2040 1632 2111; x_wconf 84' lang='grc' dir='ltr'>γεννηθὲν,</span> <span class='ocrx_word' id='word_1_160' title='bbox 1679 2042 1744 2094; x_wconf 84' lang='grc' dir='ltr'>ὲκ</span> 
     </span>
    </p>
   </div>
   <div class='ocr_carea' id='block_1_24' title="bbox 148 2127 1742 2198">
    <p class='ocr_par' dir='ltr' id='par_1_24' title="bbox 148 2127 1742 2198">
     <span class='ocr_line' id='line_1_24' title="bbox 148 2127 1742 2198; baseline 0.005 -20"><span class='ocrx_word' id='word_1_161' title='bbox 148 2127 479 2197; x_wconf 76' lang='grc' dir='ltr'>Πνεύματός</span> <span class='ocrx_word' id='word_1_162' title='bbox 511 2129 661 2181; x_wconf 80' lang='grc' dir='ltr'>ἐστιν</span> <span class='ocrx_word' id='word_1_163' title='bbox 688 2129 848 2198; x_wconf 81' lang='grc' dir='ltr'>ἁγίου</span> <span class='ocrx_word' id='word_1_164' title='bbox 869 2147 882 2161; x_wconf 82' lang='grc'><em>’</em></span> <span class='ocrx_word' id='word_1_165' title='bbox 929 2129 1141 2193; x_wconf 79' lang='grc' dir='ltr'>τέξεται</span> <span class='ocrx_word' id='word_1_166' title='bbox 1190 2131 1247 2184; x_wconf 79' lang='grc' dir='ltr'><strong>δὲ</strong></span> <span class='ocrx_word' id='word_1_167' title='bbox 1290 2132 1427 2190; x_wconf 82' lang='grc' dir='ltr'>υίὸν.</span> <span class='ocrx_word' id='word_1_168' title='bbox 1453 2132 1549 2185; x_wconf 80' lang='grc' dir='ltr'>καὶ</span> <span class='ocrx_word' id='word_1_169' title='bbox 1579 2131 1742 2186; x_wconf 71' lang='grc' dir='ltr'>καλέε-</span> 
     </span>
    </p>
   </div>
   <div class='ocr_carea' id='block_1_25' title="bbox 148 2219 1742 2294">
    <p class='ocr_par' dir='ltr' id='par_1_25' title="bbox 148 2219 1742 2294">
     <span class='ocr_line' id='line_1_25' title="bbox 148 2219 1742 2294; baseline 0.003 -24"><span class='ocrx_word' id='word_1_170' title='bbox 148 2236 270 2280; x_wconf 85' lang='grc' dir='ltr'>σεις</span> <span class='ocrx_word' id='word_1_171' title='bbox 287 2219 351 2270; x_wconf 80' lang='grc' dir='ltr'>τὸ</span> <span class='ocrx_word' id='word_1_172' title='bbox 372 2219 544 2287; x_wconf 77' lang='grc' dir='ltr'>ὄνομα</span> <span class='ocrx_word' id='word_1_173' title='bbox 563 2219 729 2272; x_wconf 84' lang='grc' dir='ltr'>αὑτοῦ</span> <span class='ocrx_word' id='word_1_174' title='bbox 746 2219 974 2289; x_wconf 80' lang='grc' dir='ltr'><strong>Ἰησοῦν·</strong></span> <span class='ocrx_word' id='word_1_175' title='bbox 1000 2240 1019 2273; x_wconf 73' lang='grc' dir='ltr'><strong>ι</strong></span> <span class='ocrx_word' id='word_1_176' title='bbox 1041 2221 1257 2292; x_wconf 80' lang='grc' dir='ltr'>μηκέτι,</span> <span class='ocrx_word' id='word_1_177' title='bbox 1276 2221 1462 2290; x_wconf 75' lang='grc' dir='ltr'>φησὶν,</span> <span class='ocrx_word' id='word_1_178' title='bbox 1485 2224 1583 2292; x_wconf 81' lang='grc' dir='ltr'>τῆς</span> <span class='ocrx_word' id='word_1_179' title='bbox 1604 2224 1742 2294; x_wconf 87' lang='grc' dir='ltr'>ἀμη-</span> 
     </span>
    </p>
   </div>
   <div class='ocr_carea' id='block_1_26' title="bbox 146 2308 1740 2383">
    <p class='ocr_par' dir='ltr' id='par_1_26' title="bbox 146 2308 1740 2383">
     <span class='ocr_line' id='line_1_26' title="bbox 146 2308 1740 2383; baseline 0.005 -24"><span class='ocrx_word' id='word_1_180' title='bbox 146 2308 347 2377; x_wconf 79' lang='grc' dir='ltr'>χανίας</span> <span class='ocrx_word' id='word_1_181' title='bbox 403 2309 528 2372; x_wconf 81' lang='grc' dir='ltr'>ἔσο,</span> <span class='ocrx_word' id='word_1_182' title='bbox 568 2310 704 2380; x_wconf 85' lang='grc' dir='ltr'>μηδέ</span> <span class='ocrx_word' id='word_1_183' title='bbox 760 2326 820 2362; x_wconf 89' lang='grc' dir='ltr'><strong>σε</strong></span> <span class='ocrx_word' id='word_1_184' title='bbox 877 2308 1028 2376; x_wconf 79' lang='grc' dir='ltr'>δόξαι</span> <span class='ocrx_word' id='word_1_185' title='bbox 1080 2312 1393 2381; x_wconf 80' lang='grc' dir='ltr'>μαχόμεναι</span> <span class='ocrx_word' id='word_1_186' title='bbox 1460 2312 1740 2383; x_wconf 85' lang='grc' dir='ltr'>διαπορεῖν</span> 
     </span>
    </p>
   </div>
   <div class='ocr_carea' id='block_1_27' title="bbox 145 2396 1741 2469">
    <p class='ocr_par' dir='ltr' id='par_1_27' title="bbox 145 2396 1741 2469">
     <span class='ocr_line' id='line_1_27' title="bbox 145 2396 1741 2469; baseline 0.006 -22"><span class='ocrx_word' id='word_1_187' title='bbox 145 2396 605 2450; x_wconf 80' lang='grc' dir='ltr'>ἁναπειθὲτωσαν</span> <span class='ocrx_word' id='word_1_188' title='bbox 634 2398 692 2451; x_wconf 83' lang='grc' dir='ltr'><strong>τὸ</strong></span> <span class='ocrx_word' id='word_1_189' title='bbox 738 2400 1048 2469; x_wconf 74' lang='grc' dir='ltr'>πρακτέον·</span> <span class='ocrx_word' id='word_1_190' title='bbox 1111 2401 1178 2453; x_wconf 80' lang='grc' dir='ltr'>ὲκ</span> <span class='ocrx_word' id='word_1_191' title='bbox 1228 2400 1546 2469; x_wconf 87' lang='grc' dir='ltr'>Πνεύματός</span> <span class='ocrx_word' id='word_1_192' title='bbox 1592 2403 1741 2456; x_wconf 78' lang='grc' dir='ltr'>ἐστιν</span> 
     </span>
    </p>
   </div>
   <div class='ocr_carea' id='block_1_28' title="bbox 146 2488 1740 2565">
    <p class='ocr_par' dir='ltr' id='par_1_28' title="bbox 146 2488 1740 2565">
     <span class='ocr_line' id='line_1_28' title="bbox 146 2488 1740 2565; baseline 0.004 -23"><span class='ocrx_word' id='word_1_193' title='bbox 146 2491 315 2555; x_wconf 81' lang='grc' dir='ltr'>ἁγίου</span> <span class='ocrx_word' id='word_1_194' title='bbox 344 2488 405 2541; x_wconf 84' lang='grc' dir='ltr'><strong>τὸ</strong></span> <span class='ocrx_word' id='word_1_195' title='bbox 458 2492 518 2541; x_wconf 86' lang='grc' dir='ltr'><strong>ἐν</strong></span> <span class='ocrx_word' id='word_1_196' title='bbox 581 2491 719 2560; x_wconf 83' lang='grc' dir='ltr'><strong>αὑτῇ</strong></span> <span class='ocrx_word' id='word_1_197' title='bbox 784 2492 1079 2562; x_wconf 74' lang='grc' dir='ltr'>γεννηθένο</span> <span class='ocrx_word' id='word_1_198' title='bbox 1125 2492 1281 2562; x_wconf 83' lang='grc' dir='ltr'>ἁγίου</span> <span class='ocrx_word' id='word_1_199' title='bbox 1321 2494 1377 2546; x_wconf 81' lang='grc' dir='ltr'>δὲ</span> <span class='ocrx_word' id='word_1_200' title='bbox 1420 2495 1740 2565; x_wconf 86' lang='grc' dir='ltr'>Πνεύματος</span> 
     </span>
    </p>
   </div>
   <div class='ocr_carea' id='block_1_29' title="bbox 147 2580 1736 2654">
    <p class='ocr_par' dir='ltr' id='par_1_29' title="bbox 147 2580 1736 2654">
     <span class='ocr_line' id='line_1_29' title="bbox 147 2580 1736 2654; baseline 0.005 -21"><span class='ocrx_word' id='word_1_201' title='bbox 147 2582 457 2650; x_wconf 78' lang='grc' dir='ltr'>παρουσία,</span> <span class='ocrx_word' id='word_1_202' title='bbox 506 2581 606 2635; x_wconf 77' lang='grc' dir='ltr'><strong>καὶ</strong></span> <span class='ocrx_word' id='word_1_203' title='bbox 660 2581 874 2651; x_wconf 75' lang='grc' dir='ltr'>θέλημα</span> <span class='ocrx_word' id='word_1_204' title='bbox 914 2584 1137 2654; x_wconf 88' lang='grc' dir='ltr'>σαρκὸς,</span> <span class='ocrx_word' id='word_1_205' title='bbox 1183 2586 1282 2639; x_wconf 88' lang='grc' dir='ltr'><strong>οὑκ</strong></span> <span class='ocrx_word' id='word_1_206' title='bbox 1337 2580 1448 2640; x_wconf 78' lang='grc' dir='ltr'>οἷόν</span> <span class='ocrx_word' id='word_1_207' title='bbox 1471 2587 1531 2640; x_wconf 82' lang='grc' dir='ltr'><strong>τέ</strong></span> <span class='ocrx_word' id='word_1_208' title='bbox 1566 2588 1736 2653; x_wconf 79' lang='grc' dir='ltr'>ἐστιν,</span> 
     </span>
    </p>
   </div>
   <div class='ocr_carea' id='block_1_30' title="bbox 143 2673 1739 2750">
    <p class='ocr_par' dir='ltr' id='par_1_30' title="bbox 143 2673 1739 2750">
     <span class='ocr_line' id='line_1_30' title="bbox 143 2673 1739 2750; baseline 0.005 -24"><span class='ocrx_word' id='word_1_209' title='bbox 143 2674 273 2726; x_wconf 77' lang='grc' dir='ltr'>οὐδέ</span> <span class='ocrx_word' id='word_1_210' title='bbox 303 2692 364 2727; x_wconf 87' lang='grc' dir='ltr'><strong>σε</strong></span> <span class='ocrx_word' id='word_1_211' title='bbox 403 2673 647 2744; x_wconf 80' lang='grc' dir='ltr'>λέληθεν,</span> <span class='ocrx_word' id='word_1_212' title='bbox 704 2676 785 2738; x_wconf 90' lang='grc' dir='ltr'><strong>είς</strong></span> <span class='ocrx_word' id='word_1_213' title='bbox 816 2675 876 2728; x_wconf 85' lang='grc' dir='ltr'><strong>ἒν</strong></span> <span class='ocrx_word' id='word_1_214' title='bbox 921 2677 1218 2743; x_wconf 86' lang='grc' dir='ltr'>συνελθεῖν,</span> <span class='ocrx_word' id='word_1_215' title='bbox 1272 2678 1395 2731; x_wconf 86' lang='grc' dir='ltr'>οὑδὲ</span> <span class='ocrx_word' id='word_1_216' title='bbox 1436 2681 1537 2750; x_wconf 79' lang='grc' dir='ltr'><strong>τὴν</strong></span> <span class='ocrx_word' id='word_1_217' title='bbox 1566 2680 1739 2750; x_wconf 81' lang='grc' dir='ltr'>αὑτὴν</span> 
     </span>
    </p>
   </div>
   <div class='ocr_carea' id='block_1_31' title="bbox 147 2763 1738 2841">
    <p class='ocr_par' dir='ltr' id='par_1_31' title="bbox 147 2763 1738 2841">
     <span class='ocr_line' id='line_1_31' title="bbox 147 2763 1738 2841; baseline 0.007 -27"><span class='ocrx_word' id='word_1_218' title='bbox 147 2763 551 2829; x_wconf 77' lang='grc' dir='ltr'>ὲξοικειοῦσθαι</span> <span class='ocrx_word' id='word_1_219' title='bbox 566 2764 782 2836; x_wconf 81' lang='grc' dir='ltr'>πρᾶξιν·</span> <span class='ocrx_word' id='word_1_220' title='bbox 814 2766 1115 2835; x_wconf 76' lang='grc' dir='ltr'>παράδοξος</span> <span class='ocrx_word' id='word_1_221' title='bbox 1136 2770 1163 2821; x_wconf 91' lang='grc' dir='ltr'>ὁ</span> <span class='ocrx_word' id='word_1_222' title='bbox 1182 2767 1362 2836; x_wconf 87' lang='grc' dir='ltr'>λόγος,</span> <span class='ocrx_word' id='word_1_223' title='bbox 1395 2769 1530 2823; x_wconf 81' lang='grc' dir='ltr'>ἀλλὰ</span> <span class='ocrx_word' id='word_1_224' title='bbox 1552 2788 1738 2841; x_wconf 67' lang='grc' dir='ltr'>παραυ</span> 
     </span>
    </p>
   </div>
   <div class='ocr_carea' id='block_1_32' title="bbox 144 2858 1737 2931">
    <p class='ocr_par' dir='ltr' id='par_1_32' title="bbox 144 2858 1737 2931">
     <span class='ocr_line' id='line_1_32' title="bbox 144 2858 1737 2931; baseline 0.003 -21"><span class='ocrx_word' id='word_1_225' title='bbox 144 2858 435 2928; x_wconf 79' lang='grc' dir='ltr'>δοξοτέρου</span> <span class='ocrx_word' id='word_1_226' title='bbox 458 2858 617 2910; x_wconf 82' lang='grc' dir='ltr'>τόκου</span> <span class='ocrx_word' id='word_1_227' title='bbox 651 2858 796 2911; x_wconf 77' lang='grc' dir='ltr'>ἐστὶν</span> <span class='ocrx_word' id='word_1_228' title='bbox 834 2859 1156 2927; x_wconf 76' lang='grc' dir='ltr'>εὐαγγέλιον</span> <span class='ocrx_word' id='word_1_229' title='bbox 1180 2874 1195 2887; x_wconf 79' lang='grc'>⁶</span> <span class='ocrx_word' id='word_1_230' title='bbox 1231 2878 1250 2910; x_wconf 85' lang='grc'><strong>‹</strong></span> <span class='ocrx_word' id='word_1_231' title='bbox 1291 2861 1388 2913; x_wconf 85' lang='grc' dir='ltr'><strong>Ἐκ</strong></span> <span class='ocrx_word' id='word_1_232' title='bbox 1417 2862 1737 2931; x_wconf 85' lang='grc' dir='ltr'>Πνεύματός</span> 
     </span>
    </p>
   </div>
   <div class='ocr_carea' id='block_1_33' title="bbox 150 2946 1736 3020">
    <p class='ocr_par' dir='ltr' id='par_1_33' title="bbox 150 2946 1736 3020">
     <span class='ocr_line' id='line_1_33' title="bbox 150 2946 1736 3020; baseline 0.002 -21"><span class='ocrx_word' id='word_1_233' title='bbox 150 2949 306 3000; x_wconf 76' lang='grc' dir='ltr'>ἔστιν</span> <span class='ocrx_word' id='word_1_234' title='bbox 320 2947 503 3015; x_wconf 85' lang='grc' dir='ltr'>ἁγίου,</span> <span class='ocrx_word' id='word_1_235' title='bbox 516 2964 536 2999; x_wconf 72' lang='grc' dir='ltr'><strong>ι</strong></span> <span class='ocrx_word' id='word_1_236' title='bbox 559 2947 653 2999; x_wconf 74' lang='grc' dir='ltr'>καὶ</span> <span class='ocrx_word' id='word_1_237' title='bbox 676 2965 693 2998; x_wconf 76' lang='grc' dir='ltr'><strong>ι</strong></span> <span class='ocrx_word' id='word_1_238' title='bbox 706 2946 931 3011; x_wconf 82' lang='grc' dir='ltr'>Τέξεται</span> <span class='ocrx_word' id='word_1_239' title='bbox 951 2947 1084 3000; x_wconf 89' lang='grc' dir='ltr'>υἱόν·</span> <span class='ocrx_word' id='word_1_240' title='bbox 1101 2968 1119 2999; x_wconf 75' lang='grc' dir='ltr'><strong>ι</strong></span> <span class='ocrx_word' id='word_1_241' title='bbox 1145 2948 1245 3019; x_wconf 81' lang='grc' dir='ltr'><strong>ὅρα</strong></span> <span class='ocrx_word' id='word_1_242' title='bbox 1262 2950 1357 3002; x_wconf 75' lang='grc' dir='ltr'><strong>καὶ</strong></span> <span class='ocrx_word' id='word_1_243' title='bbox 1377 2949 1483 3019; x_wconf 76' lang='grc' dir='ltr'>πρὸ</span> <span class='ocrx_word' id='word_1_244' title='bbox 1496 2951 1594 3020; x_wconf 82' lang='grc' dir='ltr'>τῆς</span> <span class='ocrx_word' id='word_1_245' title='bbox 1610 2967 1736 3018; x_wconf 67' lang='grc' dir='ltr'>γενη-</span> 
     </span>
    </p>
   </div>
   <div class='ocr_carea' id='block_1_34' title="bbox 152 3040 1810 3139">
    <p class='ocr_par' dir='ltr' id='par_1_34' title="bbox 152 3040 1810 3139">
     <span class='ocr_line' id='line_1_34' title="bbox 152 3040 1810 3139; baseline 0.002 -46"><span class='ocrx_word' id='word_1_246' title='bbox 152 3042 365 3111; x_wconf 81' lang='grc' dir='ltr'>νήσεως</span> <span class='ocrx_word' id='word_1_247' title='bbox 387 3040 480 3092; x_wconf 82' lang='grc' dir='ltr'>τὸν</span> <span class='ocrx_word' id='word_1_248' title='bbox 508 3040 640 3093; x_wconf 86' lang='grc' dir='ltr'>υἱόν·</span> <span class='ocrx_word' id='word_1_249' title='bbox 667 3040 762 3094; x_wconf 78' lang='grc' dir='ltr'><strong>καὶ</strong></span> <span class='ocrx_word' id='word_1_250' title='bbox 787 3040 1140 3109; x_wconf 78' lang='grc' dir='ltr'>γεννηθέντος</span> <span class='ocrx_word' id='word_1_251' title='bbox 1165 3041 1304 3094; x_wconf 86' lang='grc' dir='ltr'>ἔστω</span> <span class='ocrx_word' id='word_1_252' title='bbox 1336 3059 1416 3096; x_wconf 92' lang='grc' dir='ltr'><strong>σοι</strong></span> <span class='ocrx_word' id='word_1_253' title='bbox 1436 3043 1735 3113; x_wconf 87' lang='grc' dir='ltr'>τεκμήριον</span> <span class='ocrx_word' id='word_1_254' title='bbox 1763 3079 1810 3139; x_wconf 74' lang='lat' dir='ltr'>c</span> 
     </span>
    </p>
   </div>
   <div class='ocr_carea' id='block_1_35' title="bbox 158 3130 1736 3205">
    <p class='ocr_par' dir='ltr' id='par_1_35' title="bbox 158 3130 1736 3205">
     <span class='ocr_line' id='line_1_35' title="bbox 158 3130 1736 3205; baseline 0.005 -24"><span class='ocrx_word' id='word_1_255' title='bbox 158 3131 254 3183; x_wconf 75' lang='grc' dir='ltr'>τοῦ</span> <span class='ocrx_word' id='word_1_256' title='bbox 296 3130 713 3201; x_wconf 81' lang='grc' dir='ltr'>ὲκϐεϐηκότοςή</span> <span class='ocrx_word' id='word_1_257' title='bbox 750 3131 1053 3202; x_wconf 74' lang='grc' dir='ltr'>πρόρρησις</span> <span class='ocrx_word' id='word_1_258' title='bbox 1104 3132 1200 3184; x_wconf 76' lang='grc' dir='ltr'>καὶ</span> <span class='ocrx_word' id='word_1_259' title='bbox 1254 3132 1357 3203; x_wconf 77' lang='grc' dir='ltr'>τῆς</span> <span class='ocrx_word' id='word_1_260' title='bbox 1413 3134 1580 3205; x_wconf 80' lang='grc' dir='ltr'>ἄλλης</span> <span class='ocrx_word' id='word_1_261' title='bbox 1627 3134 1736 3189; x_wconf 81' lang='grc' dir='ltr'><strong>τῶν</strong></span> 
     </span>
    </p>
   </div>
   <div class='ocr_carea' id='block_1_36' title="bbox 154 3221 1736 3295">
    <p class='ocr_par' dir='ltr' id='par_1_36' title="bbox 154 3221 1736 3295">
     <span class='ocr_line' id='line_1_36' title="bbox 154 3221 1736 3295; baseline 0.003 -21"><span class='ocrx_word' id='word_1_262' title='bbox 154 3221 508 3288; x_wconf 81' lang='grc' dir='ltr'>Εὑαγγελίων</span> <span class='ocrx_word' id='word_1_263' title='bbox 563 3221 824 3293; x_wconf 83' lang='grc' dir='ltr'>ἀληθείας</span> <span class='ocrx_word' id='word_1_264' title='bbox 849 3239 862 3254; x_wconf 88' lang='grc'><strong>·</strong></span> <span class='ocrx_word' id='word_1_265' title='bbox 898 3225 925 3275; x_wconf 90' lang='grc' dir='ltr'>ὀ</span> <span class='ocrx_word' id='word_1_266' title='bbox 952 3222 1059 3293; x_wconf 70' lang='grc' dir='ltr'><strong>γὰρ</strong></span> <span class='ocrx_word' id='word_1_267' title='bbox 1123 3223 1207 3275; x_wconf 84' lang='grc' dir='ltr'><strong>ἔτι</strong></span> <span class='ocrx_word' id='word_1_268' title='bbox 1258 3224 1318 3276; x_wconf 79' lang='grc' dir='ltr'>τὸ</span> <span class='ocrx_word' id='word_1_269' title='bbox 1355 3226 1736 3295; x_wconf 83' lang='grc' dir='ltr'>κρυπτόμενον</span> 
     </span>
    </p>
   </div>
   <div class='ocr_carea' id='block_1_37' title="bbox 150 3315 1736 3388">
    <p class='ocr_par' dir='ltr' id='par_1_37' title="bbox 150 3315 1736 3388">
     <span class='ocr_line' id='line_1_37' title="bbox 150 3315 1736 3388; baseline 0.003 -19"><span class='ocrx_word' id='word_1_270' title='bbox 150 3318 210 3369; x_wconf 80' lang='grc' dir='ltr'>ὲν</span> <span class='ocrx_word' id='word_1_271' title='bbox 233 3321 347 3379; x_wconf 86' lang='grc' dir='ltr'>τοῖς</span> <span class='ocrx_word' id='word_1_272' title='bbox 385 3316 648 3385; x_wconf 79' lang='grc' dir='ltr'>θαλάμοις</span> <span class='ocrx_word' id='word_1_273' title='bbox 676 3318 775 3385; x_wconf 83' lang='grc' dir='ltr'><strong>τῆς</strong></span> <span class='ocrx_word' id='word_1_274' title='bbox 801 3315 1016 3384; x_wconf 88' lang='grc' dir='ltr'>φύσεως</span> <span class='ocrx_word' id='word_1_275' title='bbox 1060 3317 1154 3369; x_wconf 74' lang='grc' dir='ltr'>καὶ</span> <span class='ocrx_word' id='word_1_276' title='bbox 1180 3315 1335 3381; x_wconf 85' lang='grc' dir='ltr'>εἰδὼς</span> <span class='ocrx_word' id='word_1_277' title='bbox 1368 3319 1465 3372; x_wconf 74' lang='grc' dir='ltr'>καὶ</span> <span class='ocrx_word' id='word_1_278' title='bbox 1493 3336 1736 3388; x_wconf 85' lang='grc' dir='ltr'>προανα-</span> 
     </span>
    </p>
   </div>
   <div class='ocr_carea' id='block_1_38' title="bbox 150 3407 1733 3483">
    <p class='ocr_par' dir='ltr' id='par_1_38' title="bbox 150 3407 1733 3483">
     <span class='ocr_line' id='line_1_38' title="bbox 150 3407 1733 3483; baseline 0.004 -22"><span class='ocrx_word' id='word_1_279' title='bbox 150 3410 442 3481; x_wconf 78' lang='grc' dir='ltr'>κηρύττων</span> <span class='ocrx_word' id='word_1_280' title='bbox 473 3412 607 3477; x_wconf 75' lang='grc' dir='ltr'>υίδν,</span> <span class='ocrx_word' id='word_1_281' title='bbox 638 3407 790 3474; x_wconf 75' lang='grc' dir='ltr'>οὗτος</span> <span class='ocrx_word' id='word_1_282' title='bbox 822 3412 916 3465; x_wconf 75' lang='grc' dir='ltr'><strong>καὶ</strong></span> <span class='ocrx_word' id='word_1_283' title='bbox 961 3413 1209 3482; x_wconf 77' lang='grc' dir='ltr'>τεχνίτης</span> <span class='ocrx_word' id='word_1_284' title='bbox 1238 3413 1431 3482; x_wconf 84' lang='grc' dir='ltr'>γέγονε</span> <span class='ocrx_word' id='word_1_285' title='bbox 1468 3416 1569 3483; x_wconf 78' lang='grc' dir='ltr'><strong>τῆς</strong></span> <span class='ocrx_word' id='word_1_286' title='bbox 1604 3414 1733 3469; x_wconf 81' lang='grc' dir='ltr'>ἄνευ</span> 
     </span>
    </p>
   </div>
   <div class='ocr_carea' id='block_1_39' title="bbox 151 3504 1735 3576">
    <p class='ocr_par' dir='ltr' id='par_1_39' title="bbox 151 3504 1735 3576">
     <span class='ocr_line' id='line_1_39' title="bbox 151 3504 1735 3576; baseline 0.003 -23"><span class='ocrx_word' id='word_1_287' title='bbox 151 3504 369 3571; x_wconf 78' lang='grc' dir='ltr'>σπορᾶς</span> <span class='ocrx_word' id='word_1_288' title='bbox 425 3504 563 3573; x_wconf 76' lang='grc' dir='ltr'>ὑπὲρ</span> <span class='ocrx_word' id='word_1_289' title='bbox 610 3504 766 3572; x_wconf 88' lang='grc' dir='ltr'>λόγον</span> <span class='ocrx_word' id='word_1_290' title='bbox 802 3504 1304 3576; x_wconf 84' lang='grc' dir='ltr'>δημιουργηθείσης</span> <span class='ocrx_word' id='word_1_291' title='bbox 1365 3506 1587 3575; x_wconf 74' lang='grc' dir='ltr'>σαρκὸς,</span> <span class='ocrx_word' id='word_1_292' title='bbox 1640 3507 1735 3560; x_wconf 59' lang='grc' dir='ltr'><strong>καὶ¹</strong></span> 
     </span>
    </p>
   </div>
   <div class='ocr_carea' id='block_1_40' title="bbox 148 3596 1733 3667">
    <p class='ocr_par' dir='ltr' id='par_1_40' title="bbox 148 3596 1733 3667">
     <span class='ocr_line' id='line_1_40' title="bbox 148 3596 1733 3667; baseline 0.001 -18"><span class='ocrx_word' id='word_1_293' title='bbox 148 3596 254 3665; x_wconf 77' lang='grc' dir='ltr'>τῆς</span> <span class='ocrx_word' id='word_1_294' title='bbox 288 3598 587 3666; x_wconf 79' lang='grc' dir='ltr'>παρθενίας</span> <span class='ocrx_word' id='word_1_295' title='bbox 640 3596 836 3664; x_wconf 80' lang='grc' dir='ltr'>φύλαξ,</span> <span class='ocrx_word' id='word_1_296' title='bbox 868 3596 1057 3667; x_wconf 82' lang='grc' dir='ltr'>ὥσπερ</span> <span class='ocrx_word' id='word_1_297' title='bbox 1082 3596 1219 3667; x_wconf 79' lang='grc' dir='ltr'>μετὰ</span> <span class='ocrx_word' id='word_1_298' title='bbox 1251 3596 1343 3650; x_wconf 81' lang='grc' dir='ltr'>τὸν</span> <span class='ocrx_word' id='word_1_299' title='bbox 1377 3598 1558 3659; x_wconf 84' lang='grc' dir='ltr'>τόκον,</span> <span class='ocrx_word' id='word_1_300' title='bbox 1590 3596 1733 3650; x_wconf 81' lang='grc' dir='ltr'>οὑτω</span> 
     </span>
    </p>
   </div>
   <div class='ocr_carea' id='block_1_41' title="bbox 148 3687 1734 3759">
    <p class='ocr_par' dir='ltr' id='par_1_41' title="bbox 148 3687 1734 3759">
     <span class='ocr_line' id='line_1_41' title="bbox 148 3687 1734 3759; baseline 0 -18"><span class='ocrx_word' id='word_1_301' title='bbox 148 3690 245 3741; x_wconf 79' lang='grc' dir='ltr'><strong>καὶ</strong></span> <span class='ocrx_word' id='word_1_302' title='bbox 302 3688 411 3758; x_wconf 86' lang='grc' dir='ltr'><strong>πρὸ</strong></span> <span class='ocrx_word' id='word_1_303' title='bbox 442 3687 534 3741; x_wconf 78' lang='grc' dir='ltr'>τοῦ</span> <span class='ocrx_word' id='word_1_304' title='bbox 567 3690 727 3741; x_wconf 83' lang='grc' dir='ltr'>τόκου</span> <span class='ocrx_word' id='word_1_305' title='bbox 758 3689 833 3759; x_wconf 83' lang='grc' dir='ltr'>μὴ</span> <span class='ocrx_word' id='word_1_306' title='bbox 865 3689 1098 3742; x_wconf 85' lang='grc' dir='ltr'>διαλύων</span> <span class='ocrx_word' id='word_1_307' title='bbox 1132 3688 1199 3741; x_wconf 81' lang='grc' dir='ltr'>τὰ</span> <span class='ocrx_word' id='word_1_308' title='bbox 1238 3689 1546 3759; x_wconf 79' lang='grc' dir='ltr'>σήμαντρα.</span> <span class='ocrx_word' id='word_1_309' title='bbox 1576 3708 1594 3739; x_wconf 78' lang='grc' dir='ltr'>ι</span> <span class='ocrx_word' id='word_1_310' title='bbox 1624 3687 1734 3741; x_wconf 79' lang='grc' dir='ltr'><strong>Καὶ</strong></span> 
     </span>
    </p>
   </div>
   <div class='ocr_carea' id='block_1_42' title="bbox 145 3776 1734 3848">
    <p class='ocr_par' dir='ltr' id='par_1_42' title="bbox 145 3776 1734 3848">
     <span class='ocr_line' id='line_1_42' title="bbox 145 3776 1734 3848; baseline 0.002 -21"><span class='ocrx_word' id='word_1_311' title='bbox 145 3776 407 3838; x_wconf 80' lang='grc' dir='ltr'>καλέσεις</span> <span class='ocrx_word' id='word_1_312' title='bbox 432 3776 492 3829; x_wconf 85' lang='grc' dir='ltr'><strong>τὸ</strong></span> <span class='ocrx_word' id='word_1_313' title='bbox 521 3776 696 3846; x_wconf 76' lang='grc' dir='ltr'>ὄνομα</span> <span class='ocrx_word' id='word_1_314' title='bbox 725 3777 891 3831; x_wconf 73' lang='grc' dir='ltr'>αὑτοῦ</span> <span class='ocrx_word' id='word_1_315' title='bbox 930 3776 1137 3848; x_wconf 79' lang='grc' dir='ltr'>Ἰησοῦν</span> <span class='ocrx_word' id='word_1_316' title='bbox 1157 3795 1170 3807; x_wconf 89' lang='grc'><strong>·</strong></span> <span class='ocrx_word' id='word_1_317' title='bbox 1198 3797 1216 3829; x_wconf 72' lang='grc' dir='ltr'><strong>ι</strong></span> <span class='ocrx_word' id='word_1_318' title='bbox 1248 3778 1382 3830; x_wconf 84' lang='grc' dir='ltr'>ἀλλὰ</span> <span class='ocrx_word' id='word_1_319' title='bbox 1415 3778 1509 3830; x_wconf 75' lang='grc' dir='ltr'>καὶ</span> <span class='ocrx_word' id='word_1_320' title='bbox 1534 3779 1568 3848; x_wconf 80' lang='grc' dir='ltr'>ὴ</span> <span class='ocrx_word' id='word_1_321' title='bbox 1604 3778 1734 3847; x_wconf 85' lang='grc' dir='ltr'>κλῆ-</span> 
     </span>
    </p>
   </div>
   <div class='ocr_carea' id='block_1_43' title="bbox 145 3866 1731 3940">
    <p class='ocr_par' dir='ltr' id='par_1_43' title="bbox 145 3866 1731 3940">
     <span class='ocr_line' id='line_1_43' title="bbox 145 3866 1731 3940; baseline 0.001 -22"><span class='ocrx_word' id='word_1_322' title='bbox 145 3884 230 3929; x_wconf 86' lang='grc' dir='ltr'><strong>σις</strong></span> <span class='ocrx_word' id='word_1_323' title='bbox 263 3866 474 3919; x_wconf 86' lang='grc' dir='ltr'>ἄνωθεν</span> <span class='ocrx_word' id='word_1_324' title='bbox 512 3866 624 3937; x_wconf 84' lang='grc' dir='ltr'>ἔχει</span> <span class='ocrx_word' id='word_1_325' title='bbox 655 3868 753 3938; x_wconf 82' lang='grc' dir='ltr'>τὴν</span> <span class='ocrx_word' id='word_1_326' title='bbox 792 3870 995 3940; x_wconf 73' lang='grc' dir='ltr'>κρίσιν’</span> <span class='ocrx_word' id='word_1_327' title='bbox 1045 3867 1252 3938; x_wconf 80' lang='grc' dir='ltr'>Ἰησοῦς</span> <span class='ocrx_word' id='word_1_328' title='bbox 1274 3869 1383 3937; x_wconf 77' lang='grc' dir='ltr'><strong>γὰρ</strong></span> <span class='ocrx_word' id='word_1_329' title='bbox 1411 3889 1429 3919; x_wconf 82' lang='grc'><strong>‹</strong></span> <span class='ocrx_word' id='word_1_330' title='bbox 1450 3869 1531 3922; x_wconf 82' lang='grc' dir='ltr'>ὅτι</span> <span class='ocrx_word' id='word_1_331' title='bbox 1568 3867 1731 3920; x_wconf 84' lang='grc' dir='ltr'>σώσει</span> 
     </span>
    </p>
   </div>
   <div class='ocr_carea' id='block_1_44' title="bbox 144 3956 1731 4031">
    <p class='ocr_par' dir='ltr' id='par_1_44' title="bbox 144 3956 1731 4031">
     <span class='ocr_line' id='line_1_44' title="bbox 144 3956 1731 4031; baseline 0.003 -22"><span class='ocrx_word' id='word_1_332' title='bbox 144 3959 238 4009; x_wconf 72' lang='grc' dir='ltr'>τὸν</span> <span class='ocrx_word' id='word_1_333' title='bbox 262 3956 392 4011; x_wconf 84' lang='grc' dir='ltr'>λαὸν</span> <span class='ocrx_word' id='word_1_334' title='bbox 446 3958 635 4013; x_wconf 78' lang='grc' dir='ltr'>αὑτοῦ.</span> <span class='ocrx_word' id='word_1_335' title='bbox 668 3978 686 4010; x_wconf 75' lang='lat' dir='ltr'><strong>t</strong></span> <span class='ocrx_word' id='word_1_336' title='bbox 710 3989 784 4002; x_wconf 90' lang='lat'>—</span> <span class='ocrx_word' id='word_1_337' title='bbox 815 3979 832 4011; x_wconf 76' lang='grc' dir='ltr'><strong>ε</strong></span> <span class='ocrx_word' id='word_1_338' title='bbox 863 3960 955 4030; x_wconf 85' lang='grc' dir='ltr'><strong>Μὴ</strong></span> <span class='ocrx_word' id='word_1_339' title='bbox 980 3958 1227 4030; x_wconf 80' lang='grc' dir='ltr'>φοϐηθῇς</span> <span class='ocrx_word' id='word_1_340' title='bbox 1250 3960 1587 4031; x_wconf 85' lang='grc' dir='ltr'>παραλαϐεῖν</span> <span class='ocrx_word' id='word_1_341' title='bbox 1613 3961 1731 4013; x_wconf 85' lang='grc' dir='ltr'><strong>Μα-</strong></span> 
     </span>
    </p>
   </div>
   <div class='ocr_carea' id='block_1_45' title="bbox 147 4050 1730 4122">
    <p class='ocr_par' dir='ltr' id='par_1_45' title="bbox 147 4050 1730 4122">
     <span class='ocr_line' id='line_1_45' title="bbox 147 4050 1730 4122; baseline 0.002 -20"><span class='ocrx_word' id='word_1_342' title='bbox 147 4050 289 4120; x_wconf 80' lang='grc' dir='ltr'>ριὰμ</span> <span class='ocrx_word' id='word_1_343' title='bbox 313 4050 413 4119; x_wconf 79' lang='grc' dir='ltr'><strong>τὴν</strong></span> <span class='ocrx_word' id='word_1_344' title='bbox 443 4054 679 4119; x_wconf 88' lang='grc' dir='ltr'>γυναῖκα</span> <span class='ocrx_word' id='word_1_345' title='bbox 706 4055 867 4106; x_wconf 82' lang='grc' dir='ltr'>σου.’›</span> <span class='ocrx_word' id='word_1_346' title='bbox 908 4052 1095 4105; x_wconf 77' lang='grc' dir='ltr'>Ταῦτα</span> <span class='ocrx_word' id='word_1_347' title='bbox 1127 4052 1235 4122; x_wconf 85' lang='grc' dir='ltr'>γὰρ</span> <span class='ocrx_word' id='word_1_348' title='bbox 1262 4053 1323 4105; x_wconf 88' lang='grc' dir='ltr'><strong>οὑ</strong></span> <span class='ocrx_word' id='word_1_349' title='bbox 1358 4052 1536 4106; x_wconf 87' lang='grc' dir='ltr'>πάντα</span> <span class='ocrx_word' id='word_1_350' title='bbox 1567 4052 1730 4121; x_wconf 88' lang='grc' dir='ltr'>μόνον</span> 
     </span>
    </p>
   </div>
   <div class='ocr_carea' id='block_1_46' title="bbox 142 4144 1729 4214">
    <p class='ocr_par' dir='ltr' id='par_1_46' title="bbox 142 4144 1729 4214">
     <span class='ocr_line' id='line_1_46' title="bbox 142 4144 1729 4214; baseline -0.001 -17"><span class='ocrx_word' id='word_1_351' title='bbox 142 4145 469 4213; x_wconf 81' lang='grc' dir='ltr'>ἀφαιρεῖται</span> <span class='ocrx_word' id='word_1_352' title='bbox 509 4145 693 4213; x_wconf 84' lang='grc' dir='ltr'>φόϐον,</span> <span class='ocrx_word' id='word_1_353' title='bbox 752 4144 890 4198; x_wconf 81' lang='grc' dir='ltr'>ἀλλὰ</span> <span class='ocrx_word' id='word_1_354' title='bbox 917 4145 1013 4197; x_wconf 74' lang='grc' dir='ltr'>καὶ</span> <span class='ocrx_word' id='word_1_355' title='bbox 1044 4145 1291 4214; x_wconf 76' lang='grc' dir='ltr'>μεγάλης</span> <span class='ocrx_word' id='word_1_356' title='bbox 1338 4144 1610 4214; x_wconf 84' lang='grc' dir='ltr'>θυμηδίας</span> <span class='ocrx_word' id='word_1_357' title='bbox 1635 4144 1729 4197; x_wconf 74' lang='grc' dir='ltr'>καὶ</span> 
     </span>
    </p>
   </div>
   <div class='ocr_carea' id='block_1_47' title="bbox 143 4234 1727 4306">
    <p class='ocr_par' dir='ltr' id='par_1_47' title="bbox 143 4234 1727 4306">
     <span class='ocr_line' id='line_1_47' title="bbox 143 4234 1727 4306; baseline 0.001 -21"><span class='ocrx_word' id='word_1_358' title='bbox 143 4234 381 4287; x_wconf 80' lang='grc' dir='ltr'>ἐλπίδων</span> <span class='ocrx_word' id='word_1_359' title='bbox 403 4234 743 4289; x_wconf 82' lang='grc' dir='ltr'>ἀνελπίστων</span> <span class='ocrx_word' id='word_1_360' title='bbox 763 4234 1047 4306; x_wconf 75' lang='grc' dir='ltr'>χαρίζεται</span> <span class='ocrx_word' id='word_1_361' title='bbox 1066 4235 1315 4287; x_wconf 75' lang='grc' dir='ltr'>πλοῦτονο</span> <span class='ocrx_word' id='word_1_362' title='bbox 1338 4236 1458 4305; x_wconf 80' lang='grc' dir='ltr'><strong>(Μὴ</strong></span> <span class='ocrx_word' id='word_1_363' title='bbox 1483 4234 1727 4306; x_wconf 80' lang='grc' dir='ltr'>φοϐηθῇς</span> 
     </span>
    </p>
   </div>
   <div class='ocr_carea' id='block_1_48' title="bbox 142 4325 1725 4396">
    <p class='ocr_par' dir='ltr' id='par_1_48' title="bbox 142 4325 1725 4396">
     <span class='ocr_line' id='line_1_48' title="bbox 142 4325 1725 4396; baseline 0 -18"><span class='ocrx_word' id='word_1_364' title='bbox 142 4325 487 4394; x_wconf 87' lang='grc' dir='ltr'>παραλαϐεῖν</span> <span class='ocrx_word' id='word_1_365' title='bbox 519 4325 753 4395; x_wconf 84' lang='grc' dir='ltr'>Μαριὰμ</span> <span class='ocrx_word' id='word_1_366' title='bbox 782 4326 880 4396; x_wconf 82' lang='grc' dir='ltr'>τὴν</span> <span class='ocrx_word' id='word_1_367' title='bbox 913 4326 1148 4394; x_wconf 84' lang='grc' dir='ltr'>γυναῖκά</span> <span class='ocrx_word' id='word_1_368' title='bbox 1176 4342 1290 4378; x_wconf 92' lang='grc' dir='ltr'>σου.</span> <span class='ocrx_word' id='word_1_369' title='bbox 1308 4344 1325 4375; x_wconf 68' lang='grc' dir='ltr'><strong>ι</strong></span> <span class='ocrx_word' id='word_1_370' title='bbox 1361 4326 1600 4379; x_wconf 84' lang='grc' dir='ltr'>Γυναῖκα</span> <span class='ocrx_word' id='word_1_371' title='bbox 1628 4325 1725 4396; x_wconf 82' lang='grc' dir='ltr'>σὴν</span> 
     </span>
    </p>
   </div>
   <div class='ocr_carea' id='block_1_49' title="bbox 1869 488 3429 560">
    <p class='ocr_par' dir='ltr' id='par_1_49' title="bbox 1869 488 3429 560">
     <span class='ocr_line' id='line_1_49' title="bbox 1869 488 3429 560; baseline 0.008 -22"><span class='ocrx_word' id='word_1_372' title='bbox 1869 500 2067 556; x_wconf 78' lang='lat' dir='ltr'><strong>genere</strong></span> <span class='ocrx_word' id='word_1_373' title='bbox 2093 495 2271 541; x_wconf 91' lang='lat' dir='ltr'><strong>ortum</strong></span> <span class='ocrx_word' id='word_1_374' title='bbox 2304 488 2393 557; x_wconf 76' lang='lat' dir='ltr'><strong>(ex</strong></span> <span class='ocrx_word' id='word_1_375' title='bbox 2422 488 2566 542; x_wconf 81' lang='lat' dir='ltr'><strong>tribu</strong></span> <span class='ocrx_word' id='word_1_376' title='bbox 2600 503 2793 559; x_wconf 84' lang='lat' dir='ltr'><strong>nempe</strong></span> <span class='ocrx_word' id='word_1_377' title='bbox 2822 490 2969 560; x_wconf 85' lang='lat' dir='ltr'><strong>regia</strong></span> <span class='ocrx_word' id='word_1_378' title='bbox 3000 501 3055 546; x_wconf 92' lang='lat' dir='ltr'><strong>et</strong></span> <span class='ocrx_word' id='word_1_379' title='bbox 3104 496 3429 550; x_wconf 74' lang='lat' dir='ltr'><strong>sacerdotali</strong></span> 
     </span>
    </p>
   </div>
   <div class='ocr_carea' id='block_1_50' title="bbox 1856 579 3430 656">
    <p class='ocr_par' dir='ltr' id='par_1_50' title="bbox 1856 579 3430 656">
     <span class='ocr_line' id='line_1_50' title="bbox 1856 579 3430 656; baseline 0.006 -24"><span class='ocrx_word' id='word_1_380' title='bbox 1856 587 1984 632; x_wconf 87' lang='lat' dir='ltr'><strong>nata</strong></span> <span class='ocrx_word' id='word_1_381' title='bbox 2005 579 2170 647; x_wconf 82' lang='lat' dir='ltr'><strong>erat),</strong></span> <span class='ocrx_word' id='word_1_382' title='bbox 2199 581 2319 648; x_wconf 87' lang='lat' dir='ltr'><strong>ejus</strong></span> <span class='ocrx_word' id='word_1_383' title='bbox 2343 579 2396 632; x_wconf 92' lang='lat' dir='ltr'><strong>in</strong></span> <span class='ocrx_word' id='word_1_384' title='bbox 2423 580 2672 649; x_wconf 88' lang='lat' dir='ltr'><strong>temploa</strong></span> <span class='ocrx_word' id='word_1_385' title='bbox 2693 584 2896 637; x_wconf 84' lang='lat' dir='ltr'><strong>teneris</strong></span> <span class='ocrx_word' id='word_1_386' title='bbox 2927 588 3430 656; x_wconf 86' lang='lat' dir='ltr'><strong>consecrationem;</strong></span> 
     </span>
    </p>
   </div>
   <div class='ocr_carea' id='block_1_51' title="bbox 1856 670 3429 747">
    <p class='ocr_par' dir='ltr' id='par_1_51' title="bbox 1856 670 3429 747">
     <span class='ocr_line' id='line_1_51' title="bbox 1856 670 3429 747; baseline 0.006 -22"><span class='ocrx_word' id='word_1_387' title='bbox 1856 670 1976 726; x_wconf 83' lang='lat' dir='ltr'><strong>haec</strong></span> <span class='ocrx_word' id='word_1_388' title='bbox 2022 682 2078 727; x_wconf 89' lang='lat' dir='ltr'><strong>et</strong></span> <span class='ocrx_word' id='word_1_389' title='bbox 2126 672 2208 727; x_wconf 85' lang='lat' dir='ltr'><strong>his</strong></span> <span class='ocrx_word' id='word_1_390' title='bbox 2244 673 2399 741; x_wconf 91' lang='lat' dir='ltr'><strong>plura</strong></span> <span class='ocrx_word' id='word_1_391' title='bbox 2452 673 2630 728; x_wconf 87' lang='lat' dir='ltr'><strong>adhuc</strong></span> <span class='ocrx_word' id='word_1_392' title='bbox 2675 675 2836 746; x_wconf 83' lang='lat' dir='ltr'><strong>longe</strong></span> <span class='ocrx_word' id='word_1_393' title='bbox 2885 691 2917 730; x_wconf 88' lang='lat' dir='ltr'><strong>a</strong></span> <span class='ocrx_word' id='word_1_394' title='bbox 2966 678 3279 747; x_wconf 84' lang='lat' dir='ltr'><strong>suspicione</strong></span> <span class='ocrx_word' id='word_1_395' title='bbox 3319 696 3429 735; x_wconf 91' lang='lat' dir='ltr'><strong>non</strong></span> 
     </span>
    </p>
   </div>
   <div class='ocr_carea' id='block_1_52' title="bbox 1856 762 3431 835">
    <p class='ocr_par' dir='ltr' id='par_1_52' title="bbox 1856 762 3431 835">
     <span class='ocr_line' id='line_1_52' title="bbox 1856 762 3431 835; baseline 0.006 -20"><span class='ocrx_word' id='word_1_396' title='bbox 1856 769 2071 816; x_wconf 88' lang='lat' dir='ltr'><strong>tantum</strong></span> <span class='ocrx_word' id='word_1_397' title='bbox 2102 762 2171 816; x_wconf 90' lang='lat' dir='ltr'><strong>ad</strong></span> <span class='ocrx_word' id='word_1_398' title='bbox 2206 763 2609 817; x_wconf 75' lang='lat' dir='ltr'><strong>accusationem</strong></span> <span class='ocrx_word' id='word_1_399' title='bbox 2641 764 2917 835; x_wconf 88' lang='lat' dir='ltr'><strong>tendente,</strong></span> <span class='ocrx_word' id='word_1_400' title='bbox 2944 768 3040 822; x_wconf 90' lang='lat' dir='ltr'><strong>sed</strong></span> <span class='ocrx_word' id='word_1_401' title='bbox 3084 770 3247 823; x_wconf 88' lang='lat' dir='ltr'><strong>etiam</strong></span> <span class='ocrx_word' id='word_1_402' title='bbox 3276 771 3431 824; x_wconf 84' lang='lat' dir='ltr'><strong>inde-</strong></span> 
     </span>
    </p>
   </div>
   <div class='ocr_carea' id='block_1_53' title="bbox 1853 848 3432 931">
    <p class='ocr_par' dir='ltr' id='par_1_53' title="bbox 1853 848 3432 931">
     <span class='ocr_line' id='line_1_53' title="bbox 1853 848 3432 931; baseline 0.006 -24"><span class='ocrx_word' id='word_1_403' title='bbox 1853 853 2089 907; x_wconf 88' lang='lat' dir='ltr'><strong>centiam</strong></span> <span class='ocrx_word' id='word_1_404' title='bbox 2117 852 2474 921; x_wconf 75' lang='lat' dir='ltr'><strong>formidante,</strong></span> <span class='ocrx_word' id='word_1_405' title='bbox 2508 871 2691 910; x_wconf 88' lang='lat' dir='ltr'><strong>senem</strong></span> <span class='ocrx_word' id='word_1_406' title='bbox 2728 859 3100 913; x_wconf 77' lang='lat' dir='ltr'><strong>removebant.</strong></span> <span class='ocrx_word' id='word_1_407' title='bbox 3128 848 3234 914; x_wconf 87' lang='lat' dir='ltr'><strong>Sed</strong></span> <span class='ocrx_word' id='word_1_408' title='bbox 3255 877 3432 931; x_wconf 88' lang='lat' dir='ltr'><strong>neque</strong></span> 
     </span>
    </p>
   </div>
   <div class='ocr_carea' id='block_1_54' title="bbox 1854 944 3432 1020">
    <p class='ocr_par' dir='ltr' id='par_1_54' title="bbox 1854 944 3432 1020">
     <span class='ocr_line' id='line_1_54' title="bbox 1854 944 3432 1020; baseline 0.006 -24"><span class='ocrx_word' id='word_1_409' title='bbox 1854 959 2051 999; x_wconf 87' lang='lat' dir='ltr'><strong>rursus</strong></span> <span class='ocrx_word' id='word_1_410' title='bbox 2076 944 2284 999; x_wconf 84' lang='lat' dir='ltr'><strong>sciebat</strong></span> <span class='ocrx_word' id='word_1_411' title='bbox 2310 945 2449 999; x_wconf 82' lang='lat' dir='ltr'><strong>hanc</strong></span> <span class='ocrx_word' id='word_1_412' title='bbox 2473 946 2884 1016; x_wconf 87' lang='lat' dir='ltr'><strong>conceptionem</strong></span> <span class='ocrx_word' id='word_1_413' title='bbox 2902 946 3087 1003; x_wconf 88' lang='lat' dir='ltr'><strong>divina</strong></span> <span class='ocrx_word' id='word_1_414' title='bbox 3114 952 3432 1020; x_wconf 87' lang='lat' dir='ltr'><strong>operatione</strong></span> 
     </span>
    </p>
   </div>
   <div class='ocr_carea' id='block_1_55' title="bbox 1853 1032 3429 1103">
    <p class='ocr_par' dir='ltr' id='par_1_55' title="bbox 1853 1032 3429 1103">
     <span class='ocr_line' id='line_1_55' title="bbox 1853 1032 3429 1103; baseline 0.008 -17"><span class='ocrx_word' id='word_1_415' title='bbox 1853 1032 2126 1098; x_wconf 83' lang='lat' dir='ltr'><strong>eli‘ectam,</strong></span> <span class='ocrx_word' id='word_1_416' title='bbox 2148 1050 2313 1103; x_wconf 86' lang='lat' dir='ltr'><strong>supra</strong></span> <span class='ocrx_word' id='word_1_417' title='bbox 2341 1037 2608 1090; x_wconf 90' lang='lat' dir='ltr'><strong>rationem</strong></span> <span class='ocrx_word' id='word_1_418' title='bbox 2633 1037 2779 1092; x_wconf 89' lang='lat' dir='ltr'><strong>enim</strong></span> <span class='ocrx_word' id='word_1_419' title='bbox 2801 1048 2855 1093; x_wconf 90' lang='lat' dir='ltr'><strong>et</strong></span> <span class='ocrx_word' id='word_1_420' title='bbox 2883 1054 3105 1095; x_wconf 86' lang='lat' dir='ltr'><strong>sensum</strong></span> <span class='ocrx_word' id='word_1_421' title='bbox 3127 1042 3429 1098; x_wconf 87' lang='lat' dir='ltr'><strong>humanum</strong></span> 
     </span>
    </p>
   </div>
   <div class='ocr_carea' id='block_1_56' title="bbox 1853 1124 3431 1203">
    <p class='ocr_par' dir='ltr' id='par_1_56' title="bbox 1853 1124 3431 1203">
     <span class='ocr_line' id='line_1_56' title="bbox 1853 1124 3431 1203; baseline 0.007 -24"><span class='ocrx_word' id='word_1_422' title='bbox 1853 1133 1939 1179; x_wconf 89' lang='lat' dir='ltr'><strong>est</strong></span> <span class='ocrx_word' id='word_1_423' title='bbox 1974 1124 2070 1179; x_wconf 88' lang='lat' dir='ltr'><strong>Dei</strong></span> <span class='ocrx_word' id='word_1_424' title='bbox 2121 1126 2171 1177; x_wconf 89' lang='lat' dir='ltr'><strong>in</strong></span> <span class='ocrx_word' id='word_1_425' title='bbox 2220 1140 2321 1180; x_wconf 88' lang='lat' dir='ltr'><strong>nos</strong></span> <span class='ocrx_word' id='word_1_426' title='bbox 2363 1128 2754 1183; x_wconf 69' lang='lat' dir='ltr'><strong>misericordiae</strong></span> <span class='ocrx_word' id='word_1_427' title='bbox 2798 1145 2958 1201; x_wconf 90' lang='lat' dir='ltr'><strong>opus.</strong></span> <span class='ocrx_word' id='word_1_428' title='bbox 3014 1131 3201 1203; x_wconf 80' lang='lat' dir='ltr'><strong>Itaque</strong></span> <span class='ocrx_word' id='word_1_429' title='bbox 3249 1144 3431 1190; x_wconf 84' lang='lat' dir='ltr'><strong>mente</strong></span> 
     </span>
    </p>
   </div>
   <div class='ocr_carea' id='block_1_57' title="bbox 1852 1219 3430 1294">
    <p class='ocr_par' dir='ltr' id='par_1_57' title="bbox 1852 1219 3430 1294">
     <span class='ocr_line' id='line_1_57' title="bbox 1852 1219 3430 1294; baseline 0.008 -23"><span class='ocrx_word' id='word_1_430' title='bbox 1852 1220 2176 1271; x_wconf 88' lang='lat' dir='ltr'><strong>conturbata</strong></span> <span class='ocrx_word' id='word_1_431' title='bbox 2218 1232 2327 1271; x_wconf 86' lang='lat' dir='ltr'><strong>non</strong></span> <span class='ocrx_word' id='word_1_432' title='bbox 2357 1219 2569 1274; x_wconf 88' lang='lat' dir='ltr'><strong>valebat</strong></span> <span class='ocrx_word' id='word_1_433' title='bbox 2599 1220 2900 1292; x_wconf 76' lang='lat' dir='ltr'><strong>intelligere</strong></span> <span class='ocrx_word' id='word_1_434' title='bbox 2940 1226 3069 1294; x_wconf 81' lang='lat' dir='ltr'><strong>quid</strong></span> <span class='ocrx_word' id='word_1_435' title='bbox 3110 1225 3336 1291; x_wconf 82' lang='lat' dir='ltr'><strong>faceret,</strong></span> <span class='ocrx_word' id='word_1_436' title='bbox 3370 1237 3430 1283; x_wconf 91' lang='lat' dir='ltr'><strong>ut</strong></span> 
     </span>
    </p>
   </div>
   <div class='ocr_carea' id='block_1_58' title="bbox 1849 1309 3428 1391">
    <p class='ocr_par' dir='ltr' id='par_1_58' title="bbox 1849 1309 3428 1391">
     <span class='ocr_line' id='line_1_58' title="bbox 1849 1309 3428 1391; baseline 0.009 -28"><span class='ocrx_word' id='word_1_437' title='bbox 1849 1309 1984 1378; x_wconf 88' lang='lat' dir='ltr'><strong>justi</strong></span> <span class='ocrx_word' id='word_1_438' title='bbox 2028 1310 2450 1379; x_wconf 82' lang='lat' dir='ltr'><strong>appellationem</strong></span> <span class='ocrx_word' id='word_1_439' title='bbox 2502 1327 2610 1367; x_wconf 91' lang='lat' dir='ltr'><strong>non</strong></span> <span class='ocrx_word' id='word_1_440' title='bbox 2665 1313 2912 1383; x_wconf 70' lang='lat' dir='ltr'><strong>fmdaret,</strong></span> <span class='ocrx_word' id='word_1_441' title='bbox 2956 1328 3009 1372; x_wconf 89' lang='lat' dir='ltr'><strong>et</strong></span> <span class='ocrx_word' id='word_1_442' title='bbox 3053 1317 3167 1373; x_wconf 90' lang='lat' dir='ltr'><strong>Deo</strong></span> <span class='ocrx_word' id='word_1_443' title='bbox 3214 1321 3428 1391; x_wconf 82' lang='lat' dir='ltr'><strong>placere</strong></span> 
     </span>
    </p>
   </div>
   <div class='ocr_carea' id='block_1_59' title="bbox 1848 1409 2246 1471">
    <p class='ocr_par' dir='ltr' id='par_1_59' title="bbox 1848 1409 2246 1471">
     <span class='ocr_line' id='line_1_59' title="bbox 1848 1409 2246 1471; baseline -0.005 -15"><span class='ocrx_word' id='word_1_444' title='bbox 1848 1409 2246 1471; x_wconf 81' lang='lat' dir='ltr'><strong>perseveraret.</strong></span> 
     </span>
    </p>
   </div>
   <div class='ocr_carea' id='block_1_60' title="bbox 1920 1491 3423 1565">
    <p class='ocr_par' dir='ltr' id='par_1_60' title="bbox 1920 1491 3423 1565">
     <span class='ocr_line' id='line_1_60' title="bbox 1920 1491 3423 1565; baseline 0.005 -19"><span class='ocrx_word' id='word_1_445' title='bbox 1920 1491 2057 1546; x_wconf 89' lang='lat' dir='ltr'><strong>Cum</strong></span> <span class='ocrx_word' id='word_1_446' title='bbox 2088 1492 2256 1563; x_wconf 89' lang='lat' dir='ltr'><strong>igitur</strong></span> <span class='ocrx_word' id='word_1_447' title='bbox 2297 1492 2497 1547; x_wconf 87' lang='lat' dir='ltr'><strong>talibus</strong></span> <span class='ocrx_word' id='word_1_448' title='bbox 2536 1496 2985 1565; x_wconf 88' lang='lat' dir='ltr'><strong>perturbaretur,</strong></span> <span class='ocrx_word' id='word_1_449' title='bbox 3023 1512 3122 1553; x_wconf 91' lang='lat' dir='ltr'><strong>nec</strong></span> <span class='ocrx_word' id='word_1_450' title='bbox 3143 1499 3210 1553; x_wconf 90' lang='lat' dir='ltr'><strong>ad</strong></span> <span class='ocrx_word' id='word_1_451' title='bbox 3258 1500 3423 1554; x_wconf 89' lang='lat' dir='ltr'><strong>ullam</strong></span> 
     </span>
    </p>
   </div>
   <div class='ocr_carea' id='block_1_61' title="bbox 1849 1584 3426 1654">
    <p class='ocr_par' dir='ltr' id='par_1_61' title="bbox 1849 1584 3426 1654">
     <span class='ocr_line' id='line_1_61' title="bbox 1849 1584 3426 1654; baseline 0.004 -16"><span class='ocrx_word' id='word_1_452' title='bbox 1849 1591 2060 1653; x_wconf 89' lang='lat' dir='ltr'><strong>partem</strong></span> <span class='ocrx_word' id='word_1_453' title='bbox 2089 1584 2318 1638; x_wconf 89' lang='lat' dir='ltr'><strong>humani</strong></span> <span class='ocrx_word' id='word_1_454' title='bbox 2344 1584 2536 1654; x_wconf 87' lang='lat' dir='ltr'><strong>judicii</strong></span> <span class='ocrx_word' id='word_1_455' title='bbox 2571 1597 2753 1642; x_wconf 84' lang='lat' dir='ltr'><strong>motus</strong></span> <span class='ocrx_word' id='word_1_456' title='bbox 2782 1588 2932 1641; x_wconf 88' lang='lat' dir='ltr'><strong>illum</strong></span> <span class='ocrx_word' id='word_1_457' title='bbox 2958 1588 3267 1653; x_wconf 82' lang='lat' dir='ltr'><strong>inclinaret,</strong></span> <span class='ocrx_word' id='word_1_458' title='bbox 3296 1600 3426 1645; x_wconf 89' lang='lat' dir='ltr'><strong>tunc</strong></span> 
     </span>
    </p>
   </div>
   <div class='ocr_carea' id='block_1_62' title="bbox 1849 1678 3425 1751">
    <p class='ocr_par' dir='ltr' id='par_1_62' title="bbox 1849 1678 3425 1751">
     <span class='ocr_line' id='line_1_62' title="bbox 1849 1678 3425 1751; baseline 0.003 -21"><span class='ocrx_word' id='word_1_459' title='bbox 1849 1685 1976 1746; x_wconf 87' lang='lat' dir='ltr'><strong>apte</strong></span> <span class='ocrx_word' id='word_1_460' title='bbox 2002 1687 2057 1730; x_wconf 89' lang='lat' dir='ltr'><strong>et</strong></span> <span class='ocrx_word' id='word_1_461' title='bbox 2088 1685 2398 1747; x_wconf 88' lang='lat' dir='ltr'><strong>opportune</strong></span> <span class='ocrx_word' id='word_1_462' title='bbox 2424 1678 2573 1732; x_wconf 87' lang='lat' dir='ltr'><strong>venit</strong></span> <span class='ocrx_word' id='word_1_463' title='bbox 2599 1680 2822 1750; x_wconf 80' lang='lat' dir='ltr'><strong>angelus</strong></span> <span class='ocrx_word' id='word_1_464' title='bbox 2862 1683 2954 1749; x_wconf 85' lang='lat' dir='ltr'><strong>qui</strong></span> <span class='ocrx_word' id='word_1_465' title='bbox 2994 1681 3251 1750; x_wconf 73' lang='lat' dir='ltr'><strong>agitatam</strong></span> <span class='ocrx_word' id='word_1_466' title='bbox 3303 1683 3425 1751; x_wconf 82' lang='lat' dir='ltr'><strong>ejus</strong></span> 
     </span>
    </p>
   </div>
   <div class='ocr_carea' id='block_1_63' title="bbox 1846 1767 3426 1840">
    <p class='ocr_par' dir='ltr' id='par_1_63' title="bbox 1846 1767 3426 1840">
     <span class='ocr_line' id='line_1_63' title="bbox 1846 1767 3426 1840; baseline 0.003 -19"><span class='ocrx_word' id='word_1_467' title='bbox 1846 1774 2084 1822; x_wconf 87' lang='lat' dir='ltr'><strong>mentem</strong></span> <span class='ocrx_word' id='word_1_468' title='bbox 2112 1767 2357 1822; x_wconf 88' lang='lat' dir='ltr'><strong>lirmaret</strong></span> <span class='ocrx_word' id='word_1_469' title='bbox 2379 1776 2434 1823; x_wconf 90' lang='lat' dir='ltr'><strong>et</strong></span> <span class='ocrx_word' id='word_1_470' title='bbox 2466 1768 2685 1824; x_wconf 86' lang='lat' dir='ltr'><strong>doceret</strong></span> <span class='ocrx_word' id='word_1_471' title='bbox 2713 1771 2803 1825; x_wconf 91' lang='lat' dir='ltr'><strong>ubi</strong></span> <span class='ocrx_word' id='word_1_472' title='bbox 2821 1771 3030 1840; x_wconf 88' lang='lat' dir='ltr'><strong>absque</strong></span> <span class='ocrx_word' id='word_1_473' title='bbox 3060 1772 3426 1831; x_wconf 86' lang='lat' dir='ltr'><strong>sollicitudine</strong></span> 
     </span>
    </p>
   </div>
   <div class='ocr_carea' id='block_1_64' title="bbox 1846 1857 3424 1931">
    <p class='ocr_par' dir='ltr' id='par_1_64' title="bbox 1846 1857 3424 1931">
     <span class='ocr_line' id='line_1_64' title="bbox 1846 1857 3424 1931; baseline 0.003 -18"><span class='ocrx_word' id='word_1_474' title='bbox 1846 1858 2068 1913; x_wconf 82' lang='lat' dir='ltr'><strong>deberet</strong></span> <span class='ocrx_word' id='word_1_475' title='bbox 2093 1857 2305 1915; x_wconf 90' lang='lat' dir='ltr'><strong>sedere.</strong></span> <span class='ocrx_word' id='word_1_476' title='bbox 2338 1858 2407 1913; x_wconf 92' lang='lat' dir='ltr'><strong>Et</strong></span> <span class='ocrx_word' id='word_1_477' title='bbox 2432 1860 2510 1915; x_wconf 89' lang='lat' dir='ltr'><strong>ait</strong></span> <span class='ocrx_word' id='word_1_478' title='bbox 2534 1877 2553 1914; x_wconf 72' lang='grc' dir='ltr'><strong>ε</strong></span> <span class='ocrx_word' id='word_1_479' title='bbox 2593 1879 2612 1912; x_wconf 73' lang='grc' dir='ltr'>ι</span> <span class='ocrx_word' id='word_1_480' title='bbox 2645 1861 2867 1931; x_wconf 83' lang='lat' dir='ltr'><strong>Joseph,</strong></span> <span class='ocrx_word' id='word_1_481' title='bbox 2890 1862 2965 1916; x_wconf 84' lang='lat' dir='ltr'><strong>tili</strong></span> <span class='ocrx_word' id='word_1_482' title='bbox 3001 1864 3190 1925; x_wconf 83' lang='lat' dir='ltr'><strong>David,</strong></span> <span class='ocrx_word' id='word_1_483' title='bbox 3214 1864 3325 1918; x_wconf 85' lang='lat' dir='ltr'><strong>noli</strong></span> <span class='ocrx_word' id='word_1_484' title='bbox 3354 1864 3424 1917; x_wconf 81' lang='lat' dir='ltr'><strong>ti-</strong></span> 
     </span>
    </p>
   </div>
   <div class='ocr_carea' id='block_1_65' title="bbox 1846 1950 3420 2024">
    <p class='ocr_par' dir='ltr' id='par_1_65' title="bbox 1846 1950 3420 2024">
     <span class='ocr_line' id='line_1_65' title="bbox 1846 1950 3420 2024; baseline 0.001 -18"><span class='ocrx_word' id='word_1_485' title='bbox 1846 1967 1999 2007; x_wconf 87' lang='lat' dir='ltr'><strong>mere</strong></span> <span class='ocrx_word' id='word_1_486' title='bbox 2028 1952 2279 2021; x_wconf 89' lang='lat' dir='ltr'><strong>accipere</strong></span> <span class='ocrx_word' id='word_1_487' title='bbox 2321 1950 2546 2006; x_wconf 83' lang='lat' dir='ltr'><strong>Mariam</strong></span> <span class='ocrx_word' id='word_1_488' title='bbox 2581 1955 2865 2024; x_wconf 87' lang='lat' dir='ltr'><strong>conjugem</strong></span> <span class='ocrx_word' id='word_1_489' title='bbox 2900 1954 3251 2024; x_wconf 83' lang='lat' dir='ltr'><strong>tuam;un</strong></span> <span class='ocrx_word' id='word_1_490' title='bbox 3274 1955 3420 2008; x_wconf 87' lang='lat' dir='ltr'><strong>enim</strong></span> 
     </span>
    </p>
   </div>
   <div class='ocr_carea' id='block_1_66' title="bbox 1845 2040 3418 2114">
    <p class='ocr_par' dir='ltr' id='par_1_66' title="bbox 1845 2040 3418 2114">
     <span class='ocr_line' id='line_1_66' title="bbox 1845 2040 3418 2114; baseline 0.002 -18"><span class='ocrx_word' id='word_1_491' title='bbox 1845 2040 1993 2109; x_wconf 88' lang='lat' dir='ltr'><strong>inea</strong></span> <span class='ocrx_word' id='word_1_492' title='bbox 2025 2050 2214 2097; x_wconf 89' lang='lat' dir='ltr'><strong>natum</strong></span> <span class='ocrx_word' id='word_1_493' title='bbox 2238 2050 2341 2110; x_wconf 86' lang='lat' dir='ltr'><strong>est,</strong></span> <span class='ocrx_word' id='word_1_494' title='bbox 2374 2057 2405 2097; x_wconf 89' lang='lat' dir='ltr'><strong>e</strong></span> <span class='ocrx_word' id='word_1_495' title='bbox 2461 2042 2668 2112; x_wconf 87' lang='lat' dir='ltr'><strong>Spiritu</strong></span> <span class='ocrx_word' id='word_1_496' title='bbox 2698 2054 2891 2100; x_wconf 90' lang='lat' dir='ltr'><strong>sancto</strong></span> <span class='ocrx_word' id='word_1_497' title='bbox 2904 2054 3017 2112; x_wconf 86' lang='lat' dir='ltr'><strong>est;</strong></span> <span class='ocrx_word' id='word_1_498' title='bbox 3043 2046 3217 2114; x_wconf 92' lang='lat' dir='ltr'><strong>pariet</strong></span> <span class='ocrx_word' id='word_1_499' title='bbox 3238 2054 3418 2100; x_wconf 86' lang='lat' dir='ltr'><strong>autem</strong></span> 
     </span>
    </p>
   </div>
   <div class='ocr_carea' id='block_1_67' title="bbox 1843 2132 3419 2205">
    <p class='ocr_par' dir='ltr' id='par_1_67' title="bbox 1843 2132 3419 2205">
     <span class='ocr_line' id='line_1_67' title="bbox 1843 2132 3419 2205; baseline 0.003 -19"><span class='ocrx_word' id='word_1_500' title='bbox 1843 2132 2016 2187; x_wconf 83' lang='lat' dir='ltr'><strong>ﬁlium</strong></span> <span class='ocrx_word' id='word_1_501' title='bbox 2038 2142 2093 2188; x_wconf 93' lang='lat' dir='ltr'><strong>et</strong></span> <span class='ocrx_word' id='word_1_502' title='bbox 2125 2133 2349 2189; x_wconf 90' lang='lat' dir='ltr'><strong>vocabis</strong></span> <span class='ocrx_word' id='word_1_503' title='bbox 2377 2148 2578 2189; x_wconf 86' lang='lat' dir='ltr'><strong>nomen</strong></span> <span class='ocrx_word' id='word_1_504' title='bbox 2606 2134 2726 2204; x_wconf 86' lang='lat' dir='ltr'><strong>ejus</strong></span> <span class='ocrx_word' id='word_1_505' title='bbox 2750 2134 2935 2189; x_wconf 83' lang='lat' dir='ltr'><strong>.Iesum</strong></span> <span class='ocrx_word' id='word_1_506' title='bbox 2958 2154 2973 2201; x_wconf 90' lang='lat'><strong>;</strong></span> <span class='ocrx_word' id='word_1_507' title='bbox 2999 2155 3018 2186; x_wconf 77' lang='grc' dir='ltr'><strong>ι</strong></span> <span class='ocrx_word' id='word_1_508' title='bbox 3055 2150 3154 2190; x_wconf 91' lang='lat' dir='ltr'><strong>nec</strong></span> <span class='ocrx_word' id='word_1_509' title='bbox 3172 2136 3286 2205; x_wconf 89' lang='lat' dir='ltr'><strong>jam</strong></span> <span class='ocrx_word' id='word_1_510' title='bbox 3319 2136 3419 2200; x_wconf 87' lang='lat' dir='ltr'><strong>sis,</strong></span> 
     </span>
    </p>
   </div>
   <div class='ocr_carea' id='block_1_68' title="bbox 1843 2224 3422 2295">
    <p class='ocr_par' dir='ltr' id='par_1_68' title="bbox 1843 2224 3422 2295">
     <span class='ocr_line' id='line_1_68' title="bbox 1843 2224 3422 2295; baseline 0.001 -18"><span class='ocrx_word' id='word_1_511' title='bbox 1843 2224 2040 2294; x_wconf 88' lang='lat' dir='ltr'><strong>inquit,</strong></span> <span class='ocrx_word' id='word_1_512' title='bbox 2072 2224 2317 2279; x_wconf 88' lang='lat' dir='ltr'><strong>incertus</strong></span> <span class='ocrx_word' id='word_1_513' title='bbox 2348 2239 2526 2295; x_wconf 89' lang='lat' dir='ltr'><strong>neque</strong></span> <span class='ocrx_word' id='word_1_514' title='bbox 2553 2235 2862 2295; x_wconf 83' lang='lat' dir='ltr'><strong>pugnantes</strong></span> <span class='ocrx_word' id='word_1_515' title='bbox 2896 2224 3181 2280; x_wconf 67' lang='lat' dir='ltr'><strong>sententia:</strong></span> <span class='ocrx_word' id='word_1_516' title='bbox 3223 2233 3282 2279; x_wconf 91' lang='lat' dir='ltr'><strong>ut</strong></span> <span class='ocrx_word' id='word_1_517' title='bbox 3318 2226 3422 2279; x_wconf 85' lang='lat' dir='ltr'><strong>du-</strong></span> 
     </span>
    </p>
   </div>
   <div class='ocr_carea' id='block_1_69' title="bbox 1841 2314 3416 2387">
    <p class='ocr_par' dir='ltr' id='par_1_69' title="bbox 1841 2314 3416 2387">
     <span class='ocr_line' id='line_1_69' title="bbox 1841 2314 3416 2387; baseline -0.001 -16"><span class='ocrx_word' id='word_1_518' title='bbox 1841 2316 1983 2373; x_wconf 88' lang='lat' dir='ltr'><strong>bites</strong></span> <span class='ocrx_word' id='word_1_519' title='bbox 2034 2317 2403 2387; x_wconf 86' lang='lat' dir='ltr'><strong>persuadeant</strong></span> <span class='ocrx_word' id='word_1_520' title='bbox 2436 2334 2450 2369; x_wconf 91' lang='lat'><strong>:</strong></span> <span class='ocrx_word' id='word_1_521' title='bbox 2487 2316 2636 2386; x_wconf 88' lang='lat' dir='ltr'><strong>quod</strong></span> <span class='ocrx_word' id='word_1_522' title='bbox 2686 2316 2998 2371; x_wconf 87' lang='lat' dir='ltr'><strong>faciendum</strong></span> <span class='ocrx_word' id='word_1_523' title='bbox 3042 2326 3126 2371; x_wconf 88' lang='lat' dir='ltr'><strong>est</strong></span> <span class='ocrx_word' id='word_1_524' title='bbox 3154 2332 3185 2371; x_wconf 90' lang='lat' dir='ltr'><strong>a</strong></span> <span class='ocrx_word' id='word_1_525' title='bbox 3212 2314 3416 2386; x_wconf 85' lang='lat' dir='ltr'><strong>Spiritu</strong></span> 
     </span>
    </p>
   </div>
   <div class='ocr_carea' id='block_1_70' title="bbox 1841 2408 3418 2482">
    <p class='ocr_par' dir='ltr' id='par_1_70' title="bbox 1841 2408 3418 2482">
     <span class='ocr_line' id='line_1_70' title="bbox 1841 2408 3418 2482; baseline 0.002 -17"><span class='ocrx_word' id='word_1_526' title='bbox 1841 2417 2033 2465; x_wconf 85' lang='lat' dir='ltr'><strong>sancto</strong></span> <span class='ocrx_word' id='word_1_527' title='bbox 2057 2418 2142 2464; x_wconf 91' lang='lat' dir='ltr'><strong>est</strong></span> <span class='ocrx_word' id='word_1_528' title='bbox 2170 2409 2225 2462; x_wconf 92' lang='lat' dir='ltr'><strong>in</strong></span> <span class='ocrx_word' id='word_1_529' title='bbox 2257 2424 2322 2465; x_wconf 86' lang='lat' dir='ltr'><strong>ea</strong></span> <span class='ocrx_word' id='word_1_530' title='bbox 2354 2418 2566 2465; x_wconf 87' lang='lat' dir='ltr'><strong>natum.</strong></span> <span class='ocrx_word' id='word_1_531' title='bbox 2618 2408 2859 2480; x_wconf 89' lang='lat' dir='ltr'><strong>Spiritus</strong></span> <span class='ocrx_word' id='word_1_532' title='bbox 2902 2414 3075 2467; x_wconf 87' lang='lat' dir='ltr'><strong>sancti</strong></span> <span class='ocrx_word' id='word_1_533' title='bbox 3114 2427 3244 2467; x_wconf 88' lang='lat' dir='ltr'><strong>vero</strong></span> <span class='ocrx_word' id='word_1_534' title='bbox 3277 2429 3418 2482; x_wconf 67' lang='lat' dir='ltr'><strong>prte-</strong></span> 
     </span>
    </p>
   </div>
   <div class='ocr_carea' id='block_1_71' title="bbox 1841 2499 3416 2571">
    <p class='ocr_par' dir='ltr' id='par_1_71' title="bbox 1841 2499 3416 2571">
     <span class='ocr_line' id='line_1_71' title="bbox 1841 2499 3416 2571; baseline 0.001 -16"><span class='ocrx_word' id='word_1_535' title='bbox 1841 2499 2014 2555; x_wconf 87' lang='lat' dir='ltr'><strong>sentia</strong></span> <span class='ocrx_word' id='word_1_536' title='bbox 2063 2509 2117 2555; x_wconf 89' lang='lat' dir='ltr'><strong>et</strong></span> <span class='ocrx_word' id='word_1_537' title='bbox 2165 2499 2417 2556; x_wconf 89' lang='lat' dir='ltr'><strong>voluntas</strong></span> <span class='ocrx_word' id='word_1_538' title='bbox 2468 2501 2653 2556; x_wconf 89' lang='lat' dir='ltr'><strong>carnis</strong></span> <span class='ocrx_word' id='word_1_539' title='bbox 2702 2514 3017 2571; x_wconf 87' lang='lat' dir='ltr'><strong>nequeunt,</strong></span> <span class='ocrx_word' id='word_1_540' title='bbox 3071 2511 3131 2558; x_wconf 93' lang='lat' dir='ltr'><strong>ut</strong></span> <span class='ocrx_word' id='word_1_541' title='bbox 3175 2505 3304 2565; x_wconf 89' lang='lat' dir='ltr'><strong>scis,</strong></span> <span class='ocrx_word' id='word_1_542' title='bbox 3360 2504 3416 2557; x_wconf 93' lang='lat' dir='ltr'><strong>in</strong></span> 
     </span>
    </p>
   </div>
   <div class='ocr_carea' id='block_1_72' title="bbox 1841 2591 3415 2662">
    <p class='ocr_par' dir='ltr' id='par_1_72' title="bbox 1841 2591 3415 2662">
     <span class='ocr_line' id='line_1_72' title="bbox 1841 2591 3415 2662; baseline 0.002 -18"><span class='ocrx_word' id='word_1_543' title='bbox 1841 2605 2013 2645; x_wconf 90' lang='lat' dir='ltr'><strong>unum</strong></span> <span class='ocrx_word' id='word_1_544' title='bbox 2046 2591 2341 2646; x_wconf 88' lang='lat' dir='ltr'><strong>convenire</strong></span> <span class='ocrx_word' id='word_1_545' title='bbox 2376 2607 2552 2662; x_wconf 90' lang='lat' dir='ltr'><strong>neque</strong></span> <span class='ocrx_word' id='word_1_546' title='bbox 2582 2593 2837 2648; x_wconf 88' lang='lat' dir='ltr'><strong>eumdem</strong></span> <span class='ocrx_word' id='word_1_547' title='bbox 2886 2604 3066 2647; x_wconf 88' lang='lat' dir='ltr'><strong>actum</strong></span> <span class='ocrx_word' id='word_1_548' title='bbox 3103 2594 3207 2648; x_wconf 90' lang='lat' dir='ltr'><strong>sibi</strong></span> <span class='ocrx_word' id='word_1_549' title='bbox 3238 2593 3415 2647; x_wconf 87' lang='lat' dir='ltr'><strong>vindi-</strong></span> 
     </span>
    </p>
   </div>
   <div class='ocr_carea' id='block_1_73' title="bbox 1839 2683 3416 2755">
    <p class='ocr_par' dir='ltr' id='par_1_73' title="bbox 1839 2683 3416 2755">
     <span class='ocr_line' id='line_1_73' title="bbox 1839 2683 3416 2755; baseline 0.002 -18"><span class='ocrx_word' id='word_1_550' title='bbox 1839 2696 1998 2749; x_wconf 87' lang='lat' dir='ltr'><strong>care;</strong></span> <span class='ocrx_word' id='word_1_551' title='bbox 2029 2683 2365 2740; x_wconf 86' lang='lat' dir='ltr'><strong>incredibilis</strong></span> <span class='ocrx_word' id='word_1_552' title='bbox 2400 2698 2605 2749; x_wconf 88' lang='lat' dir='ltr'><strong>sermo,</strong></span> <span class='ocrx_word' id='word_1_553' title='bbox 2637 2686 2731 2740; x_wconf 89' lang='lat' dir='ltr'><strong>sed</strong></span> <span class='ocrx_word' id='word_1_554' title='bbox 2772 2684 3197 2739; x_wconf 90' lang='lat' dir='ltr'><strong>incredibilioris</strong></span> <span class='ocrx_word' id='word_1_555' title='bbox 3226 2696 3416 2755; x_wconf 88' lang='lat' dir='ltr'><strong>partus</strong></span> 
     </span>
    </p>
   </div>
   <div class='ocr_carea' id='block_1_74' title="bbox 1838 2774 3417 2847">
    <p class='ocr_par' dir='ltr' id='par_1_74' title="bbox 1838 2774 3417 2847">
     <span class='ocr_line' id='line_1_74' title="bbox 1838 2774 3417 2847; baseline 0 -19"><span class='ocrx_word' id='word_1_556' title='bbox 1838 2775 2179 2842; x_wconf 81' lang='lat' dir='ltr'><strong>evangelium</strong></span> <span class='ocrx_word' id='word_1_557' title='bbox 2207 2786 2289 2830; x_wconf 90' lang='lat' dir='ltr'><strong>est</strong></span> <span class='ocrx_word' id='word_1_558' title='bbox 2312 2794 2325 2829; x_wconf 90' lang='lat'><strong>:</strong></span> <span class='ocrx_word' id='word_1_559' title='bbox 2354 2793 2375 2827; x_wconf 84' lang='lat'><strong>(</strong></span> <span class='ocrx_word' id='word_1_560' title='bbox 2404 2774 2476 2829; x_wconf 91' lang='lat' dir='ltr'><strong>De</strong></span> <span class='ocrx_word' id='word_1_561' title='bbox 2501 2775 2707 2847; x_wconf 87' lang='lat' dir='ltr'><strong>Spiritu</strong></span> <span class='ocrx_word' id='word_1_562' title='bbox 2726 2786 2917 2832; x_wconf 88' lang='lat' dir='ltr'><strong>sancto</strong></span> <span class='ocrx_word' id='word_1_563' title='bbox 2943 2788 3079 2837; x_wconf 65' lang='lat' dir='ltr'><strong>est.»</strong></span> <span class='ocrx_word' id='word_1_564' title='bbox 3106 2786 3160 2831; x_wconf 89' lang='lat' dir='ltr'><strong>et</strong></span> <span class='ocrx_word' id='word_1_565' title='bbox 3192 2796 3208 2827; x_wconf 81' lang='grc' dir='ltr'><strong>ι</strong></span> <span class='ocrx_word' id='word_1_566' title='bbox 3238 2776 3417 2830; x_wconf 89' lang='lat' dir='ltr'><strong>Pariet</strong></span> 
     </span>
    </p>
   </div>
   <div class='ocr_carea' id='block_1_75' title="bbox 1840 2864 3414 2934">
    <p class='ocr_par' dir='ltr' id='par_1_75' title="bbox 1840 2864 3414 2934">
     <span class='ocr_line' id='line_1_75' title="bbox 1840 2864 3414 2934; baseline 0.003 -16"><span class='ocrx_word' id='word_1_567' title='bbox 1840 2864 2033 2919; x_wconf 83' lang='lat' dir='ltr'><strong>lilium.</strong></span> <span class='ocrx_word' id='word_1_568' title='bbox 2063 2884 2083 2916; x_wconf 84' lang='grc'>›</span> <span class='ocrx_word' id='word_1_569' title='bbox 2124 2865 2261 2922; x_wconf 79' lang='lat' dir='ltr'><strong>Vide</strong></span> <span class='ocrx_word' id='word_1_570' title='bbox 2288 2878 2343 2922; x_wconf 92' lang='lat' dir='ltr'><strong>et</strong></span> <span class='ocrx_word' id='word_1_571' title='bbox 2375 2878 2506 2922; x_wconf 91' lang='lat' dir='ltr'><strong>ante</strong></span> <span class='ocrx_word' id='word_1_572' title='bbox 2576 2870 2914 2923; x_wconf 85' lang='lat' dir='ltr'><strong>nativitatem</strong></span> <span class='ocrx_word' id='word_1_573' title='bbox 2956 2870 3125 2922; x_wconf 84' lang='lat' dir='ltr'><strong>ﬁlium</strong></span> <span class='ocrx_word' id='word_1_574' title='bbox 3153 2886 3169 2934; x_wconf 88' lang='lat'><strong>;</strong></span> <span class='ocrx_word' id='word_1_575' title='bbox 3200 2879 3254 2922; x_wconf 93' lang='lat' dir='ltr'><strong>et</strong></span> <span class='ocrx_word' id='word_1_576' title='bbox 3290 2884 3414 2922; x_wconf 90' lang='lat' dir='ltr'><strong>cum</strong></span> 
     </span>
    </p>
   </div>
   <div class='ocr_carea' id='block_1_76' title="bbox 1840 2957 3415 3025">
    <p class='ocr_par' dir='ltr' id='par_1_76' title="bbox 1840 2957 3415 3025">
     <span class='ocr_line' id='line_1_76' title="bbox 1840 2957 3415 3025; baseline 0.001 -13"><span class='ocrx_word' id='word_1_577' title='bbox 1840 2968 2003 3013; x_wconf 89' lang='lat' dir='ltr'><strong>natus</strong></span> <span class='ocrx_word' id='word_1_578' title='bbox 2034 2957 2216 3025; x_wconf 86' lang='lat' dir='ltr'><strong>fuerit,</strong></span> <span class='ocrx_word' id='word_1_579' title='bbox 2246 2960 2319 3015; x_wconf 88' lang='lat' dir='ltr'><strong>sit</strong></span> <span class='ocrx_word' id='word_1_580' title='bbox 2348 2961 2445 3014; x_wconf 91' lang='lat' dir='ltr'><strong>tibi</strong></span> <span class='ocrx_word' id='word_1_581' title='bbox 2487 2961 2541 3015; x_wconf 93' lang='lat' dir='ltr'><strong>in</strong></span> <span class='ocrx_word' id='word_1_582' title='bbox 2575 2961 2951 3015; x_wconf 88' lang='lat' dir='ltr'><strong>testimonium</strong></span> <span class='ocrx_word' id='word_1_583' title='bbox 2987 2973 3044 3013; x_wconf 91' lang='lat' dir='ltr'><strong>nt</strong></span> <span class='ocrx_word' id='word_1_584' title='bbox 3090 2969 3144 3014; x_wconf 89' lang='lat' dir='ltr'><strong>et</strong></span> <span class='ocrx_word' id='word_1_585' title='bbox 3170 2962 3233 3013; x_wconf 92' lang='lat' dir='ltr'><strong>de</strong></span> <span class='ocrx_word' id='word_1_586' title='bbox 3262 2960 3415 3013; x_wconf 86' lang='lat' dir='ltr'><strong>omni</strong></span> 
     </span>
    </p>
   </div>
   <div class='ocr_carea' id='block_1_77' title="bbox 1838 3049 3415 3120">
    <p class='ocr_par' dir='ltr' id='par_1_77' title="bbox 1838 3049 3415 3120">
     <span class='ocr_line' id='line_1_77' title="bbox 1838 3049 3415 3120; baseline -0.001 -13"><span class='ocrx_word' id='word_1_587' title='bbox 1838 3052 2244 3120; x_wconf 76' lang='lat' dir='ltr'><strong>evangeliorum</strong></span> <span class='ocrx_word' id='word_1_588' title='bbox 2263 3052 2493 3107; x_wconf 86' lang='lat' dir='ltr'><strong>veritate</strong></span> <span class='ocrx_word' id='word_1_589' title='bbox 2514 3094 2529 3119; x_wconf 91' lang='lat'><strong>,</strong></span> <span class='ocrx_word' id='word_1_590' title='bbox 2553 3052 2715 3118; x_wconf 90' lang='lat' dir='ltr'><strong>hujus</strong></span> <span class='ocrx_word' id='word_1_591' title='bbox 2736 3063 2961 3107; x_wconf 86' lang='lat' dir='ltr'><strong>eventus</strong></span> <span class='ocrx_word' id='word_1_592' title='bbox 2989 3052 3287 3120; x_wconf 77' lang='lat' dir='ltr'><strong>praedictio.</strong></span> <span class='ocrx_word' id='word_1_593' title='bbox 3310 3049 3415 3116; x_wconf 86' lang='lat' dir='ltr'><strong>Qui</strong></span> 
     </span>
    </p>
   </div>
   <div class='ocr_carea' id='block_1_78' title="bbox 1840 3144 3479 3213">
    <p class='ocr_par' dir='ltr' id='par_1_78' title="bbox 1840 3144 3479 3213">
     <span class='ocr_line' id='line_1_78' title="bbox 1840 3144 3479 3213; baseline -0.001 -14"><span class='ocrx_word' id='word_1_594' title='bbox 1840 3144 1985 3199; x_wconf 89' lang='lat' dir='ltr'><strong>enim</strong></span> <span class='ocrx_word' id='word_1_595' title='bbox 2021 3144 2167 3213; x_wconf 88' lang='lat' dir='ltr'><strong>quod</strong></span> <span class='ocrx_word' id='word_1_596' title='bbox 2203 3144 2387 3199; x_wconf 88' lang='lat' dir='ltr'><strong>adhuc</strong></span> <span class='ocrx_word' id='word_1_597' title='bbox 2414 3145 2468 3199; x_wconf 92' lang='lat' dir='ltr'><strong>in</strong></span> <span class='ocrx_word' id='word_1_598' title='bbox 2508 3145 2628 3200; x_wconf 86' lang='lat' dir='ltr'><strong>sinu</strong></span> <span class='ocrx_word' id='word_1_599' title='bbox 2683 3156 2889 3199; x_wconf 71' lang='lat' dir='ltr'><strong>natura:</strong></span> <span class='ocrx_word' id='word_1_600' title='bbox 2922 3144 3301 3199; x_wconf 90' lang='lat' dir='ltr'><strong>absconditum</strong></span> <span class='ocrx_word' id='word_1_601' title='bbox 3332 3152 3417 3199; x_wconf 89' lang='lat' dir='ltr'><strong>est</strong></span> <span class='ocrx_word' id='word_1_602' title='bbox 3472 3156 3479 3161; x_wconf 77' lang='lat'><strong>’</strong></span> 
     </span>
    </p>
   </div>
   <div class='ocr_carea' id='block_1_79' title="bbox 1837 3237 3414 3306">
    <p class='ocr_par' dir='ltr' id='par_1_79' title="bbox 1837 3237 3414 3306">
     <span class='ocr_line' id='line_1_79' title="bbox 1837 3237 3414 3306; baseline 0.001 -16"><span class='ocrx_word' id='word_1_603' title='bbox 1837 3246 1891 3290; x_wconf 89' lang='lat' dir='ltr'><strong>et</strong></span> <span class='ocrx_word' id='word_1_604' title='bbox 1926 3237 2029 3290; x_wconf 86' lang='lat' dir='ltr'><strong>scit</strong></span> <span class='ocrx_word' id='word_1_605' title='bbox 2050 3244 2105 3290; x_wconf 87' lang='lat' dir='ltr'><strong>et</strong></span> <span class='ocrx_word' id='word_1_606' title='bbox 2147 3238 2477 3306; x_wconf 72' lang='lat' dir='ltr'><strong>praenuntiat</strong></span> <span class='ocrx_word' id='word_1_607' title='bbox 2518 3238 2712 3305; x_wconf 84' lang='lat' dir='ltr'><strong>lilium,</strong></span> <span class='ocrx_word' id='word_1_608' title='bbox 2746 3238 2836 3292; x_wconf 88' lang='lat' dir='ltr'><strong>ille</strong></span> <span class='ocrx_word' id='word_1_609' title='bbox 2878 3237 3072 3291; x_wconf 78' lang='lat' dir='ltr'><strong>artifex</strong></span> <span class='ocrx_word' id='word_1_610' title='bbox 3120 3246 3205 3292; x_wconf 90' lang='lat' dir='ltr'><strong>est</strong></span> <span class='ocrx_word' id='word_1_611' title='bbox 3253 3237 3414 3305; x_wconf 78' lang='lat' dir='ltr'><strong>huius</strong></span> 
     </span>
    </p>
   </div>
   <div class='ocr_carea' id='block_1_80' title="bbox 1838 3327 3405 3398">
    <p class='ocr_par' dir='ltr' id='par_1_80' title="bbox 1838 3327 3405 3398">
     <span class='ocr_line' id='line_1_80' title="bbox 1838 3327 3405 3398; baseline 0 -17"><span class='ocrx_word' id='word_1_612' title='bbox 1838 3327 1959 3381; x_wconf 86' lang='lat' dir='ltr'><strong>sine</strong></span> <span class='ocrx_word' id='word_1_613' title='bbox 1988 3327 2195 3382; x_wconf 89' lang='lat' dir='ltr'><strong>semine</strong></span> <span class='ocrx_word' id='word_1_614' title='bbox 2228 3342 2396 3398; x_wconf 87' lang='lat' dir='ltr'><strong>supra</strong></span> <span class='ocrx_word' id='word_1_615' title='bbox 2447 3330 2713 3382; x_wconf 90' lang='lat' dir='ltr'><strong>rationem</strong></span> <span class='ocrx_word' id='word_1_616' title='bbox 2752 3338 2948 3382; x_wconf 70' lang='lat' dir='ltr'><strong>creata:</strong></span> <span class='ocrx_word' id='word_1_617' title='bbox 2994 3328 3197 3394; x_wconf 88' lang='lat' dir='ltr'><strong>carnis,</strong></span> <span class='ocrx_word' id='word_1_618' title='bbox 3228 3337 3281 3382; x_wconf 91' lang='lat' dir='ltr'><strong>et</strong></span> <span class='ocrx_word' id='word_1_619' title='bbox 3305 3327 3405 3381; x_wconf 87' lang='lat' dir='ltr'><strong>vir-</strong></span> 
     </span>
    </p>
   </div>
   <div class='ocr_carea' id='block_1_81' title="bbox 1837 3417 3409 3490">
    <p class='ocr_par' dir='ltr' id='par_1_81' title="bbox 1837 3417 3409 3490">
     <span class='ocr_line' id='line_1_81' title="bbox 1837 3417 3409 3490; baseline 0.003 -21"><span class='ocrx_word' id='word_1_620' title='bbox 1837 3417 2081 3487; x_wconf 83' lang='lat' dir='ltr'><strong>ginitatis</strong></span> <span class='ocrx_word' id='word_1_621' title='bbox 2111 3428 2318 3483; x_wconf 89' lang='lat' dir='ltr'><strong>custos,</strong></span> <span class='ocrx_word' id='word_1_622' title='bbox 2354 3427 2413 3473; x_wconf 92' lang='lat' dir='ltr'><strong>ut</strong></span> <span class='ocrx_word' id='word_1_623' title='bbox 2439 3428 2565 3489; x_wconf 90' lang='lat' dir='ltr'><strong>post</strong></span> <span class='ocrx_word' id='word_1_624' title='bbox 2590 3432 2829 3489; x_wconf 87' lang='lat' dir='ltr'><strong>partum,</strong></span> <span class='ocrx_word' id='word_1_625' title='bbox 2858 3420 2938 3475; x_wconf 89' lang='lat' dir='ltr'><strong>sic</strong></span> <span class='ocrx_word' id='word_1_626' title='bbox 2963 3428 3018 3474; x_wconf 91' lang='lat' dir='ltr'><strong>et</strong></span> <span class='ocrx_word' id='word_1_627' title='bbox 3042 3429 3166 3474; x_wconf 89' lang='lat' dir='ltr'><strong>ante</strong></span> <span class='ocrx_word' id='word_1_628' title='bbox 3196 3428 3409 3490; x_wconf 87' lang='lat' dir='ltr'><strong>partum</strong></span> 
     </span>
    </p>
   </div>
   <div class='ocr_carea' id='block_1_82' title="bbox 1836 3506 3406 3577">
    <p class='ocr_par' dir='ltr' id='par_1_82' title="bbox 1836 3506 3406 3577">
     <span class='ocr_line' id='line_1_82' title="bbox 1836 3506 3406 3577; baseline 0.001 -18"><span class='ocrx_word' id='word_1_629' title='bbox 1836 3506 2014 3574; x_wconf 76' lang='lat' dir='ltr'><strong>sigilla</strong></span> <span class='ocrx_word' id='word_1_630' title='bbox 2038 3523 2146 3562; x_wconf 89' lang='lat' dir='ltr'><strong>non</strong></span> <span class='ocrx_word' id='word_1_631' title='bbox 2178 3508 2360 3562; x_wconf 87' lang='lat' dir='ltr'><strong>solvit.</strong></span> <span class='ocrx_word' id='word_1_632' title='bbox 2392 3526 2410 3558; x_wconf 76' lang='grc' dir='ltr'><strong>ι</strong></span> <span class='ocrx_word' id='word_1_633' title='bbox 2445 3509 2509 3561; x_wconf 88' lang='lat' dir='ltr'><strong>Et</strong></span> <span class='ocrx_word' id='word_1_634' title='bbox 2538 3508 2758 3563; x_wconf 89' lang='lat' dir='ltr'><strong>vocabis</strong></span> <span class='ocrx_word' id='word_1_635' title='bbox 2783 3525 2981 3563; x_wconf 85' lang='lat' dir='ltr'><strong>nomen</strong></span> <span class='ocrx_word' id='word_1_636' title='bbox 3006 3509 3125 3577; x_wconf 86' lang='lat' dir='ltr'><strong>ejus</strong></span> <span class='ocrx_word' id='word_1_637' title='bbox 3146 3508 3356 3564; x_wconf 86' lang='lat' dir='ltr'><strong>Jesum.</strong></span> <span class='ocrx_word' id='word_1_638' title='bbox 3386 3528 3406 3560; x_wconf 70' lang='grc' dir='ltr'><strong>ι</strong></span> 
     </span>
    </p>
   </div>
   <div class='ocr_carea' id='block_1_83' title="bbox 1837 3599 3407 3671">
    <p class='ocr_par' dir='ltr' id='par_1_83' title="bbox 1837 3599 3407 3671">
     <span class='ocr_line' id='line_1_83' title="bbox 1837 3599 3407 3671; baseline 0.002 -19"><span class='ocrx_word' id='word_1_639' title='bbox 1837 3599 1941 3653; x_wconf 85' lang='lat' dir='ltr'><strong>Sed</strong></span> <span class='ocrx_word' id='word_1_640' title='bbox 1966 3608 2022 3653; x_wconf 90' lang='lat' dir='ltr'><strong>et</strong></span> <span class='ocrx_word' id='word_1_641' title='bbox 2071 3601 2359 3670; x_wconf 89' lang='lat' dir='ltr'><strong>appellatio</strong></span> <span class='ocrx_word' id='word_1_642' title='bbox 2401 3616 2557 3655; x_wconf 91' lang='lat' dir='ltr'><strong>suam</strong></span> <span class='ocrx_word' id='word_1_643' title='bbox 2607 3602 2896 3656; x_wconf 80' lang='lat' dir='ltr'><strong>desursum</strong></span> <span class='ocrx_word' id='word_1_644' title='bbox 2944 3603 3105 3655; x_wconf 87' lang='lat' dir='ltr'><strong>habet</strong></span> <span class='ocrx_word' id='word_1_645' title='bbox 3132 3601 3407 3671; x_wconf 84' lang='lat' dir='ltr'><strong>signiﬁca-</strong></span> 
     </span>
    </p>
   </div>
   <div class='ocr_carea' id='block_1_84' title="bbox 1835 3689 3402 3762">
    <p class='ocr_par' dir='ltr' id='par_1_84' title="bbox 1835 3689 3402 3762">
     <span class='ocr_line' id='line_1_84' title="bbox 1835 3689 3402 3762; baseline 0.002 -19"><span class='ocrx_word' id='word_1_646' title='bbox 1835 3690 2068 3756; x_wconf 90' lang='lat' dir='ltr'><strong>tionem;</strong></span> <span class='ocrx_word' id='word_1_647' title='bbox 2093 3689 2253 3745; x_wconf 87' lang='lat' dir='ltr'><strong>Jesus</strong></span> <span class='ocrx_word' id='word_1_648' title='bbox 2275 3692 2445 3755; x_wconf 90' lang='lat' dir='ltr'><strong>enim,</strong></span> <span class='ocrx_word' id='word_1_649' title='bbox 2465 3692 2623 3762; x_wconf 73' lang='lat' dir='ltr'><strong>«quia</strong></span> <span class='ocrx_word' id='word_1_650' title='bbox 2646 3693 2879 3747; x_wconf 89' lang='lat' dir='ltr'><strong>salvabit</strong></span> <span class='ocrx_word' id='word_1_651' title='bbox 2904 3692 3161 3762; x_wconf 85' lang='lat' dir='ltr'><strong>pepulum</strong></span> <span class='ocrx_word' id='word_1_652' title='bbox 3187 3709 3369 3748; x_wconf 91' lang='lat' dir='ltr'><strong>suum.</strong></span> <span class='ocrx_word' id='word_1_653' title='bbox 3385 3711 3402 3740; x_wconf 73' lang='grc' dir='ltr'><strong>ι</strong></span> 
     </span>
    </p>
   </div>
   <div class='ocr_carea' id='block_1_85' title="bbox 1811 3774 3401 3858">
    <p class='ocr_par' dir='ltr' id='par_1_85' title="bbox 1811 3774 3401 3858">
     <span class='ocr_line' id='line_1_85' title="bbox 1811 3774 3401 3858; baseline 0.003 -24"><span class='ocrx_word' id='word_1_654' title='bbox 1811 3774 1905 3825; x_wconf 64' lang='grc' dir='ltr'><strong>ὀ-</strong></span> <span class='ocrx_word' id='word_1_655' title='bbox 1930 3801 1949 3834; x_wconf 74' lang='grc' dir='ltr'><strong>ι</strong></span> <span class='ocrx_word' id='word_1_656' title='bbox 1986 3784 2068 3839; x_wconf 82' lang='lat' dir='ltr'><strong>Ne</strong></span> <span class='ocrx_word' id='word_1_657' title='bbox 2099 3785 2294 3841; x_wconf 85' lang='lat' dir='ltr'><strong>timeas</strong></span> <span class='ocrx_word' id='word_1_658' title='bbox 2330 3786 2580 3856; x_wconf 87' lang='lat' dir='ltr'><strong>accipere</strong></span> <span class='ocrx_word' id='word_1_659' title='bbox 2610 3786 2834 3841; x_wconf 83' lang='lat' dir='ltr'><strong>Mariam</strong></span> <span class='ocrx_word' id='word_1_660' title='bbox 2859 3789 3147 3858; x_wconf 88' lang='lat' dir='ltr'><strong>conjugem</strong></span> <span class='ocrx_word' id='word_1_661' title='bbox 3183 3797 3356 3841; x_wconf 89' lang='lat' dir='ltr'><strong>tuam.</strong></span> <span class='ocrx_word' id='word_1_662' title='bbox 3382 3807 3401 3838; x_wconf 69' lang='grc' dir='ltr'><strong>ι</strong></span> 
     </span>
    </p>
   </div>
   <div class='ocr_carea' id='block_1_86' title="bbox 1834 3877 3405 3946">
    <p class='ocr_par' dir='ltr' id='par_1_86' title="bbox 1834 3877 3405 3946">
     <span class='ocr_line' id='line_1_86' title="bbox 1834 3877 3405 3946; baseline 0 -14"><span class='ocrx_word' id='word_1_663' title='bbox 1834 3877 1959 3933; x_wconf 78' lang='lat' dir='ltr'><strong>llaec</strong></span> <span class='ocrx_word' id='word_1_664' title='bbox 1991 3877 2136 3931; x_wconf 89' lang='lat' dir='ltr'><strong>enim</strong></span> <span class='ocrx_word' id='word_1_665' title='bbox 2169 3891 2278 3930; x_wconf 93' lang='lat' dir='ltr'><strong>non</strong></span> <span class='ocrx_word' id='word_1_666' title='bbox 2320 3878 2481 3933; x_wconf 91' lang='lat' dir='ltr'><strong>modo</strong></span> <span class='ocrx_word' id='word_1_667' title='bbox 2521 3894 2737 3932; x_wconf 84' lang='lat' dir='ltr'><strong>omnem</strong></span> <span class='ocrx_word' id='word_1_668' title='bbox 2775 3879 2971 3933; x_wconf 88' lang='lat' dir='ltr'><strong>tollunt</strong></span> <span class='ocrx_word' id='word_1_669' title='bbox 3011 3880 3281 3946; x_wconf 87' lang='lat' dir='ltr'><strong>timorem,</strong></span> <span class='ocrx_word' id='word_1_670' title='bbox 3311 3880 3405 3935; x_wconf 77' lang='lat' dir='ltr'><strong>sed</strong></span> 
     </span>
    </p>
   </div>
   <div class='ocr_carea' id='block_1_87' title="bbox 1832 3968 3403 4041">
    <p class='ocr_par' dir='ltr' id='par_1_87' title="bbox 1832 3968 3403 4041">
     <span class='ocr_line' id='line_1_87' title="bbox 1832 3968 3403 4041; baseline -0.003 -15"><span class='ocrx_word' id='word_1_671' title='bbox 1832 3981 1886 4026; x_wconf 87' lang='lat' dir='ltr'><strong>et</strong></span> <span class='ocrx_word' id='word_1_672' title='bbox 1915 3983 2126 4040; x_wconf 57' lang='lat' dir='ltr'><strong>magna;</strong></span> <span class='ocrx_word' id='word_1_673' title='bbox 2160 3968 2359 4023; x_wconf 69' lang='lat' dir='ltr'><strong>laetitia:</strong></span> <span class='ocrx_word' id='word_1_674' title='bbox 2397 3979 2452 4023; x_wconf 90' lang='lat' dir='ltr'><strong>et</strong></span> <span class='ocrx_word' id='word_1_675' title='bbox 2495 3970 2786 4040; x_wconf 73' lang='lat' dir='ltr'><strong>insperatae</strong></span> <span class='ocrx_word' id='word_1_676' title='bbox 2820 3971 2938 4039; x_wconf 89' lang='lat' dir='ltr'><strong>spei</strong></span> <span class='ocrx_word' id='word_1_677' title='bbox 2976 3970 3285 4041; x_wconf 85' lang='lat' dir='ltr'><strong>largiuntur</strong></span> <span class='ocrx_word' id='word_1_678' title='bbox 3317 3969 3403 4023; x_wconf 83' lang='lat' dir='ltr'><strong>di-</strong></span> 
     </span>
    </p>
   </div>
   <div class='ocr_carea' id='block_1_88' title="bbox 1831 4055 3400 4128">
    <p class='ocr_par' dir='ltr' id='par_1_88' title="bbox 1831 4055 3400 4128">
     <span class='ocr_line' id='line_1_88' title="bbox 1831 4055 3400 4128; baseline -0.001 -16"><span class='ocrx_word' id='word_1_679' title='bbox 1831 4060 2036 4113; x_wconf 90' lang='lat' dir='ltr'><strong>vitias:</strong></span> <span class='ocrx_word' id='word_1_680' title='bbox 2073 4074 2092 4107; x_wconf 78' lang='grc' dir='ltr'><strong>ι</strong></span> <span class='ocrx_word' id='word_1_681' title='bbox 2145 4055 2226 4112; x_wconf 89' lang='lat' dir='ltr'><strong>Ne</strong></span> <span class='ocrx_word' id='word_1_682' title='bbox 2278 4058 2474 4112; x_wconf 88' lang='lat' dir='ltr'><strong>timeas</strong></span> <span class='ocrx_word' id='word_1_683' title='bbox 2528 4058 2777 4127; x_wconf 89' lang='lat' dir='ltr'><strong>accipere</strong></span> <span class='ocrx_word' id='word_1_684' title='bbox 2837 4059 3062 4112; x_wconf 83' lang='lat' dir='ltr'><strong>Mariam</strong></span> <span class='ocrx_word' id='word_1_685' title='bbox 3114 4059 3400 4128; x_wconf 89' lang='lat' dir='ltr'><strong>conjugem</strong></span> 
     </span>
    </p>
   </div>
   <div class='ocr_carea' id='block_1_89' title="bbox 1830 4147 3403 4221">
    <p class='ocr_par' dir='ltr' id='par_1_89' title="bbox 1830 4147 3403 4221">
     <span class='ocr_line' id='line_1_89' title="bbox 1830 4147 3403 4221; baseline -0.001 -17"><span class='ocrx_word' id='word_1_686' title='bbox 1830 4160 2001 4205; x_wconf 88' lang='lat' dir='ltr'><strong>tuam.</strong></span> <span class='ocrx_word' id='word_1_687' title='bbox 2040 4167 2059 4200; x_wconf 82' lang='grc'>›</span> <span class='ocrx_word' id='word_1_688' title='bbox 2094 4147 2394 4219; x_wconf 83' lang='lat' dir='ltr'><strong>Conjugem</strong></span> <span class='ocrx_word' id='word_1_689' title='bbox 2448 4159 2594 4203; x_wconf 89' lang='lat' dir='ltr'><strong>tuam</strong></span> <span class='ocrx_word' id='word_1_690' title='bbox 2630 4151 2893 4221; x_wconf 81' lang='lat' dir='ltr'><strong>virginem</strong></span> <span class='ocrx_word' id='word_1_691' title='bbox 2930 4150 3182 4217; x_wconf 90' lang='lat' dir='ltr'><strong>audiens,</strong></span> <span class='ocrx_word' id='word_1_692' title='bbox 3235 4150 3403 4203; x_wconf 86' lang='lat' dir='ltr'><strong>babes</strong></span> 
     </span>
    </p>
   </div>
   <div class='ocr_carea' id='block_1_90' title="bbox 1828 4236 3402 4293">
    <p class='ocr_par' dir='ltr' id='par_1_90' title="bbox 1828 4236 3402 4293">
     <span class='ocr_line' id='line_1_90' title="bbox 1828 4236 3402 4293; baseline -0.003 0"><span class='ocrx_word' id='word_1_693' title='bbox 1828 4253 1897 4293; x_wconf 82' lang='lat' dir='ltr'><strong>ex</strong></span> <span class='ocrx_word' id='word_1_694' title='bbox 1928 4238 2030 4292; x_wconf 88' lang='lat' dir='ltr'><strong>bac</strong></span> <span class='ocrx_word' id='word_1_695' title='bbox 2062 4252 2196 4292; x_wconf 90' lang='lat' dir='ltr'><strong>voce</strong></span> <span class='ocrx_word' id='word_1_696' title='bbox 2226 4238 2294 4292; x_wconf 90' lang='lat' dir='ltr'><strong>ab</strong></span> <span class='ocrx_word' id='word_1_697' title='bbox 2328 4237 2477 4292; x_wconf 90' lang='lat' dir='ltr'><strong>omni</strong></span> <span class='ocrx_word' id='word_1_698' title='bbox 2526 4238 2766 4293; x_wconf 84' lang='lat' dir='ltr'><strong>hominis</strong></span> <span class='ocrx_word' id='word_1_699' title='bbox 2808 4236 3140 4292; x_wconf 87' lang='lat' dir='ltr'><strong>commercio</strong></span> <span class='ocrx_word' id='word_1_700' title='bbox 3186 4237 3402 4291; x_wconf 86' lang='lat' dir='ltr'><strong>mundi-</strong></span> 
     </span>
    </p>
   </div>
   <div class='ocr_carea' id='block_1_91' title="bbox 1827 4326 3400 4398">
    <p class='ocr_par' dir='ltr' id='par_1_91' title="bbox 1827 4326 3400 4398">
     <span class='ocr_line' id='line_1_91' title="bbox 1827 4326 3400 4398; baseline -0.002 -15"><span class='ocrx_word' id='word_1_701' title='bbox 1827 4327 1983 4383; x_wconf 91' lang='lat' dir='ltr'><strong>tiam.</strong></span> <span class='ocrx_word' id='word_1_702' title='bbox 2019 4328 2076 4383; x_wconf 90' lang='lat' dir='ltr'><strong>Si</strong></span> <span class='ocrx_word' id='word_1_703' title='bbox 2104 4329 2251 4383; x_wconf 90' lang='lat' dir='ltr'><strong>enim</strong></span> <span class='ocrx_word' id='word_1_704' title='bbox 2277 4329 2380 4384; x_wconf 91' lang='lat' dir='ltr'><strong>sub</strong></span> <span class='ocrx_word' id='word_1_705' title='bbox 2412 4344 2476 4383; x_wconf 88' lang='lat' dir='ltr'><strong>ea</strong></span> <span class='ocrx_word' id='word_1_706' title='bbox 2517 4329 2633 4397; x_wconf 87' lang='lat' dir='ltr'><strong>lege</strong></span> <span class='ocrx_word' id='word_1_707' title='bbox 2675 4343 2797 4397; x_wconf 64' lang='lat' dir='ltr'><strong>quae</strong></span> <span class='ocrx_word' id='word_1_708' title='bbox 2843 4329 3041 4382; x_wconf 63' lang='lat' dir='ltr'><strong>innexa</strong></span> <span class='ocrx_word' id='word_1_709' title='bbox 3071 4337 3154 4382; x_wconf 90' lang='lat' dir='ltr'><strong>est</strong></span> <span class='ocrx_word' id='word_1_710' title='bbox 3176 4326 3400 4398; x_wconf 84' lang='lat' dir='ltr'><strong>virgini-</strong></span> 
     </span>
    </p>
   </div>
   <div class='ocr_carea' id='block_1_92' title="bbox 138 4416 1733 4491">
    <p class='ocr_par' dir='ltr' id='par_1_92' title="bbox 138 4416 1719 4491">
     <span class='ocr_line' id='line_1_92' title="bbox 138 4416 1719 4491; baseline 0.003 -23"><span class='ocrx_word' id='word_1_711' title='bbox 138 4416 239 4486; x_wconf 80' lang='grc' dir='ltr'>τὴν</span> <span class='ocrx_word' id='word_1_712' title='bbox 268 4416 545 4487; x_wconf 80' lang='grc' dir='ltr'>Παρθένον</span> <span class='ocrx_word' id='word_1_713' title='bbox 570 4416 785 4470; x_wconf 83' lang='grc' dir='ltr'>ἀκούων</span> <span class='ocrx_word' id='word_1_714' title='bbox 826 4418 972 4488; x_wconf 81' lang='grc' dir='ltr'>ἔχεις</span> <span class='ocrx_word' id='word_1_715' title='bbox 1008 4419 1073 4471; x_wconf 83' lang='grc' dir='ltr'><strong>ἔκ</strong></span> <span class='ocrx_word' id='word_1_716' title='bbox 1099 4418 1197 4487; x_wconf 84' lang='grc' dir='ltr'>τῆς</span> <span class='ocrx_word' id='word_1_717' title='bbox 1240 4419 1425 4489; x_wconf 85' lang='grc' dir='ltr'>φωνῆς</span> <span class='ocrx_word' id='word_1_718' title='bbox 1458 4420 1555 4487; x_wconf 83' lang='grc' dir='ltr'>τὴν</span> <span class='ocrx_word' id='word_1_719' title='bbox 1584 4419 1719 4491; x_wconf 85' lang='grc' dir='ltr'>πρὸς</span> 
     </span>
    </p>
   </div>
   <div class='ocr_carea' id='block_1_93' title="bbox 1838 4416 3399 4491">
    <p class='ocr_par' dir='ltr' id='par_1_93' title="bbox 1838 4420 3399 4491">
     <span class='ocr_line' id='line_1_93' title="bbox 1838 4420 3399 4491; baseline -0.001 -15"><span class='ocrx_word' id='word_1_720' title='bbox 1838 4430 1989 4476; x_wconf 77' lang='lat' dir='ltr'><strong>&#39;atem</strong></span> <span class='ocrx_word' id='word_1_721' title='bbox 2018 4420 2285 4476; x_wconf 87' lang='lat' dir='ltr'><strong>intactam</strong></span> <span class='ocrx_word' id='word_1_722' title='bbox 2311 4429 2366 4477; x_wconf 85' lang='lat' dir='ltr'><strong>et</strong></span> <span class='ocrx_word' id='word_1_723' title='bbox 2389 4421 2795 4476; x_wconf 90' lang='lat' dir='ltr'><strong>immaculatam</strong></span> <span class='ocrx_word' id='word_1_724' title='bbox 2824 4420 3080 4486; x_wconf 88' lang='lat' dir='ltr'><strong>servavit,</strong></span> <span class='ocrx_word' id='word_1_725' title='bbox 3106 4435 3216 4491; x_wconf 92' lang='lat' dir='ltr'><strong>quo</strong></span> <span class='ocrx_word' id='word_1_726' title='bbox 3238 4422 3399 4475; x_wconf 85' lang='lat' dir='ltr'><strong>modo</strong></span> 
     </span>
    </p>
   </div>
   <div class='ocr_carea' id='block_1_94' title="bbox 141 4502 1719 4579">
    <p class='ocr_par' dir='ltr' id='par_1_94' title="bbox 141 4502 1719 4579">
     <span class='ocr_line' id='line_1_94' title="bbox 141 4502 1719 4579; baseline 0.002 -19"><span class='ocrx_word' id='word_1_727' title='bbox 141 4510 329 4561; x_wconf 82' lang='grc' dir='ltr'>πᾶσαν</span> <span class='ocrx_word' id='word_1_728' title='bbox 368 4508 561 4578; x_wconf 83' lang='grc' dir='ltr'>ἀνδρὸς</span> <span class='ocrx_word' id='word_1_729' title='bbox 592 4508 810 4578; x_wconf 83' lang='grc' dir='ltr'>ὁμιλίαν</span> <span class='ocrx_word' id='word_1_730' title='bbox 866 4509 1239 4579; x_wconf 88' lang='grc' dir='ltr'>καθαρότητα.</span> <span class='ocrx_word' id='word_1_731' title='bbox 1275 4510 1337 4562; x_wconf 88' lang='grc' dir='ltr'>Εί</span> <span class='ocrx_word' id='word_1_732' title='bbox 1367 4510 1475 4579; x_wconf 85' lang='grc' dir='ltr'>γὰρ</span> <span class='ocrx_word' id='word_1_733' title='bbox 1516 4502 1561 4578; x_wconf 83' lang='grc' dir='ltr'>ᾧ</span> <span class='ocrx_word' id='word_1_734' title='bbox 1593 4528 1719 4564; x_wconf 89' lang='grc' dir='ltr'>συν-</span> 
     </span>
    </p>
   </div>
   <div class='ocr_carea' id='block_1_95' title="bbox 137 4599 1718 4671">
    <p class='ocr_par' dir='ltr' id='par_1_95' title="bbox 137 4599 1718 4671">
     <span class='ocr_line' id='line_1_95' title="bbox 137 4599 1718 4671; baseline 0 -18"><span class='ocrx_word' id='word_1_735' title='bbox 137 4601 287 4669; x_wconf 77' lang='grc' dir='ltr'>ήφθη</span> <span class='ocrx_word' id='word_1_736' title='bbox 319 4599 473 4669; x_wconf 84' lang='grc' dir='ltr'>νόμῳ</span> <span class='ocrx_word' id='word_1_737' title='bbox 502 4600 564 4652; x_wconf 83' lang='grc' dir='ltr'>τὸ</span> <span class='ocrx_word' id='word_1_738' title='bbox 584 4603 682 4671; x_wconf 79' lang='grc' dir='ltr'>τῆς</span> <span class='ocrx_word' id='word_1_739' title='bbox 714 4599 1031 4669; x_wconf 82' lang='grc' dir='ltr'>παρθενίας,</span> <span class='ocrx_word' id='word_1_740' title='bbox 1061 4600 1340 4668; x_wconf 86' lang='grc' dir='ltr'>ἁνέπαφόν</span> <span class='ocrx_word' id='word_1_741' title='bbox 1365 4618 1423 4653; x_wconf 88' lang='grc' dir='ltr'><strong>τε</strong></span> <span class='ocrx_word' id='word_1_742' title='bbox 1452 4603 1546 4654; x_wconf 77' lang='grc' dir='ltr'><strong>καὶ</strong></span> <span class='ocrx_word' id='word_1_743' title='bbox 1578 4601 1718 4671; x_wconf 79' lang='grc' dir='ltr'><strong>ἀκή-</strong></span> 
     </span>
    </p>
   </div>
   <div class='ocr_carea' id='block_1_96' title="bbox 138 4690 1719 4763">
    <p class='ocr_par' dir='ltr' id='par_1_96' title="bbox 138 4690 1719 4763">
     <span class='ocr_line' id='line_1_96' title="bbox 138 4690 1719 4763; baseline 0.001 -19"><span class='ocrx_word' id='word_1_744' title='bbox 138 4708 305 4761; x_wconf 89' lang='grc' dir='ltr'>ρατον</span> <span class='ocrx_word' id='word_1_745' title='bbox 332 4690 679 4756; x_wconf 85' lang='grc' dir='ltr'>συνδιέσωσε,</span> <span class='ocrx_word' id='word_1_746' title='bbox 714 4690 830 4751; x_wconf 78' lang='grc' dir='ltr'><strong>πῶς</strong></span> <span class='ocrx_word' id='word_1_747' title='bbox 852 4691 919 4745; x_wconf 84' lang='grc' dir='ltr'><strong>ἂν</strong></span> <span class='ocrx_word' id='word_1_748' title='bbox 944 4691 1134 4763; x_wconf 81' lang='grc' dir='ltr'>ἐτέρου</span> <span class='ocrx_word' id='word_1_749' title='bbox 1161 4692 1304 4754; x_wconf 80' lang='grc' dir='ltr'>τινὸς</span> <span class='ocrx_word' id='word_1_750' title='bbox 1333 4691 1510 4762; x_wconf 84' lang='grc' dir='ltr'>ἔρωτα</span> <span class='ocrx_word' id='word_1_751' title='bbox 1537 4709 1719 4762; x_wconf 89' lang='grc' dir='ltr'>παρα-</span> 
     </span>
    </p>
   </div>
   <div class='ocr_carea' id='block_1_97' title="bbox 134 4782 1716 4857">
    <p class='ocr_par' dir='ltr' id='par_1_97' title="bbox 134 4782 1716 4857">
     <span class='ocr_line' id='line_1_97' title="bbox 134 4782 1716 4857; baseline 0.002 -22"><span class='ocrx_word' id='word_1_752' title='bbox 134 4784 403 4850; x_wconf 74' lang='grc' dir='ltr'>δέξασθαι</span> <span class='ocrx_word' id='word_1_753' title='bbox 426 4800 441 4847; x_wconf 91' lang='grc'>;</span> <span class='ocrx_word' id='word_1_754' title='bbox 466 4783 567 4836; x_wconf 76' lang='grc' dir='ltr'>κᾶν</span> <span class='ocrx_word' id='word_1_755' title='bbox 588 4782 715 4852; x_wconf 81' lang='grc' dir='ltr'>γοῦν</span> <span class='ocrx_word' id='word_1_756' title='bbox 739 4784 896 4837; x_wconf 87' lang='grc' dir='ltr'>σκιάν</span> <span class='ocrx_word' id='word_1_757' title='bbox 912 4801 1033 4836; x_wconf 83' lang='grc' dir='ltr'>τινα</span> <span class='ocrx_word' id='word_1_758' title='bbox 1064 4784 1343 4857; x_wconf 82' lang='grc' dir='ltr'>καταλίπῃ</span> <span class='ocrx_word' id='word_1_759' title='bbox 1368 4784 1716 4855; x_wconf 74' lang='grc' dir='ltr'>ὑπολήψεως,</span> 
     </span>
    </p>
   </div>
   <div class='ocr_carea' id='block_1_98' title="bbox 137 4874 1719 4945">
    <p class='ocr_par' dir='ltr' id='par_1_98' title="bbox 137 4874 1719 4945">
     <span class='ocr_line' id='line_1_98' title="bbox 137 4874 1719 4945; baseline 0.002 -19"><span class='ocrx_word' id='word_1_760' title='bbox 137 4875 232 4926; x_wconf 80' lang='grc' dir='ltr'>σοῦ</span> <span class='ocrx_word' id='word_1_761' title='bbox 274 4874 418 4945; x_wconf 80' lang='grc' dir='ltr'>γυνὴ</span> <span class='ocrx_word' id='word_1_762' title='bbox 453 4876 602 4944; x_wconf 86' lang='grc' dir='ltr'>νόμῳ</span> <span class='ocrx_word' id='word_1_763' title='bbox 636 4876 979 4945; x_wconf 85' lang='grc' dir='ltr'>γεγενημένη</span> <span class='ocrx_word' id='word_1_764' title='bbox 1024 4874 1318 4945; x_wconf 88' lang='grc' dir='ltr'>μνηστείας</span> <span class='ocrx_word' id='word_1_765' title='bbox 1362 4875 1597 4945; x_wconf 85' lang='grc' dir='ltr'>κρείττω</span> <span class='ocrx_word' id='word_1_766' title='bbox 1623 4876 1719 4929; x_wconf 73' lang='grc' dir='ltr'>καὶ</span> 
     </span>
    </p>
   </div>
   <div class='ocr_carea' id='block_1_99' title="bbox 138 4966 1715 5039">
    <p class='ocr_par' dir='ltr' id='par_1_99' title="bbox 138 4966 1715 5039">
     <span class='ocr_line' id='line_1_99' title="bbox 138 4966 1715 5039; baseline 0 -21"><span class='ocrx_word' id='word_1_767' title='bbox 138 4966 483 5036; x_wconf 66' lang='grc' dir='ltr'>ὑψηλοτέραν</span> <span class='ocrx_word' id='word_1_768' title='bbox 537 4966 735 5036; x_wconf 78' lang='grc' dir='ltr'>ἑαυτὴν</span> <span class='ocrx_word' id='word_1_769' title='bbox 782 4967 878 5019; x_wconf 74' lang='grc' dir='ltr'>καὶ</span> <span class='ocrx_word' id='word_1_770' title='bbox 923 4967 1032 5019; x_wconf 86' lang='grc' dir='ltr'>τῶν</span> <span class='ocrx_word' id='word_1_771' title='bbox 1089 4967 1336 5036; x_wconf 87' lang='grc' dir='ltr'>νομίμων</span> <span class='ocrx_word' id='word_1_772' title='bbox 1373 4966 1715 5039; x_wconf 83' lang='grc' dir='ltr'>διετήρησεν,</span> 
     </span>
    </p>
   </div>
   <div class='ocr_carea' id='block_1_100' title="bbox 136 5058 1713 5131">
    <p class='ocr_par' dir='ltr' id='par_1_100' title="bbox 136 5058 1713 5131">
     <span class='ocr_line' id='line_1_100' title="bbox 136 5058 1713 5131; baseline 0.001 -20"><span class='ocrx_word' id='word_1_773' title='bbox 136 5059 308 5130; x_wconf 82' lang='grc' dir='ltr'>ἑτέρῳ</span> <span class='ocrx_word' id='word_1_774' title='bbox 340 5059 678 5129; x_wconf 87' lang='grc' dir='ltr'>παρανομεῖν</span> <span class='ocrx_word' id='word_1_775' title='bbox 701 5058 814 5121; x_wconf 81' lang='grc' dir='ltr'><strong>πῶς</strong></span> <span class='ocrx_word' id='word_1_776' title='bbox 839 5058 903 5111; x_wconf 85' lang='grc' dir='ltr'>ἂν</span> <span class='ocrx_word' id='word_1_777' title='bbox 931 5059 1138 5128; x_wconf 86' lang='grc' dir='ltr'>ὑπέστη</span> <span class='ocrx_word' id='word_1_778' title='bbox 1162 5058 1346 5127; x_wconf 85' lang='grc' dir='ltr'>χώραν</span> <span class='ocrx_word' id='word_1_779' title='bbox 1372 5063 1674 5131; x_wconf 72' lang='grc' dir='ltr'>παρασχεῖν</span> <span class='ocrx_word' id='word_1_780' title='bbox 1698 5077 1713 5123; x_wconf 88' lang='lat'><strong>;</strong></span> 
     </span>
    </p>
   </div>
   <div class='ocr_carea' id='block_1_101' title="bbox 134 5147 1715 5223">
    <p class='ocr_par' dir='ltr' id='par_1_101' title="bbox 134 5147 1715 5223">
     <span class='ocr_line' id='line_1_101' title="bbox 134 5147 1715 5223; baseline 0.003 -23"><span class='ocrx_word' id='word_1_781' title='bbox 134 5150 227 5202; x_wconf 75' lang='grc' dir='ltr'><strong>καὶ</strong></span> <span class='ocrx_word' id='word_1_782' title='bbox 256 5150 363 5218; x_wconf 83' lang='grc' dir='ltr'>τῆς</span> <span class='ocrx_word' id='word_1_783' title='bbox 417 5147 628 5201; x_wconf 79' lang='grc' dir='ltr'>ἐκείνου</span> <span class='ocrx_word' id='word_1_784' title='bbox 681 5149 902 5219; x_wconf 84' lang='grc' dir='ltr'>χάριτος</span> <span class='ocrx_word' id='word_1_785' title='bbox 934 5148 1091 5222; x_wconf 77' lang='grc' dir='ltr'>ὓϐριν</span> <span class='ocrx_word' id='word_1_786' title='bbox 1137 5150 1489 5217; x_wconf 79' lang='grc' dir='ltr'>ἀλλάξασθαι,</span> <span class='ocrx_word' id='word_1_787' title='bbox 1517 5154 1549 5222; x_wconf 89' lang='grc' dir='ltr'><strong>ή</strong></span> <span class='ocrx_word' id='word_1_788' title='bbox 1579 5152 1715 5223; x_wconf 79' lang='grc' dir='ltr'>μηδὲ</span> 
     </span>
    </p>
   </div>
   <div class='ocr_carea' id='block_1_102' title="bbox 128 5239 1711 5312">
    <p class='ocr_par' dir='ltr' id='par_1_102' title="bbox 128 5239 1711 5312">
     <span class='ocr_line' id='line_1_102' title="bbox 128 5239 1711 5312; baseline -0.008 -2"><span class='ocrx_word' id='word_1_789' title='bbox 128 5242 303 5312; x_wconf 50' lang='grc' dir='ltr'>κωρκ</span> <span class='ocrx_word' id='word_1_790' title='bbox 332 5239 544 5309; x_wconf 79' lang='grc' dir='ltr'>ὕϐρεως</span> <span class='ocrx_word' id='word_1_791' title='bbox 562 5240 907 5311; x_wconf 80' lang='grc' dir='ltr'>ἀνασχομένη</span> <span class='ocrx_word' id='word_1_792' title='bbox 922 5243 1019 5307; x_wconf 80' lang='grc' dir='ltr'><strong>τῆς</strong></span> <span class='ocrx_word' id='word_1_793' title='bbox 1039 5242 1339 5312; x_wconf 84' lang='grc' dir='ltr'>παρθενίας</span> <span class='ocrx_word' id='word_1_794' title='bbox 1366 5242 1711 5309; x_wconf 79' lang='grc' dir='ltr'>ὲξίστασθαι;</span> 
     </span>
    </p>
   </div>
   <div class='ocr_carea' id='block_1_103' title="bbox 130 5326 1712 5408">
    <p class='ocr_par' dir='ltr' id='par_1_103' title="bbox 130 5326 1712 5408">
     <span class='ocr_line' id='line_1_103' title="bbox 130 5326 1712 5408; baseline 0.003 -23"><span class='ocrx_word' id='word_1_795' title='bbox 130 5334 320 5401; x_wconf 79' lang='grc' dir='ltr'>Ἔχεις</span> <span class='ocrx_word' id='word_1_796' title='bbox 348 5326 445 5384; x_wconf 78' lang='grc' dir='ltr'>οὖν</span> <span class='ocrx_word' id='word_1_797' title='bbox 493 5331 643 5401; x_wconf 80' lang='grc' dir='ltr'>παρὰ</span> <span class='ocrx_word' id='word_1_798' title='bbox 677 5333 889 5403; x_wconf 85' lang='grc' dir='ltr'>σεαυτῷ</span> <span class='ocrx_word' id='word_1_799' title='bbox 917 5333 1017 5401; x_wconf 84' lang='grc' dir='ltr'>τῆς</span> <span class='ocrx_word' id='word_1_800' title='bbox 1041 5333 1417 5403; x_wconf 84' lang='grc' dir='ltr'>καθαρότητος</span> <span class='ocrx_word' id='word_1_801' title='bbox 1443 5337 1542 5406; x_wconf 81' lang='grc' dir='ltr'>τὴν</span> <span class='ocrx_word' id='word_1_802' title='bbox 1570 5354 1712 5408; x_wconf 87' lang='grc' dir='ltr'>μαρ-</span> 
     </span>
    </p>
   </div>
   <div class='ocr_carea' id='block_1_104' title="bbox 124 5423 1713 5497">
    <p class='ocr_par' dir='ltr' id='par_1_104' title="bbox 124 5423 1713 5497">
     <span class='ocr_line' id='line_1_104' title="bbox 124 5423 1713 5497; baseline 0.006 -23"><span class='ocrx_word' id='word_1_803' title='bbox 124 5425 324 5496; x_wconf 82' lang='grc' dir='ltr'>τυρίαν</span> <span class='ocrx_word' id='word_1_804' title='bbox 352 5424 811 5493; x_wconf 81' lang='grc' dir='ltr'>ἁπαράγραπτον·</span> <span class='ocrx_word' id='word_1_805' title='bbox 831 5423 912 5477; x_wconf 81' lang='grc' dir='ltr'><strong>διὸ</strong></span> <span class='ocrx_word' id='word_1_806' title='bbox 947 5444 965 5477; x_wconf 73' lang='grc' dir='ltr'><strong>ι</strong></span> <span class='ocrx_word' id='word_1_807' title='bbox 990 5425 1083 5494; x_wconf 81' lang='grc' dir='ltr'><strong>Μὴ</strong></span> <span class='ocrx_word' id='word_1_808' title='bbox 1108 5425 1351 5496; x_wconf 82' lang='grc' dir='ltr'>φοϐηθῇς</span> <span class='ocrx_word' id='word_1_809' title='bbox 1373 5427 1713 5497; x_wconf 88' lang='grc' dir='ltr'>παραλαϐεῖν</span> 
     </span>
    </p>
   </div>
   <div class='ocr_carea' id='block_1_105' title="bbox 122 5512 1715 5589">
    <p class='ocr_par' dir='ltr' id='par_1_105' title="bbox 122 5512 1715 5589">
     <span class='ocr_line' id='line_1_105' title="bbox 122 5512 1715 5589; baseline 0 -20"><span class='ocrx_word' id='word_1_810' title='bbox 122 5518 364 5587; x_wconf 79' lang='grc' dir='ltr'>Μαριὰμ</span> <span class='ocrx_word' id='word_1_811' title='bbox 419 5514 521 5585; x_wconf 74' lang='grc' dir='ltr'>τὴν</span> <span class='ocrx_word' id='word_1_812' title='bbox 549 5515 783 5581; x_wconf 81' lang='grc' dir='ltr'>γυναῖκά</span> <span class='ocrx_word' id='word_1_813' title='bbox 816 5531 908 5567; x_wconf 92' lang='grc' dir='ltr'><strong>σου</strong></span> <span class='ocrx_word' id='word_1_814' title='bbox 932 5529 947 5542; x_wconf 75' lang='grc'>⁸</span> <span class='ocrx_word' id='word_1_815' title='bbox 985 5533 1004 5567; x_wconf 74' lang='grc' dir='ltr'><strong>ι</strong></span> <span class='ocrx_word' id='word_1_816' title='bbox 1035 5512 1114 5578; x_wconf 75' lang='grc' dir='ltr'>οἷς</span> <span class='ocrx_word' id='word_1_817' title='bbox 1142 5515 1251 5587; x_wconf 84' lang='grc' dir='ltr'><strong>γὰρ</strong></span> <span class='ocrx_word' id='word_1_818' title='bbox 1292 5519 1428 5588; x_wconf 72' lang='grc' dir='ltr'>πρὸς</span> <span class='ocrx_word' id='word_1_819' title='bbox 1454 5519 1511 5569; x_wconf 86' lang='grc' dir='ltr'>σὲ</span> <span class='ocrx_word' id='word_1_820' title='bbox 1535 5517 1594 5569; x_wconf 83' lang='grc' dir='ltr'>τὸ</span> <span class='ocrx_word' id='word_1_821' title='bbox 1614 5518 1715 5589; x_wconf 84' lang='grc' dir='ltr'>τῆς</span> 
     </span>
    </p>
   </div>
   <div class='ocr_carea' id='block_1_106' title="bbox 125 5606 1714 5680">
    <p class='ocr_par' dir='ltr' id='par_1_106' title="bbox 125 5606 1714 5680">
     <span class='ocr_line' id='line_1_106' title="bbox 125 5606 1714 5680; baseline 0.001 -20"><span class='ocrx_word' id='word_1_822' title='bbox 125 5608 430 5680; x_wconf 74' lang='grc' dir='ltr'>παρθενίας</span> <span class='ocrx_word' id='word_1_823' title='bbox 495 5606 796 5675; x_wconf 82' lang='grc' dir='ltr'>ἀμόλυντον</span> <span class='ocrx_word' id='word_1_824' title='bbox 860 5606 1176 5670; x_wconf 82' lang='grc' dir='ltr'>διεσώσατο,</span> <span class='ocrx_word' id='word_1_825' title='bbox 1207 5608 1419 5671; x_wconf 79' lang='grc' dir='ltr'>τούτοις</span> <span class='ocrx_word' id='word_1_826' title='bbox 1464 5608 1714 5673; x_wconf 78' lang='grc' dir='ltr'>καὶτοὺς</span> 
     </span>
    </p>
   </div>
   <div class='ocr_carea' id='block_1_107' title="bbox 120 5701 1711 5776">
    <p class='ocr_par' dir='ltr' id='par_1_107' title="bbox 120 5701 1711 5776">
     <span class='ocr_line' id='line_1_107' title="bbox 120 5701 1711 5776; baseline 0.003 -23"><span class='ocrx_word' id='word_1_827' title='bbox 120 5704 561 5776; x_wconf 73' lang='grc' dir='ltr'>ἀναντιρρήτους</span> <span class='ocrx_word' id='word_1_828' title='bbox 587 5701 921 5773; x_wconf 80' lang='grc' dir='ltr'>πορίζεσθαι·</span> <span class='ocrx_word' id='word_1_829' title='bbox 944 5704 1080 5773; x_wconf 84' lang='grc' dir='ltr'>γυνή</span> <span class='ocrx_word' id='word_1_830' title='bbox 1100 5721 1212 5770; x_wconf 84' lang='grc' dir='ltr'>σου,</span> <span class='ocrx_word' id='word_1_831' title='bbox 1236 5702 1421 5773; x_wconf 75' lang='grc' dir='ltr'>φησὶν,</span> <span class='ocrx_word' id='word_1_832' title='bbox 1443 5703 1597 5772; x_wconf 77' lang='grc' dir='ltr'>ὁρᾷς,</span> <span class='ocrx_word' id='word_1_833' title='bbox 1619 5704 1711 5758; x_wconf 81' lang='grc' dir='ltr'><strong>καὶ</strong></span> 
     </span>
    </p>
   </div>
   <div class='ocr_carea' id='block_1_108' title="bbox 1824 4505 3396 4578">
    <p class='ocr_par' dir='ltr' id='par_1_108' title="bbox 1824 4505 3396 4578">
     <span class='ocr_line' id='line_1_108' title="bbox 1824 4505 3396 4578; baseline -0.002 -15"><span class='ocrx_word' id='word_1_834' title='bbox 1824 4510 2301 4565; x_wconf 88' lang='lat' dir='ltr'><strong>alteriusamorem</strong></span> <span class='ocrx_word' id='word_1_835' title='bbox 2317 4505 2803 4564; x_wconf 81' lang='lat' dir='ltr'><strong>admisisset?Etsi</strong></span> <span class='ocrx_word' id='word_1_836' title='bbox 2831 4508 3076 4561; x_wconf 90' lang='lat' dir='ltr'><strong>umbram</strong></span> <span class='ocrx_word' id='word_1_837' title='bbox 3105 4508 3396 4578; x_wconf 87' lang='lat' dir='ltr'><strong>quamdam</strong></span> 
     </span>
    </p>
   </div>
   <div class='ocr_carea' id='block_1_109' title="bbox 1822 4599 3397 4673">
    <p class='ocr_par' dir='ltr' id='par_1_109' title="bbox 1822 4599 3397 4673">
     <span class='ocr_line' id='line_1_109' title="bbox 1822 4599 3397 4673; baseline -0.003 -16"><span class='ocrx_word' id='word_1_838' title='bbox 1822 4603 2156 4673; x_wconf 87' lang='lat' dir='ltr'><strong>suspicionis</strong></span> <span class='ocrx_word' id='word_1_839' title='bbox 2182 4603 2360 4658; x_wconf 83' lang='lat' dir='ltr'><strong>adhuc</strong></span> <span class='ocrx_word' id='word_1_840' title='bbox 2406 4602 2706 4671; x_wconf 91' lang='lat' dir='ltr'><strong>reliquerit,</strong></span> <span class='ocrx_word' id='word_1_841' title='bbox 2761 4615 2887 4655; x_wconf 90' lang='lat' dir='ltr'><strong>reor</strong></span> <span class='ocrx_word' id='word_1_842' title='bbox 2930 4610 3021 4655; x_wconf 89' lang='lat' dir='ltr'><strong>tua</strong></span> <span class='ocrx_word' id='word_1_843' title='bbox 3065 4599 3397 4654; x_wconf 85' lang='lat' dir='ltr'><strong>matrimonii</strong></span> 
     </span>
    </p>
   </div>
   <div class='ocr_carea' id='block_1_110' title="bbox 1817 4690 3395 4762">
    <p class='ocr_par' dir='ltr' id='par_1_110' title="bbox 1817 4690 3395 4762">
     <span class='ocr_line' id='line_1_110' title="bbox 1817 4690 3395 4762; baseline -0.004 -15"><span class='ocrx_word' id='word_1_844' title='bbox 1817 4694 1943 4762; x_wconf 90' lang='lat' dir='ltr'><strong>jure</strong></span> <span class='ocrx_word' id='word_1_845' title='bbox 1971 4692 2112 4748; x_wconf 77' lang='lat' dir='ltr'><strong>facta</strong></span> <span class='ocrx_word' id='word_1_846' title='bbox 2148 4693 2383 4762; x_wconf 87' lang='lat' dir='ltr'><strong>seipsam</strong></span> <span class='ocrx_word' id='word_1_847' title='bbox 2428 4694 2689 4761; x_wconf 87' lang='lat' dir='ltr'><strong>majorem</strong></span> <span class='ocrx_word' id='word_1_848' title='bbox 2722 4700 2777 4746; x_wconf 90' lang='lat' dir='ltr'><strong>et</strong></span> <span class='ocrx_word' id='word_1_849' title='bbox 2806 4690 3161 4747; x_wconf 82' lang='lat' dir='ltr'><strong>excelsiorem</strong></span> <span class='ocrx_word' id='word_1_850' title='bbox 3184 4698 3237 4744; x_wconf 91' lang='lat' dir='ltr'><strong>et</strong></span> <span class='ocrx_word' id='word_1_851' title='bbox 3264 4690 3395 4760; x_wconf 83' lang='lat' dir='ltr'><strong>legi-</strong></span> 
     </span>
    </p>
   </div>
   <div class='ocr_carea' id='block_1_111' title="bbox 1823 4781 3394 4855">
    <p class='ocr_par' dir='ltr' id='par_1_111' title="bbox 1823 4781 3394 4855">
     <span class='ocr_line' id='line_1_111' title="bbox 1823 4781 3394 4855; baseline -0.003 -17"><span class='ocrx_word' id='word_1_852' title='bbox 1823 4783 1972 4840; x_wconf 90' lang='lat' dir='ltr'><strong>timis</strong></span> <span class='ocrx_word' id='word_1_853' title='bbox 2003 4783 2260 4850; x_wconf 88' lang='lat' dir='ltr'><strong>servavit,</strong></span> <span class='ocrx_word' id='word_1_854' title='bbox 2273 4782 2550 4853; x_wconf 88' lang='lat' dir='ltr'><strong>quomodo</strong></span> <span class='ocrx_word' id='word_1_855' title='bbox 2575 4782 2727 4838; x_wconf 90' lang='lat' dir='ltr'><strong>alteri</strong></span> <span class='ocrx_word' id='word_1_856' title='bbox 2762 4782 2931 4855; x_wconf 82' lang='lat' dir='ltr'><strong>legem</strong></span> <span class='ocrx_word' id='word_1_857' title='bbox 2962 4781 3394 4853; x_wconf 87' lang='lat' dir='ltr'><strong>transgrediendi</strong></span> 
     </span>
    </p>
   </div>
   <div class='ocr_carea' id='block_1_112' title="bbox 1821 4874 3397 4945">
    <p class='ocr_par' dir='ltr' id='par_1_112' title="bbox 1821 4874 3397 4945">
     <span class='ocr_line' id='line_1_112' title="bbox 1821 4874 3397 4945; baseline -0.004 -14"><span class='ocrx_word' id='word_1_858' title='bbox 1821 4875 2177 4931; x_wconf 85' lang='lat' dir='ltr'><strong>sustinuisset</strong></span> <span class='ocrx_word' id='word_1_859' title='bbox 2209 4874 2394 4929; x_wconf 90' lang='lat' dir='ltr'><strong>locum</strong></span> <span class='ocrx_word' id='word_1_860' title='bbox 2423 4875 2709 4945; x_wconf 82' lang='lat' dir='ltr'><strong>praebere?</strong></span> <span class='ocrx_word' id='word_1_861' title='bbox 2744 4874 2810 4929; x_wconf 90' lang='lat' dir='ltr'><strong>Et</strong></span> <span class='ocrx_word' id='word_1_862' title='bbox 2838 4891 2904 4929; x_wconf 84' lang='lat' dir='ltr'><strong>ex</strong></span> <span class='ocrx_word' id='word_1_863' title='bbox 2921 4874 3041 4945; x_wconf 87' lang='lat' dir='ltr'><strong>ejus</strong></span> <span class='ocrx_word' id='word_1_864' title='bbox 3076 4888 3262 4929; x_wconf 88' lang='lat' dir='ltr'><strong>amore</strong></span> <span class='ocrx_word' id='word_1_865' title='bbox 3299 4887 3397 4942; x_wconf 84' lang='lat' dir='ltr'><strong>0p-</strong></span> 
     </span>
    </p>
   </div>
   <div class='ocr_carea' id='block_1_113' title="bbox 1820 4962 3397 5036">
    <p class='ocr_par' dir='ltr' id='par_1_113' title="bbox 1820 4962 3397 5036">
     <span class='ocr_line' id='line_1_113' title="bbox 1820 4962 3397 5036; baseline -0.002 -17"><span class='ocrx_word' id='word_1_866' title='bbox 1820 4967 2101 5036; x_wconf 90' lang='lat' dir='ltr'><strong>probrium</strong></span> <span class='ocrx_word' id='word_1_867' title='bbox 2130 4966 2436 5033; x_wconf 86' lang='lat' dir='ltr'><strong>incurrere,</strong></span> <span class='ocrx_word' id='word_1_868' title='bbox 2467 4982 2588 5036; x_wconf 79' lang='lat' dir='ltr'><strong>qua:</strong></span> <span class='ocrx_word' id='word_1_869' title='bbox 2623 4982 2722 5020; x_wconf 88' lang='lat' dir='ltr'><strong>nec</strong></span> <span class='ocrx_word' id='word_1_870' title='bbox 2749 4966 2867 5020; x_wconf 79' lang='lat' dir='ltr'><strong>sine</strong></span> <span class='ocrx_word' id='word_1_871' title='bbox 2898 4963 3195 5034; x_wconf 89' lang='lat' dir='ltr'><strong>opprobrio</strong></span> <span class='ocrx_word' id='word_1_872' title='bbox 3219 4962 3397 5017; x_wconf 89' lang='lat' dir='ltr'><strong>noluit</strong></span> 
     </span>
    </p>
   </div>
   <div class='ocr_carea' id='block_1_114' title="bbox 1820 5055 3392 5130">
    <p class='ocr_par' dir='ltr' id='par_1_114' title="bbox 1820 5055 3392 5130">
     <span class='ocr_line' id='line_1_114' title="bbox 1820 5055 3392 5130; baseline -0.004 -17"><span class='ocrx_word' id='word_1_873' title='bbox 1820 5059 2132 5129; x_wconf 77' lang='lat' dir='ltr'><strong>virginitate</strong></span> <span class='ocrx_word' id='word_1_874' title='bbox 2155 5060 2453 5116; x_wconf 82' lang='lat' dir='ltr'><strong>excedere?</strong></span> <span class='ocrx_word' id='word_1_875' title='bbox 2479 5058 2655 5115; x_wconf 84' lang='lat' dir='ltr'><strong>llabcs</strong></span> <span class='ocrx_word' id='word_1_876' title='bbox 2681 5059 2844 5130; x_wconf 83' lang='lat' dir='ltr'><strong>igitur</strong></span> <span class='ocrx_word' id='word_1_877' title='bbox 2876 5066 2930 5111; x_wconf 92' lang='lat' dir='ltr'><strong>et</strong></span> <span class='ocrx_word' id='word_1_878' title='bbox 2959 5071 3127 5127; x_wconf 85' lang='lat' dir='ltr'><strong>prope</strong></span> <span class='ocrx_word' id='word_1_879' title='bbox 3162 5055 3392 5125; x_wconf 86' lang='lat' dir='ltr'><strong>teipsum</strong></span> 
     </span>
    </p>
   </div>
   <div class='ocr_carea' id='block_1_115' title="bbox 1822 5147 3393 5222">
    <p class='ocr_par' dir='ltr' id='par_1_115' title="bbox 1822 5147 3393 5222">
     <span class='ocr_line' id='line_1_115' title="bbox 1822 5147 3393 5222; baseline -0.003 -16"><span class='ocrx_word' id='word_1_880' title='bbox 1822 5152 2355 5222; x_wconf 76' lang='lat' dir='ltr'><strong>incircumsrriptum</strong></span> <span class='ocrx_word' id='word_1_881' title='bbox 2422 5153 2705 5207; x_wconf 64' lang='lat' dir='ltr'><strong>munditiae</strong></span> <span class='ocrx_word' id='word_1_882' title='bbox 2784 5150 3183 5205; x_wconf 88' lang='lat' dir='ltr'><strong>testimonium.</strong></span> <span class='ocrx_word' id='word_1_883' title='bbox 3245 5147 3393 5210; x_wconf 84' lang='lat' dir='ltr'><strong>ideo,</strong></span> 
     </span>
    </p>
   </div>
   <div class='ocr_carea' id='block_1_116' title="bbox 1826 5243 3387 5315">
    <p class='ocr_par' dir='ltr' id='par_1_116' title="bbox 1826 5243 3387 5315">
     <span class='ocr_line' id='line_1_116' title="bbox 1826 5243 3387 5315; baseline -0.003 -18"><span class='ocrx_word' id='word_1_884' title='bbox 1826 5263 1845 5297; x_wconf 75' lang='grc' dir='ltr'><strong>ι</strong></span> <span class='ocrx_word' id='word_1_885' title='bbox 1880 5244 1999 5299; x_wconf 87' lang='lat' dir='ltr'><strong>Noli</strong></span> <span class='ocrx_word' id='word_1_886' title='bbox 2042 5245 2237 5299; x_wconf 89' lang='lat' dir='ltr'><strong>timere</strong></span> <span class='ocrx_word' id='word_1_887' title='bbox 2265 5248 2508 5315; x_wconf 83' lang='lat' dir='ltr'><strong>accipere</strong></span> <span class='ocrx_word' id='word_1_888' title='bbox 2551 5245 2774 5299; x_wconf 77' lang='lat' dir='ltr'><strong>Mariam</strong></span> <span class='ocrx_word' id='word_1_889' title='bbox 2815 5243 3103 5313; x_wconf 88' lang='lat' dir='ltr'><strong>conjugem</strong></span> <span class='ocrx_word' id='word_1_890' title='bbox 3147 5250 3319 5296; x_wconf 90' lang='lat' dir='ltr'><strong>tuam.</strong></span> <span class='ocrx_word' id='word_1_891' title='bbox 3370 5259 3387 5290; x_wconf 74' lang='grc' dir='ltr'><strong>ι</strong></span> 
     </span>
    </p>
   </div>
   <div class='ocr_carea' id='block_1_117' title="bbox 1819 5335 3390 5408">
    <p class='ocr_par' dir='ltr' id='par_1_117' title="bbox 1819 5335 3390 5408">
     <span class='ocr_line' id='line_1_117' title="bbox 1819 5335 3390 5408; baseline -0.004 -18"><span class='ocrx_word' id='word_1_892' title='bbox 1819 5336 2030 5402; x_wconf 86' lang='lat' dir='ltr'><strong>Quibus</strong></span> <span class='ocrx_word' id='word_1_893' title='bbox 2075 5338 2221 5391; x_wconf 87' lang='lat' dir='ltr'><strong>enim</strong></span> <span class='ocrx_word' id='word_1_894' title='bbox 2278 5340 2458 5408; x_wconf 91' lang='lat' dir='ltr'><strong>quoad</strong></span> <span class='ocrx_word' id='word_1_895' title='bbox 2519 5348 2569 5391; x_wconf 90' lang='lat' dir='ltr'><strong>te</strong></span> <span class='ocrx_word' id='word_1_896' title='bbox 2628 5337 2955 5408; x_wconf 83' lang='lat' dir='ltr'><strong>virginitatis</strong></span> <span class='ocrx_word' id='word_1_897' title='bbox 3027 5335 3390 5404; x_wconf 88' lang='lat' dir='ltr'><strong>integritatem</strong></span> 
     </span>
    </p>
   </div>
   <div class='ocr_carea' id='block_1_118' title="bbox 1819 5420 3393 5500">
    <p class='ocr_par' dir='ltr' id='par_1_118' title="bbox 1819 5420 3393 5500">
     <span class='ocr_line' id='line_1_118' title="bbox 1819 5420 3393 5500; baseline -0.006 -17"><span class='ocrx_word' id='word_1_898' title='bbox 1819 5429 2073 5493; x_wconf 80' lang='lat' dir='ltr'><strong>servavit,</strong></span> <span class='ocrx_word' id='word_1_899' title='bbox 2106 5429 2172 5485; x_wconf 91' lang='lat' dir='ltr'><strong>iis</strong></span> <span class='ocrx_word' id='word_1_900' title='bbox 2211 5439 2266 5484; x_wconf 87' lang='lat' dir='ltr'><strong>et.</strong></span> <span class='ocrx_word' id='word_1_901' title='bbox 2296 5420 2618 5485; x_wconf 68' lang='lat' dir='ltr'><strong>inconcussa</strong></span> <span class='ocrx_word' id='word_1_902' title='bbox 2644 5439 2967 5500; x_wconf 86' lang='lat' dir='ltr'><strong>argumenta</strong></span> <span class='ocrx_word' id='word_1_903' title='bbox 2989 5428 3226 5498; x_wconf 76' lang='lat' dir='ltr'><strong>praebet;</strong></span> <span class='ocrx_word' id='word_1_904' title='bbox 3260 5440 3393 5477; x_wconf 82' lang='lat' dir='ltr'><strong>uxor</strong></span> 
     </span>
    </p>
   </div>
   <div class='ocr_carea' id='block_1_119' title="bbox 1819 5521 3388 5591">
    <p class='ocr_par' dir='ltr' id='par_1_119' title="bbox 1819 5521 3388 5591">
     <span class='ocr_line' id='line_1_119' title="bbox 1819 5521 3388 5591; baseline -0.005 -18"><span class='ocrx_word' id='word_1_905' title='bbox 1819 5530 1932 5583; x_wconf 90' lang='lat' dir='ltr'><strong>tua,</strong></span> <span class='ocrx_word' id='word_1_906' title='bbox 1966 5521 2163 5590; x_wconf 89' lang='lat' dir='ltr'><strong>inquit,</strong></span> <span class='ocrx_word' id='word_1_907' title='bbox 2195 5529 2256 5574; x_wconf 83' lang='lat' dir='ltr'><strong>ut</strong></span> <span class='ocrx_word' id='word_1_908' title='bbox 2278 5522 2455 5587; x_wconf 91' lang='lat' dir='ltr'><strong>audis,</strong></span> <span class='ocrx_word' id='word_1_909' title='bbox 2486 5538 2517 5577; x_wconf 90' lang='lat' dir='ltr'><strong>a</strong></span> <span class='ocrx_word' id='word_1_910' title='bbox 2548 5537 2633 5576; x_wconf 90' lang='lat' dir='ltr'><strong>me</strong></span> <span class='ocrx_word' id='word_1_911' title='bbox 2664 5524 2779 5591; x_wconf 90' lang='lat' dir='ltr'><strong>ipso</strong></span> <span class='ocrx_word' id='word_1_912' title='bbox 2814 5522 3034 5585; x_wconf 89' lang='lat' dir='ltr'><strong>dicitur,</strong></span> <span class='ocrx_word' id='word_1_913' title='bbox 3054 5528 3107 5573; x_wconf 90' lang='lat' dir='ltr'><strong>et</strong></span> <span class='ocrx_word' id='word_1_914' title='bbox 3134 5530 3255 5571; x_wconf 88' lang='lat' dir='ltr'><strong>eam</strong></span> <span class='ocrx_word' id='word_1_915' title='bbox 3280 5529 3388 5567; x_wconf 90' lang='lat' dir='ltr'><strong>non</strong></span> 
     </span>
    </p>
   </div>
   <div class='ocr_carea' id='block_1_120' title="bbox 1817 5602 3387 5682">
    <p class='ocr_par' dir='ltr' id='par_1_120' title="bbox 1817 5602 3387 5682">
     <span class='ocr_line' id='line_1_120' title="bbox 1817 5602 3387 5682; baseline -0.008 -16"><span class='ocrx_word' id='word_1_916' title='bbox 1817 5612 2143 5681; x_wconf 88' lang='lat' dir='ltr'><strong>cognovisti.</strong></span> <span class='ocrx_word' id='word_1_917' title='bbox 2176 5611 2230 5666; x_wconf 89' lang='lat' dir='ltr'><strong>Si</strong></span> <span class='ocrx_word' id='word_1_918' title='bbox 2265 5624 2445 5669; x_wconf 88' lang='lat' dir='ltr'><strong>autem</strong></span> <span class='ocrx_word' id='word_1_919' title='bbox 2482 5629 2545 5667; x_wconf 79' lang='lat' dir='ltr'><strong>ex</strong></span> <span class='ocrx_word' id='word_1_920' title='bbox 2573 5628 2681 5682; x_wconf 87' lang='lat' dir='ltr'><strong>quo</strong></span> <span class='ocrx_word' id='word_1_921' title='bbox 2714 5616 2816 5668; x_wconf 89' lang='lat' dir='ltr'><strong>hoc</strong></span> <span class='ocrx_word' id='word_1_922' title='bbox 2843 5611 3031 5666; x_wconf 79' lang='lat' dir='ltr'><strong>uxoris</strong></span> <span class='ocrx_word' id='word_1_923' title='bbox 3061 5620 3256 5661; x_wconf 89' lang='lat' dir='ltr'><strong>nomen</strong></span> <span class='ocrx_word' id='word_1_924' title='bbox 3286 5602 3387 5655; x_wconf 81' lang='lat' dir='ltr'><strong>sibi</strong></span> 
     </span>
    </p>
   </div>
   <div class='ocr_carea' id='block_1_121' title="bbox 1817 5703 3383 5774">
    <p class='ocr_par' dir='ltr' id='par_1_121' title="bbox 1817 5703 3383 5774">
     <span class='ocr_line' id='line_1_121' title="bbox 1817 5703 3383 5774; baseline -0.009 -16"><span class='ocrx_word' id='word_1_925' title='bbox 1817 5704 2141 5774; x_wconf 83' lang='lat' dir='ltr'><strong>assumpsit,</strong></span> <span class='ocrx_word' id='word_1_926' title='bbox 2167 5712 2340 5761; x_wconf 89' lang='lat' dir='ltr'><strong>totum</strong></span> <span class='ocrx_word' id='word_1_927' title='bbox 2370 5704 2473 5759; x_wconf 86' lang='lat' dir='ltr'><strong>hoc</strong></span> <span class='ocrx_word' id='word_1_928' title='bbox 2504 5713 2720 5773; x_wconf 86' lang='lat' dir='ltr'><strong>tempus</strong></span> <span class='ocrx_word' id='word_1_929' title='bbox 2748 5705 2817 5760; x_wconf 88' lang='lat' dir='ltr'><strong>ab</strong></span> <span class='ocrx_word' id='word_1_930' title='bbox 2846 5703 2995 5758; x_wconf 90' lang='lat' dir='ltr'><strong>omni</strong></span> <span class='ocrx_word' id='word_1_931' title='bbox 3025 5709 3202 5753; x_wconf 86' lang='lat' dir='ltr'><strong>tecum</strong></span> <span class='ocrx_word' id='word_1_932' title='bbox 3233 5707 3383 5748; x_wconf 80' lang='lat' dir='ltr'><strong>cotu-</strong></span> 
     </span>
    </p>
   </div>
  </div>
