3830 6210
461 275 564 342 167

1615 269 1883 330 PHOTI-I
1919 268 2048 329 ΡΑἸ

2157 265 2426 327 ΑΒΟΙΙᾸΞ
2460 265 2572 325 CP.
3613 271 3696 330 I68

457 395 664 454 mercio
689 392 952 448 mundum
974 391 1234 453 ostendit,
1259 390 1535 460 quomodo
1559 405 1668 444 non
1694 389 2046 444 manifestum

2157 385 2284 455 παρ’
2307 384 2445 454 ἐμοῦ
2497 385 2736 451 λέγεται,
2786 379 2884 435 καὶ
2913 380 3111 451 πεῖραν
3139 378 3306 450 αὐτῆς
3334 379 3432 432 οὐκ
3465 380 3596 451 ἔχεις
3619 402 3630 414 -
3659 391 3698 439 εἰ

456 499 540 546 est
565 488 712 542 illam
741 502 904 541 omne
942 485 1168 538 alterius
1195 483 1585 538 commercium
1632 481 1910 544 vitavisse,
1940 495 2040 533 cu-

453 580 545 651 jus
577 593 756 648 neque
789 579 1021 631 humana
1072 590 1250 646 neque
1299 574 1486 628 divina
1537 587 1635 626 vos
1664 586 1890 627 uxorem
1922 585 2040 624 eam

457 673 801 730 nominavit?

531 853 608 908 Ita
648 854 815 923 igitur
863 851 1092 923 angelus
1145 852 1248 904 hac
1285 850 1473 904 uxoris
1520 846 1882 918 appellatione
1922 860 2042 900 eam

459 943 722 998 mundam
750 956 874 997 esse
915 942 985 995 ab
1026 939 1176 994 omni
1223 939 1504 993 immunda
1543 935 1860 1007 suSpicione
1889 932 2044 988 lose-

459 1036 628 1104 phum
669 1036 848 1088 docet.
898 1031 1216 1086 Nominat-et
1259 1039 1441 1085 autem
1495 1030 1633 1084 forte
1661 1042 1782 1082 eam
1813 1042 2043 1082 uxorem

460 1135 512 1182 et
541 1127 668 1196 quia
696 1125 847 1179 nulla
873 1138 1135 1179 curarmn
1169 1137 1291 1192 quae
1317 1121 1385 1176 de
1416 1135 1594 1174 uxore
1631 1119 1809 1173 virum
1843 1118 2046 1172 sollici-

459 1228 577 1273 tant
603 1233 725 1273 eam
747 1218 932 1286 justus
953 1215 1216 1286 privabal.
1243 1214 1307 1268 Et
1335 1213 1442 1267 alia
1467 1211 1765 1283 providens
1793 1225 1914 1265 eam
1937 1225 2044 1264 non

461 1312 766 1383 negligebat
790 1350 803 1367 .
853 1318 906 1363 et
944 1308 1091 1363 domi
1133 1306 1536 1362 cohabitantem
1567 1304 2046 1374 circumloqueba-

463 1417 572 1471 tur,
608 1414 662 1460 et
697 1404 842 1458 omni
889 1403 1094 1473 probro
1138 1409 1193 1455 et
1235 1400 1535 1465 calumnia,
1581 1398 2043 1469 quemadmodum

461 1496 723 1566 sapientis
753 1496 941 1549 uxoris
964 1493 1219 1557 maritus,
1255 1508 1376 1548 eam
1415 1492 1758 1562 superiorem
1794 1491 2050 1546 studebat

384 1617 388 1620 -
459 1590 663 1643 videre.
696 1586 756 1642 Si
787 1596 970 1642 autem
996 1595 1052 1640 et
1079 1600 1310 1640 uxorem
1349 1583 1509 1647 dixit,
1559 1583 1688 1652 quia
1735 1582 1923 1652 sponsi
1955 1597 2047 1635 or-

457 1683 639 1736 dinem
691 1679 895 1750 .losepb
949 1680 1203 1744 habebat,
1250 1688 1303 1732 et
1342 1686 1400 1732 ut
1442 1691 1677 1746 sponsos
1734 1691 1854 1732 mos
1912 1688 2044 1744 ipse,

2142 475 2184 528 δ’
2209 475 2295 544 ἐφ’
2328 469 2389 529 οὗ
2411 475 2473 528 τὸ
2499 474 2599 544 τῆς
2642 471 2904 542 γυναικὸς
2933 472 3177 541 ἥρμοσεν
3215 471 3408 541 ὄνομα,
3471 473 3692 546 τοῦτονὴ

2145 567 2420 639 Παρθένος
2445 566 2610 630 ἔδειξε
2629 564 3006 635 καθαρεύοντα
3025 563 3128 633 τῆς
3164 564 3301 634 πρὸς
3317 564 3474 616 αὑτὸν
3491 566 3698 634 ὁμιλίας,

2144 660 2262 722 πῶς
2280 659 2379 712 οὑκ
2401 657 2622 728 εὔδηλον
2641 658 2723 710 ὅτι
2746 657 2841 710 καὶ
2865 655 3064 718 παντὸς
3088 653 3270 719 ἄλλου,
3285 650 3345 709 οὑ
3373 657 3505 728 μήτε
3524 659 3702 730 ἀνθρώ-

2143 769 2298 815 πινος
2357 752 2491 823 μήτε
2545 750 2689 813 θεῖος
2735 751 2894 818 λόγος
2923 747 3207 819 ὀνομάζων
3253 747 3408 819 ὤφθη
3459 755 3698 818 γυναῖκας

2221 846 2379 899 Οὕτω
2432 847 2527 916 μὲν
2549 844 2642 898 οὖν
2665 845 2694 897 ὁ
2723 843 2958 911 ἄγγελος
2984 841 3073 894 διὰ
3090 842 3192 910 τῆς
3224 842 3591 912 προσηγορίας
3612 846 3696 912 τῆς

2144 939 2404 1008 γυναικὸς
2433 936 2764 1008 καθαρεύειν
2795 937 2977 1006 πάσης
3006 935 3107 988 οὑκ
3139 932 3370 1001 εὑαγοῦς
3409 934 3698 1004 ὑπολήψεως

2144 1033 2236 1086 τὸν
2276 1029 2478 1102 Ἰωσὴφ
2502 1029 2834 1083 ἐκδιδάσκει.
2881 1025 3172 1096 ὐνομὲιζει
3195 1026 3241 1077 δ’
3276 1027 3342 1078 ἂν
3369 1025 3494 1088 ἴσως
3545 1029 3695 1097 αὑτὴν

2146 1127 2403 1193 γυναῖκα,
2450 1124 2544 1174 καὶ
2583 1121 2720 1174 διότι
2769 1121 2900 1190 περὶ
2943 1118 3207 1188 γυναικὸς
3261 1120 3386 1171 ὅσαι
3447 1119 3703 1186 φροντίδες

2148 1218 2365 1287 ἔχουσιν
2383 1215 2574 1286 ἄνδρα,
2605 1213 2867 1282 οὑδεμιᾶς
2887 1212 3094 1282 ταύτην
3120 1213 3148 1266 ὁ
3176 1212 3390 1272 δίκαιος
3422 1211 3701 1280 ἀπεστέρει.

2149 1310 2233 1362 Τά
2259 1327 2319 1362 τε
2346 1311 2454 1378 γὰρ
2510 1307 2648 1360 ἄλλα
2708 1305 3110 1376 προνοούμενος
3163 1305 3339 1373 αὐτῆς
3369 1305 3470 1356 οὐκ
3517 1305 3701 1372 ἠμέλει,

2149 1402 2244 1453 καὶ
2273 1400 2410 1454 οἴκοι
2440 1398 2707 1452 συνοῦσαν
2758 1400 3033 1468 περιεῖπε,
3065 1396 3163 1450 καὶ
3189 1396 3386 1466 μώμου
3418 1395 3606 1460 παντὸς
3630 1398 3706 1450 καὶ

2148 1492 2405 1562 διαϐολῆς
2458 1491 2700 1562 ἁπάσης,
2736 1485 2827 1544 οἷα
2875 1490 2940 1562 δὴ
2984 1490 3214 1558 κόσμιος
3280 1491 3420 1560 ἀνὴρ
3481 1492 3706 1557 γυναικὸς

2152 1584 2543 1655 σωφρονούσης
2591 1583 2872 1654 ἀνωτέραν
2909 1582 3222 1648 ἐσπούδαζε
3284 1581 3629 1651 καθορᾶσθαι.
3656 1581 3706 1635 Εἰ

2151 1677 2208 1729 δὲ
2231 1677 2328 1731 καὶ
2376 1679 2614 1746 γυναῖκα
2677 1681 2966 1748 προσεῖπε,
3003 1677 3138 1730 διότι
3173 1677 3486 1748 μνηστῆρος
3519 1675 3706 1740 τάξινό

456 1771 673 1826 etiamsi
707 1773 952 1824 nondum
988 1770 1286 1823 thalamum
1331 1767 1565 1838 ingressi
1613 1766 1747 1832 sint,
1781 1782 1891 1821 non
1922 1781 2047 1836 pro-

2161 1771 2359 1840 Ἰωσὴφ
2388 1741 2554 1839 εἶχεν,
2578 1741 2768 1839 ὥσπερ
2793 1769 2848 1821 δὲ
2877 1769 2972 1822 καὶ
3009 1771 3136 1831 τοὶς
3170 1741 3489 1838 μνηστῆρας
3504 1768 3560 1820 τὸ
3587 1767 3705 1832 ἔθος,

456 1865 608 1918 hibet
629 1863 775 1917 viros
801 1861 1081 1932 appellari,
1116 1862 1197 1916 sic
1234 1870 1289 1914 et
1315 1875 1439 1930 quae
1469 1860 1842 1930 virginitatem
1869 1860 2046 1914 adhuc

457 1964 701 2021 servant,
742 1955 1003 2009 mulieres
1037 1967 1230 2008 eorum
1264 1952 1534 2021 permittit
1574 1951 1903 2021 nuncupari,
1937 1966 2043 2005 non

455 2049 676 2102 deceret
705 2063 792 2102 me
831 2048 936 2103 hoc
963 2049 1213 2118 rejicere.
1263 2047 1473 2104 Etenim
1512 2060 1566 2104 et
1603 2047 1772 2104 Jacob
1811 2045 2046 2116 patriar-

458 2141 580 2205 cha,
617 2142 776 2210 cujus
819 2141 1059 2195 nomlum
1103 2141 1438 2195 commercio
1472 2156 1608 2196 usus
1659 2146 1781 2195 erat
1819 2137 2045 2201 Rachel,

460 2233 746 2285 mulierem
775 2247 930 2286 suam
965 2230 1253 2286 manifeste
1297 2242 1476 2285 vocat.
1523 2229 1665 2285 Dicit
1717 2228 1784 2284 ad
1835 2227 2044 2290 Laban,

453 2334 753 2395 postquam
783 2325 897 2394 jam
939 2325 1022 2379 sui
1060 2324 1267 2378 servitii
1311 2321 1868 2394 tempus.complevit.
1909 2336 1928 2370 ι
1971 2315 2046 2372 Da

461 2433 687 2474 uxorem
720 2432 922 2479 meam,
963 2417 1218 2486 completi
1273 2426 1403 2472 sunt
1445 2416 1593 2471 enim
1640 2415 1761 2469 dies
1809 2413 1940 2474 mei,
1985 2421 2048 2466 ut

462 2512 739 2579 ingrediar
759 2511 826 2566 ad
861 2526 980 2565 eam
1022 2510 1087 2564 ιε.
1128 2529 1146 2562 ι
1177 2510 1268 2564 Sic
1289 2510 1506 2580 priscus
1531 2524 1652 2564 mos
1684 2517 1765 2563 est
1792 2506 2048 2562 mulieres

460 2619 556 2659 cas
581 2619 706 2674 qua:
733 2611 863 2659 sunt
893 2617 1112 2673 sponsae
1146 2617 1366 2656 vocare.
1397 2600 1474 2656 Ita
1510 2609 1572 2656 ut
1603 2599 1734 2654 inde
1765 2599 1950 2653 videre
1979 2597 2050 2653 sit

453 2698 710 2752 mulieris
777 2696 1196 2767 appellationem
1253 2694 1481 2748 minime
1527 2693 1794 2762 virginem
1839 2689 2049 2745 contri-

456 2801 613 2845 stare
663 2788 926 2843 voluisse.
959 2786 1197 2858 Virginis
1226 2793 1407 2840 autem
1435 2784 1647 2839 nomini
1690 2799 1799 2838 non
1829 2791 2052 2837 contra-

461 2883 648 2936 dicere
692 2880 941 2935 mulieris
1001 2893 1200 2933 nomen
1265 2885 1414 2947 patet
1469 2892 1533 2930 ex
1586 2877 1803 2946 generis
1857 2874 2052 2929 distin-

461 2975 666 3038 ctione,
699 2974 752 3027 in
789 2975 1063 3028 hominem
1089 2982 1143 3026 et
1174 2971 1460 3027 mulierem
1493 2979 1746 3024 naturam
1773 2968 2048 3023 dividens.

2149 1861 2254 1914 κᾶν
2279 1859 2433 1913 οὑπω
2490 1860 2755 1929 συνῆλθον
2806 1862 2888 1924 εἱς
2918 1861 3100 1929 εὑνὴν,
3132 1861 3192 1912 οὑ
3235 1859 3437 1912 κωλύει
3459 1876 3701 1929 προσαγο-

2152 1953 2332 2024 ρεύειν
2378 1955 2601 2023 ἄνδρας,
2660 1951 2804 2005 οὕτω
2827 1953 2891 2022 δὴ
2925 1954 3017 2005 καὶ
3039 1955 3162 2006 ὅσαι
3194 1953 3297 2022 τὴν
3328 1951 3613 2020 παρθενίαν
3637 1952 3702 2003 ἔτι

2150 2045 2497 2111 διασώζουσι,
2529 2048 2793 2114 γυναῖκας
2825 2046 3004 2099 αὐτῶν
3032 2044 3226 2097 δίδωσι
3253 2044 3556 2107 καλεῖσθαι,
3582 2043 3709 2095 οὐδὲν

2150 2140 2274 2210 ἐμοὶ
2335 2139 2689 2210 διαφέρεσθαι
2750 2139 3052 2208 προσήκει·
3088 2138 3179 2190 καὶ
3208 2137 3324 2206 γὰρ
3359 2137 3454 2190 κα)⁹
3488 2136 3703 2190 Ἰακὼϐὀ

2150 2232 2520 2302 πατριάρχης,
2545 2229 2613 2302 ἦς
2642 2230 2796 2284 οὔπω
2856 2230 3134 2293 καταστὰς
3166 2225 3235 2300 ἦν
3272 2231 3354 2291 εἰς
3386 2231 3574 2299 πεῖραν
3601 2230 3710 2298 ὀμι-

2148 2324 2292 2390 λίας,
2319 2325 2418 2397 τὴν
2452 2325 2657 2396 Ῥαχὴλ
2709 2325 2878 2393 λέγω,
2940 2326 3176 2392 γυναῖκα
3219 2323 3392 2377 αὑτοῦ
3429 2321 3712 2393 περιφανῶς

2150 2418 2426 2488 ὀνομάζει.
2490 2418 2632 2488 Φησὶ
2662 2417 2798 2488 πρὸς
2838 2416 3046 2476 Λάϐαν,
3084 2417 3184 2486 ἤδη
3218 2415 3316 2468 τὸν
3372 2415 3472 2483 τῆς
3501 2412 3712 2474 δουλείας

2151 2511 2276 2581 ὅρον
2325 2506 2794 2580 ἑκπεπληρωκὼς,
2845 2527 2863 2560 ι
2901 2503 3144 2571 Ἀπόδος
3179 2507 3286 2579 τὴν
3337 2507 3566 2576 γυναῖκά
3610 2523 3710 2578 μου,

2153 2601 2546 2672 πεπλήρωνται
2584 2601 2690 2671 γὰρ
2714 2603 2770 2653 αἱ
2795 2602 2999 2672 ἡμέραι
3030 2618 3154 2670 μου,
3185 2602 3344 2663 ὅπως
3364 2599 3581 2652 εἰσέλθω
3600 2598 3712 2668 πρὶς

2151 2695 2393 2764 αὑτήν.»
2429 2694 2621 2759 υῦτως
2675 2696 2794 2746 ἐστὶ
2855 2694 3086 2747 παλαιὸν
3142 2693 3272 2756 ἔθος
3334 2694 3588 2762 γυναῖκας
3631 2692 3712 2742 καὶ

2152 2787 2252 2848 τὰς
2309 2790 2802 2859 μεμνηστευμένας
2859 2787 3173 2856 ὀνομάζειν.
3231 2788 3404 2840 ’Ὥστε
3451 2783 3713 2839 κάντεῦθεν

2153 2878 2270 2932 ἔστι
2328 2880 2513 2934 λαϐεῖν
2557 2881 2632 2944 ὡς
2665 2882 2832 2952 μηδὲν
2867 2883 2901 2953 ἡ
2931 2882 3033 2951 τῆς
3083 2881 3353 2950 γυναικὸς
3403 2876 3714 2952 προσηγορία

2156 2974 2501 3042 παραλυπεῖν
2533 2975 2710 3028 ἐθέλει
2761 2976 2859 3045 τὴν
2883 2974 3210 3044 παρθενίαν.
3242 2973 3373 3026 Ὅτι
3404 2973 3458 3026 δὲ
3489 2971 3614 3042 πρὸς
3635 2970 3714 3036 τὴν

459 3065 706 3121 Mulieris
753 3065 898 3118 enim
964 3063 1129 3118 verbo
1185 3078 1292 3116 non
1359 3061 1536 3116 solum
1599 3075 1720 3130 quae
1773 3059 2048 3115 hominem

2158 3062 2427 3133 παρθένον
2455 3065 2516 3117 τὸ
2573 3064 2674 3134 τῆς
2732 3065 2991 3134 γυναικὸς
3014 3063 3074 3116 οὑ
3105 3064 3344 3135 μάχεται
3404 3063 3586 3132 ὄνομα,
3635 3060 3712 3128 ἣτε

463 3175 570 3214 non
599 3166 992 3228 cognoverunt,
1027 3171 1206 3224 neque
1241 3170 1320 3209 ea}
1349 3155 1528 3210 solum
1556 3147 1758 3222 quibus
1787 3151 2052 3222 contingit

451 3263 546 3318 ut,
591 3253 906 3321 virginitate
946 3260 1322 3322 permanente,
1405 3245 1785 3302 adolescentia:
1853 3245 2054 3300 ﬁnibus

471 3345 856 3414 egrediantur;
896 3342 989 3398 sed
1025 3349 1080 3396 et
1127 3339 1329 3395 femina
1396 3349 1523 3392 ante
1581 3335 1920 3405 iuventutem
1970 3335 2054 3388 vel

464 3437 629 3489 etiam
663 3449 854 3488 recens
915 3440 1043 3486 nata
1101 3429 1604 3500 comprehenditur.
1687 3426 2056 3492 Quemadmo-

465 3530 618 3592 dum,
656 3536 718 3579 ut
743 3533 910 3594 patet,
940 3538 1138 3578 nomen
1171 3522 1275 3576 viri
1303 3520 1632 3590 participant
1655 3531 1709 3576 et
1735 3519 1828 3590 qui
1857 3533 2055 3589 pueros

463 3630 770 3690 genuerunt
797 3626 853 3672 et
898 3617 994 3687 qui
1058 3617 1200 3671 inter
1240 3615 1473 3685 juvenes
1513 3623 1900 3679 numerantur,
1960 3614 2054 3669 sed

464 3726 520 3768 et
572 3714 667 3784 qui
697 3713 861 3782 hujus
889 3712 1068 3767 anatis
1109 3726 1284 3781 usque
1332 3710 1401 3764 ad
1437 3720 1656 3766 teneros
1692 3709 2052 3764 descendunt.

469 3804 561 3859 Sic
606 3803 773 3872 igitur
810 3817 874 3855 ea
924 3801 1086 3856 solito
1132 3816 1235 3854 usu
1285 3799 1445 3853 facile
1496 3807 1752 3868 perceptu
1792 3807 1876 3852 est
1929 3813 2050 3850 mu-

469 3897 619 3951 lieris
661 3910 848 3948 vocem
877 3909 985 3947 non
1038 3893 1254 3946 auferre
1278 3893 1423 3961 quod
1464 3892 1836 3961 virginitatem
1881 3891 2054 3945 decet.

469 3989 755 4044 Mulierem
805 3989 950 4041 enim
989 4001 1098 4040 non
1149 3985 1339 4050 semel,
1393 3983 1488 4039 sed
1523 3992 1576 4037 ct
1627 3984 1828 4054 saepius
1886 3982 2056 4037 Evam

469 4091 630 4137 vocat
651 4080 845 4134 Adami
898 4094 1126 4134 uxorem
1179 4077 1425 4146 virgineo
1451 4075 1631 4131 adhuc
1676 4086 1924 4131 ornatam
1965 4076 2059 4129 dc-

468 4191 595 4229 core
623 4183 678 4228 et
703 4173 854 4241 puris
892 4170 1133 4241 paradisi
1159 4169 1388 4223 ﬂoribus
1419 4176 1764 4231 vernantem,
1806 4175 1861 4221 et
1900 4167 2059 4235 longe

471 4283 500 4321 a
551 4267 1011 4336 transgressione,
1067 4262 1451 4330 ethominico
1507 4261 1765 4315 mandato
1821 4268 2055 4314 stantem

469 4367 524 4413 et
552 4358 819 4421 nuditate.
853 4367 908 4412 et
932 4357 1123 4411 bestia:
1149 4355 1380 4409 consilio
1423 4353 1694 4408 excelsius
1740 4353 2055 4407 institutum

470 4466 631 4505 suum
661 4445 1214 4515 ferentem;'quando
1248 4450 1336 4515 (et
1377 4460 1473 4499 eos
1506 4459 1616 4498 non
1650 4443 1776 4498 licet
1813 4461 1912 4514 pro
1940 4446 2056 4515 ipsa
2091 4426 2134 4480 D

470 4556 656 4596 rerum
697 4541 969 4595 evidentia
1016 4540 1321 4606 imputare)
1368 4536 1796 4606 imperturbatos
1853 4536 2064 4592 ferebat

471 4644 752 4699 corporea:
808 4625 1108 4696 voluptatis
1170 4641 1389 4691 sensus,
1455 4640 1578 4694 qua:
1621 4626 1818 4694 saepius
1866 4636 2062 4680 vocata

471 4729 558 4777 est
584 4719 780 4774 Adami
808 4721 1025 4783 mulier,
1062 4719 1287 4773 meliore
1306 4719 1594 4772 vocatione
1630 4718 1790 4788 digna
1817 4719 2059 4789 judicata

474 4827 640 4874 quam
699 4818 759 4864 ut
813 4811 1114 4865 carnalium
1158 4809 1557 4864 desideriorum
1613 4811 1812 4880 pugnis
1861 4813 2060 4866 misera

473 4902 801 4957 eﬂlcerctur.

474 4995 584 5047 τῶν
605 4995 951 5065 πραγμάτιον
975 4994 1256 5064 ἐνεργείας
1272 4993 1618 5064 λογίσασθαι,
1653 4995 2050 5068 ἀνενοχλήτους
2087 5000 2253 5072 ἔφερε
2281 5004 2409 5066 τοὺς
2445 5005 2742 5074 λογισμοὺς
2779 5011 3100 5078 σωματικῆς
3153 5009 3370 5080 ἡδονῆς,

2157 3155 2394 3225 συνήθης
2426 3156 2518 3209 τοῦ
2565 3157 2758 3224 γένους
2788 3156 3060 3228 διαίρεσις
3081 3159 3161 3221 εἰς
3190 3157 3359 3229 ἄνδρα
3397 3159 3488 3210 καὶ
3513 3156 3712 3226 γυναῖκα

2154 3246 2432 3317 τέμνουσα
2487 3246 2588 3318 τὴν
2635 3246 2822 3318 φύσιν,
2887 3251 3034 3301 ποιεῖ
3086 3250 3346 3319 φανερόν.
3381 3248 3470 3319 Τῷ
3499 3247 3600 3318 γὰρ
3628 3247 3710 3315 τῆς

2154 3339 2417 3408 γυναικὸς
2481 3342 2690 3412 ῥήματι
2743 3342 2843 3412 οὑχ
2897 3342 3022 3394 ὅσαι
3085 3343 3246 3412 μόνον
3291 3342 3482 3396 ἔλαϐον
3543 3339 3713 3410 γνῶσιν

2155 3433 2373 3504 ἀνδρὸς,
2422 3434 2534 3487 οὐδ’
2591 3435 2747 3498 ὅσαις
2805 3435 3030 3504 γέγονεν
3067 3437 3127 3489 ἐν
3152 3435 3232 3506 τῷ
3291 3437 3390 3507 τῆς
3448 3432 3714 3505 παρθενίας

2156 3526 2568 3598 ἀπαραλλάκτῳ
2593 3526 2692 3597 τὴν
2708 3526 2817 3580 τῶν
2843 3527 3103 3580 νεανίδων
3118 3528 3340 3598 ἡλικίαν
3367 3526 3717 3584 ὑπαλλάττειν,

2156 3617 2295 3671 ἀλλὰ
2338 3619 2433 3671 καὶ
2457 3618 2520 3672 τὸ
2558 3619 2666 3688 πρὸ
2711 3617 2813 3687 τῆς
2867 3620 3054 3689 ἀκμῆς
3083 3619 3220 3689 θῆλυ
3249 3623 3410 3692 μέχρι
3439 3619 3529 3672 τοῦ
3559 3631 3715 3683 νεογε-

2155 3709 2282 3773 νοῦς
2337 3710 2807 3782 περιλαμόὁινεται
2835 3727 2848 3740 ⁸
2897 3711 3089 3782 ὥσπερ
3136 3711 3387 3784 δηλονότι
3439 3712 3532 3779 τῆς
3572 3724 3717 3779 προσο

2156 3803 2384 3872 ηγορίας
2418 3804 2708 3873 μετέχουσι
2728 3803 2823 3856 τοῦ
2861 3804 3056 3875 ἀνδρὸς
3077 3807 3192 3858 ὅσοι
3215 3823 3275 3858 τε
3304 3805 3498 3867 παῖδας
3528 3802 3711 3870 ἔφυσαν

2158 3895 2254 3946 καὶ
2283 3895 2398 3946 ὅσοι
2427 3896 2536 3946 τῶν
2567 3895 2765 3964 ἠϊθέων
2819 3897 2919 3968 τὴν
2952 3897 3106 3961 τάξιν
3145 3899 3459 3968 ἐπέχουσιν,
3491 3895 3617 3948 ἀλλὰ
3639 3890 3717 3944 καὶ

2159 3988 2274 4042 ὅσοι
2306 3989 2406 4058 τῆς
2456 3989 2678 4060 ἡλικίας
2707 3989 2913 4060 ταύτης
2939 3990 3102 4061 μέχρι
3132 3991 3368 4061 βρέφους
3404 3987 3719 4056 ὑποϐεόήκα-

2161 4096 2264 4133 σιν.
2302 4078 2461 4132 Οὕτω
2516 4081 2612 4150 μὲν
2641 4076 2734 4134 οὖν
2773 4082 2868 4134 καὶ
2900 4082 3008 4134 ἀπὸ
3039 4081 3140 4151 τῆς
3161 4082 3480 4152 εἰθισμένης
3501 4079 3719 4150 χρήσεως

2160 4171 2308 4225 ἔστιν
2343 4172 2532 4224 λαϐεῖν
2560 4174 2635 4236 ὼς
2666 4174 2698 4242 ή
2722 4175 2821 4238 τῆς
2837 4173 3097 4242 γυναικὸς
3128 4174 3230 4226 οὑκ
3257 4175 3567 4244 ἀφαιρεῖται
3589 4167 3719 4238 φωνὴ

2160 4265 2258 4335 τῆς
2318 4265 2621 4334 παρθενίας
2655 4267 2715 4317 τὸ
2743 4267 2952 4319 δίκαιον
2977 4283 2992 4297 ⁸
3027 4270 3263 4336 γυναῖκα
3297 4266 3408 4338 γὰρ
3435 4267 3528 4335 οὑχ
3574 4260 3717 4322 ἅπαξ.

2160 4356 2297 4409 ἀλλὰ
2323 4359 2415 4409 καὶ
2447 4357 2710 4420 πολλάκις
2741 4360 2839 4428 τὴν
2869 4356 3011 4412 Εὑαν
3039 4357 3301 4429 ὀνομάζει
3333 4357 3429 4411 τοῦ
3471 4356 3630 4426 ’Λδὰμ
3656 4351 3720 4403 ἔτι

2164 4449 2274 4510 τοῖς
2342 4448 2694 4519 παρθενικοῖς
2760 4451 3157 4520 ἐμπρέπουσαν
3209 4451 3588 4521 ὠραϊσμασιν,
3643 4443 3721 4497 καὶ

2164 4539 2276 4599 τοῖς
2299 4537 2600 4608 ἀκηράτοις
2631 4539 2815 4593 ἄνθεσι
2842 4540 2936 4592 τοῦ
2971 4542 3308 4612 παραδείσου
3336 4542 3719 4609 ἐνεαρίζουσαν.

2166 4629 2260 4681 καὶ
2316 4631 2507 4702 πόρρω
2559 4635 2658 4702 τῆς
2716 4633 3088 4704 παραϐάσεως
3135 4636 3230 4688 καὶ
3288 4636 3387 4704 τῆς
3416 4632 3722 4698 Δεσποτικῆς

2165 4722 2576 4796 καθισταμένην
2631 4726 2852 4797 ἐντολῆς
2909 4729 3001 4780 καὶ
3035 4729 3132 4797 τῆς
3163 4731 3501 4799 γυμνώσεως
3529 4727 3616 4779 καὶ
3642 4724 3724 4791 τῆς

2165 4813 2262 4867 τοῦ
2320 4815 2510 4886 θηρίου
2570 4818 2883 4887 συμϐουλῆς
2953 4819 3284 4892 ὑψηλότερον
3337 4821 3399 4875 τὸ
3453 4820 3724 4884 πολίτευμα

2175 4907 2468 4978 φέρουσανο
2495 4911 2585 4962 ὅτε
2617 4912 2706 4963 καὶ
2736 4913 2935 4975 αὑτοὺς
2968 4914 3069 4965 οὑκ
3090 4913 3205 4965 ἐστι
3230 4932 3312 4966 σοι
3337 4916 3432 4967 ἀπ’
3458 4913 3617 4981 αὐτῆς
3643 4910 3723 4976 τῆς

3490 5005 3724 5061 πολλάκις

477 5091 904 5160 ὲξονομασθεῖσα
929 5091 1068 5163 γυνὴ
1085 5092 1726 5164 τοῦἈδὰμ,κρείττονος
1762 5095 2060 5166 ἀξιουμένη
2102 5097 2352 5170 κλήσεως
2391 5101 2423 5169 ἡ
2454 5102 2731 5172 σαρκικῶν
2793 5102 3169 5174 ἐοεθισμάτων
3226 5096 3724 5170 ὲνταλαιπωρεῖσθαι

481 5185 704 5254 μάχαις.

834 5299 1166 5368 QU/ESTIO
1193 5303 1358 5357 XXIII
1387 5304 1484 5376 [aL
1515 5303 1704 5375 XXII].

483 5393 625 5459 Quid
691 5395 959 5464 signi/iret
1021 5395 1156 5449 illud
1204 5414 1220 5451 :
1279 5417 1296 5448 ι
1336 5397 1464 5451 Ecce
1529 5400 1702 5452 Adam
1747 5399 1922 5467 [actus
1987 5406 2064 5452 est

508 5475 764 5535 tanquam
799 5483 937 5518 mins
970 5483 1034 5520 ca:
1063 5468 1230 5532 nobis,
1263 5472 1430 5523 sciens
1463 5469 1655 5523 bonum
1677 5478 1725 5520 et
1761 5469 1981 5522 malum.
2010 5487 2028 5520 ι

2704 5307 3039 5362 ΕΡΩΤΗΣΙΣ
3089 5311 3215 5366 Kl".

2177 5402 2238 5456 Τί
2267 5401 2552 5474 σημαίνει
2582 5401 2671 5474 τὸ,
2711 5424 2729 5452 ι
2767 5403 2913 5456 Ἰδοὺ
2957 5405 3138 5470 Ἀδὰμ
3178 5406 3423 5474 γέγονεν
3449 5403 3526 5467 ὡς
3553 5393 3632 5460 εἷς

2280 5472 2470 5544 ἡμῶν,
2511 5472 2617 5525 τοῦ
2646 5475 2963 5540 γινώσκειν
2985 5472 3564 5543 καλὸν-καλπονηρίι
3611 5490 3624 5517 ι

1504 5604 1647 5655 Edita
1673 5619 1699 5652 a
1724 5603 1869 5662 Maio,
1898 5606 1936 5652 1.
1961 5618 2025 5658 c.,
2047 5619 2100 5668 p.
2124 5607 2292 5666 2l-27,
2327 5607 2375 5656 in
2403 5606 2510 5656 Gen
2558 5619 2628 5658 Ill.
2653 5607 2730 5657 ἓξ.

557 5680 685 5737 Scio
720 5684 886 5752 igitur
915 5688 1181 5755 quosdam
1223 5690 1408 5746 dicere
1447 5689 1720 5745 ironicum
1757 5703 2067 5744 sermonem

557 5813 601 5848 "
633 5816 770 5873 Gen.
803 5835 955 5875 uix.
984 5823 1073 5876 2|.

2250 5690 2382 5745 Οἶδα
2420 5692 2518 5757 μὲν
2555 5687 2647 5742 οὖν
2683 5691 2757 5754 ὥς
2787 5709 2931 5756 τινες
2981 5710 3072 5745 τον
3100 5695 3294 5764 εἴρωνα
3343 5689 3497 5742 λὸνον
3526 5683 3605 5737 διὰ
3627 5679 3721 5733 τῶν
