3864 6218
148 245 249 309 169

1134 246 1234 304 AD
1270 246 1870 308 AMPHILOCHIUM
1904 248 2255 320 QII/ESTIO
2280 252 2509 315 XXIII.

3322 254 3421 318 170

140 359 528 431 προκειμένων
564 359 828 432 ῥημάτων
863 361 1000 429 φασὶ
1024 360 1447 432 προενηνέχθαι,
1476 363 1572 416 καλ⁵
1596 365 1736 417 ὀνει-

1854 364 2118 431 praadictis
2164 368 2348 423 verbis
2392 369 2665 438 prolatum
2690 385 2812 426 esse
2842 380 2896 426 et
2927 371 3197 428 Adamum
3223 386 3425 443 oppro-

143 454 312 518 δίζειν
366 452 464 507 τὸν
521 453 693 523 Ἀδὰμ
730 453 816 523 ἐφ’
858 447 936 515 οἷς
969 452 1254 524 ὑπέρογκα
1276 454 1611 523 φαντασθεις
1642 456 1737 509 καὶ

143 549 178 603 ἃ.
205 546 587 616 φιλανθρωπία
630 546 724 600 τοῦ
788 546 1106 610 Πλάσαντος
1149 546 1309 617 χερσὶ
1358 551 1635 617 κατεῖχεν,
1675 546 1737 612 ἐξ

150 642 287 704 ἰδίας
315 640 574 705 ἀϐουλίας
604 639 888 694 ἀπώλεσεν
906 657 920 671 ·
946 643 995 694 οἱ
1026 641 1084 694 δὲ
1111 641 1332 707 γείτονα
1364 642 1736 712 προκομίζον-

144 749 233 796 τες
263 732 447 800 λόγον,
491 731 682 803 ἕτερόν
718 750 771 785 τι
794 732 1076 802 νομίξουσι
1132 732 1335 800 λέγειν.
1365 733 1735 804 Διασύρεσθαι

142 824 268 893 γάρ,
323 824 481 891 φασὶ,
516 824 611 876 καὶ
640 821 1091 893 διαχλευάζεσθαι
1133 825 1244 885 τοῖς
1280 824 1520 894 παροῦσι
1554 826 1737 895 λόγοις

144 914 237 985 τὴν
268 913 367 967 τοῦ
410 915 581 984 ’Λδὰμ
611 915 989 985 περιπέτειαν.
1016 915 1127 968 Καὶ¹
1154 914 1335 979 ἄλλοις
1364 916 1542 981 ἔδοξεν
1564 920 1738 987 ἐπεγ-

144 1007 408 1076 γελᾶσθαι
454 1007 555 1079 τὴν
594 1008 815 1079 πρᾶξιν,
866 1008 932 1060 δι’
967 1010 1034 1077 ἣν
1063 1008 1395 1081 ὑψηλότερον
1435 1012 1539 1081 τῆς
1570 1012 1737 1066 αὑτοῦ

144 1099 362 1166 φύσεως
392 1102 505 1163 τοῖς
558 1101 837 1171 λογισμοῖς
863 1103 890 1154 ὁ
920 1102 1211 1172 ἅνθρωπος
1257 1104 1613 1176 ἀναδραμὼν,
1641 1109 1738 1159 καὶ

143 1186 208 1262 ἦς
241 1191 455 1262 ἠξιώθη
504 1192 709 1257 τάξεως
740 1194 893 1264 παρά
940 1193 1034 1245 τοῦ
1062 1195 1379 1258 Πλὰσαντος
1416 1199 1733 1265 ἐφεστάναι,

143 1283 485 1355 κατηνέχθη.
539 1286 915 1357 Παραπλήσια
954 1285 1127 1339 ταῦτα
1165 1288 1259 1340 καὶ
1292 1288 1402 1341 ἀπὸ
1437 1290 1536 1355 τῆς
1566 1289 1738 1356 αὑτῆς

142 1373 407 1444 ἐπιϐολῆς
429 1374 528 1440 τὴν
553 1376 779 1446 πρόοδον
801 1376 1059 1441 λαϐόντα,
1088 1379 1136 1430 εἰ
1168 1379 1262 1431 καὶ
1285 1376 1424 1448 πρὸς
1444 1378 1739 1450 διαφόρους

141 1467 363 1519 ἰοκοῦσι
420 1468 786 1537 παραφυάδας
835 1469 1253 1538 ἀποσχίζεσθαι,
1310 1469 1421 1539 ἐγὼ
1464 1470 1521 1522 δὲ
1562 1471 1739 1525 ταῦτα

143 1561 247 1629 μὲν
271 1562 374 1614 οὑκ
406 1561 475 1614 ἂν
502 1560 745 1631 οἱηθείην
779 1561 942 1629 σοφὸν
967 1562 1415 1631 ἀποδοκιμάζειν,
1448 1563 1738 1617 ἀκόλουθό-

141 1671 307 1723 τερον
333 1655 378 1707 δ’
412 1654 478 1707 ἀν
516 1655 683 1725 φαίην
747 1657 1030 1707 κατανοεῖν
1088 1656 1284 1727 ἐτέρας
1306 1654 1447 1710 εἶναι
1497 1656 1738 1720 διανοίας

141 1745 561 1814 παραστατικὸν
590 1746 651 1799 τὸ
676 1746 818 1816 ἱερὸν
843 1748 1020 1799 ἐκεῖνο
1047 1748 1269 1816 χωρίον·
1310 1748 1471 1812 ποίας
1500 1749 1738 1817 ταύτης;

158 1836 498 1908 Ἐπειδὴπερ
520 1839 548 1890 ὁ
579 1838 752 1908 Ἀδάμ
776 1838 897 1892 ἀντὶ¹
927 1837 1021 1891 τοῦ
1046 1839 1481 1909 νομοθετεῖσθαι,
1508 1841 1738 1911 νομοθέ-

147 1945 240 1981 του
291 1929 513 1999 ἀξίωμα
539 1930 790 2000 ἥρπασεν
811 1949 827 1963 ι
856 1931 981 1985 ἀντὶ
1010 1930 1106 1984 τοῦ
1133 1931 1462 2002 κηδεμονίας
1486 1933 1582 1985 καὶ
1614 1950 1741 1986 παι-

144 2020 433 2088 δαγωγίας
458 2022 556 2091 τῆς
584 2021 791 2075 ἄνωθεν
829 2022 1147 2089 ἀπολαύειν,
1185 2026 1250 2094 τῇ
1278 2024 1387 2095 ἰδία
1424 2023 1619 2095 γνώμῃ
1646 2025 1741 2077 καὶ

144 2112 380 2184 προνοίᾳ
409 2113 508 2176 τάς
534 2113 629 2165 τοῦ
665 2112 782 2181 βίου
815 2114 1044 2184 πράξεις
1068 2115 1489 2180 κατεπίστευσε,
1516 2116 1612 2168 καὶ
1641 2117 1741 2185 τὴν

149 2205 348 2276 ῥώμην
388 2204 534 2274 ἔχειν
590 2206 844 2275 ἐνόμισεν
874 2204 1005 2259 ἄνευ
1035 2204 1185 2269 θείας
1207 2208 1478 2277 ἐπιροπῆς
1514 2208 1610 2261 καὶ
1644 2208 1741 2277 τῆς

144 2298 243 2350 τοῦ
277 2297 590 2367 κρείττονος
631 2297 986 2363 ὲπινεύσεως,
1043 2298 1298 2370 ἐξαρκεῖν
1338 2298 1487 2369 αὑτῷ
1521 2300 1740 2370 διακρί-

145 2407 265 2442 νειν
298 2390 364 2442 τὸ
390 2389 557 2442 καλὸν
580 2390 688 2442 άπδ
714 2389 806 2441 τοῦ
842 2390 1083 2461 χείρονος
1117 2390 1197 2461 (οὑ
1234 2392 1341 2462 γάρ
1368 2391 1433 2444 ἂν
1463 2392 1537 2462 μὴ
1569 2391 1741 2446 ταῦτα

145 2481 477 2551 διαθέμενος
502 2483 600 2537 καὶ
625 2481 882 2553 κυρώσας
928 2485 1058 2557 παρ’
1103 2483 1307 2552 ἐαυτῷ,
1344 2484 1606 2553 οὑμενουν
1644 2486 1745 2538 οὑκ

147 2573 217 2630 ἂν
245 2572 471 2642 ὑψῶσαι
520 2573 684 2639 δόξαν
723 2574 917 2626 ἑαυτὸν
966 2574 1284 2644 ὑπέδραμεν
1310 2576 1390 2637 εἰς
1418 2575 1478 2626 τὸ
1511 2575 1743 2645 μέγεθος

151 2665 247 2735 τῆς
267 2664 500 2735 πρώτης
533 2660 789 2738 ἀρχῆς,
815 2666 1024 2736 κρίνειν
1049 2683 1108 2718 τε
1140 2666 1236 2719 καὶ
1296 2666 1598 2738 διακρίνειν
1646 2667 1741 2720 τοῦ

150 2755 399 2828 πονηροῦ
428 2757 488 2809 τὸ
510 2756 692 2820 καλὸν,
720 2755 881 2825 σοφία
902 2755 1140 2825 ἔμφυτος
1166 2757 1262 2809 καὶ
1296 2757 1659 2827 ἀπερινόητος
1686 2758 1744 2824 ἐξ

152 2848 326 2907 ἀϊδίου
361 2847 661 2917 περίεστιν,
691 2848 1011 2901 άλλόὑδ’ἂν
1030 2849 1356 2918 προτάττειν
1383 2849 1561 2921 ὁρμὴν
1588 2849 1740 2902 ἐτόλ-

159 2958 336 3012 μησεν
368 2946 470 3011 τὴν
504 2940 671 2993 αὑτοῦ
717 2941 814 3010 τῆς
845 2942 1101 2995 ἁπάντων
1150 2941 1529 3011 δεσποζούσης
1564 2959 1623 2994 τε
1654 2942 1748 2994 καὶ

1842 457 1960 511 brio
1988 458 2203 514 allicere
2223 459 2373 529 quod
2426 462 2658 530 superba
2691 462 3020 530 imaginatus
3068 472 3215 520 esset
3266 472 3321 519 et
3358 479 3424 520 ea

1840 561 1963 615 quae
2023 548 2339 605 Conditoris
2403 551 2779 606 benevolentia
2828 552 3084 608 manibus
3120 554 3416 621 retinebat,

1839 640 2074 710 propriae
2120 641 2499 712 imprudentia;
2532 659 2695 698 causa
2731 644 3085 714 perdidisset;
3142 646 3234 700 alii
3268 663 3420 709 vero.

1842 732 2056 789 allinem
2106 736 2373 791 rationem
2430 736 2741 803 atterentes,
2796 737 3030 792 alterum
3082 738 3213 807 quid
3246 738 3426 793 dicere

1843 826 2086 881 student.
2147 827 2367 882 lrrideri
2428 829 2596 891 enim,
2669 828 2948 898 inquiunt,
2994 836 3049 883 et
3119 831 3423 899 praesertim

1842 921 2022 976 verbis
2072 921 2269 975 Adami
2321 920 2685 976 infortunium
2719 922 3003 977 confundi.
3070 922 3136 976 Et
3173 922 3266 977 alii
3297 938 3427 977 cen-

1843 1020 2076 1066 suerunt
2131 1012 2345 1067 irrideri
2391 1014 2658 1067 actionem
2710 1027 2816 1082 qua
2858 1013 3023 1068 altius
3078 1015 3301 1083 propria
3331 1029 3429 1067 na-

1843 1114 1963 1158 tura
2016 1105 2133 1160 suis
2190 1106 2615 1175 cogitationibus
2648 1108 2817 1160 homo
2864 1107 3187 1173 ascendens,
3246 1122 3314 1161 ex
3360 1121 3427 1162 eo

1841 1196 2005 1249 etiam
2030 1196 2220 1249 ordine
2252 1197 2302 1249 in
2349 1212 2459 1266 quo
2479 1212 2604 1251 eum
2638 1200 2845 1267 erigere
2866 1199 3123 1267 dignatus
3144 1208 3263 1253 erat
3285 1199 3431 1254 Con-

1843 1288 2006 1350 ditor,
2057 1288 2299 1357 deiectus
2342 1301 2445 1345 est.
2516 1291 2768 1344 Proxima
2820 1306 2883 1343 ea
2913 1301 2965 1344 et
3014 1293 3082 1345 ab
3111 1292 3305 1346 eodem
3337 1293 3426 1346 in-

1843 1387 2002 1447 cepto
2054 1379 2160 1433 iter
2190 1381 2561 1448 suseipientia,
2618 1381 2719 1435 etsi
2772 1381 3151 1437 diﬂcrentibus
3201 1382 3428 1436 videan-

1844 1481 1933 1525 tur
1959 1472 2157 1527 deinde
2204 1474 2620 1542 propaginibus.
2690 1472 2802 1541 Ego
2858 1489 2989 1528 vero
3019 1488 3130 1528 non
3163 1474 3430 1544 sapientis

1842 1580 1965 1619 esse
1999 1563 2275 1618 crederem
2330 1580 2391 1618 ea
2420 1566 2669 1633 rejicere,
2700 1564 2907 1619 rectius
2951 1574 3131 1618 autem
3189 1565 3427 1619 dicerem

1845 1657 1991 1711 aliud
2031 1656 2273 1710 indicare
2319 1672 2535 1709 sacrum
2573 1655 2725 1708 illum
2766 1656 2971 1711 locum.
3032 1655 3176 1721 Quid
3217 1654 3441 1723 igitur?»

1852 1746 2148 1816 Postquam
2176 1747 2369 1809 Adam,
2393 1747 2575 1816 potius
2618 1761 2781 1815 quam
2816 1747 2917 1817 legi
2957 1747 3225 1809 obediret,
3266 1747 3428 1816 legis-

1846 1839 2031 1893 latoris
2081 1838 2400 1909 dignitatem
2446 1838 2717 1907 abripuit;
2774 1840 2954 1908 potius
2984 1854 3149 1907 quam
3195 1853 3327 1892 cura
3375 1848 3433 1892 et

1843 1932 2185 1986 institutione
2210 1931 2394 1985 divina
2429 1931 2723 1994 frueretur,
2788 1930 3021 2000 preprize
3063 1930 3329 1983 voluntati
3376 1936 3432 1984 et

1846 2024 1967 2077 vitm
1999 2022 2303 2092 prudentiae
2346 2034 2499 2077 actus
2546 2022 2808 2088 credidit;
2857 2030 2911 2075 et
2958 2023 3065 2074 vim
3097 2021 3434 2076 existimavit

1843 2116 2121 2170 sebabere
2163 2115 2371 2185 absque
2427 2130 2529 2183 ope
2578 2115 2767 2169 divino
2818 2122 2874 2168 et
2924 2113 3135 2183 majore
3185 2113 3430 2182 impulsu

1844 2207 2049 2260 bonum
2081 2221 2112 2260 a
2157 2207 2300 2261 malo
2367 2206 2709 2262 discernendi
2762 2204 2904 2275 (nisi
2946 2206 3091 2260 enim
3122 2206 3239 2259 haec
3287 2206 3431 2275 apud

1845 2314 1903 2352 se
1941 2298 2231 2353 statuisset
2282 2310 2335 2352 et
2379 2299 2695 2361 stabilisset,
2762 2313 2871 2352 non
2927 2313 3061 2353 sane
3116 2298 3433 2366 opinionem

1847 2389 2190 2458 concepisset
2259 2405 2319 2445 se
2360 2390 2426 2443 ad
2485 2391 2831 2459 majestatem
2898 2390 3089 2459 prima:
3150 2390 3434 2461 dignitatis

1844 2479 2121 2551 erigendi,
2201 2480 2289 2534 cui
2336 2480 2623 2550 judicandi
2684 2489 2752 2550 “et
2818 2480 3171 2536 discernendi
3224 2481 3433 2535 bonum

1844 2586 1877 2625 a
1931 2572 2078 2627 malo
2128 2572 2271 2627 inest
2340 2573 2609 2627 naturalis
2654 2585 2709 2626 et
2756 2572 3338 2643 incomprehensibilis
3363 2571 3442 2626 ab

1844 2672 2048 2719 aeterno
2083 2665 2379 2734 sapientia;
2428 2679 2606 2734 neque
2644 2680 2814 2721 ausus
2846 2675 2990 2721 esset
3024 2665 3304 2734 propriam
3338 2679 3433 2718 sa-

1846 2755 2103 2825 pientiam
2149 2754 2433 2825 sapientia
2466 2754 2596 2809 huic
2617 2764 2971 2823 anteponere,
3026 2769 3149 2822 quae
3175 2753 3437 2807 omnibus

1849 2847 2171 2901 dominatur
2196 2858 2249 2900 et
2276 2862 2469 2900 omnes
2498 2846 2742 2900 scientiae
2780 2854 2833 2900 et
2854 2846 3201 2899 discretionis
3236 2844 3439 2914 gratias

1849 2937 2100 3004 effundit,
2150 2954 2327 3007 neque
2369 2938 2611 2991 divinum
2643 2937 2958 2991 mandatum
2998 2935 3157 2989 nihili
3188 2935 3395 2989 faciens
3419 2976 3437 3001 ,

159 3034 339 3094 πάσας
365 3034 599 3103 χάριτας
630 3031 975 3100 διαγνώσεως
1004 3031 1363 3103 πηγαζούσης
1413 3034 1505 3087 καὶ
1533 3033 1746 3103 διακρί-

1854 3041 2104 3086 cunctam
2132 3031 2325 3101 agendi
2358 3030 2626 3084 rationem
2655 3029 2889 3099 propria:
2914 3027 3177 3082 voluntati
3201 3025 3436 3081 commi-

166 3142 302 3189 σεως
321 3143 336 3157 ο
356 3126 468 3180 οὐδ’
505 3125 571 3179 ἂν
603 3126 702 3196 τὴν
728 3124 879 3179 θείαν
904 3125 1125 3195 ἐντολὴν
1157 3126 1289 3198 παρ’
1314 3127 1466 3179 οὐδὲν
1499 3126 1749 3197 θέμενος,

158 3220 290 3288 ὅλην
324 3219 495 3272 αὑτοῦ
515 3222 583 3290 τῇ
613 3217 806 3289 γνώμῃ
824 3217 932 3271 τῶν
948 3220 1241 3289 πρακτέων
1263 3218 1531 3290 διοίκησιν
1547 3219 1753 3288 ἐνεχεί-

161 3311 339 3379 ρισεν)
361 3327 377 3342 ·
414 3310 537 3362 ἐπεὶ
564 3308 657 3363 οὖν
678 3348 692 3372 ,
727 3308 896 3377 φησὶν
921 3309 949 3359 ὁ
982 3308 1134 3371 Θεὸς,
1168 3309 1279 3372 τοῖς
1303 3307 1485 3377 ἔργοις
1512 3308 1753 3380 παρέσχε

157 3398 249 3450 τὸν
308 3397 555 3467 ἔλεγχον,
618 3396 802 3466 ἐαυτῷ
846 3398 1297 3460 καταπιστεύσας
1348 3397 1443 3451 τοῦ
1496 3398 1614 3467 βίου
1648 3399 1749 3469 τὴν

158 3491 430 3562 πρόνοιαν
490 3490 589 3542 καὶ
633 3488 815 3542 οὐκέτι
888 3491 1003 3553 τοῖς
1067 3490 1360 3561 ἡμετέροις
1412 3492 1754 3545 ὑποκύπτειν

156 3584 339 3637 ἐθέλει
395 3582 840 3651 προστάγμασιν,
893 3582 1030 3636 ἀλλά
1056 3582 1115 3633 τό
1144 3599 1206 3650 γε
1236 3582 1389 3636 δοθὲν
1435 3583 1588 3654 αὑτῷ
1616 3584 1751 3638 αὑτ-

158 3675 413 3741 εξούσιον
442 3674 581 3745 πρὸς
601 3672 704 3745 τὴν
736 3673 830 3727 τοῦ
869 3672 1167 3736 δεδωκότος
1202 3672 1358 3743 ὓϐριν
1380 3676 1753 3745 ἀπεχρήσατο,

160 3767 260 3821 καὶ
292 3766 548 3836 ἐνόμισεν
578 3765 774 3818 ἑαυτὸν
796 3760 936 3817 εἶναι
958 3764 1033 3828 ὡς
1051 3765 1147 3817 ἕνα
1172 3765 1231 3831 ἐξ
1261 3765 1439 3834 ἡμῶν,
1459 3765 1756 3835 νομοθέτην

164 3861 659 3930 νομοθετούμενον,
728 3856 1042 3929 προνοητὴν
1064 3858 1126 3910 οὑ
1165 3858 1422 3929 προνοίας
1477 3856 1753 3929 δεόμενον,

163 3953 443 4023 δεσπότην
502 3952 564 4004 οὑ
628 3950 1064 4021 δεσποζόμενον,
1114 3949 1338 4019 ἄμεινόν
1388 3952 1536 4003 ἐστιν
1592 3950 1757 4003 αὑτὸν

161 4046 507 4117 ἐκϐληθῆναι
538 4044 635 4098 τοῦ
662 4042 1019 4115 παραδείσου,
1048 4042 1139 4096 διὰ
1163 4041 1259 4097 δύο
1299 4043 1537 4114 μάλιστα
1561 4043 1753 4098 ταῦτα·

162 4137 221 4192 ἓν
252 4137 357 4207 μὲν
393 4137 483 4190 ἵνα
512 4136 591 4208 μὴ
607 4136 821 4209 τρυφῆς
850 4136 931 4199 είς
974 4134 1203 4207 ἄκαιρόν
1224 4151 1285 4187 τε
1318 4135 1412 4187 καὶ
1444 4134 1759 4203 ἀπαιδαγώ-

162 4245 335 4299 γητον
388 4228 691 4282 ἀπόλαυσιν
748 4227 1058 4291 καταστάς,
1118 4224 1329 4297 χείροσι
1376 4224 1758 4296 καταλισθήσῃ

165 4319 613 4391 παραπτώμασι,
640 4320 737 4374 καὶ
768 4320 1048 4391 δεύτερον,
1088 4319 1175 4372 ἵνα
1207 4317 1429 4386 τοῖςτῆς
1462 4318 1761 4389 ὑπερορίας

166 4414 391 4475 κόλποις
411 4411 821 4483 ὲνταλαιπωρού
830 4429 1012 4481 μενος,
1042 4409 1135 4464 ἀπ’
1157 4408 1336 4463 αὑτῶν
1360 4407 1559 4479 πείρας
1593 4409 1757 4478 μάθοι
1786 4391 1840 4451 Β

166 4505 270 4576 τῆς
296 4522 359 4558 τε
409 4505 622 4567 οἰκείας
652 4502 716 4557 τὺ
745 4504 945 4573 μέτρον
992 4501 1300 4572 δυνάμεως,
1349 4500 1445 4555 καὶ
1497 4501 1572 4562 ὡς
1624 4500 1759 4553 πολὺ

168 4598 320 4669 αὑτῷ
357 4596 809 4668 λυσιτελέστερον
849 4592 938 4666 ἦν,
1000 4595 1100 4665 τῆς
1151 4593 1310 4664 ἡμῶν
1365 4592 1626 4665 προνοίας
1667 4594 1756 4658 ἐξ.

1854 3123 2067 3193 sisset);
2091 3134 2380 3192 postquam
2410 3122 2598 3190 igitur,
2633 3121 2810 3190 inquit
2841 3120 3007 3183 Deus,
3066 3119 3332 3189 operibus
3380 3133 3440 3173 se

1854 3230 2009 3270 reum
2052 3216 2359 3281 constituit,
2416 3215 2522 3269 sibi
2572 3215 2674 3283 ipsi
2722 3214 2915 3277 lidens,
2955 3215 3009 3267 in
3057 3213 3203 3277 vitae,
3258 3211 3443 3282 provi-

1854 3308 2055 3374 dentia,
2106 3316 2161 3362 et
2193 3307 2369 3361 noluit
2411 3308 2551 3362 meis
2583 3306 2805 3361 obedire
2847 3305 3142 3368 mandatis,
3194 3311 3250 3360 et
3310 3304 3441 3358 dato

1856 3401 1961 3454 sibi
2017 3400 2189 3454 libero
2215 3399 2469 3462 arbitrio,
2507 3400 2574 3453 ad
2609 3399 2870 3468 injuriam
2911 3399 3061 3454 illius
3089 3398 3185 3468 qtti
3226 3396 3361 3451 illud
3391 3397 3444 3451 ei

1856 3491 2023 3554 dedit,
2059 3492 2265 3547 abusus
2290 3501 2395 3557 est,
2414 3500 2469 3547 et
2494 3491 2794 3547 crediditse
2824 3492 3000 3561 ipsum
3030 3504 3150 3545 esse
3181 3497 3243 3543 ttt
3270 3498 3442 3543 unum

1856 3599 1925 3637 ex
1946 3584 2125 3649 nobis,
2144 3583 2507 3655 legislatorem
2530 3593 2585 3639 et
2612 3600 2718 3638 non
2744 3584 2874 3655 legis
2898 3583 3227 3653 subjectum,
3260 3581 3446 3650 provi-

1860 3675 2075 3729 deutctn
2148 3684 2203 3729 et
2255 3690 2363 3729 non
2439 3676 2779 3747 providentia
2823 3686 3095 3747 egentem,
3157 3674 3445 3729 dominum

1858 3776 1915 3821 et
1966 3784 2077 3820 non
2108 3766 2211 3821 sub
2243 3767 2487 3822 dominio
2510 3768 2894 3832 constitutum,
2954 3768 3149 3822 melius
3195 3777 3281 3821 est
3314 3781 3442 3821 eum

1861 3861 2173 3930 aparadiso
2228 3863 2461 3930 expelli,
2511 3870 2731 3931 propter
2774 3862 2883 3916 duo
2935 3860 3051 3914 haec
3104 3859 3444 3929 prtesertim:

1860 3954 2035 4021 primo
2069 3954 2288 4023 quidem
2320 3970 2409 4019 ne,
2448 3955 2501 4007 in
2525 3952 2740 4008 funesta
2780 3963 2835 4007 et
2864 3952 3092 4007 indocili
3123 3950 3447 4005 deliciarum

1862 4046 2119 4103 fruitione
2177 4058 2352 4111 stans,
2402 4046 2741 4114 gravioribus
2787 4044 3025 4098 otl'endat
3089 4042 3310 4097 casibus
3345 4058 3360 4107 ;
3393 4049 3450 4095 et

1862 4138 2122 4206 secundo,
2185 4148 2240 4194 ut
2296 4139 2490 4193 exsilio
2539 4137 2789 4200 alllictus,
2838 4152 2904 4189 ex
2940 4133 3075 4205 ipsis
3107 4133 3365 4203 cperibus
3391 4138 3449 4185 et

1861 4231 2116 4286 dolorum
2172 4231 2549 4301 experimento
2605 4229 2785 4283 discat
2840 4236 2895 4281 et
2936 4225 3171 4297 propria:
3224 4222 3451 4278 virtutis

1865 4338 2219 4386 mensuram,
2286 4332 2341 4377 et
2389 4330 2656 4391 quantum
2713 4319 2816 4388 ipsi
2871 4316 3146 4372 commodi
3199 4313 3449 4370 conferat

1874 4423 2078 4469 nostrae
2121 4414 2479 4483 providentiae
2524 4411 2729 4481 proprii
2778 4409 3012 4464 instituti
3066 4416 3123 4463 et
3148 4405 3451 4462 voluntatis

1864 4515 2043 4561 motus
2076 4505 2356 4574 adaptare,
2381 4514 2435 4557 et
2462 4517 2627 4573 quam
2657 4516 2686 4555 a
2708 4516 2768 4555 sc
2789 4502 2908 4571 ipso
2936 4500 3138 4553 bonum
3164 4507 3219 4553 et
3242 4495 3449 4550 malum

1860 4597 2175 4652 discernere
2197 4597 2375 4665 impar
2408 4595 2497 4650 sit.

168 4695 368 4748 ἅπτειν
396 4691 467 4744 τά
489 4690 589 4759 τῆς
621 4688 859 4752 διανοίας
895 4688 990 4741 καὶ
1018 4688 1119 4758 τῆς
1147 4687 1425 4750 πολιτείας
1456 4689 1757 4757 κινήματα,
1795 4689 1921 4745 ὅσον
1945 4708 2005 4743 τε
2035 4690 2374 4760 καθέστηκεν
2435 4688 2617 4761 ἐνδεὴς
2654 4689 2748 4741 τοῦ
2779 4686 3068 4757 γινώσκειν
3132 4682 3227 4753 ἀφ’
3254 4678 3450 4735 ἑαυτοῦ

168 4799 228 4839 τε
250 4788 314 4839 τὸ
336 4784 508 4839 καλὸν
537 4785 631 4837 καὶ
650 4783 710 4837 τὸ
739 4785 997 4852 πονηρόν.

244 4879 472 4949 Ταύτης
501 4877 561 4931 δὲ
582 4877 685 4946 τῆς
707 4876 950 4939 διανοίας
978 4874 1133 4945 οἶμαι
1159 4875 1254 4930 καὶ
1271 4874 1565 4946 Σύμμαχον
1599 4877 1765 4944 ἐγγὺς

175 4976 446 5043 γεγονότα
499 4972 601 5043 τὴν
666 4972 930 5041 περιοχὴν
1001 4971 1093 5023 τοῦ
1154 4968 1320 5040 ῥητοῦ
1374 4969 1763 5023 ὲκδεδωκὲναιο

182 5088 199 5119 ι
221 5070 353 5122 Ἰδοὺ
398 5065 577 5135 Ἀδὰμ
601 5064 915 5133 γέγονενώς
946 5057 1027 5123 εἷς
1057 5062 1115 5128 ἐξ
1145 5060 1438 5132 ήμῶν,τοῦ
1475 5059 1768 5130 γινώσκειν

172 5160 266 5228 ἀφ’
290 5156 497 5214 ἑαυτοῦ
542 5156 711 5210 καλὸν
752 5156 848 5208 καὶ
890 5156 1145 5226 πονηρόν.
1184 5172 1202 5205 ι
1252 5154 1317 5206 Al
1352 5153 1408 5205 δὲ
1459 5152 1769 5223 ἔμπροσθεν

172 5252 474 5323 εἰρημέναι
498 5249 596 5302 τοῦ
621 5247 788 5319 ῥητοῦ
810 5248 1091 5318 διηγήσεις
1114 5246 1391 5299 ἐδίδασκον
1420 5243 1487 5297 ἂν
1508 5244 1658 5315 ἡμᾶς
1695 5242 1770 5315 μὴ

174 5346 319 5416 πρὸς
342 5341 540 5412 ἔτερόν
563 5358 620 5393 τι
652 5340 874 5410 βλέπειν
908 5340 957 5392 εἰ
977 5356 1041 5407 γε
1080 5337 1309 5407 σύνηθες
1338 5338 1470 5407 ἡμῖν
1496 5336 1623 5403 ἐνῆν
1645 5336 1777 5404 ὁρᾷν

175 5439 296 5501 τοῖς
326 5437 501 5506 ἱεροῖς
524 5433 685 5504 ήμῶν
742 5431 944 5499 λογίοις
973 5432 1033 5485 ὲν
1090 5430 1169 5501 τῷ
1215 5426 1525 5499 διασύροντί
1562 5443 1622 5478 τε
1679 5424 1777 5476 καὶ

174 5528 458 5599 ιίρωνικῷ
479 5525 578 5581 καὶ
607 5524 926 5592 διαγελῶντι
966 5524 1152 5593 τρόπῳ
1174 5521 1241 5575 τὰ
1282 5518 1634 5589 ἀντικείμενα
1664 5519 1773 5577 τοῖς

260 5711 301 5743 ι’
336 5709 477 5765 Gen.
514 5722 600 5774 ιιι,
633 5704 724 5759 22.

1945 4876 2083 4931 Huic
2109 4874 2295 4931 sensui
2312 4875 2537 4944 prOpius
2558 4872 2859 4929 accessisse
2877 4870 3266 4944 Symmachum
3291 4877 3451 4939 puto,

1872 4974 1927 5020 et
1958 4964 2122 5035 hujus
2148 4964 2276 5019 dicti
2302 4974 2683 5035 argumentum
2702 4963 3007 5034 prodidisse
3035 4980 3047 5015 :
3083 4980 3101 5013 ‹
3119 4960 3256 5016 Ecce
3276 4960 3452 5014 Adam

1876 5057 2055 5111 factus
2090 5067 2172 5111 cst
2216 5056 2373 5127 quasi
2426 5073 2570 5111 unus
2614 5070 2677 5110 ex
2711 5055 2893 5119 nobis,
2930 5056 3109 5110 sciens
3149 5054 3354 5108 bonum
3399 5059 3456 5106 et

1876 5148 2079 5202 malum
2103 5150 2167 5203 ‘9.
2201 5167 2219 5199 ι
2269 5147 2401 5215 Quae
2443 5158 2625 5203 autem
2660 5148 2814 5218 prius
2844 5148 2983 5203 datae
3029 5154 3157 5201 sunt
3189 5146 3455 5215 explana-

1873 5239 2071 5305 tiones,
2103 5255 2203 5295 nos
2225 5255 2330 5295 non
2361 5240 2507 5295 aliud
2529 5255 2651 5295 esse
2677 5238 3121 5310 prospiciendum
3166 5236 3451 5298 docerent,

1874 5332 2106 5386 simodo
2137 5332 2436 5388 soleremus
2484 5331 2540 5386 in
2596 5331 2800 5386 nostris
2850 5331 3022 5383 sacris
3063 5326 3299 5382 oraculis
3348 5324 3453 5379 sub

1874 5424 2146 5480 irrisionis
2190 5435 2244 5480 et
2278 5425 2467 5480 ironize
2513 5434 2568 5481 et
2595 5423 2854 5494 diasyrtni
2902 5421 3077 5474 forma
3102 5417 3348 5488 opposita
3382 5414 3451 5468 iis

1876 5530 1995 5583 qua:
2052 5517 2455 5585 praatcnduntur
2519 5514 2820 5585 signiﬁcata
2883 5521 2936 5567 et
2981 5510 3207 5580 ﬁgurata
3242 5504 3469 5565 vidcrc,.
