3864 6218
498 253 595 320 171
1635 257 1897 318 ΡΗΟΤΙΙ
1929 255 2436 316 ΡΛΤΒΙΑΒΕΗΛΞ
2467 256 2576 316 CP.
3597 253 3679 319 172

487 367 641 415 et...
665 400 681 413 .
713 373 809 430 per
834 360 1044 418 litteras
1075 362 1236 419 valet.
1290 361 1434 419 Nihil
1475 366 1618 420 enim
1679 367 1903 438 impedit
1938 383 2059 422 om-

2179 368 2597 442 τροτεινομένοις
2627 363 3088 436 παραδηλούμενά
3131 377 3188 414 τε
3233 359 3326 412 καί¹
3348 361 3677 430 αἰνιγματιζόο

487 452 619 504 nino
650 453 784 521 quin
838 469 935 523 pro
991 457 1266 525 paucitate
1322 467 1376 512 et
1425 458 1712 513 insolentia
1769 460 2056 515 verborum

2179 478 2300 514 ιενα
2329 460 2424 513 καὶ
2449 499 2464 513 .
2493 497 2506 512 .
2529 499 2543 512 .
2570 501 2584 514 ,
2609 476 2670 512 ον
2706 457 2794 511 διὰ
2819 456 3143 527 γράμματος
3194 450 3383 520 ἰσχύει.
3420 450 3570 504 Οὐδὲν
3593 453 3680 522 γὰρ

487 543 657 596 errari
693 545 882 612 possit.
944 545 1052 602 Sed
1078 548 1352 617 quomodo
1385 562 1492 603 non
1523 550 1757 606 solveret
1788 551 2059 606 irrisioriis

2179 575 2220 611 εν
2254 557 2446 611 πλάτει
2467 555 2664 609 κωλύει
2685 553 2859 621 λόγων
2882 551 3294 620 παρεμπίπτειν
3327 546 3466 600 κατὰ
3487 549 3544 599 τὸ
3569 549 3682 600 and.

487 644 541 688 et
563 635 750 691 ironiae
769 647 822 692 et
839 639 1204 695 cavillationis
1232 640 1341 694 vim
1373 642 1438 696 ad
1479 643 1746 711 parabola:
1773 651 1824 698 et
1861 642 2060 697 simili-

2179 668 2272 705 ριον
2304 651 2397 703 καὶ
2415 651 2476 702 τὸ
2503 647 2688 720 ἄηθες.
2724 647 2883 700 Ἀλλά
2931 644 3052 707 πῶς
3083 643 3183 696 οὐκ
3225 639 3462 694 ἐκλύσειε
3487 639 3571 692 τοῦ
3590 640 3681 694 δια-

490 729 694 784 tudinis
729 732 952 786 modum
975 731 1117 788 facta
1147 733 1357 788 dictio?
1412 734 1612 791 Contra
1663 737 1808 791 enim
1851 735 1898 789 si
1930 749 2060 789 con-

2179 739 2348 812 rtipew
2377 739 2471 793 καὶ
2499 734 2885 808 εἰρωνεύεσθαι
2918 735 3014 787 καὶ
3042 731 3304 802 ἐπιγελᾷν
3364 728 3454 781 τὸν
3483 729 3621 782 τόνον
3656 732 3682 799 ὴ

490 821 830 888 sequentium
865 820 1100 876 habeant
1121 837 1243 892 qua:
1266 823 1411 878 dicta
1444 833 1597 889 sunt,
1652 839 1813 879 omne
1838 837 2064 879 necesse

2179 833 2302 887 ιατά
2355 829 2666 902 παραϐολὴν
2705 827 3043 898 γεγενημένη
3101 824 3196 877 καὶ
3247 820 3495 891 ὁμοίωσιν
3537 820 3682 887 λέξις;

491 919 610 966 erat
635 913 858 967 verbum
889 914 1192 980 observari,
1237 917 1381 986 quod
1432 915 1752 985 injuriarnm
1799 916 2060 971 severita-

2179 925 2482 980 Γούναντίον
2507 923 2616 992 γὰρ
2629 920 2788 992 εἴπερ
2806 915 2952 988 εἶχεν
2981 914 3305 972 ἀκολουθίαν
3334 911 3400 964 τὰ
3442 912 3686 982 εἰρημένα,

493 1012 600 1057 tem
628 1013 680 1058 et
705 1005 1050 1060 acerbitatem
1083 1009 1320 1062 mulcere
1345 1013 1547 1076 posset.
1598 1008 1676 1062 Ea
1703 1016 1886 1062 autem
1913 1024 2017 1062 vox
2043 1025 2059 1062 :

2179 1020 2310 1072 ἰπαν
2341 1017 2446 1071 ἔδει
2481 1011 2999 1087 παραφυλάττεσθαι
3047 1009 3202 1080 ῥῆμα
3241 1005 3302 1060 τδ
3330 1004 3586 1074 ἀπότομον
3615 1003 3687 1056 καὶ

491 1103 550 1146 ut
583 1110 718 1148 unus
753 1110 818 1148 ea:
843 1098 990 1150 nobis
1021 1098 1126 1152 vim
1155 1098 1343 1152 ironia:
1362 1098 1683 1167 proscindit,
1712 1110 1763 1154 et
1789 1099 2061 1168 opprobrii

2179 1111 2358 1181 πικρὸν
2387 1108 2720 1178 διαπραῦνον
2745 1107 2856 1160 τῶν
2886 1101 3209 1172 ὀνειδισμῶν
3232 1116 3248 1131 ·
3277 1101 3311 1170 ἡ
3334 1099 3413 1162 δὲ,
3445 1098 3519 1163 ὡς
3537 1092 3613 1163 εἷς
3635 1096 3687 1159 ἐξ

497 1183 698 1240 mulcet
723 1185 1096 1240 acerbitatem.
1127 1184 1245 1241 Non
1276 1187 1418 1242 idem
1458 1194 1542 1243 est
1567 1188 1747 1243 dicere
1785 1188 1840 1242 in
1873 1188 2064 1257 objur-

2179 1204 2354 1272 ἡμῶν,
2375 1202 2435 1255 τὸ
2461 1201 2624 1272 δριμὺ
2652 1200 2750 1267 τῆς
2773 1198 3058 1268 εἰρωνείας
3101 1191 3458 1259 ὑποτέμνεται
3488 1190 3572 1242 καὶ
3613 1187 3690 1258 τὴν

494 1275 789 1346 gationem,
817 1279 1048 1332 multum
1082 1292 1214 1333 sane
1242 1279 1399 1334 abest
1425 1297 1439 1334 :
1476 1299 1495 1332 ι
1523 1279 1662 1336 Ecce
1685 1281 1856 1335 Adam
1891 1280 2066 1335 factus

2179 1294 2477 1365 τραχύτητα
2500 1288 2844 1345 καταλεαίνει
2872 1285 2966 1339 τοῦ
2997 1279 3472 1355 προπηλακισμοῦ.
3519 1280 3584 1332 Οὐ
3607 1279 3688 1348 γάρ

425 1378 442 1448 ς
496 1375 581 1422 cst
602 1384 744 1425 unus
777 1384 842 1424 ex
872 1370 1066 1435 nobis;
1093 1389 1111 1422 ι
1147 1381 1221 1436 et,
1252 1389 1270 1422 ι
1294 1379 1551 1441 tanquam
1585 1387 1730 1429 unus
1761 1387 1828 1427 ex
1851 1373 2061 1429 nobis.»

2179 1384 2284 1440 ἴσον
2322 1386 2499 1438 εἰπεῖν
2540 1384 2621 1445 είς
2649 1379 2959 1449 ἐπίπληξιν,
2991 1376 3113 1429 ούδέ
3172 1372 3368 1427 πολλοῦ
3403 1373 3499 1432 δεῖ,
3541 1391 3558 1421 ι
3590 1371 3692 1422 Ἰδοὺ

431 1502 433 1506 .
499 1455 676 1511 Unum
735 1456 954 1527 quidem
999 1458 1300 1527 simplicem
1351 1468 1404 1514 et
1452 1459 1691 1514 vividam
1731 1467 1786 1514 et
1816 1459 2066 1514 lethalem

2179 1477 2393 1548 γέγονεν
2445 1473 2616 1542 Ἀδὰμ
2668 1466 2748 1534 εἷς
2794 1470 2854 1534 ἐξ
2907 1468 3084 1540 ἡμῶν,
3117 1485 3136 1517 ι
3199 1467 3328 1530 καὶ,
3373 1481 3392 1515 ι
3426 1461 3496 1524 ὡς
3536 1458 3604 1524 εἷς
3647 1462 3690 1528 ἐξ

427 1551 430 1556 ’
500 1546 706 1602 inducit
742 1547 1093 1614 irrisionem;
1145 1549 1375 1604 alterum
1422 1566 1551 1605 vero
1612 1567 1708 1620 per
1749 1551 2070 1621 parabolam

2179 1546 2201 1641 ί)
2211 1569 2325 1640 μῶν
2344 1586 2359 1600 ο
2387 1585 2406 1619 ι
2432 1566 2493 1620 τὸ
2522 1565 2620 1637 μὲν
2643 1563 2882 1634 ἄκρατον
2909 1562 3004 1614 καὶ
3020 1557 3250 1629 σφοδρὸν
3277 1553 3574 1641 ἐπάγει
3597 1551 3691 1641 ttat-

495 1649 548 1694 (ιι
579 1639 988 1695 similitudinem
1019 1649 1283 1710 temperat
1305 1650 1360 1697 et
1388 1642 1664 1697 imminuit
1689 1643 2070 1712 exprobratio-

2179 1639 2288 1728 ριον
2308 1657 2401 1711 τὸν
2427 1653 2734 1727 χλευασμὸν
2761 1660 2775 1682 ⁶
2833 1649 2896 1703 τὸ
2944 1647 3002 1700 δὲ
3049 1645 3140 1699 διὰ
3166 1644 3266 1714 τῆς
3296 1639 3598 1711 παραϐολῆς
3621 1639 3692 1691 καὶ

496 1748 618 1787 nem
644 1742 699 1788 et
720 1734 987 1789 rationem
1023 1734 1315 1802 quamdam
1345 1735 1598 1805 subiiciet
1633 1735 1860 1790 irridere
1906 1735 2069 1790 simul

2179 1748 2482 1822 ὅμοιώσεως
2524 1743 2878 1814 κεκραμένην
2934 1757 3052 1802 πως
3077 1737 3174 1791 καὶ
3203 1729 3692 1822 μετριάζουσανῄτὴν

493 1831 547 1877 et
573 1823 878 1880 irrisionem
907 1824 1212 1892 auferendi,
1271 1841 1400 1881 cum
1426 1826 1673 1881 abinitio
1699 1826 1888 1881 liceret
1919 1827 2072 1881 nullo

2179 1820 2490 1911 ἐπιτίμησιν
2538 1838 2701 1898 ποιεῖ,
2759 1832 2854 1887 καί
2877 1847 2998 1885 τινα
3052 1828 3209 1897 λόγον
3244 1825 3430 1894 ὑφέξει
3458 1820 3694 1892 χλευάζειν

495 1917 660 1970 modo
690 1916 963 1972 irrisionis
992 1917 1224 1972 formam
1256 1917 1464 1972 subire.

565 2091 644 2144 Ad
675 2091 794 2145 haec
837 2099 892 2146 et
921 2091 1055 2146 illud
1106 2090 1502 2146 animadverte.
1556 2090 1614 2144 Si
1666 2089 1966 2152 irridentis,
2024 2087 2074 2142 si

500 2182 804 2236 irrisiouem
839 2183 1196 2251 exprimentis
1226 2191 1372 2237 esset
1408 2196 1586 2237 sermo
1613 2181 1801 2236 dicens
1828 2198 1842 2235 :
1893 2199 1911 2232 ι
1934 2178 2074 2235 Ecce

495 2275 667 2328 Adam
691 2272 867 2328 factus
901 2283 986 2330 est
1017 2275 1176 2343 quasi
1225 2290 1369 2330 unus
1399 2289 1466 2328 ex
1493 2272 1685 2339 nobis;
1708 2290 1728 2324 ι
1781 2286 1945 2340 quam
1975 2271 2075 2325 ba-

496 2366 624 2421 beat
651 2379 778 2420 cum
813 2378 879 2419 eo
907 2367 1306 2421 connexionem
1339 2375 1396 2420 et
1435 2363 1882 2434 consequentiam
1926 2361 2075 2431 quod

498 2453 770 2524 sequitur,
797 2469 906 2507 non
933 2461 1112 2523 potest
1145 2452 1497 2523 deprehendi.
1547 2450 1782 2506 Perinde
1822 2457 1906 2514 est
1939 2463 2003 2504 ac
2029 2447 2075 2502 si

497 2547 702 2601 diceret
741 2561 756 2599 :
787 2545 1080 2615 Postquam
1109 2544 1354 2600 Adamus
1384 2561 1414 2598 a
1451 2559 1545 2613 spe
1567 2544 1787 2606 decidit,
1821 2557 1926 2612 qua
1955 2555 2077 2595 ere-

497 2648 621 2695 ctus
657 2638 946 2708 supercilia
979 2638 1276 2702 attollebat,
1323 2638 1392 2690 ab
1448 2637 1660 2704 incepto
1718 2633 2078 2689 irrationabili

498 2730 583 2784 vel
611 2728 816 2784 invitus
845 2729 1125 2793 subsedit;
1153 2738 1439 2798 pOs-tquam
1464 2727 1734 2795 superbia:
1770 2724 2080 2781 bumiliatio

501 2819 800 2884 successit;
834 2827 1124 2887 postquam
1155 2816 1415 2870 nuditatis
1453 2815 1626 2884 pudor
1665 2829 1792 2868 eum
1841 2813 2079 2868 circum-

498 2911 688 2977 venit;
719 2910 912 2966 deinde
935 2909 1078 2977 quod
1121 2909 1365 2978 sequitur
1407 2924 1425 2961 :
1471 2915 1803 2977 quaprOpter
1853 2904 2081 2960 decebat

499 3018 624 3059 eum
657 3001 783 3074 ejici
819 3016 849 3055 a
885 3001 1163 3072 paradiso,
1224 3015 1293 3054 ne
1333 2998 1482 3070 quod
1505 2999 1749 3054 audaciae
1777 2998 1856 3052 illi
1887 3011 2078 3067 super-

500 3104 621 3152 erat
677 3107 732 3150 et
772 3094 1065 3151 voluntatis
1127 3092 1380 3161 superbia
1439 3090 1788 3144 audaciorem
1855 3103 2076 3143 manum

500 3187 782 3243 reddentia
807 3186 874 3239 ad
895 3185 1143 3255 rapinam
1179 3183 1520 3252 impellerent
1539 3197 1752 3248 eorum,
1775 3197 1896 3251 qua:
1924 3182 2077 3251 prius

505 3293 574 3332 ne
601 3276 868 3346 attingere
896 3274 1118 3345 quidem
1157 3282 1389 3329 conatus
1428 3281 1563 3327 erat.
1623 3271 1762 3328 Num
1813 3273 1926 3328 haec
1973 3272 2078 3329 ali-

503 3382 667 3437 quem
695 3365 1100 3435 consequentia
1145 3364 1410 3418 rationetn
1466 3362 1689 3426 habent,
1734 3371 1830 3416 aut
1858 3377 2078 3417 sensum

506 3459 575 3512 ab
619 3456 770 3512 omni
826 3453 1252 3511 contradictione
1322 3468 1519 3522 purum
1580 3452 1841 3507 servant?
1924 3450 2081 3516 Quod

507 3560 688 3605 autem
719 3556 903 3619 postea
928 3546 1106 3602 adhuc
1131 3546 1403 3616 sequitur,
1431 3545 1564 3600 nihil
1586 3545 1821 3614 amplius
1844 3543 2084 3599 ostendit

507 3652 672 3708 quam
701 3637 848 3708 quod
877 3636 1084 3691 dictum
1113 3643 1216 3690 est.
1255 3633 1394 3690 Dicit
1414 3633 1560 3689 enim
1609 3650 1624 3688 :
1681 3651 1700 3685 ‹
1728 3631 1794 3687 Et
1838 3648 1985 3686 nunc
2015 3647 2083 3686 ne

508 3730 650 3786 forte
677 3729 936 3784 extendat
967 3743 1191 3782 manum
1227 3736 1283 3781 et
1312 3726 1684 3796 apprehendat
1734 3724 1974 3779 fructum
2015 3723 2084 3780 de

506 3823 658 3892 ligno
700 3820 824 3876 vita:
861 3827 916 3874 et
976 3819 1227 3874 comedat
1279 3826 1334 3872 et
1376 3818 1517 3872 vivat
1570 3818 1626 3872 in
1666 3825 1930 3872 aeternum
1957 3815 2029 3872 ".
2057 3835 2077 3868 ι

507 3913 792 3981 Quomodo
809 3927 916 3967 non
933 3919 1097 3978 patet,
1121 3912 1166 3966 si
1182 3925 1246 3965 eo
1257 3911 1401 3980 quod
1425 3910 1492 3964 de
1509 3925 1608 3965 sua
1622 3924 1717 3980 spe
1732 3917 1785 3964 et
1799 3917 2082 3979 exspecta-

510 4008 657 4063 tione
680 4005 962 4070 deciderit,
1017 4004 1298 4068 irridetur,
1353 4011 1412 4057 ut
1455 4001 1543 4057 his
1571 4013 1850 4057 ostensum
1893 4010 1999 4066 est,
2031 4007 2085 4056 et

506 4113 725 4154 omnem
754 4113 911 4152 suam
964 4096 1073 4150 vim
1127 4094 1438 4150 inﬁrmitate
1487 4093 1798 4157 mutaverit,
1869 4101 1923 4149 et
1971 4107 2085 4148 sua:

507 4190 718 4245 ﬁduciae
747 4197 967 4259 propter
1008 4187 1329 4256 iactantiam
1385 4186 1614 4243 subierit
1641 4185 1938 4254 jacturam,
1982 4199 2084 4238 nec

511 4282 744 4352 propriis
774 4281 982 4336 viribus
1015 4281 1252 4350 potuerit
1278 4279 1508 4349 protegi,
1535 4286 1589 4332 et
1615 4292 1740 4332 eum
1766 4276 1854 4331 bis
1881 4276 2083 4345 quibus

506 4383 666 4428 antea
695 4373 902 4443 protegi
937 4372 1202 4435 decuerit,
1253 4378 1510 4439 tanquam
1559 4369 1855 4424 voluntatis
1885 4383 2080 4437 pecca-
2111 4389 2158 4446 ι)

509 4476 624 4519 tum
663 4472 719 4520 et
746 4465 946 4519 vulnus
989 4464 1193 4518 mentis.
1239 4461 1588 4532 generositati
1638 4460 1894 4516 alllictum
1933 4460 2085 4514 sum-

509 4564 717 4621 cerent,
745 4555 897 4608 illum
930 4569 960 4608 a
986 4555 1226 4610 secunda
1270 4553 1500 4608 audacia
1551 4552 1850 4607 recedere?
1910 4550 2083 4604 Mani—

511 4655 712 4703 testum
741 4657 827 4703 est
853 4646 1020 4700 etiam
1053 4655 1296 4701 nostram
1329 4645 1385 4698 in
1424 4645 1547 4715 ejus
1601 4644 1817 4714 lapsum
1870 4643 2084 4698 irrisio-

510 4755 634 4794 nem
716 4749 769 4792 et
843 4735 1170 4802 iuvenilium
1241 4735 1634 4804 cogitationum
1708 4732 2080 4786 inﬁrmitatem

508 4830 791 4887 evidenter
822 4826 1200 4898 proscribere?
1228 4825 1523 4881 Prohibere
1550 4825 1694 4880 enim
1727 4840 1797 4878 ne
1838 4823 1971 4894 quid
2014 4825 2082 4878 de

520 4919 672 4988 ligno
695 4917 818 4971 vitae
841 4916 1244 4986 apprehendat.
1266 4955 1280 4969 .
1305 4953 1320 4968 .
1344 4955 1360 4969 .
1391 4930 1513 4970 eum
1543 4922 1599 4968 et
1621 4924 1743 4984 post
1774 4923 2079 4984 transgres-

513 5010 724 5065 sionem
762 5007 895 5062 satis
927 5005 1122 5060 virium
1151 5007 1402 5062 habuisse
1441 5015 1502 5062 ut
1527 5006 1729 5061 iaceret
1753 5005 1894 5075 quod
1920 5013 2081 5060 antea

512 5099 786 5168 nequibat,
836 5107 1086 5153 testatur.
1138 5096 1308 5153 Nemo
1337 5097 1480 5152 enim
1531 5097 1712 5165 aliqua
1741 5111 1806 5151 re
1838 5096 2079 5166 aliquem

511 5192 910 5262 interdicitqua
937 5192 1051 5262 jam
1084 5201 1278 5246 natura
1307 5191 1564 5247 exclusus
1580 5197 1685 5245 est.

585 5433 796 5487 Dictum
865 5443 950 5486 est
1011 5440 1189 5486 tamen
1245 5445 1276 5482 a
1348 5427 1674 5496 quibusdam
1751 5424 2084 5480 doctissimis

513 5526 645 5580 illud
699 5545 713 5578 :
776 5544 795 5575 ε
825 5524 962 5578 Ecce
997 5523 1167 5577 Adam
1201 5521 1378 5576 factus
1411 5528 1496 5575 est
1544 5525 1801 5595 tanquam
1832 5533 1974 5574 unus
2015 5533 2081 5573 ex

592 5660 638 5691 ²⁶
660 5659 792 5718 Gen.
827 5676 973 5726 nix,
1010 5659 1096 5713 2|.

2168 1953 2228 1989 τε
2265 1934 2382 2005 ἅμα
2409 1931 2506 1986 καὶ
2545 1929 2642 2000 τὴν
2667 1926 2867 1998 χλεύην
2884 1920 3253 1994 ὑφαιρεῖσθαι,
3296 1917 3414 1981 ἐξὸν
3434 1916 3522 1968 ἀπ’
3554 1912 3694 1983 ἀρχῆς

2169 2030 2262 2084 τὸν
2291 2026 2493 2097 τρόπον
2527 2022 2769 2093 μηδόλως
2799 2015 3053 2070 ὑπελθεῖν
3079 2013 3178 2082 τῆς
3203 2009 3426 2081 χλεύης.

2255 2117 2452 2173 Ἐπίδέ
2479 2115 2691 2176 τούτοις
2708 2112 2928 2165 κάκεῖνο
2945 2103 3285 2171 συλλογίζου·
3310 2102 3358 2153 εἰ
3381 2097 3692 2166 διασύροντος,

2171 2215 2220 2269 εἰ
2241 2211 2618 2282 διαγελῶντος,
2649 2208 2697 2260 εἰ
2727 2200 3008 2274 εἰρωνείας
3030 2194 3420 2282 προϐάλλοντος
3445 2193 3472 2243 ὁ
3491 2189 3626 2282 λόγος
3644 2181 3697 2256 ἦν

2171 2307 2199 2360 ὀ
2231 2279 2424 2374 λέγων,
2461 2321 2481 2355 σ
2504 2300 2639 2356 Ἰδοὺ
2691 2296 2866 2365 Ἀδὰμ
2910 2292 3132 2360 γέγονεν
3168 2286 3241 2348 ὡς
3271 2279 3352 2348 εἷς
3409 2282 3466 2346 ἐξ
3508 2279 3653 2374 ἡμῶν.
3675 2294 3693 2327 ι

2170 2373 2452 2468 τίνανπρὸς
2471 2393 2642 2463 αὐτὴν
2665 2389 2956 2458 συνάφειαν
2979 2384 3012 2454 ἢ
3041 2377 3362 2435 ἀκολουθίαν
3385 2375 3489 2439 ἕξει
3511 2375 3566 2425 τὸ
3583 2373 3692 2424 ἐπα-

2175 2464 2424 2563 γόμενον,
2452 2487 2552 2540 οὐκ
2592 2484 2657 2537 ἂν
2680 2481 2912 2551 ἐθελήσῃ
2944 2475 3143 2545 γνῶσιν
3189 2469 3523 2537 παρασχεῖνο
3551 2464 3694 2565 ὅμοιον

2174 2584 2282 2654 γὰρ
2312 2579 2443 2634 ὡσεὶ
2473 2578 2681 2644 ἐλεγενο
2728 2569 2948 2637 Ἐπειδὴ
2975 2567 3084 2621 τῶν
3129 2563 3360 2617 ἐλπίδων
3413 2563 3693 2654 καταπεσιῗν

2174 2645 2203 2731 ό
2239 2645 2434 2742 ίΑδάμ,
2471 2665 2558 2733 αἷς
2614 2663 2908 2736 ὀχούμενος
2954 2659 3053 2723 τὰς
3071 2657 3244 2728 ὀφρῦς
3297 2645 3696 2742 ἀνέσπαηδρμῐξ

2181 2769 2279 2840 μὲν
2303 2734 2394 2820 καί,
2421 2734 2580 2817 ’ἄκων
2609 2734 2710 2828 της
2731 2757 2926 2824 ἀλόγου
2957 2749 3241 2820 καθυφῆκε
3261 2762 3277 2776 ·
3310 2747 3370 2840 τὸ
3397 2734 3694 2840 γαυρίαμαῶ

2178 2830 2451 2927 κατήφεια
2498 2850 2810 2916 διεδέξατο·
2866 2847 2962 2900 καὶ
3019 2844 3250 2912 αἰσχύνη
3289 2837 3392 2908 τῆς
3418 2830 3696 2929 γυμνώσεως

2179 2924 2346 3008 αὑτὸν
2375 2945 2801 3021 περιετείχισεν·
2831 2937 2953 2994 εἶτα
2972 2938 3033 2990 τὸ
3076 2932 3416 3021 ἐπαγόμενον
3445 2944 3457 2956 ·
3485 2924 3564 3021 8rd-
3579 2924 3698 3021 τοῦτο

2105 3047 2151 3111 ο
2183 3009 2460 3116 προσῆκεν
2491 3009 2653 3094 αὐτὸν
2682 3031 3014 3103 ἐκϐληθῆναι
3041 3027 3134 3080 τοῦ
3171 3019 3516 3094 παραδείσου,
3545 3015 3619 3066 ἴνα
3644 3009 3696 3110 μη

2178 3099 2241 3190 τό
2275 3099 2628 3204 περιγεγονὸς
2677 3099 2851 3196 αὐτῷ-
2879 3099 3079 3194 θράσος
3117 3120 3213 3172 καὶ
3244 3115 3309 3168 τὸ
3329 3113 3607 3182 ὑπέρογκον
3630 3099 3701 3204 τοῦ

2180 3194 2522 3299 φρονήματος
2553 3194 2892 3294 θρασυτέραν
2917 3214 3016 3286 τὴν
3038 3213 3194 3282 χεῖρα
3217 3194 3699 3299 ἀπεργασάμεναῆεῐς

2179 3286 2279 3390 την
2309 3286 2564 3386 ἀρπαγὴν
2589 3286 2826 3363 ’ἐκείνων
2875 3302 3166 3373 συνελάσῃ,
3215 3295 3295 3353 ὧν
3332 3296 3466 3390 οὐδ’-
3481 3286 3697 3390 ἅπτεσθαι

2182 3378 2449 3484 πρότερον
2474 3378 2735 3476 ούδεμίαν
2789 3401 2994 3471 τόλμαν
3021 3392 3397 3450 ἐπεδείκνυτο.
3443 3383 3577 3484 ’ἀρα
3617 3378 3698 3484 γίὶρ

2180 3471 2295 3576 ἔχει
2324 3471 2446 3558 τὶνά
2494 3471 2667 3554 ταῦτα
2718 3495 2876 3562 λόγον
2929 3487 3273 3553 ἀκολουθίας,
3327 3484 3361 3554 ἢ

2181 3563 2594 3668 καθαρεύουσαν
2637 3591 2814 3660 μάχης
2833 3586 3110 3648 δὶάνοιαν;
3140 3667 3143 3668 ν
3166 3579 3280 3633 Καὶ
3315 3577 3418 3668 μὴν
3439 3572 3579 3668 οὐδὲν

2181 3685 2272 3738 λον
2304 3654 2492 3752 ἕτερον
2531 3679 2592 3730 τὸ
2635 3654 2977 3744 ἐπαγόμενον
3023 3670 3059 3738 ἢ
3102 3667 3164 3721 τί.
3219 3663 3506 3736 εἰρημένον
3555 3654 3700 3752 δηλοίῖ
3798 3679 3799 3684 η

2181 3775 2332 3844 λέγει
2359 3743 2491 3841 γάρ,
2545 3788 2563 3822 ι
2583 3768 2696 3823 Καὶ
2725 3743 2842 3830 νύν,
2876 3764 3088 3834 μήποτε
3108 3757 3330 3844 ἐκτείνῃ
3351 3755 3446 3827 τὴν
3468 3751 3607 3844 χεῖρα
3633 3743 3700 3796 καὶ

2181 3841 2323 3937 λάθῃ
2349 3863 2458 3918 ἀπὸ
2481 3859 2576 3913 τοῦ
2603 3859 2759 3924 ξύλου
2779 3857 2879 3926 τῆς
2902 3855 3048 3923 ζωῆς
3074 3853 3170 3905 καὶ
3187 3841 3193 3847 ’
3209 3849 3360 3920 φάγῃ
3390 3845 3481 3900 καὶ
3515 3842 3693 3937 {quercu

2183 3960 2264 4021 εἰς
2290 3920 2384 4010 τὸν
2413 3920 2658 4008 αἰῶνα.-)
2733 3920 2858 4012 Πῶς
2898 3920 3014 4017 γὰρ.
3038 3945 3139 3998 οὐκ
3179 3941 3447 4010 ἐπίδηλον,
3474 3938 3518 3988 εἰ
3554 3920 3700 4000 ὲφόἷς

2182 4051 2281 4120 τῆς
2327 4043 2656 4117 προσδοκίας
2702 4040 2954 4094 διέπεσεν
3006 4034 3352 4107 ἐχλευάζετο,
3417 4033 3489 4093 ὡς
3535 4026 3701 4078 τούτοις

2184 4143 2476 4205 ἐδείκνυτο,
2539 4138 2722 4191 πᾶσαν
2761 4151 2828 4187 τε
2860 4131 3091 4201 δύναμιν
3127 4131 3208 4192 εἰς
3235 4127 3301 4180 τὸ
3333 4121 3546 4183 ἀσθενὲς
3573 4129 3699 4187 μετα-

2185 4232 2539 4304 ϐεϐλημένος,
2575 4228 2671 4282 καὶ
2701 4228 2802 4298 τῆς
2833 4223 2920 4294 ἐφ’
2947 4218 3028 4286 οἷς
3061 4218 3418 4290 ἐσοὸαρεύετο
3443 4208 3701 4304 παρρησισςς

2187 4295 2428 4386 ὑποστάς
2459 4295 2772 4391 ἀφαίρεσιν,
2806 4317 2902 4369 καὶ
2929 4315 2990 4367 ού
3033 4307 3487 4382 περιτειχίξεσθαι
3535 4295 3701 4364 συνεχέ-

2192 4435 2353 4490 μενον
2382 4415 2616 4477 οἴκοθεν,
2658 4410 2941 4482 προσῆκον
2963 4404 3032 4479 ἦν
3068 4401 3143 4460 ὧν
3163 4401 3527 4471 ἀπετείχιζετο
3549 4391 3700 4462 πρότε-

2191 4480 2304 4582 iw",
2331 4512 2406 4573 (bc
2431 4508 2599 4579 αὐτῆς
2742 4501 2837 4556 τοῦ
2871 4501 3212 4572 βουλήματος
3233 4493 3546 4566 διαμαρτίας
3571 4480 3700 4582 καὶξδ

2187 4574 2346 4676 περ-ιθ
2357 4574 2658 4674 ραυσθηναι
2673 4574 2746 4652 ’τὸ
2771 4598 3019 4667 γενναῖον
3057 4593 3149 4648 τοῦ
3189 4592 3523 4663 φρονήματος
3547 4574 3700 4676 ἱκανῶν

2185 4667 2374 4758 ὄντων,
2403 4695 2664 4763 δευτέρας
2681 4691 2842 4744 αὑτὸν
2867 4689 3105 4756 ἀπάγειν
3125 4683 3479 4756 θρασύτητος;
3511 4667 3699 4763 ἐμφανὲς

2185 4789 2243 4843 δὲ
2277 4789 2371 4842 καὶ
2393 4786 2468 4849 ὼς
2493 4758 2651 4855 ἡμῶν
2677 4781 2844 4853 χλεύη
2884 4781 3025 4833 κατά
3079 4777 3426 4831 κατάπτωσιν
3451 4765 3596 4824 αὑτοῦ
3619 4758 3699 4812 τῶν

2187 4879 2452 4936 νεανικῶν
2481 4876 2754 4947 λογισμῶν
2777 4875 2870 4928 καὶ
2900 4873 3186 4926 ἀσθένειαν
3211 4867 3700 4936 στηλιτεύειπεριφα-

2189 4973 2313 5036 νῶς.
2377 4973 2451 5024 Τὸ
2477 4971 2534 5025 δὲ
2567 4969 2799 5023 κωλύειν
2817 4965 2977 5021 αὐτὸν
3000 4963 3096 5018 τοῦ
3120 4963 3278 5027 ξύλου
3306 4961 3403 5027 τῆς
3425 4954 3556 5022 ζωῆς
3576 4961 3699 5018 μεταο

2191 5067 2339 5134 σχεῖν
2397 5065 2459 5116 τὸ
2492 5065 2528 5116 ἀ
2551 5101 2566 5116 .
2609 5102 2623 5116 .
2655 5101 2670 5116 .
2704 5099 2720 5114 .
2753 5098 2768 5114 .
2793 5059 2930 5128 μετὰ
2956 5057 3057 5128 τὴν
3096 5054 3405 5125 παράϐασιν
3457 5047 3540 5100 καὶ
3555 5037 3694 5134 ἀνδρί-

2191 5128 2379 5221 ζεσθαι
2435 5157 2610 5208 ποιεῖν
2658 5152 2695 5207 ἃ.
2754 5152 2830 5222 μὴ
2865 5151 3131 5221 πρότερον
3169 5146 3413 5215 ἠδύνατο,
3461 5128 3693 5222 μαρτυθίῗζ

2189 5213 2381 5309 ὀῦδεὶς
2415 5247 2524 5316 γὰρ
2543 5213 2799 5316 ἀπείργει
2818 5213 3144 5294 τδνυοίκοθεν
3168 5213 3562 5309 ἀπειργόμενον.
3590 5213 3695 5274 Ἀλλ’

2197 5339 2262 5390 ἐκ
2294 5336 2505 5389 πολλῶν
2530 5336 2629 5406 μὲν
2649 5335 2805 5399 ὀλίγα
2828 5333 3021 5387 ταῦτα.

2261 5429 2486 5500 Εἴρηται
2517 5400 2697 5498 μέντοι
2747 5443 2812 5493 γε
2836 5424 2946 5478 τισὶ
2972 5424 3080 5477 τῶν
3099 5421 3452 5493 χαριεστέρων
3469 5413 3581 5502 sint
3599 5400 3693 5502 Ἰδξῦ

2201 5521 2373 5594 ’Δδάμ
2404 5523 2627 5590 γέγονεν
2668 5519 2745 5583 ὡς
2784 5513 2865 5582 εἷς
2906 5517 2964 5584 ἐξ
3006 5515 3185 5586 ἡμῶν,
3227 5533 3244 5567 ι
3275 5512 3335 5566 οὐ
3369 5506 3496 5577 πρὸς
3515 5501 3599 5570 τὴν
3619 5505 3692 5559 της
