3830 6210
198 250 295 318 173

1124 270 1225 330 AD
1270 272 1865 351 AMPHILOCHIUM
1900 283 2248 357 QUIESTIO
2285 287 2497 351 XXIV.

3350 297 3453 366 l'ﬂ

191 364 449 473 Τριάδος.
479 365 761 473 ὕπεροχην
798 371 897 442 τὴν
940 372 1221 447 ἀναφορὰν
1266 378 1433 449 ἔχειν,
1473 383 1589 437 ἀλλ’
1617 386 1698 449 είς
1721 386 1772 440 τὲ

1884 392 2076 460 nobis;
2108 412 2128 448 ›
2186 409 2297 450 non
2332 396 2400 451 ad
2435 396 2651 454 Triadis
2688 400 3065 458 excellentiam
3099 404 3312 473 referri,
3355 364 3451 461 sed

188 456 399 524 πλῆθος
424 459 642 531 ἁφορᾷν
674 460 1197 536 τῶνλειτουργικῶν
1236 471 1332 523 καὶ
1355 472 1664 544 ἀσωμάτων
1693 477 1783 531 δυ-

192 546 440 615 νάμεων.
494 548 637 617 Ἐγὼ
671 550 727 604 δὲ
758 552 944 608 τοῦτον
978 556 1071 609 τὸν
1112 558 1269 628 λόγον
1317 563 1453 632 μετὰ
1477 565 1571 619 τοῦ
1598 569 1782 639 ἐνέχε-

189 636 312 690 σθαι
337 641 466 703 ταῖς
493 643 923 714 προειρημέναις
947 647 1171 717 αίτίαις,
1199 651 1309 705 οὐδ’
1328 654 1440 725 ὁρῶ
1462 656 1581 711 τίνα
1601 636 1783 731 χῶραν

188 727 331 821 ὅλως
360 728 486 800 ἔχει
546 735 947 806 παρεντεθῆναι
1011 741 1267 797 ἐνταῦθα.
1318 744 1457 798 Οὔτε
1515 727 1631 821 γὰρ
1681 727 1781 821 τὴν

188 820 509 894 συμϐουλὴν
538 824 634 877 τοῦ
657 825 839 895 ὄφεως
882 828 1150 903 διασύρει,
1188 834 1311 887 οὐδὲ
1343 820 1781 910 ἀγγέλωνφύσιν

185 910 448 998 dumdu
470 912 653 985 ἐρωςά
671 916 835 971 ποθεν
858 919 1039 974 λαϐεῖν
1067 925 1096 976 ὁ
1132 924 1301 995 Ἀδὰμ
1320 927 1603 998 ἐφωράθη.
1634 934 1774 988 Οὐδὲ

186 996 257 1067 ῆν
285 1002 431 1057 πολὺ
472 1005 662 1077 πόρρω
704 1007 863 1079 δόξης
893 1012 993 1083 τῆς
1025 1014 1327 1088 ἀγγελικῆς
1355 996 1605 1087 διεστὼς,
1637 1025 1782 1079 κατὰ

186 1092 274 1145 τὸν
304 1095 643 1165 παράδεισον
666 1099 765 1161 τὰς
800 1100 1083 1174 διατριὸἀς
1126 1106 1285 1175 ἔχων,
1323 1111 1416 1163 καὶ
1446 1112 1545 1181 τῆς
1574 1112 1778 1168 ἀθανα-

185 1184 308 1248 σίας
336 1185 434 1238 ἐπί
482 1204 547 1256 γε
589 1192 656 1261 τῇ
698 1194 929 1265 προνοίᾳ
956 1195 1050 1249 τοῦ
1083 1197 1397 1264 Πλάσαντος
1444 1203 1733 1259 ἀπολαύων
1758 1222 1773 1238 ⁸

183 1275 272 1329 διὰ
298 1276 486 1331 ταῦτα
520 1281 703 1334 τοίνυν
738 1283 800 1335 οὐ
840 1286 986 1355 ῥᾴων
1017 1286 1132 1358 είμί
1154 1292 1220 1361 τῇ
1250 1291 1475 1366 τοιαύτη
1491 1295 1584 1348 τοῦ
1609 1299 1776 1369 ρητοῦ

187 1368 571 1424 συνεπινεύειν
624 1373 925 1447 ἑρμηνείᾳο
997 1380 1233 1448 μάλιστα
1276 1383 1456 1440 δὲκαὶ
1480 1368 1617 1442 διότι
1669 1408 1776 1462 περ

186 1459 389 1513 τὸάντὶ
446 1464 716 1534 ὀνόματος
747 1468 1107 1540 παραληφθὲν
1154 1475 1248 1527 τοῦ
1306 1477 1468 1546 λόγου
1505 1480 1670 1551 μέρος
1693 1459 1775 1547 είς

188 1550 433 1604 τοιοῦτον
463 1557 865 1626 σχηματίζεται
893 1560 1083 1617 τύπον.
1155 1566 1308 1636 Τάχα
1342 1568 1388 1621 δ’
1420 1568 1494 1623 ἀνι
1521 1550 1614 1624 καὶ
1658 1574 1775 1626 ἑτέ-

195 1656 303 1707 ροις
340 1643 687 1715 τεθεώρηται
718 1647 828 1700 τῶν
855 1651 1168 1721 εἰρημένων
1195 1654 1443 1727 θειότερά
1470 1676 1535 1712 τε
1561 1661 1655 1715 καὶ
1680 1679 1772 1715 τε·

1882 486 2155 555 respicere
2183 488 2251 541 ad
2286 488 2687 544 multitudinem
2717 501 3027 549 sanctarum
3088 505 3144 551 et
3195 498 3453 568 incorpo-

1882 590 2099 631 rearum
2139 586 2487 647 potestatum.
2576 581 2689 651 Ego
2734 598 2884 644 vero.
2916 595 3273 656 praeterquam
3306 592 3477 659 quod‘

1880 668 2152 737 praedictis
2182 668 2362 725 causis
2387 669 2631 740 subjacet
2654 673 2742 727 hic
2760 689 2963 741 sermo,
2992 692 3098 730 non
3115 679 3271 733 video
3287 696 3449 750 quem

1881 757 2062 813 locum
2086 759 2284 815 habeat
2326 759 2419 816 hic
2447 761 2719 818 interseri.
2774 764 2962 835 Neque
3004 768 3151 821 enim
3183 774 3451 835 serpentis

1881 846 2171 901 consilium
2240 847 2527 914 obtrectat,
2586 865 2764 920 neque
2812 853 3129 922 angelorum
3197 866 3449 912 naturam

1881 934 2214 1004 suscipiendi
2266 951 2509 992 amorem
2557 940 2873 1009 concepisse
2918 943 3093 997 Adam
3145 946 3293 1001 visus
3343 958 3447 1003 est.

1878 1023 1997 1080 Non
2038 1025 2198 1096 longe
2226 1042 2258 1082 a
2308 1028 2479 1098 gloria
2531 1031 2773 1100 angelica
2801 1033 2997 1101 stabat,
3037 1036 3167 1089 dum
3200 1037 3253 1090 in
3290 1054 3451 1106 para-

1877 1117 2001 1173 diso
2032 1122 2474 1176 commorabatur
2505 1132 2559 1176 et
2595 1122 2945 1192 providentiae
2970 1125 3249 1181 Creatoris
3281 1129 3448 1191 bene-

1877 1205 2005 1262 ﬁcio
2033 1208 2442 1265 immortalitate
2474 1210 2780 1268 fruebatur.
2806 1216 3099 1285 Propterea
3134 1232 3243 1272 non
3272 1218 3449 1273 liben-

1879 1302 1960 1349 ter
1996 1295 2092 1349 tali
2146 1297 2310 1365 hujus
2353 1299 2503 1355 verbi
2562 1302 2931 1370 explanationi
3000 1306 3447 1375 acquiescerem;

1877 1386 2176 1454 praesertim
2211 1388 2338 1457 quia
2372 1404 2483 1458 pro
2503 1393 2727 1446 nomine
2749 1404 3003 1463 suscepta
3032 1399 3306 1453 sermonis
3324 1414 3450 1468 pars

1876 1473 1930 1526 in
1971 1474 2132 1529 talem
2163 1477 2495 1530 transfertur
2533 1479 2784 1547 ﬁguram.
2836 1481 3001 1537 Forte
3033 1494 3087 1538 et
3126 1486 3196 1541 ab
3222 1488 3345 1543 aliis
3372 1490 3451 1543 in-

1876 1575 2033 1620 venta
2070 1576 2200 1622 sunt
2228 1568 2294 1623 iis
2343 1585 2464 1637 quae
2511 1571 2653 1627 dicta
2679 1584 2807 1628 sunt
2850 1575 3119 1631 diviniora
3164 1589 3220 1632 et
3269 1581 3450 1648 perfe—

1874 1656 2067 1712 ctiora.
2100 1657 2185 1713 Me
2200 1674 2329 1714 vero
2346 1676 2523 1730 neque
2546 1662 2708 1717 etiam
2727 1670 3250 1733 eorum,memoriam
3267 1678 3451 1727 tenere

190 1730 458 1803 λειότερα.
510 1736 642 1806 Ἐμὲ
678 1738 736 1791 δὲ
759 1740 894 1810 μήτε
928 1743 1151 1813 μνήμην
1192 1744 1339 1815 ἔχειν
1376 1748 1579 1805 τούτων
1609 1753 1642 1821 ἡ
1667 1753 1772 1808 τῶν

1881 1753 2154 1817 persuasit
2177 1753 2474 1809 multorum
2499 1766 2552 1810 et
2578 1757 2680 1812 sibi
2711 1761 3120 1816 succedentium
3149 1775 3447 1819 conatuum

134 1850 151 1870 .
192 1821 413 1885 πολλῶν
463 1828 561 1880 καὶ
604 1828 1021 1903 ἀλλεπαλλήλων
1050 1838 1373 1907 πειρασμῶν
1389 1840 1572 1912 πληγὴ
1597 1860 1774 1915 παρα-

188 1914 469 2005 χωροῦσα,
499 1918 624 1989 μηδ’
679 1922 761 1986 είς
809 1921 1067 1994 έρευναν⁹
1096 1927 1455 1985 καθίστασθαι
1508 1914 1778 2005 μηδεμίαν

190 2002 369 2057 ἄδειαν
398 2009 780 2081 παρεχομένη,
804 2013 882 2076 είς
904 2014 1059 2068 τοῦτο
1085 2019 1193 2087 γὰρ
1222 2019 1367 2088 ἡμᾶς
1387 2024 1415 2074 6
1434 2002 1544 2075 τῶν
1564 2002 1777 2095 ἀνθρώ-

193 2112 304 2149 πων
330 2098 534 2166 φθόνος
559 2102 924 2172 συνέκλεισεν,
956 2106 992 2160 ἀ
1032 2108 1217 2180 παρῆν
1241 2112 1420 2166 είπεῖν
1449 2114 1508 2180 ἐξ
1537 2109 1612 2169 ὦν
1647 2133 1774 2170 συν-

197 2188 323 2243 εἶδον
356 2194 505 2247 κατά
558 2195 655 2266 τὴν
703 2197 803 2268 σὴν
860 2200 1338 2275 φιλομαθεστάτην
1409 2208 1635 2275 ἀξίωσιν
1677 2212 1777 2264 οὐκ

199 2283 417 2354 ἐπέσχεν
452 2286 711 2358 οὐδεμία·
738 2290 940 2364 καίπερ
976 2332 990 2345 .
1027 2336 1041 2349 .
1079 2336 1093 2351 .
1131 2338 1145 2351 .
1185 2334 1201 2351 .
1238 2338 1253 2355 .
1277 2300 1439 2371 σιγῆς
1463 2304 1734 2374 πρόφασις
1759 2324 1774 2339 ο

198 2372 321 2427 ἀλλὰ
368 2376 519 2429 κατὰ
551 2379 650 2448 μὲν
681 2381 937 2454 ἐπιϐολὴν
976 2386 1324 2460 κεφαλαιώδη
1367 2394 1465 2445 καὶ
1508 2372 1778 2467 σύντομον

198 2464 286 2517 καὶ
328 2468 526 2537 καιρὸν
554 2470 796 2526 τοιοῦτον
814 2475 1040 2543 ἀρκέσοι
1063 2479 1129 2532 τὰ
1160 2481 1454 2552 εἰρημένα.
1515 2487 1579 2541 Εί
1636 2464 1693 2541 δέ
1722 2507 1775 2543 τι

200 2559 287 2613 καὶ
320 2562 386 2613 σὺ
420 2562 637 2627 τούτοις
671 2567 966 2640 προσθείης
995 2570 1095 2625 οὐκ
1119 2572 1343 2629 ἔλαττον
1380 2579 1560 2648 σαυτῷ
1602 2581 1635 2652 ἦ
1682 2582 1776 2635 καὶ

201 2652 321 2743 ημῖν
347 2669 415 2721 γε
473 2656 590 2718 τοῖς
622 2656 968 2725 διδασκάλοις
1021 2662 1120 2734 τὴν
1163 2664 1326 2735 χάριν
1380 2668 1771 2743 ἀνταποδοίης·

203 2742 318 2805 ἴσως
351 2744 398 2797 δ’
433 2746 500 2798 ἄν
531 2763 677 2811 τινος
708 2750 965 2821 ἀφορμῆς
983 2755 1134 2824 παρὰ
1163 2756 1257 2810 σοῦ
1278 2759 1657 2833 πορισθείσης,
1679 2742 1776 2817 καὶ

204 2836 413 2904 ήμίνᾶν
447 2838 661 2904 γένοιτο
709 2842 806 2911 τῆς
833 2844 1134 2915 Μωσαῖκῆς
1189 2847 1443 2915 θεοπτίας
1470 2852 1532 2905 ού
1586 2854 1774 2925 πόρρω

204 2929 289 2990 τὴν
327 2928 572 2999 σπουδὴν
622 2931 783 3001 ήμῶν
841 2934 1237 3009 διωθουμένης,
1292 2941 1527 3010 μάλιστά
1577 2962 1641 3013 γε
1680 2948 1773 3000 καὶ

1882 1840 2022 1896 ictus
2063 1844 2268 1897 nullam
2300 1848 2365 1899 ad
2396 1846 2844 1918 investigationes
2891 1854 3211 1909 statuendas
3243 1857 3452 1911 securi-

1880 1939 2047 1985 tatem
2097 1933 2364 2002 praahcns.
2425 1936 2509 1992 Ad
2544 1937 2598 1992 id
2625 1939 2773 1993 enim
2805 1956 2908 1996 nos
2934 1942 3216 1996 hominum
3249 1944 3452 1999 invidia

1877 2024 2139 2093 perduxit
2166 2035 2226 2081 ut
2274 2042 2396 2097 quae
2438 2040 2659 2098 paratus
2694 2046 2844 2087 eram
2876 2033 3059 2090 dicere
3087 2050 3155 2089 ex
3180 2035 3267 2093 his
3329 2052 3454 2105 quae

1878 2117 2141 2184 intellexi,
2184 2120 2342 2190 juxta
2380 2131 2531 2176 tuam
2583 2124 2924 2194 dignitatem,
2990 2126 3171 2183 dicere
3225 2128 3455 2184 minime

1877 2222 2133 2265 securum
2160 2212 2252 2266 sit.
2302 2214 2563 2279 Quamvis
2590 2254 2606 2269 .
2624 2256 2637 2269 .
2660 2254 2676 2270 .
2698 2254 2714 2270 .
2746 2217 2949 2271 silentii
2974 2228 3289 2287 praztextus.
3348 2219 3453 2274 Sed

1877 2316 1978 2370 pro
2002 2301 2148 2357 brevi
2178 2311 2232 2357 et
2264 2304 2558 2358 summaria
2581 2309 2935 2375 responsione
2960 2316 3015 2362 et
3049 2324 3149 2377 pro
3179 2310 3274 2363 tali
3315 2320 3453 2364 tem-

1876 2406 2007 2461 pore
2046 2394 2160 2448 haec
2197 2392 2466 2450 suiﬁciant
2493 2396 2657 2451 dicta.
2706 2395 2765 2451 Si
2807 2407 2987 2453 autem
3015 2409 3069 2454 et
3112 2408 3170 2453 tu
3194 2399 3281 2455 his
3311 2400 3452 2471 adji-

1877 2498 2055 2551 ceres,
2114 2500 2222 2541 non
2253 2486 2438 2542 minus
2464 2487 2562 2542 tibi
2599 2504 2764 2558 quam
2811 2489 2973 2545 nobis
3023 2490 3302 2560 magistris
3343 2492 3451 2548 tuis

1876 2576 2105 2647 gratiam
2138 2578 2486 2647 rependeres.
2554 2579 2758 2635 Forsan
2806 2595 2935 2635 vero
2989 2582 3034 2635 si
3067 2582 3327 2651 quiddam
3361 2598 3454 2655 ag-

1876 2667 2176 2737 gredereris
2213 2668 2347 2738 ipse,
2374 2667 2613 2725 Mosaica
2654 2670 2862 2724 visione
2902 2684 3014 2724 nou
3046 2671 3237 2740 procul
3278 2674 3445 2726 ardo-

1874 2774 1991 2813 rem
2031 2769 2281 2815 nostrum
2327 2771 2658 2827 removente,
2703 2764 3005 2833 praesertim
3042 2779 3171 2820 vero
3213 2765 3378 2823 malis
3399 2775 3454 2821 et

1874 2850 2149 2906 continuis
2174 2852 2463 2909 affectibus
2501 2855 2823 2924 potentioris
2850 2854 3226 2912 benevolentia
3266 2857 3451 2913 immi-

1874 2941 2044 3008 nutis,
2094 2943 2309 3000 adesset
2335 2945 2537 3015 aliquid
2580 2946 2877 3015 sapientius
2915 2946 2982 3000 de
3021 2947 3453 3017 praecedentibus

204 3016 303 3068 τῶν.
319 3019 661 3089 συνεχόντων
684 3023 871 3078 παθῶν
899 3027 1155 3099 εὐμενείᾳ
1180 3028 1274 3083 τοῦ
1293 3031 1599 3103 κρείττονος
1617 3034 1772 3088 ὲλατ-
1800 3073 1843 3131 C
1879 3033 2128 3104 cogitari.

207 3123 265 3131 ρ-.
294 3108 475 3131 “1-.-.-.
547 3111 675 3131 --ΠΙ
736 3130 739 3131 ,
803 3115 816 3131 ρ
1063 3117 1076 3131 ι
1158 3118 1182 3130 -ο
1510 3122 1521 3131 ι
1657 3123 1679 3131 μ

206 3108 498 3178 τσδμένων,
538 3111 851 3185 σοφώτερον
883 3134 934 3169 τι
956 3117 1085 3189 περὶ
1115 3118 1224 3172 τῶν
1255 3122 1632 3193 προκειμένων
1653 3123 1767 3179 διας

209 3200 471 3271 νοηθῆναι.

720 3318 1057 3374 ΕΡΩΤΗΣΙΣ
1094 3323 1219 3377 ΚΔ’.

200 3402 319 3470 Πῶς
348 3406 609 3488 ϐεξητός
636 3424 701 3488 ξε
726 3408 827 3488 καὶ
847 3410 1139 3488 ἁθέλῃτος
1174 3414 1255 3480 τῷ
1286 3419 1481 3488 ίΠατρὶ
1524 3423 1557 3475 ό
1584 3420 1765 3476 θάνα-

257 3491 354 3557 τος
376 3475 605 3557 dare“:
640 3476 718 3531 ἂν
748 3476 904 3557 sla-at
923 3475 1031 3534 τοῦ
1054 3475 1312 3557 ξρισέοῦ
1336 3505 1353 3557 ἠ
1382 3475 1482 3542 κὶιὶ
1508 3491 1633 3557 πῶς
1658 3475 1760 3546 πά-

257 3549 358 3625 .ξιν
388 3548 424 3599 ό
444 3546 643 3629 μὺτὸς
674 3549 963 3629 συνάψω
1009 3546 1112 3617 aII
1131 3556 1375 3625 πονηρῷ
1418 3546 1669 3629 θελητὲς
1702 3580 1765 3616 τε

262 3614 385 3684 ἁμα
412 3612 570 3670 εἶναι
594 3612 695 3671 καὶ
728 3617 1043 3688 ἀθέλητος.

2177 3335 2507 3406 QUESTIO
2540 3338 2700 3393 xxw
2735 3339 3069 3413 [αι;χιιιιι]ι

1871 3430 2146 3497 Quomodo
2177 3440 2228 3484 et
2265 3430 2567 3485 voluntaria
2613 3442 2662 3486 et
2693 3432 3055 3486 involuntaria
3096 3432 3253 3486 Patri
3302 3448 3451 3485 mors

1939 3500 2141 3572 Christi
2173 3500 2287 3572 dici,
2314 3510 2468 3569 queat
2493 3500 2675 3570 fuisse.
2708 3502 2777 3555 Et
2799 3503 3058 3572 quomodo
3087 3518 3272 3556 rursus
3312 3503 3456 3572 acci-

1938 3571 2034 3642 dat
2076 3582 2145 3642 Aut
2189 3571 2377 3642 eadem,
2408 3588 2548 3625 mors
2579 3572 2789 3626 diabolo
2812 3571 2817 3572 ⁷
2841 3572 3149 3626 voluntaria
3185 3571 3454 3642 simulque

1892 3636 1895 3639 ’
1941 3640 2309 3694 involuntaria
2353 3641 2533 3710 fuerit.

1323 3741 1466 3791 Edita
1496 3758 1523 3793 a
1548 3743 1690 3805 Maio,
1710 3748 1840 3799 Nov.
1871 3750 2010 3812 COIL,
2034 3758 2070 3802 t.
2096 3752 2136 3815 Ι,
2163 3766 2215 3816 p.
2237 3751 2317 3801 74.

251 3811 325 3868 α’.
374 3814 445 3867 Ἦ
491 3814 593 3884 μὲν
620 3815 715 3870 οὖν
747 3817 956 3889 ἀπορία
984 3820 1416 3894 γλαφυρωτέρας
1448 3827 1592 3893 τινὸς
1628 3833 1766 3885 θεω-
1818 3884 1823 3887 .

185 3906 311 3975 ρίας
364 3907 596 3961 ἀπαιτεῖ
641 3908 739 3962 καὶ
788 3910 1117 3983 διακρίσεως
1161 3915 1353 3984 λόγον’
1404 3919 1505 3973 οὐκ
1556 3920 1671 3975 ἔστι
1722 3924 1768 3978 δ’

184 4000 562 4071 ἀπρόσδεκτον
589 4002 910 4075 ἐπικουρίας
932 4006 1193 4078 ἑκάτερον
1213 4008 1321 4063 τῶν
1343 4010 1762 4083 ἀπορουμένων,

185 4091 473 4161 ἀξιόλογον
509 4093 882 4167 ἐπιδειχθῆναι
903 4112 918 4128 ⁸
965 4097 1051 4151 δεῖ
1081 4099 1127 4153 δ’
1154 4099 1246 4154 οὖν
1285 4102 1469 4156 ἐκεῖνα
1500 4105 1769 4176 πρότερον

188 4184 269 4247 είς
291 4184 400 4255 τὴν
429 4184 788 4255 ὲνισχύουσαν
823 4187 997 4259 ῥοπὴν
1035 4191 1431 4260 ἀναγαγόντας,
1460 4194 1604 4248 οὕτω
1628 4195 1771 4249 κατὰ

188 4277 285 4345 τὴν
312 4278 709 4348 προσήκουσαν
740 4278 895 4343 τάξιν
924 4281 1019 4333 καὶ
1066 4285 1163 4353 τὴν
1193 4283 1348 4338 λύσιν
1377 4286 1608 4354 ἐπάγειν
1642 4304 1766 4340 πει-

1947 3839 2000 3891 1.
2029 3837 2265 3903 Quaestio
2293 3836 2408 3893 hau:
2444 3838 2607 3909 paulo
2627 3838 2838 3897 altioris
2888 3838 3256 3895 meditationis
3292 3848 3455 3911 atque

1875 3925 2287 3995 disceptationis
2310 3926 2615 3982 orationem
2642 3928 2902 3999 postulat.
2922 3927 3111 4000 Neque
3135 3939 3453 4000 argumenta

1876 4015 2094 4081 desunt,
2121 4016 2323 4087 quibus
2377 4026 2611 4088 utraque
2652 4019 2919 4074 dubitatio
2969 4019 3104 4074 satis
3134 4021 3313 4089 gravis
3359 4022 3451 4075 de-

1877 4106 2170 4162 monstrari
2202 4115 2402 4177 potest.
2433 4106 2574 4179 Ergo
2600 4122 2738 4179 Opus
2781 4118 2883 4174 cst,
2917 4117 2978 4163 ut
3024 4109 3259 4179 primum
3291 4109 3454 4162 dubia

1876 4195 1994 4252 haec
2039 4197 2155 4253 suis
2199 4198 2412 4270 singula
2444 4201 2737 4256 momentis
2788 4201 3163 4265 corroborata,
3212 4215 3454 4269 expona-

1878 4303 2035 4355 mus;
2064 4289 2257 4345 deinde
2300 4299 2361 4344 ut
2398 4290 2744 4345 convenienli
2794 4291 2985 4345 ordine
3031 4290 3097 4344 ad
3136 4290 3452 4344 eorumdem

191 4368 425 4437 ρᾶσθαι·
458 4369 599 4422 ἀλλὰ
627 4371 734 4442 γὰρ
764 4371 846 4424 ὅτι
881 4373 979 4443 μὲν
1019 4374 1233 4444 θέλημα
1276 4375 1367 4429 τοῦ
1398 4377 1611 4448 Πατρὸς
1637 4374 1711 4449 ῆν
1743 4380 1772 4431 ὁ

1880 4379 2195 4435 solutionem
2212 4380 2610 4452 aggrediamur.
2639 4379 2781 4436 Sane
2803 4381 2947 4451 quod
2974 4380 3153 4436 Patris
3177 4381 3455 4435 voluntate

191 4462 425 4534 σταυρὸς
459 4460 558 4515 τοῦ
585 4463 844 4533 Χριστοῦ,
872 4464 1037 4528 αὐτὸς
1062 4466 1211 4535 ἡμᾶς
1240 4467 1268 4518 6
1304 4466 1496 4539 Σωτὴρ
1525 4468 1765 4523 διδάσκει

191 4552 248 4604 ὲν
275 4556 343 4625 τῇ
374 4552 472 4606 τοῦ
500 4553 731 4608 θανάτου
762 4554 1092 4626 παραιτήσει
1111 4555 1306 4624 λέγων’
1338 4573 1356 4608 ι
1386 4556 1533 4618 Πλὴν
1561 4558 1683 4629 οὺχῖ¹
1706 4559 1769 4613 τὸ

196 4646 323 4713 ἐμὸν
351 4646 592 4717 θέλημα,
609 4647 744 4702 ἀλλά
767 4648 828 4702 τδ
850 4648 941 4702 σὺν
968 4651 1259 4718 γενέσθω,»
1288 4652 1456 4722 ἡνίκα
1479 4653 1541 4707 τὸ
1568 4653 1766 4720 πάθος,

195 4740 288 4806 τῆς
318 4739 676 4811 ἀνθρωπίνης
703 4740 920 4811 φύσεως
962 4742 1061 4814 τὴν
1113 4743 1373 4811 ἀληθείαν
1424 4745 1769 4810 ἐπιδεικνὺς,

198 4830 479 4903 ἀπηύχετό
531 4850 593 4886 τε
627 4834 743 4886 καῖ’
768 4834 1029 4904 ἁοέλητον
1073 4835 1385 4905 ὠνόμαζεν·
1418 4838 1478 4890 ού
1515 4838 1678 4907 μόνον
1714 4838 1772 4891 δὲ

198 4923 334 4989 τότε,
368 4923 511 4977 ἀλλὰ
542 4925 637 4976 καὶ
670 4924 829 4996 ἡνίκα
859 4925 1158 4995 ἐπετίμησε
1184 4925 1263 4998 τῷ
1285 4926 1497 4999 Πέτρῳ,
1516 4929 1771 5000 φρόνημα

203 5010 296 5079 μὲν
333 5014 429 5067 τοῦ
465 5011 605 5066 Θεοῦ
655 5014 823 5067 εἰπὼν
859 5015 949 5068 τὸν
997 5016 1246 5071 ἑκούσιον
1297 5016 1526 5073 θάνατον
1568 5020 1769 5073 αὐτοῦ’

202 5107 451 5177 φρόνημα
487 5108 547 5161 δὲ
584 5107 856 5173 διαϐόλου,
889 5102 933 5178 ᾧ
956 5108 1020 5180 δὴ
1052 5112 1142 5163 καὶ
1171 5113 1198 5164 6
1228 5112 1433 5182 Πέτρος
1452 5154 1467 5179 ,
1500 5111 1561 5177 ἐξ
1585 5106 1647 5167 οὗ
1677 5114 1774 5169 καὶ

203 5196 290 5265 τὴν
336 5198 553 5252 ἐκείνου
603 5199 796 5268 κλῆσιν
839 5199 1228 5265 κατεδικάξετο
1253 5244 1267 5266 ,
1308 5203 1612 5273 τηνικαῦτα
1646 5222 1773 5258 συν-

211 5291 465 5361 υπήγετο,
506 5292 560 5344 εί
596 5290 693 5344 καὶ
722 5290 796 5360 μὴ
827 5291 891 5345 ὲκ
921 5294 1020 5363 τῆς
1051 5292 1220 5363 αὐτῆς
1246 5294 1539 5360 διαθέσεως
1562 5313 1576 5326 ο
1610 5297 1638 5348 ὁ
1674 5297 1774 5367 μὲν

210 5380 309 5453 γὰρ
331 5384 393 5435 ἐκ
422 5382 818 5453 φιλοστοργίας
851 5383 1044 5452 καιρὸν
1073 5383 1174 5437 οὐκ
1207 5383 1439 5457 ἐχούσης
1471 5426 1487 5451 ,
1525 5390 1553 5440 6
1586 5387 1644 5440 δὲ
1676 5387 1775 5456 τὴν

212 5474 352 5543 ἡμῶν
378 5474 440 5542 ἐξ
494 5469 574 5530 ὧν
628 5474 959 5545 ἐκακούργει
1002 5477 1097 5528 καὶ
1153 5477 1407 5547 ὲνήδρευε
1462 5479 1768 5549 σωτηρίαν·

212 5565 315 5620 ἀλλ’
336 5566 428 5624 οὖν
472 5571 556 5633 εἰς
588 5570 659 5621 ἓν·
712 5569 1023 5639 συνέρρεον,
1056 5568 1229 5622 καίτοι
1263 5572 1488 5639 γνώμης
1533 5572 1773 5642 ἐκμαχο-

264 5682 525 5739 “Matth.
568 5698 721 5746 xxvi,
781 5680 866 5735 59.
944 5682 987 5712 ²²
1019 5678 1206 5735 Matth.
1241 5697 1371 5751 σενι,
1416 5680 1503 5735 25.

1871 4486 2089 4528 crucem
2109 4472 2362 4527 Christus
2378 4472 2676 4543 pertulerit,
2704 4472 2821 4543 ipse
2850 4489 2948 4529 nos
2978 4472 3233 4527 Servator
3257 4471 3456 4525 certio-

1870 4578 1959 4618 res
1990 4564 2136 4630 l'acit,
2158 4564 2284 4618 dum
2308 4579 2494 4619 necem
2519 4565 2587 4619 ab
2621 4580 2679 4620 se
2699 4565 2996 4635 deprecans
3018 4564 3093 4619 ait
3121 4583 3134 4619 :
3178 4583 3195 4616 ‹
3226 4562 3455 4617 Verum-

1873 4664 2055 4710 tamen
2093 4671 2201 4710 non
2225 4670 2342 4710 mea
2366 4657 2639 4719 voluntas,
2666 4655 2759 4710 sed
2786 4664 2878 4711 tua
2910 4655 3002 4710 ﬁat
3024 4656 3099 4722 ¹¹;
3139 4674 3159 4707 ι
3194 4670 3300 4724 quo
3317 4663 3456 4708 tem-

1871 4761 2002 4817 pore
2018 4746 2222 4802 scilicet
2235 4747 2557 4801 uthumana:
2570 4754 2777 4801 natura:
2790 4746 3067 4801 veritatem
3084 4746 3454 4808 conﬁrmaret,

1873 4848 2101 4893 mortem
2141 4839 2492 4893 aversabatur
2536 4837 2745 4907 sibique
2808 4837 3228 4892 involuntariam
3255 4838 3453 4893 aiebat.

1877 4930 2064 4999 Neque
2105 4938 2235 4985 tunc
2272 4930 2471 4995 solum,
2504 4929 2598 4984 sed
2641 4928 2805 4984 etiam
2856 4944 2978 4984 cum
3012 4925 3228 4983 Petrum
3277 4929 3455 4985 incre-

1873 5024 2010 5095 puit,
2035 5023 2123 5076 Dei
2140 5023 2371 5078 consilio
2391 5030 2818 5092 mortem,quatn
2838 5030 3026 5092 sponte
3049 5020 3298 5076 obiturus
3314 5031 3454 5085 erat,

1876 5115 2150 5170 decretam
2176 5114 2345 5181 ait";
2376 5113 2574 5169 diaboli
2618 5121 2798 5168 autem
2848 5113 3128 5168 molimine
3157 5121 3287 5168 tunc
3326 5128 3455 5183 pro-

1878 5206 2127 5273 hibitam,
2156 5209 2392 5278 itemque
2420 5222 2449 5261 a
2478 5207 2658 5270 Petro,
2689 5206 2783 5276 qui
2817 5207 2888 5262 ob
2918 5207 2969 5261 id
3001 5205 3199 5261 diaboli
3232 5206 3452 5261 nomine

1880 5300 1945 5355 ad
1979 5300 2331 5371 ignominiam
2382 5308 2602 5355 notatus
2651 5298 2772 5354 fuit.
2822 5299 3007 5369 Neque
3050 5308 3229 5353 tamen
3259 5298 3448 5352 eodem

1878 5391 2044 5447 animi
2071 5392 2331 5447 instinctu
2370 5400 2597 5461 uterque
2621 5391 2901 5456 ciebatur;
2933 5389 3027 5444 sed
3071 5389 3448 5458 intempestiva

1880 5484 2252 5540 benevolentia
2291 5483 2511 5551 Petrus;
2543 5484 2735 5538 salutis
2764 5491 2965 5537 nostra:
3007 5482 3134 5538 odio
3165 5497 3229 5535 ac
3267 5493 3452 5549 perse-

1882 5577 2099 5633 cutione
2133 5575 2401 5633 diabolus.
2443 5574 2745 5643 Catteroqtti
2773 5590 2961 5644 reapse
2990 5573 3177 5628 eodem
3212 5568 3461 5624 conﬂue~
