3864 6218
199 279 306 343 ΓΠ

1147 286 1248 345 AD
1311 279 1908 345 AMPHILOCHIUM
1946 275 2292 348 QUAESTIO
2330 277 2545 337 XXIV.

3380 264 3488 330 1⁸18

196 390 262 445 τὸ
282 389 548 461 τρόπαιον
576 391 717 446 κατὰ
740 392 850 446 τῶν
889 393 1203 449 ἀντιπάλων
1235 397 1264 448 6
1296 395 1554 466 ἀριστευς
1579 392 1784 462 ἵστησι,

1903 387 2110 454 refcrat,
2145 403 2323 457 neque
2355 386 2478 454 eius
2504 383 2823 440 vulneribus
2843 425 2858 450 ,
2887 382 3018 437 dum
3049 379 3372 451 praeclarum
3399 379 3490 434 [ει-ι

201 479 300 532 καὶ
324 482 441 544 τοῖς
469 482 747 552 τραύμασι
800 483 938 554 πρὸς
985 484 1047 536 τὸ
1103 485 1406 555 παράδοξον
1451 483 1668 551 βλέπων
1691 481 1788 536 τοῦ

198 572 638 644 κατορθώματος
697 575 798 628 οὐκ
866 575 1189 645 ἀλγύνεταιο
1225 577 1347 632 καθ’
1383 577 1582 638 ἑαυτὰς
1608 575 1665 629 δὲ
1691 575 1791 637 τὰς

201 661 425 730 πληγὰς
453 663 774 732 λογοθετῶν,
807 665 902 716 καὶ
926 665 1128 729 ταύτας
1165 664 1649 735 ἐπιστρεφόμενος,
1676 660 1790 733 οὐχ’

200 751 382 820 ἡδέως
409 754 514 823 ὁρᾷ
549 754 890 824 τραυματίαν
915 755 1006 807 τὸν
1029 755 1128 824 τὴν
1158 755 1314 823 νίκην
1347 751 1756 822 ἀναδησάμενον
1774 766 1791 782 ο

201 845 355 901 οὕτω
381 846 440 899 δὲ
458 848 552 899 καὶ
573 849 603 902 6
637 848 847 918 Πατὴρ,
879 842 959 908 οἷς
983 850 1080 916 μὲν
1115 845 1262 916 ἑώρα
1303 845 1394 901 τὸν
1422 845 1555 898 Υἱδν
1577 843 1671 897 τοῦ
1699 844 1793 897 ἀνα

202 935 491 1007 θρωπίνου
517 937 706 1005 γένους
733 940 824 992 τὸν
849 939 1107 1009 πολέμιον
1138 943 1259 1003 ταῖς
1296 940 1390 997 ἐπὶ
1417 938 1514 990 τοῦ
1540 935 1794 1006 σώματος

205 1026 450 1098 πληγαῖς
485 1026 913 1094 καταδάλλοντα,
955 1031 1054 1098 τῆς
1105 1029 1221 1100 Θεῴ
1247 1028 1563 1100 πρεπούσης
1593 1029 1794 1097 εὐφρο-

207 1117 386 1189 σύνης
415 1114 502 1190 ἦν,
541 1121 636 1173 καὶ
658 1121 777 1184 ταῖς
804 1120 900 1174 τοῦ
930 1121 1123 1185 Παιδὸς
1149 1120 1537 1194 ἀνδραγαθίαις
1563 1118 1794 1189 ἐσεμνύ-

201 1226 369 1264 νετο·
397 1205 479 1273 οἷς
508 1209 554 1264 δ’
597 1212 627 1264 6
685 1210 938 1280 φίλτατος
993 1213 1531 1283 τετραυματισμένος
1575 1206 1646 1281 ἦν
1674 1212 1796 1273 ταῖς

203 1300 452 1371 πληγαῖς
479 1301 576 1354 κα)⁸
591 1303 702 1365 τοῖς
733 1301 980 1372 μώλωψι,
1025 1303 1145 1358 καθ’
1173 1303 1337 1357 ἑαυτό
1370 1319 1434 1372 γε
1458 1304 1538 1366 εἰς
1585 1301 1795 1372 αἵρεσιν

201 1391 314 1446 οὐκ
352 1393 584 1463 ἀνέφερε
603 1408 618 1424 ο
646 1393 848 1463 μᾶλλον
878 1392 923 1446 δ’
961 1392 1195 1447 ἐνταῦθα
1225 1393 1386 1448 πλέον
1414 1393 1474 1446 τὸ
1511 1393 1610 1462 τῆς
1643 1391 1798 1460 θελή-

103 1526 115 1538 .
206 1503 379 1552 σεως,
409 1489 552 1558 ἥπερ
576 1488 636 1543 ὲν
655 1486 734 1559 τῷ
772 1488 1208 1560 παραδείγματι⁸
1237 1491 1354 1542 ἐκεῖ
1376 1488 1476 1558 μὲν
1497 1487 1607 1557 γὰρ
1633 1488 1797 1557 ἀρχο-

209 1579 398 1648 μένων
425 1577 533 1631 τῶν
561 1579 916 1649 τραυμάτων,
966 1579 1198 1649 ἐπείπερ
1248 1579 1442 1649 ἄδηλος
1474 1573 1542 1650 ἦν
1575 1581 1611 1648 ἡ
1648 1577 1797 1647 νίκη,

206 1671 414 1740 πικρὸν
474 1668 537 1723 τὸ
579 1669 758 1741 θέαμα
787 1670 868 1742 τῷ
912 1669 1226 1742 στρατηγῷ,
1273 1671 1373 1740 τῆς
1424 1668 1636 1740 τροπῆς
1687 1667 1796 1721 τῶν

203 1760 430 1832 ἐχθρῶν
474 1759 628 1815 οῦπω
674 1741 993 1834 παρούσης,
1025 1762 1412 1831 κατεφαίνετο·
1462 1759 1696 1814 ἐνταῦθα
1744 1759 1801 1812 δὲ
1831 1741 1878 1802 Β

205 1854 306 1906 ἀπ’
357 1852 539 1907 αὐτῶν
595 1854 706 1909 τῶν
742 1854 1100 1925 τραυμάτων,
1144 1853 1344 1924 μᾶλλον
1372 1853 1431 1908 δὲ
1462 1853 1561 1906 καὶ
1588 1853 1720 1923 πρὶν
1763 1853 1797 1910 ἢ

204 1944 341 2009 τοὺς
373 1945 693 2015 μιαιφόνους
722 1945 818 2000 τὸν
852 1948 1084 2017 Σωτῆρα
1135 1947 1248 2010 τοῖς
1274 1945 1557 2016 τραύμασι
1581 1943 1801 2012 ἐνυϐρί-

207 2055 329 2102 σαι,
353 2039 603 2108 λαμπρόν
629 2055 690 2092 τε
739 2039 1060 2108 καθεωρᾶτο
1106 2037 1166 2091 τὸ
1212 2040 1492 2105 τρόπαιον,
1523 2036 1617 2090 καὶ
1647 2035 1801 2088 οὐδὲν

203 2130 434 2185 ἔλαττον
459 2132 494 2202 ἦ
521 2133 611 2186 ὅτε
657 2132 773 2196 τοῖς
821 2131 1204 2200 ἐναγεστάτοις
1232 2129 1500 2200 ἐτολμᾶτο
1543 2128 1613 2182 τὰ
1645 2126 1800 2182 ἀτόλ-

185 2242 397 2296 ,μηταο
436 2225 556 2296 Θεῷ
584 2243 647 2280 τε
688 2225 800 2297 γὰρ
829 2227 923 2280 καὶ
952 2225 1022 2280 τὰ
1051 2224 1314 2295 μέλλοντα
1350 2223 1604 2294 πάρεστι,
1639 2221 1737 2274 καὶ
1764 2221 1798 2291 ή

205 2317 418 2383 γνῶσις
471 2317 678 2386 ἀμφοῖν
701 2317 922 2388 πρόεισι
955 2316 1024 2372 δι’
1059 2319 1210 2370 ῐσου·
1241 2317 1393 2371 οὐδὲν
1423 2313 1545 2368 κατ’
1573 2313 1705 2368 αὐτό
1733 2329 1799 2381 γε

201 2404 372 2462 τοῦτο
396 2406 508 2460 τῶν
531 2407 958 2476 ἐπιγενομένων,
980 2405 1104 2460 οὔτε
1133 2405 1238 2460 τῶν
1278 2405 1448 2460 πάλαι
1469 2402 1798 2474 γεγονότων,

202 2492 338 2549 οὔτε
365 2496 476 2565 μὴν
506 2495 616 2549 τῶν
666 2496 774 2567 ἤδη
829 2496 1133 2566 παρόντων,
1177 2496 1238 2549 τδ
1266 2495 1490 2548 ἔλαττον
1523 2495 1800 2564 ἀποφερο-

207 2586 425 2655 μένων·
459 2587 614 2640 οὐδὲν
643 2583 737 2640 οὗν
765 2587 970 2658 ἄπορον
1014 2587 1095 2642 ἔτι
1127 2586 1520 2658 παραδέχεται,
1545 2586 1608 2638 τὸ
1635 2583 1798 2655 θεληο

201 2679 302 2734 τὸν
320 2675 463 2734 εἶναι
491 2679 569 2749 τῷ
597 2681 710 2732 Πατ
720 2681 772 2750 pl.
795 2680 888 2732 τὸν
921 2679 1150 2733 θάνατον
1177 2678 1272 2732 τοῦ
1313 2677 1440 2731 Υἱοῦ
1475 2676 1576 2731 καὶ
1602 2676 1798 2752 ἀθέληέ

204 2787 301 2823 τον
325 2786 337 2800 ·
367 2770 493 2824 οὐδὲ
511 2770 574 2824 τὸ
601 2771 837 2841 σπουδὴν
865 2772 966 2840 μὲν
994 2771 1154 2824 αὐτὸν
1183 2766 1324 2824 εἶναι
1341 2768 1798 2838 καταπραχθῆναι

207 2862 288 2934 τῷ
316 2863 624 2933 ἀρχηκάκῳ
668 2864 766 2931 τῆς
819 2863 1034 2931 φύσεως
1089 2862 1247 2932 ἡμῶν
1278 2860 1480 2932 ἐχθρῷ,
1513 2859 1695 2930 πάσης
1739 2858 1798 2911 δὲ

211 2953 420 3024 μᾶλλον
477 2952 868 3023 χαλεπωτέραν
921 2951 1137 3022 πληγὴν
1186 2950 1375 3021 φέρειν
1427 2949 1489 3002 τὸ
1533 2947 1796 3020 προελθὸν

211 3046 385 3116 πέρας
401 3045 513 3106 ἀπὸ
524 3045 623 3115 τῆς
638 3044 876 3114 σπουδῆς
895 3061 910 3075 ·
930 3045 959 3096 ὁ
978 3043 1078 3114 μὲν
1099 3043 1208 3114 γὰρ
1231 3043 1467 3114 πονηρὸς
1490 3042 1570 3112 τῷ
1599 3042 1794 3111 αἵματι

213 3111 418 3209 χαίρων
438 3138 536 3192 καὶ
581 3111 904 3208 ⁷περιχανὼν
937 3111 1030 3190 τοῦ
1082 3111 1549 3206 Σωτῆροςίοῦπωί
1573 3135 1674 3202 τῆς
1698 3150 1796 3204 χα-
1822 3111 1872 3171 (Ῑ

205 3231 314 3300 ρᾶς
345 3230 459 3291 τοῖς
489 3228 820 3298 σπλάγχνοις
857 3227 1342 3298 ὲμὸαθυναμένης,
1371 3226 1474 3296 τήν
1497 3243 1558 3280 τε
1579 3225 1799 3278 ἀνίατον

203 3322 338 3390 ἔςχε
401 3319 930 3389 καταλαμϐάνουσαν
982 3318 1220 3390 πληγὴν,
1281 3318 1376 3372 καὶ
1427 3321 1520 3373 τὸν
1578 3319 1802 3388 δλεθρον

203 3413 595 3483 ἀπαραίτητον
623 3429 637 3444 ο
673 3415 704 3465 6
729 3412 789 3468 δὲ
826 3411 1018 3484 Πατὴρ
1049 3413 1148 3466 οὐκ
1178 3413 1546 3482 ἀρεσκόμενος
1575 3412 1802 3466 αὐτόθεν

201 3507 282 3573 τῇ
313 3503 410 3558 τοῦ
432 3504 670 3572 αἵματος
690 3503 869 3573 χύσει,
888 3503 1100 3574 ὴρὲσθη
1129 3521 1189 3557 τε
1236 3503 1474 3574 μάλιστα
1501 3504 1804 3574 συμπροῐὸν

200 3598 270 3651 τὸ
309 3597 464 3662 τέλος
523 3597 691 3669 ὁρῶν,
735 3597 829 3652 καὶ
891 3597 1206 3668 περιχαρῶς
1262 3597 1659 3667 προσεδέξατοο
1701 3596 1802 3649 οὐκ

200 3688 349 3742 αὐτὸ
409 3687 572 3742 τοῦτο
623 3687 794 3758 φιλῶν
829 3686 929 3759 τὴν
956 3688 1175 3758 σφαγὴν
1221 3686 1315 3742 τοῦ
1341 3688 1562 3755 Παιδὸς,
1594 3687 1709 3740 ἀλλ’
1740 3690 1805 3741 ὲκ

196 3779 312 3834 τοῦ
341 3778 553 3843 τέλους,
587 3778 664 3844 ὡς
698 3781 936 3850 εἴρηται,
969 3782 1066 3834 καὶ
1112 3778 1316 3847 ταύτην
1349 3778 1804 3850 ἐξοικειούμενος,

199 3870 310 3924 καὶ
334 3870 418 3934 είς
448 3870 696 3936 εὐδοκίας
721 3870 880 3939 λόγον
913 3870 1252 3940 μεταποιῶν.

283 3963 349 4017 δ’.
379 3963 491 4016 Καὶ
510 3963 658 4034 ἔχεις
712 3963 1012 4018 κάντεῦθεν
1031 3964 1082 4017 εί
1108 3963 1286 4034 βούλει
1315 3963 1412 4020 καὶ
1445 3965 1805 4036 ἀπορήματος

200 4053 454 4115 παλαιοῦ
483 4054 620 4124 πρὸς
643 4053 796 4110 λύσιν
842 4055 1058 4125 ὁρῶσαν
1107 4054 1488 4124 ἀναφυομένην
1513 4055 1803 4126 ἀφορμήν*

201 4147 273 4198 τὸ
301 4145 361 4198 δὲ
392 4145 658 4215 ἀπόρημα
676 4147 725 4199 εί
748 4146 844 4200 καὶ
882 4147 995 4209 τοῖς
1035 4147 1104 4201 τὰ
1133 4145 1252 4198 θεῖα
1292 4145 1682 4217 φιλοσοφοῦσιν
1708 4146 1808 4200 οὐκ

201 4238 434 4306 ἄδηλον,
472 4233 702 4290 ἅλλόὗν
753 4239 834 4301 εἰς
889 4239 1074 4308 κοινὴν
1098 4239 1356 4294 ἁπάντων
1384 4238 1589 4307 γνῶσιν
1631 4238 1808 4292 εἰπεῖν

201 4327 690 4397 λυσιτελέστερον*
726 4329 774 4383 εί
806 4326 1004 4400 λύτρον
1053 4327 1211 4398 ἐδόθη
1246 4327 1306 4380 τὸ
1353 4330 1620 4399 σωτήριον
1667 4322 1808 4398 αἷμα

183 4425 313 4492 ,τὴν
345 4422 459 4476 ἀπὸ
487 4421 588 4490 τῆς
611 4421 986 4491 αἰχμαλωσίας
1011 4422 1310 4494 ἀνάρρυσιν
1326 4422 1421 4486 τοῦ
1436 4423 1625 4492 γένους
1649 4422 1808 4495 ἡμῶν

206 4511 638 4582 μεθοδεῦο·ι,τίς
696 4514 726 4566 6
781 4511 964 4568 λαϐὼν
1016 4513 1177 4583 (58);
1221 4515 1398 4584 Πατρὶ
1441 4514 1673 4586 μὲνγὰρ
1703 4514 1802 4586 οὐχ

202 4605 312 4676 ἡδὺ
341 4604 438 4657 τοῦ
480 4603 676 4667 Παιδὸς
709 4605 744 4675 ἡ
785 4605 997 4676 σφαγήο
1033 4604 1112 4676 τῷ
1144 4605 1201 4658 δὲ
1235 4605 1412 4680 λῃστῇ,
1434 4606 1552 4670 πῶς
1580 4609 1642 4662 οὑ
1673 4609 1799 4662 τολ-

206 4695 398 4764 μηρὸν
449 4695 547 4748 καὶ
597 4697 770 4764 φονεῖ.
806 4696 989 4751 δοῦναι
1019 4697 1224 4766 Κύριον
1268 4698 1502 4768 αἵματος
1541 4700 1797 4767 γενέσθαι

200 4787 304 4842 τοῦ
327 4789 653 4842 δεσποτικοῦ
677 4806 692 4854 ;
724 4789 893 4843 πολλὰ
924 4790 1023 4867 μὲν
1041 4790 1153 4859 γὰρ
1179 4793 1275 4846 καὶ
1313 4790 1451 4846 ἄλλα
1478 4790 1576 4862 τὴν
1607 4792 1795 4849 διάλυ-

206 4897 299 4934 σιν
331 4881 680 4950 παρα-στήσει
697 4880 795 4932 τοῦ
811 4881 1148 4951 ζητήματος,
1175 4874 1250 4936 ὧν
1275 4882 1376 4935 οὐκ
1411 4882 1644 4952 ἄκαιρον
1672 4883 1802 4949 ἴσως

209 4970 336 5039 μετ’
367 4968 550 5036 ὀλίγον
576 4970 1014 5041 ἐπιμνησθῆναι·
1062 4971 1124 5026 τὺ
1155 4971 1214 5024 δὲ
1246 4971 1334 5025 διὰ
1374 4972 1488 5028 τῶν
1523 4973 1802 5044 ῥηθέντων

209 5061 430 5131 προϊὸν,
474 5062 504 5116 ὁ
575 5061 763 5133 Πατὴρ
817 5062 918 5131 μὲν
959 5063 1171 5133 δέχεται
1205 5064 1266 5116 τὸ
1311 5059 1452 5134 αἷμα
1483 5064 1576 5121 τοῦ
1604 5065 1803 5129 Παιδὸς

209 5154 370 5224 πόθῳ
413 5152 511 5206 τοῦ
558 5153 922 5225 ἐκϐεϐηκότες
948 5169 967 5187 ο
998 5156 1051 5218 ,ό
1091 5154 1149 5209 δὲ
1204 5156 1442 5227 πονηρὸς
1476 5157 1677 5232 ἐτόλμα
1703 5158 1804 5226 μὲν

210 5246 310 5300 καὶ
339 5244 673 5318 ἐθρασύνετο
720 5245 927 5315 λαϐεῖν,
981 5247 1245 5304 ἀντέλαόε
1271 5247 1328 5301 δὲ
1354 5248 1455 5319 τῆς
1484 5249 1802 5320 τυραννίδος

1893 483 2050 537 ciuus
2075 488 2305 551 spectat,
2333 481 2510 546 dolet;
2541 478 2636 533 sed
2671 486 2852 531 tamen
2893 485 3080 545 postea
3122 475 3306 544 plagas
3335 474 3490 542 ipsas

1893 587 1993 642 per
2025 586 2087 627 se
2114 571 2494 634 considerans,
2519 577 2682 638 atque
2715 567 2800 621 his
2826 576 3158 629 commotus,
3189 575 3474 620 cruentam

1893 663 2178 720 victoriam
2213 662 2359 716 haud
2401 663 2524 716 laeto
2559 662 2744 714 animo
2769 659 3005 727 aspicit:
3033 657 3113 712 sic
3151 659 3316 712 Pater
3345 671 3482 725 qua-

1895 765 2054 811 tenus
2080 755 2255 824 gentis
2297 755 2549 807 humanae
2575 752 2783 810 hostem
2808 768 2837 803 a
2864 749 3004 804 Filio
3028 764 3132 804 suo
3158 750 3393 818 acceptis
3425 748 3488 801 in;

1896 862 2126 916 corpore
2148 846 2464 900 vulneribus
2488 842 2836 914 proﬂigatum
2856 841 3098 906 videbat,
3121 840 3339 909 dignam
3372 841 3490 892 Deo

1897 939 2135 994 laetitiam
2182 937 2451 1008 capiebat,
2477 936 2710 1006 Filiique
2742 935 3060 991 fortitudine
3105 932 3438 1003 gloriabatur
3463 948 3485 981 :-

1897 1041 2168 1102 quatenus
2191 1045 2318 1085 vero
2342 1030 2698 1084 charissima:
2724 1027 2813 1081 ille
2839 1026 3009 1096 p!agis
3040 1032 3203 1096 atque
3219 1022 3492 1078 vibicibus

1899 1123 2256 1184 onerabatur,
2307 1119 2363 1174 id
2411 1136 2507 1190 per
2537 1136 2618 1185 se,
2675 1120 2893 1189 inquam
2915 1157 2931 1183 ,
2961 1131 3120 1188 aequo
3165 1115 3350 1171 animo
3375 1128 3488 1168 non

1901 1214 2130 1288 ferebat.
2159 1212 2464 1282 Ceteroqui
2489 1213 2611 1282 plus
2636 1211 2936 1266 voluntatis
2959 1211 3013 1265 in
3041 1209 3298 1281 passione
3325 1207 3499 1263 Chri—

1900 1306 1994 1370 sti,
2020 1321 2184 1374 quam
2230 1320 2286 1360 in
2320 1305 2602 1374 proposito
2628 1303 2880 1373 exemplo
2906 1311 3182 1357 versatum
3210 1308 3314 1356 est.
3350 1298 3493 1353 Nam

1901 1397 2045 1466 quod
2065 1394 2266 1449 attinet
2283 1394 2351 1448 ad
2377 1395 2711 1463 exemplum,
2737 1394 2864 1448 dum
2899 1393 3124 1447 vulnera
3149 1391 3367 1462 quidem
3381 1390 3490 1444 im-

1901 1498 2204 1558 ponuntur,
2229 1486 2432 1541 incerta
2455 1487 2634 1540 adhuc
2661 1486 2912 1548 victoria,
2944 1493 3144 1539 tetrum
3167 1482 3492 1554 imperatori

1903 1578 2269 1648 spectaculum
2297 1587 2402 1642 est,
2431 1578 2670 1632 nondum
2695 1577 2944 1633 hostibus
2966 1575 3268 1643 inclinatis;
3296 1590 3493 1630 verum

1905 1671 1960 1725 in
2013 1669 2218 1725 Christi
2267 1671 2520 1739 passione
2582 1670 2699 1739 ipso
2757 1669 3043 1723 vulnerum
3100 1668 3302 1731 initio,
3378 1667 3496 1720 imo

1908 1763 2228 1834 priusquam
2259 1763 2472 1819 cruenti
2501 1763 2578 1817 illi
2609 1762 2954 1817 Servatorem
2993 1761 3168 1830 plagis
3189 1760 3492 1824 allicerent,

1904 1857 2249 1926 splendidum
2328 1855 2656 1910 coruscabat
2707 1862 2974 1924 tropaeum
3005 1873 3020 1907 :
3047 1868 3224 1923 neque
3275 1852 3496 1907 minore

1904 1951 2289 2019 perspicuitate
2312 1962 2472 2018 quam
2499 1957 2684 2019 postea
2709 1948 2885 2002 visum
2909 1956 3016 2013 est,
3047 1961 3170 2003 cum
3201 1945 3237 1999 ii
3269 1946 3490 2002 scelesti

1903 2039 2143 2095 immane
2192 2041 2404 2096 facinus
2427 2041 2540 2110 jam
2605 2048 3070 2110 perpetraverant.
3117 2038 3330 2108 Quippe
3379 2039 3498 2092 Deo

1903 2128 2086 2184 futura
2134 2146 2355 2200 quoque
2384 2131 2731 2198 praecutiunt
2761 2130 2937 2184 instar
2967 2137 3129 2193 sunt,
3181 2119 3340 2198 iSque
3369 2129 3496 2197 pari

1903 2221 2193 2290 utriusque
2253 2221 2520 2290 temporis
2578 2221 2808 2278 scientia
2863 2221 3160 2276 utitur:et
3213 2235 3311 2276 seu
3367 2235 3500 2291 quas

1901 2313 2084 2367 adhuc
2103 2321 2368 2368 eventura
2399 2321 2548 2379 sunt,
2576 2327 2672 2367 seu
2706 2328 2830 2382 qua:
2846 2312 3057 2382 jamdiu
3083 2312 3507 2387 praeterierunt,’

1901 2416 2001 2458 seu
2027 2403 2270 2474 denique
2307 2418 2432 2474 quae
2471 2405 2526 2457 in
2556 2404 2808 2473 praesenti
2843 2403 3070 2469 adsunt,
3109 2403 3304 2473 mquali
3337 2404 3492 2474 apud

1901 2493 2073 2549 Deum
2105 2494 2421 2550 conditione
2444 2493 2727 2550 fruuntur.
2773 2493 2896 2549 Jam
2930 2495 3137 2550 nullam
3167 2495 3350 2565 itaque
3379 2496 3489 2550 duo

1900 2583 2219 2638 bitationem
2249 2584 2473 2653 patitur,
2501 2586 2650 2654 quod
2691 2582 2814 2638 Filii
2846 2583 3028 2640 obitus
3057 2593 3112 2638 et
3141 2583 3500 2640 voluntarius

1899 2675 2050 2731 Patri
2079 2677 2247 2732 fuerit
2283 2685 2339 2732 et
2369 2676 2800 2733 involuntarius.
2829 2676 3045 2733 Rursus
3086 2693 3244 2748 aeque
3271 2677 3492 2733 indubi-

1900 2776 2071 2824 tatum
2102 2778 2205 2834 est,
2256 2768 2505 2824 studiose
2534 2770 2588 2822 in
2623 2768 2838 2824 facinus
2883 2769 2954 2825 ab
2999 2771 3230 2840 antiquo
3279 2781 3502 2823 natura)

1899 2868 2106 2915 nostra:
2128 2859 2285 2914 hoste
2311 2859 2481 2916 fuisse
2504 2870 2789 2927 curatum;
2815 2861 3052 2930 itemque
3073 2861 3489 2916 acerbissimam

1899 2949 2150 3004 omnium
2173 2950 2406 3016 cladem,
2436 2967 2495 3005 re
2518 2951 2730 3017 ell‘ecta,
2756 2952 3033 3007 diabolum
3055 2967 3158 3007 suo
3181 2953 3284 3007 sibi
3309 2953 3494 3008 studio

1898 3039 2172 3096 intulisse.
2191 3039 2405 3095 Etenim
2435 3041 2520 3097 his
2541 3043 2635 3113 qui
2664 3041 2974 3098 Servatoris
2997 3057 3194 3098 cruore
3218 3043 3501 3113 gaudebat,

1903 3135 2065 3206 eique
2091 3135 2338 3192 inhiabat
2363 3175 2378 3201 ,
2411 3136 2612 3206 gaudio
2642 3153 2744 3192 suo
2769 3137 3074 3194 visceribus
3124 3137 3366 3192 nondum
3404 3152 3493 3192 re-

1901 3236 2084 3298 cepto,
2106 3227 2454 3282 mortiferum
2479 3229 2680 3283 vulnus
2699 3237 2867 3299 atque
2885 3229 3232 3285 ineluetabile
3263 3228 3492 3282 exitium

1901 3332 2192 3388 perpessus
2217 3325 2323 3374 est.
2342 3319 2549 3374 Contra
2571 3317 2754 3384 Pater,
2783 3321 2888 3375 etsi
2911 3319 3199 3390 sanguinis
3221 3319 3499 3374 effusione

1903 3408 2048 3464 illico
2068 3423 2184 3470 non
2215 3418 2300 3464 est
2320 3411 2564 3481 gavisus,
2603 3411 2987 3478 nihilominus,
3020 3413 3098 3467 rei
3132 3413 3338 3467 exitum
3368 3426 3496 3482 spe.

1902 3508 2081 3566 etans,
2101 3515 2452 3570 summopere
2476 3500 2872 3565 delectabatur,
2901 3510 3066 3570 atque
3086 3501 3232 3556 hunc
3256 3515 3380 3556 eum
3410 3500 3496 3554 in-

1903 3591 2051 3663 genti
2108 3592 2301 3648 laetitia
2359 3594 2754 3660 exspectabat:
2788 3595 2934 3650 haud
2984 3609 3119 3650 sane
3167 3594 3312 3664 quod
3366 3591 3495 3647 Filii

1903 3683 2108 3740 caedem
2132 3699 2232 3753 per
2252 3699 2312 3740 se
2335 3684 2510 3754 ipsam
2536 3673 2839 3754 expeteret;
2869 3684 2966 3740 sed
2995 3685 3068 3740 ob
3087 3685 3208 3756 ejus
3230 3682 3502 3752 fructum,-

1906 3784 1966 3831 ut
1989 3775 2255 3837 diximus,
2288 3775 2434 3832 hanc
2477 3777 2812 3848 amplectens
2859 3784 3026 3847 atqne
3061 3777 3115 3832 in
3165 3777 3242 3832 rei
3285 3777 3500 3846 placitas

1909 3869 2037 3926 loco
2071 3885 2308 3940 ponens.

1988 3960 2040 4015 ι.
2075 3961 2250 4017 Porro
2276 3971 2458 4017 autem
2492 3961 2621 4016 hinc
2661 3971 2818 4033 potes
2864 3961 3069 4018 veteris
3092 3975 3320 4031 quoque
3341 3975 3498 4030 quae.

1905 4052 2102 4108 stionis
2131 4054 2493 4108 dissoluenda:
2526 4054 2872 4109 occasionem
2904 4055 3233 4118 ultroneam,
3269 4053 3314 4108 si
3340 4053 3492 4118 libet,

1905 4159 2102 4215 capere
2123 4162 2138 4199 :
2161 4160 2283 4216 qum
2307 4160 2441 4202 sane
2469 4146 2702 4216 quastio
2723 4160 3035 4216 quanquam
3058 4158 3227 4200 sacris
3250 4143 3497 4198 scientiae

1907 4235 2171 4290 studiosis
2227 4251 2336 4289 non
2367 4247 2452 4289 ost
2481 4235 2786 4304 incognita,
2819 4250 2969 4290 nunc
3012 4243 3198 4288 tamen
3238 4247 3348 4287 non
3374 4234 3498 4288 sine

1907 4327 2094 4384 fructu
2123 4329 2190 4383 ad
2219 4343 2571 4384 communem
2601 4328 2850 4383 omnium
2879 4328 3128 4384 notitiam
3160 4325 3490 4396 proferetur.

1911 4418 1970 4476 Si
1992 4420 2150 4490 pretii
2173 4421 2298 4476 loco
2319 4419 2631 4476 Serv-atoris
2648 4421 2873 4491 sanguis
2889 4421 3050 4476 datus
3070 4419 3191 4486 fuit,
3210 4420 3304 4491 qui
3321 4418 3494 4478 nostri

1910 4509 2128 4577 generis
2176 4524 2208 4566 ε
2240 4509 2555 4580 captivitate
2600 4507 3031 4578 redemptionem
3084 4515 3338 4573 curaret,
3367 4509 3496 4578 quis

1906 4601 2026 4671 ejus
2057 4609 2307 4670 receptor
2340 4599 2460 4655 est?
2489 4599 2640 4654 Patri
2667 4609 2821 4655 certe
2841 4601 2988 4655 haud
3035 4609 3155 4655 erat
3183 4611 3339 4672 grata
3368 4599 3494 4657 Filii

1905 4693 2119 4750 caedes:
2146 4691 2348 4748 latroni
2379 4702 2562 4748 autem
2609 4703 2666 4748 et
2697 4692 2988 4748 homicidae
3038 4693 3258 4748 diabolo
3299 4694 3491 4761 quidni

1903 4785 1974 4842 sit
1992 4785 2268 4843 nefarium
2283 4782 2559 4840 Dominici
2575 4786 2860 4856 sanguinis
2880 4795 3200 4855 potestatem
3214 4785 3454 4841 tribuere
3467 4784 3493 4837 ?

1901 4877 2038 4934 Aliae
2057 4876 2286 4946 quidem
2301 4877 2488 4934 utultze
2501 4879 2826 4948 quaastionis
2849 4879 3151 4934 solutiones
3173 4887 3324 4945 sunt,
3355 4894 3494 4948 quas
3517 4891 3522 4896 ‘

1903 4969 2066 5039 paulo
2095 4978 2222 5040 post
2259 4986 2575 5026 memorare
2599 4987 2711 5026 non
2738 4974 2848 5028 erit
2869 4971 3104 5031 fortasse
3143 4971 3510 5042 intempestl--

1905 5079 2074 5118 vum:
2106 5064 2202 5118 sed
2258 5065 2374 5122 haec
2427 5073 2620 5134 sponte
2667 5080 2735 5120 ex
2787 5076 2913 5121 ante
2965 5065 3125 5121 dictis
3172 5065 3314 5131 ﬂuit,
3342 5064 3492 5136 quod

1907 5169 2104 5225 nempe
2131 5155 2294 5209 Pater
2330 5153 2457 5210 Filii
2512 5157 2840 5226 sanguinem
2895 5157 3024 5212 boni
3058 5157 3270 5214 fructus
3305 5157 3508 5212 studio=

1905 5248 2186 5318 suscepit;
2211 5247 2467 5304 diabolus
2497 5260 2679 5305 autem
2713 5265 2838 5305 cum
2872 5249 3059 5307 lurore
3081 5259 3137 5306 et
3166 5249 3397 5307 audacia
3419 5251 3487 5305 ad

1734 5426 1973 5490 NOT/E.

286 5553 402 5630 (38)
435 5552 612 5630 super
670 5554 774 5609 hac
839 5557 1143 5630 quaestione
1223 5559 1552 5615 celebratum
1607 5569 1798 5630 postea

215 5621 319 5698 [uit
348 5626 491 5698 apud
522 5621 754 5698 theseus
821 5621 1118 5681 multorum
1179 5630 1556 5698 episcoporum
1607 5621 1794 5686 conci-

219 5693 504 5761 liuut,'sub
538 5693 787 5757 Manucie
836 5698 964 5768 imp.
1001 5693 1299 5766 Comueim,
1351 5693 1494 5776 quod
1547 5711 1796 5758 accuiatc

1907 5565 2481 5618 coninicmoratetiam
2515 5563 2857 5635 Ephraemius
2883 5581 2912 5620 a
2953 5579 3040 5621 me
3067 5564 3244 5635 editus
3269 5561 3330 5635 in
3361 5560 3481 5614 Ca:-

1906 5635 2122 5690 snribus
2153 5652 2202 5688 v.
2239 5635 2380 5691 4742
2409 5633 2576 5704 seqq;
2605 5636 2754 5706 Ipsos
2801 5635 3042 5706 praedicti
3080 5633 3298 5691 concilii
3327 5641 3482 5693 actus

1905 5720 2002 5775 ('50
2037 5706 2180 5763 iircvi
2215 5707 2460 5764 editurus
2480 5722 2624 5768 sum.
