3864 6218
446 210 551 274 179

3282 100 3381 137 αἱ.

3266 140 3295 169 ιν*

1595 220 1858 284 ΡΗΟΤΙΙ
1887 223 2002 286 PA'J

2104 226 2398 289 [ARCH/E
2431 232 2541 295 ΟΡ.
3573 241 3667 311 ῘΒθ

439 324 817 395 accipiendum
864 336 1171 398 raperetur,
1198 332 1506 403 tyrannidis
1548 348 1661 391 suae
1697 336 1817 393 vice
1857 352 2002 394 versa

2118 342 2282 396 αὐτοῦ
2311 345 2410 416 τὴν
2429 346 2744 420 καθαίρεσιν
2791 352 2887 405 καὶ
2938 352 3039 424 τὴν
3080 350 3478 425 ἀπροσδόκητόν
3504 376 3556 412 τε
3574 367 3652 423 και

438 416 739 485 perniciem
770 419 974 483 retulit,
1006 430 1169 490 atque
1203 422 1481 492 inopinam
1537 432 1594 480 et
1651 426 1777 483 sine
1807 426 2016 483 medela

439 508 657 577 plagam
688 526 703 563 :
731 508 798 564 de
829 526 936 580 qua
967 512 1174 580 pridem
1203 515 1495 584 suspicans
1515 556 1530 583 ,
1557 518 1757 588 partim
1789 520 2014 590 quidem

438 599 505 653 ad
532 614 751 653 erucem
779 602 992 665 ruebat,
1018 604 1213 671 partim
1238 606 1577 662 retinebatur
1599 618 1766 679 atque
1785 625 1817 665 a
1845 611 2016 666 sacri-

438 690 558 759 lego
583 692 785 758 impetu
804 694 1134 750 abstinebat.
1155 696 1332 769 Atque
1353 700 1491 755 adeo
1511 701 1743 771 quaestio
1766 702 1881 757 haec
1898 701 2015 772 jam

437 798 548 836 non
581 784 1016 855 poteritpiorum
1039 789 1267 845 auribus
1284 807 1410 847 esse
1442 792 1695 849 molesta.
1712 792 2015 865 Cateroqui

436 876 575 930 nihil
596 885 742 932 vetat
785 880 1085 948 quominus
1109 896 1282 952 nuper
1302 885 1569 953 promissa
1590 883 1884 941 faciamus.
1907 885 2017 942 Re-

435 967 668 1036 demptis
717 971 950 1038 pretium
998 972 1203 1043 duplici
1247 976 1351 1031 sub
1404 977 1624 1033 netione
1668 978 2015 1037 considerare

435 1060 584 1124 licet,
617 1062 878 1116 nimirum
911 1073 970 1118 ut
1014 1066 1354 1135 captivorum
1400 1068 1696 1137 redimias,
1735 1078 1900 1141 atque
1956 1080 2017 1126 ut

435 1153 779 1221 captivorum
801 1154 1031 1212 Domino
1069 1158 1295 1213 donum.
1332 1159 1535 1216 Christi
1564 1162 1787 1234 sanguis
1818 1172 2015 1233 quate-

434 1260 542 1301 nus
591 1247 942 1302 redimiarum
992 1249 1110 1305 vice
1157 1250 1424 1323 fungitur,
1458 1268 1593 1309 sane
1645 1254 1882 1324 pretium
1926 1270 2014 1312 re-

434 1338 769 1409 demptionis
819 1340 928 1397 diei
959 1352 1168 1412 potest;
1195 1355 1571 1401 verumtamen
1606 1356 1881 1416 quatenus
1918 1349 2010 1405 do-

436 1448 565 1486 num
585 1434 839 1502 mangoni
870 1444 973 1501 est,
1002 1435 1094 1489 illo
1119 1437 1340 1491 nomine
1356 1438 1434 1491 uti
1465 1436 1678 1506 nequit.
1708 1438 1775 1493 Et
1788 1440 2008 1510 quidem

434 1524 540 1578 alia
574 1525 744 1579 multa
774 1524 1164 1596 redemptionis
1189 1529 1407 1598 proprie
1427 1529 1572 1585 dicto
1603 1531 1777 1600 pretio
1799 1532 2007 1599 insunt,

432 1632 554 1685 quae
584 1632 799 1671 arcanae
853 1618 978 1673 huic
1030 1628 1085 1673 et
1130 1620 1486 1675 inenarrabili
1537 1625 1858 1680 oeconomiae
1897 1640 2004 1681 non

430 1684 758 1774 congruunt.
782 1706 1060 1776 Siquidem
1085 1709 1174 1778 qui
1193 1710 1426 1779 pretium
1452 1711 1620 1779 dedit,
1641 1714 1768 1782 quia
1787 1715 1866 1768 rei
1889 1714 2007 1785 ejus
2040 1684 2085 1740 Β

429 1795 689 1864 deinceps
719 1796 975 1851 dominus
1027 1812 1150 1853 esse
1202 1814 1312 1852 non
1355 1809 1567 1869 potest,
1613 1802 2004 1860 detrimentum

431 1887 806 1943 necessarium
856 1889 1062 1958 patitur
1099 1908 1113 1944 :
1143 1901 1335 1946 contra
1360 1892 1453 1962 qui
1483 1894 1703 1965 accipit,
1727 1896 1877 1952 luero
1905 1914 2006 1953 au-

431 1990 607 2047 getur,
647 1982 817 2049 ﬁtque
848 1981 925 2034 rei
973 1981 1231 2038 dominus
1254 2026 1269 2049 ,
1305 1999 1427 2054 quae
1458 1985 1512 2039 in
1566 1986 1689 2056 ejus
1736 1997 2008 2057 potestate

430 2079 587 2125 antea
618 2087 724 2127 non
746 2081 885 2127 erat.
917 2072 1073 2129 Nunc
1092 2090 1255 2130 omne
1284 2086 1477 2133 contra
1508 2089 1610 2133 est.
1643 2079 1747 2144 Qui
1769 2082 2005 2150 pretium

428 2162 1119 2235 obtulit*(quandoquidem
1161 2169 1341 2221 omnia
1370 2170 1425 2222 in
1450 2168 1546 2225 Dei
1576 2180 1841 2240 potestate
1858 2183 2003 2241 sunt,

430 2271 607 2325 neque
637 2258 807 2326 ipsius
842 2259 1033 2327 Abelis.
1079 2275 1257 2330 neque
1310 2272 1611 2333 martyrum
1668 2266 1893 2335 sanguis
1934 2268 2006 2323 ab

428 2346 549 2417 ejus
592 2347 926 2417 providentia
963 2349 1313 2419 dominioque
1360 2349 1575 2419 abfuit),
1612 2352 1719 2418 hic,
1756 2354 2005 2424 inquam,

428 2439 643 2493 nullum
670 2448 811 2509 cepit
833 2439 1243 2496 detrimentum.
1276 2440 1412 2496 Nam
1434 2444 1560 2512 quis
1582 2446 1807 2499 omnino
1823 2446 2007 2525 dicere

426 2531 578 2595 velit,
605 2532 673 2585 ab
701 2546 769 2585 eo
788 2532 881 2600 qui
913 2531 1245 2587 famulorum
1265 2550 1513 2599 suorum,
1538 2546 1594 2591 et
1618 2553 1850 2608 quorum
1877 2554 2007 2595 san-

368 2654 369 2657 η
426 2624 548 2694 guis
575 2625 876 2681 exhaustus
902 2625 1021 2690 fuit,
1047 2642 1234 2682 curam
1265 2631 1423 2700 gerit,
1442 2630 1646 2699 quique
1664 2640 2003 2689 mortuorum

428 2723 491 2767 ut
517 2714 811 2768 viventium
843 2715 1111 2771 clamores
1152 2718 1336 2783 audit;
1365 2719 1525 2788 quis,
1559 2719 1805 2790 inquam,
1835 2723 2002 2787 dicat,

426 2806 721 2859 salutarem
745 2815 797 2860 et
821 2807 914 2874 qui
937 2808 1122 2862 orbem
1151 2810 1387 2865 viviticat
1415 2814 1764 2882 sanguinem,
1796 2814 1848 2869 in
1882 2815 2004 2871 the-

426 2897 604 2950 sauris
641 2896 991 2963 providentiae
1014 2913 1128 2952 sua:
1148 2902 1216 2955 ab
1236 2915 1302 2955 eo
1331 2916 1437 2955 non
1477 2902 1643 2959 fuisse
1671 2906 2003 2961 incolumem

2116 440 2336 493 ἀνίατον
2362 440 2577 513 πληγήν
2597 459 2611 473 ·
2630 445 2696 514 ἢν
2725 448 2819 500 καὶ
2849 447 3191 518 ὑπιδόμενος,
3209 449 3323 520 ἅμα
3345 469 3404 503 τε
3436 455 3652 528 ἐπεπήδα

2114 534 2193 604 τῷ
2215 535 2450 606 σταυρῷ,
2485 536 2578 589 καὶ
2610 537 2726 608 ἅμα
2763 540 3138 593 συνεστέλλετο
3168 558 3228 594 τε
3283 545 3377 596 καὶ
3418 546 3653 615 ἀφίστατο

2114 627 2216 698 τῆς
2252 630 2625 701 θεομαχούσης
2662 632 2876 702 ὁρμῆς·
2930 632 3026 686 καὶ
3088 633 3271 686 οὐκέτι
3328 639 3663 709 παρενοχλεῖν

2112 717 2269 791 οἶμαι
2288 722 2350 775 τὸ
2369 722 2471 792 τῆς
2495 724 2728 795 ἀπορίας
2756 726 2910 796 ίσχὺν
2933 726 3043 792 ἕξει
3063 726 3160 790 τὰς
3189 726 3295 779 τῶν
3317 730 3665 788 εὐσεϐούντων.

2113 813 2287 878 ἀκοάς
2310 830 2326 845 ·
2361 815 2501 885 πλὴν
2554 816 2706 869 οὐδὲν
2765 817 2965 871 κωλύει
3015 818 3153 889 πρὸς
3203 820 3301 890 τὴν
3353 823 3653 891 ἐπαγγελίαν

2113 900 2284 955 ἐλθεῖν
2310 918 2326 933 ·
2351 902 2427 967 ὡς
2453 904 2573 956 ἐπεὶ
2605 904 2667 957 τὸ
2685 904 2880 975 λύτρον
2917 907 3054 978 πρὸς
3090 907 3184 960 δύο
3212 911 3331 962 τινὰ
3358 910 3455 982 τὴν
3482 913 3655 982 ἀναφο-

2118 994 2216 1063 ρὰν
2244 994 2321 1057 ὡς
2345 995 2550 1048 ἐπίπαν
2569 994 2703 1067 ἔχει,
2740 996 2924 1068 ῥύσιόν
2950 1016 3009 1052 τε
3032 1000 3141 1053 τῶν
3185 1003 3555 1074 κατεχομένων
3586 1003 3654 1059 εἷο

2113 1102 2222 1150 ναι,
2249 1086 2344 1140 καὶ
2367 1086 2538 1157 δῶρον
2566 1088 2796 1159 ὁρᾶσθαι
2821 1089 2897 1159 τῷ
2928 1092 3210 1163 κατέχοντι
3235 1108 3249 1124 ο
3272 1093 3348 1158 ὡς
3377 1096 3473 1165 μὲν
3496 1096 3667 1167 ῥύσιον

2110 1176 2218 1231 τῶν
2246 1178 2647 1248 κατεχομένων,
2693 1180 2888 1251 λύτρον
2914 1184 2980 1237 ἂν
3006 1185 3091 1253 εἴη
3133 1184 3196 1237 τὸ
3225 1190 3488 1258 σωτήριον
3514 1186 3653 1259 αἷμα,

2108 1266 2187 1332 ὡς
2219 1266 2280 1322 δὲ
2309 1267 2481 1339 δῶρον
2538 1269 2633 1323 τοῦ
2679 1270 3023 1343 κατέχοντος,
3084 1274 3369 1346 οὐδαμῶς·
3421 1279 3536 1330 ἐπεὶ
3576 1281 3655 1333 καὶ

2114 1358 2282 1414 πολλὰ
2303 1359 2440 1415 ἄλλα
2497 1361 2577 1433 τῷ
2623 1362 2828 1435 κυρίως
2862 1364 3143 1437 λεγομένῳ
3200 1369 3469 1439 προσόντα
3500 1370 3666 1441 NW

2110 1458 2174 1526 τῇ
2210 1455 2477 1527 ἀφράστῳ
2530 1455 2702 1529 ταύτῃ
2751 1460 2847 1513 καὶ
2899 1459 3042 1530 ὑπὲρ
3092 1459 3250 1528 λόγον
3284 1460 3346 1513 οὐ
3394 1462 3656 1531 πρόσεστιν

2109 1548 2391 1619 οἰκονομίᾳ.
2416 1565 2429 1578 ·
2460 1552 2555 1603 καὶ
2607 1550 2715 1622 γὰρ
2739 1552 2769 1604 6
2801 1552 2897 1622 μὲν
2942 1553 3004 1605 τὸ
3034 1552 3229 1624 λύτρον
3271 1554 3468 1618 διδοὺς,
3495 1556 3665 1607 οὐκέτι-

2109 1638 2404 1707 δυνάμενος
2430 1635 2569 1693 εἶναι
2598 1640 2802 1711 Κύριος
2826 1635 2900 1694 ὧν
2929 1642 3192 1713 παρέσχε,
3218 1643 3320 1709 τὴν
3340 1642 3539 1712 ζημίαν
3561 1642 3654 1711 ἔχει

2111 1731 2250 1784 κατὰ
2261 1730 2323 1784 τὸ
2336 1731 2709 1802 ἀπαραίτητον
2721 1732 3015 1787 ἀκολουθοὖ
3023 1749 3144 1788 σανο
3166 1734 3443 1804 κερδαίνει
3459 1735 3499 1786 δ’
3516 1737 3547 1787 ό
3569 1735 3653 1785 λα-

2110 1821 2219 1876 ϐὼν
2241 1821 2383 1894 [καὶ]
2401 1823 2716 1878 καθίσταται
2745 1825 3008 1895 δεσπότης
3033 1819 3109 1879 ὧν
3133 1826 3398 1897 πρότερον
3416 1826 3511 1896 τὴν
3525 1825 3653 1889 ἐξου-

2111 1916 2230 1969 σίαν
2249 1917 2350 1970 ούκ
2368 1917 2501 1986 εἶχε·
2521 1916 2754 1970 ἐνταῦθα
2789 1917 2845 1970 δὲ
2875 1918 3184 1972 τούναντίον
3225 1918 3394 1971 ἅπανσ
3410 1921 3437 1971 6
3458 1919 3548 1988 μὲν
3566 1935 3654 1970 κα-

2108 2008 2401 2075 ταθέμενος
2416 2008 2477 2061 τὸ
2490 2008 2685 2080 λύτρον
2703 2008 2817 2073 (καὶ
2837 2010 2945 2079 γὰρ
2964 2010 3141 2064 πάντα
3163 2011 3220 2062 ἐν
3243 2011 3474 2080 τῇ¹χειρὶ
3490 2008 3652 2075 αὐτοῦ,

2107 2099 2203 2153 καὶ
2229 2099 2349 2152 οὐδὲ
2369 2099 2462 2151 τοῦ
2484 2099 2650 2153 Ἅϐελ
2677 2096 2835 2170 αἷμα,
2860 2102 2921 2154 ού
2952 2101 3058 2172 μὴν
3092 2101 3214 2154 οὐδὲ
3240 2101 3351 2155 τῶν
3392 2102 3653 2171 μαρτύρων

2107 2190 2213 2256 ἔξω
2241 2191 2341 2261 τῆς
2377 2191 2539 2245 αὐτοῦ
2570 2191 2877 2263 καθέστηκε
2907 2193 3162 2263 προνοίας
3192 2193 3289 2247 καὶ
3310 2193 3506 2263 χειρὸς)
3524 2192 3655 2245 οὐδὲν

2109 2282 2209 2350 μὲν
2227 2281 2469 2351 δηλονότι
2491 2283 2787 2353 ὲξημίωται
2816 2299 2831 2313 ο
2865 2282 2948 2347 τίς
2971 2284 3078 2353 γὰρ
3108 2285 3175 2337 ἂν
3213 2283 3356 2348 ὅλως
3392 2285 3556 2336 εἰπεῖν
3580 2284 3663 2335 ἑνον

2105 2374 2294 2443 νοήσῃ,
2325 2374 2400 2437 ὡς
2442 2373 2540 2443 μὲν
2565 2374 2673 2427 τῶν
2719 2374 3063 2445 θεραπόντων
3084 2374 3272 2439 αὐτοῦ,
3305 2374 3402 2428 καὶ⁹
3430 2368 3502 2428 ὧν
3545 2375 3652 2426 ὲκε-

2104 2464 2355 2535 νὼθησαν
2416 2466 2664 2535 αἱμάτων
2698 2465 2813 2519 ἐστι
2840 2465 2999 2536 λόγος
3017 2466 3186 2538 αὐτῷ,
3217 2469 3316 2520 καὶ
3349 2466 3482 2537 μετὰ
3507 2463 3650 2521 θάνα-

2103 2572 2195 2609 τον
2242 2555 2317 2620 ὡς
2351 2557 2634 2611 ἀθανάτων
2663 2557 2913 2628 βοώντων
2965 2559 3189 2626 ἀκούει;
3218 2557 3285 2611 τὸ
3313 2559 3372 2611 δὲ
3413 2559 3652 2627 σωτήριον

2103 2648 2198 2701 καὶ
2223 2648 2484 2711 ζωοποιὺν
2511 2644 2654 2719 αἷμα
2681 2649 2776 2704 τοῦ
2805 2649 3012 2721 κόσμου
3038 2652 3137 2704 οὐκ
3163 2652 3221 2703 ἐν
3250 2653 3363 2713 τοῖς
3393 2649 3651 2711 ἀθανάτοις

2101 2739 2202 2808 τῆς
2228 2740 2393 2793 αὑτοῦ
2415 2741 2670 2812 προνοίας
2688 2742 2935 2812 ταμείοις
2955 2742 3168 2811 συνέχει
3184 2740 3486 2812 ἀνώλεθρον
3506 2739 3650 2809 αὐτῷ,

2103 2830 2198 2884 καὶ
2230 2831 2434 2901 φθορᾶς
2459 2833 2727 2903 σωμάτων
2754 2834 3033 2902 ἀνέπαφον
3072 2833 3511 2904 συντηρούμενος
3535 2831 3650 2901 (59);

2101 2920 2202 2973 οὐκ
2227 2919 2529 2992 ἐζημίωται
2555 2922 2736 2975 τοίνυν
2760 2923 2821 2975 ού
2853 2923 2954 2993 μὲν
2998 2918 3091 2977 οὖν
3119 2922 3149 2975 ὃ
3190 2923 3251 2975 τὸ
3286 2923 3476 2994 λύτρον
3504 2939 3652 2976 κατα-

426 2998 837 3050 conscrvatum.
864 3000 1029 3059 atque
1058 2992 1128 3045 ab
1168 2993 1318 3046 omni
1357 3009 1618 3063 corporea
1650 2997 2002 3067 corruptione

2105 3013 2354 3083 θέμενος,
2384 3015 2519 3069 ἀλλὰ
2555 3015 2650 3069 καὶ
2697 3015 2793 3069 τοῦ
2823 2992 3012 3083 γένους
3066 3016 3226 3086 ἡμῶν
3275 2992 3476 3078 παντὸς
3503 3017 3530 3067 6
3551 3012 3657 3083 φιλ-

423 3079 897 3149 protectum?N0n
920 3083 1084 3150 igitur
1111 3084 1371 3139 damnum
1396 3088 1621 3156 pertulit
1650 3089 1745 3159 qui
1768 3090 2002 3159 pretium

422 3173 687 3226 contulit:
716 3173 827 3227 imo
855 3175 1093 3229 universi
1122 3177 1340 3245 generis
1370 3180 1541 3233 nostri
1572 3180 1814 3234 clemens
1841 3179 2002 3238 Jesus

424 3261 655 3315 salutem
703 3262 948 3319 lucratus
976 3275 1081 3319 est.
1116 3265 1220 3330 Qui
1249 3281 1378 3320 vero
1410 3281 1470 3322 se
1498 3278 1852 3338 accepturum
1902 3287 2005 3342 pu-

423 3351 594 3417 tabat,
618 3352 747 3405 dum
775 3353 842 3407 de
862 3369 964 3408 suo
989 3354 1151 3409 unice
1179 3356 1330 3410 lucro
1349 3358 1574 3427 cogitat,
1604 3359 1753 3414 illam
1778 3376 2003 3433 quoque

422 3443 631 3506 amisit,
665 3445 824 3509 cuius
854 3444 999 3501 vires
1027 3455 1310 3516 tantopere
1332 3448 1597 3517 iactabat,
1634 3454 1997 3522 tyrannidem.
2051 3448 2057 3453 ’

422 3531 606 3597 Quare
644 3532 964 3592 Doniinicus
993 3538 1252 3595 salutaris
1278 3543 1498 3611 sanguis
1527 3546 1763 3614 pretium
1810 3564 2000 3605 revera

421 3623 814 3692 redemptionis
857 3638 961 3690 est,
997 3629 1125 3697 quia
1170 3644 1270 3685 nos
1319 3634 1634 3701 captivitate
1676 3639 1997 3709 expedivit:

420 3713 516 3768 sed
548 3713 689 3769 idem
716 3730 747 3769 a
772 3716 1161 3787 redemptionis
1184 3722 1359 3790 pretio
1378 3723 1580 3791 differt,
1605 3736 1720 3785 tum
1743 3732 1870 3801 quia
1897 3734 1997 3802 illi,

419 3804 513 3873 qui
532 3814 785 3861 naturam
805 3817 1045 3864 nostram
1066 3809 1441 3870 fraudulenter
1457 3817 1684 3874 servitio
1704 3823 1996 3891 oppressit,

420 3912 532 3951 non
558 3906 644 3953 est
666 3899 915 3967 oblatus;
943 3911 1055 3955 tum
1087 3904 1213 3973 quia
1240 3905 1400 3974 pretii
1428 3906 1647 3977 quidem
1673 3913 1998 3981 praeclarum

417 3991 634 4046 lucrum
682 4008 808 4049 esse
852 3994 1014 4061 solet,
1049 3996 1200 4051 nullo
1234 3999 1438 4053 damno
1479 4002 1723 4057 comite:
1755 4014 1998 4062 attamen

416 4082 637 4138 diabolo
668 4085 1009 4154 captivorum
1051 4086 1185 4142 hero
1223 4088 1558 4161 duplicatum
1603 4093 1788 4162 potius
1840 4111 1997 4150 sum-

416 4189 678 4244 mumque
707 4174 967 4230 damnum
998 4178 1197 4233 evenit.
1228 4178 1497 4237 Praeterea
1526 4184 1998 4254 redemptionibus

414 4267 538 4323 aliis
569 4268 791 4337 pacifica
821 4271 984 4325 verba
1028 4282 1306 4340 praeeunt;
1356 4274 1446 4329 hic
1490 4276 1619 4330 dum
1647 4279 1880 4347 pretium
1909 4295 1999 4335 re-

2104 3104 2390 3173 ἅνθρωπος
2421 3104 2825 3177 προσεκέρδησε
2875 3105 2974 3177 τὴν
3004 3106 3284 3176 σωτηρίαν
3305 3121 3319 3135 °
3347 3107 3377 3159 6
3417 3105 3470 3158 δὲ
3496 3102 3654 3157 λαϐεῖν

2103 3194 2351 3265 νομίσας,
2374 3197 2456 3248 ὅτι
2485 3194 2670 3249 λαϐεῖν
2699 3198 2860 3266 μόνον
2892 3196 3133 3268 ἐνόμισε,
3172 3196 3274 3250 καὶ
3298 3197 3466 3266 αὐτὴν
3501 3209 3659 3265 προσ-

2103 3284 2410 3352 απώλεσεν,
2450 3287 2536 3356 ἐφ’
2656 3304 2718 3340 τε
2747 3288 2889 3358 μέγα
2932 3288 3152 3359 ἐφρόνει
3181 3288 3281 3341 καὶ⁵
3318 3287 3386 3359 ἢν
3412 3285 3661 3356 ἐνισχύειν

2102 3378 2355 3445 ἐνόμισεν
2403 3376 2569 3430 αὐτοῦ
2610 3378 2943 3448 τυραννίδαα
2975 3376 3116 3431 ὥστε
3171 3377 3234 3431 τὸ
3288 3379 3547 3449 σωτήριον
3575 3376 3653 3428 καὶ

2100 3467 2415 3522 δεσποτικὸν
2437 3465 2578 3538 αἷμα
2596 3469 2691 3522 καὶ
2734 3468 2934 3538 λύτρου
2961 3467 3148 3539 χώραν
3163 3469 3230 3523 ἂν
3255 3469 3464 3538 ἐπέχοι,
3488 3468 3653 3521 ἀνεκο-

2105 3559 2300 3630 μίσατο
2332 3559 2442 3630 γὰρ
2472 3561 2620 3631 ἡμᾶς
2643 3560 2743 3630 τῆς
2791 3560 3192 3631 αἰχμαλωσίας,
3217 3561 3320 3614 καὶ
3353 3558 3447 3613 τοῦ
3478 3557 3650 3626 λύτρου

2100 3649 2497 3721 παραλλάσσει,
2531 3651 2613 3704 ὃτι
2641 3650 2777 3722 μηδέ
2803 3650 3146 3721 προσενεχθη
3168 3649 3247 3721 τῷ
3276 3650 3377 3721 τὴν
3405 3648 3652 3720 ἡμετέραν

2101 3745 2264 3815 φύσιν
2293 3744 2479 3815 ἀπάτῃ
2502 3743 2897 3814 δουλωσαμένῳ
2917 3756 2935 3773 ⁸
2966 3744 3061 3797 καὶ
3080 3744 3160 3797 ὅτι
3184 3744 3243 3797 ἐν
3281 3742 3381 3814 μὲν
3401 3742 3476 3812 τῷ
3494 3739 3652 3810 λύτρῳ

2098 3836 2159 3889 τὸ
2198 3834 2389 3907 κέρδος
2418 3835 2611 3904 ὁρᾶται
2645 3833 2811 3905 μέγα,
2856 3833 2991 3906 μηδὲ
3024 3834 3154 3904 μιᾶς
3188 3831 3650 3900 συνεπινοουμένης

2098 3928 2325 4000 ζημίας
2358 3931 2419 3983 ἐν
2432 3927 2491 3981 δέ
2511 3927 2590 3998 τῷ
2615 3927 2901 3999 κατέχοντι
2929 3927 3057 3991 τοὺς
3085 3926 3486 3997 αίχμαλὼτους,
3507 3922 3648 3990 διπλῆ

2101 4022 2303 4093 μᾶλλον
2364 4021 2422 4074 δὲ
2468 4021 2739 4089 παντελὴς
2772 4021 2805 4090 ἡ
2829 4019 3003 4091 ζημία
3022 4033 3036 4047 ⁸
3064 4020 3113 4072 εί
3141 4018 3321 4090 βούλει
3343 4018 3399 4072 δὲ
3421 4018 3511 4071 καὶ
3535 4015 3649 4068 διότι

2095 4114 2204 4166 τῶν
2237 4113 2333 4183 μὲν
2355 4111 2528 4165 ἄλλων
2560 4110 2774 4184 λύτρων
2801 4111 3163 4184 συμϐατήριοι
3188 4110 3548 4182 προηγοῦνται
3574 4105 3648 4156 λό-

2096 4220 2205 4275 γοι,
2245 4204 2555 4257 ἐνταῦθαδὲ
2586 4204 2679 4258 τοῦ
2706 4203 2902 4276 λύτρου
2954 4204 3355 4274 μελετωμένου,
3405 4205 3437 4272 ὴ
3488 4196 3648 4254 δικαία

2097 4297 2278 4369 κρίσις
2300 4297 2365 4350 ἐκ
2383 4296 2715 4349 παλαιοτάτου
2734 4293 2811 4366 τῷ
2840 4295 3082 4365 πολεμίῳ
3104 4294 3169 4347 τὸ
3213 4294 3476 4349 ἄσπονδον
3504 4304 3649 4343 κατα⁹

412 4358 742 4427 demptionis
768 4363 1114 4430 persolvitur,
1143 4365 1354 4434 justum
1384 4367 1481 4423 Dei
1500 4368 1793 4438 judicium,
1826 4390 1994 4444 quam

2104 4358 2444 4461 ξέηφιξομένη
2463 4430 2479 4457 ,
2509 4390 2590 4443 ἔτι
2618 4358 2819 4461 μᾶλλον
2870 4358 3173 4459 τηνικαῦτα
3200 4391 3301 4459 τὴν
3331 4386 3575 4452 τοιαύτην
3595 4381 3646 4445 ἐξ

417 4454 733 4512 firmissime
760 4457 890 4512 olim
923 4458 1243 4515 decreverat
1276 4461 1329 4515 in
1364 4462 1576 4518 hostem
1601 4479 1842 4535 ptenam,
1870 4484 1993 4524 eam

416 4546 522 4602 hoc
572 4550 917 4617 potissimum
954 4561 1199 4618 tempore
1237 4552 1572 4612 facinoribus
1605 4557 1727 4627 ejus
1774 4559 1993 4617 inﬂixit.

414 4635 661 4707 Denique
690 4640 742 4692 in
772 4641 986 4696 caeteris
1015 4643 1479 4713 redemptionibus
1508 4647 1715 4704 foedera
1744 4652 1990 4721 quaedam

413 4729 496 4784 vel
527 4732 594 4783 ad
636 4731 871 4798 longum
907 4734 990 4787 vel
1018 4737 1084 4789 ad
1128 4736 1290 4791 breve
1339 4747 1552 4810 tempus
1597 4740 1900 4812 feriuntur;
1935 4746 1992 4801 in

415 4821 537 4883 hac,
561 4820 628 4875 de
649 4837 757 4889 qua
789 4824 1023 4893 agimus,
1052 4825 1191 4880 nihil
1208 4828 1313 4883 tale
1333 4832 1605 4900 suspicari
1634 4832 1781 4888 licet.
1807 4834 1988 4905 Atque

411 4912 686 4981 ejusmodi
718 4914 839 4968 alia:
866 4915 1113 4985 plurima:
1135 4918 1459 4977 differentiae
1476 4933 1631 4979 sunt.
1653 4923 1837 4992 Quare
1869 4928 1987 4984 fieri

414 5019 525 5057 non
581 5015 759 5074 potest
802 5018 857 5061 ut
891 5009 1067 5064 oratio
1112 5013 1493 5069 necessitatem
1549 5031 1662 5085 pra:
1723 5034 1784 5073 se
1826 5018 1987 5088 ferat,

412 5097 873 5164 quemadmodum
909 5117 1030 5155 eam
1063 5104 1358 5161 obtendere
1384 5116 1584 5177 potest,
1610 5123 1735 5164 cum
1764 5126 1868 5166 vox
1899 5128 1988 5168 re-

412 5188 595 5247 dimiae
622 5191 881 5260 primario
902 5211 1065 5250 sensu
1088 5197 1432 5269 intelligitur.
1455 5197 1589 5254 Nam
1620 5201 1849 5272 figurate
1881 5205 1988 5263 hoc

413 5284 554 5349 loco,
586 5285 629 5340 si
667 5301 907 5356 unquam
937 5289 1098 5357 alias,
1131 5305 1234 5345 vox
1274 5290 1558 5361 accipitur.

2093 4476 2168 4538 ὧν
2192 4485 2403 4546 ἐκεῖνος
2464 4482 2731 4552 ἔπραττεν
2784 4480 3064 4535 ἐπιϐάλλει
3112 4480 3446 4549 καταδίκηνο
3486 4478 3570 4531 καὶ
3589 4475 3651 4556 δὴ.

2095 4572 2189 4625 καὶ
2216 4571 2309 4624 ἐπὶ
2345 4572 2445 4641 μὲν
2474 4569 2584 4623 τῶν
2611 4569 2807 4635 ἄλλων,
2829 4570 3052 4623 σπονδαὶ
3074 4570 3290 4632 πάντως
3320 4571 3352 4639 ἢ
3386 4567 3478 4621 ἐπὶ
3498 4565 3644 4617 πολὺν

2094 4662 2128 4732 ἢ
2157 4662 2244 4713 ἐπ’
2298 4660 2478 4728 ὀλίγον
2509 4659 2860 4714 συνίστανται
2894 4661 3124 4730 χρόνον·
3154 4661 3213 4713 ἐν
3250 4660 3308 4713 δὲ
3340 4658 3417 4729 τῷ
3439 4655 3643 4724 παρόντι

2093 4752 2274 4823 λύτρῳ
2314 4751 2426 4806 οὐδ’
2471 4752 2685 4823 ἐπινοίᾳ
2742 4752 2927 4806 λαϐεῖν
2984 4751 3100 4805 ἔστι
3165 4751 3294 4822 ψιλῇ
3334 4748 3561 4803 τοιοῦτόν
3599 4759 3643 4795 τι

2093 4842 2527 4914 προενηγμένον,
2558 4843 2655 4896 καὶ
2675 4844 2816 4897 πόσα
2854 4843 2990 4897 ἄλλα
3022 4842 3275 4897 τοιαῦταο
3314 4842 3452 4895 ὥστε
3482 4837 3643 4908 χώραν

2090 4936 2120 4987 6
2146 4936 2303 5004 λόγος
2355 4935 2738 5005 προτείνεσθαι
2780 4936 3027 5004 ἀνάγκην
3056 4936 3157 4988 ούκ
3182 4933 3313 5005 ἔχει,
3360 4934 3418 4987 ὃν
3462 4930 3643 5001 τρόπον

2091 5029 2182 5081 ἐπὶ
2234 5026 2330 5081 τοῦ
2378 5028 2584 5097 κυρίως
2629 5027 2848 5082 δύναται
2888 5027 3290 5099 προϐάλλεσθαι
3336 5026 3559 5095 λύτρου·
3586 5021 3641 5071 ὲκ

2094 5121 2410 5191 μεταφορᾶς
2428 5119 2538 5191 γὰρ
2569 5119 2821 5187 ἐνταῦθα,
2836 5120 2994 5192 είπερ
3011 5120 3268 5190 ἀλλαχοῦ,
3291 5115 3639 5187 παρείληπται

2093 5215 2128 5284 ἡ
2151 5214 2324 5284 φωνή.

1950 5482 2179 5542 NOTAE.

490 5590 599 5679 (3?)
638 5590 914 5675 Notandus
939 5595 1026 5649 hic
1069 5594 1249 5655 thii
1272 5599 1425 5655 locus
1454 5608 1673 5670 propter
1715 5600 1978 5657 famosam
2019 5605 2087 5660 de
2119 5608 2383 5679 sanguine
2412 5608 2615 5665 Christi
2667 5608 2791 5663 fuso
2857 5616 3125 5662 versatam
3162 5604 3299 5659 inter
3357 5597 3635 5657 catholicos

421 5660 700 5730 theologos
724 5665 1099 5733 qumstionem.
