3864 6218
291 237 395 308 181

1218 263 1319 323 AD
1356 263 1949 331 AMPHILOCHIUM
1992 272 2340 340 OU/ESTIO
2373 281 2586 345 XXIV.

3453 285 3555 352 182

360 367 427 417 ε’.
456 361 566 419 Καὶ
588 364 746 437 δῆλον
770 368 847 433 ὡς
873 369 936 424 ού
959 372 1064 444 χρὴ
1099 372 1379 443 βιάζεσθαι
1411 382 1862 452 smmum

2046 393 2100 447 5.
2134 392 2388 453 Profecto
2413 408 2632 455 constat
2672 414 2781 454 non
2822 416 2945 463 esse
2978 402 3339 459 adnitendum
3400 416 3459 460 ut
3491 409 3560 463 ad

285 456 407 519 τοῖς
440 458 583 511 κατὰ
619 463 930 532 μεταφορὰν
977 464 1311 537 λεγομένοις,
1343 471 1445 524 ὅσα
1480 472 1696 536 πάντως
1733 491 1877 545 παρ-

287 546 527 601 έπεσθαι
562 551 720 604 είωθε
747 554 826 624 τῷ
854 558 995 609 κατά
1017 556 1117 628 τὴν
1145 560 1239 611 ἀπ’
1265 561 1441 632 ἀρχῆς
1464 561 1611 616 θέσιν
1636 566 1734 634 τῆς
1755 584 1873 636 φω-

285 636 391 706 νῆς
422 639 797 713 ὠνομασμένη)
827 661 841 675 ·
889 646 971 700 δεῖ
994 648 1105 719 γὰρ
1130 651 1211 714 εἰς
1239 652 1420 705 κοινὸν
1455 656 1755 722 ἀναγαγεῖν
1778 658 1875 711 τύ-

286 745 414 795 πον,
446 730 482 784 ἃ
510 731 608 785 νῦν
637 735 733 787 ἐπὶ
761 737 855 791 τοῦ
886 740 1250 810 προταθέντος
1278 744 1594 817 ὲγυμνάσθη
1629 748 1874 818 προϐλή-

286 836 465 889 ματος
490 838 506 853 ·
563 825 639 887 ὡς
679 824 747 878 ἂν
788 830 925 899 πρὸς
962 830 1133 885 πολλὰ
1167 833 1251 903 εἴη
1286 833 1394 887 τῶν
1427 836 1599 906 αὐτὴν
1641 837 1875 908 ἀπορίαν

283 913 621 981 συνάγεσθαι
641 916 974 990 δυναμένων,
999 923 1059 990 ἐξ
1082 924 1298 995 ἑτοίμου
1320 928 1415 981 καὶ
1436 927 1874 1004 καθολικωτέρας

280 1004 480 1072 ἐφόδου
504 1007 605 1078 τὴν
638 1008 790 1065 λύσιν
827 1013 1077 1082 ἐπάγειν,
1105 1016 1201 1070 καὶ
1237 1017 1300 1070 τὸ
1330 1020 1700 1091 συνταράττον
1731 1022 1873 1076 ἀπο-

280 1097 695 1168 σκευάζεσθαι,
728 1105 791 1157 οὐ
816 1105 973 1159 τοῦτο
998 1107 1056 1160 δέ
1082 1125 1246 1180 φημι,
1276 1110 1480 1180 ἄπαγε,
1507 1112 1584 1176 ὡς
1610 1115 1725 1177 τοῖς
1748 1130 1872 1185 τρο⁴

279 1192 470 1253 πικοῖς
504 1191 614 1245 τῶν
646 1195 929 1264 ὀνομάτων
970 1198 1032 1251 οὐ
1069 1199 1151 1253 δεῖ
1176 1202 1478 1272 κεχρῆσθαι
1503 1220 1519 1236 ·
1568 1203 1870 1276 σύντροφος

276 1281 397 1353 γὰρ
424 1285 559 1354 ἡμῖν
604 1286 665 1339 οὐ
694 1287 830 1342 πολὺ
861 1289 971 1343 τῶν
994 1292 1201 1361 κυρίων
1227 1292 1448 1347 ἔλαττον
1469 1297 1503 1365 ἠ
1536 1298 1736 1367 χρῆσις
1766 1299 1869 1353 αὐ-

274 1376 395 1430 τῶν
420 1392 436 1408 °
469 1379 564 1432 καὶ
590 1382 645 1434 εῖ
677 1399 761 1445 τις
792 1384 982 1453 ἀφέλοι
1025 1387 1230 1451 ταύτας
1265 1388 1331 1442 ἔκ
1357 1407 1418 1443 τε
1455 1392 1552 1462 τῆς
1581 1393 1685 1446 ἀνὰ
1713 1397 1870 1467 χεῖρα

273 1468 521 1536 ὁμιλίας,
577 1473 674 1525 καὶ
716 1473 775 1539 ἐξ
819 1476 993 1545 αὐτῆς
1030 1495 1096 1547 γε
1132 1480 1241 1533 τῶν
1271 1484 1722 1554 συγγραμμάτων
1769 1490 1871 1554 τῆς

276 1559 602 1630 ἑρμηνείας,
638 1564 733 1616 καὶ
768 1565 1004 1635 μάλιστά
1033 1586 1099 1637 γε
1139 1570 1240 1634 τὰς
1265 1572 1467 1643 πολλὴν
1510 1575 1740 1644 ἐχούσας
1768 1578 1869 1649 τὴν

270 1651 573 1721 ὁμοιότητα
600 1657 693 1708 καὶ
726 1657 1001 1731 ἐγγύτητα
1030 1662 1167 1732 πρὸς
1190 1662 1291 1725 τὰς
1314 1664 1468 1717 οὐδὲν
1488 1668 1866 1738 τετραμμένον

270 1749 684 1815 παρεχομένας,
732 1752 832 1804 οὐκ
863 1754 957 1806 ἐπὶ
1004 1754 1139 1808 πολὺ
1174 1755 1397 1811 ἔλαττον
1436 1759 1516 1822 είς
1557 1761 1741 1814 στενὸν
1767 1778 1863 1814 κο·
1895 1740 1938 1793 Β

273 1835 409 1906 μιδῇ
453 1836 554 1907 τὴν
592 1838 702 1892 τῶν
752 1841 926 1909 λόγων
954 1845 1263 1911 συγκλείσει
1310 1847 1501 1919 χρείαν
1531 1864 1545 1879 ο
1586 1848 1663 1912 ὡς
1690 1850 1862 1904 πολλὰ

266 1924 387 1978 τῶν
424 1930 767 1998 πραγμάτων
813 1934 937 2002 μηδ’
978 1933 1125 2005 ἔχειν
1163 1936 1388 2007 ὀνόματι
1424 1939 1684 2008 δηλῶσαι,
1726 1939 1760 2011 ἢ
1812 1940 1868 1993 εἴ

266 2033 361 2081 τις
389 2018 487 2089 τὴν
516 2024 815 2093 κυριότητα
839 2025 951 2078 τῶν
977 2026 1259 2095 ὀνομάτων
1298 2033 1397 2100 τῆς
1419 2032 1695 2102 ἡμετέρας
1723 2034 1860 2104 χρή-

269 2125 417 2173 σεως
444 2112 735 2183 ὑπερόριον
765 2118 976 2189 ποιήσει
1002 2119 1226 2174 ὀὔκουν
1244 2121 1547 2193 ἀχρηστίαν
1578 2124 1659 2178 ἔτι
1686 2140 1863 2178 κατα-

265 2199 567 2266 γινώσκειν
629 2205 738 2259 τῶν
762 2208 872 2260 ἀπὸ
891 2210 988 2279 τῆς
1022 2215 1230 2283 τροπῆς
1258 2215 1358 2282 τὴν
1379 2215 1594 2282 γένεσιν
1624 2217 1857 2286 ἐχόντων

264 2290 554 2363 ὀνομάτων
587 2311 602 2326 ·
632 2295 749 2349 ἀλλ’
787 2301 964 2353 ἐκεῖνο
993 2302 1160 2374 φαίην
1189 2304 1256 2357 ἂν
1288 2304 1365 2369 ὡς
1396 2306 1593 2359 εἰδέναι
1629 2308 1732 2377 χρὴ
1764 2306 1857 2359 λέ·-

268 2384 412 2450 ξεως
444 2387 642 2458 ίδίωμα
677 2392 883 2462 κυρίως
913 2411 974 2448 τε
997 2395 1297 2468 λεγομένης
1331 2400 1425 2452 καὶ
1463 2400 1605 2453 κατά
1632 2400 1860 2470 μετάθε-

268 2472 358 2531 σιν
385 2496 508 2534 τινα
536 2484 652 2544 τοῖς
680 2486 1004 2554 πράγμασιν
1038 2490 1422 2562 ἐπιτιθεμένης
1453 2508 1468 2522 ο
1502 2494 1595 2546 καὶ
1623 2492 1858 2563 χρῆσθαι

268 2570 377 2639 μὲν
403 2573 521 2635 ταῖς
552 2576 758 2642 φωναῖς
794 2576 870 2640 ὡς
899 2579 1184 2651 ἐπιτρέπει
1214 2581 1277 2635 τὸ
1308 2582 1456 2645 ἔθος,
1492 2583 1568 2654 μὴ
1605 2584 1857 2655 μέντοιγε

261 2662 339 2715 τὰ
368 2663 461 2716 ὑπ’
491 2664 672 2719 αὐτῶν
702 2670 1076 2739 σημαινόμενα
1099 2673 1179 2736 εὶς
1201 2676 1300 2743 τὴν
1323 2674 1497 2747 αὐτὴν
1524 2674 1593 2740 ἐξ
1611 2676 1858 2749 ἀνάγκης

266 2755 530 2823 συνάγειν
558 2774 618 2810 τε
664 2759 756 2812 καὶ
789 2762 1197 2817 συνδιαπλέκειν
1229 2766 1391 2834 φύσιν
1419 2783 1434 2798 ο
1468 2768 1718 2837 μεγάλων
1747 2771 1855 2841 γὰρ

265 2847 472 2911 γένοιτ’
513 2849 582 2902 ἂν
614 2851 774 2905 τοῦτο
804 2855 1139 2924 σφαλμάτων
1170 2858 1339 2923 αἰτία,
1373 2861 1466 2913 καὶ
1510 2863 1737 2932 ἀπορίαι
1765 2862 1854 2915 δό·

268 2940 423 3003 ξουσι
458 2943 834 3012 προκύπτειν,
890 2949 1125 3017 ἀπορίας
1175 2950 1273 3020 μὲν
1313 2954 1379 3022 τῇ
1419 2952 1650 3025 ἀληθεία
1700 2954 1857 3023 λόγον

267 3030 460 3085 οὐδένα
505 3035 969 3106 προϐεϐλημέναι,
1006 3043 1072 3109 τῇ
1103 3041 1160 3093 δὲ
1188 3042 1265 3111 μὴ
1297 3044 1439 3097 κατά
1476 3044 1633 3111 λόγον
1660 3047 1857 3116 χρήσει

272 3126 381 3180 τῶν
434 3132 876 3199 σημαινομένων,
907 3133 967 3185 οὐ
1009 3134 1144 3204 πρὸς
1177 3136 1398 3206 ἑτέρους
1430 3138 1631 3206 μᾶλλον
1673 3139 1705 3209 ἦ
1735 3138 1860 3192 καθ’

268 3219 486 3273 ἑαυτῶν
513 3219 623 3274 τῶν
641 3220 786 3274 οὕτω
806 3224 1103 3294 χρωμένων
1130 3229 1250 3289 ταῖς
1271 3231 1478 3296 φωναῖς
1500 3229 1602 3300 τὴν
1626 3229 1864 3302 ἀπορίαν

268 3311 660 3367 ἐπινοούντων.

340 3410 418 3470 ς’.
448 3404 657 3459 Αὐτίκα
682 3407 965 3478 μάρτυρας
988 3408 1263 3479 καλοῦμεν
1285 3412 1413 3475 τοὺς
1443 3413 1861 3484 ὑπεραθλήσανο

268 3512 374 3559 τας
404 3497 666 3567 Χριστοῦ,
700 3501 794 3553 καὶ
821 3502 888 3554 τὰ
916 3501 1124 3571 αἵματα
1151 3503 1332 3557 αὐτῶν
1356 3507 1725 3575 προσαγαγεῖν
1754 3524 1861 3575 φα-

274 3584 379 3653 μὲν
402 3584 483 3655 τῷ
509 3587 631 3659 Θεῷ
658 3589 839 3652 καλῶς
865 3608 929 3651 γε
971 3592 1064 3645 καὶ
1087 3592 1310 3658 δικαίως
1339 3610 1354 3624 ·
1381 3594 1499 3647 ἀλλ’
1527 3597 1592 3648 ὲκ
1627 3613 1863 3666 μεταφο-

272 3676 378 3745 ρλς
398 3678 507 3730 τῶν
535 3679 817 3749 ὀνομάτων
842 3682 1103 3753 ἑκάτερον
1126 3684 1345 3752 λέγεται
1364 3700 1380 3716 ⁶
1412 3685 1521 3738 ἀπὸ
1549 3687 1680 3756 γάρ,
1712 3686 1805 3749 οὓς
1825 3687 1859 3756 ἡ

272 3768 528 3823 πολιτεία
565 3771 847 3844 μάρτυρας
893 3774 1079 3827 καλεῖν
1116 3773 1255 3828 οἶδεν
1283 3776 1333 3830 οἳ
1371 3776 1628 3847 πάρεισιν
1652 3780 1746 3831 ἐπὶ
1773 3780 1863 3849 βε-

271 3860 506 3915 ϐαιώσει
533 3864 633 3934 τῆς
666 3866 813 3918 κατά
842 3867 934 3918 τὸν
986 3866 1102 3935 βίον
1136 3867 1417 3938 ἀληθείας,
1458 3871 1553 3923 καὶ
1577 3869 1763 3924 πίστιν
1792 3873 1862 3925 δι’

269 3947 350 4006 ὧν
386 3956 566 4007 ἴσασιν
598 3956 866 4023 ἐπάγουσι
890 3961 1004 4023 τοῖς
1031 3961 1493 4031 προτεινομένοις,
1520 3961 1628 4016 ἀπὸ
1650 3963 1858 4019 τούτων

268 4046 369 4099 καὶ
397 4047 527 4110 τοὺς
568 4047 666 4118 τῆς
701 4048 982 4112 εὐσεϐείας
1004 4050 1313 4118 ἀγωνιστὰς
1343 4051 1684 4123 ὀνομάζομεν
1719 4053 1864 4124 μάρ-

269 4155 445 4209 τυρας
477 4154 492 4170 ο
529 4139 624 4192 καὶ
678 4141 788 4211 γὰρ
825 4140 901 4204 ὡς
929 4141 1145 4213 ἀληθῶς
1186 4136 1334 4197 οὗτοι
1366 4144 1467 4213 τὴν
1497 4146 1862 4200 ὲνυπόστατον

268 4229 653 4299 θεολογοῦντες
686 4232 962 4304 ἀλήθειαν,
1002 4235 1234 4289 ἐνώπιον
1273 4238 1552 4307 τυράννων
1574 4239 1669 4291 καὶ
1697 4237 1860 4308 βασι-

268 4323 413 4377 λέων
440 4323 831 4395 ὲμαρτύρησαν
849 4341 863 4355 °
909 4327 1002 4380 καὶ
1032 4330 1422 4398 προσενεγκεῖν
1467 4328 1648 4381 αὐτῶν
1677 4328 1749 4382 τὰ
1776 4330 1862 4383 αῖ-

1978 485 2226 542 ordinem
2270 491 2769 560 metapltoricorum
2817 497 3101 551 trahamus
3130 513 3216 564 ea,
3247 513 3370 567 quae
3404 514 3574 567 pror-.

1976 592 2073 635 sus
2102 581 2301 635 sectari
2326 583 2503 638 solent
2522 584 2572 637 id
2591 584 2738 655 quod
2762 586 3089 655 appellatum
3125 589 3226 644 l‘uit
3253 593 3556 645 secundum

1976 669 2205 737 primum
2227 671 2379 726 vocis
2408 673 2759 741 positionem.
2785 673 2943 746 (Nam
2973 692 3061 731 me
3097 663 3458 749 jam-oportet
3489 682 3559 735 ad

1974 761 2280 828 generalem
2309 762 2541 818 formam
2574 765 2818 836 redigere
2850 767 2905 821 id
2969 769 3115 837 quod
3170 770 3434 827 hactenus
3490 773 3560 828 de

1973 853 2254 921 proposito
2284 853 2523 911 themate
2583 857 2881 927 disputavi.
2939 857 3030 915 Sic
3079 861 3223 915 enim
3269 863 3455 917 licebit
3504 877 3560 920 et

1974 940 2096 997 aliis
2117 943 2321 1009 multis,
2345 960 2468 1014 qua:
2497 948 2744 1003 eamdem
2773 950 3182 1019 perplexitatem
3211 967 3403 1008 creare
3432 970 3560 1024 pos-

1972 1040 2131 1097 sent,
2176 1033 2429 1103 expedite
2474 1044 2529 1090 et
2571 1037 2948 1094 communiore
2980 1040 3195 1095 ratione
3224 1042 3555 1099 solutionem

1972 1121 2251 1188 adhibere,
2276 1134 2442 1195 atque
2471 1127 2864 1183 obscuritatem
2892 1134 3187 1204 avertere.)
3214 1133 3356 1189 Cave
3374 1143 3555 1190 autem

1973 1222 2155 1283 putes,
2186 1231 2272 1270 me
2303 1218 2593 1274 verborum
2618 1222 3124 1292 metaphoricorum
3179 1222 3338 1280 usum
3376 1228 3557 1282 inter-

1969 1308 2154 1361 dicere
2183 1325 2199 1361 :
2239 1317 2324 1363 est
2354 1309 2502 1363 enim
2539 1311 2698 1366 nobis
2718 1313 2916 1367 horum
2950 1314 3140 1369 innata
3179 1315 3553 1384 familiaritas,

1968 1414 2079 1454 non
2106 1399 2291 1456 minus
2328 1404 2725 1471 propemodum
2756 1421 2920 1476 quam
2949 1421 3139 1462 eorum
3174 1424 3296 1478 qua:
3332 1411 3556 1480 proprio

1969 1510 2133 1549 sensu
2165 1494 2484 1551 efferuntur.
2516 1497 2593 1552 Ac
2635 1498 2680 1552 si
2711 1499 2839 1569 quis
2879 1499 2997 1569 ejus
3047 1502 3263 1571 generis
3302 1504 3463 1558 verba
3488 1520 3556 1559 ex

1970 1586 2075 1639 hoc
2106 1587 2245 1655 ipso,
2281 1587 2375 1656 qui
2403 1587 2457 1640 in
2482 1590 2738 1645 manibus
2761 1599 2866 1657 est,
2919 1600 3173 1659 tractatu,
3213 1594 3297 1648 vel
3337 1610 3367 1649 a
3408 1595 3557 1650 Scri—

1968 1686 2248 1745 pturarum
2280 1680 2629 1734 enarratione
2667 1683 3025 1749 submoveat,
3067 1687 3365 1753 praesertim
3403 1686 3557 1743 valde

1966 1766 2168 1821 similia
2197 1781 2262 1821 ac
2292 1769 2542 1836 proxima
2574 1768 2704 1835 illis,
2739 1785 2975 1838 quorum
3004 1775 3189 1830 nullus
3212 1784 3402 1845 tropus
3431 1787 3553 1844 est;

1965 1858 2013 1912 is
2050 1858 2193 1912 haud
2225 1860 2401 1916 multo
2450 1861 2634 1916 secius
2678 1863 2846 1918 arctis
2886 1865 3180 1920 admodum
3207 1869 3407 1925 ﬁnibus
3436 1887 3555 1925 ser-

1965 1949 2144 2004 monis
2174 1965 2336 2005 usum
2368 1952 2677 2008 concludat.
2708 1953 2849 2019 Quin
2888 1956 3026 2010 adeo
3054 1959 3240 2013 multae
3280 1975 3369 2015 res
3405 1971 3555 2027 sunt,

1963 2053 2104 2107 quas
2132 2055 2200 2096 ne
2240 2042 2476 2096 nomine
2507 2042 2726 2111 quidem
2759 2045 3034 2114 appellare
3066 2062 3387 2114 possumus,
3448 2049 3555 2103 nisi

1960 2134 2271 2202 proprietas
2301 2134 2588 2189 nominum
2617 2136 2810 2205 procul
2836 2152 2937 2192 usu
2973 2139 3297 2207 quotidiano
3321 2140 3555 2195 submo-

1958 2233 2173 2279 veatur.
2211 2223 2352 2294 Ergo
2387 2241 2495 2280 non
2525 2226 2652 2282 licet
2686 2227 3000 2283 inutilitatis
3030 2244 3294 2284 accusare
3324 2232 3555 2287 nomina

1957 2313 2072 2378 illa,
2095 2329 2220 2384 quae
2263 2330 2295 2368 a
2349 2316 2675 2386 metaphora
2729 2317 2997 2388 originem
3038 2319 3295 2374 ducunt:
3329 2322 3426 2376 sed
3468 2322 3554 2377 vis

1956 2406 2142 2475 potius
2187 2406 2459 2477 cujusque
2509 2409 2763 2464 vocabuli
2824 2412 3210 2480 cognoscenda
3277 2423 3383 2477 est,
3442 2414 3559 2470 sive

1957 2501 2176 2570 proprie
2200 2502 2476 2570 usurpati,
2502 2503 2617 2556 sive
2636 2517 2761 2557 cum
2794 2503 2975 2573 aliqua
3010 2505 3370 2560 translatione
3390 2508 3557 2571 rebus

1956 2591 2220 2662 impositi.
2260 2593 2440 2661 Atque
2472 2593 2652 2648 verbis
2688 2594 2953 2649 utendum
2986 2604 3072 2650 est
3099 2606 3267 2666 prout
3309 2614 3554 2654 consue-

1962 2686 2095 2738 tudo
2132 2683 2261 2748 fert,
2296 2699 2406 2739 non
2440 2694 2624 2739 autem
2656 2685 2874 2740 illorum
2901 2687 3279 2755 signiﬁcantia:
3312 2690 3379 2743 ad
3408 2705 3562 2744 eam.

1955 2776 2079 2830 dem
2115 2784 2371 2830 naturam
2402 2777 2731 2832 necessitate
2758 2778 3017 2848 cogendae
3062 2792 3118 2834 et
3165 2782 3555 2837 convolveudte

1958 2876 2106 2921 sunt.
2136 2867 2278 2921 Hinc
2311 2868 2457 2922 enim
2490 2870 2670 2938 magni
2700 2871 2950 2925 orientur
3000 2886 3241 2939 errores,
3281 2889 3346 2927 ac
3378 2873 3549 2928 dubia

1958 2959 2165 3029 passim
2186 2970 2503 3029 emergant;
2539 2976 2662 3029 quae
2687 2962 2909 3030 quidem
2950 2978 3134 3017 veram
3163 2965 3370 3018 nullam
3420 2980 3550 3034 per-

1886 3079 1929 3136 c
1964 3051 2274 3120 plexitatem
2310 3052 2680 3119 exhibebunt,
2722 3063 3102 3110 verumtamen
3134 3057 3204 3111 ob
3241 3058 3548 3112 absurdum

1965 3143 2374 3212 signiﬁcatuum
2397 3159 2558 3199 usum
2581 3186 2599 3213 ,
2635 3146 2685 3198 hi
2724 3146 2819 3215 qui
2856 3147 2927 3200 ita
2953 3148 3219 3202 vocabula
3256 3158 3551 3218 usurpant,

1965 3247 2073 3286 non
2112 3242 2220 3287 tam
2264 3233 2387 3290 aliis
2417 3248 2581 3303 quam
2618 3234 2720 3290 sibi
2749 3235 3123 3293 dubitationes
3152 3240 3439 3295 creabuut.

2034 3396 2085 3450 6.
2119 3395 2367 3465 Exempli
2385 3396 2559 3466 gratia
2579 3404 2745 3452 testes
2774 3394 3090 3468 (martyres)
3118 3398 3425 3453 vocitamus
3455 3415 3553 3455 eos

1964 3488 2060 3559 qui
2089 3503 2186 3559 pro
2210 3486 2431 3545 Christo
2453 3497 2733 3543 certamen
2763 3489 3076 3555 subierunt,
3100 3505 3305 3560 eosque
3331 3494 3554 3562 sangui-

1966 3596 2088 3634 nem
2123 3594 2285 3634 suum
2324 3579 2594 3635 obtulisse
2632 3579 2744 3633 Deo
2766 3580 3023 3635 dicimus.
3046 3578 3317 3636 Praeclare
3346 3582 3398 3636 id
3428 3584 3556 3653 qui-

1964 3670 2089 3725 dem
2114 3678 2167 3725 et
2196 3671 2392 3725 merito
2423 3688 2437 3724 :
2470 3670 2563 3725 sed
2605 3680 2790 3725 tamen
2828 3671 2949 3726 sine
2988 3672 3309 3743 metaphora
3356 3682 3555 3728 neutra

1965 3763 2171 3818 locutio
2216 3771 2320 3817 est.
2356 3761 2491 3816 Nam
2545 3761 2673 3833 quia
2722 3762 2943 3832 politica
2996 3765 3339 3819 consuetudo
3388 3773 3554 3819 testes

1970 3854 2208 3924 appellat
2252 3869 2350 3909 eos
2392 3854 2487 3924 qui
2528 3855 2597 3908 ad
2633 3852 3070 3909 conﬁrmandam
3107 3856 3553 3926 quotidianarum

1967 3962 2149 4002 rerum
2180 3947 2468 4002 veritatem
2497 3947 2718 4011 adsunt,
2759 3946 3032 4017 ﬁdemque
3065 3957 3335 4019 quatenus
3369 3948 3555 4004 sciunt

1964 4037 2314 4107 suppeditant
2363 4036 2569 4106 judicio
2625 4036 2988 4099 certantibus.
3044 4037 3266 4099 horum,
3303 4038 3549 4106 inquam,

1966 4126 2217 4198 exemplo
2243 4127 2526 4197 religionis
2559 4142 2781 4197 quoque
2826 4127 3049 4183 athletis
3096 4128 3315 4182 teStium
3348 4141 3548 4181 nomen

1966 4219 2352 4292 imposuimus.
2385 4217 2600 4273 Etenim
2638 4220 2693 4273 hi
2726 4235 2919 4275 revera
2952 4220 3373 4274 substantialem
3402 4220 3547 4275 veri-

1966 4327 2130 4371 tatem
2160 4313 2461 4382 theologica
2479 4313 2732 4367 oratione
2754 4328 2939 4368 coram
2967 4313 3219 4384 tyrannis
3238 4328 3302 4367 ac
3324 4315 3547 4383 regibus

272 4432 425 4484 ματα
453 4415 532 4484 τῷ
558 4416 779 4486 Χριστῷ
803 4434 1005 4486 φαμεν,
1042 4419 1462 4488 μετενεγκόντες
1486 4420 1587 4489 τὴν
1616 4438 1858 4493 προσφο-

1965 4405 2150 4462 testati
2183 4414 2335 4461 sunt.
2371 4402 2594 4473 ﬂosque
2644 4403 2911 4457 obtulisse
2953 4403 3178 4457 Christo
3226 4405 3546 4474 sanguinem

272 4504 378 4575 ρὰν
408 4507 503 4575 ἀφ’
531 4500 605 4561 ὧν
636 4524 694 4560 τε
724 4509 889 4560 Ἀϐελ
915 4509 1168 4571 ὀδίκαιος
1204 4509 1273 4562 τά
1310 4510 1419 4562 τῶν
1448 4510 1630 4581 ἀρνῶν
1664 4514 1859 4565 ὲστεα-

269 4598 515 4668 τωμένα,
562 4602 656 4654 καὶ
713 4601 969 4671 Ἀϐραὰμ
1013 4604 1084 4655 τὰ
1129 4604 1562 4673 διχοτομήματα,
1597 4604 1692 4657 καὶ
1733 4604 1861 4670 τοὺς

268 4692 475 4764 ἄρτους
512 4693 607 4746 καὶ
632 4693 724 4746 τὸν
746 4691 888 4747 οἶνον
914 4695 942 4746 ὀ
981 4694 1317 4765 Μελχισεδὲκ
1347 4696 1426 4766 τῷ
1482 4697 1734 4768 Ἀϐραάμ
1762 4713 1777 4729 ·
1810 4698 1860 4749 εί

274 4783 462 4854 βούλει
496 4785 553 4838 δὲ
580 4787 673 4839 καὶ
704 4787 804 4856 τὴν
837 4787 1072 4856 δεκάτην
1093 4789 1171 4857 τῷ
1196 4789 1531 4859 Μελχισεδὲκ
1566 4792 1594 4842 ὀ
1632 4791 1861 4860 προσδε-

268 4873 901 4947 ξιωθεὶς.προσενὴνοχε
926 4894 940 4909 ’
995 4878 1091 4932 καὶ
1136 4878 1296 4948 δῆλον
1342 4880 1417 4943 ὡς
1470 4880 1703 4943 ἕκαστος
1745 4881 1858 4935 τῶν

271 4966 787 5034 προσενεγκάντων,
842 4968 1029 5040 ἕτερον
1072 4970 1418 5039 προσήνεγκε
1460 4972 1593 5042 παρ’
1638 4972 1854 5035 ἑαυτὸν,

268 5058 368 5109 καὶ
400 5056 568 5127 μηδὲν
608 5058 833 5127 ἀνιαρὸν
874 5059 1261 5129 ὑφιστάμενος,
1290 5061 1410 5114 οὐδέ
1440 5079 1493 5115 τι
1534 5061 1643 5117 τῶν
1680 5061 1857 5132 μελῶν

269 5149 740 5219 περικοπτόμενος
768 5167 784 5183 ·
829 5153 876 5205 oi
916 5152 974 5206 δὲ
1007 5153 1101 5206 τοῦ
1144 5154 1383 5224 Χριστοῦ
1419 5155 1695 5225 μάρτυρες
1732 5153 1855 5207 οὔτε

266 5257 325 5292 τι
368 5243 772 5312 κεχωρισμένον
808 5247 1224 5316 προσήνεγκαν,
1252 5247 1361 5299 οὐδ’
1404 5248 1637 5311 ἀπαθεῖς
1677 5248 1736 5301 τὸ
1757 5247 1858 5301 σῶ-

272 5350 352 5402 μα
379 5335 785 5404 προσφέροντες
818 5336 1043 5404 ἔμειναν
1074 5354 1087 5366 ·
1128 5338 1245 5391 ἀλλ’
1281 5340 1400 5392 οὐδὲ
1432 5340 1723 5407 κληθέντες
1752 5340 1858 5393 ὑπό

268 5439 436 5487 τινος,
474 5427 773 5495 μαρτυρεῖν
802 5429 1191 5498 ἐφεστήκασιν,
1225 5429 1339 5481 ἀλλ’
1366 5418 1685 5499 αύτοκλήτῳ
1716 5429 1857 5497 γνὼ-

273 5533 350 5587 μη
395 5516 497 5585 τὴν
547 5515 870 5587 θαυμαστὴν
901 5521 1118 5591 ἐκείνην
1148 5521 1243 5574 καὶ
1269 5521 1518 5589 θεόλογον
1546 5521 1858 5591 μαρτυρίαν

267 5606 663 5677 ἐμαρτύρησαν
696 5622 710 5636 ⁶
741 5609 900 5673 εἴτις
926 5610 1018 5663 οῦν
1049 5611 1123 5680 μὴ
1154 5611 1460 5675 διαστείλας
1500 5612 1569 5664 τὰ
1599 5611 1694 5664 τοῦ
1724 5612 1856 5683 μάρ-

266 5716 429 5773 τυρος
452 5701 828 5772 σημαινόμενα
854 5745 867 5770 ,
896 5703 988 5758 ἐπὶ
1022 5702 1253 5777 θατέρου
1285 5704 1352 5759 τὰ
1381 5704 1474 5759 τοῦ
1499 5705 1683 5773 ἑτέρου
1720 5722 1854 5776 συμ-

1963 4501 2221 4564 dicimus,
2252 4497 2573 4567 metaphora
2604 4496 2902 4550 oblationis
2933 4512 2999 4551 ex
3028 4495 3359 4567 Abelejusto
3393 4512 3549 4552 sum-

1964 4603 2075 4663 pta,
2113 4592 2205 4663 qui
2246 4592 2481 4646 arietum
2513 4590 2737 4659 adipes;
2769 4600 2825 4642 et
2855 4604 2924 4643 ex
2968 4589 3303 4653 Abrahamo,
3333 4590 3425 4658 qui
3458 4589 3546 4643 di-

1961 4686 2109 4740 visas
2130 4698 2353 4749 carnes;
2379 4698 2479 4737 nec
2503 4696 2611 4736 non
2634 4698 2665 4735 a
2690 4680 3101 4745 Melchisedeco,
3122 4680 3545 4751 quiAbrahamo

1960 4793 2132 4849 panes
2164 4786 2219 4831 et
2250 4776 2438 4831 vinum
2472 4775 2705 4840 obtulit;
2737 4775 2848 4828 imo
2886 4785 2941 4829 et
2963 4774 3031 4828 ab
3068 4774 3174 4829 hoe
3205 4775 3297 4844 qui
3358 4790 3545 4829 susce-

1961 4881 2179 4942 ptarum
2204 4886 2387 4925 rerum
2424 4870 2667 4925 decimas
2695 4867 3092 4923 Melchisedeeo
3121 4869 3388 4924 attribuit.
3410 4871 3544 4947 Cera

1959 4963 2146 5018 nimus
2174 4971 2353 5016 autem
2387 4962 2633 5032 singulos
2674 4962 2777 5015 hos
2814 4977 2931 5016 rem
2977 4978 3006 5016 a
3037 4962 3234 5031 seipsis
3268 4962 3541 5017 diversam

1957 5058 2256 5122 obtulisse,
2304 5056 2441 5110 nihil
2473 5057 2767 5110 molestum
2814 5070 3049 5126 passos,
3111 5056 3383 5126 nullisque
3425 5057 3542 5113 suis

1958 5149 2223 5204 membris
2250 5149 2489 5205 amissis.
2540 5149 2705 5219 Atqui
2739 5149 2944 5205 Christi
2984 5162 3253 5222 martyres
3301 5152 3436 5207 nihil
3471 5153 3541 5206 ab

1958 5257 2018 5298 se
2043 5243 2280 5297 alienum
2311 5242 2700 5308 exhibuerunt,
2732 5258 2909 5313 neque
2937 5243 3068 5299 dum
3114 5244 3164 5296 id
3207 5245 3538 5299 sacriﬁcium

1959 5335 2222 5400 iacerent,
2250 5334 2549 5389 incolumia
2579 5350 2809 5403 corpora
2836 5336 3198 5390 retinuerunt.
3227 5336 3331 5391 Sed
3362 5350 3541 5403 neque

1958 5428 2027 5482 ab
2075 5428 2261 5497 aliquo
2296 5428 2554 5497 postulati
2611 5428 2925 5483 testimonio
2955 5428 3190 5483 dicendo
3221 5426 3535 5490 adfuerunt,

1960 5534 2150 5573 verum
2192 5519 2295 5587 ipsi
2324 5529 2631 5589 spontaneo
2652 5520 2883 5575 consilio
2911 5521 3111 5574 mirum
3144 5519 3275 5572 illud
3324 5516 3536 5571 theolo-

1960 5612 2255 5682 gicumque
2280 5612 2652 5668 testimonium
2691 5615 3060 5682 praebuerunt.
3114 5609 3170 5663 Si
3212 5607 3335 5677 quis
3375 5607 3536 5678 igitur

1962 5705 2296 5763 indistinctis
2330 5706 2585 5763 vocabuli
2629 5708 2775 5761 testis
2818 5702 3246 5777 sigttiﬁcatibus,
3290 5701 3536 5755 alterutri
