3830 6210
408 245 514 308 183

1563 243 1828 305 ΡΗΟΤΙΙ
1858 244 1975 305 PA'J

2092 246 2368 306 ARCHE
2408 247 2520 308 ΟΡ.
3545 251 3629 326 186

404 359 456 413 id
486 353 927 412 accommodabit
977 353 1123 424 quod
1171 353 1403 412 alterius
1442 364 1567 418 est,
1615 372 1798 412 nonne
1827 371 1975 413 aures

2090 359 2336 425 διδάξειν
2358 359 2746 429 φιλονεικήσει,
2776 355 2867 429 ἄρ’
2895 357 2998 412 οῦκ
3021 357 3283 430 ἐκπλήσει
3313 361 3537 434 ἀποριῶν
3574 375 3632 426 τὰ

402 450 802 520 imperitiorum
831 448 1233 519 quastionibus
1255 449 1555 506 onerabit?
1595 448 1783 520 Neque
1811 451 1975 506 miuu:

2097 448 2212 504 ὦτα
2245 451 2354 504 τῶν
2392 452 2747 523 ἀπειρότερον
2796 451 3131 517 ἀκουόντων;
3163 453 3385 525 σφαλείη
3414 457 3467 510 δὲ
3504 462 3633 516 οὐδὲν

401 543 522 613 ipse
549 557 609 596 se
631 541 806 605 fallet,
852 542 982 596 dum
1015 555 1075 597 se
1101 543 1461 610 quaestionem
1507 544 1560 597 in
1587 544 1827 598 medium
1862 559 1992 613 pro-

397 634 541 689 ferre
562 633 854 704 judicabit.
885 649 1053 702 quam
1086 647 1279 702 reapse
1323 649 1432 688 non
1474 651 1656 689 rerum
1703 635 1993 689 difficultas

397 726 643 790 exhibet,
665 727 759 780 sed
783 725 957 795 ipsius
988 725 1245 794 imperita
1265 727 1660 781 vocabulorum
1681 726 1989 795 usurpatio.

399 817 552 872 Dicet
575 818 723 871 enim
759 818 848 872 hic
882 817 1071 880 eti-am,
1105 824 1164 870 ut
1185 816 1345 872 facile
1367 827 1520 888 puto,
1557 818 1605 873 si
1652 826 1820 872 testes
1853 832 1992 871 san-

395 911 616 978 guinem
643 909 912 975 offerunt,
969 910 1098 979 quis
1134 911 1282 966 hunc
1321 910 1555 980 recipit?
1615 909 1673 964 Si
1714 910 1990 975 Christus,

404 1001 687 1069 quomodo
711 1001 818 1056 dici
860 1011 1040 1070 potest
1071 1001 1312 1058 clemens
1361 1002 1450 1057 hic
1484 1003 1848 1072 sanguinibus
1888 1004 1991 1057 ho-

402 1093 613 1147 minum
641 1093 949 1149 delectari?
992 1093 1050 1148 Si
1079 1093 1331 1149 diabolus
1379 1096 1606 1164 recepit,
1662 1111 1894 1150 curnam
1950 1096 1987 1150 ii

397 1183 706 1239 voluissent
734 1201 894 1240 suum
940 1188 1084 1242 hosti
1125 1187 1448 1258 sanguinem
1487 1187 1694 1240 libare?
1749 1188 1984 1243 Ubinam

395 1289 528 1330 vero
545 1276 736 1346 judex,
771 1279 866 1348 qui
900 1295 1058 1348 aequo
1081 1279 1208 1348 jure
1237 1294 1362 1334 cum
1380 1280 1989 1353 disceptantibusagat?

398 1367 778 1438 Disceptantes
802 1381 1006 1437 autem,
1044 1387 1279 1441 quorum
1317 1373 1567 1427 alterutri
1597 1373 1754 1429 testis
1791 1375 1860 1430 ad
1899 1375 1984 1431 vi-

393 1463 620 1515 ctoriam
647 1463 1025 1517 testimonium
1055 1464 1170 1530 dat,
1207 1465 1434 1534 quinam
1463 1467 1632 1520 sunt?

466 1555 520 1610 7.
554 1554 846 1609 lunumera
874 1555 1147 1623 ejusmodi
1178 1572 1206 1610 a
1239 1557 1546 1612 forensibus
1573 1559 1804 1615 testibus
1831 1574 1983 1614 sum-

394 1654 482 1714 pta
515 1648 582 1699 ad
618 1661 814 1701 sacros
849 1648 1144 1703 transferet
1186 1658 1350 1703 testes
1376 1689 1390 1712 ,
1431 1651 1753 1721 quicunque
1796 1653 1981 1721 inepto

396 1736 583 1791 studio
631 1739 995 1807 quaestionum
1041 1748 1278 1805 tenetur,
1331 1749 1423 1796 aul
1459 1758 1620 1811 quem
1657 1744 1712 1797 in
1747 1758 1808 1799 re
1838 1745 1982 1800 seria

393 1827 611 1883 fabulas
644 1829 925 1885 venditare
955 1841 1050 1886 aut
1081 1832 1256 1902 jocari
1287 1850 1394 1889 non
1431 1837 1612 1904 pudet.
1657 1837 1824 1908 Atqui
1858 1854 1984 1908 per-

391 1918 570 1974 facilis
601 1919 808 1974 solutio
840 1930 944 1988 est,
971 1923 1018 1977 si
1047 1923 1114 1978 ad
1147 1925 1380 1993 primam
1406 1927 1818 1983 dubitationum
1850 1945 1973 2000 spe-

389 2011 532 2066 ciem
569 2011 820 2069 dicamus
842 2055 858 2080 ,
907 2015 1188 2071 Christum
1224 2019 1448 2088 quidem
1480 2021 1623 2075 haud
1652 2023 1981 2079 athletarum

392 2119 590 2160 cruore
621 2107 715 2162 sed
749 2117 933 2163 mente
973 2109 1301 2165 delectatum
1323 2153 1338 2176 ,
1391 2113 1591 2168 caedem
1624 2129 1812 2170 eorum
1848 2131 1982 2172 san-

391 2195 725 2266 guinemque
755 2197 1084 2254 exhaustum
1115 2203 1409 2272 recepisse.
1445 2203 1635 2276 Neque
1666 2207 1826 2263 facile
1869 2209 1979 2264 mi-

390 2300 499 2340 nus
527 2286 683 2342 dicas
703 2327 718 2350 ,
757 2303 928 2344 caesos
970 2290 1143 2346 fuisse
1173 2307 1274 2362 pro
1305 2294 1526 2350 Christo
1552 2305 1719 2353 testes
1764 2308 1820 2355 et
1847 2315 1980 2354 san-

391 2379 613 2448 guinem
645 2379 938 2450 effudisse;
999 2383 1055 2438 id
1113 2387 1262 2440 enim
1317 2389 1540 2458 proprie
1587 2391 1810 2459 dicitur,
1870 2409 1978 2448 non

393 2469 648 2538 ﬁgurate.
687 2470 891 2528 Verum
930 2475 1200 2532 dictiones
1251 2477 1553 2533 obtulerunt
1596 2491 1651 2537 et
1691 2484 1978 2552 oﬁ‘erebant

389 2569 446 2614 et
479 2560 600 2616 alia:
629 2561 942 2632 ejusmodi,
991 2567 1048 2621 iu
1095 2569 1277 2624 verbis
1317 2571 1598 2628 translatis
1625 2576 1982 2631 numeranda)

389 2661 543 2707 sunt.
579 2651 770 2723 Neque
803 2656 970 2726 igitur
1003 2663 1377 2716 necessarium
1419 2673 1502 2718 est
1534 2667 1824 2736 exquirere
1863 2670 1982 2724 cui-

390 2757 516 2796 nam
576 2744 874 2800 obtulerint
911 2766 926 2802 :
958 2748 1121 2804 sicuti
1175 2751 1312 2805 nihil
1363 2767 1500 2822 opus
1565 2764 1650 2809 est
1710 2772 1978 2826 quaerere,

388 2848 629 2902 quonam
659 2836 695 2889 ii
720 2848 882 2906 pacto
901 2839 1009 2894 dici
1037 2851 1244 2910 queant
1277 2843 1564 2911 obtulisse,
1593 2863 1828 2916 quorum
1855 2864 1982 2904 eor-

390 2942 526 2997 pora
577 2931 852 2987 exhausto
884 2937 1154 3006 sanguine
1187 2941 1499 2994 exanimata
1553 2940 1795 2996 fuerunt.
1831 2942 1981 3010 Quo-

2095 543 2317 597 ελαττον
2338 545 2498 608 αὐτὸς
2527 543 2764 614 ἀπορίαν
2793 543 3041 614 οἰόμενος
3069 544 3435 615 προκομίζειν,
3454 551 3516 620 ἢν
3550 555 3633 625 οὐχ

2095 636 2129 705 ἡ
2159 634 2268 687 τῶν
2298 635 2638 706 πραγμάτων
2665 635 2920 691 δυσκολία
2943 635 3237 706 παρέσχεν,
3262 637 3424 708 ἀλλ’ἢ
3451 642 3633 696 ἐκείνου

2093 726 2204 779 τῶν
2225 726 2507 794 ὀνομάτων
2538 727 2636 779 οὐκ
2663 729 2722 779 ὲν
2754 725 2952 795 γνώσει
2980 728 3345 798 μεταχείρισις
3365 745 3379 761 ο
3406 732 3513 802 ἐρεῖ
3545 736 3638 806 γὰρ

2098 815 2378 870 κάνταῦθα
2413 819 2564 888 ῥᾷον,
2605 817 2726 870 Τῶν
2759 816 3054 887 μαρτύρων
3099 821 3558 894 προσενεγκάντων
3585 828 3638 879 τὸ

2091 902 2252 976 αἷμα,
2289 909 2371 971 τίς
2411 911 2439 960 6
2467 908 2940 978 προσδεξάμενος;
2986 909 3050 962 Εἰ
3083 925 3178 979 μεν
3204 912 3311 981 γὰρ
3346 913 3374 964 6
3412 915 3634 985 Χριστὸς,

2089 1001 2186 1051 καὶ
2215 999 2334 1063 πῶς
2365 1002 2393 1053 6
2421 1000 2803 1072 φιλάνθρωπος
2830 1000 3137 1072 ἀνθρώπων
3171 1003 3394 1073 αἴμασιν
3419 1007 3638 1076 ὲπαγάλ-

2089 1089 2279 1157 λεταις
2309 1091 2359 1143 εί
2390 1091 2434 1145 δ’
2465 1093 2493 1145 6
2515 1092 2770 1162 πονηρὸς,
2801 1094 2896 1145 καὶ
2925 1093 3044 1156 πῶς
3071 1095 3362 1166 ἠνέσχοντο
3388 1098 3462 1169 τῷ
3481 1101 3639 1173 ἐχθρῷ

2087 1181 2149 1234 τὺ
2181 1183 2383 1236 οἰκεῖον
2404 1177 2544 1253 αίμα
2571 1185 2901 1238 σπείσασθαι
2929 1204 2943 1252 ;
2971 1187 3075 1240 ποῦ
3098 1189 3144 1240 δ’
3172 1191 3201 1242 6
3231 1194 3441 1261 κριτὴς,
3473 1193 3528 1256 ὃς
3557 1196 3641 1266 τὴν

2090 1271 2211 1342 ῖσην
2241 1271 2466 1344 γνώμην
2504 1277 2619 1336 τοῖς
2652 1276 2998 1346 κρινομένοις
3033 1277 3340 1349 διένειμεν;
3371 1283 3420 1334 oi
3448 1283 3502 1336 δὲ
3536 1301 3642 1354 κριο

2085 1365 2320 1434 νόμενοι,
2356 1360 2431 1419 ὧν
2478 1370 2506 1420 6
2533 1368 2743 1438 μάρτυς
2783 1369 2998 1441 θατέρῳ
3045 1371 3144 1443 τὴν
3187 1375 3280 1426 ἐπὶ
3333 1373 3452 1446 νίκη
3492 1377 3643 1448 ῥοπὴν

2085 1461 2391 1528 παρασχεῖν
2411 1461 2705 1530 ἐφέστηκε,
2741 1462 2888 1517 τίνες
2906 1478 2921 1524 ;

2157 1546 2225 1610 ζ’.
2256 1549 2368 1602 Καὶ
2388 1550 2530 1602 πόσα
2558 1550 2624 1602 ἀν
2654 1568 2740 1614 τις
2783 1552 3014 1606 τοιαῦτα
3052 1553 3237 1606 λαϐὼν
3269 1555 3377 1608 ἀπὸ
3396 1555 3500 1610 τῶν
3520 1558 3643 1612 κατὰ

2081 1640 2182 1712 τὴν
2211 1641 2489 1695 πολιτείαν
2521 1642 2812 1714 μαρτύρων
2839 1646 2930 1697 ἐπὶ
2963 1648 3090 1709 τοὺς
3119 1645 3402 1714 θεολόγους
3421 1648 3642 1704 διαδισάο

2016 1727 2056 1782 Β
2087 1748 2198 1788 σειε
2231 1735 2537 1802 μάρτυρας,
2654 1737 2886 1805 φορυτὸς
2917 1736 3058 1807 ἔρως
3090 1737 3356 1808 ἀποριῶν,
3382 1739 3472 1791 καὶ
3501 1741 3645 1808 μυθο-

2085 1821 2266 1890 λογεῖν
2299 1825 2393 1877 καί
2421 1825 2645 1889 παίζειν
2688 1828 2792 1880 κάν
2817 1830 2930 1891 τοῖς
2963 1830 3277 1893 σπουδαίοις
3322 1830 3642 1903 ἀνύϐριστον.

2085 1913 2198 1966 Καὶ
2235 1914 2345 1984 γὰρ
2391 1913 2544 1968 οὐδὲν
2577 1915 2738 1986 ἔργον
2784 1916 2924 1986 πρὸς
2954 1918 3014 1971 τὸ
3071 1917 3292 1988 πρῶτον
3321 1919 3502 1990 σχῆμα
3550 1918 3645 1973 τῶν

2083 2007 2460 2076 ἁπορημάτων
2518 2009 2715 2074 εἰπεῖν,
2754 2009 2833 2073 ώς
2876 2010 2999 2080 οὐχὶ
3036 2012 3114 2081 τῷ
3143 2011 3336 2083 αἵματι
3361 2011 3466 2065 τῶν
3495 2011 3646 2082 ἀθλη-

2083 2100 2214 2164 τῶν,
2243 2103 2308 2170 τῇ
2363 2100 2418 2154 δὲ
2463 2101 2664 2174 γνώμῃ
2700 2103 3169 2174 συναρεσκόμενος
3211 2107 3241 2158 6
3283 2104 3527 2176 Χριστὸς,
3564 2104 3648 2156 καὶ

2082 2189 2179 2260 τὴν
2238 2192 2452 2261 σφαγὴν
2511 2194 2608 2246 καὶ
2660 2194 2723 2246 τὸ
2774 2194 3012 2248 κενωθὲν
3069 2191 3212 2267 αἷμα
3261 2195 3607 2267 προσεδέξατο
3631 2212 3647 2228 ο

2083 2281 2274 2352 ὥσπερ
2302 2283 2426 2335 οὐδὲ
2446 2285 2506 2337 τὸ
2530 2285 2848 2354 ἐπενεγκεῖν
2877 2287 2954 2351 ὼς
2975 2289 3191 2359 ὲσςύιγη
3201 2305 3302 2342 σαν
3333 2287 3432 2359 μὲν
3451 2289 3499 2341 οἰ
3523 2288 3648 2358 μάρ-

2081 2396 2240 2450 τυρες
2264 2380 2406 2450 ὑπὲρ
2426 2381 2684 2452 Χριστοῦ,
2716 2383 2812 2436 καὶ
2844 2383 2906 2435 τὸ
2933 2377 3078 2452 αἷμα
3099 2383 3347 2455 ἐξέχεαν,
3373 2383 3526 2437 τοῦτο
3569 2401 3652 2437 κυ-

2086 2469 2215 2538 ρίως
2242 2470 2333 2522 καὶ
2365 2471 2424 2522 ού
2457 2472 2720 2541 τροπικόν
2739 2487 2754 2500 °
2783 2473 2845 2525 τὸ
2869 2473 2926 2526 δὲ
2957 2475 3351 2544 προσήνεγκαν
3376 2475 3468 2527 καὶ
3498 2490 3649 2545 προσ-

2081 2564 2276 2634 έφερον
2295 2563 2385 2616 καί
2406 2565 2474 2616 τά
2493 2563 2740 2628 τοιαῦτα,
2769 2565 3030 2636 ῥημάτων
3055 2567 3208 2620 ἐστὶν
3225 2565 3659 2636 ὲξοικειουμένων.

2080 2653 2178 2723 τὴν
2208 2653 2417 2723 τροπήν
2449 2669 2464 2684 ·
2509 2652 2706 2707 οὔκουν
2750 2655 2858 2708 οὐδ’
2897 2656 3200 2724 ἀναγκαῖον
3239 2657 3521 2726 ἐπιζητεῖν
3559 2655 3652 2708 τίνι

2083 2746 2500 2814 προσήνεγκανο
2539 2745 2727 2815 ῶσπερ
2765 2745 2888 2801 οὐδὲ
2917 2747 3102 2817 ζητεῖν
3135 2749 3260 2811 πῶς
3295 2750 3346 2801 οἰ
3370 2746 3654 2818 νεκρωθέν-

2081 2855 2173 2900 τες
2211 2837 2272 2890 τὸ
2309 2837 2470 2908 σῶμα
2502 2841 2570 2910 τῇ
2622 2838 2852 2891 κενώσει
2893 2839 2989 2892 τοῦ
3038 2841 3278 2908 αἵματος
3323 2839 3554 2895 δύναιντ’
3597 2837 3665 2892 ἂν.

2082 2933 2474 2999 προσενεγκεῖν
2503 2929 2760 2999 λέγεσθαι
2782 2946 2795 2958 ·
2823 2930 2939 2995 πῶς
2965 2932 3021 2984 δὲ
3046 2933 3412 3003 προσέφερον,
3436 2933 3532 3002 οὐχ
3553 2929 3657 2983 Ere-

389 3022 552 3075 modo
585 3025 730 3077 enim
763 3025 1062 3093 offerrent,
1103 3042 1227 3084 cum
1262 3031 1396 3084 nihil
1447 3047 1478 3086 a
1533 3048 1592 3088 se
1654 3035 1975 3090 distinctum

2086 3040 2177 3094 ρον
2210 3024 2596 3094 προσάγοντες,
2632 3023 2770 3093 ὅπερ
2799 3023 2917 3076 ἐστὶ
2941 3023 3051 3077 τῶν
3091 3025 3303 3095 κυρίως
3330 3022 3657 3096 προσφερόν-

388 3112 669 3180 afl‘errent,
706 3133 868 3173 secus
901 3135 966 3174 ac
1015 3119 1074 3175 fit
1103 3121 1294 3176 abillis
1323 3123 1415 3192 qui
1457 3125 1680 3193 proprie
1710 3126 1979 3181 offerunt?

391 3201 544 3270 llaec,
580 3207 831 3276 inquam,
860 3212 1046 3264 omnia
1080 3220 1365 3281 tantopere
1392 3215 1594 3268 absunt
1623 3231 1653 3269 a
1679 3215 1852 3270 forma
1879 3217 1983 3272 du-

388 3295 640 3362 bitativa,
670 3307 728 3350 ut
751 3299 1024 3368 negligere
1064 3303 1240 3356 satius
1279 3305 1466 3369 sit,er
1497 3303 1639 3359 forte
1665 3306 1762 3360 tibi
1797 3307 1982 3362 videa-

389 3401 512 3440 mur
545 3404 650 3442 uon
684 3388 956 3444 immerito
983 3391 1435 3460 reprehendendi,
1472 3397 1600 3463 quia
1629 3410 1754 3450 cum
1792 3398 1984 3452 luden-

392 3478 539 3534 tibus
569 3479 917 3537 dimicetnus.
956 3482 1093 3536 Nam
1127 3484 1289 3538 sicuti
1352 3484 1408 3538 in
1473 3502 1533 3541 re
1586 3488 1728 3541 seria
1787 3489 1981 3546 ludere

388 3570 640 3624 insanum
673 3583 778 3637 est,
820 3573 986 3628 sicin
1025 3573 1275 3631 ridiculis
1327 3577 1473 3633 serio
1521 3594 1682 3650 agere
1727 3581 1983 3652 dignissi-

389 3679 538 3717 ιιιιιιιι
562 3665 673 3719 risu
695 3675 798 3720 est.
830 3665 884 3720 Si
915 3683 1037 3737 quae
1058 3685 1187 3724 vero
1205 3671 1512 3727 locutiones
1540 3673 1739 3728 absunt
1760 3676 1978 3745 quidem

387 3771 421 3810 a
459 3756 744 3811 manifesta
782 3757 1152 3826 absurditate,
1209 3779 1387 3833 neque
1439 3776 1612 3820 semet
1662 3767 1794 3836 ipsa:
1833 3767 1981 3823 refu-

390 3858 543 3917 tant,
603 3851 698 3905 sed
755 3861 934 3905 tamen
974 3855 1444 3922 perturbationem
1488 3859 1980 3932 confusionemque

390 3940 688 3996 multorum
729 3942 959 3999 auribus
991 3955 1212 4012 creant,
1254 3947 1571 4004 hominibus
1607 3950 1860 4006 videlicet
1885 3953 1980 4021 qui

386 4034 701 4090 discernere
752 4036 1006 4092 nesciunt
1044 4039 1210 4095 verba
1262 4049 1421 4112 tropo
1471 4045 1748 4108 carentia,
1798 4045 1867 4099 ab
1909 4044 1978 4100 iis

386 4143 509 4196 qua:
549 4136 829 4197 troporum
866 4129 1075 4200 legibus
1103 4132 1439 4201 figurantur;
1470 4131 1704 4198 facilius,
1730 4135 1975 4206 inquam,

386 4229 470 4275 est
502 4219 546 4274 si
578 4220 899 4275 differentia:
943 4238 1134 4276 earum
1167 4225 1617 4287 considerentur,
1654 4226 1978 4296 propulsare

388 4326 453 4364 ac
481 4311 786 4367 dissolvere
810 4311 1118 4370 umbratilis
1147 4317 1539 4372 controversias
1591 4319 1971 4375 subtilitatem.

2082 3131 2227 3179 των;
2268 3117 2337 3168 τὰ
2363 3115 2470 3185 γὰρ
2509 3114 2730 3168 τοιαῦτα
2756 3115 3010 3169 τοσοῦτον
3049 3119 3250 3189 ἀπέχει
3287 3118 3385 3171 τοῦ
3424 3118 3659 3186 διαπορη-

2081 3208 2234 3261 τικοῦ
2267 3209 2462 3273 τύπου,
2497 3208 2570 3271 ὡς
2597 3208 2818 3278 ἄμεινον
2850 3211 3146 3281 ὑπεριδεῖν,
3182 3212 3261 3281 μή
3291 3227 3424 3264 ποτε
3454 3209 3558 3278 ἄρα
3588 3223 3658 3259 σοι

2083 3299 2324 3370 δόξωμεν
2359 3299 2800 3370 συμπλεκόμενοι
2834 3303 2947 3363 τοῖς
2993 3301 3310 3366 παίζουσιν,
3343 3301 3446 3354 οὐκ
3472 3297 3660 3364 ἔξωθεν

2082 3393 2178 3447 τοῦ
2233 3394 2442 3456 εἰκότος
2502 3392 2978 3447 συνδιαϐάλλεσθαι
3014 3410 3029 3424 ο
3087 3393 3284 3466 ὥσπερ
3325 3395 3438 3465 γάρ
3478 3395 3535 3445 ὲν
3559 3392 3660 3452 τοῖς

2085 3484 2397 3548 σπουδαίοις
2428 3484 2646 3548 παίζειν
2683 3485 2965 3552 ἀσύνετον,
3015 3485 3160 3540 οῦτω
3193 3487 3340 3559 πρὸς
3379 3487 3448 3540 τά
3471 3483 3663 3554 γελοιό-

2081 3595 2218 3650 τερα
2251 3578 2572 3642 σπουδάζειν
2591 3579 3008 3647 καταγέλαστον
3037 3597 3052 3609 ·
3087 3579 3156 3632 τὰ
3179 3581 3238 3633 δὲ
3263 3581 3366 3650 τῆς
3401 3575 3663 3651 ἐμφανοῦς

2085 3670 2186 3739 μὲν
2211 3670 2444 3733 ἀτοπίας
2468 3670 2564 3723 καί
2584 3669 2803 3723 οἴκοθεν
2830 3672 3065 3741 ἑχόντων
3097 3673 3192 3724 τὸν
3219 3672 3449 3742 ἔλεγχον
3477 3672 3662 3724 ἀνακε-

2082 3759 2395 3830 χωρηκότα,
2442 3759 2692 3830 ταραχὴν
2721 3759 2821 3828 μὲν
2859 3761 2954 3812 καὶ
3001 3760 3233 3832 θόρυϐον
3281 3761 3666 3831 προτεινόμενα

2081 3854 2201 3914 ταῖς
2229 3851 2337 3904 τῶν
2359 3851 2574 3906 πολλῶν
2603 3852 2814 3916 ἀκοαῖς,
2843 3853 2938 3905 καὶ
2965 3848 3048 3917 οἷς
3077 3854 3180 3907 οὐκ
3209 3853 3332 3908 ἔστι
3363 3853 3546 3924 κρίσις
3564 3852 3664 3904 δια-

2083 3943 2324 3995 στέλλειν
2353 3943 2460 3996 τῶν
2487 3943 2615 3998 ἀνευ
2640 3945 2851 4016 τροπῆς
2873 3945 3271 4015 προαγομένων
3297 3945 3517 4015 φωνῶν,
3555 3943 3616 4003 ἃς
3639 3943 3665 3992 ό

2079 4036 2178 4103 τῆς
2205 4035 2414 4104 τροπῆς
2447 4035 2611 4106 νόμος
2639 4037 3010 4108 ἐσχημάτισεν
3041 4052 3056 4068 ο
3094 4038 3222 4091 ἐπεὶ
3254 4039 3391 4108 ῥᾷόν
3421 4039 3539 4090 ἐστι
3559 4035 3666 4096 τοῖς

2078 4125 2141 4180 τὺ
2197 4126 2456 4200 διάφορον
2500 4128 2680 4183 αὐτῶν
2745 4130 3201 4200 ἐπεσκεμμένοις,
3263 4127 3668 4202 ἀποκρούεσθαι

2079 4219 2174 4271 καὶ
2228 4219 2466 4273 διαλύειν
2517 4220 2616 4290 τῆς
2661 4221 2926 4293 δοκούσης
2958 4222 3194 4293 ἀπορίας
3227 4222 3294 4276 τὸ
3336 4223 3663 4294 περίεργον·

2078 4311 2159 4365 δεῖ
2201 4312 2246 4366 δ’
2273 4312 2365 4367 οῦν
2392 4313 2571 4383 λέγειν
2599 4317 2696 4385 μὲν
2736 4313 2834 4378 τὰς
2864 4315 3049 4382 φωνάς
3093 4315 3190 4368 καὶ
3237 4315 3455 4370 τιθέναι
3485 4315 3569 4384 ἐφ’
3598 4306 3668 4368 ὧν

388 4400 696 4473 υειίεειιιίιε
712 4405 878 4472 igitur
903 4421 1066 4462 voces
1088 4416 1238 4477 sunt,
1262 4407 1704 4480 collocandaequc
1724 4427 1833 4480 quo
1853 4412 1972 4468 loco

2086 4405 2266 4476 ῳέρειν
2290 4405 2562 4474 εἰώθαμεν
2581 4423 2595 4437 ο
2629 4403 2829 4460 εἰδέναι
2843 4406 2902 4458 δὲ
2926 4407 2996 4460 τὰ
3018 4407 3260 4476 ἑκάτερα
3288 4407 3665 4478 παρεπόμενα,

387 4492 633 4550 adhiberi
665 4497 860 4551 solent.
897 4497 1050 4552 Scire
1067 4499 1236 4553 etiam
1273 4510 1487 4569 Oportet
1519 4509 1809 4572 utramque
1861 4503 1970 4557 cir-

387 4588 799 4653 cumstanliam,
841 4590 915 4643 ita
944 4598 1003 4643 ut
1027 4589 1271 4645 distincti
1313 4600 1603 4648 serventur
1628 4593 1970 4663 significatus

387 4688 439 4730 et
469 4680 795 4747 proprietas.
845 4678 984 4736 Hinc
1024 4684 1302 4751 specimen
1335 4694 1476 4740 esto.
1511 4683 1773 4740 Forensis
1819 4689 1972 4742 testis

387 4767 518 4822 dum
550 4769 646 4824 uni
693 4786 724 4824 e
773 4770 1205 4841 disceptantibus
1248 4773 1410 4842 favet,
1452 4775 1682 4832 alterum
1722 4777 1970 4848 iniquum

387 4861 637 4931 coarguit
664 4879 678 4916 :
709 4871 763 4916 at
792 4862 960 4932 judcx
990 4861 1210 4918 interim
1240 4881 1450 4936 aequam
1492 4868 1819 4923 sententiam
1868 4869 1972 4924 ho-

390 4954 631 5009 minibus
679 4955 878 5010 reddit.
912 4955 1113 5011 Verum
1159 4957 1215 5011 in
1265 4975 1421 5013 sacro
1465 4968 1601 5014 tcstc
1628 4961 1850 5016 ubinam
1883 4963 1974 5017 hic

391 5060 575 5098 rerum
609 5047 828 5100 status?
870 5047 954 5101 vel
994 5047 1264 5102 undenam
1309 5049 1479 5104 libera
1511 5051 1726 5107 dicendi
1777 5053 1974 5123 copia?

392 5136 607 5192 ltursus
653 5137 858 5194 athleta
913 5143 1292 5195 adversarium
1346 5142 1601 5198 manibus
1666 5147 1973 5218 pugnisque

392 5231 713 5298 verberans,
745 5248 810 5287 ac
846 5233 1082 5303 denique
1104 5250 1394 5304 superans,
1431 5235 1675 5292 victorize
1707 5253 1971 5293 coronam

393 5326 686 5395 impetrat:
717 5325 806 5380 hic
843 5335 1027 5381 autem
1071 5327 1165 5396 qui
1201 5328 1506 5396 percutitur
1535 5343 1602 5384 ac
1629 5329 1970 5394 vulneratur,

390 5419 722 5490 flammaque
753 5429 850 5474 aut
879 5421 1025 5476 ferro
1054 5420 1380 5476 interficitur
1400 5465 1414 5488 ,
1469 5422 1552 5476 vel
1598 5423 1721 5477 aliis
1754 5423 1970 5478 crucia-

391 5523 545 5567 tuurn
577 5513 890 5582 generibus,
937 5529 1060 5584 quae
1088 5515 1408 5569 carnificum
1437 5524 1630 5569 contra
1674 5515 1972 5570 humanam

390 5615 640 5660 naturam
671 5607 967 5663 crudelitas
989 5606 1059 5661 ob
1079 5607 1388 5662 enecandos
1417 5607 1669 5661 homines
1698 5609 1973 5675 exCOgita-

393 5696 489 5762 vit,
525 5696 632 5765 hic,
672 5699 917 5770 inquam,
951 5698 1191 5754 victoriae
1213 5711 1412 5754 corona
1437 5696 1756 5766 insignitur.
1792 5695 1971 5764 Atque

2079 4496 2174 4549 καὶ
2203 4497 2498 4564 φυλάττειν
2532 4497 2712 4551 αὐτῶν
2746 4496 3054 4566 ἀσύγχυτον
3097 4499 3193 4551 καὶ
3233 4498 3298 4551 τὸ
3333 4498 3669 4569 σημαινόμε-

2079 4603 2168 4638 νον
2198 4586 2292 4639 καὶ
2325 4587 2387 4639 τὸ
2417 4586 2614 4657 ἰδίωμα
2650 4601 2666 4618 ο
2702 4588 2840 4658 ὁρᾷνη
2856 4587 2912 4639 δὲ
2944 4587 3060 4640 ἔστι
3091 4586 3398 4641 κάντεῦθεν
3425 4605 3440 4620 ·
3465 4591 3494 4641 6
3529 4588 3667 4658 μάρ-

2076 4695 2172 4742 τυς
2197 4681 2226 4732 6
2264 4680 2542 4742 πολιτικὸς
2569 4679 2666 4732 ἕνα
2703 4681 2812 4732 τῶν
2839 4679 3214 4750 δικαζομένων
3259 4679 3556 4744 συνιστῶν,
3583 4679 3669 4733 τὸν

2078 4770 2264 4840 ἕτερον
2295 4771 2640 4842 συκοφάντην
2659 4773 2956 4842 άπελέγχει
2977 4771 3072 4825 τοῦ
3100 4771 3296 4842 κριτοῦ
3322 4773 3429 4844 τὴν
3449 4771 3672 4841 γνώμην

2079 4862 2202 4932 τσην
2249 4861 2598 4932 διανέμοντος
2639 4865 2754 4926 τοῖς
2783 4862 3099 4933 προσώποις
3131 4878 3147 4894 ο
3182 4865 3241 4915 ιν
3274 4863 3336 4916 δὲ
3373 4863 3458 4934 τῷ
3497 4861 3672 4918 θεολο-

2078 4957 2266 5026 γοῦντι
2298 4958 2558 5029 μάρτυρι,
2597 4957 2700 5012 ποῦ
2733 4960 2953 5030 σχέσις;
3018 4961 3052 5031 ἢ
3098 4959 3266 5014 πόθεν
3296 4962 3416 5033 ἔχει
3462 4961 3672 5032 παρρη-

2080 5051 2202 5103 σίαν
2249 5052 2283 5122 ἠ
2320 5051 2589 5123 τοιαύτης
2644 5052 2810 5107 πάλιν
2861 5055 2891 5106 6
2939 5053 3175 5125 ἀθλητὴς
3223 5054 3324 5108 τὸν
3380 5053 3673 5108 ἀντίπαλον

2080 5143 2236 5212 χερσὶ
2267 5143 2361 5207 καὶ
2406 5146 2656 5214 πυγμαῖς
2682 5144 2881 5209 παίων,
2928 5146 3024 5199 καὶ
3059 5146 3435 5217 κατακρατῶν
3472 5147 3556 5208 εἰς
3585 5143 3671 5196 τέ-

2078 5233 2188 5298 λος,
2225 5234 2319 5287 τοῦ
2362 5234 2643 5306 νικητικοῦ
2677 5237 2929 5305 τυγχάνει
2977 5237 3243 5308 στεφάνου
3279 5251 3296 5268 ⁸
3347 5235 3590 5297 ἐνταῦθα
3615 5232 3671 5287 δὲ

2082 5325 2413 5396 βαλλόμενός
2466 5343 2528 5380 τε
2583 5329 2678 5380 καὶ
2718 5327 3176 5397 τιτρωσκόμενος,
3206 5328 3303 5380 καὶ
3345 5327 3488 5398 πυρὶ
3517 5326 3673 5381 θανα-

2078 5419 2344 5488 τούμενος
2381 5419 2416 5490 ἢ
2466 5419 2691 5490 σιδήρῳ,
2717 5419 2750 5489 ἢ
2777 5420 2846 5474 δι’
2870 5413 2945 5472 ὧν
2991 5419 3165 5475 ἄλλων
3195 5421 3503 5491 ἐπενόησεν
3527 5420 3561 5489 ὴ
3581 5417 3674 5487 δή·

2085 5529 2204 5578 μιος
2239 5511 2460 5581 ὠμότης
2489 5512 2631 5565 κατά
2657 5513 2756 5582 τῆς
2798 5513 3145 5583 ἀνθρωπίνης
3175 5511 3401 5583 φύσεως
3423 5513 3556 5574 τοὺς
3580 5511 3673 5562 ἀν-

2082 5601 2333 5673 θρώπους
2386 5602 2675 5670 ἐξαγαγεῖν
2719 5603 2817 5671 τῆς
2867 5605 3032 5672 ζωῆς,
3069 5603 3137 5657 τὰ
3175 5604 3275 5672 τῆς
3315 5603 3478 5674 νίκης
3526 5603 3672 5654 ἐστὶν

2084 5695 2446 5764 ἀναδούμενος
2505 5695 2809 5765 διαδήματα
2841 5711 2858 5727 ι
2909 5698 2999 5748 καὶ
3034 5696 3126 5748 ἐπὶ
3165 5693 3382 5765 μυρίων
3431 5693 3608 5748 ἄλλων
3638 5706 3682 5757 η,
