  <div class='ocr_page' id='page_1' title='image "/cluster/home/n/w/nwhite01/storage/ocr_20150623/101 pt.1/mdp.39015061955830/114.png"; bbox 0 0 3864 6218; ppageno 0'>
   <div class='ocr_carea' id='block_1_1' title="bbox 193 291 286 358">
    <p class='ocr_par' dir='ltr' id='par_1_1' title="bbox 193 291 286 358">
     <span class='ocr_line' id='line_1_1' title="bbox 193 291 286 358; baseline -0.043 0"><span class='ocrx_word' id='word_1_1' title='bbox 193 291 286 358; x_wconf 81' lang='grc'><strong>185</strong></span> 
     </span>
    </p>
   </div>
   <div class='ocr_carea' id='block_1_2' title="bbox 1141 271 2489 350">
    <p class='ocr_par' dir='ltr' id='par_1_2' title="bbox 1141 271 2489 350">
     <span class='ocr_line' id='line_1_2' title="bbox 1141 271 2489 350; baseline 0.003 -11"><span class='ocrx_word' id='word_1_2' title='bbox 1141 279 1242 340; x_wconf 83' lang='lat' dir='ltr'><strong>AD</strong></span> <span class='ocrx_word' id='word_1_3' title='bbox 1272 271 1868 340; x_wconf 70' lang='lat' dir='ltr'><strong>AMPHILOCHIUM</strong></span> <span class='ocrx_word' id='word_1_4' title='bbox 1898 277 2246 350; x_wconf 71' lang='grc' dir='ltr'><strong>ΟΗιΈΞΤΙΟ</strong></span> <span class='ocrx_word' id='word_1_5' title='bbox 2281 281 2489 343; x_wconf 73' lang='lat' dir='ltr'><strong>XXIV.</strong></span> 
     </span>
    </p>
   </div>
   <div class='ocr_carea' id='block_1_3' title="bbox 3326 283 3426 350">
    <p class='ocr_par' dir='ltr' id='par_1_3' title="bbox 3326 283 3426 350">
     <span class='ocr_line' id='line_1_3' title="bbox 3326 283 3426 350; baseline 0.02 -3"><span class='ocrx_word' id='word_1_6' title='bbox 3326 283 3426 350; x_wconf 76' lang='lat'><strong>186</strong></span> 
     </span>
    </p>
   </div>
   <div class='ocr_carea' id='block_1_4' title="bbox 180 383 1750 467">
    <p class='ocr_par' dir='ltr' id='par_1_4' title="bbox 180 383 1727 467">
     <span class='ocr_line' id='line_1_4' title="bbox 180 383 1727 467; baseline -0.013 -11"><span class='ocrx_word' id='word_1_7' title='bbox 180 397 395 467; x_wconf 55' lang='grc' dir='ltr'><strong>’διαφορά</strong></span> <span class='ocrx_word' id='word_1_8' title='bbox 426 408 440 422; x_wconf 77' lang='grc' dir='ltr'><strong>ο</strong></span> <span class='ocrx_word' id='word_1_9' title='bbox 485 388 601 452; x_wconf 82' lang='grc' dir='ltr'><strong>πῶς</strong></span> <span class='ocrx_word' id='word_1_10' title='bbox 631 385 724 441; x_wconf 85' lang='grc' dir='ltr'><strong>οὖν</strong></span> <span class='ocrx_word' id='word_1_11' title='bbox 778 388 841 441; x_wconf 82' lang='grc' dir='ltr'><strong>οὐ</strong></span> <span class='ocrx_word' id='word_1_12' title='bbox 872 386 1181 458; x_wconf 84' lang='grc' dir='ltr'><strong>παράλογον</strong></span> <span class='ocrx_word' id='word_1_13' title='bbox 1213 390 1272 440; x_wconf 80' lang='grc' dir='ltr'><strong>ἐν</strong></span> <span class='ocrx_word' id='word_1_14' title='bbox 1323 385 1569 455; x_wconf 80' lang='grc' dir='ltr'><strong>ἑκατέρῳ</strong></span> <span class='ocrx_word' id='word_1_15' title='bbox 1618 383 1727 437; x_wconf 83' lang='grc' dir='ltr'><strong>τῶν</strong></span> 
     </span>
    </p>
   </div>
   <div class='ocr_carea' id='block_1_5' title="bbox 1854 383 3420 467">
    <p class='ocr_par' dir='ltr' id='par_1_5' title="bbox 1854 385 3420 462">
     <span class='ocr_line' id='line_1_5' title="bbox 1854 385 3420 462; baseline 0.01 -24"><span class='ocrx_word' id='word_1_16' title='bbox 1854 385 1953 440; x_wconf 68' lang='lat' dir='ltr'><strong>ili-az</strong></span> <span class='ocrx_word' id='word_1_17' title='bbox 1979 396 2241 456; x_wconf 70' lang='lat' dir='ltr'><strong>praeterea</strong></span> <span class='ocrx_word' id='word_1_18' title='bbox 2281 388 2582 443; x_wconf 70' lang='lat' dir='ltr'><strong>innumera:</strong></span> <span class='ocrx_word' id='word_1_19' title='bbox 2629 388 2954 446; x_wconf 75' lang='lat' dir='ltr'><strong>diﬂcreutize</strong></span> <span class='ocrx_word' id='word_1_20' title='bbox 3000 401 3149 450; x_wconf 86' lang='lat' dir='ltr'><strong>sunt.</strong></span> <span class='ocrx_word' id='word_1_21' title='bbox 3213 392 3420 462; x_wconf 81' lang='lat' dir='ltr'><strong>Quidni</strong></span> 
     </span>
    </p>
   </div>
   <div class='ocr_carea' id='block_1_6' title="bbox 188 477 1734 562">
    <p class='ocr_par' dir='ltr' id='par_1_6' title="bbox 188 477 1734 562">
     <span class='ocr_line' id='line_1_6' title="bbox 188 477 1734 562; baseline -0.011 -17"><span class='ocrx_word' id='word_1_22' title='bbox 188 479 571 562; x_wconf 73' lang='grc' dir='ltr'><strong>σημαινομένων</strong></span> <span class='ocrx_word' id='word_1_23' title='bbox 619 480 691 534; x_wconf 79' lang='grc' dir='ltr'><strong>τά</strong></span> <span class='ocrx_word' id='word_1_24' title='bbox 736 480 878 534; x_wconf 85' lang='grc' dir='ltr'><strong>αύτά</strong></span> <span class='ocrx_word' id='word_1_25' title='bbox 927 481 1111 550; x_wconf 78' lang='grc' dir='ltr'><strong>ζητεῖν</strong></span> <span class='ocrx_word' id='word_1_26' title='bbox 1152 479 1510 548; x_wconf 85' lang='grc' dir='ltr'><strong>ὲπιθεωρεῖν;</strong></span> <span class='ocrx_word' id='word_1_27' title='bbox 1553 477 1649 529; x_wconf 72' lang='grc' dir='ltr'><strong>καὶ</strong></span> <span class='ocrx_word' id='word_1_28' title='bbox 1697 478 1734 529; x_wconf 74' lang='grc' dir='ltr'>ἃ</span> 
     </span>
    </p>
   </div>
   <div class='ocr_carea' id='block_1_7' title="bbox 187 568 1735 653">
    <p class='ocr_par' dir='ltr' id='par_1_7' title="bbox 187 568 1735 653">
     <span class='ocr_line' id='line_1_7' title="bbox 187 568 1735 653; baseline -0.003 -27"><span class='ocrx_word' id='word_1_29' title='bbox 187 578 373 653; x_wconf 74' lang='grc' dir='ltr'><strong>προσῆν</strong></span> <span class='ocrx_word' id='word_1_30' title='bbox 401 573 476 643; x_wconf 87' lang='grc' dir='ltr'><strong>τῷ</strong></span> <span class='ocrx_word' id='word_1_31' title='bbox 506 571 698 643; x_wconf 74' lang='grc' dir='ltr'><strong>ἑτέρῳ,</strong></span> <span class='ocrx_word' id='word_1_32' title='bbox 725 572 796 625; x_wconf 73' lang='grc' dir='ltr'><strong>τὰ</strong></span> <span class='ocrx_word' id='word_1_33' title='bbox 836 571 979 626; x_wconf 76' lang='grc' dir='ltr'><strong>αὐτὰ</strong></span> <span class='ocrx_word' id='word_1_34' title='bbox 1020 568 1237 640; x_wconf 79' lang='grc' dir='ltr'><strong>θατέρῳ</strong></span> <span class='ocrx_word' id='word_1_35' title='bbox 1282 569 1606 640; x_wconf 76' lang='grc' dir='ltr'><strong>περιάπτειν</strong></span> <span class='ocrx_word' id='word_1_36' title='bbox 1639 569 1735 621; x_wconf 83' lang='grc' dir='ltr'><strong>ἐκ·-</strong></span> 
     </span>
    </p>
   </div>
   <div class='ocr_carea' id='block_1_8' title="bbox 188 666 477 735">
    <p class='ocr_par' dir='ltr' id='par_1_8' title="bbox 188 666 477 735">
     <span class='ocr_line' id='line_1_8' title="bbox 188 666 477 735; baseline -0.028 -9"><span class='ocrx_word' id='word_1_37' title='bbox 188 666 440 735; x_wconf 78' lang='grc' dir='ltr'><strong>ϐιάζεσθαι</strong></span> <span class='ocrx_word' id='word_1_38' title='bbox 462 681 477 730; x_wconf 87' lang='lat'><strong>;</strong></span> 
     </span>
    </p>
   </div>
   <div class='ocr_carea' id='block_1_9' title="bbox 243 752 1734 831">
    <p class='ocr_par' dir='ltr' id='par_1_9' title="bbox 243 752 1734 831">
     <span class='ocr_line' id='line_1_9' title="bbox 243 752 1734 831; baseline -0.007 -16"><span class='ocrx_word' id='word_1_39' title='bbox 243 769 306 831; x_wconf 87' lang='grc' dir='ltr'><strong>η’.</strong></span> <span class='ocrx_word' id='word_1_40' title='bbox 348 756 517 812; x_wconf 82' lang='grc' dir='ltr'><strong>Πολλά</strong></span> <span class='ocrx_word' id='word_1_41' title='bbox 545 755 644 825; x_wconf 83' lang='grc' dir='ltr'><strong>μὲν</strong></span> <span class='ocrx_word' id='word_1_42' title='bbox 671 753 764 808; x_wconf 76' lang='grc' dir='ltr'><strong>οὖν</strong></span> <span class='ocrx_word' id='word_1_43' title='bbox 812 755 924 808; x_wconf 83' lang='grc' dir='ltr'><strong>τῶν</strong></span> <span class='ocrx_word' id='word_1_44' title='bbox 961 755 1055 808; x_wconf 75' lang='grc' dir='ltr'><strong>ἐπὶ</strong></span> <span class='ocrx_word' id='word_1_45' title='bbox 1088 753 1363 824; x_wconf 75' lang='grc' dir='ltr'><strong>διαφόρων</strong></span> <span class='ocrx_word' id='word_1_46' title='bbox 1390 752 1734 824; x_wconf 71' lang='grc' dir='ltr'><strong>πραγμάτων</strong></span> 
     </span>
    </p>
   </div>
   <div class='ocr_carea' id='block_1_10' title="bbox 183 843 1738 921">
    <p class='ocr_par' dir='ltr' id='par_1_10' title="bbox 183 843 1738 921">
     <span class='ocr_line' id='line_1_10' title="bbox 183 843 1738 921; baseline -0.008 -12"><span class='ocrx_word' id='word_1_47' title='bbox 183 850 501 921; x_wconf 72' lang='grc' dir='ltr'><strong>ταττομένων</strong></span> <span class='ocrx_word' id='word_1_48' title='bbox 528 848 810 917; x_wconf 85' lang='grc' dir='ltr'><strong>ὀνομάτων</strong></span> <span class='ocrx_word' id='word_1_49' title='bbox 836 847 1255 916; x_wconf 81' lang='grc' dir='ltr'><strong>ἑμφανεστάτην</strong></span> <span class='ocrx_word' id='word_1_50' title='bbox 1283 845 1399 914; x_wconf 80' lang='grc' dir='ltr'><strong>ἔχει</strong></span> <span class='ocrx_word' id='word_1_51' title='bbox 1429 844 1527 914; x_wconf 78' lang='grc' dir='ltr'><strong>τὴν</strong></span> <span class='ocrx_word' id='word_1_52' title='bbox 1551 843 1738 911; x_wconf 72' lang='grc' dir='ltr'><strong>διαφοι-</strong></span> 
     </span>
    </p>
   </div>
   <div class='ocr_carea' id='block_1_11' title="bbox 187 937 1735 1019">
    <p class='ocr_par' dir='ltr' id='par_1_11' title="bbox 187 937 1735 1019">
     <span class='ocr_line' id='line_1_11' title="bbox 187 937 1735 1019; baseline -0.006 -21"><span class='ocrx_word' id='word_1_53' title='bbox 187 947 273 1019; x_wconf 82' lang='grc' dir='ltr'><strong>ράν</strong></span> <span class='ocrx_word' id='word_1_54' title='bbox 298 960 312 975; x_wconf 74' lang='grc'><strong><em>⁸</em></strong></span> <span class='ocrx_word' id='word_1_55' title='bbox 354 942 426 1004; x_wconf 85' lang='grc' dir='ltr'><strong>ὡς</strong></span> <span class='ocrx_word' id='word_1_56' title='bbox 489 939 625 1010; x_wconf 84' lang='grc' dir='ltr'><strong>μηδέ</strong></span> <span class='ocrx_word' id='word_1_57' title='bbox 685 955 810 993; x_wconf 89' lang='grc' dir='ltr'><strong>τινα</strong></span> <span class='ocrx_word' id='word_1_58' title='bbox 834 939 943 992; x_wconf 85' lang='grc' dir='ltr'><strong>τῶν</strong></span> <span class='ocrx_word' id='word_1_59' title='bbox 970 940 1051 1001; x_wconf 85' lang='grc' dir='ltr'><strong>είς</strong></span> <span class='ocrx_word' id='word_1_60' title='bbox 1081 940 1249 1010; x_wconf 80' lang='grc' dir='ltr'><strong>ἄκρον</strong></span> <span class='ocrx_word' id='word_1_61' title='bbox 1289 937 1671 1007; x_wconf 79' lang='grc' dir='ltr'><strong>ἀναισχυντίας</strong></span> <span class='ocrx_word' id='word_1_62' title='bbox 1701 937 1735 1006; x_wconf 84' lang='grc' dir='ltr'>ἢ</span> 
     </span>
    </p>
   </div>
   <div class='ocr_carea' id='block_1_12' title="bbox 183 1029 1742 1102">
    <p class='ocr_par' dir='ltr' id='par_1_12' title="bbox 183 1029 1742 1102">
     <span class='ocr_line' id='line_1_12' title="bbox 183 1029 1742 1102; baseline -0.008 -11"><span class='ocrx_word' id='word_1_63' title='bbox 183 1033 440 1094; x_wconf 81' lang='grc' dir='ltr'><strong>ἀσθενείας</strong></span> <span class='ocrx_word' id='word_1_64' title='bbox 473 1031 718 1102; x_wconf 74' lang='grc' dir='ltr'><strong>ἡκόντων</strong></span> <span class='ocrx_word' id='word_1_65' title='bbox 742 1032 913 1101; x_wconf 78' lang='grc' dir='ltr'><strong>χωρὶς</strong></span> <span class='ocrx_word' id='word_1_66' title='bbox 935 1030 1198 1101; x_wconf 80' lang='grc' dir='ltr'><strong>αίσχύνης</strong></span> <span class='ocrx_word' id='word_1_67' title='bbox 1229 1030 1262 1100; x_wconf 82' lang='grc' dir='ltr'>ἢ</span> <span class='ocrx_word' id='word_1_68' title='bbox 1293 1029 1579 1090; x_wconf 81' lang='grc' dir='ltr'><strong>εὐλαϐείας</strong></span> <span class='ocrx_word' id='word_1_69' title='bbox 1612 1045 1742 1099; x_wconf 80' lang='grc' dir='ltr'><strong>μετ.</strong></span> 
     </span>
    </p>
   </div>
   <div class='ocr_carea' id='block_1_13' title="bbox 180 1122 1734 1196">
    <p class='ocr_par' dir='ltr' id='par_1_13' title="bbox 180 1122 1734 1196">
     <span class='ocr_line' id='line_1_13' title="bbox 180 1122 1734 1196; baseline -0.005 -14"><span class='ocrx_word' id='word_1_70' title='bbox 180 1129 397 1194; x_wconf 83' lang='grc' dir='ltr'><strong>ενεγκεῖν</strong></span> <span class='ocrx_word' id='word_1_71' title='bbox 444 1125 538 1178; x_wconf 73' lang='grc' dir='ltr'><strong>ἐπὶ</strong></span> <span class='ocrx_word' id='word_1_72' title='bbox 591 1124 824 1196; x_wconf 85' lang='grc' dir='ltr'><strong>θάτερον</strong></span> <span class='ocrx_word' id='word_1_73' title='bbox 874 1123 912 1177; x_wconf 72' lang='grc' dir='ltr'><strong>ἃ</strong></span> <span class='ocrx_word' id='word_1_74' title='bbox 952 1123 1032 1194; x_wconf 88' lang='grc' dir='ltr'><strong>τῷ</strong></span> <span class='ocrx_word' id='word_1_75' title='bbox 1070 1123 1243 1194; x_wconf 79' lang='grc' dir='ltr'><strong>ἑτέρῳ</strong></span> <span class='ocrx_word' id='word_1_76' title='bbox 1287 1122 1690 1192; x_wconf 79' lang='grc' dir='ltr'><strong>διωμολόγηται</strong></span> <span class='ocrx_word' id='word_1_77' title='bbox 1721 1137 1734 1153; x_wconf 89' lang='grc'><strong>·</strong></span> 
     </span>
    </p>
   </div>
   <div class='ocr_carea' id='block_1_14' title="bbox 180 1218 1734 1292">
    <p class='ocr_par' dir='ltr' id='par_1_14' title="bbox 180 1218 1734 1292">
     <span class='ocr_line' id='line_1_14' title="bbox 180 1218 1734 1292; baseline -0.006 -14"><span class='ocrx_word' id='word_1_78' title='bbox 180 1224 329 1279; x_wconf 79' lang='grc' dir='ltr'><strong>πολλά</strong></span> <span class='ocrx_word' id='word_1_79' title='bbox 347 1222 400 1275; x_wconf 81' lang='grc' dir='ltr'><strong>δὲ</strong></span> <span class='ocrx_word' id='word_1_80' title='bbox 425 1219 656 1292; x_wconf 80' lang='grc' dir='ltr'>κρύφιον</span> <span class='ocrx_word' id='word_1_81' title='bbox 683 1220 839 1290; x_wconf 75' lang='grc' dir='ltr'><strong>φέρει</strong></span> <span class='ocrx_word' id='word_1_82' title='bbox 868 1219 965 1290; x_wconf 86' lang='grc' dir='ltr'><strong>τὴν</strong></span> <span class='ocrx_word' id='word_1_83' title='bbox 991 1219 1308 1289; x_wconf 78' lang='grc' dir='ltr'><strong>ἑτερότητα.</strong></span> <span class='ocrx_word' id='word_1_84' title='bbox 1341 1219 1416 1281; x_wconf 81' lang='grc' dir='ltr'><strong>ὼς</strong></span> <span class='ocrx_word' id='word_1_85' title='bbox 1443 1220 1471 1271; x_wconf 84' lang='grc' dir='ltr'><strong>ὁ</strong></span> <span class='ocrx_word' id='word_1_86' title='bbox 1498 1218 1734 1288; x_wconf 81' lang='grc' dir='ltr'><strong>μάρτυς,</strong></span> 
     </span>
    </p>
   </div>
   <div class='ocr_carea' id='block_1_15' title="bbox 177 1309 1742 1382">
    <p class='ocr_par' dir='ltr' id='par_1_15' title="bbox 177 1309 1742 1382">
     <span class='ocr_line' id='line_1_15' title="bbox 177 1309 1742 1382; baseline -0.002 -15"><span class='ocrx_word' id='word_1_87' title='bbox 177 1318 242 1378; x_wconf 86' lang='grc' dir='ltr'><strong>ὼς</strong></span> <span class='ocrx_word' id='word_1_88' title='bbox 264 1316 291 1367; x_wconf 83' lang='grc' dir='ltr'><strong>ὁ</strong></span> <span class='ocrx_word' id='word_1_89' title='bbox 319 1311 570 1381; x_wconf 77' lang='grc' dir='ltr'><strong>ἀθλητὴς,</strong></span> <span class='ocrx_word' id='word_1_90' title='bbox 602 1313 679 1376; x_wconf 81' lang='grc' dir='ltr'><strong>ὡς</strong></span> <span class='ocrx_word' id='word_1_91' title='bbox 706 1311 768 1365; x_wconf 84' lang='grc' dir='ltr'><strong>τὸ</strong></span> <span class='ocrx_word' id='word_1_92' title='bbox 799 1311 1016 1382; x_wconf 88' lang='grc' dir='ltr'><strong>λύτρον,</strong></span> <span class='ocrx_word' id='word_1_93' title='bbox 1051 1312 1129 1374; x_wconf 83' lang='grc' dir='ltr'><strong>ὡς</strong></span> <span class='ocrx_word' id='word_1_94' title='bbox 1158 1311 1220 1363; x_wconf 69' lang='grc' dir='ltr'><strong>τὸ</strong></span> <span class='ocrx_word' id='word_1_95' title='bbox 1252 1311 1537 1380; x_wconf 84' lang='grc' dir='ltr'><strong>τρόπαιον,</strong></span> <span class='ocrx_word' id='word_1_96' title='bbox 1570 1311 1646 1372; x_wconf 82' lang='grc' dir='ltr'><strong>ὡς</strong></span> <span class='ocrx_word' id='word_1_97' title='bbox 1675 1309 1742 1364; x_wconf 72' lang='grc' dir='ltr'><strong>τὰ</strong></span> 
     </span>
    </p>
   </div>
   <div class='ocr_carea' id='block_1_16' title="bbox 176 1394 1743 1474">
    <p class='ocr_par' dir='ltr' id='par_1_16' title="bbox 176 1394 1743 1474">
     <span class='ocr_line' id='line_1_16' title="bbox 176 1394 1743 1474; baseline -0.002 -16"><span class='ocrx_word' id='word_1_98' title='bbox 176 1404 258 1458; x_wconf 83' lang='grc' dir='ltr'><strong>τοῦ</strong></span> <span class='ocrx_word' id='word_1_99' title='bbox 283 1402 402 1474; x_wconf 75' lang='grc' dir='ltr'><strong>ᾅδου</strong></span> <span class='ocrx_word' id='word_1_100' title='bbox 443 1401 713 1472; x_wconf 87' lang='grc' dir='ltr'><strong>βασίλεια,</strong></span> <span class='ocrx_word' id='word_1_101' title='bbox 739 1401 816 1464; x_wconf 83' lang='grc' dir='ltr'><strong>ὡς</strong></span> <span class='ocrx_word' id='word_1_102' title='bbox 865 1401 1032 1471; x_wconf 89' lang='grc' dir='ltr'><strong>μυρία</strong></span> <span class='ocrx_word' id='word_1_103' title='bbox 1070 1400 1206 1453; x_wconf 77' lang='grc' dir='ltr'><strong>ἄλλα</strong></span> <span class='ocrx_word' id='word_1_104' title='bbox 1239 1401 1328 1470; x_wconf 71' lang='grc' dir='ltr'><strong>ἐφ’</strong></span> <span class='ocrx_word' id='word_1_105' title='bbox 1354 1394 1430 1454; x_wconf 80' lang='grc' dir='ltr'><strong>ὧν</strong></span> <span class='ocrx_word' id='word_1_106' title='bbox 1463 1401 1582 1454; x_wconf 73' lang='grc' dir='ltr'><strong>ἐστὶ</strong></span> <span class='ocrx_word' id='word_1_107' title='bbox 1611 1401 1743 1472; x_wconf 80' lang='grc' dir='ltr'><strong>ῥᾷον</strong></span> 
     </span>
    </p>
   </div>
   <div class='ocr_carea' id='block_1_17' title="bbox 176 1491 1744 1565">
    <p class='ocr_par' dir='ltr' id='par_1_17' title="bbox 176 1491 1744 1565">
     <span class='ocr_line' id='line_1_17' title="bbox 176 1491 1744 1565; baseline -0.003 -17"><span class='ocrx_word' id='word_1_108' title='bbox 176 1494 258 1548; x_wconf 85' lang='grc' dir='ltr'><strong>καὶ</strong></span> <span class='ocrx_word' id='word_1_109' title='bbox 283 1493 439 1548; x_wconf 83' lang='grc' dir='ltr'><strong>αὐτὸν</strong></span> <span class='ocrx_word' id='word_1_110' title='bbox 475 1493 743 1555; x_wconf 79' lang='grc' dir='ltr'><strong>πολλάκις</strong></span> <span class='ocrx_word' id='word_1_111' title='bbox 780 1493 1000 1562; x_wconf 82' lang='grc' dir='ltr'><strong>ἀπάτης</strong></span> <span class='ocrx_word' id='word_1_112' title='bbox 1037 1491 1223 1545; x_wconf 79' lang='grc' dir='ltr'><strong>λαϐεῖν</strong></span> <span class='ocrx_word' id='word_1_113' title='bbox 1245 1493 1345 1562; x_wconf 83' lang='grc' dir='ltr'><strong>τὴν</strong></span> <span class='ocrx_word' id='word_1_114' title='bbox 1377 1493 1744 1565; x_wconf 84' lang='grc' dir='ltr'><strong>ἀπορίαν-πα-</strong></span> 
     </span>
    </p>
   </div>
   <div class='ocr_carea' id='block_1_18' title="bbox 179 1582 1744 1660">
    <p class='ocr_par' dir='ltr' id='par_1_18' title="bbox 179 1582 1744 1660">
     <span class='ocr_line' id='line_1_18' title="bbox 179 1582 1744 1660; baseline -0.003 -21"><span class='ocrx_word' id='word_1_115' title='bbox 179 1586 499 1660; x_wconf 83' lang='grc' dir='ltr'><strong>ραδυόμενον,</strong></span> <span class='ocrx_word' id='word_1_116' title='bbox 553 1584 587 1654; x_wconf 83' lang='grc' dir='ltr'>ἢ</span> <span class='ocrx_word' id='word_1_117' title='bbox 623 1585 832 1656; x_wconf 76' lang='grc' dir='ltr'><strong>ἑτέροις</strong></span> <span class='ocrx_word' id='word_1_118' title='bbox 869 1583 968 1655; x_wconf 85' lang='grc' dir='ltr'><strong>τὴν</strong></span> <span class='ocrx_word' id='word_1_119' title='bbox 1001 1585 1220 1654; x_wconf 83' lang='grc' dir='ltr'><strong>ἀπάτην</strong></span> <span class='ocrx_word' id='word_1_120' title='bbox 1267 1585 1531 1654; x_wconf 80' lang='grc' dir='ltr'><strong>προάγειν</strong></span> <span class='ocrx_word' id='word_1_121' title='bbox 1565 1584 1625 1636; x_wconf 80' lang='grc' dir='ltr'><strong>ὲν</strong></span> <span class='ocrx_word' id='word_1_122' title='bbox 1666 1582 1744 1652; x_wconf 86' lang='grc' dir='ltr'><strong>τῷ</strong></span> 
     </span>
    </p>
   </div>
   <div class='ocr_carea' id='block_1_19' title="bbox 175 1674 1743 1747">
    <p class='ocr_par' dir='ltr' id='par_1_19' title="bbox 175 1674 1743 1747">
     <span class='ocr_line' id='line_1_19' title="bbox 175 1674 1743 1747; baseline -0.005 -13"><span class='ocrx_word' id='word_1_123' title='bbox 175 1679 464 1736; x_wconf 82' lang='grc' dir='ltr'><strong>λανθάνοντι</strong></span> <span class='ocrx_word' id='word_1_124' title='bbox 492 1692 508 1706; x_wconf 82' lang='grc'><strong><em>⁸</em></strong></span> <span class='ocrx_word' id='word_1_125' title='bbox 544 1677 628 1730; x_wconf 81' lang='grc' dir='ltr'><strong>δεῖ</strong></span> <span class='ocrx_word' id='word_1_126' title='bbox 655 1677 698 1729; x_wconf 86' lang='grc' dir='ltr'><strong>δ’</strong></span> <span class='ocrx_word' id='word_1_127' title='bbox 722 1674 817 1730; x_wconf 78' lang='grc' dir='ltr'><strong>οὖν</strong></span> <span class='ocrx_word' id='word_1_128' title='bbox 835 1677 900 1729; x_wconf 74' lang='grc' dir='ltr'><strong>ἐκ</strong></span> <span class='ocrx_word' id='word_1_129' title='bbox 923 1676 1032 1729; x_wconf 84' lang='grc' dir='ltr'><strong>τῶν</strong></span> <span class='ocrx_word' id='word_1_130' title='bbox 1058 1677 1480 1747; x_wconf 82' lang='grc' dir='ltr'><strong>ἑμφανεστάτην</strong></span> <span class='ocrx_word' id='word_1_131' title='bbox 1508 1675 1743 1744; x_wconf 77' lang='grc' dir='ltr'><strong>ἐχόντων</strong></span> 
     </span>
    </p>
   </div>
   <div class='ocr_carea' id='block_1_20' title="bbox 173 1769 1744 1842">
    <p class='ocr_par' dir='ltr' id='par_1_20' title="bbox 173 1769 1744 1842">
     <span class='ocr_line' id='line_1_20' title="bbox 173 1769 1744 1842; baseline -0.004 -16"><span class='ocrx_word' id='word_1_132' title='bbox 173 1772 258 1842; x_wconf 82' lang='grc' dir='ltr'><strong>τὴν</strong></span> <span class='ocrx_word' id='word_1_133' title='bbox 291 1770 647 1841; x_wconf 81' lang='grc' dir='ltr'><strong>παραλλαγὴν</strong></span> <span class='ocrx_word' id='word_1_134' title='bbox 677 1771 774 1824; x_wconf 80' lang='grc' dir='ltr'><strong>καὶ</strong></span> <span class='ocrx_word' id='word_1_135' title='bbox 810 1771 1094 1831; x_wconf 76' lang='grc' dir='ltr'><strong>παντελῶς</strong></span> <span class='ocrx_word' id='word_1_136' title='bbox 1120 1769 1441 1823; x_wconf 73' lang='grc' dir='ltr'><strong>ἐπιπόλαιον</strong></span> <span class='ocrx_word' id='word_1_137' title='bbox 1469 1771 1582 1821; x_wconf 81' lang='grc' dir='ltr'><strong>τῶν</strong></span> <span class='ocrx_word' id='word_1_138' title='bbox 1612 1785 1744 1836; x_wconf 78' lang='grc' dir='ltr'><strong>προ⁴</strong></span> 
     </span>
    </p>
   </div>
   <div class='ocr_carea' id='block_1_21' title="bbox 175 1859 1742 1934">
    <p class='ocr_par' dir='ltr' id='par_1_21' title="bbox 175 1859 1742 1934">
     <span class='ocr_line' id='line_1_21' title="bbox 175 1859 1742 1934; baseline -0.005 -14"><span class='ocrx_word' id='word_1_139' title='bbox 175 1866 474 1934; x_wconf 80' lang='grc' dir='ltr'><strong>τεινομένων</strong></span> <span class='ocrx_word' id='word_1_140' title='bbox 524 1863 628 1933; x_wconf 82' lang='grc' dir='ltr'><strong>τὴν</strong></span> <span class='ocrx_word' id='word_1_141' title='bbox 673 1862 942 1928; x_wconf 83' lang='grc' dir='ltr'><strong>διάλυσιν,</strong></span> <span class='ocrx_word' id='word_1_142' title='bbox 983 1862 1077 1916; x_wconf 80' lang='grc' dir='ltr'><strong>τὸν</strong></span> <span class='ocrx_word' id='word_1_143' title='bbox 1138 1863 1342 1916; x_wconf 84' lang='grc' dir='ltr'><strong>κανόνα</strong></span> <span class='ocrx_word' id='word_1_144' title='bbox 1391 1859 1598 1926; x_wconf 84' lang='grc' dir='ltr'><strong>λαϐεῖν,</strong></span> <span class='ocrx_word' id='word_1_145' title='bbox 1648 1861 1742 1913; x_wconf 72' lang='grc' dir='ltr'><strong>καὶ</strong></span> 
     </span>
    </p>
   </div>
   <div class='ocr_carea' id='block_1_22' title="bbox 149 1943 1742 2027">
    <p class='ocr_par' dir='ltr' id='par_1_22' title="bbox 149 1943 1742 2027">
     <span class='ocr_line' id='line_1_22' title="bbox 149 1943 1742 2027; baseline -0.011 -15"><span class='ocrx_word' id='word_1_146' title='bbox 149 1943 473 2012; x_wconf 39' lang='grc' dir='ltr'><strong>’ἀπευθύνειν</strong></span> <span class='ocrx_word' id='word_1_147' title='bbox 522 1958 595 2027; x_wconf 78' lang='grc' dir='ltr'><strong>τῇ</strong></span> <span class='ocrx_word' id='word_1_148' title='bbox 646 1957 804 2026; x_wconf 75' lang='grc' dir='ltr'><strong>κοινῇ</strong></span> <span class='ocrx_word' id='word_1_149' title='bbox 853 1955 1063 2026; x_wconf 81' lang='grc' dir='ltr'><strong>μεθόδῳ</strong></span> <span class='ocrx_word' id='word_1_150' title='bbox 1089 1955 1190 2009; x_wconf 79' lang='grc' dir='ltr'><strong>καὶ</strong></span> <span class='ocrx_word' id='word_1_151' title='bbox 1219 1954 1255 2008; x_wconf 74' lang='grc' dir='ltr'>ἃ</span> <span class='ocrx_word' id='word_1_152' title='bbox 1287 1953 1493 2024; x_wconf 79' lang='grc' dir='ltr'><strong>πολλὴν</strong></span> <span class='ocrx_word' id='word_1_153' title='bbox 1518 1953 1617 2022; x_wconf 71' lang='grc' dir='ltr'><strong>τὴν</strong></span> <span class='ocrx_word' id='word_1_154' title='bbox 1649 1956 1742 2020; x_wconf 69' lang='grc' dir='ltr'><strong>ἐγ.</strong></span> 
     </span>
    </p>
   </div>
   <div class='ocr_carea' id='block_1_23' title="bbox 177 2047 1743 2123">
    <p class='ocr_par' dir='ltr' id='par_1_23' title="bbox 177 2047 1743 2123">
     <span class='ocr_line' id='line_1_23' title="bbox 177 2047 1743 2123; baseline -0.006 -17"><span class='ocrx_word' id='word_1_155' title='bbox 177 2052 360 2123; x_wconf 88' lang='grc' dir='ltr'><strong>γύτητα</strong></span> <span class='ocrx_word' id='word_1_156' title='bbox 388 2051 530 2121; x_wconf 82' lang='grc' dir='ltr'><strong>πρὸς</strong></span> <span class='ocrx_word' id='word_1_157' title='bbox 559 2049 764 2121; x_wconf 78' lang='grc' dir='ltr'><strong>ἄλληλα</strong></span> <span class='ocrx_word' id='word_1_158' title='bbox 791 2049 1128 2119; x_wconf 77' lang='grc' dir='ltr'><strong>κεκτημένα,</strong></span> <span class='ocrx_word' id='word_1_159' title='bbox 1155 2049 1216 2101; x_wconf 78' lang='grc' dir='ltr'><strong>τὸ</strong></span> <span class='ocrx_word' id='word_1_160' title='bbox 1239 2050 1337 2118; x_wconf 82' lang='grc' dir='ltr'><strong>τῆς</strong></span> <span class='ocrx_word' id='word_1_161' title='bbox 1359 2047 1573 2120; x_wconf 78' lang='grc' dir='ltr'><strong>ἀπάτης</strong></span> <span class='ocrx_word' id='word_1_162' title='bbox 1609 2051 1743 2117; x_wconf 79' lang='grc' dir='ltr'><strong>σχῆ-</strong></span> 
     </span>
    </p>
   </div>
   <div class='ocr_carea' id='block_1_24' title="bbox 179 2139 1745 2213">
    <p class='ocr_par' dir='ltr' id='par_1_24' title="bbox 179 2139 1745 2213">
     <span class='ocr_line' id='line_1_24' title="bbox 179 2139 1745 2213; baseline -0.002 -18"><span class='ocrx_word' id='word_1_163' title='bbox 179 2160 244 2213; x_wconf 85' lang='grc' dir='ltr'><strong>μα</strong></span> <span class='ocrx_word' id='word_1_164' title='bbox 261 2139 634 2212; x_wconf 86' lang='grc' dir='ltr'><strong>πιθανώτερον</strong></span> <span class='ocrx_word' id='word_1_165' title='bbox 656 2139 1050 2211; x_wconf 85' lang='grc' dir='ltr'><strong>προϐάλληται,</strong></span> <span class='ocrx_word' id='word_1_166' title='bbox 1083 2141 1178 2193; x_wconf 74' lang='grc' dir='ltr'><strong>καὶ</strong></span> <span class='ocrx_word' id='word_1_167' title='bbox 1199 2139 1372 2203; x_wconf 77' lang='grc' dir='ltr'><strong>οὕτως</strong></span> <span class='ocrx_word' id='word_1_168' title='bbox 1399 2142 1496 2192; x_wconf 83' lang='grc' dir='ltr'><strong>ἀπ’</strong></span> <span class='ocrx_word' id='word_1_169' title='bbox 1520 2140 1745 2192; x_wconf 82' lang='grc' dir='ltr'><strong>ἐκείνων</strong></span> 
     </span>
    </p>
   </div>
   <div class='ocr_carea' id='block_1_25' title="bbox 176 2231 1740 2305">
    <p class='ocr_par' dir='ltr' id='par_1_25' title="bbox 176 2231 1740 2305">
     <span class='ocr_line' id='line_1_25' title="bbox 176 2231 1740 2305; baseline 0.001 -19"><span class='ocrx_word' id='word_1_170' title='bbox 176 2236 259 2304; x_wconf 84' lang='grc' dir='ltr'><strong>τὴν</strong></span> <span class='ocrx_word' id='word_1_171' title='bbox 285 2235 457 2305; x_wconf 81' lang='grc' dir='ltr'><strong>κρίσιν</strong></span> <span class='ocrx_word' id='word_1_172' title='bbox 527 2234 880 2303; x_wconf 72' lang='grc' dir='ltr'><strong>ἀπλανῆ-καὶ</strong></span> <span class='ocrx_word' id='word_1_173' title='bbox 907 2235 1002 2286; x_wconf 81' lang='grc' dir='ltr'><strong>ἐπὶ</strong></span> <span class='ocrx_word' id='word_1_174' title='bbox 1052 2231 1262 2287; x_wconf 83' lang='grc' dir='ltr'><strong>τούτων</strong></span> <span class='ocrx_word' id='word_1_175' title='bbox 1306 2231 1694 2294; x_wconf 73' lang='grc' dir='ltr'><strong>συνδιασώζειν</strong></span> <span class='ocrx_word' id='word_1_176' title='bbox 1725 2247 1740 2264; x_wconf 88' lang='grc'>⁶</span> 
     </span>
    </p>
   </div>
   <div class='ocr_carea' id='block_1_26' title="bbox 177 2317 1744 2396">
    <p class='ocr_par' dir='ltr' id='par_1_26' title="bbox 177 2317 1744 2396">
     <span class='ocr_line' id='line_1_26' title="bbox 177 2317 1744 2396; baseline -0.002 -18"><span class='ocrx_word' id='word_1_177' title='bbox 177 2326 346 2379; x_wconf 79' lang='grc' dir='ltr'><strong>αὐτίκα</strong></span> <span class='ocrx_word' id='word_1_178' title='bbox 368 2325 429 2378; x_wconf 82' lang='grc' dir='ltr'><strong>τὺ</strong></span> <span class='ocrx_word' id='word_1_179' title='bbox 456 2323 762 2396; x_wconf 73' lang='grc' dir='ltr'><strong>πτερύγιον</strong></span> <span class='ocrx_word' id='word_1_180' title='bbox 793 2324 885 2376; x_wconf 77' lang='grc' dir='ltr'><strong>τοῦ</strong></span> <span class='ocrx_word' id='word_1_181' title='bbox 919 2323 1066 2394; x_wconf 81' lang='grc' dir='ltr'><strong>ἱεροῦ</strong></span> <span class='ocrx_word' id='word_1_182' title='bbox 1105 2339 1121 2354; x_wconf 79' lang='grc' dir='ltr'><strong>ο</strong></span> <span class='ocrx_word' id='word_1_183' title='bbox 1155 2323 1217 2376; x_wconf 77' lang='grc' dir='ltr'><strong>τὸ</strong></span> <span class='ocrx_word' id='word_1_184' title='bbox 1249 2323 1308 2376; x_wconf 85' lang='grc' dir='ltr'><strong>δὲ</strong></span> <span class='ocrx_word' id='word_1_185' title='bbox 1335 2322 1631 2394; x_wconf 86' lang='grc' dir='ltr'><strong>πτερύγιον</strong></span> <span class='ocrx_word' id='word_1_186' title='bbox 1661 2317 1744 2386; x_wconf 72' lang='grc' dir='ltr'><strong>οἷς</strong></span> 
     </span>
    </p>
   </div>
   <div class='ocr_carea' id='block_1_27' title="bbox 181 2414 1746 2488">
    <p class='ocr_par' dir='ltr' id='par_1_27' title="bbox 181 2414 1746 2488">
     <span class='ocr_line' id='line_1_27' title="bbox 181 2414 1746 2488; baseline -0.003 -18"><span class='ocrx_word' id='word_1_187' title='bbox 181 2418 308 2486; x_wconf 82' lang='grc' dir='ltr'><strong>μέλει</strong></span> <span class='ocrx_word' id='word_1_188' title='bbox 330 2418 702 2488; x_wconf 82' lang='grc' dir='ltr'><strong>τῆςἈττικῆς</strong></span> <span class='ocrx_word' id='word_1_189' title='bbox 734 2416 1004 2486; x_wconf 84' lang='grc' dir='ltr'><strong>γλώττης,</strong></span> <span class='ocrx_word' id='word_1_190' title='bbox 1041 2416 1090 2469; x_wconf 89' lang='grc' dir='ltr'><strong>οἱ</strong></span> <span class='ocrx_word' id='word_1_191' title='bbox 1131 2415 1230 2484; x_wconf 77' lang='grc' dir='ltr'><strong>μὲν</strong></span> <span class='ocrx_word' id='word_1_192' title='bbox 1245 2414 1404 2469; x_wconf 83' lang='grc' dir='ltr'><strong>ἀετὸν</strong></span> <span class='ocrx_word' id='word_1_193' title='bbox 1430 2452 1445 2477; x_wconf 87' lang='grc'><strong>,</strong></span> <span class='ocrx_word' id='word_1_194' title='bbox 1490 2415 1541 2466; x_wconf 81' lang='grc' dir='ltr'><strong>όί</strong></span> <span class='ocrx_word' id='word_1_195' title='bbox 1564 2414 1621 2466; x_wconf 83' lang='grc' dir='ltr'><strong>δὲ</strong></span> <span class='ocrx_word' id='word_1_196' title='bbox 1651 2416 1746 2466; x_wconf 64' lang='grc' dir='ltr'><strong>καὶ⁸</strong></span> 
     </span>
    </p>
   </div>
   <div class='ocr_carea' id='block_1_28' title="bbox 177 2502 1748 2575">
    <p class='ocr_par' dir='ltr' id='par_1_28' title="bbox 177 2502 1748 2575">
     <span class='ocr_line' id='line_1_28' title="bbox 177 2502 1748 2575; baseline -0.001 -17"><span class='ocrx_word' id='word_1_197' title='bbox 177 2508 369 2575; x_wconf 81' lang='grc' dir='ltr'><strong>ἁέτωμα</strong></span> <span class='ocrx_word' id='word_1_198' title='bbox 417 2506 679 2572; x_wconf 83' lang='grc' dir='ltr'><strong>καλοῦσι,</strong></span> <span class='ocrx_word' id='word_1_199' title='bbox 728 2509 825 2560; x_wconf 75' lang='grc' dir='ltr'><strong>καὶ</strong></span> <span class='ocrx_word' id='word_1_200' title='bbox 866 2507 1152 2575; x_wconf 81' lang='grc' dir='ltr'><strong>στέγασμα</strong></span> <span class='ocrx_word' id='word_1_201' title='bbox 1202 2506 1370 2575; x_wconf 69' lang='grc' dir='ltr'><strong>φασιν</strong></span> <span class='ocrx_word' id='word_1_202' title='bbox 1409 2502 1549 2559; x_wconf 78' lang='grc' dir='ltr'><strong>εἶναι</strong></span> <span class='ocrx_word' id='word_1_203' title='bbox 1589 2503 1748 2557; x_wconf 77' lang='grc' dir='ltr'><strong>τοῦτο</strong></span> 
     </span>
    </p>
   </div>
   <div class='ocr_carea' id='block_1_29' title="bbox 175 2594 1745 2669">
    <p class='ocr_par' dir='ltr' id='par_1_29' title="bbox 175 2594 1745 2669">
     <span class='ocr_line' id='line_1_29' title="bbox 175 2594 1745 2669; baseline -0.002 -19"><span class='ocrx_word' id='word_1_204' title='bbox 175 2598 268 2652; x_wconf 83' lang='grc' dir='ltr'><strong>τῶν</strong></span> <span class='ocrx_word' id='word_1_205' title='bbox 297 2597 445 2669; x_wconf 73' lang='grc' dir='ltr'><strong>ιερῶν</strong></span> <span class='ocrx_word' id='word_1_206' title='bbox 472 2598 681 2665; x_wconf 77' lang='grc' dir='ltr'><strong>οἴκων,</strong></span> <span class='ocrx_word' id='word_1_207' title='bbox 721 2599 800 2669; x_wconf 82' lang='grc' dir='ltr'><strong>τῷ</strong></span> <span class='ocrx_word' id='word_1_208' title='bbox 824 2601 1068 2669; x_wconf 77' lang='grc' dir='ltr'><strong>σχήματι</strong></span> <span class='ocrx_word' id='word_1_209' title='bbox 1123 2597 1219 2669; x_wconf 80' lang='grc' dir='ltr'><strong>τὴν</strong></span> <span class='ocrx_word' id='word_1_210' title='bbox 1251 2597 1454 2666; x_wconf 80' lang='grc' dir='ltr'><strong>πτῆσιν</strong></span> <span class='ocrx_word' id='word_1_211' title='bbox 1484 2597 1576 2648; x_wconf 82' lang='grc' dir='ltr'><strong>τοῦ</strong></span> <span class='ocrx_word' id='word_1_212' title='bbox 1606 2594 1745 2666; x_wconf 82' lang='grc' dir='ltr'><strong>ζῴου</strong></span> 
     </span>
    </p>
   </div>
   <div class='ocr_carea' id='block_1_30' title="bbox 179 2687 1748 2762">
    <p class='ocr_par' dir='ltr' id='par_1_30' title="bbox 179 2687 1748 2762">
     <span class='ocr_line' id='line_1_30' title="bbox 179 2687 1748 2762; baseline -0.002 -20"><span class='ocrx_word' id='word_1_213' title='bbox 179 2691 501 2761; x_wconf 83' lang='grc' dir='ltr'><strong>μιμούμενον,</strong></span> <span class='ocrx_word' id='word_1_214' title='bbox 547 2690 576 2744; x_wconf 77' lang='grc' dir='ltr'>ὃ</span> <span class='ocrx_word' id='word_1_215' title='bbox 615 2692 680 2762; x_wconf 78' lang='grc' dir='ltr'><strong>δὴ</strong></span> <span class='ocrx_word' id='word_1_216' title='bbox 711 2692 809 2746; x_wconf 74' lang='grc' dir='ltr'><strong>καὶ</strong></span> <span class='ocrx_word' id='word_1_217' title='bbox 861 2691 1062 2762; x_wconf 82' lang='grc' dir='ltr'><strong>πτερὸν</strong></span> <span class='ocrx_word' id='word_1_218' title='bbox 1107 2689 1241 2743; x_wconf 74' lang='grc' dir='ltr'><strong>ἔνιοι</strong></span> <span class='ocrx_word' id='word_1_219' title='bbox 1281 2689 1542 2742; x_wconf 81' lang='grc' dir='ltr'><strong>καλοῦσιν</strong></span> <span class='ocrx_word' id='word_1_220' title='bbox 1566 2689 1651 2740; x_wconf 75' lang='grc' dir='ltr'><strong>ὀἱ</strong></span> <span class='ocrx_word' id='word_1_221' title='bbox 1692 2687 1748 2740; x_wconf 87' lang='grc' dir='ltr'><strong>δὲ</strong></span> 
     </span>
    </p>
   </div>
   <div class='ocr_carea' id='block_1_31' title="bbox 176 2779 1747 2853">
    <p class='ocr_par' dir='ltr' id='par_1_31' title="bbox 176 2779 1747 2853">
     <span class='ocr_line' id='line_1_31' title="bbox 176 2779 1747 2853; baseline -0.001 -19"><span class='ocrx_word' id='word_1_222' title='bbox 176 2783 512 2837; x_wconf 81' lang='grc' dir='ltr'><strong>διαστέλλουσι</strong></span> <span class='ocrx_word' id='word_1_223' title='bbox 568 2785 630 2836; x_wconf 85' lang='grc' dir='ltr'><strong>τὸ</strong></span> <span class='ocrx_word' id='word_1_224' title='bbox 670 2784 873 2853; x_wconf 78' lang='grc' dir='ltr'><strong>πτερὸν</strong></span> <span class='ocrx_word' id='word_1_225' title='bbox 913 2782 1093 2837; x_wconf 77' lang='grc' dir='ltr'><strong>καὶτὸ</strong></span> <span class='ocrx_word' id='word_1_226' title='bbox 1127 2782 1423 2852; x_wconf 84' lang='grc' dir='ltr'><strong>πτερύγιον</strong></span> <span class='ocrx_word' id='word_1_227' title='bbox 1451 2780 1546 2834; x_wconf 84' lang='grc' dir='ltr'><strong>τοῦ</strong></span> <span class='ocrx_word' id='word_1_228' title='bbox 1585 2779 1747 2834; x_wconf 85' lang='grc' dir='ltr'><strong>ἀετυῦ</strong></span> 
     </span>
    </p>
   </div>
   <div class='ocr_carea' id='block_1_32' title="bbox 175 2870 1748 2947">
    <p class='ocr_par' dir='ltr' id='par_1_32' title="bbox 175 2870 1748 2947">
     <span class='ocr_line' id='line_1_32' title="bbox 175 2870 1748 2947; baseline -0.001 -19"><span class='ocrx_word' id='word_1_229' title='bbox 175 2891 223 2928; x_wconf 86' lang='grc' dir='ltr'><strong>τε</strong></span> <span class='ocrx_word' id='word_1_230' title='bbox 243 2878 326 2930; x_wconf 76' lang='grc' dir='ltr'><strong>καὶ</strong></span> <span class='ocrx_word' id='word_1_231' title='bbox 353 2875 445 2929; x_wconf 83' lang='grc' dir='ltr'><strong>τοῦ</strong></span> <span class='ocrx_word' id='word_1_232' title='bbox 472 2877 807 2946; x_wconf 77' lang='grc' dir='ltr'><strong>ἀετώματος</strong></span> <span class='ocrx_word' id='word_1_233' title='bbox 833 2893 849 2908; x_wconf 78' lang='grc' dir='ltr'><strong>ο</strong></span> <span class='ocrx_word' id='word_1_234' title='bbox 877 2877 1013 2946; x_wconf 78' lang='grc' dir='ltr'><strong>φασὶ</strong></span> <span class='ocrx_word' id='word_1_235' title='bbox 1037 2875 1148 2947; x_wconf 85' lang='grc' dir='ltr'><strong>γὰρ</strong></span> <span class='ocrx_word' id='word_1_236' title='bbox 1168 2870 1309 2927; x_wconf 81' lang='grc' dir='ltr'><strong>εἶναι</strong></span> <span class='ocrx_word' id='word_1_237' title='bbox 1335 2873 1394 2926; x_wconf 86' lang='grc' dir='ltr'><strong>τὸ</strong></span> <span class='ocrx_word' id='word_1_238' title='bbox 1419 2873 1748 2943; x_wconf 88' lang='grc' dir='ltr'><strong>δηλούμενον</strong></span> 
     </span>
    </p>
   </div>
   <div class='ocr_carea' id='block_1_33' title="bbox 179 2964 1750 3040">
    <p class='ocr_par' dir='ltr' id='par_1_33' title="bbox 179 2964 1750 3040">
     <span class='ocr_line' id='line_1_33' title="bbox 179 2964 1750 3040; baseline -0.002 -20"><span class='ocrx_word' id='word_1_239' title='bbox 179 2969 251 3021; x_wconf 76' lang='grc' dir='ltr'><strong>ὑπ’</strong></span> <span class='ocrx_word' id='word_1_240' title='bbox 285 2969 476 3037; x_wconf 77' lang='grc' dir='ltr'><strong>αὐτῶν,</strong></span> <span class='ocrx_word' id='word_1_241' title='bbox 541 2969 604 3021; x_wconf 79' lang='grc' dir='ltr'><strong>τὸ</strong></span> <span class='ocrx_word' id='word_1_242' title='bbox 663 2967 770 3039; x_wconf 80' lang='grc' dir='ltr'><strong>πρὸ</strong></span> <span class='ocrx_word' id='word_1_243' title='bbox 794 2969 904 3021; x_wconf 85' lang='grc' dir='ltr'><strong>τῶν</strong></span> <span class='ocrx_word' id='word_1_244' title='bbox 954 2969 1119 3040; x_wconf 77' lang='grc' dir='ltr'><strong>ἱερῶν</strong></span> <span class='ocrx_word' id='word_1_245' title='bbox 1149 2970 1214 3020; x_wconf 83' lang='grc' dir='ltr'><strong>ἐκ</strong></span> <span class='ocrx_word' id='word_1_246' title='bbox 1260 2966 1412 3019; x_wconf 83' lang='grc' dir='ltr'><strong>λίθου</strong></span> <span class='ocrx_word' id='word_1_247' title='bbox 1442 2965 1581 3037; x_wconf 85' lang='grc' dir='ltr'><strong>πρὸς</strong></span> <span class='ocrx_word' id='word_1_248' title='bbox 1615 2964 1750 3035; x_wconf 73' lang='grc' dir='ltr'><strong>ὕψος</strong></span> 
     </span>
    </p>
   </div>
   <div class='ocr_carea' id='block_1_34' title="bbox 1833 478 3432 559">
    <p class='ocr_par' dir='ltr' id='par_1_34' title="bbox 1833 478 3432 559">
     <span class='ocr_line' id='line_1_34' title="bbox 1833 478 3432 559; baseline 0.008 -27"><span class='ocrx_word' id='word_1_249' title='bbox 1833 478 2021 548; x_wconf 81' lang='lat' dir='ltr'><strong>itaque</strong></span> <span class='ocrx_word' id='word_1_250' title='bbox 2048 479 2118 535; x_wconf 90' lang='lat' dir='ltr'><strong>sit</strong></span> <span class='ocrx_word' id='word_1_251' title='bbox 2151 482 2446 536; x_wconf 85' lang='lat' dir='ltr'><strong>absurdum</strong></span> <span class='ocrx_word' id='word_1_252' title='bbox 2469 525 2484 548; x_wconf 94' lang='lat'><strong>,</strong></span> <span class='ocrx_word' id='word_1_253' title='bbox 2523 483 2576 535; x_wconf 92' lang='lat' dir='ltr'><strong>in</strong></span> <span class='ocrx_word' id='word_1_254' title='bbox 2609 491 2843 554; x_wconf 78' lang='lat' dir='ltr'><strong>utraque</strong></span> <span class='ocrx_word' id='word_1_255' title='bbox 2880 501 2940 540; x_wconf 90' lang='lat' dir='ltr'><strong>re</strong></span> <span class='ocrx_word' id='word_1_256' title='bbox 2972 487 3273 559; x_wconf 79' lang='lat' dir='ltr'><strong>signiﬁcata</strong></span> <span class='ocrx_word' id='word_1_257' title='bbox 3304 505 3432 544; x_wconf 81' lang='lat' dir='ltr'><strong>eas-</strong></span> 
     </span>
    </p>
   </div>
   <div class='ocr_carea' id='block_1_35' title="bbox 1834 571 3430 648">
    <p class='ocr_par' dir='ltr' id='par_1_35' title="bbox 1834 571 3430 648">
     <span class='ocr_line' id='line_1_35' title="bbox 1834 571 3430 648; baseline 0.008 -24"><span class='ocrx_word' id='word_1_258' title='bbox 1834 571 1956 625; x_wconf 87' lang='lat' dir='ltr'><strong>dem</strong></span> <span class='ocrx_word' id='word_1_259' title='bbox 1997 572 2452 629; x_wconf 78' lang='lat' dir='ltr'><strong>circumstantias</strong></span> <span class='ocrx_word' id='word_1_260' title='bbox 2485 576 2822 645; x_wconf 78' lang='lat' dir='ltr'><strong>exquirere?</strong></span> <span class='ocrx_word' id='word_1_261' title='bbox 2872 586 2927 632; x_wconf 91' lang='lat' dir='ltr'><strong>et</strong></span> <span class='ocrx_word' id='word_1_262' title='bbox 2971 594 3094 648; x_wconf 67' lang='lat' dir='ltr'><strong>quae</strong></span> <span class='ocrx_word' id='word_1_263' title='bbox 3143 580 3240 634; x_wconf 90' lang='lat' dir='ltr'><strong>uni</strong></span> <span class='ocrx_word' id='word_1_264' title='bbox 3290 593 3430 638; x_wconf 61' lang='lat' dir='ltr'><strong>cono</strong></span> 
     </span>
    </p>
   </div>
   <div class='ocr_carea' id='block_1_36' title="bbox 1835 665 3144 740">
    <p class='ocr_par' dir='ltr' id='par_1_36' title="bbox 1835 665 3144 740">
     <span class='ocr_line' id='line_1_36' title="bbox 1835 665 3144 740; baseline 0.007 -22"><span class='ocrx_word' id='word_1_265' title='bbox 1835 673 2060 734; x_wconf 80' lang='lat' dir='ltr'><strong>gruuut,</strong></span> <span class='ocrx_word' id='word_1_266' title='bbox 2093 665 2315 721; x_wconf 90' lang='lat' dir='ltr'><strong>easdem</strong></span> <span class='ocrx_word' id='word_1_267' title='bbox 2349 666 2416 722; x_wconf 90' lang='lat' dir='ltr'><strong>ad</strong></span> <span class='ocrx_word' id='word_1_268' title='bbox 2445 668 2672 722; x_wconf 78' lang='lat' dir='ltr'><strong>alteram</strong></span> <span class='ocrx_word' id='word_1_269' title='bbox 2698 669 2751 724; x_wconf 91' lang='lat' dir='ltr'><strong>vi</strong></span> <span class='ocrx_word' id='word_1_270' title='bbox 2778 671 3144 740; x_wconf 83' lang='lat' dir='ltr'><strong>pertrahere?</strong></span> 
     </span>
    </p>
   </div>
   <div class='ocr_carea' id='block_1_37' title="bbox 1905 753 3430 832">
    <p class='ocr_par' dir='ltr' id='par_1_37' title="bbox 1905 753 3430 832">
     <span class='ocr_line' id='line_1_37' title="bbox 1905 753 3430 832; baseline 0.004 -22"><span class='ocrx_word' id='word_1_271' title='bbox 1905 756 1959 810; x_wconf 89' lang='lat'><strong>8.</strong></span> <span class='ocrx_word' id='word_1_272' title='bbox 1995 753 2158 811; x_wconf 82' lang='lat' dir='ltr'><strong>Multa</strong></span> <span class='ocrx_word' id='word_1_273' title='bbox 2195 758 2361 828; x_wconf 82' lang='lat' dir='ltr'><strong>igitur</strong></span> <span class='ocrx_word' id='word_1_274' title='bbox 2400 773 2468 812; x_wconf 84' lang='lat' dir='ltr'><strong>ex</strong></span> <span class='ocrx_word' id='word_1_275' title='bbox 2527 757 2596 812; x_wconf 84' lang='lat' dir='ltr'><strong>iis</strong></span> <span class='ocrx_word' id='word_1_276' title='bbox 2631 759 2972 828; x_wconf 79' lang='lat' dir='ltr'><strong>nominibus,</strong></span> <span class='ocrx_word' id='word_1_277' title='bbox 3027 777 3151 832; x_wconf 74' lang='lat' dir='ltr'><strong>quae</strong></span> <span class='ocrx_word' id='word_1_278' title='bbox 3197 761 3430 818; x_wconf 81' lang='lat' dir='ltr'><strong>diversis</strong></span> 
     </span>
    </p>
   </div>
   <div class='ocr_carea' id='block_1_38' title="bbox 1835 849 3429 920">
    <p class='ocr_par' dir='ltr' id='par_1_38' title="bbox 1835 849 3429 920">
     <span class='ocr_line' id='line_1_38' title="bbox 1835 849 3429 920; baseline 0.004 -18"><span class='ocrx_word' id='word_1_279' title='bbox 1835 849 2002 904; x_wconf 83' lang='lat' dir='ltr'><strong>rebus</strong></span> <span class='ocrx_word' id='word_1_280' title='bbox 2042 850 2436 920; x_wconf 88' lang='lat' dir='ltr'><strong>imponuntur,</strong></span> <span class='ocrx_word' id='word_1_281' title='bbox 2498 852 3011 908; x_wconf 89' lang='lat' dir='ltr'><strong>manifestissimam</strong></span> <span class='ocrx_word' id='word_1_282' title='bbox 3064 854 3429 910; x_wconf 85' lang='lat' dir='ltr'><strong>differentiam</strong></span> 
     </span>
    </p>
   </div>
   <div class='ocr_carea' id='block_1_39' title="bbox 1837 942 3437 1019">
    <p class='ocr_par' dir='ltr' id='par_1_39' title="bbox 1837 942 3437 1019">
     <span class='ocr_line' id='line_1_39' title="bbox 1837 942 3437 1019; baseline 0.004 -23"><span class='ocrx_word' id='word_1_283' title='bbox 1837 942 2044 998; x_wconf 88' lang='lat' dir='ltr'><strong>habent</strong></span> <span class='ocrx_word' id='word_1_284' title='bbox 2073 959 2086 996; x_wconf 89' lang='lat'><strong>:</strong></span> <span class='ocrx_word' id='word_1_285' title='bbox 2121 958 2295 1013; x_wconf 88' lang='lat' dir='ltr'><strong>quare</strong></span> <span class='ocrx_word' id='word_1_286' title='bbox 2342 959 2447 1000; x_wconf 87' lang='lat' dir='ltr'><strong>nec</strong></span> <span class='ocrx_word' id='word_1_287' title='bbox 2471 945 2566 1000; x_wconf 88' lang='lat' dir='ltr'><strong>ulli</strong></span> <span class='ocrx_word' id='word_1_288' title='bbox 2601 947 2850 1002; x_wconf 86' lang='lat' dir='ltr'><strong>homines</strong></span> <span class='ocrx_word' id='word_1_289' title='bbox 2895 961 3211 1017; x_wconf 84' lang='lat' dir='ltr'><strong>quanquam</strong></span> <span class='ocrx_word' id='word_1_290' title='bbox 3252 947 3437 1019; x_wconf 76' lang='lat' dir='ltr'><strong>appri-</strong></span> 
     </span>
    </p>
   </div>
   <div class='ocr_carea' id='block_1_40' title="bbox 1837 1036 3435 1109">
    <p class='ocr_par' dir='ltr' id='par_1_40' title="bbox 1837 1036 3435 1109">
     <span class='ocr_line' id='line_1_40' title="bbox 1837 1036 3435 1109; baseline 0.001 -20"><span class='ocrx_word' id='word_1_291' title='bbox 1837 1049 1926 1090; x_wconf 92' lang='lat' dir='ltr'><strong>me</strong></span> <span class='ocrx_word' id='word_1_292' title='bbox 1952 1036 2297 1106; x_wconf 86' lang='lat' dir='ltr'><strong>impudentes</strong></span> <span class='ocrx_word' id='word_1_293' title='bbox 2321 1038 2408 1092; x_wconf 85' lang='lat' dir='ltr'><strong>vel</strong></span> <span class='ocrx_word' id='word_1_294' title='bbox 2431 1039 2649 1109; x_wconf 86' lang='lat' dir='ltr'><strong>ingenio</strong></span> <span class='ocrx_word' id='word_1_295' title='bbox 2682 1039 2960 1095; x_wconf 91' lang='lat' dir='ltr'><strong>imbecillo</strong></span> <span class='ocrx_word' id='word_1_296' title='bbox 3015 1039 3251 1109; x_wconf 63' lang='lat' dir='ltr'><strong>praediti,</strong></span> <span class='ocrx_word' id='word_1_297' title='bbox 3313 1041 3435 1095; x_wconf 79' lang='lat' dir='ltr'><strong>sine</strong></span> 
     </span>
    </p>
   </div>
   <div class='ocr_carea' id='block_1_41' title="bbox 1837 1128 3432 1196">
    <p class='ocr_par' dir='ltr' id='par_1_41' title="bbox 1837 1128 3432 1196">
     <span class='ocr_line' id='line_1_41' title="bbox 1837 1128 3432 1196; baseline 0.004 -16"><span class='ocrx_word' id='word_1_298' title='bbox 1837 1128 2045 1196; x_wconf 86' lang='lat' dir='ltr'><strong>pudore</strong></span> <span class='ocrx_word' id='word_1_299' title='bbox 2071 1136 2166 1182; x_wconf 87' lang='lat' dir='ltr'><strong>aut</strong></span> <span class='ocrx_word' id='word_1_300' title='bbox 2199 1136 2346 1182; x_wconf 92' lang='lat' dir='ltr'><strong>metu</strong></span> <span class='ocrx_word' id='word_1_301' title='bbox 2376 1129 2672 1186; x_wconf 84' lang='lat' dir='ltr'><strong>transferre</strong></span> <span class='ocrx_word' id='word_1_302' title='bbox 2707 1131 2887 1186; x_wconf 85' lang='lat' dir='ltr'><strong>solent</strong></span> <span class='ocrx_word' id='word_1_303' title='bbox 2930 1131 2998 1186; x_wconf 90' lang='lat' dir='ltr'><strong>ad</strong></span> <span class='ocrx_word' id='word_1_304' title='bbox 3048 1148 3161 1186; x_wconf 88' lang='lat' dir='ltr'><strong>rem</strong></span> <span class='ocrx_word' id='word_1_305' title='bbox 3201 1133 3432 1187; x_wconf 85' lang='lat' dir='ltr'><strong>alteram</strong></span> 
     </span>
    </p>
   </div>
   <div class='ocr_carea' id='block_1_42' title="bbox 1839 1218 3436 1290">
    <p class='ocr_par' dir='ltr' id='par_1_42' title="bbox 1839 1218 3436 1290">
     <span class='ocr_line' id='line_1_42' title="bbox 1839 1218 3436 1290; baseline 0.003 -19"><span class='ocrx_word' id='word_1_306' title='bbox 1839 1219 1986 1287; x_wconf 91' lang='lat' dir='ltr'><strong>quod</strong></span> <span class='ocrx_word' id='word_1_307' title='bbox 2017 1218 2243 1274; x_wconf 82' lang='lat' dir='ltr'><strong>alterius</strong></span> <span class='ocrx_word' id='word_1_308' title='bbox 2273 1221 2556 1290; x_wconf 87' lang='lat' dir='ltr'><strong>proprium</strong></span> <span class='ocrx_word' id='word_1_309' title='bbox 2586 1229 2690 1276; x_wconf 88' lang='lat' dir='ltr'><strong>est.</strong></span> <span class='ocrx_word' id='word_1_310' title='bbox 2722 1221 2882 1276; x_wconf 85' lang='lat' dir='ltr'><strong>Multa</strong></span> <span class='ocrx_word' id='word_1_311' title='bbox 2915 1231 3098 1277; x_wconf 91' lang='lat' dir='ltr'><strong>tamen</strong></span> <span class='ocrx_word' id='word_1_312' title='bbox 3124 1223 3436 1279; x_wconf 87' lang='lat' dir='ltr'><strong>subobscu-</strong></span> 
     </span>
    </p>
   </div>
   <div class='ocr_carea' id='block_1_43' title="bbox 1839 1309 3437 1379">
    <p class='ocr_par' dir='ltr' id='par_1_43' title="bbox 1839 1309 3437 1379">
     <span class='ocr_line' id='line_1_43' title="bbox 1839 1309 3437 1379; baseline 0.003 -15"><span class='ocrx_word' id='word_1_313' title='bbox 1839 1324 1960 1364; x_wconf 87' lang='lat' dir='ltr'><strong>ram</strong></span> <span class='ocrx_word' id='word_1_314' title='bbox 1987 1309 2360 1366; x_wconf 86' lang='lat' dir='ltr'><strong>diversilatem</strong></span> <span class='ocrx_word' id='word_1_315' title='bbox 2393 1313 2697 1376; x_wconf 79' lang='lat' dir='ltr'><strong>continent,</strong></span> <span class='ocrx_word' id='word_1_316' title='bbox 2730 1321 2790 1367; x_wconf 92' lang='lat' dir='ltr'><strong>ut</strong></span> <span class='ocrx_word' id='word_1_317' title='bbox 2820 1313 2999 1376; x_wconf 87' lang='lat' dir='ltr'><strong>testis,</strong></span> <span class='ocrx_word' id='word_1_318' title='bbox 3035 1323 3095 1368; x_wconf 89' lang='lat' dir='ltr'><strong>ut</strong></span> <span class='ocrx_word' id='word_1_319' title='bbox 3123 1315 3348 1379; x_wconf 81' lang='lat' dir='ltr'><strong>athleta,</strong></span> <span class='ocrx_word' id='word_1_320' title='bbox 3375 1325 3437 1369; x_wconf 91' lang='lat' dir='ltr'><strong>ut</strong></span> 
     </span>
    </p>
   </div>
   <div class='ocr_carea' id='block_1_44' title="bbox 1840 1401 3437 1476">
    <p class='ocr_par' dir='ltr' id='par_1_44' title="bbox 1840 1401 3437 1476">
     <span class='ocr_line' id='line_1_44' title="bbox 1840 1401 3437 1476; baseline 0.004 -22"><span class='ocrx_word' id='word_1_321' title='bbox 1840 1401 2102 1468; x_wconf 67' lang='lat' dir='ltr'><strong>redimite,</strong></span> <span class='ocrx_word' id='word_1_322' title='bbox 2133 1411 2194 1457; x_wconf 89' lang='lat' dir='ltr'><strong>ut</strong></span> <span class='ocrx_word' id='word_1_323' title='bbox 2215 1411 2506 1473; x_wconf 70' lang='lat' dir='ltr'><strong>tropaeum,</strong></span> <span class='ocrx_word' id='word_1_324' title='bbox 2535 1414 2595 1458; x_wconf 88' lang='lat' dir='ltr'><strong>ut</strong></span> <span class='ocrx_word' id='word_1_325' title='bbox 2628 1403 2933 1459; x_wconf 81' lang='lat' dir='ltr'><strong>inferorum</strong></span> <span class='ocrx_word' id='word_1_326' title='bbox 2967 1421 3220 1476; x_wconf 83' lang='lat' dir='ltr'><strong>regnum,</strong></span> <span class='ocrx_word' id='word_1_327' title='bbox 3248 1420 3308 1461; x_wconf 88' lang='lat' dir='ltr'><strong>ut</strong></span> <span class='ocrx_word' id='word_1_328' title='bbox 3329 1409 3437 1462; x_wconf 90' lang='lat' dir='ltr'><strong>alia</strong></span> 
     </span>
    </p>
   </div>
   <div class='ocr_carea' id='block_1_45' title="bbox 1841 1495 3436 1571">
    <p class='ocr_par' dir='ltr' id='par_1_45' title="bbox 1841 1495 3436 1571">
     <span class='ocr_line' id='line_1_45' title="bbox 1841 1495 3436 1571; baseline 0.004 -23"><span class='ocrx_word' id='word_1_329' title='bbox 1841 1495 2136 1565; x_wconf 74' lang='lat' dir='ltr'><strong>plurima&#39;:</strong></span> <span class='ocrx_word' id='word_1_330' title='bbox 2183 1496 2473 1566; x_wconf 91' lang='lat' dir='ltr'><strong>inquibus</strong></span> <span class='ocrx_word' id='word_1_331' title='bbox 2519 1497 2734 1552; x_wconf 82' lang='lat' dir='ltr'><strong>facilius</strong></span> <span class='ocrx_word' id='word_1_332' title='bbox 2790 1505 2874 1553; x_wconf 84' lang='lat' dir='ltr'><strong>est</strong></span> <span class='ocrx_word' id='word_1_333' title='bbox 2929 1499 3110 1568; x_wconf 91' lang='lat' dir='ltr'><strong>ipsum</strong></span> <span class='ocrx_word' id='word_1_334' title='bbox 3170 1500 3284 1554; x_wconf 88' lang='lat' dir='ltr'><strong>falli</strong></span> <span class='ocrx_word' id='word_1_335' title='bbox 3342 1502 3436 1571; x_wconf 91' lang='lat' dir='ltr'><strong>qui</strong></span> 
     </span>
    </p>
   </div>
   <div class='ocr_carea' id='block_1_46' title="bbox 1844 1588 3441 1659">
    <p class='ocr_par' dir='ltr' id='par_1_46' title="bbox 1844 1588 3441 1659">
     <span class='ocr_line' id='line_1_46' title="bbox 1844 1588 3441 1659; baseline 0.003 -18"><span class='ocrx_word' id='word_1_336' title='bbox 1844 1588 2200 1657; x_wconf 60' lang='lat' dir='ltr'><strong>quaestionem</strong></span> <span class='ocrx_word' id='word_1_337' title='bbox 2235 1589 2594 1658; x_wconf 83' lang='lat' dir='ltr'><strong>ingredietur,</strong></span> <span class='ocrx_word' id='word_1_338' title='bbox 2643 1604 2808 1659; x_wconf 91' lang='lat' dir='ltr'><strong>quam</strong></span> <span class='ocrx_word' id='word_1_339' title='bbox 2851 1590 2976 1644; x_wconf 88' lang='lat' dir='ltr'><strong>aliis</strong></span> <span class='ocrx_word' id='word_1_340' title='bbox 3026 1589 3212 1644; x_wconf 91' lang='lat' dir='ltr'><strong>fucum</strong></span> <span class='ocrx_word' id='word_1_341' title='bbox 3257 1589 3441 1645; x_wconf 88' lang='lat' dir='ltr'><strong>facere</strong></span> 
     </span>
    </p>
   </div>
   <div class='ocr_carea' id='block_1_47' title="bbox 1847 1678 3441 1752">
    <p class='ocr_par' dir='ltr' id='par_1_47' title="bbox 1847 1678 3441 1752">
     <span class='ocr_line' id='line_1_47' title="bbox 1847 1678 3441 1752; baseline 0 -18"><span class='ocrx_word' id='word_1_342' title='bbox 1847 1681 1902 1735; x_wconf 91' lang='lat' dir='ltr'><strong>in</strong></span> <span class='ocrx_word' id='word_1_343' title='bbox 1948 1695 2009 1736; x_wconf 85' lang='lat' dir='ltr'><strong>re</strong></span> <span class='ocrx_word' id='word_1_344' title='bbox 2050 1682 2275 1735; x_wconf 87' lang='lat' dir='ltr'><strong>latente.</strong></span> <span class='ocrx_word' id='word_1_345' title='bbox 2324 1678 2552 1750; x_wconf 88' lang='lat' dir='ltr'><strong>Oportet</strong></span> <span class='ocrx_word' id='word_1_346' title='bbox 2604 1681 2788 1750; x_wconf 84' lang='lat' dir='ltr'><strong>itaque</strong></span> <span class='ocrx_word' id='word_1_347' title='bbox 2837 1695 2904 1736; x_wconf 83' lang='lat' dir='ltr'><strong>ex</strong></span> <span class='ocrx_word' id='word_1_348' title='bbox 2965 1681 3032 1736; x_wconf 90' lang='lat' dir='ltr'><strong>iis</strong></span> <span class='ocrx_word' id='word_1_349' title='bbox 3088 1697 3210 1752; x_wconf 72' lang='lat' dir='ltr'><strong>qua:</strong></span> <span class='ocrx_word' id='word_1_350' title='bbox 3263 1683 3441 1735; x_wconf 81' lang='lat' dir='ltr'><strong>mani-</strong></span> 
     </span>
    </p>
   </div>
   <div class='ocr_carea' id='block_1_48' title="bbox 1846 1772 3442 1844">
    <p class='ocr_par' dir='ltr' id='par_1_48' title="bbox 1846 1772 3442 1844">
     <span class='ocr_line' id='line_1_48' title="bbox 1846 1772 3442 1844; baseline -0.001 -16"><span class='ocrx_word' id='word_1_351' title='bbox 1846 1772 2199 1828; x_wconf 89' lang='lat' dir='ltr'><strong>festissimam</strong></span> <span class='ocrx_word' id='word_1_352' title='bbox 2230 1772 2743 1828; x_wconf 89' lang='lat' dir='ltr'><strong>transmutatiouem</strong></span> <span class='ocrx_word' id='word_1_353' title='bbox 2772 1772 2995 1837; x_wconf 86' lang='lat' dir='ltr'><strong>habent,</strong></span> <span class='ocrx_word' id='word_1_354' title='bbox 3017 1781 3180 1844; x_wconf 88' lang='lat' dir='ltr'><strong>atque</strong></span> <span class='ocrx_word' id='word_1_355' title='bbox 3215 1774 3442 1827; x_wconf 87' lang='lat' dir='ltr'><strong>omnino</strong></span> 
     </span>
    </p>
   </div>
   <div class='ocr_carea' id='block_1_49' title="bbox 1843 1865 3441 1930">
    <p class='ocr_par' dir='ltr' id='par_1_49' title="bbox 1843 1865 3441 1930">
     <span class='ocr_line' id='line_1_49' title="bbox 1843 1865 3441 1930; baseline -0.002 -11"><span class='ocrx_word' id='word_1_356' title='bbox 1843 1865 2030 1919; x_wconf 87' lang='lat' dir='ltr'><strong>tritam</strong></span> <span class='ocrx_word' id='word_1_357' title='bbox 2071 1865 2526 1920; x_wconf 89' lang='lat' dir='ltr'><strong>contradictionis</strong></span> <span class='ocrx_word' id='word_1_358' title='bbox 2589 1881 2704 1919; x_wconf 72' lang='lat' dir='ltr'><strong>sua:</strong></span> <span class='ocrx_word' id='word_1_359' title='bbox 2766 1865 3120 1930; x_wconf 82' lang='lat' dir='ltr'><strong>solutionem,</strong></span> <span class='ocrx_word' id='word_1_360' title='bbox 3188 1879 3441 1918; x_wconf 84' lang='lat' dir='ltr'><strong>normam</strong></span> 
     </span>
    </p>
   </div>
   <div class='ocr_carea' id='block_1_50' title="bbox 1844 1957 3442 2027">
    <p class='ocr_par' dir='ltr' id='par_1_50' title="bbox 1844 1957 3442 2027">
     <span class='ocr_line' id='line_1_50' title="bbox 1844 1957 3442 2027; baseline 0 -17"><span class='ocrx_word' id='word_1_361' title='bbox 1844 1967 2062 2011; x_wconf 68' lang='lat' dir='ltr'><strong>Sumere</strong></span> <span class='ocrx_word' id='word_1_362' title='bbox 2095 1974 2111 2010; x_wconf 90' lang='lat'><strong>:</strong></span> <span class='ocrx_word' id='word_1_363' title='bbox 2145 1967 2308 2027; x_wconf 88' lang='lat' dir='ltr'><strong>atque</strong></span> <span class='ocrx_word' id='word_1_364' title='bbox 2330 1959 2396 2012; x_wconf 88' lang='lat' dir='ltr'><strong>ad</strong></span> <span class='ocrx_word' id='word_1_365' title='bbox 2431 1969 2783 2013; x_wconf 88' lang='lat' dir='ltr'><strong>communem</strong></span> <span class='ocrx_word' id='word_1_366' title='bbox 2820 1957 3142 2011; x_wconf 89' lang='lat' dir='ltr'><strong>methodum</strong></span> <span class='ocrx_word' id='word_1_367' title='bbox 3179 1957 3269 2011; x_wconf 85' lang='lat' dir='ltr'><strong>illa</strong></span> <span class='ocrx_word' id='word_1_368' title='bbox 3304 1972 3442 2027; x_wconf 90' lang='lat' dir='ltr'><strong>quo-</strong></span> 
     </span>
    </p>
   </div>
   <div class='ocr_carea' id='block_1_51' title="bbox 1843 2049 3440 2122">
    <p class='ocr_par' dir='ltr' id='par_1_51' title="bbox 1843 2049 3440 2122">
     <span class='ocr_line' id='line_1_51' title="bbox 1843 2049 3440 2122; baseline 0 -20"><span class='ocrx_word' id='word_1_369' title='bbox 1843 2063 1950 2119; x_wconf 86' lang='lat' dir='ltr'><strong>que</strong></span> <span class='ocrx_word' id='word_1_370' title='bbox 1980 2051 2222 2118; x_wconf 80' lang='lat' dir='ltr'><strong>exigere,</strong></span> <span class='ocrx_word' id='word_1_371' title='bbox 2279 2066 2404 2120; x_wconf 76' lang='lat' dir='ltr'><strong>qua:</strong></span> <span class='ocrx_word' id='word_1_372' title='bbox 2455 2051 2582 2122; x_wconf 88' lang='lat' dir='ltr'><strong>quia</strong></span> <span class='ocrx_word' id='word_1_373' title='bbox 2643 2051 2804 2105; x_wconf 82' lang='lat' dir='ltr'><strong>valde</strong></span> <span class='ocrx_word' id='word_1_374' title='bbox 2855 2051 3087 2105; x_wconf 81' lang='lat' dir='ltr'><strong>invicem</strong></span> <span class='ocrx_word' id='word_1_375' title='bbox 3133 2049 3440 2120; x_wconf 87' lang='lat' dir='ltr'><strong>propinqua</strong></span> 
     </span>
    </p>
   </div>
   <div class='ocr_carea' id='block_1_52' title="bbox 1843 2141 3439 2212">
    <p class='ocr_par' dir='ltr' id='par_1_52' title="bbox 1843 2141 3439 2212">
     <span class='ocr_line' id='line_1_52' title="bbox 1843 2141 3439 2212; baseline 0.001 -18"><span class='ocrx_word' id='word_1_376' title='bbox 1843 2147 1993 2205; x_wconf 86' lang='lat' dir='ltr'><strong>sunt,</strong></span> <span class='ocrx_word' id='word_1_377' title='bbox 2036 2142 2244 2196; x_wconf 90' lang='lat' dir='ltr'><strong>erroris</strong></span> <span class='ocrx_word' id='word_1_378' title='bbox 2286 2143 2528 2212; x_wconf 89' lang='lat' dir='ltr'><strong>speciem</strong></span> <span class='ocrx_word' id='word_1_379' title='bbox 2587 2141 2956 2197; x_wconf 89' lang='lat' dir='ltr'><strong>credibilioris</strong></span> <span class='ocrx_word' id='word_1_380' title='bbox 3020 2143 3375 2212; x_wconf 83' lang='lat' dir='ltr'><strong>suppeditant</strong></span> <span class='ocrx_word' id='word_1_381' title='bbox 3425 2160 3439 2196; x_wconf 92' lang='lat'><strong>:</strong></span> 
     </span>
    </p>
   </div>
   <div class='ocr_carea' id='block_1_53' title="bbox 1846 2231 3446 2303">
    <p class='ocr_par' dir='ltr' id='par_1_53' title="bbox 1846 2231 3446 2303">
     <span class='ocr_line' id='line_1_53' title="bbox 1846 2231 3446 2303; baseline 0.001 -19"><span class='ocrx_word' id='word_1_382' title='bbox 1846 2239 2011 2300; x_wconf 87' lang='lat' dir='ltr'><strong>atque</strong></span> <span class='ocrx_word' id='word_1_383' title='bbox 2040 2232 2114 2286; x_wconf 86' lang='lat' dir='ltr'><strong>ita</strong></span> <span class='ocrx_word' id='word_1_384' title='bbox 2139 2246 2205 2286; x_wconf 84' lang='lat' dir='ltr'><strong>ex</strong></span> <span class='ocrx_word' id='word_1_385' title='bbox 2239 2232 2326 2286; x_wconf 89' lang='lat' dir='ltr'><strong>his</strong></span> <span class='ocrx_word' id='word_1_386' title='bbox 2349 2242 2560 2286; x_wconf 88' lang='lat' dir='ltr'><strong>certum</strong></span> <span class='ocrx_word' id='word_1_387' title='bbox 2590 2231 2864 2303; x_wconf 85' lang='lat' dir='ltr'><strong>judicium</strong></span> <span class='ocrx_word' id='word_1_388' title='bbox 2913 2233 2982 2288; x_wconf 91' lang='lat' dir='ltr'><strong>de</strong></span> <span class='ocrx_word' id='word_1_389' title='bbox 3036 2232 3158 2287; x_wconf 85' lang='lat' dir='ltr'><strong>aliis</strong></span> <span class='ocrx_word' id='word_1_390' title='bbox 3226 2247 3446 2302; x_wconf 86' lang='lat' dir='ltr'><strong>quoque</strong></span> 
     </span>
    </p>
   </div>
   <div class='ocr_carea' id='block_1_54' title="bbox 1847 2320 3447 2395">
    <p class='ocr_par' dir='ltr' id='par_1_54' title="bbox 1847 2320 3447 2395">
     <span class='ocr_line' id='line_1_54' title="bbox 1847 2320 3447 2395; baseline 0.001 -20"><span class='ocrx_word' id='word_1_391' title='bbox 1847 2320 2047 2376; x_wconf 87' lang='lat' dir='ltr'><strong>facere.</strong></span> <span class='ocrx_word' id='word_1_392' title='bbox 2105 2321 2371 2393; x_wconf 88' lang='lat' dir='ltr'><strong>Exemplo</strong></span> <span class='ocrx_word' id='word_1_393' title='bbox 2420 2324 2493 2379; x_wconf 86' lang='lat' dir='ltr'><strong>sit</strong></span> <span class='ocrx_word' id='word_1_394' title='bbox 2527 2331 2825 2395; x_wconf 78' lang='grc' dir='ltr'><strong>πτερύγιον</strong></span> <span class='ocrx_word' id='word_1_395' title='bbox 2858 2321 3269 2393; x_wconf 86' lang='lat' dir='ltr'><strong>(pinnaculum)</strong></span> <span class='ocrx_word' id='word_1_396' title='bbox 3306 2333 3447 2376; x_wconf 83' lang='lat' dir='ltr'><strong>tem-</strong></span> 
     </span>
    </p>
   </div>
   <div class='ocr_carea' id='block_1_55' title="bbox 1846 2413 3442 2486">
    <p class='ocr_par' dir='ltr' id='par_1_55' title="bbox 1846 2413 3442 2486">
     <span class='ocr_line' id='line_1_55' title="bbox 1846 2413 3442 2486; baseline 0.001 -20"><span class='ocrx_word' id='word_1_397' title='bbox 1846 2415 1973 2482; x_wconf 91' lang='lat' dir='ltr'><strong>plis.</strong></span> <span class='ocrx_word' id='word_1_398' title='bbox 1996 2414 2303 2484; x_wconf 87' lang='grc' dir='ltr'><strong>Πτερύγιον</strong></span> <span class='ocrx_word' id='word_1_399' title='bbox 2325 2413 2518 2470; x_wconf 66' lang='lat' dir='ltr'><strong>Atticae</strong></span> <span class='ocrx_word' id='word_1_400' title='bbox 2543 2416 2744 2486; x_wconf 73' lang='lat' dir='ltr'><strong>lingua:</strong></span> <span class='ocrx_word' id='word_1_401' title='bbox 2775 2415 3032 2481; x_wconf 82' lang='lat' dir='ltr'><strong>studiosi,</strong></span> <span class='ocrx_word' id='word_1_402' title='bbox 3058 2413 3150 2467; x_wconf 89' lang='lat' dir='ltr'><strong>alii</strong></span> <span class='ocrx_word' id='word_1_403' title='bbox 3179 2413 3442 2484; x_wconf 86' lang='lat' dir='ltr'><strong>aquilam.</strong></span> 
     </span>
    </p>
   </div>
   <div class='ocr_carea' id='block_1_56' title="bbox 1848 2503 3444 2576">
    <p class='ocr_par' dir='ltr' id='par_1_56' title="bbox 1848 2503 3444 2576">
     <span class='ocr_line' id='line_1_56' title="bbox 1848 2503 3444 2576; baseline 0.002 -20"><span class='ocrx_word' id='word_1_404' title='bbox 1848 2503 1940 2557; x_wconf 85' lang='lat' dir='ltr'><strong>alii</strong></span> <span class='ocrx_word' id='word_1_405' title='bbox 1969 2503 2251 2573; x_wconf 79' lang='lat' dir='ltr'><strong>fastigium</strong></span> <span class='ocrx_word' id='word_1_406' title='bbox 2309 2504 2530 2576; x_wconf 69' lang='lat' dir='ltr'><strong>(aquilae</strong></span> <span class='ocrx_word' id='word_1_407' title='bbox 2574 2507 2746 2576; x_wconf 82' lang='lat' dir='ltr'><strong>figura</strong></span> <span class='ocrx_word' id='word_1_408' title='bbox 2789 2505 3102 2576; x_wconf 73' lang='lat' dir='ltr'><strong>praeditum)</strong></span> <span class='ocrx_word' id='word_1_409' title='bbox 3151 2515 3314 2576; x_wconf 85' lang='lat' dir='ltr'><strong>atque</strong></span> <span class='ocrx_word' id='word_1_410' title='bbox 3363 2514 3444 2559; x_wconf 90' lang='lat' dir='ltr'><strong>te-</strong></span> 
     </span>
    </p>
   </div>
   <div class='ocr_carea' id='block_1_57' title="bbox 1846 2598 3448 2670">
    <p class='ocr_par' dir='ltr' id='par_1_57' title="bbox 1846 2598 3448 2670">
     <span class='ocr_line' id='line_1_57' title="bbox 1846 2598 3448 2670; baseline 0 -18"><span class='ocrx_word' id='word_1_411' title='bbox 1846 2605 1996 2652; x_wconf 92' lang='lat' dir='ltr'><strong>ctum</strong></span> <span class='ocrx_word' id='word_1_412' title='bbox 2030 2613 2154 2652; x_wconf 87' lang='lat' dir='ltr'><strong>esse</strong></span> <span class='ocrx_word' id='word_1_413' title='bbox 2182 2599 2338 2652; x_wconf 90' lang='lat' dir='ltr'><strong>aiunt</strong></span> <span class='ocrx_word' id='word_1_414' title='bbox 2369 2613 2655 2653; x_wconf 89' lang='lat' dir='ltr'><strong>sacrorum</strong></span> <span class='ocrx_word' id='word_1_415' title='bbox 2682 2598 3062 2662; x_wconf 75' lang='lat' dir='ltr'><strong>:ediflciorum,</strong></span> <span class='ocrx_word' id='word_1_416' title='bbox 3085 2599 3243 2667; x_wconf 91' lang='lat' dir='ltr'><strong>cujus</strong></span> <span class='ocrx_word' id='word_1_417' title='bbox 3273 2598 3448 2670; x_wconf 81' lang='lat' dir='ltr'><strong>figura</strong></span> 
     </span>
    </p>
   </div>
   <div class='ocr_carea' id='block_1_58' title="bbox 1848 2690 3447 2762">
    <p class='ocr_par' dir='ltr' id='par_1_58' title="bbox 1848 2690 3447 2762">
     <span class='ocr_line' id='line_1_58' title="bbox 1848 2690 3447 2762; baseline 0.001 -20"><span class='ocrx_word' id='word_1_418' title='bbox 1848 2691 2119 2744; x_wconf 85' lang='lat' dir='ltr'><strong>volantem</strong></span> <span class='ocrx_word' id='word_1_419' title='bbox 2158 2705 2314 2745; x_wconf 86' lang='lat' dir='ltr'><strong>avem</strong></span> <span class='ocrx_word' id='word_1_420' title='bbox 2356 2691 2605 2745; x_wconf 83' lang='lat' dir='ltr'><strong>imitatur</strong></span> <span class='ocrx_word' id='word_1_421' title='bbox 2666 2703 2682 2744; x_wconf 92' lang='lat'><strong>:</strong></span> <span class='ocrx_word' id='word_1_422' title='bbox 2739 2705 2903 2761; x_wconf 89' lang='lat' dir='ltr'><strong>quam</strong></span> <span class='ocrx_word' id='word_1_423' title='bbox 2963 2690 3177 2746; x_wconf 82' lang='lat' dir='ltr'><strong>aediﬁcii</strong></span> <span class='ocrx_word' id='word_1_424' title='bbox 3234 2699 3447 2762; x_wconf 88' lang='lat' dir='ltr'><strong>partem</strong></span> 
     </span>
    </p>
   </div>
   <div class='ocr_carea' id='block_1_59' title="bbox 1849 2783 3450 2854">
    <p class='ocr_par' dir='ltr' id='par_1_59' title="bbox 1849 2783 3450 2854">
     <span class='ocr_line' id='line_1_59' title="bbox 1849 2783 3450 2854; baseline 0.002 -17"><span class='ocrx_word' id='word_1_425' title='bbox 1849 2783 2095 2837; x_wconf 87' lang='lat' dir='ltr'><strong>nonnulli</strong></span> <span class='ocrx_word' id='word_1_426' title='bbox 2132 2784 2298 2838; x_wconf 90' lang='lat' dir='ltr'><strong>etiam</strong></span> <span class='ocrx_word' id='word_1_427' title='bbox 2329 2784 2556 2853; x_wconf 89' lang='lat' dir='ltr'><strong>pinnam</strong></span> <span class='ocrx_word' id='word_1_428' title='bbox 2594 2784 2894 2854; x_wconf 86' lang='lat' dir='ltr'><strong>appellant.</strong></span> <span class='ocrx_word' id='word_1_429' title='bbox 2947 2785 3052 2839; x_wconf 80' lang='lat' dir='ltr'><strong>Alii</strong></span> <span class='ocrx_word' id='word_1_430' title='bbox 3100 2784 3450 2854; x_wconf 86' lang='lat' dir='ltr'><strong>distinguunt</strong></span> 
     </span>
    </p>
   </div>
   <div class='ocr_carea' id='block_1_60' title="bbox 1851 2873 3446 2944">
    <p class='ocr_par' dir='ltr' id='par_1_60' title="bbox 1851 2873 3446 2944">
     <span class='ocr_line' id='line_1_60' title="bbox 1851 2873 3446 2944; baseline 0.002 -18"><span class='ocrx_word' id='word_1_431' title='bbox 1851 2873 2072 2943; x_wconf 88' lang='lat' dir='ltr'><strong>pinnam</strong></span> <span class='ocrx_word' id='word_1_432' title='bbox 2097 2881 2153 2928; x_wconf 89' lang='lat' dir='ltr'><strong>et</strong></span> <span class='ocrx_word' id='word_1_433' title='bbox 2176 2874 2534 2943; x_wconf 89' lang='lat' dir='ltr'><strong>pinnaculum</strong></span> <span class='ocrx_word' id='word_1_434' title='bbox 2565 2874 2616 2906; x_wconf 71' lang='lat'><strong>&quot;</strong></span> <span class='ocrx_word' id='word_1_435' title='bbox 2649 2876 2765 2930; x_wconf 85' lang='lat' dir='ltr'><strong>sive</strong></span> <span class='ocrx_word' id='word_1_436' title='bbox 2815 2874 3014 2944; x_wconf 75' lang='lat' dir='ltr'><strong>aquila:</strong></span> <span class='ocrx_word' id='word_1_437' title='bbox 3061 2877 3177 2930; x_wconf 88' lang='lat' dir='ltr'><strong>sive</strong></span> <span class='ocrx_word' id='word_1_438' title='bbox 3219 2875 3446 2944; x_wconf 72' lang='lat' dir='ltr'><strong>fastigii.</strong></span> 
     </span>
    </p>
   </div>
   <div class='ocr_carea' id='block_1_61' title="bbox 1849 2966 3452 3037">
    <p class='ocr_par' dir='ltr' id='par_1_61' title="bbox 1849 2966 3452 3037">
     <span class='ocr_line' id='line_1_61' title="bbox 1849 2966 3452 3037; baseline 0.001 -17"><span class='ocrx_word' id='word_1_439' title='bbox 1849 2966 2018 3020; x_wconf 83' lang='lat' dir='ltr'><strong>Aiunt</strong></span> <span class='ocrx_word' id='word_1_440' title='bbox 2038 2966 2183 3020; x_wconf 91' lang='lat' dir='ltr'><strong>enim</strong></span> <span class='ocrx_word' id='word_1_441' title='bbox 2218 2966 2304 3021; x_wconf 91' lang='lat' dir='ltr'><strong>his</strong></span> <span class='ocrx_word' id='word_1_442' title='bbox 2329 2967 2625 3036; x_wconf 81' lang='lat' dir='ltr'><strong>signiﬁcari</strong></span> <span class='ocrx_word' id='word_1_443' title='bbox 2657 2976 2869 3037; x_wconf 89' lang='lat' dir='ltr'><strong>partem</strong></span> <span class='ocrx_word' id='word_1_444' title='bbox 2908 2967 3056 3020; x_wconf 88' lang='lat' dir='ltr'><strong>illam</strong></span> <span class='ocrx_word' id='word_1_445' title='bbox 3109 2967 3322 3021; x_wconf 71' lang='lat' dir='ltr'><strong>mdificii</strong></span> <span class='ocrx_word' id='word_1_446' title='bbox 3369 2967 3452 3021; x_wconf 85' lang='lat' dir='ltr'><strong>la-</strong></span> 
     </span>
    </p>
   </div>
   <div class='ocr_carea' id='block_1_62' title="bbox 178 3059 1750 3134">
    <p class='ocr_par' dir='ltr' id='par_1_62' title="bbox 178 3059 1746 3133">
     <span class='ocr_line' id='line_1_62' title="bbox 178 3059 1746 3133; baseline -0.003 -18"><span class='ocrx_word' id='word_1_447' title='bbox 178 3061 576 3132; x_wconf 74' lang='grc' dir='ltr'><strong>ἀνατεινόμενων</strong></span> <span class='ocrx_word' id='word_1_448' title='bbox 613 3062 812 3133; x_wconf 83' lang='grc' dir='ltr'><strong>μᾶλλον</strong></span> <span class='ocrx_word' id='word_1_449' title='bbox 832 3060 1339 3132; x_wconf 77' lang='grc' dir='ltr'><strong>κατεσκευασμένον</strong></span> <span class='ocrx_word' id='word_1_450' title='bbox 1367 3059 1710 3130; x_wconf 74' lang='grc' dir='ltr'><strong>οἰκοδόμημα</strong></span> <span class='ocrx_word' id='word_1_451' title='bbox 1730 3073 1746 3090; x_wconf 75' lang='grc' dir='ltr'><strong>ο</strong></span> 
     </span>
    </p>
   </div>
   <div class='ocr_carea' id='block_1_63' title="bbox 1854 3059 3449 3134">
    <p class='ocr_par' dir='ltr' id='par_1_63' title="bbox 1855 3060 3449 3131">
     <span class='ocr_line' id='line_1_63' title="bbox 1855 3060 3449 3131; baseline -0.001 -17"><span class='ocrx_word' id='word_1_452' title='bbox 1855 3061 2094 3130; x_wconf 87' lang='lat' dir='ltr'><strong>pidcam,</strong></span> <span class='ocrx_word' id='word_1_453' title='bbox 2138 3060 2409 3129; x_wconf 87' lang='lat' dir='ltr'><strong>altiusque</strong></span> <span class='ocrx_word' id='word_1_454' title='bbox 2454 3061 2677 3128; x_wconf 88' lang='lat' dir='ltr'><strong>elatam,</strong></span> <span class='ocrx_word' id='word_1_455' title='bbox 2735 3076 2859 3131; x_wconf 62' lang='lat' dir='ltr'><strong>qum</strong></span> <span class='ocrx_word' id='word_1_456' title='bbox 2899 3076 3182 3114; x_wconf 83' lang='lat' dir='ltr'><strong>sacrarum</strong></span> <span class='ocrx_word' id='word_1_457' title='bbox 3247 3061 3449 3114; x_wconf 62' lang='lat' dir='ltr'><strong>aedium</strong></span> 
     </span>
    </p>
   </div>
   <div class='ocr_carea' id='block_1_64' title="bbox 187 3151 1755 3225">
    <p class='ocr_par' dir='ltr' id='par_1_64' title="bbox 187 3151 1755 3225">
     <span class='ocr_line' id='line_1_64' title="bbox 187 3151 1755 3225; baseline 0.001 -23"><span class='ocrx_word' id='word_1_458' title='bbox 187 3151 295 3223; x_wconf 76' lang='grc' dir='ltr'><strong>πλὴν</strong></span> <span class='ocrx_word' id='word_1_459' title='bbox 319 3153 452 3206; x_wconf 81' lang='grc' dir='ltr'><strong>ἀλλὰ</strong></span> <span class='ocrx_word' id='word_1_460' title='bbox 472 3154 595 3223; x_wconf 76' lang='grc' dir='ltr'><strong>γὰρ</strong></span> <span class='ocrx_word' id='word_1_461' title='bbox 626 3154 678 3205; x_wconf 83' lang='grc' dir='ltr'><strong>εἰ</strong></span> <span class='ocrx_word' id='word_1_462' title='bbox 711 3169 796 3215; x_wconf 83' lang='grc' dir='ltr'><strong>τις</strong></span> <span class='ocrx_word' id='word_1_463' title='bbox 825 3153 1115 3225; x_wconf 82' lang='grc' dir='ltr'><strong>προτείνας</strong></span> <span class='ocrx_word' id='word_1_464' title='bbox 1139 3152 1198 3206; x_wconf 86' lang='grc' dir='ltr'><strong>τὸ</strong></span> <span class='ocrx_word' id='word_1_465' title='bbox 1227 3151 1541 3223; x_wconf 86' lang='grc' dir='ltr'><strong>πτερύγιον,</strong></span> <span class='ocrx_word' id='word_1_466' title='bbox 1563 3152 1755 3220; x_wconf 86' lang='grc' dir='ltr'><strong>διερω-</strong></span> 
     </span>
    </p>
   </div>
   <div class='ocr_carea' id='block_1_65' title="bbox 186 3239 1753 3320">
    <p class='ocr_par' dir='ltr' id='par_1_65' title="bbox 186 3239 1753 3320">
     <span class='ocr_line' id='line_1_65' title="bbox 186 3239 1753 3320; baseline 0 -26"><span class='ocrx_word' id='word_1_467' title='bbox 186 3239 277 3312; x_wconf 58' lang='lat' dir='ltr'><strong>stin}</strong></span> <span class='ocrx_word' id='word_1_468' title='bbox 302 3243 524 3313; x_wconf 82' lang='grc' dir='ltr'><strong>πότερον</strong></span> <span class='ocrx_word' id='word_1_469' title='bbox 558 3242 846 3312; x_wconf 81' lang='grc' dir='ltr'><strong>ὲξήπλωτο</strong></span> <span class='ocrx_word' id='word_1_470' title='bbox 875 3241 952 3312; x_wconf 85' lang='grc' dir='ltr'><strong>τῷ</strong></span> <span class='ocrx_word' id='word_1_471' title='bbox 991 3243 1118 3320; x_wconf 17' lang='grc' dir='ltr'><strong>ἀέρι.</strong></span> <span class='ocrx_word' id='word_1_472' title='bbox 1144 3244 1239 3296; x_wconf 77' lang='grc' dir='ltr'><strong>καὶ</strong></span> <span class='ocrx_word' id='word_1_473' title='bbox 1271 3242 1536 3314; x_wconf 81' lang='grc' dir='ltr'><strong>ὑπηρέτει</strong></span> <span class='ocrx_word' id='word_1_474' title='bbox 1567 3240 1753 3297; x_wconf 88' lang='grc' dir='ltr'><strong>κινού-</strong></span> 
     </span>
    </p>
   </div>
   <div class='ocr_carea' id='block_1_66' title="bbox 187 3335 1756 3409">
    <p class='ocr_par' dir='ltr' id='par_1_66' title="bbox 187 3335 1756 3409">
     <span class='ocr_line' id='line_1_66' title="bbox 187 3335 1756 3409; baseline 0 -21"><span class='ocrx_word' id='word_1_475' title='bbox 187 3351 325 3404; x_wconf 81' lang='grc' dir='ltr'><strong>μενον</strong></span> <span class='ocrx_word' id='word_1_476' title='bbox 368 3337 447 3408; x_wconf 79' lang='grc' dir='ltr'><strong>τῷ</strong></span> <span class='ocrx_word' id='word_1_477' title='bbox 499 3336 688 3409; x_wconf 75' lang='grc' dir='ltr'><strong>ὄρνιθι</strong></span> <span class='ocrx_word' id='word_1_478' title='bbox 733 3336 833 3407; x_wconf 81' lang='grc' dir='ltr'><strong>τὴν</strong></span> <span class='ocrx_word' id='word_1_479' title='bbox 867 3339 1086 3406; x_wconf 84' lang='grc' dir='ltr'><strong>πτῆσιν,</strong></span> <span class='ocrx_word' id='word_1_480' title='bbox 1130 3337 1163 3407; x_wconf 81' lang='grc' dir='ltr'>ἢ</span> <span class='ocrx_word' id='word_1_481' title='bbox 1203 3335 1532 3390; x_wconf 82' lang='grc' dir='ltr'><strong>συνέσταλτὸ</strong></span> <span class='ocrx_word' id='word_1_482' title='bbox 1569 3353 1629 3390; x_wconf 88' lang='grc' dir='ltr'><strong>τε</strong></span> <span class='ocrx_word' id='word_1_483' title='bbox 1659 3336 1756 3390; x_wconf 60' lang='grc' dir='ltr'><strong>καὶ⁹</strong></span> 
     </span>
    </p>
   </div>
   <div class='ocr_carea' id='block_1_67' title="bbox 186 3427 1755 3501">
    <p class='ocr_par' dir='ltr' id='par_1_67' title="bbox 186 3427 1755 3501">
     <span class='ocr_line' id='line_1_67' title="bbox 186 3427 1755 3501; baseline 0.001 -23"><span class='ocrx_word' id='word_1_484' title='bbox 186 3427 587 3493; x_wconf 81' lang='grc' dir='ltr'><strong>συνεπτύσσετο,</strong></span> <span class='ocrx_word' id='word_1_485' title='bbox 622 3429 715 3482; x_wconf 78' lang='grc' dir='ltr'><strong>καὶ</strong></span> <span class='ocrx_word' id='word_1_486' title='bbox 751 3431 833 3491; x_wconf 83' lang='grc' dir='ltr'><strong>είς</strong></span> <span class='ocrx_word' id='word_1_487' title='bbox 859 3428 918 3482; x_wconf 83' lang='grc' dir='ltr'><strong>τὸ</strong></span> <span class='ocrx_word' id='word_1_488' title='bbox 957 3429 1145 3498; x_wconf 84' lang='grc' dir='ltr'><strong>σχῆμα</strong></span> <span class='ocrx_word' id='word_1_489' title='bbox 1168 3427 1280 3481; x_wconf 86' lang='grc' dir='ltr'><strong>τῶν</strong></span> <span class='ocrx_word' id='word_1_490' title='bbox 1305 3428 1663 3501; x_wconf 76' lang='grc' dir='ltr'><strong>ἠρεμούντων</strong></span> <span class='ocrx_word' id='word_1_491' title='bbox 1692 3428 1755 3481; x_wconf 77' lang='grc' dir='ltr'><strong>τὸ</strong></span> 
     </span>
    </p>
   </div>
   <div class='ocr_carea' id='block_1_68' title="bbox 183 3516 1756 3592">
    <p class='ocr_par' dir='ltr' id='par_1_68' title="bbox 183 3516 1756 3592">
     <span class='ocr_line' id='line_1_68' title="bbox 183 3516 1756 3592; baseline 0.004 -24"><span class='ocrx_word' id='word_1_492' title='bbox 183 3521 360 3590; x_wconf 78' lang='grc' dir='ltr'><strong>πτηνὸν</strong></span> <span class='ocrx_word' id='word_1_493' title='bbox 395 3521 641 3592; x_wconf 77' lang='grc' dir='ltr'><strong>συνῆγεν</strong></span> <span class='ocrx_word' id='word_1_494' title='bbox 660 3561 676 3585; x_wconf 93' lang='grc'><strong>,</strong></span> <span class='ocrx_word' id='word_1_495' title='bbox 707 3516 863 3592; x_wconf 74' lang='grc' dir='ltr'><strong>οἶμαι</strong></span> <span class='ocrx_word' id='word_1_496' title='bbox 894 3521 960 3574; x_wconf 82' lang='grc' dir='ltr'><strong>ἂν</strong></span> <span class='ocrx_word' id='word_1_497' title='bbox 993 3521 1114 3574; x_wconf 77' lang='grc' dir='ltr'><strong>ἀντὶ</strong></span> <span class='ocrx_word' id='word_1_498' title='bbox 1140 3519 1235 3574; x_wconf 80' lang='grc' dir='ltr'><strong>τοῦ</strong></span> <span class='ocrx_word' id='word_1_499' title='bbox 1267 3520 1422 3575; x_wconf 89' lang='grc' dir='ltr'><strong>λύσιν</strong></span> <span class='ocrx_word' id='word_1_500' title='bbox 1458 3522 1629 3574; x_wconf 74' lang='grc' dir='ltr'><strong>αἰτεῖν</strong></span> <span class='ocrx_word' id='word_1_501' title='bbox 1653 3519 1756 3590; x_wconf 81' lang='grc' dir='ltr'><strong>τῆς</strong></span> 
     </span>
    </p>
   </div>
   <div class='ocr_carea' id='block_1_69' title="bbox 182 3609 1756 3682">
    <p class='ocr_par' dir='ltr' id='par_1_69' title="bbox 182 3609 1756 3682">
     <span class='ocr_line' id='line_1_69' title="bbox 182 3609 1756 3682; baseline 0.003 -22"><span class='ocrx_word' id='word_1_502' title='bbox 182 3609 414 3679; x_wconf 78' lang='grc' dir='ltr'><strong>ἀπορίας,</strong></span> <span class='ocrx_word' id='word_1_503' title='bbox 457 3613 683 3680; x_wconf 79' lang='grc' dir='ltr'><strong>γέλωτα</strong></span> <span class='ocrx_word' id='word_1_504' title='bbox 711 3614 1017 3682; x_wconf 83' lang='grc' dir='ltr'><strong>παρασχεῖν</strong></span> <span class='ocrx_word' id='word_1_505' title='bbox 1050 3626 1066 3640; x_wconf 75' lang='grc'><strong><em>⁸</em></strong></span> <span class='ocrx_word' id='word_1_506' title='bbox 1097 3612 1274 3666; x_wconf 87' lang='grc' dir='ltr'><strong>καίτοι</strong></span> <span class='ocrx_word' id='word_1_507' title='bbox 1302 3613 1355 3680; x_wconf 91' lang='grc' dir='ltr'><strong>γ’</strong></span> <span class='ocrx_word' id='word_1_508' title='bbox 1383 3611 1450 3666; x_wconf 81' lang='grc' dir='ltr'><strong>ἂν</strong></span> <span class='ocrx_word' id='word_1_509' title='bbox 1482 3613 1613 3676; x_wconf 73' lang='grc' dir='ltr'><strong>ἴσως</strong></span> <span class='ocrx_word' id='word_1_510' title='bbox 1661 3613 1756 3664; x_wconf 74' lang='grc' dir='ltr'><strong>καὶ</strong></span> 
     </span>
    </p>
   </div>
   <div class='ocr_carea' id='block_1_70' title="bbox 180 3704 1754 3774">
    <p class='ocr_par' dir='ltr' id='par_1_70' title="bbox 180 3704 1754 3774">
     <span class='ocr_line' id='line_1_70' title="bbox 180 3704 1754 3774; baseline 0 -20"><span class='ocrx_word' id='word_1_511' title='bbox 180 3704 686 3774; x_wconf 78' lang='grc' dir='ltr'><strong>ἐπινεωτερίσαιτο,</strong></span> <span class='ocrx_word' id='word_1_512' title='bbox 711 3704 786 3766; x_wconf 86' lang='grc' dir='ltr'><strong>ὼς</strong></span> <span class='ocrx_word' id='word_1_513' title='bbox 826 3705 1087 3772; x_wconf 87' lang='grc' dir='ltr'><strong>ὁπότερον</strong></span> <span class='ocrx_word' id='word_1_514' title='bbox 1118 3704 1183 3755; x_wconf 84' lang='grc' dir='ltr'><strong>ἄν</strong></span> <span class='ocrx_word' id='word_1_515' title='bbox 1213 3719 1296 3766; x_wconf 88' lang='grc' dir='ltr'><strong>τις</strong></span> <span class='ocrx_word' id='word_1_516' title='bbox 1343 3704 1481 3774; x_wconf 84' lang='grc' dir='ltr'><strong>δοίη,</strong></span> <span class='ocrx_word' id='word_1_517' title='bbox 1517 3704 1754 3756; x_wconf 83' lang='grc' dir='ltr'><strong>ἀδύνατα</strong></span> 
     </span>
    </p>
   </div>
   <div class='ocr_carea' id='block_1_71' title="bbox 181 3793 1757 3868">
    <p class='ocr_par' dir='ltr' id='par_1_71' title="bbox 181 3793 1757 3868">
     <span class='ocr_line' id='line_1_71' title="bbox 181 3793 1757 3868; baseline 0.001 -21"><span class='ocrx_word' id='word_1_518' title='bbox 181 3793 338 3864; x_wconf 83' lang='grc' dir='ltr'><strong>λέγων</strong></span> <span class='ocrx_word' id='word_1_519' title='bbox 375 3798 774 3868; x_wconf 78' lang='grc' dir='ltr'><strong>φωραθήσεται</strong></span> <span class='ocrx_word' id='word_1_520' title='bbox 801 3813 816 3826; x_wconf 79' lang='grc'><strong><em>⁸</em></strong></span> <span class='ocrx_word' id='word_1_521' title='bbox 855 3797 979 3848; x_wconf 75' lang='grc' dir='ltr'><strong>οὔτε</strong></span> <span class='ocrx_word' id='word_1_522' title='bbox 1001 3796 1109 3866; x_wconf 81' lang='grc' dir='ltr'><strong>γὰρ</strong></span> <span class='ocrx_word' id='word_1_523' title='bbox 1135 3797 1494 3863; x_wconf 82' lang='grc' dir='ltr'><strong>ἐκτεταμένον</strong></span> <span class='ocrx_word' id='word_1_524' title='bbox 1531 3795 1592 3848; x_wconf 83' lang='grc' dir='ltr'><strong>τὸ</strong></span> <span class='ocrx_word' id='word_1_525' title='bbox 1626 3814 1757 3848; x_wconf 87' lang='grc' dir='ltr'><strong>πτε-</strong></span> 
     </span>
    </p>
   </div>
   <div class='ocr_carea' id='block_1_72' title="bbox 182 3889 1756 3961">
    <p class='ocr_par' dir='ltr' id='par_1_72' title="bbox 182 3889 1756 3961">
     <span class='ocr_line' id='line_1_72' title="bbox 182 3889 1756 3961; baseline -0.002 -19"><span class='ocrx_word' id='word_1_526' title='bbox 182 3889 350 3959; x_wconf 78' lang='grc' dir='ltr'><strong>ρύγιον</strong></span> <span class='ocrx_word' id='word_1_527' title='bbox 377 3891 544 3960; x_wconf 75' lang='grc' dir='ltr'><strong>ὄγκον</strong></span> <span class='ocrx_word' id='word_1_528' title='bbox 587 3890 842 3961; x_wconf 85' lang='grc' dir='ltr'><strong>σώματος</strong></span> <span class='ocrx_word' id='word_1_529' title='bbox 871 3889 965 3942; x_wconf 71' lang='grc' dir='ltr'><strong>καὶ</strong></span> <span class='ocrx_word' id='word_1_530' title='bbox 1000 3889 1166 3958; x_wconf 80' lang='grc' dir='ltr'><strong>βάρος</strong></span> <span class='ocrx_word' id='word_1_531' title='bbox 1213 3889 1496 3942; x_wconf 77' lang='grc' dir='ltr'><strong>ἐπιϐαῖνον</strong></span> <span class='ocrx_word' id='word_1_532' title='bbox 1541 3889 1756 3958; x_wconf 78' lang='grc' dir='ltr'><strong>ἀνέχειν</strong></span> 
     </span>
    </p>
   </div>
   <div class='ocr_carea' id='block_1_73' title="bbox 178 3979 1756 4054">
    <p class='ocr_par' dir='ltr' id='par_1_73' title="bbox 178 3979 1756 4054">
     <span class='ocr_line' id='line_1_73' title="bbox 178 3979 1756 4054; baseline -0.003 -20"><span class='ocrx_word' id='word_1_533' title='bbox 178 3981 402 4046; x_wconf 82' lang='grc' dir='ltr'><strong>δύναται,</strong></span> <span class='ocrx_word' id='word_1_534' title='bbox 429 3981 562 4036; x_wconf 75' lang='grc' dir='ltr'><strong>οὔτε</strong></span> <span class='ocrx_word' id='word_1_535' title='bbox 595 3982 694 4054; x_wconf 81' lang='grc' dir='ltr'><strong>τὴν</strong></span> <span class='ocrx_word' id='word_1_536' title='bbox 732 3981 876 4035; x_wconf 82' lang='grc' dir='ltr'><strong>κατά</strong></span> <span class='ocrx_word' id='word_1_537' title='bbox 912 3982 1175 4052; x_wconf 82' lang='grc' dir='ltr'><strong>συστολὴν</strong></span> <span class='ocrx_word' id='word_1_538' title='bbox 1199 3979 1350 4033; x_wconf 81' lang='grc' dir='ltr'><strong>θέσιν</strong></span> <span class='ocrx_word' id='word_1_539' title='bbox 1376 3981 1497 4052; x_wconf 78' lang='grc' dir='ltr'><strong>ἕχον</strong></span> <span class='ocrx_word' id='word_1_540' title='bbox 1525 3997 1539 4011; x_wconf 73' lang='grc' dir='ltr'><strong>ο</strong></span> <span class='ocrx_word' id='word_1_541' title='bbox 1576 3979 1756 4049; x_wconf 80' lang='grc' dir='ltr'><strong>πολλῷ</strong></span> 
     </span>
    </p>
   </div>
   <div class='ocr_carea' id='block_1_74' title="bbox 181 4073 1757 4148">
    <p class='ocr_par' dir='ltr' id='par_1_74' title="bbox 181 4073 1757 4148">
     <span class='ocr_line' id='line_1_74' title="bbox 181 4073 1757 4148; baseline -0.001 -16"><span class='ocrx_word' id='word_1_542' title='bbox 181 4079 365 4148; x_wconf 81' lang='grc' dir='ltr'><strong>μᾶλλον</strong></span> <span class='ocrx_word' id='word_1_543' title='bbox 388 4080 514 4133; x_wconf 79' lang='grc' dir='ltr'><strong>οὐδὲ</strong></span> <span class='ocrx_word' id='word_1_544' title='bbox 538 4079 641 4148; x_wconf 79' lang='grc' dir='ltr'><strong>τὴν</strong></span> <span class='ocrx_word' id='word_1_545' title='bbox 666 4079 922 4131; x_wconf 75' lang='grc' dir='ltr'><strong>ἐπίϐασιν</strong></span> <span class='ocrx_word' id='word_1_546' title='bbox 946 4078 1085 4140; x_wconf 80' lang='grc' dir='ltr'><strong>ὅλως</strong></span> <span class='ocrx_word' id='word_1_547' title='bbox 1119 4077 1467 4147; x_wconf 79' lang='grc' dir='ltr'><strong>παραδέχοιτ⁹</strong></span> <span class='ocrx_word' id='word_1_548' title='bbox 1498 4077 1565 4130; x_wconf 84' lang='grc' dir='ltr'><strong>ἄν</strong></span> <span class='ocrx_word' id='word_1_549' title='bbox 1599 4093 1613 4108; x_wconf 75' lang='grc'><strong>⁸</strong></span> <span class='ocrx_word' id='word_1_550' title='bbox 1646 4073 1757 4148; x_wconf 84' lang='grc' dir='ltr'><strong>ἆρα</strong></span> 
     </span>
    </p>
   </div>
   <div class='ocr_carea' id='block_1_75' title="bbox 178 4169 1757 4241">
    <p class='ocr_par' dir='ltr' id='par_1_75' title="bbox 178 4169 1757 4241">
     <span class='ocr_line' id='line_1_75' title="bbox 178 4169 1757 4241; baseline -0.002 -18"><span class='ocrx_word' id='word_1_551' title='bbox 178 4171 274 4241; x_wconf 73' lang='grc' dir='ltr'><strong>γὰρ</strong></span> <span class='ocrx_word' id='word_1_552' title='bbox 302 4174 347 4224; x_wconf 85' lang='grc' dir='ltr'><strong>οἰ</strong></span> <span class='ocrx_word' id='word_1_553' title='bbox 377 4173 445 4225; x_wconf 76' lang='grc' dir='ltr'><strong>τὰ</strong></span> <span class='ocrx_word' id='word_1_554' title='bbox 496 4171 730 4225; x_wconf 84' lang='grc' dir='ltr'><strong>τοιαῦτα</strong></span> <span class='ocrx_word' id='word_1_555' title='bbox 765 4170 1102 4241; x_wconf 84' lang='grc' dir='ltr'><strong>προάγοντες</strong></span> <span class='ocrx_word' id='word_1_556' title='bbox 1125 4170 1244 4224; x_wconf 69' lang='grc' dir='ltr'><strong>ἀντὶ</strong></span> <span class='ocrx_word' id='word_1_557' title='bbox 1266 4169 1360 4223; x_wconf 82' lang='grc' dir='ltr'><strong>τοῦ</strong></span> <span class='ocrx_word' id='word_1_558' title='bbox 1392 4169 1649 4236; x_wconf 82' lang='grc' dir='ltr'><strong>συνάγειν</strong></span> <span class='ocrx_word' id='word_1_559' title='bbox 1676 4171 1757 4232; x_wconf 82' lang='grc' dir='ltr'><strong>εἰς</strong></span> 
     </span>
    </p>
   </div>
   <div class='ocr_carea' id='block_1_76' title="bbox 176 4260 1756 4332">
    <p class='ocr_par' dir='ltr' id='par_1_76' title="bbox 176 4260 1756 4332">
     <span class='ocr_line' id='line_1_76' title="bbox 176 4260 1756 4332; baseline 0 -20"><span class='ocrx_word' id='word_1_560' title='bbox 176 4261 392 4332; x_wconf 80' lang='grc' dir='ltr'><strong>ἀπορίαν</strong></span> <span class='ocrx_word' id='word_1_561' title='bbox 451 4263 700 4332; x_wconf 80' lang='grc' dir='ltr'><strong>ἑτέρους,</strong></span> <span class='ocrx_word' id='word_1_562' title='bbox 757 4262 820 4313; x_wconf 84' lang='grc' dir='ltr'><strong>οὐ</strong></span> <span class='ocrx_word' id='word_1_563' title='bbox 872 4260 1008 4312; x_wconf 77' lang='grc' dir='ltr'><strong>πολὺ</strong></span> <span class='ocrx_word' id='word_1_564' title='bbox 1065 4261 1333 4330; x_wconf 78' lang='grc' dir='ltr'><strong>πρότερον</strong></span> <span class='ocrx_word' id='word_1_565' title='bbox 1388 4261 1615 4322; x_wconf 75' lang='grc' dir='ltr'><strong>ἑαυτοὺς</strong></span> <span class='ocrx_word' id='word_1_566' title='bbox 1677 4261 1756 4323; x_wconf 81' lang='grc' dir='ltr'><strong>εἰς</strong></span> 
     </span>
    </p>
   </div>
   <div class='ocr_carea' id='block_1_77' title="bbox 1858 3147 3446 3219">
    <p class='ocr_par' dir='ltr' id='par_1_77' title="bbox 1858 3147 3446 3219">
     <span class='ocr_line' id='line_1_77' title="bbox 1858 3147 3446 3219; baseline -0.001 -15"><span class='ocrx_word' id='word_1_567' title='bbox 1858 3150 2011 3204; x_wconf 88' lang='lat' dir='ltr'><strong>frons</strong></span> <span class='ocrx_word' id='word_1_568' title='bbox 2039 3159 2142 3204; x_wconf 86' lang='lat' dir='ltr'><strong>est.</strong></span> <span class='ocrx_word' id='word_1_569' title='bbox 2183 3148 2240 3204; x_wconf 85' lang='lat' dir='ltr'><strong>Si</strong></span> <span class='ocrx_word' id='word_1_570' title='bbox 2271 3149 2396 3218; x_wconf 87' lang='lat' dir='ltr'><strong>quis</strong></span> <span class='ocrx_word' id='word_1_571' title='bbox 2426 3159 2608 3204; x_wconf 86' lang='lat' dir='ltr'><strong>tamen</strong></span> <span class='ocrx_word' id='word_1_572' title='bbox 2646 3148 2868 3219; x_wconf 90' lang='lat' dir='ltr'><strong>pinnam</strong></span> <span class='ocrx_word' id='word_1_573' title='bbox 2932 3165 3030 3204; x_wconf 88' lang='lat' dir='ltr'><strong>seu</strong></span> <span class='ocrx_word' id='word_1_574' title='bbox 3087 3147 3446 3219; x_wconf 86' lang='lat' dir='ltr'><strong>pinnaculum</strong></span> 
     </span>
    </p>
   </div>
   <div class='ocr_carea' id='block_1_78' title="bbox 1859 3241 3439 3312">
    <p class='ocr_par' dir='ltr' id='par_1_78' title="bbox 1859 3241 3439 3312">
     <span class='ocr_line' id='line_1_78' title="bbox 1859 3241 3439 3312; baseline -0.001 -16"><span class='ocrx_word' id='word_1_575' title='bbox 1859 3241 2164 3306; x_wconf 87' lang='lat' dir='ltr'><strong>inculcans,</strong></span> <span class='ocrx_word' id='word_1_576' title='bbox 2196 3251 2414 3311; x_wconf 79' lang='lat' dir='ltr'><strong>rogaret</strong></span> <span class='ocrx_word' id='word_1_577' title='bbox 2442 3252 2623 3295; x_wconf 89' lang='lat' dir='ltr'><strong>utrum</strong></span> <span class='ocrx_word' id='word_1_578' title='bbox 2662 3242 2716 3296; x_wconf 89' lang='lat' dir='ltr'><strong>id</strong></span> <span class='ocrx_word' id='word_1_579' title='bbox 2754 3243 3155 3312; x_wconf 86' lang='lat' dir='ltr'><strong>expanderctur</strong></span> <span class='ocrx_word' id='word_1_580' title='bbox 3203 3241 3255 3295; x_wconf 90' lang='lat' dir='ltr'><strong>in</strong></span> <span class='ocrx_word' id='word_1_581' title='bbox 3291 3256 3439 3302; x_wconf 84' lang='lat' dir='ltr'><strong>aere,</strong></span> 
     </span>
    </p>
   </div>
   <div class='ocr_carea' id='block_1_79' title="bbox 1859 3333 3450 3405">
    <p class='ocr_par' dir='ltr' id='par_1_79' title="bbox 1859 3333 3450 3405">
     <span class='ocr_line' id='line_1_79' title="bbox 1859 3333 3450 3405; baseline -0.001 -17"><span class='ocrx_word' id='word_1_582' title='bbox 1859 3344 2306 3400; x_wconf 88' lang='lat' dir='ltr'><strong>commotumque</strong></span> <span class='ocrx_word' id='word_1_583' title='bbox 2333 3334 2452 3389; x_wconf 85' lang='lat' dir='ltr'><strong>avis</strong></span> <span class='ocrx_word' id='word_1_584' title='bbox 2490 3334 2701 3389; x_wconf 88' lang='lat' dir='ltr'><strong>volatui</strong></span> <span class='ocrx_word' id='word_1_585' title='bbox 2731 3333 2975 3389; x_wconf 64' lang='lat' dir='ltr'><strong>fureret?</strong></span> <span class='ocrx_word' id='word_1_586' title='bbox 3011 3350 3080 3389; x_wconf 89' lang='lat' dir='ltr'><strong>an</strong></span> <span class='ocrx_word' id='word_1_587' title='bbox 3111 3334 3295 3405; x_wconf 86' lang='lat' dir='ltr'><strong>potius</strong></span> <span class='ocrx_word' id='word_1_588' title='bbox 3315 3348 3450 3389; x_wconf 55' lang='lat' dir='ltr'><strong>con-</strong></span> 
     </span>
    </p>
   </div>
   <div class='ocr_carea' id='block_1_80' title="bbox 1857 3428 3456 3498">
    <p class='ocr_par' dir='ltr' id='par_1_80' title="bbox 1857 3428 3456 3498">
     <span class='ocr_line' id='line_1_80' title="bbox 1857 3428 3456 3498; baseline 0.001 -18"><span class='ocrx_word' id='word_1_589' title='bbox 1857 3428 2174 3482; x_wconf 87' lang='lat' dir='ltr'><strong>traheretur</strong></span> <span class='ocrx_word' id='word_1_590' title='bbox 2203 3437 2367 3497; x_wconf 91' lang='lat' dir='ltr'><strong>atque</strong></span> <span class='ocrx_word' id='word_1_591' title='bbox 2391 3429 2837 3498; x_wconf 86' lang='lat' dir='ltr'><strong>complicaretur,</strong></span> <span class='ocrx_word' id='word_1_592' title='bbox 2883 3429 3110 3498; x_wconf 88' lang='lat' dir='ltr'><strong>avisque</strong></span> <span class='ocrx_word' id='word_1_593' title='bbox 3158 3429 3456 3497; x_wconf 80' lang='lat' dir='ltr'><strong>quiescen-</strong></span> 
     </span>
    </p>
   </div>
   <div class='ocr_carea' id='block_1_81' title="bbox 1856 3519 3450 3590">
    <p class='ocr_par' dir='ltr' id='par_1_81' title="bbox 1856 3519 3450 3590">
     <span class='ocr_line' id='line_1_81' title="bbox 1856 3519 3450 3590; baseline -0.001 -16"><span class='ocrx_word' id='word_1_594' title='bbox 1856 3519 1929 3575; x_wconf 87' lang='lat' dir='ltr'><strong>tis</strong></span> <span class='ocrx_word' id='word_1_595' title='bbox 1959 3522 2198 3590; x_wconf 87' lang='lat' dir='ltr'><strong>speciem</strong></span> <span class='ocrx_word' id='word_1_596' title='bbox 2227 3519 2544 3575; x_wconf 80' lang='lat' dir='ltr'><strong>exhiberet?</strong></span> <span class='ocrx_word' id='word_1_597' title='bbox 2575 3521 2740 3575; x_wconf 89' lang='lat' dir='ltr'><strong>credo</strong></span> <span class='ocrx_word' id='word_1_598' title='bbox 2778 3521 3031 3590; x_wconf 87' lang='lat' dir='ltr'><strong>equidem</strong></span> <span class='ocrx_word' id='word_1_599' title='bbox 3061 3520 3360 3575; x_wconf 89' lang='lat' dir='ltr'><strong>excitatum</strong></span> <span class='ocrx_word' id='word_1_600' title='bbox 3386 3520 3450 3574; x_wconf 89' lang='lat' dir='ltr'><strong>iri</strong></span> 
     </span>
    </p>
   </div>
   <div class='ocr_carea' id='block_1_82' title="bbox 1860 3611 3454 3682">
    <p class='ocr_par' dir='ltr' id='par_1_82' title="bbox 1860 3611 3454 3682">
     <span class='ocr_line' id='line_1_82' title="bbox 1860 3611 3454 3682; baseline -0.001 -16"><span class='ocrx_word' id='word_1_601' title='bbox 1860 3612 2040 3681; x_wconf 90' lang='lat' dir='ltr'><strong>potius</strong></span> <span class='ocrx_word' id='word_1_602' title='bbox 2061 3613 2130 3667; x_wconf 90' lang='lat' dir='ltr'><strong>ab</strong></span> <span class='ocrx_word' id='word_1_603' title='bbox 2162 3613 2268 3667; x_wconf 89' lang='lat' dir='ltr'><strong>hoc</strong></span> <span class='ocrx_word' id='word_1_604' title='bbox 2320 3614 2518 3676; x_wconf 85' lang='lat' dir='ltr'><strong>risum,</strong></span> <span class='ocrx_word' id='word_1_605' title='bbox 2575 3627 2741 3682; x_wconf 87' lang='lat' dir='ltr'><strong>quam</strong></span> <span class='ocrx_word' id='word_1_606' title='bbox 2798 3621 3049 3666; x_wconf 85' lang='lat' dir='ltr'><strong>curatqu</strong></span> <span class='ocrx_word' id='word_1_607' title='bbox 3109 3619 3170 3666; x_wconf 93' lang='lat' dir='ltr'><strong>ut</strong></span> <span class='ocrx_word' id='word_1_608' title='bbox 3218 3611 3454 3681; x_wconf 69' lang='lat' dir='ltr'><strong>quaestio</strong></span> 
     </span>
    </p>
   </div>
   <div class='ocr_carea' id='block_1_83' title="bbox 1861 3705 3452 3774">
    <p class='ocr_par' dir='ltr' id='par_1_83' title="bbox 1861 3705 3452 3774">
     <span class='ocr_line' id='line_1_83' title="bbox 1861 3705 3452 3774; baseline -0.002 -13"><span class='ocrx_word' id='word_1_609' title='bbox 1861 3707 2126 3761; x_wconf 84' lang='lat' dir='ltr'><strong>solvatur.</strong></span> <span class='ocrx_word' id='word_1_610' title='bbox 2157 3705 2414 3761; x_wconf 88' lang='lat' dir='ltr'><strong>Fortasse</strong></span> <span class='ocrx_word' id='word_1_611' title='bbox 2441 3705 2604 3759; x_wconf 87' lang='lat' dir='ltr'><strong>etiam</strong></span> <span class='ocrx_word' id='word_1_612' title='bbox 2647 3719 2788 3760; x_wconf 82' lang='lat' dir='ltr'><strong>novo</strong></span> <span class='ocrx_word' id='word_1_613' title='bbox 2817 3705 2926 3760; x_wconf 89' lang='lat' dir='ltr'><strong>alio</strong></span> <span class='ocrx_word' id='word_1_614' title='bbox 2966 3715 3290 3774; x_wconf 82' lang='lat' dir='ltr'><strong>argumento</strong></span> <span class='ocrx_word' id='word_1_615' title='bbox 3331 3715 3452 3759; x_wconf 86' lang='lat' dir='ltr'><strong>ute-</strong></span> 
     </span>
    </p>
   </div>
   <div class='ocr_carea' id='block_1_84' title="bbox 1864 3797 3449 3868">
    <p class='ocr_par' dir='ltr' id='par_1_84' title="bbox 1864 3797 3449 3868">
     <span class='ocr_line' id='line_1_84' title="bbox 1864 3797 3449 3868; baseline -0.001 -16"><span class='ocrx_word' id='word_1_616' title='bbox 1864 3799 1971 3859; x_wconf 83' lang='lat' dir='ltr'><strong>lur,</strong></span> <span class='ocrx_word' id='word_1_617' title='bbox 2009 3813 2205 3867; x_wconf 91' lang='lat' dir='ltr'><strong>nempe</strong></span> <span class='ocrx_word' id='word_1_618' title='bbox 2236 3798 2381 3868; x_wconf 90' lang='lat' dir='ltr'><strong>quod</strong></span> <span class='ocrx_word' id='word_1_619' title='bbox 2412 3797 2735 3852; x_wconf 88' lang='lat' dir='ltr'><strong>alterutrum</strong></span> <span class='ocrx_word' id='word_1_620' title='bbox 2769 3797 2893 3868; x_wconf 91' lang='lat' dir='ltr'><strong>quis</strong></span> <span class='ocrx_word' id='word_1_621' title='bbox 2919 3797 3200 3866; x_wconf 85' lang='lat' dir='ltr'><strong>concedat,</strong></span> <span class='ocrx_word' id='word_1_622' title='bbox 3244 3797 3449 3867; x_wconf 87' lang='lat' dir='ltr'><strong>impos-</strong></span> 
     </span>
    </p>
   </div>
   <div class='ocr_carea' id='block_1_85' title="bbox 1861 3885 3478 3957">
    <p class='ocr_par' dir='ltr' id='par_1_85' title="bbox 1861 3885 3478 3957">
     <span class='ocr_line' id='line_1_85' title="bbox 1861 3885 3478 3957; baseline -0.001 -13"><span class='ocrx_word' id='word_1_623' title='bbox 1861 3889 2041 3944; x_wconf 87' lang='lat' dir='ltr'><strong>sibilia</strong></span> <span class='ocrx_word' id='word_1_624' title='bbox 2069 3889 2250 3943; x_wconf 89' lang='lat' dir='ltr'><strong>dicere</strong></span> <span class='ocrx_word' id='word_1_625' title='bbox 2281 3887 2746 3957; x_wconf 87' lang='lat' dir='ltr'><strong>deprehendetur.</strong></span> <span class='ocrx_word' id='word_1_626' title='bbox 2799 3885 2937 3940; x_wconf 85' lang='lat' dir='ltr'><strong>Nam</strong></span> <span class='ocrx_word' id='word_1_627' title='bbox 2995 3902 3173 3956; x_wconf 89' lang='lat' dir='ltr'><strong>neque</strong></span> <span class='ocrx_word' id='word_1_628' title='bbox 3222 3891 3478 3942; x_wconf 78' lang='lat' dir='ltr'><strong>extensa&quot;</strong></span> 
     </span>
    </p>
   </div>
   <div class='ocr_carea' id='block_1_86' title="bbox 1859 3977 3448 4049">
    <p class='ocr_par' dir='ltr' id='par_1_86' title="bbox 1859 3977 3448 4049">
     <span class='ocr_line' id='line_1_86' title="bbox 1859 3977 3448 4049; baseline -0.001 -17"><span class='ocrx_word' id='word_1_629' title='bbox 1859 3979 2026 4049; x_wconf 87' lang='lat' dir='ltr'><strong>pinna</strong></span> <span class='ocrx_word' id='word_1_630' title='bbox 2079 3979 2401 4046; x_wconf 64' lang='lat' dir='ltr'><strong>gravitatem</strong></span> <span class='ocrx_word' id='word_1_631' title='bbox 2457 3977 2705 4047; x_wconf 87' lang='lat' dir='ltr'><strong>corporis</strong></span> <span class='ocrx_word' id='word_1_632' title='bbox 2757 3977 3082 4048; x_wconf 89' lang='lat' dir='ltr'><strong>pondusque</strong></span> <span class='ocrx_word' id='word_1_633' title='bbox 3135 3978 3448 4046; x_wconf 76' lang='lat' dir='ltr'><strong>impositura</strong></span> 
     </span>
    </p>
   </div>
   <div class='ocr_carea' id='block_1_87' title="bbox 1859 4069 3446 4140">
    <p class='ocr_par' dir='ltr' id='par_1_87' title="bbox 1859 4069 3446 4140">
     <span class='ocr_line' id='line_1_87' title="bbox 1859 4069 3446 4140; baseline -0.003 -14"><span class='ocrx_word' id='word_1_634' title='bbox 1859 4071 2135 4126; x_wconf 86' lang='lat' dir='ltr'><strong>sustinere</strong></span> <span class='ocrx_word' id='word_1_635' title='bbox 2156 4079 2356 4140; x_wconf 85' lang='lat' dir='ltr'><strong>potest,</strong></span> <span class='ocrx_word' id='word_1_636' title='bbox 2392 4084 2570 4140; x_wconf 88' lang='lat' dir='ltr'><strong>neque</strong></span> <span class='ocrx_word' id='word_1_637' title='bbox 2600 4071 2730 4123; x_wconf 86' lang='lat' dir='ltr'><strong>item</strong></span> <span class='ocrx_word' id='word_1_638' title='bbox 2782 4085 2907 4122; x_wconf 91' lang='lat' dir='ltr'><strong>cum</strong></span> <span class='ocrx_word' id='word_1_639' title='bbox 2965 4079 3050 4124; x_wconf 90' lang='lat' dir='ltr'><strong>est</strong></span> <span class='ocrx_word' id='word_1_640' title='bbox 3101 4069 3446 4137; x_wconf 89' lang='lat' dir='ltr'><strong>complicata.</strong></span> 
     </span>
    </p>
   </div>
   <div class='ocr_carea' id='block_1_88' title="bbox 1859 4160 3434 4232">
    <p class='ocr_par' dir='ltr' id='par_1_88' title="bbox 1859 4160 3434 4232">
     <span class='ocr_line' id='line_1_88' title="bbox 1859 4160 3434 4232; baseline -0.001 -16"><span class='ocrx_word' id='word_1_641' title='bbox 1859 4161 1994 4216; x_wconf 87' lang='lat' dir='ltr'><strong>Illud</strong></span> <span class='ocrx_word' id='word_1_642' title='bbox 2021 4176 2150 4216; x_wconf 85' lang='lat' dir='ltr'><strong>vero</strong></span> <span class='ocrx_word' id='word_1_643' title='bbox 2184 4162 2538 4232; x_wconf 59' lang='lat' dir='ltr'><strong>praecipuum,</strong></span> <span class='ocrx_word' id='word_1_644' title='bbox 2573 4161 2717 4230; x_wconf 92' lang='lat' dir='ltr'><strong>quod</strong></span> <span class='ocrx_word' id='word_1_645' title='bbox 2746 4176 3035 4215; x_wconf 90' lang='lat' dir='ltr'><strong>ascensum</strong></span> <span class='ocrx_word' id='word_1_646' title='bbox 3064 4160 3118 4214; x_wconf 87' lang='lat' dir='ltr'><strong>iu</strong></span> <span class='ocrx_word' id='word_1_647' title='bbox 3165 4175 3291 4214; x_wconf 90' lang='lat' dir='ltr'><strong>aera</strong></span> <span class='ocrx_word' id='word_1_648' title='bbox 3323 4176 3434 4214; x_wconf 89' lang='lat' dir='ltr'><strong>non</strong></span> 
     </span>
    </p>
   </div>
   <div class='ocr_carea' id='block_1_89' title="bbox 1861 4252 3443 4326">
    <p class='ocr_par' dir='ltr' id='par_1_89' title="bbox 1861 4252 3443 4326">
     <span class='ocr_line' id='line_1_89' title="bbox 1861 4252 3443 4326; baseline -0.002 -17"><span class='ocrx_word' id='word_1_649' title='bbox 1861 4255 2088 4326; x_wconf 88' lang='lat' dir='ltr'><strong>patitur.</strong></span> <span class='ocrx_word' id='word_1_650' title='bbox 2122 4252 2316 4309; x_wconf 86' lang='lat' dir='ltr'><strong>Nonne</strong></span> <span class='ocrx_word' id='word_1_651' title='bbox 2337 4254 2431 4324; x_wconf 92' lang='lat' dir='ltr'><strong>qui</strong></span> <span class='ocrx_word' id='word_1_652' title='bbox 2465 4253 2590 4307; x_wconf 90' lang='lat' dir='ltr'><strong>talia</strong></span> <span class='ocrx_word' id='word_1_653' title='bbox 2619 4254 2670 4305; x_wconf 89' lang='lat' dir='ltr'><strong>in</strong></span> <span class='ocrx_word' id='word_1_654' title='bbox 2697 4252 2938 4306; x_wconf 88' lang='lat' dir='ltr'><strong>medium</strong></span> <span class='ocrx_word' id='word_1_655' title='bbox 2985 4253 3188 4316; x_wconf 89' lang='lat' dir='ltr'><strong>ferunt,</strong></span> <span class='ocrx_word' id='word_1_656' title='bbox 3243 4252 3443 4306; x_wconf 85' lang='lat' dir='ltr'><strong>nedum</strong></span> 
     </span>
    </p>
   </div>
   <div class='ocr_carea' id='block_1_90' title="bbox 178 4343 1750 4424">
    <p class='ocr_par' dir='ltr' id='par_1_90' title="bbox 178 4349 1750 4424">
     <span class='ocr_line' id='line_1_90' title="bbox 178 4349 1750 4424; baseline -0.001 -20"><span class='ocrx_word' id='word_1_657' title='bbox 178 4351 359 4424; x_wconf 85' lang='grc' dir='ltr'><strong>χλεύην</strong></span> <span class='ocrx_word' id='word_1_658' title='bbox 377 4355 724 4423; x_wconf 78' lang='grc' dir='ltr'><strong>ἀπάγουσινς</strong></span> <span class='ocrx_word' id='word_1_659' title='bbox 761 4353 910 4423; x_wconf 81' lang='grc' dir='ltr'><strong>Ἐρεϊ</strong></span> <span class='ocrx_word' id='word_1_660' title='bbox 937 4353 1066 4422; x_wconf 82' lang='grc' dir='ltr'><strong>γὰρ,</strong></span> <span class='ocrx_word' id='word_1_661' title='bbox 1092 4349 1268 4421; x_wconf 79' lang='grc' dir='ltr'><strong>οἶμαι,</strong></span> <span class='ocrx_word' id='word_1_662' title='bbox 1295 4353 1495 4424; x_wconf 74' lang='grc' dir='ltr'><strong>ῥᾳδίως</strong></span> <span class='ocrx_word' id='word_1_663' title='bbox 1520 4351 1613 4405; x_wconf 75' lang='grc' dir='ltr'><strong>καὶ</strong></span> <span class='ocrx_word' id='word_1_664' title='bbox 1647 4351 1750 4404; x_wconf 76' lang='grc' dir='ltr'><strong>τῶν</strong></span> 
     </span>
    </p>
   </div>
   <div class='ocr_carea' id='block_1_91' title="bbox 1854 4343 3447 4424">
    <p class='ocr_par' dir='ltr' id='par_1_91' title="bbox 1863 4343 3447 4412">
     <span class='ocr_line' id='line_1_91' title="bbox 1863 4343 3447 4412; baseline -0.003 -11"><span class='ocrx_word' id='word_1_665' title='bbox 1863 4347 1986 4401; x_wconf 87' lang='lat' dir='ltr'><strong>aliis</strong></span> <span class='ocrx_word' id='word_1_666' title='bbox 2017 4346 2391 4401; x_wconf 84' lang='lat' dir='ltr'><strong>dubitationes</strong></span> <span class='ocrx_word' id='word_1_667' title='bbox 2430 4346 2575 4398; x_wconf 89' lang='lat' dir='ltr'><strong>haud</strong></span> <span class='ocrx_word' id='word_1_668' title='bbox 2605 4351 2814 4409; x_wconf 88' lang='lat' dir='ltr'><strong>creant,</strong></span> <span class='ocrx_word' id='word_1_669' title='bbox 2844 4344 2936 4398; x_wconf 86' lang='lat' dir='ltr'><strong>sed</strong></span> <span class='ocrx_word' id='word_1_670' title='bbox 2967 4343 3140 4412; x_wconf 88' lang='lat' dir='ltr'><strong>ipsos,</strong></span> <span class='ocrx_word' id='word_1_671' title='bbox 3179 4359 3239 4399; x_wconf 92' lang='lat' dir='ltr'><strong>se</strong></span> <span class='ocrx_word' id='word_1_672' title='bbox 3273 4344 3447 4398; x_wconf 87' lang='lat' dir='ltr'><strong>multo</strong></span> 
     </span>
    </p>
   </div>
   <div class='ocr_carea' id='block_1_92' title="bbox 177 4441 1755 4516">
    <p class='ocr_par' dir='ltr' id='par_1_92' title="bbox 177 4441 1755 4516">
     <span class='ocr_line' id='line_1_92' title="bbox 177 4441 1755 4516; baseline 0.001 -22"><span class='ocrx_word' id='word_1_673' title='bbox 177 4447 644 4516; x_wconf 77' lang='grc' dir='ltr'><strong>ἐπιτυγχανὸντων</strong></span> <span class='ocrx_word' id='word_1_674' title='bbox 665 4446 918 4508; x_wconf 68' lang='grc' dir='ltr'><strong>ἕκαστος,</strong></span> <span class='ocrx_word' id='word_1_675' title='bbox 941 4445 1036 4510; x_wconf 80' lang='grc' dir='ltr'><strong>ὡς,</strong></span> <span class='ocrx_word' id='word_1_676' title='bbox 1059 4441 1130 4497; x_wconf 85' lang='grc' dir='ltr'><strong><em>Ὦ</em></strong></span> <span class='ocrx_word' id='word_1_677' title='bbox 1149 4446 1440 4516; x_wconf 74' lang='grc' dir='ltr'><strong>βέλτιστοι,</strong></span> <span class='ocrx_word' id='word_1_678' title='bbox 1455 4443 1631 4498; x_wconf 81' lang='grc' dir='ltr'><strong>ταῦτά</strong></span> <span class='ocrx_word' id='word_1_679' title='bbox 1651 4462 1755 4496; x_wconf 85' lang='grc' dir='ltr'><strong>που</strong></span> 
     </span>
    </p>
   </div>
   <div class='ocr_carea' id='block_1_93' title="bbox 176 4533 1757 4607">
    <p class='ocr_par' dir='ltr' id='par_1_93' title="bbox 176 4533 1757 4607">
     <span class='ocr_line' id='line_1_93' title="bbox 176 4533 1757 4607; baseline 0.002 -23"><span class='ocrx_word' id='word_1_680' title='bbox 176 4533 236 4585; x_wconf 70' lang='grc' dir='ltr'><strong>τὰ</strong></span> <span class='ocrx_word' id='word_1_681' title='bbox 256 4534 453 4606; x_wconf 82' lang='grc' dir='ltr'><strong>δριμέα</strong></span> <span class='ocrx_word' id='word_1_682' title='bbox 488 4537 880 4607; x_wconf 79' lang='grc' dir='ltr'><strong>διαπορήματα</strong></span> <span class='ocrx_word' id='word_1_683' title='bbox 910 4534 1001 4588; x_wconf 72' lang='grc' dir='ltr'><strong>ἐπὶ</strong></span> <span class='ocrx_word' id='word_1_684' title='bbox 1038 4535 1139 4605; x_wconf 84' lang='grc' dir='ltr'><strong>μὲν</strong></span> <span class='ocrx_word' id='word_1_685' title='bbox 1156 4533 1252 4588; x_wconf 84' lang='grc' dir='ltr'><strong>τοῦ</strong></span> <span class='ocrx_word' id='word_1_686' title='bbox 1278 4535 1364 4587; x_wconf 81' lang='grc' dir='ltr'><strong>ἑτέ</strong></span> <span class='ocrx_word' id='word_1_687' title='bbox 1377 4553 1466 4605; x_wconf 92' lang='grc' dir='ltr'><strong>ρου</strong></span> <span class='ocrx_word' id='word_1_688' title='bbox 1495 4552 1757 4606; x_wconf 86' lang='grc' dir='ltr'><strong>σημαινο-</strong></span> 
     </span>
    </p>
   </div>
   <div class='ocr_carea' id='block_1_94' title="bbox 179 4625 1756 4699">
    <p class='ocr_par' dir='ltr' id='par_1_94' title="bbox 179 4625 1756 4699">
     <span class='ocr_line' id='line_1_94' title="bbox 179 4625 1756 4699; baseline 0.003 -24"><span class='ocrx_word' id='word_1_689' title='bbox 179 4625 326 4692; x_wconf 81' lang='grc' dir='ltr'><strong>μένου</strong></span> <span class='ocrx_word' id='word_1_690' title='bbox 349 4627 597 4699; x_wconf 83' lang='grc' dir='ltr'><strong>ἀπορίαν</strong></span> <span class='ocrx_word' id='word_1_691' title='bbox 625 4627 1004 4699; x_wconf 81' lang='grc' dir='ltr'><strong>ἐμποιήσειεν,</strong></span> <span class='ocrx_word' id='word_1_692' title='bbox 1036 4627 1272 4681; x_wconf 79' lang='grc' dir='ltr'><strong>ἐνταῦθα</strong></span> <span class='ocrx_word' id='word_1_693' title='bbox 1297 4628 1352 4681; x_wconf 84' lang='grc' dir='ltr'><strong>δὲ</strong></span> <span class='ocrx_word' id='word_1_694' title='bbox 1380 4629 1472 4681; x_wconf 68' lang='grc' dir='ltr'><strong>καὶ</strong></span> <span class='ocrx_word' id='word_1_695' title='bbox 1502 4629 1610 4682; x_wconf 83' lang='grc' dir='ltr'><strong>οὐδ’</strong></span> <span class='ocrx_word' id='word_1_696' title='bbox 1635 4629 1756 4680; x_wconf 77' lang='grc' dir='ltr'><strong>ἓτε-</strong></span> 
     </span>
    </p>
   </div>
   <div class='ocr_carea' id='block_1_95' title="bbox 180 4719 1760 4790">
    <p class='ocr_par' dir='ltr' id='par_1_95' title="bbox 180 4719 1760 4790">
     <span class='ocr_line' id='line_1_95' title="bbox 180 4719 1760 4790; baseline 0.003 -22"><span class='ocrx_word' id='word_1_697' title='bbox 180 4731 260 4784; x_wconf 87' lang='grc' dir='ltr'><strong>ρον</strong></span> <span class='ocrx_word' id='word_1_698' title='bbox 307 4719 526 4774; x_wconf 78' lang='grc' dir='ltr'><strong>ἕνεστιν</strong></span> <span class='ocrx_word' id='word_1_699' title='bbox 579 4722 778 4782; x_wconf 74' lang='grc' dir='ltr'><strong>εἰπεῖν,</strong></span> <span class='ocrx_word' id='word_1_700' title='bbox 811 4721 910 4773; x_wconf 71' lang='grc' dir='ltr'><strong>καὶ</strong></span> <span class='ocrx_word' id='word_1_701' title='bbox 935 4720 1162 4789; x_wconf 77' lang='grc' dir='ltr'><strong>οὐδεμία</strong></span> <span class='ocrx_word' id='word_1_702' title='bbox 1201 4719 1453 4788; x_wconf 83' lang='grc' dir='ltr'><strong>φαίνεται</strong></span> <span class='ocrx_word' id='word_1_703' title='bbox 1486 4721 1760 4790; x_wconf 78' lang='grc' dir='ltr'><strong>πρόφασις</strong></span> 
     </span>
    </p>
   </div>
   <div class='ocr_carea' id='block_1_96' title="bbox 175 4807 1763 4882">
    <p class='ocr_par' dir='ltr' id='par_1_96' title="bbox 175 4807 1763 4882">
     <span class='ocr_line' id='line_1_96' title="bbox 175 4807 1763 4882; baseline 0.002 -23"><span class='ocrx_word' id='word_1_704' title='bbox 175 4807 400 4879; x_wconf 82' lang='grc' dir='ltr'><strong>ἀπορίας</strong></span> <span class='ocrx_word' id='word_1_705' title='bbox 444 4812 844 4864; x_wconf 84' lang='grc' dir='ltr'><strong>ἀνακύπτουσα</strong></span> <span class='ocrx_word' id='word_1_706' title='bbox 875 4827 890 4842; x_wconf 77' lang='lat'>&#39;</span> <span class='ocrx_word' id='word_1_707' title='bbox 921 4811 1028 4864; x_wconf 80' lang='grc' dir='ltr'><strong>ἀπὸ</strong></span> <span class='ocrx_word' id='word_1_708' title='bbox 1057 4811 1188 4880; x_wconf 80' lang='grc' dir='ltr'><strong>γοῦν</strong></span> <span class='ocrx_word' id='word_1_709' title='bbox 1217 4810 1327 4864; x_wconf 83' lang='grc' dir='ltr'><strong>τῶν</strong></span> <span class='ocrx_word' id='word_1_710' title='bbox 1356 4809 1499 4863; x_wconf 79' lang='grc' dir='ltr'><strong>οὕτω</strong></span> <span class='ocrx_word' id='word_1_711' title='bbox 1533 4828 1763 4882; x_wconf 84' lang='grc' dir='ltr'><strong>περιφα-</strong></span> 
     </span>
    </p>
   </div>
   <div class='ocr_carea' id='block_1_97' title="bbox 176 4903 1760 4974">
    <p class='ocr_par' dir='ltr' id='par_1_97' title="bbox 176 4903 1760 4974">
     <span class='ocr_line' id='line_1_97' title="bbox 176 4903 1760 4974; baseline 0.004 -24"><span class='ocrx_word' id='word_1_712' title='bbox 176 4903 430 4974; x_wconf 81' lang='grc' dir='ltr'><strong>νεστάτην</strong></span> <span class='ocrx_word' id='word_1_713' title='bbox 479 4905 586 4974; x_wconf 84' lang='grc' dir='ltr'><strong>τὴν</strong></span> <span class='ocrx_word' id='word_1_714' title='bbox 615 4903 880 4974; x_wconf 80' lang='grc' dir='ltr'><strong>διαφορὰν</strong></span> <span class='ocrx_word' id='word_1_715' title='bbox 911 4904 1166 4974; x_wconf 81' lang='grc' dir='ltr'><strong>ἐχόντων,</strong></span> <span class='ocrx_word' id='word_1_716' title='bbox 1219 4903 1610 4974; x_wconf 81' lang='grc' dir='ltr'><strong>εύχερέστερόν</strong></span> <span class='ocrx_word' id='word_1_717' title='bbox 1643 4905 1760 4956; x_wconf 77' lang='grc' dir='ltr'><strong>ἐστι</strong></span> 
     </span>
    </p>
   </div>
   <div class='ocr_carea' id='block_1_98' title="bbox 177 4993 1761 5067">
    <p class='ocr_par' dir='ltr' id='par_1_98' title="bbox 177 4993 1761 5067">
     <span class='ocr_line' id='line_1_98' title="bbox 177 4993 1761 5067; baseline 0.003 -23"><span class='ocrx_word' id='word_1_718' title='bbox 177 4993 261 5044; x_wconf 75' lang='grc' dir='ltr'><strong>καὶ</strong></span> <span class='ocrx_word' id='word_1_719' title='bbox 286 4995 437 5048; x_wconf 81' lang='grc' dir='ltr'><strong>οὐδὲν</strong></span> <span class='ocrx_word' id='word_1_720' title='bbox 472 4996 736 5067; x_wconf 71' lang='grc' dir='ltr'><strong>ἐργῶδες,</strong></span> <span class='ocrx_word' id='word_1_721' title='bbox 770 4998 866 5049; x_wconf 75' lang='grc' dir='ltr'><strong>καὶ</strong></span> <span class='ocrx_word' id='word_1_722' title='bbox 897 4997 1120 5050; x_wconf 76' lang='grc' dir='ltr'><strong>ἐπὶτῶν</strong></span> <span class='ocrx_word' id='word_1_723' title='bbox 1151 4996 1606 5067; x_wconf 81' lang='grc' dir='ltr'><strong>ὲγκεκρυμμένην</strong></span> <span class='ocrx_word' id='word_1_724' title='bbox 1627 4997 1761 5051; x_wconf 87' lang='grc' dir='ltr'><strong>ταύ-</strong></span> 
     </span>
    </p>
   </div>
   <div class='ocr_carea' id='block_1_99' title="bbox 176 5084 1764 5158">
    <p class='ocr_par' dir='ltr' id='par_1_99' title="bbox 176 5084 1764 5158">
     <span class='ocr_line' id='line_1_99' title="bbox 176 5084 1764 5158; baseline 0.006 -26"><span class='ocrx_word' id='word_1_725' title='bbox 176 5093 268 5149; x_wconf 85' lang='grc' dir='ltr'><strong>την</strong></span> <span class='ocrx_word' id='word_1_726' title='bbox 295 5085 600 5151; x_wconf 76' lang='grc' dir='ltr'><strong>φερόντων,</strong></span> <span class='ocrx_word' id='word_1_727' title='bbox 630 5084 708 5156; x_wconf 80' lang='grc' dir='ltr'><strong>τῷ</strong></span> <span class='ocrx_word' id='word_1_728' title='bbox 729 5086 894 5156; x_wconf 84' lang='grc' dir='ltr'><strong>κοινῷ</strong></span> <span class='ocrx_word' id='word_1_729' title='bbox 922 5087 1241 5158; x_wconf 81' lang='grc' dir='ltr'><strong>χρωμένους</strong></span> <span class='ocrx_word' id='word_1_730' title='bbox 1267 5087 1472 5153; x_wconf 79' lang='grc' dir='ltr'><strong>κανόνι,</strong></span> <span class='ocrx_word' id='word_1_731' title='bbox 1499 5087 1596 5151; x_wconf 77' lang='grc' dir='ltr'><strong>τὰς</strong></span> <span class='ocrx_word' id='word_1_732' title='bbox 1627 5088 1764 5141; x_wconf 82' lang='grc' dir='ltr'><strong>ἀπο·</strong></span> 
     </span>
    </p>
   </div>
   <div class='ocr_carea' id='block_1_100' title="bbox 181 5167 1124 5246">
    <p class='ocr_par' dir='ltr' id='par_1_100' title="bbox 181 5167 1124 5246">
     <span class='ocr_line' id='line_1_100' title="bbox 181 5167 1124 5246; baseline 0.015 -27"><span class='ocrx_word' id='word_1_733' title='bbox 181 5167 291 5238; x_wconf 79' lang='grc' dir='ltr'><strong>ρίας</strong></span> <span class='ocrx_word' id='word_1_734' title='bbox 326 5176 407 5238; x_wconf 84' lang='grc' dir='ltr'><strong>είς</strong></span> <span class='ocrx_word' id='word_1_735' title='bbox 434 5175 703 5246; x_wconf 85' lang='grc' dir='ltr'><strong>εὐπορίαν</strong></span> <span class='ocrx_word' id='word_1_736' title='bbox 748 5178 1124 5246; x_wconf 80' lang='grc' dir='ltr'><strong>μεταϐάλλειν.</strong></span> 
     </span>
    </p>
   </div>
   <div class='ocr_carea' id='block_1_101' title="bbox 245 5262 1763 5341">
    <p class='ocr_par' dir='ltr' id='par_1_101' title="bbox 245 5262 1763 5341">
     <span class='ocr_line' id='line_1_101' title="bbox 245 5262 1763 5341; baseline 0.004 -25"><span class='ocrx_word' id='word_1_737' title='bbox 245 5262 306 5317; x_wconf 81' lang='grc' dir='ltr'><strong>θ’.</strong></span> <span class='ocrx_word' id='word_1_738' title='bbox 340 5266 628 5336; x_wconf 70' lang='grc' dir='ltr'><strong>Τρόπαιόν</strong></span> <span class='ocrx_word' id='word_1_739' title='bbox 652 5270 801 5321; x_wconf 73' lang='grc' dir='ltr'><strong>ἔστιν</strong></span> <span class='ocrx_word' id='word_1_740' title='bbox 827 5271 856 5321; x_wconf 84' lang='grc' dir='ltr'>ὁ</span> <span class='ocrx_word' id='word_1_741' title='bbox 889 5270 1120 5340; x_wconf 79' lang='grc' dir='ltr'><strong>σταυρὸς</strong></span> <span class='ocrx_word' id='word_1_742' title='bbox 1135 5269 1232 5323; x_wconf 81' lang='grc' dir='ltr'><strong>τοῦ</strong></span> <span class='ocrx_word' id='word_1_743' title='bbox 1253 5269 1492 5341; x_wconf 73' lang='grc' dir='ltr'><strong>Χριστοῦ</strong></span> <span class='ocrx_word' id='word_1_744' title='bbox 1513 5269 1654 5324; x_wconf 83' lang='grc' dir='ltr'><strong>κατά</strong></span> <span class='ocrx_word' id='word_1_745' title='bbox 1668 5269 1763 5322; x_wconf 79' lang='grc' dir='ltr'><strong>τοῦ</strong></span> 
     </span>
    </p>
   </div>
   <div class='ocr_carea' id='block_1_102' title="bbox 181 5346 1761 5431">
    <p class='ocr_par' dir='ltr' id='par_1_102' title="bbox 181 5346 1761 5431">
     <span class='ocr_line' id='line_1_102' title="bbox 181 5346 1761 5431; baseline 0.008 -33"><span class='ocrx_word' id='word_1_746' title='bbox 181 5346 421 5406; x_wconf 82' lang='grc' dir='ltr'><strong>διαϐόλου</strong></span> <span class='ocrx_word' id='word_1_747' title='bbox 445 5357 744 5425; x_wconf 77' lang='grc' dir='ltr'><strong>ἱστάμενον</strong></span> <span class='ocrx_word' id='word_1_748' title='bbox 767 5375 781 5390; x_wconf 84' lang='lat'><strong>&#39;</strong></span> <span class='ocrx_word' id='word_1_749' title='bbox 819 5361 912 5411; x_wconf 76' lang='grc' dir='ltr'><strong>καὶ</strong></span> <span class='ocrx_word' id='word_1_750' title='bbox 939 5360 1220 5431; x_wconf 84' lang='grc' dir='ltr'><strong>τροπαίων</strong></span> <span class='ocrx_word' id='word_1_751' title='bbox 1244 5361 1306 5412; x_wconf 80' lang='grc' dir='ltr'><strong>τὸ</strong></span> <span class='ocrx_word' id='word_1_752' title='bbox 1347 5362 1761 5431; x_wconf 79' lang='grc' dir='ltr'><strong>λαμπρότατον,</strong></span> 
     </span>
    </p>
   </div>
   <div class='ocr_carea' id='block_1_103' title="bbox 182 5443 1768 5524">
    <p class='ocr_par' dir='ltr' id='par_1_103' title="bbox 182 5443 1768 5524">
     <span class='ocr_line' id='line_1_103' title="bbox 182 5443 1768 5524; baseline 0.006 -29"><span class='ocrx_word' id='word_1_753' title='bbox 182 5443 306 5497; x_wconf 82' lang='grc' dir='ltr'><strong>ὅπου</strong></span> <span class='ocrx_word' id='word_1_754' title='bbox 337 5464 406 5515; x_wconf 89' lang='grc' dir='ltr'><strong>γε</strong></span> <span class='ocrx_word' id='word_1_755' title='bbox 439 5449 544 5502; x_wconf 72' lang='grc' dir='ltr'><strong>καὶ</strong></span> <span class='ocrx_word' id='word_1_756' title='bbox 571 5451 735 5514; x_wconf 80' lang='grc' dir='ltr'><strong>αὐτὸς</strong></span> <span class='ocrx_word' id='word_1_757' title='bbox 760 5454 788 5505; x_wconf 88' lang='grc' dir='ltr'><strong>ὁ</strong></span> <span class='ocrx_word' id='word_1_758' title='bbox 816 5452 987 5515; x_wconf 86' lang='grc' dir='ltr'><strong>τύπος</strong></span> <span class='ocrx_word' id='word_1_759' title='bbox 1027 5452 1191 5506; x_wconf 83' lang='grc' dir='ltr'><strong>αὑτοῦ</strong></span> <span class='ocrx_word' id='word_1_760' title='bbox 1231 5453 1311 5523; x_wconf 83' lang='grc' dir='ltr'><strong>τῷ</strong></span> <span class='ocrx_word' id='word_1_761' title='bbox 1342 5453 1464 5524; x_wconf 80' lang='grc' dir='ltr'><strong>ἀέρι</strong></span> <span class='ocrx_word' id='word_1_762' title='bbox 1495 5453 1768 5524; x_wconf 72' lang='grc' dir='ltr'><strong>χαρασσόο</strong></span> 
     </span>
    </p>
   </div>
   <div class='ocr_carea' id='block_1_104' title="bbox 186 5543 1766 5617">
    <p class='ocr_par' dir='ltr' id='par_1_104' title="bbox 186 5543 1766 5617">
     <span class='ocr_line' id='line_1_104' title="bbox 186 5543 1766 5617; baseline 0.004 -24"><span class='ocrx_word' id='word_1_763' title='bbox 186 5548 358 5602; x_wconf 81' lang='grc' dir='ltr'><strong>μενος,</strong></span> <span class='ocrx_word' id='word_1_764' title='bbox 395 5543 591 5595; x_wconf 84' lang='grc' dir='ltr'><strong>πᾶσαν</strong></span> <span class='ocrx_word' id='word_1_765' title='bbox 619 5544 770 5616; x_wconf 83' lang='grc' dir='ltr'><strong>αὑτῷ</strong></span> <span class='ocrx_word' id='word_1_766' title='bbox 804 5545 1220 5615; x_wconf 76' lang='grc' dir='ltr'><strong>συμφυγαδεύει</strong></span> <span class='ocrx_word' id='word_1_767' title='bbox 1245 5545 1343 5617; x_wconf 75' lang='grc' dir='ltr'><strong>τὴν</strong></span> <span class='ocrx_word' id='word_1_768' title='bbox 1373 5547 1604 5616; x_wconf 84' lang='grc' dir='ltr'><strong>δύναμιν</strong></span> <span class='ocrx_word' id='word_1_769' title='bbox 1623 5563 1637 5577; x_wconf 85' lang='grc'><strong>·</strong></span> <span class='ocrx_word' id='word_1_770' title='bbox 1673 5547 1766 5600; x_wconf 79' lang='grc' dir='ltr'><strong>καὶ</strong></span> 
     </span>
    </p>
   </div>
   <div class='ocr_carea' id='block_1_105' title="bbox 181 5627 1766 5710">
    <p class='ocr_par' dir='ltr' id='par_1_105' title="bbox 181 5627 1766 5710">
     <span class='ocr_line' id='line_1_105' title="bbox 181 5627 1766 5710; baseline 0.008 -29"><span class='ocrx_word' id='word_1_771' title='bbox 181 5627 407 5700; x_wconf 78' lang='grc' dir='ltr'><strong>οὐδήπου</strong></span> <span class='ocrx_word' id='word_1_772' title='bbox 433 5635 615 5688; x_wconf 84' lang='grc' dir='ltr'><strong>δεῖται</strong></span> <span class='ocrx_word' id='word_1_773' title='bbox 642 5637 948 5710; x_wconf 79' lang='grc' dir='ltr'><strong>βαθυτέρας</strong></span> <span class='ocrx_word' id='word_1_774' title='bbox 984 5639 1284 5710; x_wconf 74' lang='grc' dir='ltr'><strong>περινοίας,</strong></span> <span class='ocrx_word' id='word_1_775' title='bbox 1313 5640 1367 5691; x_wconf 75' lang='grc' dir='ltr'><strong>εἴ</strong></span> <span class='ocrx_word' id='word_1_776' title='bbox 1398 5656 1482 5703; x_wconf 81' lang='grc' dir='ltr'><strong>τις</strong></span> <span class='ocrx_word' id='word_1_777' title='bbox 1511 5641 1590 5702; x_wconf 79' lang='grc' dir='ltr'><strong>εἰς</strong></span> <span class='ocrx_word' id='word_1_778' title='bbox 1628 5641 1766 5693; x_wconf 77' lang='grc' dir='ltr'><strong>ἀπο-</strong></span> 
     </span>
    </p>
   </div>
   <div class='ocr_carea' id='block_1_106' title="bbox 260 5746 710 5817">
    <p class='ocr_par' dir='ltr' id='par_1_106' title="bbox 260 5746 710 5817">
     <span class='ocr_line' id='line_1_106' title="bbox 260 5746 710 5817; baseline 0.007 -14"><span class='ocrx_word' id='word_1_779' title='bbox 260 5746 280 5774; x_wconf 79' lang='grc'>¹</span> <span class='ocrx_word' id='word_1_780' title='bbox 315 5748 512 5806; x_wconf 74' lang='lat' dir='ltr'><strong>Matth.</strong></span> <span class='ocrx_word' id='word_1_781' title='bbox 553 5764 626 5817; x_wconf 81' lang='lat' dir='ltr'><strong>Iv,</strong></span> <span class='ocrx_word' id='word_1_782' title='bbox 659 5753 710 5806; x_wconf 79' lang='lat'><strong>5.</strong></span> 
     </span>
    </p>
   </div>
   <div class='ocr_carea' id='block_1_107' title="bbox 1859 4437 3446 4508">
    <p class='ocr_par' dir='ltr' id='par_1_107' title="bbox 1859 4437 3446 4508">
     <span class='ocr_line' id='line_1_107' title="bbox 1859 4437 3446 4508; baseline -0.003 -12"><span class='ocrx_word' id='word_1_783' title='bbox 1859 4443 2026 4496; x_wconf 90' lang='lat' dir='ltr'><strong>citius</strong></span> <span class='ocrx_word' id='word_1_784' title='bbox 2057 4440 2294 4495; x_wconf 87' lang='lat' dir='ltr'><strong>ludibrio</strong></span> <span class='ocrx_word' id='word_1_785' title='bbox 2327 4439 2635 4508; x_wconf 86' lang='lat' dir='ltr'><strong>objiciunt?</strong></span> <span class='ocrx_word' id='word_1_786' title='bbox 2681 4438 2950 4492; x_wconf 83' lang='lat' dir='ltr'><strong>Existimo</strong></span> <span class='ocrx_word' id='word_1_787' title='bbox 2995 4437 3140 4491; x_wconf 90' lang='lat' dir='ltr'><strong>enim</strong></span> <span class='ocrx_word' id='word_1_788' title='bbox 3196 4438 3446 4507; x_wconf 82' lang='lat' dir='ltr'><strong>quemvis</strong></span> 
     </span>
    </p>
   </div>
   <div class='ocr_carea' id='block_1_108' title="bbox 1837 4519 3445 4599">
    <p class='ocr_par' dir='ltr' id='par_1_108' title="bbox 1837 4519 3445 4599">
     <span class='ocr_line' id='line_1_108' title="bbox 1837 4519 3445 4599; baseline -0.002 -13"><span class='ocrx_word' id='word_1_789' title='bbox 1837 4519 2020 4588; x_wconf 30' lang='lat' dir='ltr'><strong>&#39;facile</strong></span> <span class='ocrx_word' id='word_1_790' title='bbox 2051 4534 2131 4587; x_wconf 85' lang='lat' dir='ltr'><strong>sic</strong></span> <span class='ocrx_word' id='word_1_791' title='bbox 2165 4532 2440 4586; x_wconf 89' lang='lat' dir='ltr'><strong>dicturum</strong></span> <span class='ocrx_word' id='word_1_792' title='bbox 2476 4549 2489 4584; x_wconf 92' lang='lat'>:</span> <span class='ocrx_word' id='word_1_793' title='bbox 2531 4529 2575 4583; x_wconf 88' lang='grc'>0</span> <span class='ocrx_word' id='word_1_794' title='bbox 2604 4530 2756 4591; x_wconf 89' lang='lat' dir='ltr'><strong>boui,</strong></span> <span class='ocrx_word' id='word_1_795' title='bbox 2788 4528 2872 4582; x_wconf 68' lang='lat' dir='ltr'><strong>ha:</strong></span> <span class='ocrx_word' id='word_1_796' title='bbox 2907 4539 3180 4599; x_wconf 65' lang='lat' dir='ltr'><strong>peracuta!</strong></span> <span class='ocrx_word' id='word_1_797' title='bbox 3225 4529 3445 4582; x_wconf 83' lang='lat' dir='ltr'><strong>dubita-</strong></span> 
     </span>
    </p>
   </div>
   <div class='ocr_carea' id='block_1_109' title="bbox 1861 4621 3448 4692">
    <p class='ocr_par' dir='ltr' id='par_1_109' title="bbox 1861 4621 3448 4692">
     <span class='ocr_line' id='line_1_109' title="bbox 1861 4621 3448 4692; baseline -0.003 -10"><span class='ocrx_word' id='word_1_798' title='bbox 1861 4627 2039 4682; x_wconf 92' lang='lat' dir='ltr'><strong>tiones</strong></span> <span class='ocrx_word' id='word_1_799' title='bbox 2087 4640 2213 4680; x_wconf 89' lang='lat' dir='ltr'><strong>cum</strong></span> <span class='ocrx_word' id='word_1_800' title='bbox 2277 4624 2400 4678; x_wconf 89' lang='lat' dir='ltr'><strong>aliis</strong></span> <span class='ocrx_word' id='word_1_801' title='bbox 2436 4621 3127 4692; x_wconf 81' lang='lat' dir='ltr'><strong>fortassesigniﬁcatibus</strong></span> <span class='ocrx_word' id='word_1_802' title='bbox 3189 4622 3448 4692; x_wconf 73' lang='lat' dir='ltr'><strong>quaestio~</strong></span> 
     </span>
    </p>
   </div>
   <div class='ocr_carea' id='block_1_110' title="bbox 1862 4714 3442 4784">
    <p class='ocr_par' dir='ltr' id='par_1_110' title="bbox 1862 4714 3442 4784">
     <span class='ocr_line' id='line_1_110' title="bbox 1862 4714 3442 4784; baseline -0.003 -12"><span class='ocrx_word' id='word_1_803' title='bbox 1862 4735 1987 4774; x_wconf 90' lang='lat' dir='ltr'><strong>nem</strong></span> <span class='ocrx_word' id='word_1_804' title='bbox 2020 4718 2367 4783; x_wconf 84' lang='lat' dir='ltr'><strong>conﬂabuut;</strong></span> <span class='ocrx_word' id='word_1_805' title='bbox 2405 4715 2495 4771; x_wconf 90' lang='lat' dir='ltr'><strong>hic</strong></span> <span class='ocrx_word' id='word_1_806' title='bbox 2539 4724 2722 4769; x_wconf 87' lang='lat' dir='ltr'><strong>tamen</strong></span> <span class='ocrx_word' id='word_1_807' title='bbox 2764 4723 3020 4769; x_wconf 88' lang='lat' dir='ltr'><strong>neutrum</strong></span> <span class='ocrx_word' id='word_1_808' title='bbox 3077 4714 3186 4768; x_wconf 85' lang='lat' dir='ltr'><strong>dici</strong></span> <span class='ocrx_word' id='word_1_809' title='bbox 3246 4723 3442 4784; x_wconf 84' lang='lat' dir='ltr'><strong>potest,</strong></span> 
     </span>
    </p>
   </div>
   <div class='ocr_carea' id='block_1_111' title="bbox 1863 4805 3446 4882">
    <p class='ocr_par' dir='ltr' id='par_1_111' title="bbox 1863 4805 3446 4882">
     <span class='ocr_line' id='line_1_111' title="bbox 1863 4805 3446 4882; baseline -0.006 -16"><span class='ocrx_word' id='word_1_810' title='bbox 1863 4813 2125 4882; x_wconf 91' lang='lat' dir='ltr'><strong>nullaque</strong></span> <span class='ocrx_word' id='word_1_811' title='bbox 2149 4826 2282 4865; x_wconf 87' lang='lat' dir='ltr'><strong>ansa</strong></span> <span class='ocrx_word' id='word_1_812' title='bbox 2314 4809 2596 4864; x_wconf 84' lang='lat' dir='ltr'><strong>dubitandi</strong></span> <span class='ocrx_word' id='word_1_813' title='bbox 2645 4808 2772 4862; x_wconf 90' lang='lat' dir='ltr'><strong>hinc</strong></span> <span class='ocrx_word' id='word_1_814' title='bbox 2801 4807 3038 4864; x_wconf 77' lang='lat' dir='ltr'><strong>exsistit.</strong></span> <span class='ocrx_word' id='word_1_815' title='bbox 3082 4805 3162 4860; x_wconf 87' lang='lat' dir='ltr'><strong>Ex</strong></span> <span class='ocrx_word' id='word_1_816' title='bbox 3209 4808 3295 4862; x_wconf 90' lang='lat' dir='ltr'><strong>his</strong></span> <span class='ocrx_word' id='word_1_817' title='bbox 3343 4806 3446 4877; x_wconf 78' lang='lat' dir='ltr'><strong>igi-</strong></span> 
     </span>
    </p>
   </div>
   <div class='ocr_carea' id='block_1_112' title="bbox 1866 4898 3448 4974">
    <p class='ocr_par' dir='ltr' id='par_1_112' title="bbox 1866 4898 3448 4974">
     <span class='ocr_line' id='line_1_112' title="bbox 1866 4898 3448 4974; baseline -0.006 -15"><span class='ocrx_word' id='word_1_818' title='bbox 1866 4915 1976 4971; x_wconf 87' lang='lat' dir='ltr'><strong>tur,</strong></span> <span class='ocrx_word' id='word_1_819' title='bbox 2000 4919 2123 4974; x_wconf 71' lang='lat' dir='ltr'><strong>qua:</strong></span> <span class='ocrx_word' id='word_1_820' title='bbox 2149 4911 2258 4956; x_wconf 90' lang='lat' dir='ltr'><strong>tam</strong></span> <span class='ocrx_word' id='word_1_821' title='bbox 2290 4901 2628 4971; x_wconf 80' lang='lat' dir='ltr'><strong>exploratam</strong></span> <span class='ocrx_word' id='word_1_822' title='bbox 2669 4898 3032 4954; x_wconf 74' lang='lat' dir='ltr'><strong>differentiam</strong></span> <span class='ocrx_word' id='word_1_823' title='bbox 3070 4898 3296 4962; x_wconf 88' lang='lat' dir='ltr'><strong>habent,</strong></span> <span class='ocrx_word' id='word_1_824' title='bbox 3363 4898 3448 4951; x_wconf 83' lang='lat' dir='ltr'><strong>la-</strong></span> 
     </span>
    </p>
   </div>
   <div class='ocr_carea' id='block_1_113' title="bbox 1865 4991 3449 5063">
    <p class='ocr_par' dir='ltr' id='par_1_113' title="bbox 1865 4991 3449 5063">
     <span class='ocr_line' id='line_1_113' title="bbox 1865 4991 3449 5063; baseline -0.006 -11"><span class='ocrx_word' id='word_1_825' title='bbox 1865 4997 2027 5052; x_wconf 92' lang='lat' dir='ltr'><strong>cilius</strong></span> <span class='ocrx_word' id='word_1_826' title='bbox 2062 5005 2147 5050; x_wconf 90' lang='lat' dir='ltr'><strong>est</strong></span> <span class='ocrx_word' id='word_1_827' title='bbox 2173 4994 2490 5063; x_wconf 87' lang='lat' dir='ltr'><strong>nulliusque</strong></span> <span class='ocrx_word' id='word_1_828' title='bbox 2513 4993 2741 5058; x_wconf 84' lang='lat' dir='ltr'><strong>laboris,</strong></span> <span class='ocrx_word' id='word_1_829' title='bbox 2779 5007 2969 5046; x_wconf 86' lang='lat' dir='ltr'><strong>eorum</strong></span> <span class='ocrx_word' id='word_1_830' title='bbox 3000 4991 3190 5056; x_wconf 55' lang='lat' dir='ltr'><strong>etian‘i,</strong></span> <span class='ocrx_word' id='word_1_831' title='bbox 3213 5006 3449 5061; x_wconf 89' lang='lat' dir='ltr'><strong>quorum</strong></span> 
     </span>
    </p>
   </div>
   <div class='ocr_carea' id='block_1_114' title="bbox 1865 5083 3443 5154">
    <p class='ocr_par' dir='ltr' id='par_1_114' title="bbox 1865 5083 3443 5154">
     <span class='ocr_line' id='line_1_114' title="bbox 1865 5083 3443 5154; baseline -0.005 -10"><span class='ocrx_word' id='word_1_832' title='bbox 1865 5085 2171 5144; x_wconf 74' lang='lat' dir='ltr'><strong>dilferentia</strong></span> <span class='ocrx_word' id='word_1_833' title='bbox 2189 5087 2494 5141; x_wconf 85' lang='lat' dir='ltr'><strong>abstrusior</strong></span> <span class='ocrx_word' id='word_1_834' title='bbox 2518 5093 2623 5151; x_wconf 85' lang='lat' dir='ltr'><strong>est,</strong></span> <span class='ocrx_word' id='word_1_835' title='bbox 2646 5083 2924 5140; x_wconf 82' lang='lat' dir='ltr'><strong>communi</strong></span> <span class='ocrx_word' id='word_1_836' title='bbox 2960 5084 3146 5154; x_wconf 74' lang='lat' dir='ltr'><strong>regula</strong></span> <span class='ocrx_word' id='word_1_837' title='bbox 3175 5083 3443 5146; x_wconf 86' lang='lat' dir='ltr'><strong>adhibita,</strong></span> 
     </span>
    </p>
   </div>
   <div class='ocr_carea' id='block_1_115' title="bbox 1868 5174 3022 5252">
    <p class='ocr_par' dir='ltr' id='par_1_115' title="bbox 1868 5174 3022 5252">
     <span class='ocr_line' id='line_1_115' title="bbox 1868 5174 3022 5252; baseline -0.007 -16"><span class='ocrx_word' id='word_1_838' title='bbox 1868 5180 2279 5252; x_wconf 87' lang='lat' dir='ltr'><strong>perplexitatem</strong></span> <span class='ocrx_word' id='word_1_839' title='bbox 2303 5178 2603 5248; x_wconf 86' lang='lat' dir='ltr'><strong>perducere</strong></span> <span class='ocrx_word' id='word_1_840' title='bbox 2633 5175 2700 5229; x_wconf 88' lang='lat' dir='ltr'><strong>ad</strong></span> <span class='ocrx_word' id='word_1_841' title='bbox 2731 5174 3022 5243; x_wconf 89' lang='lat' dir='ltr'><strong>liquidum.</strong></span> 
     </span>
    </p>
   </div>
   <div class='ocr_carea' id='block_1_116' title="bbox 1937 5266 3448 5339">
    <p class='ocr_par' dir='ltr' id='par_1_116' title="bbox 1937 5266 3448 5339">
     <span class='ocr_line' id='line_1_116' title="bbox 1937 5266 3448 5339; baseline -0.009 -9"><span class='ocrx_word' id='word_1_842' title='bbox 1937 5275 1991 5330; x_wconf 88' lang='lat'><strong>9.</strong></span> <span class='ocrx_word' id='word_1_843' title='bbox 2021 5271 2312 5339; x_wconf 75' lang='lat' dir='ltr'><strong>Tropzeum</strong></span> <span class='ocrx_word' id='word_1_844' title='bbox 2361 5279 2444 5325; x_wconf 88' lang='lat' dir='ltr'><strong>est</strong></span> <span class='ocrx_word' id='word_1_845' title='bbox 2484 5277 2673 5325; x_wconf 88' lang='lat' dir='ltr'><strong>contra</strong></span> <span class='ocrx_word' id='word_1_846' title='bbox 2725 5267 3006 5322; x_wconf 89' lang='lat' dir='ltr'><strong>diabolum</strong></span> <span class='ocrx_word' id='word_1_847' title='bbox 3061 5266 3264 5322; x_wconf 88' lang='lat' dir='ltr'><strong>Christi</strong></span> <span class='ocrx_word' id='word_1_848' title='bbox 3312 5280 3448 5320; x_wconf 73' lang='lat' dir='ltr'><strong>crux</strong></span> 
     </span>
    </p>
   </div>
   <div class='ocr_carea' id='block_1_117' title="bbox 1867 5355 3446 5435">
    <p class='ocr_par' dir='ltr' id='par_1_117' title="bbox 1867 5355 3446 5435">
     <span class='ocr_line' id='line_1_117' title="bbox 1867 5355 3446 5435; baseline -0.011 -11"><span class='ocrx_word' id='word_1_849' title='bbox 1867 5367 2200 5430; x_wconf 75' lang='lat' dir='ltr'><strong>excitatum;</strong></span> <span class='ocrx_word' id='word_1_850' title='bbox 2232 5364 2527 5435; x_wconf 88' lang='lat' dir='ltr'><strong>etquidem</strong></span> <span class='ocrx_word' id='word_1_851' title='bbox 2548 5360 3076 5432; x_wconf 88' lang='lat' dir='ltr'><strong>splendidissimum,</strong></span> <span class='ocrx_word' id='word_1_852' title='bbox 3103 5355 3446 5428; x_wconf 80' lang='lat' dir='ltr'><strong>quandoqui-</strong></span> 
     </span>
    </p>
   </div>
   <div class='ocr_carea' id='block_1_118' title="bbox 1867 5447 3448 5529">
    <p class='ocr_par' dir='ltr' id='par_1_118' title="bbox 1867 5447 3448 5529">
     <span class='ocr_line' id='line_1_118' title="bbox 1867 5447 3448 5529; baseline -0.011 -13"><span class='ocrx_word' id='word_1_853' title='bbox 1867 5462 1990 5516; x_wconf 88' lang='lat' dir='ltr'><strong>dem</strong></span> <span class='ocrx_word' id='word_1_854' title='bbox 2027 5458 2110 5512; x_wconf 89' lang='lat' dir='ltr'><strong>vel</strong></span> <span class='ocrx_word' id='word_1_855' title='bbox 2132 5459 2251 5529; x_wconf 89' lang='lat' dir='ltr'><strong>ejus</strong></span> <span class='ocrx_word' id='word_1_856' title='bbox 2287 5465 2446 5529; x_wconf 76' lang='lat' dir='ltr'><strong>typus</strong></span> <span class='ocrx_word' id='word_1_857' title='bbox 2486 5456 2540 5508; x_wconf 91' lang='lat' dir='ltr'><strong>in</strong></span> <span class='ocrx_word' id='word_1_858' title='bbox 2593 5468 2718 5508; x_wconf 89' lang='lat' dir='ltr'><strong>aere</strong></span> <span class='ocrx_word' id='word_1_859' title='bbox 2766 5454 3091 5522; x_wconf 88' lang='lat' dir='ltr'><strong>impressum</strong></span> <span class='ocrx_word' id='word_1_860' title='bbox 3151 5447 3448 5520; x_wconf 80' lang='lat' dir='ltr'><strong>quamlibet</strong></span> 
     </span>
    </p>
   </div>
   <div class='ocr_carea' id='block_1_119' title="bbox 1868 5534 3449 5620">
    <p class='ocr_par' dir='ltr' id='par_1_119' title="bbox 1868 5534 3449 5620">
     <span class='ocr_line' id='line_1_119' title="bbox 1868 5534 3449 5620; baseline -0.011 -11"><span class='ocrx_word' id='word_1_861' title='bbox 1868 5570 1994 5609; x_wconf 91' lang='lat' dir='ltr'><strong>cum</strong></span> <span class='ocrx_word' id='word_1_862' title='bbox 2056 5552 2151 5606; x_wconf 93' lang='lat' dir='ltr'><strong>illo</strong></span> <span class='ocrx_word' id='word_1_863' title='bbox 2198 5534 2518 5620; x_wconf 86' lang='lat' dir='ltr'><strong>potestatem</strong></span> <span class='ocrx_word' id='word_1_864' title='bbox 2579 5545 2749 5617; x_wconf 81' lang='lat' dir='ltr'><strong>fugat.</strong></span> <span class='ocrx_word' id='word_1_865' title='bbox 2797 5544 2984 5614; x_wconf 90' lang='lat' dir='ltr'><strong>Neque</strong></span> <span class='ocrx_word' id='word_1_866' title='bbox 3027 5554 3203 5596; x_wconf 89' lang='lat' dir='ltr'><strong>tamen</strong></span> <span class='ocrx_word' id='word_1_867' title='bbox 3255 5539 3449 5592; x_wconf 78' lang='lat' dir='ltr'><strong>altiore</strong></span> 
     </span>
    </p>
   </div>
   <div class='ocr_carea' id='block_1_120' title="bbox 1869 5630 3450 5707">
    <p class='ocr_par' dir='ltr' id='par_1_120' title="bbox 1869 5630 3450 5707">
     <span class='ocr_line' id='line_1_120' title="bbox 1869 5630 3450 5707; baseline -0.012 -4"><span class='ocrx_word' id='word_1_868' title='bbox 1869 5645 2188 5703; x_wconf 85' lang='lat' dir='ltr'><strong>certandum</strong></span> <span class='ocrx_word' id='word_1_869' title='bbox 2220 5650 2302 5698; x_wconf 86' lang='lat' dir='ltr'><strong>est</strong></span> <span class='ocrx_word' id='word_1_870' title='bbox 2334 5640 2610 5705; x_wconf 81' lang='lat' dir='ltr'><strong>acumine,</strong></span> <span class='ocrx_word' id='word_1_871' title='bbox 2641 5638 2686 5692; x_wconf 90' lang='lat' dir='ltr'><strong>si</strong></span> <span class='ocrx_word' id='word_1_872' title='bbox 2716 5636 2836 5707; x_wconf 85' lang='lat' dir='ltr'><strong>quis</strong></span> <span class='ocrx_word' id='word_1_873' title='bbox 2870 5637 3006 5691; x_wconf 87' lang='lat' dir='ltr'><strong>forte</strong></span> <span class='ocrx_word' id='word_1_874' title='bbox 3055 5632 3121 5686; x_wconf 89' lang='lat' dir='ltr'><strong>de</strong></span> <span class='ocrx_word' id='word_1_875' title='bbox 3161 5630 3266 5684; x_wconf 91' lang='lat' dir='ltr'><strong>hoc</strong></span> <span class='ocrx_word' id='word_1_876' title='bbox 3288 5644 3450 5684; x_wconf 80' lang='lat' dir='ltr'><strong>voea-</strong></span> 
     </span>
    </p>
   </div>
  </div>
