3830 6210
429 245 531 310 187

1581 235 1853 297 ΡΗΟΤΙΙ
1884 232 2006 296 PA']

2114 231 2399 292 ῘΑΒΕΗᾸί
2423 233 2534 294 CP.
3552 245 3634 314 188

424 362 556 418 aulo
585 355 947 430 quaestionem
973 353 1214 424 aliquam
1243 351 1590 407 conllandam
1634 351 1941 422 susceperit
1987 366 2002 404 :

2114 346 2232 417 ρίαν
2297 345 2596 399 διαπλάσαι
2638 343 2700 398 τὸ
2750 345 2902 416 ῥῆμα
2947 344 3230 417 προέλοιτο
3251 362 3266 378 ο
3298 347 3360 404 ἐκ
3408 353 3507 425 γάρ
3546 361 3635 413 τῶν

427 463 660 519 namque
684 463 716 503 e
739 445 994 517 superius
1023 444 1186 500 dictis
1219 443 1550 498 solutionem
1595 441 2006 512 deprehendere

425 543 685 614 perfacile
714 549 819 596 est.
876 539 937 593 Si
985 553 1146 599 crux,
1195 537 1393 607 inquit,
1453 534 1686 605 aliquis,
1740 542 2003 604 tropaeum

423 645 528 698 est,
559 634 682 705 quis
714 633 770 687 id
801 630 1015 686 erexit?
1044 645 1169 684 nam
1227 628 1274 684 si
1339 627 1456 698 ipse
1497 627 1696 692 victor,
1737 642 1836 681 cur
1893 625 2003 694 jam

424 738 628 780 temere
671 723 903 779 Judaico
935 720 1134 791 populo
1179 719 1384 774 Christi
1433 719 1610 773 caedes
1669 716 2006 788 imputatur?

421 816 577 885 Quod
603 815 646 871 si
680 814 811 869 illud
847 812 1020 868 Judaei
1046 820 1358 868 statuerunt
1389 810 1562 882 (quod
1614 824 1806 880 reapse
1850 818 2006 864 extra

422 912 594 966 aleam
622 907 993 965 contentionis
1021 904 1124 974 est)
1150 918 1389 974 quonam
1422 910 1580 972 pacto
1602 901 1859 956 Christus
1873 915 2007 956 con-

423 1015 507 1059 tra
540 1003 815 1058 diabolum
845 999 1200 1055 constituisse
1249 1005 1514 1066 tropaeum
1563 992 1809 1049 dicitur?
1869 992 2003 1046 Item

423 1095 469 1150 si
499 1095 622 1165 quis
673 1094 741 1148 de
787 1105 952 1161 regno
1005 1089 1306 1145 inferorum
1367 1101 1676 1143 sermonem
1729 1084 2004 1155 injiciens,

423 1194 613 1256 pergat
643 1198 805 1255 porro
824 1183 1009 1238 dicere
1049 1199 1064 1236 :
1100 1183 1147 1236 si
1169 1190 1252 1237 est
1277 1179 1581 1235 inferorum
1612 1194 1864 1250 regnum,
1886 1179 2006 1233 sine

420 1279 592 1332 dubio
629 1275 950 1345 intelligitur
976 1289 1200 1345 quoque
1242 1289 1360 1328 rex.
1387 1272 1455 1327 Et
1479 1271 1700 1342 quidem
1751 1271 1827 1325 ait
1860 1270 2004 1325 Pau-

421 1372 509 1426 lus
539 1371 584 1401 ’⁵
620 1369 868 1424 veritatis
898 1382 1098 1437 praeco,
1135 1366 1451 1437 regnavisse
1479 1376 1709 1419 mortem
1745 1363 1815 1417 ab
1856 1363 2005 1417 Adao

423 1479 513 1518 mo
543 1462 610 1518 ad
643 1461 874 1525 Mosem,
909 1475 1018 1514 non
1048 1459 1103 1513 in
1128 1473 1224 1514 eos
1253 1459 1431 1513 solum
1460 1472 1694 1528 quorum
1719 1466 2004 1526 peccatum

421 1552 724 1608 secundum
780 1549 974 1606 Adami
1037 1549 1454 1604 similitudinem
1512 1556 1652 1611 erat,
1705 1562 1897 1602 verum
1947 1547 2004 1602 in

420 1656 518 1695 eos
548 1655 767 1712 quoque
792 1641 886 1710 qui
917 1638 1039 1708 ejus
1071 1637 1323 1706 exemplo
1359 1644 1742 1706 peccaverunt.
1775 1634 1932 1702 Quod
1955 1636 2004 1692 si

420 1748 516 1788 rex
550 1703 654 1796 est,
689 1733 800 1802 regi
835 1703 1017 1787 autem
1061 1731 1180 1799 lege
1233 1703 1294 1784 et
1345 1703 1697 1784 subditorum
1747 1727 2008 1797 suffragio
2037 1703 2082 1760 Β

419 1820 660 1890 dignitas
701 1819 1054 1883 attribuitur;
1112 1818 1201 1873 cui
1265 1818 1384 1873 haec
1450 1819 1692 1890 dignitas
1739 1819 2006 1890 suppetit,

419 1911 694 1980 quomodo
723 1917 1157 1965 consentaneum
1191 1908 1285 1975 sit,
1309 1925 1434 1963 eum
1467 1910 1693 1967 honoris
1726 1910 1849 1966 loco
1879 1926 2006 1982 per-,-

420 2002 528 2071 peti
563 1999 693 2072 justi
732 1998 980 2054 muneris
1007 1999 1448 2054 abdicationem?
1475 1998 1612 2053 Nam
1650 2008 1885 2072 utraque
1928 2001 2009 2056 lo-

420 2093 588 2157 cutio,
613 2099 670 2146 ct
707 2089 926 2159 quidem
953 2105 1020 2144 ex
1046 2089 1240 2146 eodem
1276 2091 1509 2146 fortasse
1547 2088 1717 2157 fonte,
1745 2107 1858 2147 rem
1884 2102 2006 2148 stu-

422 2185 576 2239 diose
615 2183 970 2254 pensantibus
1015 2191 1070 2238 et
1111 2183 1510 2238 dubitationem
1578 2185 1890 2255 suppeditat
1953 2193 2009 2240 et

422 2277 882 2347 explanationem.
919 2273 1202 2345 Praecipue
1232 2290 1359 2330 vero
1397 2290 1464 2329 ex
1499 2286 1624 2330 ante
1674 2274 1838 2330 dictis
1878 2290 2006 2344 pro-

423 2389 491 2428 na
532 2371 820 2443 responsio
859 2379 1062 2424 manat.
1099 2367 1198 2423 Est
1245 2368 1391 2424 enim
1442 2367 1578 2422 satis
1639 2367 2006 2438 exploratum,

421 2465 613 2536 tropaei
653 2463 876 2520 nomine
905 2461 1013 2519 dici
1044 2477 1288 2528 crucem,
1323 2477 1352 2514 a
1383 2469 1590 2531 tr0paeo
1636 2459 1834 2515 bellico
1874 2474 2009 2515 voce

423 2557 686 2613 translata
728 2573 741 2610 :
778 2555 1050 2626 siquidem
1103 2554 1359 2608 Christus
1414 2552 1678 2624 praeclare
1708 2551 1920 2606 hostem
1954 2550 2006 2604 vi

421 2649 638 2720 propria
680 2647 994 2718 superavit;
1023 2661 1130 2701 non
1177 2654 1358 2724 autem
1413 2644 1560 2714 quod
1624 2644 1740 2714 ipse
1787 2656 2007 2697 crucem

419 2741 816 2796 constituerit:
865 2739 1008 2796 hanc
1055 2738 1200 2793 enim
1259 2736 1528 2806 sacrilega
1587 2750 1722 2806 gens
1790 2733 2006 2801 defixit;

423 2849 596 2902 neque
626 2831 701 2886 nti
735 2841 998 2900 tropmutn
1032 2829 1100 2883 de
1130 2828 1308 2892 hoste,
1337 2841 1524 2880 verum
1578 2833 1640 2879 ut
1697 2822 2008 2880 communis

422 2925 734 2981 Servatoris
762 2924 1114 2993 supplicium.
1136 2920 1241 2976 Sed
1269 2929 1448 2974 tamen
1473 2918 1562 2974 ille
1586 2917 1794 2972 malitia
1814 2929 2008 2971 eorum

2107 438 2552 510 προειρημένων,
2577 438 2958 509 εύφωρὸτατον
2981 437 3094 509 ἔχει
3117 439 3213 510 τὴν
3237 439 3492 512 διάκρισιν
3517 444 3637 506 ·οἷον

2106 531 2158 584 εί
2203 531 2467 599 τρόπαιον
2517 532 2546 584 6
2585 529 2840 601 σταυρὸς,
2879 531 2965 593 τίς
3012 534 3040 584 6
3066 532 3269 600 στήσας
3298 534 3356 587 τὸ
3382 535 3635 610 τρόπαιον;

2108 625 2158 676 εἰ
2190 622 2291 692 μὲν
2313 625 2342 676 6
2375 623 2624 694 νικήσας,
2660 623 2712 675 τί
2769 624 2945 693 μάτην
2996 623 3058 676 τδ
3102 623 3362 679 Ἰουδαίων
3397 627 3534 693 ἔθνος
3574 635 3638 697 είς

2108 716 2520 786 χριστοκτονίαν
2565 715 2952 782 διαϐάλλεταις
2989 717 3036 768 εί
3084 715 3128 768 δ’
3154 716 3306 770 αὐτοὶ
3348 719 3520 775 τοῦτον
3558 725 3639 778 ἐπα

2108 806 2308 876 ήξαντο
2333 821 2345 836 ·
2377 806 2500 860 ούδέ
2525 806 2634 877 γάρ
2655 808 3143 877 ἀμφισϐητήσιμον
3163 808 3342 860 τοῦτο·
3371 811 3479 874 πῶς
3494 816 3520 866 ὀ
3537 815 3642 885 Χρι.

2109 900 2236 962 στδς
2285 901 2427 954 κατὰ
2462 900 2558 952 τοῦ
2594 899 2844 953 διαϐόλου
2886 899 3148 971 τρόπαιον
3194 900 3382 970 στῆσαι
3421 902 3638 974 λέγεταις

2120 991 2394 1054 Ὡσαύτως
2427 992 2482 1046 δὲ
2517 993 2612 1046 καὶ
2633 994 2684 1046 εἴ
2711 1010 2796 1056 τις
2837 991 3017 1046 λαϐὼν
3067 992 3145 1063 τῷ
3173 992 3311 1061 λόγῳ
3337 995 3402 1049 τὰ
3428 995 3514 1048 τοῦ

2107 1083 2406 1154 βασιλείας,
2433 1083 2676 1152 δηλονότι
2705 1084 2796 1137 τὸν
2831 1083 3058 1154 βασιλέα
3091 1085 3467 1154 συνεπάγεται.
3507 1089 3642 1158 Λέγει

2105 1175 2165 1229 δέ
2191 1193 2296 1229 που
2331 1177 2426 1230 καὶ
2447 1175 2657 1238 Παῦλος
2687 1179 2715 1230 6
2737 1177 2838 1247 τῆς
2866 1177 3126 1246 ἀληθείας
3165 1175 3371 1247 κῆρυξ,
3399 1179 3471 1242 ὡς
3491 1180 3646 1235 ἐϐασί-

2109 1268 2301 1322 λευσεν
2331 1269 2360 1321 6
2411 1268 2640 1332 θανάτος
2692 1268 2800 1322 ἀπὸ
2847 1269 3021 1338 Ἀδάμ
3076 1269 3237 1339 μέχρι
3275 1270 3557 1337 Μωῦσέως,
3595 1275 3643 1326 οὐ

2113 1363 2274 1433 μόνον
2302 1355 2377 1415 ῶν
2402 1357 2471 1434 ἦν
2502 1361 2564 1414 τὸ
2585 1361 2889 1432 ἁμάρτημα
2905 1360 3026 1415 καθ’
3047 1361 3340 1433 ὁμοιότητα
3359 1362 3447 1415 τοῦ
3480 1362 3644 1433 Ἀδάμ,

2107 1453 2250 1507 ἀλλὰ
2269 1453 2368 1507 καὶ
2400 1452 2496 1506 ἐπὶ
2519 1453 2647 1516 τοὺς
2692 1452 2812 1506 κατ’
2840 1452 3061 1522 ἐκείνην
3103 1453 3203 1522 τὴν
3239 1453 3466 1524 μίμησιν
3492 1455 3646 1525 ἁμαρ-

2106 1548 2414 1618 τήσαντας·
2443 1548 2494 1600 εί
2537 1546 2595 1601 δέ
2625 1546 2900 1617 βασιλεὺς,
2941 1545 3021 1616 τῷ
3072 1545 3132 1598 δὲ
3170 1544 3380 1615 βασιλεῖ
3426 1546 3575 1616 νόμος
3599 1564 3648 1600 τι

2106 1638 2170 1692 τὸ
2204 1637 2424 1709 ἀξίωμα
2454 1639 2604 1710 καὶή
2646 1638 2756 1692 τῶν
2789 1638 3050 1708 ὑπηκόων
3093 1636 3453 1708 ἐγχειρίζεται
3475 1637 3646 1708 ψῆφος,

2106 1723 2152 1800 ᾧ
2178 1731 2236 1785 δὲ
2260 1730 2432 1784 ταῦτα
2474 1730 2742 1802 περίεστι,
2781 1730 2898 1795 πῶς
2923 1729 2990 1785 ἂν
3021 1730 3104 1802 εἴη
3141 1729 3299 1799 λόγον
3321 1729 3438 1800 ἔχον
3467 1729 3558 1800 τῆς
3581 1731 3648 1783 ὅτι

2107 1824 2334 1888 δικαίως
2359 1822 2642 1877 ἐϐασίλευε
2684 1824 2874 1893 τιμῆς,
2911 1822 3037 1876 ἀντὶ
3065 1821 3162 1876 τοῦ
3194 1823 3366 1892 γέρας
3394 1820 3649 1892 προσλαμ-

2109 1914 2312 1978 ϐάνειν,
2343 1914 2570 1985 ὑπέχειν
2593 1903 2693 1986 τὴν
2717 1915 2973 1986 στέρησιν
2995 1931 3012 1982 ;
3040 1912 3266 1984 καὶγὰρ
3289 1913 3535 1984 ἑκάτερον
3558 1913 3652 1966 τῶν

2109 2010 2441 2080 εἰρημένων,
2477 2009 2607 2072 ἴσως
2633 2009 2733 2080 μὲν
2777 2007 2876 2063 καὶ
2920 2007 3169 2070 αὐτόθεν,
3194 2007 3294 2077 τὴν
3315 2006 3535 2076 ἀπορίαν
3557 2007 3652 2068 τοῖς

2107 2100 2500 2172 ἀκριϐέστερον
2531 2099 2734 2170 ὁρῶσιν
2763 2099 2919 2153 οὐδὲν
2942 2095 3164 2170 ἦττονῆ
3208 2097 3307 2169 τὴν
3354 2096 3498 2150 λύσιν
3542 2111 3658 2165 προ-

2109 2191 2367 2246 ϐάλλεται
2385 2209 2401 2225 ·
2436 2191 2673 2262 μάλιστα
2695 2192 2755 2246 δὲ
2782 2196 2848 2246 ἐκ
2871 2190 2980 2245 τῶν
3024 2191 3458 2270 προειρημένων,
3490 2187 3654 2259 ῥᾳδίαν

2108 2285 2327 2339 ἕλκουσι
2353 2285 2452 2357 τήν
2480 2286 2787 2358 ἀπάντησιν
2805 2303 2821 2318 ο
2849 2285 2947 2340 καὶ⁵
2987 2286 3098 2358 γάρ
3139 2284 3391 2354 ἐπίδηλον
3425 2282 3654 2355 τρόπαιον

2113 2377 2212 2448 μὲν
2239 2377 2495 2447 λέγεσθαι
2531 2377 2624 2431 τδν
2659 2377 2914 2448 σταυρὸν,
2942 2377 3053 2431 ἀπὸ
3078 2377 3177 2431 τοῦ
3209 2376 3352 2430 κατὰ.
3375 2374 3496 2437 τοὺς
3515 2371 3655 2425 πολέ-

2112 2482 2251 2538 μους
2278 2468 2543 2540 τροπαίου
2591 2469 2692 2538 τῆς
2741 2468 2929 2537 φωνῆς
2969 2466 3420 2539 μετενεχθείσηςο
3446 2463 3558 2518 ἐπεί
3602 2478 3654 2530 γε

2109 2558 2382 2630 λαμπρῶς
2409 2559 2659 2614 καθεῖλεν
2687 2561 2717 2612 6
2749 2559 2986 2630 Χριστὸς
3034 2559 3103 2612 δι’
3133 2559 3302 2612 αὑτοῦ
3337 2558 3426 2612 τὸν
3453 2555 3654 2628 ἐχθρόν’

2109 2651 2170 2703 ού
2206 2651 2342 2704 διότι
2371 2649 2430 2704 δὲ
2459 2652 2552 2704 τὸν
2597 2651 2832 2723 σταυρὸν
2884 2651 3153 2723 ἔστησενο
3185 2651 3309 2706 ούδέ
3366 2651 3473 2719 γάρ
3519 2647 3658 2709 αὐτὸς

2111 2745 2361 2815 ἔστησεν,
2387 2743 2630 2814 ἐπήξατο
2664 2743 2764 2812 μὲν
2793 2742 2903 2813 γὰρ
2929 2743 3096 2796 αύτδν
3132 2743 3200 2796 τὸ
3230 2741 3492 2813 θεομάχον
3511 2739 3658 2800 ἔθνος.

2111 2837 2210 2907 ούχ
2244 2837 2319 2899 ὡς
2357 2837 2625 2908 τρόπαιον
2650 2836 2706 2889 δὲ
2745 2837 2889 2890 κατὰ
2919 2835 3016 2888 τοῦ
3057 2835 3286 2906 ἐχθροῦ,
3319 2834 3430 2888 ἀλλ’
3463 2833 3534 2897 ὡς
3580 2829 3659 2883 τοῦ

2112 2928 2292 2981 κοινοῦ
2320 2929 2573 2996 Σωτῆρος
2616 2929 3003 2999 κολαστήριονο
3039 2930 3067 2982 6
3093 2929 3151 2981 δέ
3190 2928 3292 2998 τὴν
3331 2926 3544 2980 ἐκείνων
3578 2941 3664 2978 και

422 3017 474 3071 in
511 3015 793 3072 victoriam
830 3016 896 3069 de
927 3013 1086 3068 hoste
1133 3026 1314 3076 versa,
1357 3024 1537 3078 cruce,
1568 3016 1831 3077 tanquam
1894 3016 2006 3061 tro-

2114 3023 2380 3094 κουργίαν
2402 3025 2482 3085 είς
2505 3023 2601 3092 τὴν
2619 3022 2759 3076 κατὰ
2774 3019 2871 3074 τοῦ
2895 3021 3092 3092 ἐχθροῦ
3115 3021 3277 3092 νίκην
3303 3017 3660 3090 ἀντιστρέψας,

421 3124 536 3179 ι)ωο
593 3113 746 3176 ιιειιει
781 3116 887 3162 est.
921 3105 1109 3172 Neque
1163 3104 1329 3174 igitur
1387 3101 1702 3158 Judaeorum
1759 3100 2010 3169 impietas

423 3212 682 3269 tropaeum
723 3198 934 3260 statuit,
961 3211 1139 3266 neque
1164 3211 1356 3250 rursus
1409 3195 1670 3248 Servator
1723 3192 2009 3245 hominum

421 3306 640 3346 crucem
681 3289 787 3344 sibi
822 3289 1010 3344 defixit
1051 3304 1066 3341 :
1099 3287 1193 3342 sed
1235 3286 1383 3356 quod
1432 3286 1504 3339 illi
1543 3284 1752 3355 lignum
1794 3283 1860 3336 ad
1899 3281 2010 3335 Do-

422 3381 554 3434 mini
584 3379 913 3450 supplicium
941 3378 1268 3442 defixerant,
1298 3376 1389 3430 hic
1427 3376 1494 3430 ad
1534 3376 1764 3431 salutem
1797 3383 2011 3427 natura:

423 3479 627 3526 nostra:
664 3469 854 3540 tropaei
882 3468 1059 3523 forma
1105 3468 1350 3523 donavit.
1391 3467 1522 3522 Item
1578 3467 1880 3521 inferorum
1925 3480 2013 3519 re-

424 3579 592 3634 gnum
630 3563 852 3628 dicitur,
895 3561 1192 3632 reginaque
1219 3576 1403 3625 mors;
1433 3575 1541 3614 non
1582 3559 1729 3630 quod
1777 3558 2012 3612 decretis

424 3655 796 3726 suffragioquc
819 3654 1165 3709 subditorum
1189 3652 1529 3708 dominatum
1591 3651 1646 3704 in
1691 3665 1787 3705 eos
1835 3650 2012 3718 impe-

425 3748 687 3814 traverit;
720 3747 836 3801 hac
869 3744 1015 3800 enim
1069 3747 1214 3813 regis
1271 3743 1541 3798 vocabulo
1596 3741 1816 3812 proprie
1863 3741 2012 3796 dicto

424 3837 794 3901 conveniunt;
831 3835 925 3891 sed
965 3835 1092 3904 quia
1132 3849 1297 3904 quam
1330 3849 1423 3888 rex
1482 3840 1734 3888 terrenus
1779 3831 2011 3887 liberam

427 3935 750 4000 potestatem
788 3928 841 3980 in
878 3926 1128 3982 subditos
1158 3941 1290 3980 suos
1343 3934 1580 3988 exercet,
1620 3925 1870 3980 eamdem
1907 3923 2012 3979 sibi

427 4036 578 4076 mors
603 4019 814 4089 peccati
844 4033 1012 4073 causa
1035 4017 1335 4072 vindicavit
1368 4036 1381 4072 :
1414 4027 1578 4086 atque
1617 4017 1687 4070 ob
1726 4017 1778 4070 id
1825 4025 1881 4070 et
1925 4031 2014 4070 re-

424 4114 552 4184 gina
576 4126 725 4166 mors
752 4120 810 4167 et
845 4108 1150 4164 inferorum
1206 4125 1434 4178 regnum
1483 4109 1764 4164 translatis
1823 4108 2010 4180 appel-

425 4206 722 4262 lationibus
749 4204 855 4259 dici
893 4210 1146 4274 possunt.
1181 4203 1246 4256 Et
1277 4216 1409 4257 sane
1452 4201 1646 4255 mortis
1685 4209 1804 4255 erat
1826 4201 1880 4257 in
1912 4216 2013 4256 nos

425 4307 552 4352 ante
598 4310 818 4350 crucem
851 4294 1097 4364 potentia
1137 4293 1362 4358 invicta,
1405 4292 1555 4346 omni
1610 4306 1705 4360 spe
1758 4305 2008 4346 resurre-

2114 3111 2202 3168 οἷα
2224 3115 2288 3184 δὴ
2315 3115 2558 3185 τροπαίῳ
2581 3115 2658 3185 τῷ
2687 3115 2909 3189 σταυρῷ
2931 3117 3356 3186 προσεχρήσατο
3379 3130 3392 3145 ο
3414 3112 3532 3166 οὔτε
3551 3109 3662 3179 γοῦν

2113 3208 2175 3259 τὸ
2205 3206 2313 3258 τῶν
2353 3207 2623 3259 Ἰουδαίων
2667 3207 2799 3273 ἄγος
2825 3205 2886 3258 τὸ
2915 3205 3178 3276 τρόπαιον
3220 3204 3466 3272 ἔστησεν,
3491 3201 3546 3254 ού
3577 3198 3666 3269 μὴν

2113 3297 2232 3352 ἀλλ’
2263 3298 2368 3350 οὐδ’
2399 3300 2426 3349 6
2444 3297 2634 3370 Σωτὴρ
2656 3299 2752 3350 τοῦ
2776 3298 2967 3366 γένους
2998 3297 3177 3368 ἐαυτῷ
3201 3297 3294 3350 τὸν
3313 3295 3536 3365 σταυρὸν
3562 3309 3668 3345 συν-

2114 3389 2378 3460 επήξατο.
2401 3389 2515 3442 ἀλλ’
2543 3389 2768 3442 ἐκείνων
2793 3391 2886 3442 ἐπὶ
2915 3389 3137 3441 κολάσει
3166 3388 3264 3441 τοῦ
3289 3386 3552 3440 Δεσπότου
3575 3399 3668 3442 πη-

2116 3480 2390 3550 ξαμένων,
2420 3480 2584 3544 αὐτὸς
2614 3482 2708 3534 ἐπὶ
2731 3481 2975 3552 σωτηρίᾳ
3002 3483 3101 3550 τῆς
3146 3483 3427 3552 ἡμετέρας
3477 3477 3668 3547 φύσεως

2115 3574 2197 3636 εἰς
2217 3573 2481 3642 τρόπαιον
2509 3574 2842 3641 μετετάξατο
2864 3589 2877 3603 ·
2909 3575 3006 3626 καὶ
3057 3573 3185 3644 ᾅδου
3235 3574 3292 3626 δέ
3326 3570 3566 3641 βασίλεια
3594 3565 3668 3617 λέ-

2113 3679 2296 3730 γεται,
2338 3663 2434 3716 καὶ
2459 3662 2718 3733 βασιλεὺς
2746 3665 2774 3716 6
2813 3664 3071 3728 Θάνατος,
3103 3664 3203 3733 ούχ
3233 3665 3316 3716 ὅτι
3349 3661 3561 3730 θεσμοῖς
3591 3654 3669 3708 καὶ

2114 3748 2314 3822 γνώμῃ
2338 3750 2445 3805 τῶν
2477 3754 2799 3823 ἀρχομένων
2821 3754 2922 3824 τὴν
2952 3755 3073 3806 κατ’
3106 3752 3292 3805 αὐτῶν
3336 3753 3459 3822 ἔσχε
3503 3747 3669 3816 κυριό-

2113 3859 2277 3911 τητα,
2309 3841 2483 3896 ταῦτα
2530 3844 2640 3914 γὰρ
2684 3843 2764 3914 τῷ
2809 3844 3014 3914 κυρίως
3058 3845 3444 3916 σημαινομένῳ
3471 3839 3555 3893 διὰ
3585 3836 3670 3904 τῆς

2114 3933 2210 3986 τοῦ
2241 3933 2504 4004 βασιλέως
2533 3936 2718 4005 φωνῆς
2747 3937 2962 4001 ἕπεται,
2993 3938 3110 3990 ἀλλ’
3147 3937 3447 4006 ἐπειδήπερ
3465 3932 3566 3985 τῶν
3592 3926 3673 3981 ἐπὶ

2115 4027 2218 4096 γῆς
2253 4030 2281 4080 6
2311 4027 2611 4097 βασιλεύων
2662 4031 2723 4082 τὸ
2768 4031 2970 4100 κράτος
3013 4030 3313 4083 ἀδέσποτον
3355 4027 3508 4097 φέρει
3549 4016 3673 4073 κατὰ

2114 4119 2226 4171 τῶν
2258 4119 2365 4171 ὑπὸ
2395 4122 2552 4190 χεῖρα
2574 4137 2588 4150 ·
2626 4121 2783 4174 τοῦτο
2809 4121 2864 4174 δὲ
2886 4123 2914 4174 6
2941 4120 3168 4182 Θάνατος
3192 4119 3284 4172 διὰ
3320 4117 3418 4186 τῆς
3443 4107 3674 4182 παραϐά-

2118 4223 2255 4271 σεως
2283 4208 2533 4280 ἥρπασεν
2552 4225 2566 4238 ο
2597 4211 2770 4282 ταύτῃ
2792 4212 2848 4264 δὲ
2878 4212 2971 4264 καὶ
2997 4210 3251 4279 βασιλεὺς
3297 4203 3456 4267 εἶναι,
3492 4203 3579 4256 καὶ
3615 4195 3675 4248 τὰ

2117 4299 2308 4352 τούτου
2349 4301 2600 4370 βασίλεια
2627 4302 2884 4370 λέγεσθαι
2915 4301 3310 4373 μεταθεμένοις
3333 4298 3395 4353 τὸ
3414 4297 3578 4365 ὄνομα
3593 4288 3672 4342 δύο

425 4387 629 4443 etionis
660 4387 887 4458 praecisa
917 4396 971 4440 et
998 4386 1273 4441 exstincta
1308 4404 1322 4438 :
1354 4399 1544 4438 verum
1575 4383 1857 4437 enimvero
1891 4398 2006 4437 cum

2121 4405 2278 4442 ναται
2303 4405 2317 4419 ⁸
2353 4389 2449 4444 καὶ
2462 4386 2531 4461 ἦν
2555 4391 2654 4460 μὲν
2677 4390 2828 4460 αύτῷ
2847 4389 2956 4460 πρὸ
2979 4388 3074 4442 τοῦ
3100 4387 3338 4458 σταυροῦ
3368 4383 3487 4438 καθ’
3514 4374 3675 4450 ἡμῶνο

429 4473 711 4530 Dominica
740 4475 926 4546 passio
952 4475 1062 4528 vim
1102 4474 1251 4530 illius
1284 4473 1514 4528 omnino
1547 4472 1860 4538 absmlerit,
1889 4473 2014 4544 jure

429 4567 732 4636 meritoque
771 4566 1009 4621 dicimus
1031 4582 1260 4636 regnum
1300 4566 1421 4634 ejus
1456 4581 1581 4620 esse
1609 4564 1906 4634 direptum.

2121 4480 2334 4552 ἄμαχος
2363 4484 2394 4552 ή
2431 4483 2659 4551 τοιαύτη
2697 4483 2862 4553 ἀρχὴ,
2916 4484 3099 4536 πᾶσαν
3124 4480 3480 4537 ἀναστάσεως
3509 4467 3676 4526 ἐλπίδα

2121 4573 2533 4641 περικόπτουσά
2560 4591 2620 4627 τε
2662 4578 2754 4629 καὶ
2797 4573 3216 4645 νεκροποιοῦσα,
3247 4570 3344 4625 τοῦ
3367 4569 3424 4623 δὲ
3448 4568 3676 4620 δεσποτι-

430 4657 525 4711 κοῦ
559 4658 766 4720 πάθους
796 4657 894 4722 τῆς
928 4656 1111 4726 ἰσχύος
1133 4657 1297 4710 αὐτὸν
1323 4654 1606 4720 παντελῶς
1648 4655 2010 4726 ἀφελομένου,
2047 4662 2274 4728 εἰκότως
2308 4666 2403 4719 καὶ
2427 4666 2571 4720 κατὰ
2599 4667 2756 4736 λόγον
2794 4667 2976 4736 φαμὲν
3011 4663 3376 4718 ἐσκυλεῦσθαι
3430 4660 3500 4714 τά
3567 4653 3677 4710 τού·

438 4773 522 4808 του
555 4755 827 4823 βασίλεια.

502 4847 586 4901 10.
633 4845 776 4916 Ergo
815 4847 968 4910 licet,
996 4853 1056 4899 ιιι
1080 4845 1344 4908 arbitror,
1392 4844 1564 4900 alacri
1609 4846 1794 4900 animo
1845 4846 2014 4902 confl-

431 4939 690 5009 tlcntique
715 4939 901 5007 lingua
947 4937 1150 5002 dicere,
1182 4936 1546 4990 voluntariam
1577 4937 1741 4992 simul
1774 4947 1829 4992 et
1858 4938 2017 4994 invo-

435 5031 730 5086 luntariam
753 5027 902 5082 Patri
937 5025 1206 5083 accidisse
1220 5024 1341 5081 Filii
1374 5042 1564 5083 necem
1592 5046 1606 5082 :
1631 5036 1686 5083 et
1713 5029 1766 5084 id
1799 5038 2016 5085 utrum-

433 5138 542 5194 que
587 5122 655 5176 de
691 5121 848 5176 hoste
893 5133 1112 5191 quoque
1173 5119 1394 5174 diabolo
1446 5119 1790 5188 pronuntiari
1851 5135 2017 5192 posse

343 5230 362 5251 κ
436 5214 704 5269 videmus.
739 5210 980 5267 Dicimus
1010 5213 1234 5280 insuper
1259 5210 1411 5265 cruci
1435 5210 1714 5266 Christum
1739 5227 1837 5282 pro
1857 5213 2018 5269 nobis

435 5305 801 5376 subjacnisse,
833 5319 1102 5374 suumque
1128 5304 1450 5374 sanguinem
1479 5303 1783 5359 clementiae
1817 5305 2017 5360 instin-

437 5408 529 5455 ctu
563 5396 877 5469 profudisse
909 5416 923 5451 :
962 5411 1141 5466 neque
1181 5405 1362 5452 tamen
1407 5397 1662 5469 cuiquam
1698 5399 1966 5454 obtulisse
1998 5416 2014 5454 :

443 5507 547 5546 non
570 5489 717 5546 enim
740 5489 789 5544 ei
816 5489 1154 5561 propositum
1177 5498 1294 5544 erat
1326 5489 1648 5562 sanguinem
1669 5490 1887 5556 offerre,
1919 5491 2015 5546 sed

443 5583 697 5652 passione
725 5597 825 5636 sua
863 5581 1008 5651 quod
1041 5579 1278 5650 perierat
1303 5595 1647 5641 conservare.
1696 5583 1813 5639 Non
1852 5582 2016 5654 igitur

509 5696 554 5728 ³⁵
587 5696 749 5750 Rom.
776 5711 830 5764 ν,
859 5695 945 5750 14.

2193 4857 2245 4906 ι’.
2279 4851 2529 4905 Ἔνεστιν
2551 4848 2666 4918 οὖν,
2712 4845 2891 4921 οἶμαι,
2923 4848 3120 4922 γνώμῃ
3173 4865 3231 4900 τε
3290 4843 3552 4916 χαιρούσῃ
3599 4837 3678 4892 καὶ

2123 4943 2623 5016 παῤῥησιαζομένῃ
2663 4941 2887 5014 γλώσσῃ
2933 4941 3139 5010 λέγειν,
3175 4941 3327 5002 ὅπως
3366 4953 3426 4992 τε
3481 4929 3680 4999 θελητόν

2122 5034 2239 5088 ἐστι
2264 5035 2359 5088 καὶ
2382 5034 2646 5105 άθέλητον
2671 5037 2700 5088 6
2721 5034 2951 5096 θάνατος
2975 5033 3074 5086 τοῦ
3098 5029 3230 5086 Υίοῦ
3260 5030 3340 5100 τῷ
3369 5024 3542 5098 Πατρί
3564 5038 3576 5052 ⁸
3600 5018 3678 5074 καὶ

2121 5129 2270 5190 ὅπως
2295 5127 2559 5200 ἑκάτερον
2581 5127 2762 5182 αὐτῶν
2784 5127 2913 5197 περὶ
2934 5126 3025 5180 τὸν
3053 5124 3314 5194 πολέμιον
3337 5122 3526 5192 ὁρᾶται
3545 5111 3662 5181 λεγό

2128 5238 2288 5293 μενον
2310 5237 2326 5254 ο
2363 5223 2460 5274 καὶ
2483 5221 2558 5283 ὼς
2596 5220 2696 5291 μὲν
2727 5220 2865 5292 ὑπὲρ
2891 5219 3048 5290 ἡμῶν
3077 5216 3314 5286 σταυρὸν
3343 5211 3567 5279 ὑπέστη,
3597 5201 3677 5256 καῖ

2121 5313 2184 5367 τὸ
2210 5313 2410 5367 οίκεῖον
2469 5314 2498 5366 6
2553 5311 2935 5382 φιλάνθρωπος
2990 5305 3132 5380 αἷμα
3181 5307 3417 5377 ἐξέχεεν,
3439 5300 3498 5354 οὐ
3532 5307 3660 5366 προσ

2124 5404 2324 5472 ήνεγκε
2350 5403 2408 5458 δὲ
2431 5403 2598 5457 τοῦτό
2625 5420 2731 5456 τινι
2751 5417 2766 5433 ⁸
2797 5401 2858 5456 ού
2893 5400 3004 5472 γάρ
3029 5397 3179 5470 αύτῷ
3207 5395 3410 5456 σκοπὸς
3437 5386 3504 5462 ἦν
3532 5398 3674 5456 προσ

2124 5495 2392 5561 ἐνεγκεῖν,
2416 5492 2533 5547 ἀλλ’
2563 5495 2622 5547 ἐν
2662 5492 2742 5562 τῷ
2785 5492 2949 5546 πάθει
2977 5491 3040 5545 τὸ
3087 5488 3369 5549 ἀπολωλὸς
3411 5477 3670 5537 ἀνασώσα-

2127 5587 2281 5642 σθαι·
2313 5588 2375 5643 ού
2408 5589 2786 5660 προσήνεγκεν
2813 5580 2928 5653 οὖν,
2960 5585 3009 5639 εί
3041 5583 3115 5656 μή
3154 5598 3259 5637 τινι
3289 5577 3431 5633 κατὰ
3465 5580 3670 5644 μεταφο
