3864 6218
218 180 338 247 189

1139 183 1241 245 AD
1278 180 1876 244 AMPHILOCHIUM
1934 178 2285 252 ΟυιΈΞΤῙΟ
2350 181 2527 245 XXV.

3407 174 3514 242 190

224 308 334 378 ρὰν
361 305 425 360 τὸ
444 305 589 378 ὑπὲρ
615 303 775 376 ἡμῶν
805 303 1003 359 παθεῖν
1026 304 1213 370 αὑτὸν,
1250 304 1405 374 φίλον
1437 304 1589 359 ἐστὶν
1616 303 1818 375 ὀνομά-

1930 300 2131 356 obtulit
2167 318 2182 355 :
2215 300 2323 355 nisi
2357 300 2500 355 forte
2523 297 2762 368 cuipiam
2802 298 2997 370 placet,
3036 296 3347 368 passionem
3390 299 3512 368 ejus

222 399 349 463 ζειν
372 398 766 468 προσενεγκεῖν
789 412 806 429 ο
841 395 1125 460 ἀκώλυτος
1149 396 1260 467 γὰρ
1283 396 1374 449 διὰ
1392 396 1494 467 τὴν
1518 396 1816 467 ὁμοιότητα

221 493 330 561 τῆς
367 492 556 561 φωνῆς
585 493 619 562 ή
652 491 852 563 χρῆσις
883 491 943 543 ὲν
966 491 1206 562 σχήματι
1235 489 1541 561 λεγομένης
1565 491 1775 563 τροπῆς
1796 502 1815 518 ο

210 584 421 653 ὥσπερ
464 584 848 655 κεκωλυμένον
886 584 987 654 τῆς
1036 585 1098 637 τὸ
1134 583 1323 656 κύριον
1373 584 1605 657 ἐχούσης
1647 601 1820 656 προσ-

132 711 151 733 .
221 678 465 750 ηγορίας
495 678 559 732 τὸ
594 679 791 749 ίδιωμα
818 679 910 732 ἐπὶ
932 679 1139 749 ταύτης
1187 680 1444 733 ἀπαιτεῖν
1466 694 1480 708 ⁸
1508 679 1605 733 καὶ
1649 695 1819 747 φανε-

218 772 325 844 ρὺν
355 772 434 836 ὡς
463 770 588 825 οὔτε
612 772 992 844 προσήνεγκεν
1051 769 1179 824 οὔτε
1245 772 1587 843 προσέφερεν
1634 770 1747 841 (40)
1790 770 1819 821 ὅ

230 864 441 935 Ἀμνὸς
457 864 554 917 τοῦ
577 863 715 917 Θεοῦ
738 866 767 917 ὁ
793 861 966 935 αἴρων
986 864 1083 933 τὴν
1112 862 1389 934 ἁμαρτίαν
1408 862 1503 915 τοῦ
1526 863 1733 934 κόσμου
1760 862 1819 916 τὸ

222 958 505 1028 σωτήριον
530 957 628 1011 καὶ
664 956 962 1028 καθάρσιον
1000 952 1141 1028 αἷμα
1184 956 1279 1010 τοῦ
1329 956 1518 1025 γένους
1547 954 1737 1025 ἡμῶν·
1770 957 1819 1009 εί

218 1051 323 1104 καὶ
366 1052 396 1103 ὁ
427 1049 621 1122 Πατὴρ
657 1051 687 1102 ό
720 1049 810 1103 διὰ
858 1050 922 1103 τὸ
967 1049 1077 1105 ἀπὸ
1116 1050 1212 1103 τοῦ
1254 1048 1463 1112 πάθους
1517 1047 1822 1117 ἐκὸεὸηκδς

210 1144 544 1217 τερπομένη
578 1145 676 1198 καὶ
702 1144 978 1217 χαιρούσῃ
1009 1142 1208 1216 γνώμῃ
1236 1143 1298 1197 τὸ
1332 1136 1473 1213 αἷμα
1503 1140 1596 1194 τοῦ
1626 1140 1821 1203 Παιδὸς

207 1237 595 1303 ὑποδέξασθαι
635 1238 894 1307 λέγεταιο
926 1236 1064 1291 ἀλλὰ
1101 1235 1275 1290 ταῦτα
1323 1237 1420 1306 μὲν
1473 1234 1521 1287 εἰ
1575 1233 1669 1287 καὶ
1718 1230 1820 1302 τῆς

215 1327 454 1391 ἐλπίδος
489 1328 556 1399 ἢν
586 1325 837 1397 ὧδινενή
875 1317 1154 1396 ἐξαίτησις
1203 1324 1333 1387 ἴσως
1371 1323 1470 1392 μὲν
1510 1320 1823 1375 ἐντελέστε-

209 1437 349 1490 ρον,
383 1418 525 1489 πλήν
545 1435 609 1486 γε
629 1419 772 1472 κατὰ
789 1418 882 1471 τὸν
897 1417 1160 1488 ἐπίτομον
1182 1415 1584 1487 προενήνεκται
1613 1411 1784 1466 τύπον
1802 1428 1819 1445 ο

210 1512 356 1565 ἐπεὶ
388 1511 515 1582 μηδ’
547 1510 913 1582 ἐπιλέλησμαι
938 1510 1082 1563 κατὰ
1126 1509 1229 1573 τὰς
1257 1507 1626 1579 σχολαζούσας
1658 1504 1819 1575 μελέ-

214 1621 329 1667 τας
358 1605 473 1668 τοῖς
491 1604 811 1675 ἱερωτάτοις
838 1603 997 1673 ἡμῶν
1032 1602 1270 1672 δόγμασι
1304 1599 1566 1661 πολλάκις
1588 1597 1820 1651 ἀκοῦσαι

1921 408 2024 465 pro
2052 393 2235 459 nobis,
2259 391 2494 461 ﬁgurate
2515 391 2843 445 oblationem
2870 390 3164 461 appellare.
3197 390 3340 445 Nihil
3363 391 3512 451 einim

1918 495 2068 542 vetat
2096 486 2168 541 ob
2192 485 2442 541 vocabuli
2471 484 2912 549 similitudinem,
2958 485 3255 554 quominus
3289 499 3356 537 eo
3387 494 3512 538 uta-

1920 592 2046 632 mur
2072 591 2139 632 ex
2172 576 2352 632 forma
2381 576 2628 646 praedicti
2682 576 2828 646 tropi
2862 592 2877 629 :
2916 583 2974 629 at
3037 574 3265 629 vetitum
3313 586 3508 631 contra

1919 677 2026 736 est,
2053 669 2290 740 propria:
2317 669 2592 725 strictaeve
2622 667 3008 737 appellationis
3051 668 3427 722 characterem
3450 668 3513 722 in

1919 761 2108 815 eadem
2134 760 2411 816 locutione
2437 761 2745 829 exquirere.
2777 758 2908 813 Sine
2932 757 3102 813 dubio
3126 759 3311 828 itaque
3333 773 3515 829 neque

1920 852 2186 909 offerebat
2213 866 2392 923 neque
2418 852 2619 907 obtulit
2640 850 2733 907 Dei
2765 854 2979 923 Agnus,
2998 850 3092 921 qui
3111 850 3298 905 mundi
3317 865 3513 919 pecca-

1921 952 2038 1000 tum
2068 944 2315 1010 abstulit,
2353 944 2676 1014 sanguinem
2712 958 2872 999 suum
2903 942 3199 998 salutarem
3225 941 3512 1011 nostrique

1921 1038 2138 1109 generis
2186 1045 2539 1108 purgatorem
2573 1054 2587 1091 :
2623 1050 2939 1106 quanquam
2971 1035 3158 1099 Pater,
3196 1033 3268 1089 ob
3293 1034 3511 1105 passio-

1921 1131 2011 1185 nis
2031 1131 2345 1194 utilitatem,
2374 1129 2567 1185 libenti
2583 1130 2813 1199 laetoque
2839 1128 3024 1183 animo
3041 1127 3164 1183 Filii
3181 1127 3507 1198 sanguinem

1921 1224 2230 1293 suscepisse
2261 1223 2487 1278 dicitur.
2517 1221 2771 1277 Jamvero
2826 1222 2926 1277 etsi
2981 1222 3098 1277 haec
3151 1222 3292 1277 forte
3344 1236 3512 1290 supra

1923 1328 2071 1384 spem
2127 1314 2516 1384 postulationis
2571 1323 2680 1370 tuae
2737 1314 2904 1384 paulo
2956 1313 3173 1384 plenius
3232 1312 3511 1382 disputata

1922 1406 2169 1471 fuerunt,
2214 1407 2574 1463 nihilominus
2605 1408 2796 1462 eadem
2844 1422 2876 1462 a
2937 1406 3244 1462 summario
3294 1405 3511 1461 dicendi

1923 1514 2122 1570 genere
2156 1513 2269 1553 non
2317 1498 2601 1554 recedunt.
2663 1498 2851 1570 Neque
2885 1500 3031 1554 enim
3077 1513 3187 1553 non
3232 1500 3511 1559 recordor,

1922 1596 2073 1643 tuam
2107 1603 2252 1658 saepe
2286 1588 2548 1644 virtutem
2604 1604 2703 1660 per
2755 1589 3118 1645 scholasticas
3163 1588 3231 1645 de
3263 1588 3510 1658 angustis

212 1697 326 1769 τὴν
370 1697 473 1771 σὴν
526 1698 731 1770 ἀρετὴν
794 1696 1272 1768 φυλοκρινούμενα
1322 1694 1393 1748 τὰ
1428 1691 1694 1747 τοιαῦταο
1727 1690 1822 1745 καὶ

1929 1680 2130 1736 nostris
2153 1680 2498 1751 dogmatibus
2522 1681 2967 1746 exercitationes,
2999 1682 3114 1738 haec
3146 1692 3403 1736 accurate
3425 1681 3512 1735 di-

208 1788 365 1861 ῥᾷόν
393 1790 545 1842 ἐστιν
578 1790 644 1842 ἐκ
665 1788 775 1842 τῶν
804 1788 1093 1860 παρόντων
1126 1789 1181 1842 εί
1201 1805 1256 1841 τι
1288 1788 1384 1842 καὶ
1411 1785 1554 1858 λήθη
1595 1784 1708 1838 τῶν
1735 1783 1822 1837 λο-

214 1879 451 1951 γισμῶν
485 1879 764 1950 ἀφείλετο,
830 1882 913 1945 είς
961 1880 1066 1951 τὴν
1122 1879 1235 1935 τῶν
1294 1875 1822 1951 παραλελειμμένων

218 1972 568 2043 συνάγεσθαι
614 1973 860 2045 μνήμην.

772 2083 1109 2139 ΕΡΩΤΗΣΙΣ
1140 2081 1269 2138 KE'.

224 2197 409 2262 Τίνος
427 2195 466 2265 ἡ
488 2195 658 2265 φωνὴ
684 2196 724 2263 ἡ
741 2194 1031 2266 ,λέγουσαν
1050 2216 1069 2248 ι
1097 2197 1279 2250 Τοῦτο
1293 2194 1362 2249 δὲ
1381 2194 1529 2249 ὅλον
1552 2193 1781 2266 γέγονε,
1794 2208 1815 2243 ι

298 2268 565 2337 πότερον
580 2267 687 2322 τοῦ
699 2265 1114 2338 συγγραφέως,
1131 2267 1171 2336 ἢ
1194 2266 1301 2320 τοῦ
1327 2265 1751 2334 Ἀρχαγγέλου;

1924 1784 2077 1848 gesta
2100 1773 2397 1830 audivisse.
2433 1772 2529 1830 Est
2552 1782 2737 1829 autem
2785 1772 3025 1840 facilius,
3056 1774 3103 1829 si
3137 1774 3268 1844 quid
3305 1774 3509 1829 oblivio

1925 1870 1993 1925 de
2025 1866 2451 1940 cogitationibus
2485 1866 2688 1922 nostris
2718 1866 2963 1933 detrivit,
3001 1882 3103 1935 ope
3129 1881 3342 1931 eorum,
3387 1881 3512 1935 quae

1926 1975 2111 2017 coram
2132 1968 2280 2026 sunt,
2299 1959 2793 2031 praetermissarum
2819 1958 3138 2013 memoriam
3165 1970 3511 2027 recuperare.

2263 2071 2597 2141 QUAESTIO
2634 2070 2781 2126 xxv
2826 2070 2924 2143 [αι.
2960 2070 3177 2142 XXIX].

1929 2185 2228 2255 Cujusnam
2260 2200 2361 2238 vox
2393 2184 2486 2247 sit,
2522 2200 2639 2253 qua:
2685 2183 2856 2255 dicit:
2888 2200 2906 2233 ι
2950 2179 3066 2234 Hoc
3116 2190 3293 2255 autem
3340 2186 3515 2255 totum

2000 2248 2203 2325 factum
2233 2263 2311 2309 est
2337 2256 2382 2287 “
2409 2272 2426 2322 ;
2458 2273 2477 2306 ι
2516 2248 2934 2323 evangelistame,
2966 2268 3037 2305 an
3070 2248 3411 2320 archangeli?

1419 2373 1564 2426 Edita
1581 2374 1643 2424 ab
1670 2374 1784 2425 Ant.
1802 2373 1992 2431 Scolto,
2015 2370 2050 2419 l.
2093 2381 2161 2431 c.,
2188 2383 2238 2432 p.
2273 2367 2376 2417 Hi.

304 2486 435 2542 Ὅτι
486 2486 586 2559 μὲν
642 2487 1088 2560 ἐκπληττομένου
1138 2488 1234 2543 καὶ
1279 2487 1654 2559 θαυμάζοντός
1704 2486 1821 2538 ἐστι

1987 2479 2145 2547 Quod
2176 2478 2540 2551 stupescentis
2569 2478 2758 2545 animi,
2779 2486 2833 2533 et
2863 2478 3133 2534 factorum
3189 2479 3517 2533 verborum-

220 2580 343 2633 τῶν
401 2580 605 2653 ἔργων,
660 2583 756 2635 καὶ
795 2581 903 2635 τῶν
930 2581 1105 2651 λόγων
1133 2581 1195 2635 τὸ
1230 2580 1533 2653 ὑπερφυὲς,
1575 2581 1714 2648 α’ύτη
1762 2595 1822 2632 τε

1929 2590 2024 2645 que
2078 2573 2419 2629 nobilitatem
2476 2572 2802 2627 admirantis
2850 2586 2913 2627 ea
2961 2572 3034 2627 sit
3066 2587 3212 2640 vox;
3260 2572 3515 2628 sublimis

224 2670 328 2725 τοῦ
357 2671 521 2739 λόγου
555 2674 589 2742 ἡ
627 2672 925 2742 περικοπὴ,
952 2672 1049 2725 καὶ
1074 2672 1183 2724 τῶν
1209 2673 1545 2743 ὀνομάτωνὴ
1579 2670 1822 2741 συνθήκη

1929 2667 2039 2736 ipsa
2091 2666 2359 2721 orationis
2413 2666 2704 2736 particula,
2751 2665 3152 2736 numinumque
3217 2675 3514 2722 contextus

223 2762 539 2833 παρίστησι
582 2761 795 2831 σαφῶς.
834 2780 853 2813 ι
885 2760 1059 2814 Τοῦτο
1087 2761 1195 2831 γάρ
1224 2761 1345 2814 ὅλον
1370 2761 1586 2829 γέγονε,
1619 2779 1636 2810 ι
1668 2759 1823 2828 φησι,

222 2853 357 2904 ἀντὶ
386 2851 506 2916 τοῦ,
535 2850 655 2914 πῶς
688 2851 809 2903 ὅλον
828 2850 989 2903 τοῦτο
1019 2850 1293 2919 προῆλθε;
1323 2849 1467 2914 Πῶς,
1501 2848 1546 2902 ὣ
1571 2848 1665 2901 τοῦ
1691 2847 1825 2900 θαύ-

233 2945 432 3015 ματοςῐ
469 2944 644 3015 ἐφάνη
696 2943 757 2995 τὸ
784 2943 1090 3007 ἔκπληκτον
1115 2940 1296 3009 τοῦτο,
1324 2942 1418 2994 καὶ
1438 2940 1607 3010 γέμον
1628 2940 1825 2992 ἐκστά-

236 3052 413 3101 σεως;
491 3034 619 3098 Πῶς
674 3035 916 3087 τοιοῦτον
973 3034 1125 3103 ἥλιος
1161 3029 1297 3097 aliis;
1347 3031 1470 3095 Πῶς
1511 3029 1821 3100 ἀνθρώποις

230 3093 564 3197 ἐπεγνώσθη
589 3093 873 3191 τοιοῦτον;
907 3093 1019 3179 Καὶ
1069 3093 1152 3179 ὅτι
1203 3093 1344 3194 μετὰ
1382 3093 1462 3176 τὸν
1483 3093 1825 3193 ἀνακηρύξαι
1853 3093 1895 3152 C

227 3219 297 3272 τό
348 3236 415 3271 τε
460 3219 710 3289 ἄσποραν
755 3219 850 3271 τοῦ
883 3218 1069 3283 τόκου,
1122 3219 1219 3272 καί
1264 3218 1363 3288 τὴν
1408 3220 1469 3270 ἐκ
1512 3215 1829 3286 Πνευμάτος

228 3310 400 3378 ἁγίου
452 3310 736 3381 σύλληψιν,
789 3312 885 3363 καὶ
916 3312 1014 3382 τὴν
1044 3308 1140 3362 τοῦ
1190 3309 1445 3380 Σωτῆρος
1488 3307 1711 3376 κλῆσιν,
1761 3307 1828 3376 ἢν

225 3401 376 3454 διότι
454 3400 639 3465 σώζει,
696 3401 1056 3472 προσείληφε,
1117 3400 1211 3454 τὸν
1247 3400 1378 3453 λαὸν
1410 3399 1597 3461 αὐτοῦ,
1630 3396 1830 3451 καὶτό-

228 3510 301 3560 γε
329 3493 433 3545 οὐκ
456 3493 564 3546 ἀπό
612 3509 774 3545 τινων
826 3493 1157 3563 σωματικῶν
1207 3492 1557 3562 νοσημάτων,
1606 3484 1688 3551 οἷς
1733 3488 1830 3542 καὶ

232 3586 449 3657 ἰατρῶν
480 3585 743 3649 πολλάκις
778 3588 959 3656 χεῖρες
993 3587 1332 3656 ἐπήρκεσαν,
1368 3584 1482 3637 ἀλλ’
1525 3582 1620 3639 ἀπ’
1649 3581 1830 3635 αὐτῶν

230 3694 303 3745 γε
351 3677 455 3747 τῆς
504 3677 685 3747 ψυχῆς
732 3676 1188 3748 ἀρρωστημάτων
1231 3692 1291 3727 τε
1333 3675 1428 3727 καὶ
1469 3672 1830 3743 μολυσμάτων

228 3763 311 3823 ὧν
339 3768 444 3821 οὐκ
469 3768 615 3822 ἔστιν
666 3770 850 3839 εὑρεῖν
882 3768 1180 3839 καθάρσιον
1223 3764 1349 3819 οὔτε
1397 3765 1532 3835 ίαμα
1554 3765 1653 3834 τῆς
1679 3763 1832 3825 θείας

230 3860 413 3931 χωρὶς
434 3860 725 3930 εὐμενείας
750 3877 811 3912 τε
865 3860 965 3913 καὶ
1021 3858 1353 3921 ἐπινεύσεως
1387 3874 1403 3890 ο
1444 3856 1535 3910 διὰ
1589 3855 1720 3924 γοῦν
1768 3856 1831 3908 τὸ

231 3950 421 4002 εἰπεῖν
442 3950 512 4002 τὰ
542 3951 833 4020 εἰρημένα,
873 3950 967 4002 καὶ
1010 3948 1109 4019 τὴν
1144 3948 1237 4002 τοῦ
1274 3949 1552 4019 Σωτῆρος,
1581 3948 1690 4001 ἀπὸ
1727 3949 1827 4018 τῆς
1872 3970 1884 3983 ο

231 4041 430 4110 κοινῆς
454 4040 777 4111 εὐεργεσίας
796 4039 1113 4109 ὀνομασίαν,
1129 4038 1293 4101 εὐθὺς
1320 4039 1589 4106 ἐπήγαγε·
1616 4057 1634 4089 ι
1659 4037 1832 4091 Τοῦτο

230 4133 296 4185 δὲ
318 4130 446 4185 ὅλον
473 4132 666 4199 γέγονε
698 4131 785 4183 ἵνα
812 4127 1077 4200 πληρωθῇ
1093 4130 1151 4182 τὸ
1184 4130 1347 4199 ῥηθὲν
1369 4130 1473 4183 ὑπὸ
1503 4129 1597 4183 τοῦ
1622 4130 1828 4201 Κυρίου

232 4226 329 4279 διὰ
363 4223 459 4278 τοῦ
506 4225 787 4296 προφήτου
819 4224 1072 4292 λέγοντος
1105 4240 1119 4254 ο
1151 4241 1169 4273 ι
1217 4223 1349 4276 Ἰδοὺ
1396 4226 1430 4293 ὴ
1456 4222 1733 4296 Παρθένος
1770 4224 1831 4277 ἐν

234 4316 445 4387 γαστρὶ
474 4317 607 4382 ἕξει,
640 4317 734 4368 καὶ
750 4316 965 4379 τέξεται
984 4316 1120 4375 υἱὸν,
1141 4314 1237 4367 καὶ
1258 4313 1549 4368 καλέσουσι
1576 4314 1637 4367 τὸ
1657 4308 1829 4384 ὄνομα

1922 2759 2225 2813 luculenter
2257 2759 2517 2814 ostendit.
2567 2758 2824 2813 Profecto
2861 2777 2881 2809 ι
2926 2759 3031 2814 hoc
3080 2768 3255 2814 totum
3308 2760 3515 2815 factum

1929 2857 2014 2903 est
2050 2867 2069 2901 ι
2120 2848 2370 2902 adhibuit
2426 2863 2526 2917 pro
2574 2849 2854 2917 quomodo
2910 2849 2964 2903 id
3030 2865 3193 2905 omne
3242 2852 3517 2921 contigit?

1931 2938 2250 3006 Quomodo,
2286 2938 2445 3009 (proh
2478 2939 2740 3007 mirum!)
2789 2940 2892 2995 hoc
2920 2940 3159 2995 novitate
3191 2942 3516 3011 percellens,

1930 3042 1983 3086 et
2013 3032 2373 3086 admiratione
2418 3031 2637 3101 plenum
2682 3031 2979 3100 apparuit?
3026 3030 3128 3097 Qui
3172 3035 3278 3087 tale
3310 3032 3517 3088 factum

1927 3122 2067 3177 vidit
2126 3124 2255 3178 sol?
2302 3124 2422 3190 Quo
2458 3132 2619 3193 pacto
2676 3124 2913 3179 innotuit
2962 3123 3320 3180 hominibus?
3361 3124 3522 3183 Patet

1929 3231 2149 3286 quoque
2180 3216 2352 3286 quod,
2394 3217 2484 3270 ubi
2512 3218 2818 3271 nuntiatum
2882 3230 2965 3273 cst
3003 3220 3147 3289 quod
3177 3220 3349 3277 Filius
3398 3222 3521 3277 sine

1930 3307 2137 3362 semine
2160 3306 2323 3375 foret,
2352 3316 2517 3377 atque
2553 3308 2618 3363 de
2653 3310 2860 3378 Spiritu
2887 3319 3078 3367 sancto
3102 3313 3511 3382 conciperetur,

1929 3407 2281 3468 sumeretque
2315 3399 2614 3455 Salvatoris
2655 3417 2880 3465 nomen,
2922 3404 3071 3475 quod
3114 3405 3191 3459 illi
3239 3408 3515 3476 congruit,

1930 3490 2058 3560 quia
2090 3491 2269 3546 salvat
2295 3492 2559 3561 populum
2600 3508 2787 3555 suum,
2817 3510 2925 3549 non
2958 3496 3178 3564 quidem
3212 3497 3280 3551 ab
3305 3498 3519 3567 aliquot

1930 3582 2177 3651 corporis
2214 3583 2690 3653 morbis,rquibus
2738 3587 2998 3641 curandis
3042 3588 3126 3642 vel
3174 3588 3515 3644 medicorum

1930 3689 2128 3729 manus
2158 3691 2303 3745 saepe
2332 3675 2629 3743 sulIiciuut,
2658 3678 2753 3732 sed
2794 3679 2862 3731 ab
2892 3679 3025 3747 ipsis
3050 3679 3250 3735 animae
3279 3690 3515 3751 aegrota-

1927 3766 2172 3823 tionibus
2221 3777 2276 3823 et
2302 3768 2474 3835 vitiis,
2507 3784 2741 3839 quorum
2775 3770 3005 3824 inveniri
3050 3772 3258 3841 nequit,
3290 3784 3516 3844 excepta

1929 3857 2024 3913 Dei
2066 3859 2403 3929 benignitate
2457 3870 2511 3915 et
2554 3861 2911 3930 indulgentia,
2967 3864 3178 3919 curatio
3242 3874 3296 3919 et
3335 3881 3515 3921 reme-

1929 3950 2119 4005 dium:
2150 3950 2240 4004 ubi
2276 3952 2485 4007 scilicet
2506 3953 2625 4008 haec
2657 3952 2863 4017 omnia,
2891 3962 2946 4008 et
2979 3952 3282 4010 Salvatoris
3309 3971 3511 4012 nomen

1928 4056 1995 4096 ex
2030 4041 2309 4097 beneﬁciis
2336 4041 2635 4113 unicuique
2667 4045 2881 4100 collatis
2908 4052 3221 4114 susceptum
3263 4047 3512 4115 praemit-

1930 4135 2014 4201 tit,
2050 4134 2304 4204 protinus
2331 4135 2591 4205 subjiciat
2622 4154 2636 4191 :
2680 4155 2699 4188 ι
2743 4134 2857 4191 Hoc
2889 4145 3070 4191 autem
3103 4146 3277 4192 totum
3309 4138 3513 4195 factum

1928 4234 2035 4292 est,
2084 4232 2146 4280 ut
2180 4226 2591 4297 adimpleretur,
2641 4229 2787 4298 quod
2829 4227 3035 4282 dictum
3072 4238 3156 4284 est
3197 4245 3227 4284 a
3277 4229 3519 4288 Domino

1928 4331 2028 4385 per
2058 4316 2376 4387 prophetam
2423 4316 2731 4373 dicentem:
2765 4319 2904 4374 Ecce
2936 4317 3103 4390 Virgo
3133 4321 3187 4375 in
3224 4331 3381 4377 utero
3416 4323 3517 4378 ha-

236 4412 412 4467 αὐτοῦ
461 4409 828 4481 Ἐμμανουήλ.
858 4428 877 4460 ι
926 4407 1087 4460 Ἀλλὰ
1126 4408 1209 4460 ὅτι
1242 4407 1342 4476 μὲν
1383 4406 1822 4476 ἐκπληττομένου

1931 4408 2100 4474 bebit,
2132 4416 2186 4463 et
2212 4410 2389 4479 pariet
2413 4410 2607 4476 lilium,
2637 4422 2693 4466 et
2710 4411 2989 4466 vocabunt
3020 4428 3219 4468 nomen
3240 4414 3359 4483 ejus
3382 4415 3481 4470 Em
3510 4447 3516 4457 -

233 4523 326 4569 τε,
357 4503 455 4557 καὶ
492 4501 866 4572 θαυμάζοντος
912 4500 1032 4552 ἐστὶ
1062 4498 1123 4552 τὸ
1174 4499 1403 4568 ἄπειρον
1464 4498 1703 4565 πέλαγος
1726 4498 1828 4569 τῆς

237 4596 374 4665 περὶ
402 4594 467 4647 τὸ
515 4592 854 4664 ἀνθρώπινον
894 4591 1051 4659 γένος
1093 4589 1351 4660 προνοίας
1394 4589 1430 4659 ἡ
1490 4588 1825 4661 προκειμένη

236 4687 419 4760 φωνὴ,
443 4686 693 4757 φανερόν.

312 4867 385 4921 Εἰ
409 4883 469 4919 τε
505 4866 564 4920 δὲ
612 4866 817 4937 ταύτην
873 4865 941 4919 ἂν
1002 4860 1205 4918 εἶπενὸ
1258 4863 1511 4933 ἄγγελος,
1566 4864 1620 4915 εί
1640 4837 1699 4917 τε
1731 4862 1830 4917 καὶ

236 4958 409 5021 αὐτὸς
428 4961 456 5011 ὁ
482 4957 891 5029 εύαγγελιστὴς,
926 4957 1046 5010 οὔδε
1056 4956 1184 5028 μίαν
1205 4956 1500 5010 ἐλάττωσιν
1525 4954 1826 5025 οὐδετέρω-

241 5051 339 5104 θεν
386 5051 456 5104 τὰ
499 5050 653 5120 λόγια
699 5051 1063 5121 ἐπιδέχονται.
1132 5050 1215 5104 Τὰ
1265 5048 1367 5120 μὲν
1427 5048 1538 5119 γὰρ
1575 5047 1823 5118 μεγάλην

241 5144 369 5197 τινὰ
413 5142 567 5207 τάξιν
589 5143 780 5213 ἔχοντα
814 5143 1092 5207 πολλάκις,
1127 5141 1286 5196 εἴωθε
1328 5139 1425 5195 καὶ
1459 5143 1524 5193 ἐκ
1565 5140 1668 5210 τῆς
1714 5139 1825 5191 τῶν

243 5231 555 5300 προσώπων
576 5231 858 5301 ποιότητος
868 5231 1074 5301 προσλα
1084 5231 1308 5301 μϐάνειν
1322 5231 1420 5302 τὴν
1438 5229 1687 5299 αὖξησινο
1706 5226 1743 5283 ἃ.
1759 5228 1824 5298 δὴ

1932 4496 2171 4552 manuel.
2206 4516 2225 4550 ι
2258 4496 2430 4553 Porro
2472 4499 2618 4569 quod
2670 4499 3046 4570 obstupefacta
3113 4513 3315 4569 mente,
3351 4515 3516 4576 atque

1931 4590 2265 4645 immensum
2303 4591 2528 4661 pelagus
2575 4591 2773 4646 divinae
2816 4608 2944 4662 erga
2998 4593 3297 4652 humanum
3341 4616 3513 4669 genus

1930 4684 2289 4754 providentia
2317 4684 2621 4740 demirante
2657 4700 2761 4740 vox
2805 4687 3083 4757 proposita
3116 4689 3350 4758 oriatur,
3385 4706 3510 4762 per-

1930 4773 2177 4844 spicuum
2217 4782 2321 4828 est.

2004 4864 2131 4920 Sive
2165 4876 2347 4922 autem
2391 4866 2535 4922 hanc
2555 4868 2800 4939 angelus,
2838 4870 2955 4925 sive
2996 4872 3328 4943 evangelista
3382 4891 3513 4945 pro-

1932 4954 2222 5019 nuntiarit,
2250 4969 2599 5026 nequaquam
2633 4974 2817 5014 sermo
2852 4960 3113 5017 alterutra
3139 4978 3206 5018 ex
3235 4974 3391 5034 parte
3409 4982 3511 5021 au-

1932 5047 2206 5103 ctoritatis
2247 5048 2688 5105 imminutionem
2740 5052 2998 5121 patietur.
3052 5055 3507 5128 Quandoquidem

1931 5140 2218 5211 contingit,
2243 5148 2304 5196 ut
2331 5157 2453 5211 quae
2488 5145 2807 5212 praeclarum
2841 5147 3107 5203 orationis
3129 5151 3374 5206 ordinem
3414 5152 3511 5207 ha-

1931 5229 2083 5299 bent,
2114 5245 2180 5285 ex
2217 5248 2571 5302 personarum
2620 5251 2839 5306 quoque
2888 5238 3152 5308 qualitate
3196 5241 3507 5312 splendoris

1766 5339 1996 5398 ΝΟΤᾹΞ.

320 5461 434 5535 (ιο)
475 5461 635 5535 Hosti
662 5463 870 5516 scilicet
905 5471 967 5535 et
1010 5458 1521 5535 mangnni‘gengris
1550 5455 1817 5535 human};

244 5525 861 5604 nt‘in'przecedentibus
911 5525 1168 5589 Photius'
1186 5525 1343 5588 dixit".
1402 5527 1517 5585 Nisi
1564 5527 1710 5585 enim
1745 5525 1818 5583 ita

318 5651 366 5687 “
404 5649 597 5706 Matth.
634 5664 674 5715 ι,
703 5648 796 5705 22.

1925 5455 2309 5532 intelligatur,_
2332 5475 2511 5530 pugna
2546 5461 2953 5532 quodammndo
2989 5462 3078 5520 fiet
3122 5475 3246 5517 cum
3278 5459 3346 5516 iis
3381 5476 3503 5532 qua:

1926 5526 2183 5586 dicuntur
2212 5545 2243 5587 a
2278 5526 2449 5595 Paulo
2478 5533 2534 5589 in
2563 5526 2660 5603 Ep.
2689 5532 2755 5588 ad
2792 5530 2956 5597 llebr.
