3864 6218
224 202 308 270 193
336 188 339 191 ’

1094 204 1194 261 AD
1233 204 1826 266 AMPIIILOCHIUM
1871 206 2215 277 QUzEST‘lO
2250 208 2455 269 XXVI.

3332 214 3429 278 194

278 312 334 364 Εἰ
357 306 524 377 βούλει
553 305 610 358 δὲ
645 307 738 359 καὶ
771 305 1115 377 παραμύθιον
1135 312 1255 372 ταῖς
1288 310 1571 379 μεγίσταις
1602 328 1755 381 περι-

1926 313 2094 377 Adde,
2130 314 2175 367 si
2217 313 2408 382 placet,
2442 317 2584 384 quod
2630 317 2681 369 in
2731 320 3066 384 gravissimis
3116 322 3428 379 infortuniis

219 405 442 458 στάσεσιν
479 395 827 467 ἐταζόμενον,
871 393 1005 469 ὀρᾷν
1068 397 1215 451 ἐστιν
1269 401 1645 470 ἀναφυόμενον
1668 402 1753 454 ἐν·

214 495 401 548 τεῦθεν.
448 489 813 558 Σφαγιάζεται
852 493 959 559 γὰρ
993 490 1061 542 τά
1100 490 1299 561 βρέφη,
1334 486 1407 544 ὧν
1437 495 1465 545 6
1493 492 1604 561 βίος
1658 494 1756 546 ἀν-

215 584 465 643 επίδεκτος
500 581 769 651 ἁμαρτίας
789 596 803 609 ο
823 582 901 633 ἵν’
926 582 1144 635 ἐπειδάν
1175 574 1427 651 πάσχωσί
1468 600 1635 647 τινες,
1657 586 1753 654 μὴ,

213 678 290 729 διὰ
317 672 585 744 βαρύτητα
629 673 1117 744 πλημμελημάτων
1144 674 1453 744 νομίζοντες
1505 676 1754 746 πάσχειν,

211 767 296 834 τὴν
350 764 427 815 ἐκ
470 762 578 814 τῶν
602 762 791 815 παθῶν
837 761 1048 831 πληγὴν
1072 762 1396 831 ὑφίστανται
1429 763 1754 834 βαρυτέραν,

210 858 238 927 ἢ
276 852 614 924 πικροτέραν,
637 854 734 907 καὶ
763 854 898 925 πρὸς
924 854 1236 922 ἀπόγνωσιν
1251 849 1385 908 ὧσιν
1411 856 1755 927 ἀφορῶντεςσ

209 946 309 998 ἀλλ’
342 945 422 997 ἴνα
458 944 520 996 τὸ
568 944 953 1014 ἀναμάρτητον
996 945 1101 997 τῶν
1160 945 1397 1015 βρεφῶν,
1443 946 1534 999 καὶ
1584 947 1644 999 τὸ
1671 947 1757 1000 ἐπ’

209 1022 418 1098 ἐκείνοις
443 1035 703 1106 τόλμημα
718 1035 826 1088 τῶν
877 1035 1187 1104 ἀλαστόρων
1222 1035 1436 1107 ἔχοντες
1497 1038 1756 1108 παράδει-

209 1144 312 1196 γμα
331 1126 699 1195 ψυχαγωγίας,
732 1127 827 1179 καὶ
854 1127 1037 1179 ἰκανὸν
1078 1128 1459 1197 παρακαλέσαι
1484 1128 1761 1199 μακροθυ-

209 1220 336 1286 μεῖν,
361 1217 439 1278 εἰς
468 1216 817 1288 εὐχαριστίαν
840 1217 1209 1271 διανίστανται
1243 1218 1337 1270 τοῦ
1373 1220 1547 1272 πάντα
1580 1219 1762 1288 σοφῶς

205 1310 263 1360 τά
285 1307 519 1377 ἡμέτερα
545 1308 975 1378 οίκονομοῦντος.
1022 1308 1131 1362 Καί
1156 1326 1219 1377 γε
1246 1310 1309 1381 δὴ
1343 1311 1440 1362 καὶ
1470 1311 1529 1362 τὸ
1556 1310 1621 1362 δι’
1647 1304 1762 1363 ὧνό

207 1399 379 1469 φθόνος
409 1398 586 1462 οὐδεὶς
638 1399 1035 1468 άναφλέγεσθαι
1074 1400 1257 1471 χώραν
1296 1398 1440 1470 εἶχεν
1478 1403 1761 1473 (ἀρτιγενῆ

204 1492 300 1558 γὰρ
331 1490 500 1560 βρέφη
538 1488 643 1542 τίν’
692 1490 760 1544 ἂν
787 1490 1060 1562 παράσχοι
1109 1492 1383 1562 πρόφασιν
1404 1492 1761 1563 βασκανίας),

204 1580 325 1635 ἀλλὰ
352 1582 456 1650 γὰρ
473 1579 534 1632 τὸ
556 1579 676 1633 κατ’
700 1580 922 1634 ἐκείνων
965 1585 1044 1645 είς
1089 1581 1303 1652 σφαγὴν
1344 1634 1359 1641 _
1385 1582 1556 1646 οὕτως
1611 1583 1764 1636 ἀναί-

205 1686 433 1739 σχυντον,
497 1670 594 1722 καὶ
643 1670 997 1741 ἀνιστόρητον
1053 1650 1381 1741 ἐξορμῆσαι,
1439 1650 1838 1741 ζητήμςιιτος·Β

203 1763 343 1815 λύσιν
390 1762 491 1815 οὐκ
520 1762 668 1815 ἐστιν
718 1762 923 1833 ἄπορον
951 1766 1277 1833 παρασχεῖν,
1307 1763 1418 1815 οὐδ’
1464 1766 1546 1826 εἰς
1584 1763 1762 1832 εὐμά-

204 1870 340 1925 ρειαν
397 1853 827 1924 μεταρυθμίσαι,
904 1856 1072 1917 ὅπως,
1125 1856 1185 1907 τὸ
1248 1855 1594 1925 μισόχριστον
1657 1853 1765 1910 τῶν

214 1945 464 1999 Ἰουδαίων
499 1947 656 2013 γένος
687 1935 1096 2015 εὐεργετοῦντα,
1120 1945 1215 1999 καὶ
1248 1945 1636 2017 θεραπεύοντα,
1676 1945 1764 1998 νό-

203 2055 315 2101 σους
338 2038 592 2100 ἀνιάτους
632 2038 726 2089 τὸν
754 2038 981 2107 Σωτῆρα
1032 2038 1152 2089 ἀντὶ
1182 2035 1274 2088 τοῦ
1302 2036 1623 2104 δοξολογεῖν,
1668 2035 1764 2088 καὶ

204 2130 477 2199 στεφάνοις
511 2128 839 2198 ἀμείϐεσθαι
883 2128 1144 2198 χαρίτων,
1179 2127 1394 2198 σταυρῷ
1418 2127 1762 2191 κατεδίκασε,

203 2220 285 2271 καὶ
304 2218 655 2288 ἐπονειδίστῳ
712 2216 947 2287 θανάτῳ.
1008 2216 1069 2268 Ei
1119 2215 1246 2284 γὰρ,
1274 2218 1357 2285 ἐφ’
1405 2209 1531 2270 ὧνὸ
1575 2215 1766 2284 φθόνος

202 2309 443 2379 οὐδεμίαν
494 2308 731 2380 πάροδον
758 2304 892 2376 εἶχε,
933 2310 1113 2377 σφαγῇ
1150 2308 1276 2369 τοὺς
1306 2308 1577 2370 ἀναιτίους
1600 2310 1628 2360 6
1656 2308 1766 2361 τῶν

212 2400 466 2453 Ἰουδαίων
502 2399 728 2469 ἡγεμὼν
764 2397 1051 2467 μετῆλθεν,
1084 2398 1132 2450 oi
1162 2400 1279 2460 ταῖς
1311 2398 1643 2467 μιαιφονίαις
1673 2399 1764 2450 ὑπ’

132 2544 137 2551 ,
202 2491 350 2544 αὐτοῦ
376 2490 913 2561 παιδοτριϐηθέντες,
938 2489 1033 2542 καὶ
1061 2489 1572 2559 προγυμνασθέντες
1594 2489 1645 2540 τί
1667 2491 1765 2542 οὐκ

200 2584 257 2635 ἂν
284 2583 689 2653 ἁπετόλμησαν,
717 2581 952 2650 μάλιστα
991 2581 1170 2634 αὐτῶν
1222 2581 1538 2650 τηλικούτου
1563 2580 1759 2649 φθόνου

204 2675 661 2746 στρατηγοῦντος;
723 2674 833 2727 Καὶ
871 2672 979 2744 γὰρ
1029 2665 1104 2725 ὧν
1138 2672 1285 2725 ἔστιν
1333 2675 1467 2743 ὁρᾷν
1500 2672 1635 2744 ἔργα
1669 2690 1768 2742 με-

201 2767 347 2834 γάλα,
379 2768 472 2819 καὶ
539 2766 839 2833 θαυμάσια,
898 2765 991 2818 καὶ
1041 2763 1147 2817 τῶν
1192 2763 1402 2817 πολλῶν
1442 2765 1577 2832 πρὸς
1630 2762 1769 2816 αὐτὰ

199 2857 338 2910 οὐδὲν
370 2856 598 2910 ἔλαττον
627 2856 724 2926 τὴν
748 2854 897 2918 θέαν,
922 2854 955 2922 ἢ
985 2852 1082 2922 τὴν
1112 2852 1322 2906 εὔνοιαν
1354 2854 1766 2923 ἐπιστρέφοντα,

1854 405 2108 458 solatium
2158 405 2284 458 hinc
2328 407 2548 473 prodire
2603 411 2871 464 videatur.
2932 411 3244 468 Enecantur
3284 417 3431 470 enim

1856 496 2028 563 pueri,
2062 512 2296 565 quorum
2329 497 2438 551 vita
2490 507 2711 566 peccato
2746 501 3009 564 carebat,
3058 519 3125 558 ne
3168 519 3289 558 cum
3338 521 3432 575 pa-

1859 583 2066 637 tiuntur
2112 585 2299 654 aliqui,
2354 586 2425 640 ob
2465 586 2747 655 culparum
2799 591 3113 657 gravitatem
3163 608 3223 647 se
3266 594 3431 663 plecti

1859 683 2132 743 putantes,
2168 678 2379 745 plagam
2420 692 2488 731 ex
2533 678 2665 747 ipsis
2712 680 2879 733 animi
2927 683 3430 750 perturbationibus

1859 764 2186 831 graviorem,
2218 772 2312 818 aut
2341 766 2677 821 acerbiorem
2728 768 2975 834 reddant,
3029 782 3204 839 neque
3246 772 3300 825 in
3332 772 3430 828 de-

1860 854 2226 920 sperationem
2270 856 2629 925 dejiciantur;
2679 858 2774 913 sed
2823 859 3189 915 innocentiam
3233 878 3432 931 puero-

1861 957 2002 1007 rum,
2027 943 2298 1014 simulque
2334 946 2387 999 in
2414 962 2511 1003 eos
2536 949 2881 1005 exsecranda:
2922 949 3218 1020 impietatis
3252 969 3435 1009 exem-

1862 1032 2008 1101 plum
2059 1034 2321 1090 habentes
2376 1052 2489 1112 prq
2524 1048 2843 1107 argumento
2895 1041 3099 1105 solatii,
3161 1046 3433 1113 quodad

1860 1126 2225 1179 constantiam
2250 1127 2547 1181 bortationi
2591 1130 2841 1197 sufficiat,
2867 1132 2933 1186 ad
2961 1136 3163 1202 gratias
3196 1137 3433 1205 agendas

1864 1214 1931 1277 ei,
1965 1215 2058 1283 qui
2091 1226 2278 1271 nostra
2300 1217 2481 1271 omnia
2505 1220 2904 1288 sapientissime
2930 1225 3261 1291 moderatur,
3289 1228 3433 1281 exci-

1865 1313 2064 1361 tentur.
2090 1304 2262 1361 Porro
2284 1319 2463 1363 autem
2492 1325 2560 1364 ex
2596 1326 2661 1365 eo
2692 1313 2860 1381 quod,
2905 1314 2958 1367 in
2990 1316 3189 1384 quibus
3225 1319 3432 1373 nullam

1865 1397 2220 1450 suecensendi
2266 1413 2453 1451 ausam
2506 1398 2738 1454 habebat
2796 1401 2993 1455 invidia
3037 1402 3223 1472 (quam
3283 1407 3431 1459 enim

1866 1502 2041 1557 nuper
2066 1488 2181 1542 nati
2215 1490 2370 1557 pueri
2406 1489 2705 1559 praeberent
2748 1492 2858 1546 odii
2909 1494 3192 1562 causam?)
3239 1497 3296 1550 in
3346 1497 3434 1551 bis

1868 1579 2226 1635 nihilominus
2276 1597 2449 1651 usque
2495 1582 2562 1636 ad
2609 1597 2795 1638 necem
2844 1584 2983 1638 adeo
3035 1586 3430 1654 impudentem,

1868 1679 2030 1739 atque
2070 1671 2365 1726 inauditam
2425 1673 2675 1743 impietas
2731 1677 3015 1739 exarserit,
3061 1678 3274 1732 dillicile
3324 1696 3431 1732 non

1867 1772 1950 1816 est
1982 1762 2301 1833 quaestionis
2332 1763 2656 1819 solutionem
2695 1765 2961 1835 depromi,
2997 1778 3159 1837 atque
3199 1769 3255 1823 in
3290 1771 3434 1839 apri-

1867 1868 1989 1908 cum
2026 1854 2278 1925 proferri,
2327 1871 2568 1925 quanam
2615 1857 2825 1912 scilicet
2862 1858 3073 1914 ratione
3123 1858 3433 1915 Iudaeorum

1868 1944 2014 1997 natio
2067 1943 2286 1999 Christo
2339 1945 2732 2013 infensissima,
2778 1945 3096 2001 fundentem
3148 1949 3433 2015 beneﬁcia,

1867 2045 2029 2105 atque
2056 2034 2483 2092 immedicabiles
2524 2039 2747 2093 morbos
2777 2048 3061 2093 sanantem
3093 2039 3435 2096 Servatorem

1868 2144 1975 2182 non
2028 2130 2189 2184 modo
2239 2147 2349 2184 non
2403 2131 2656 2187 laudibus
2704 2142 2759 2187 et
2798 2135 3017 2190 coronis
3074 2136 3212 2204 grati
3267 2136 3437 2190 animi

1866 2234 1996 2289 ergo
2038 2229 2323 2285 mactaret,
2371 2222 2465 2277 sed
2514 2223 2676 2277 etiam
2718 2241 2878 2279 cruce
2914 2241 2977 2279 ac
3018 2238 3191 2281 morte
3233 2228 3437 2297 turpis-

1867 2306 2005 2361 sima
2030 2308 2320 2362 damnarit.
2346 2310 2400 2364 Si
2425 2313 2568 2364 enim
2598 2314 2936 2381 innocentes,
2963 2316 3014 2369 in
3033 2316 3233 2385 quibus
3256 2318 3437 2372 nullus

1868 2398 2082 2452 invidia:
2142 2400 2359 2469 patebat
2420 2403 2621 2469 aditus,
2690 2402 3004 2459 Judaeorum
3062 2408 3313 2477 princeps
3367 2411 3435 2463 ad

1869 2496 2098 2542 mortem
2152 2504 2469 2559 persecutus
2518 2506 2622 2561 est,
2671 2497 2798 2564 quid
2846 2512 2955 2551 non
3010 2499 3281 2567 praecipue
3334 2502 3438 2555 Sub

1870 2589 2032 2633 tanta:
2060 2581 2349 2651 impietatis
2400 2585 2661 2653 auspiciis
2701 2587 2966 2641 auderent
3007 2588 3043 2642 ii
3090 2591 3181 2657 qui
3222 2591 3292 2645 ab
3322 2592 3439 2660 ipso

1871 2674 2092 2727 saevitia:
2133 2674 2528 2730 institutionem
2577 2694 2641 2731 ac
2704 2679 3021 2747 praeludium
3077 2684 3439 2752 acceperant?

1870 2763 2004 2817 Cum
2049 2765 2193 2817 enim
2246 2766 2469 2835 grandia
2517 2776 2572 2821 et
2622 2770 2757 2821 mira
2817 2780 3130 2836 Spectantur
3172 2772 3435 2839 facinora,

1871 2862 1922 2905 et
1972 2868 2091 2922 qua:
2130 2855 2424 2909 multorum
2480 2872 2584 2910 non
2636 2859 2816 2913 minus
2873 2862 3223 2915 attentionem
3271 2880 3437 2933 quam

199 2949 299 3017 ὅσῳ
332 2951 454 3012 τοὺς
476 2945 827 3016 εὐγνώμονας
852 2948 930 3009 εἰς
952 2944 1253 3015 εὐφημίαν,
1272 2944 1364 2997 καὶ
1390 2943 1574 3013 θαῦμα
1596 2943 1764 3010 γλυκὺ

1873 2945 2301 2999 benevolentiam
2350 2947 2452 3001 sibi
2493 2949 2827 3015 conciliant,
2880 2962 3084 3019 quanto
3117 2954 3288 3023 magis
3322 2955 3440 3010 haec

200 3042 285 3092 καὶ
307 3039 716 3110 σεϐασμιότητα
773 3036 1052 3107 διεγείρει,
1101 3034 1340 3105 τοσούτῳ
1372 3035 1607 3105 μάλιστα
1652 3037 1765 3098 τοῖς

199 3131 510 3202 ἀχαρίστοις
560 3132 654 3184 καὶ
703 3129 1111 3200 κακομηχάνοις
1168 3129 1229 3181 τὸ
1275 3128 1558 3196 ἐξάγιστον
1609 3125 1766 3179 τοῦτο

198 3223 353 3287 πάθος
385 3221 764 3276 ἐνδυναστεύει
821 3222 915 3275 καὶ
955 3221 1017 3275 τὸ
1044 3220 1243 3284 κοάτος
1278 3221 1489 3291 ἆμαγον
1513 3219 1768 3289 περιϐάλ-

195 3314 351 3369 λεται.

262 3408 319 3460 Ei
358 3408 415 3461 δέ
453 3423 545 3459 σοι
580 3404 731 3476 φίλον
774 3404 868 3458 καὶ
914 3403 1135 3468 πλείους
1182 3404 1504 3474 ἐπιθεωρεῖν
1548 3405 1762 3472 αἰτίας,

197 3500 402 3570 πρῶτος
449 3499 553 3570 μὲν
599 3500 628 3551 ὀ
656 3496 861 3559 δίκαιος
897 3495 1062 3549 ’Ἅϐελ
1089 3496 1239 3549 οὐδὲν
1276 3496 1527 3565 ὀφείλων,
1561 3499 1664 3552 ὅσα
1698 3515 1765 3567 γε

197 3584 322 3661 ἧκεν
369 3590 451 3653 είς
501 3588 720 3641 οἰκείων
758 3586 933 3656 ἔργων
980 3584 1222 3656 ὀφειλὴν,
1276 3587 1618 3657 παραδοθεὶς,
1672 3589 1767 3642 καί¹

200 3680 519 3750 ὒποϐληθεὶς
549 3677 627 3749 τῷ
671 3677 888 3747 θανάτῳ
924 3676 1134 3747 σαθρὰν
1163 3678 1327 3729 αὐτοῦ
1359 3677 1469 3729 τῶν
1503 3677 1766 3748 θεμελίων

196 3772 287 3843 τὴν
319 3773 563 3844 κρηπῖδα
595 3769 1073 3841 καταϐαλλομένην
1100 3768 1324 3836 ἔδειξεν.
1370 3770 1524 3823 Ἐπεὶ
1554 3772 1612 3823 δὲ
1646 3771 1765 3841 μετ’

196 3865 350 3916 αὑτὸν
384 3864 577 3917 πολλοὶ
620 3862 729 3915 τῶν
759 3862 962 3931 ἐνόχων
1006 3860 1411 3933 περιετείχισάν
1443 3877 1503 3915 τε
1550 3862 1647 3914 καὶ
1681 3860 1767 3926 ἐξ-

195 3957 497 4024 ωρόφωσαν
523 3954 691 4008 αὑτοῦ
714 3954 814 4023 τὴν
838 3952 1128 4023 οἰκοδομὴν
1145 3953 1225 4016 εἰς
1255 3952 1516 4023 ὀχύρωμα
1536 3969 1552 3983 ·
1574 3952 1765 4022 ἔμελλε

193 4045 248 4097 δὲ
280 4049 308 4099 6
336 4046 533 4119 Σωτὴρ
576 4046 664 4098 ἐπ’
704 4045 994 4116 εὐεργεσίᾳ
1021 4042 1116 4096 τοῦ
1144 4043 1335 4111 γένους
1373 4043 1766 4115 παραγεγονὼς

197 4136 476 4189 σκυλεύειν
509 4135 674 4188 αύτοῦ
704 4132 772 4187 τά
820 4133 1093 4204 βασίλεια·
1136 4135 1301 4188 οἱονεὶ
1342 4135 1630 4206 δορυφόροι
1685 4153 1767 4188 τι·

193 4228 278 4291 νές
326 4229 421 4282 καὶ
458 4227 761 4299 πρόδρομοι
790 4226 884 4279 τοῦ
924 4226 1160 4297 μεγάλου
1202 4226 1465 4295 βασιλέως
1512 4228 1766 4298 ἀναμάρ-

1874 3034 1928 3088 in
1959 3036 2150 3093 amicis
2190 3038 2632 3103 celebrationem,
2670 3041 3194 3112 demirationemque
3237 3044 3440 3114 jucun-

1872 3124 1997 3179 dam
2048 3130 2209 3197 a‘tque
2242 3129 2562 3198 obsequium
2603 3132 2875 3196 excitam,
2914 3142 3062 3186 lauto
3108 3133 3158 3186 in
3212 3135 3438 3203 ingratis

1873 3230 1937 3268 ac
1967 3218 2215 3287 malignis
2237 3219 2555 3275 detestabile
2604 3222 2706 3276 hoc
2740 3222 2931 3276 vitium
2957 3223 3242 3293 imperium
3299 3244 3439 3282 um-

1872 3321 1978 3375 que
2017 3308 2435 3376 insuperabilem
2460 3311 2715 3381 acquirit.

1945 3394 2099 3459 Quod
2150 3396 2194 3450 si
2245 3397 2339 3451 tibi
2392 3398 2549 3467 plura
2598 3416 2816 3469 quoque
2861 3402 3072 3471 placeat
3125 3406 3443 3473 conspicere

1877 3486 2195 3555 ltujusmodi
2225 3490 2456 3543 crimina
2485 3531 2498 3554 ,
2538 3503 2811 3547 memento
2853 3494 2997 3563 quod
3036 3495 3191 3563 Abel,
3233 3498 3443 3565 primus

1876 3578 1964 3631 ille
2020 3578 2202 3648 justus
2263 3596 2387 3635 cum
2444 3584 2591 3637 nulla
2660 3599 2886 3639 suarum
2948 3585 3224 3643 actionum
3282 3588 3442 3656 culpa

1874 3679 2166 3734 teneretur,
2201 3673 2448 3742 proditus
2496 3685 2660 3744 atque
2700 3691 2800 3746 per
2829 3676 3058 3731 insidias
3097 3678 3264 3732 morti
3310 3679 3443 3733 sub-

1868 3761 2083 3831 jectus,
2128 3764 2462 3818 exsecranda
2498 3765 2744 3833 ejusdem
2799 3766 2915 3823 vitii
2959 3768 3441 3823 fundamentorum

1873 3851 2137 3921 principia
2184 3853 2329 3922 jacta
2361 3854 2476 3919 jam
2520 3869 2642 3909 esse
2687 3855 2951 3913 ostendit.
2997 3855 3264 3921 Quoniam
3308 3872 3441 3911 vero

1874 3955 1998 4013 post
2049 3945 2200 3999 illum
2276 3947 2428 4017 multi
2491 3949 2850 4002 conscelerati
2912 3950 3166 4004 homines
3225 3949 3444 4003 invidia:

1876 4037 2046 4104 ipsius
2071 4038 2250 4090 sedem
2283 4052 2443 4091 muro
2480 4054 2544 4092 ac
2575 4048 2714 4092 tecto
2750 4042 3099 4107 munierunt,
3126 4052 3291 4111 atque
3318 4056 3442 4095 eam

1877 4128 2039 4197 regali
2077 4128 2221 4183 fastu
2255 4127 2582 4197 Redemptor
2612 4131 2892 4185 hominum
2939 4132 3082 4186 bono
3110 4143 3270 4188 natus
3316 4150 3447 4205 spo-

1874 4220 2108 4274 liaturus
2159 4231 2319 4285 erat,
2394 4229 2653 4290 tanquam
2714 4223 2903 4292 magni
2972 4224 3115 4293 regis
3180 4228 3442 4283 satellites

194 4319 341 4390 τητοί
369 4337 430 4372 τε
455 4359 471 4383 ,
505 4318 603 4373 κού⁹
631 4321 743 4380 τοῖς
781 4319 1140 4388 μαρτυρικοῖς
1177 4318 1373 4387 αἵμασι
1405 4319 1764 4389 περιρρεόμε-

1873 4313 2093 4382 quidam
2123 4323 2287 4383 atque
2320 4328 2685 4381 prtecursores
2713 4314 3054 4378 innocentes,
3084 4327 3137 4370 ct
3192 4320 3441 4389 martyrii

198 4426 271 4462 νοι
303 4409 638 4463 καταλαϐεῖν
668 4411 794 4471 τοὺς
826 4411 884 4461 ἐν
913 4408 989 4477 τῷ
1021 4408 1121 4480 ᾅδῃ
1155 4410 1550 4479 κατεχομένους
1575 4409 1769 4462 διοικο·

194 4504 488 4570 νομοῖονται
512 4545 530 4569 ,
588 4502 685 4555 καὶ
751 4500 1308 4571 προαποστέλλονταιο
1376 4500 1492 4570 ἅμα
1550 4517 1609 4553 τε
1672 4501 1771 4570 τὴν

191 4596 536 4666 Δεσποτικὴν
586 4594 905 4664 παρουσίαν,
938 4592 1031 4645 καὶ
1059 4594 1242 4663 κοινὴν
1274 4592 1648 4662 ἀπολύτρωσιν
1685 4592 1773 4643 διὰ

192 4688 289 4758 τῆς
344 4688 535 4742 αὐτῶν
575 4686 899 4749 ἐπιστασίας
950 4684 1452 4754 εὐαγγελιζόμενοι,
1511 4684 1604 4735 καὶ
1666 4681 1772 4735 δειο

192 4781 421 4845 κνύντες
447 4781 553 4844 τὰς
579 4779 816 4850 σφαγάς,
843 4777 907 4841 ἀς
941 4777 1029 4830 διὰ
1050 4777 1139 4830 τὸν
1165 4776 1343 4829 κοινὸν
1372 4773 1770 4845 Ἐλευθερωτὴν

192 4874 467 4942 ὑπέσχον·
509 4872 602 4926 καὶ
643 4871 710 4925 δι’
754 4868 933 4924 αὐτῶν
981 4866 1327 4938 πιστούμενοι
1363 4866 1770 4935 παραγενέσθαι

190 4964 279 5016 τὸν
335 4964 444 5016 ὑπὸ
500 4960 797 5033 προφητῶν
844 4958 1348 5031 ἀνακηρυττὸμενον
1403 4956 1635 5026 Σωτῆρα
1675 4952 1768 5007 τοῦ

192 5055 386 5123 γένους
408 5071 423 5084 ·
458 5054 557 5106 καὶ
583 5052 646 5123 δὴ
678 5052 773 5105 καὶ
803 5052 896 5104 τὸν
924 5049 1057 5121 ᾅδην
1083 5049 1298 5119 ὁρῶντα
1346 5047 1613 5116 τοσαύτην
1660 5047 1770 5115 φά-

193 5146 372 5216 λαγγα
411 5146 627 5216 μυρίων
666 5143 974 5199 ἀνευθύνων
1006 5142 1301 5213 ἁμαρτίαις
1336 5140 1636 5192 ἐπιστᾶσαν
1681 5140 1773 5190 ἐκ·

192 5238 539 5310 δειματιῖηαί
570 5256 649 5300 τε,
682 5237 776 5290 καὶ
806 5236 903 5306 τὴν
927 5236 1047 5289 ὅσον
1076 5234 1228 5286 οὔπω
1252 5272 1266 5297 ,
1298 5230 1596 5302 μέλλουσαν
1623 5228 1774 5297 αἶ)τῴ

196 5330 443 5400 παντελῆ
494 5330 814 5398 καθαίρεσιν
858 5326 949 5380 διά
1000 5326 1110 5379 τῶν
1150 5321 1451 5395 προοιμίων
1485 5319 1771 5385 ἐπιδεῖξαι.

206 5422 647 5493 ’Λναμαρτήτων
672 5421 802 5492 γάρ,
837 5421 931 5473 καὶ
952 5418 1075 5471 τότε
1100 5416 1370 5471 τοσούτων
1395 5414 1576 5481 σφαγῇ
1604 5429 1773 5464 κατα-

196 5515 387 5569 ϐάλλει
419 5513 723 5576 παντελῶς,
757 5513 849 5565 mi.
877 5512 1191 5580 ἀφαιρεῖται
1215 5507 1276 5561 τὸ
1302 5504 1396 5560 τοῦ
1426 5504 1655 5558 θανάτου
1692 5503 1772 5555 δι-

198 5608 450 5678 καίωμα.

481 5698 727 5759 Ριιιτιυι.
792 5695 907 5757 Gn.
952 5694 1044 5756 CI.

1875 4407 2141 4475 sanguine
2177 4405 2500 4461 circumfusi
2536 4406 2601 4458 ad
2647 4420 2764 4468 eos,
2808 4406 2902 4475 qui
2936 4407 2989 4459 in
3029 4407 3196 4463 limbo
3226 4409 3443 4463 deline—

1873 4498 2091 4561 bantur,
2114 4495 2507 4566 amplexandos
2530 4496 2844 4565 diriguntur
2877 4498 3390 4570 praemittunturque
3410 4542 3427 4560 ,

1874 4598 1930 4643 ut
1959 4604 2056 4643 sua
2091 4588 2377 4656 praesentia
2410 4588 2573 4641 simul
2601 4597 2656 4642 et
2705 4588 2921 4641 Domini
2949 4590 3239 4644 adventmu
3280 4603 3446 4661 atque

1874 4695 2216 4733 communem
2248 4679 2625 4734 liberationem
2664 4681 3120 4751 evangelizarent,
3160 4685 3444 4741 inactatio-

1873 4786 2107 4840 nemque
2154 4786 2307 4825 suam
2339 4786 2439 4840 pro
2490 4772 2769 4826 communi
2821 4772 3109 4827 Servatore
3155 4774 3445 4829 toleratam

1870 4865 2222 4917 Ostenderent
2242 4903 2257 4926 ,
2292 4880 2355 4918 ac
2380 4862 2571 4918 Patres
2595 4878 2691 4933 per
2718 4879 2815 4918 eos
2841 4865 3126 4920 crederent
3151 4881 3182 4918 a
3203 4867 3443 4935 prophe-

1877 4955 1945 5009 tis
1982 4956 2329 5023 praedicatum
2354 4955 2525 5009 nostri
2562 4957 2778 5026 generis
2808 4955 3182 5010 Liberalorem
3212 4958 3440 5023 adesse;

1876 5048 1985 5101 imo
2023 5047 2186 5101 etiam
2225 5055 2282 5101 ut
2326 5046 2572 5102 infernus
2604 5057 2753 5102 tanta
2805 5048 3221 5102 innumerorum
3253 5049 3445 5103 inson-

1877 5138 2009 5191 tium
2066 5136 2414 5192 multitudine
2469 5138 2792 5193 adveniente
2838 5147 3173 5202 terreretur,
3224 5139 3449 5193 absolu-

1877 5241 2095 5298 tamque
2111 5230 2524 5285 debellationem
2549 5238 2578 5283 a
2607 5245 2664 5284 se
2693 5228 2933 5284 nondum
2954 5238 3321 5299 exspectatam
3351 5241 3447 5296 per

1877 5322 2121 5391 quaedam
2154 5322 2413 5392 praeludia
2444 5322 2900 5392 praesentisceret.
2929 5321 3149 5376 Scilicet
3183 5320 3446 5373 innocen-

1878 5415 2035 5476 tium,
2069 5423 2124 5468 et
2163 5415 2382 5484 quidem
2433 5421 2515 5469 tot
2545 5430 2838 5483 puerorum
2887 5414 3094 5470 occisio
3135 5411 3326 5466 mortis
3353 5409 3445 5478 jus

1880 5522 2103 5575 prorsus
2134 5506 2327 5561 evertit
2360 5522 2424 5561 ac
2454 5507 2705 5562 destruit.

3035 5662 3071 5719 7
