3864 6218
394 234 494 298 195

466 346 561 401 llis
594 346 822 412 accedit,
859 345 1004 416 quod
1049 343 1246 399 divina:
1291 342 1584 414 Sapientia:
1629 347 1974 400 consuetudo
2002 354 2046 407 Α

401 437 504 490 hac
559 436 611 488 in
676 453 732 490 re
789 437 988 490 mirum
1054 449 1318 505 quantum
1384 435 1660 506 ell‘ulgeat.
1723 437 1970 504 Quonam

396 528 595 595 pacto?
649 526 798 581 Solet
845 527 900 580 in
946 528 1202 581 omnibus
1244 526 1545 596 ingenium,
1590 536 1644 579 et
1693 528 1968 596 eloquium

395 619 667 672 excedens
717 618 903 672 divina
967 617 1244 687 Sapientia
1293 631 1357 670 ex
1418 617 1670 671 tristibus
1728 631 1790 670 ea
1849 631 1972 684 quae

394 709 652 779 gaudium
701 718 755 763 et
805 709 1135 778 voluptatem
1175 717 1455 778 przestant,
1507 709 1757 773 educere,
1808 717 1972 774 atque

393 815 461 854 ex
517 800 809 855 contrariis
863 799 1139 855 contraria
1196 813 1538 869 comparare.
1604 797 1669 851 Et
1727 798 1966 866 primum

391 886 611 962 q‘uidem
671 889 969 960 Josephum
1020 892 1258 945 fraterna
1328 890 1532 944 invidia
1595 897 1844 942 vexatum
1901 888 1969 942 ad

389 983 613 1054 A'ngpti
655 983 942 1052 imperium
991 983 1190 1037 evexit.
1247 979 1362 1036 Nisi
1407 982 1552 1035 enim
1603 979 1802 1034 fratres
1848 979 1969 1048 ejus

391 1075 608 1128 invidos
653 1074 708 1128 in
753 1076 928 1143 ipsum
975 1074 1165 1127 oculos
1217 1071 1607 1141 coniecissent,
1655 1073 1969 1140 neutiquam

388 1166 642 1221 venditus
672 1165 885 1227 fuisset,
943 1165 1288 1233 neutiquam,
1341 1164 1443 1217 nisi
1475 1162 1730 1218 venditus
1764 1172 1818 1216 et
1857 1179 1970 1217 ser-

387 1261 564 1322 viens,
629 1269 686 1312 et
746 1256 1021 1328 pudicitiae
1078 1272 1188 1310 non
1247 1255 1582 1310 erubescens
1638 1255 1967 1318 libertatem,

388 1352 643 1406 latuisset
697 1350 751 1403 in
800 1348 1036 1402 vinculis
1068 1347 1321 1402 detentus
1353 1366 1365 1400 :
1401 1347 1509 1401 nisi
1546 1345 1783 1400 vinculis
1832 1360 1969 1399 con-

388 1445 614 1498 strictus
655 1451 815 1505 esset,
853 1442 993 1496 duos
1041 1441 1270 1495 somniis
1306 1440 1611 1509 implicatos
1653 1454 1759 1492 non
1800 1438 1970 1492 extri-

387 1543 587 1595 casset,
640 1547 818 1601 neque
876 1532 1001 1586 inde
1058 1532 1387 1585 inuotuisset
1431 1530 1728 1593 Pharaoni,
1795 1545 1970 1598 neque

386 1624 582 1678 fuisset
628 1623 930 1683 secundum
981 1622 1129 1676 hunc
1176 1621 1406 1690 imperio
1462 1619 1679 1689 .IEgypIi
1742 1621 1962 1687 politus.

1543 233 1808 294 PI-lOTII
1838 234 2273 294 PATRIARCH
2282 235 2346 292 1E
2375 234 2486 295 CP.

2149 347 2292 418 Πρὸς
2322 346 2380 398 δέ
2405 361 2468 413 γε
2495 345 2609 406 τοῖς
2635 343 2946 414 εἰρημένοις
2976 342 3068 396 καὶ
3094 341 3154 395 16
3181 341 3408 412 σύνηθες
3433 343 3531 404 τῆς
3555 343 3650 394 τοῦ

2071 435 2208 489 Θεοῦ
2247 437 2439 503 σοφίας
2465 433 2702 488 ἐνταῦθα
2731 433 2970 504 μάλιστα
2998 433 3466 504 παρρησιάζεται.
3495 433 3650 485 Ποῖον

2071 527 2262 592 τοῦτο;
2303 525 2509 580 Είωθεν
2544 527 2621 589 ὡς
2651 525 2856 578 ἐπίπαν
2913 526 2946 595 ἠ
2996 525 3353 594 ἀπερινόητος
3379 562 3392 583 ,
3434 523 3524 574 καὶ
3560 523 3654 574 ἀν·

2071 619 2383 690 ἐκφραστος
2431 619 2524 672 τοῦ
2559 617 2695 672 Θεοῦ
2739 617 2901 686 σοφία
2955 619 3020 670 ἐκ
3061 617 3171 668 τῶν
3210 616 3454 686 ἀνιαρῶν
3517 631 3651 684 προ.

2072 713 2249 780 άγειν,
2279 711 2314 766 ἃ
2338 713 2514 783 χαρᾶς
2548 713 2683 773 ἐστι,
2712 711 2808 764 καὶ
2834 708 3175 779 εὐφροσύνης
3204 707 3517 777 παρεκτικά
3557 708 3652 759 καὶ

2077 805 2143 857 ἐκ
2185 805 2294 856 τῶν
2326 803 2586 857 ἐναντίων
2629 803 2896 873 πηγάζειν
2939 800 3005 854 τὰ
3037 800 3408 869 ἀντικείμενα.
3445 799 3650 852 Αὐτίκα

2071 895 2138 947 ὲκ
2195 895 2294 964 τῆς
2354 891 2654 963 βασκανίας
2699 892 2808 945 τῶν
2867 891 3110 957 ἀδελφῶν
3164 889 3256 941 τὸν
3291 887 3492 958 Ἰωσὴφ
3555 890 3647 941 τὸν

2072 984 2410 1055 φθονηθέντα
2435 985 2535 1054 τῆς
2564 984 2842 1051 Αἰγύπτου
2869 983 3173 1050 κατέστησε
3225 981 3436 1050 κύριον.
3474 981 3534 1031 Εἰ
3573 981 3648 1048 μὴ

2069 1077 2181 1147 γὰρ
2226 1075 2483 1147 φθονερον
2517 1074 2665 1145 αὐτῷ
2697 1073 2960 1126 ἐπέϐαλον
3009 1071 3164 1142 ὄμμα
3208 1072 3257 1124 οἱ
3303 1072 3411 1123 τῶν
3444 1070 3650 1122 ὠδίνων

2070 1169 2339 1231 κοινωνοὶ,
2366 1168 2468 1220 οὐκ
2515 1167 2582 1219 ἂν
2635 1166 2875 1236 ἐπράθη,
2918 1165 3018 1217 οὐκ
3047 1163 3112 1216 ἂν
3147 1164 3220 1233 μὴ
3257 1162 3520 1232 πραθεὶς.
3555 1164 3649 1215 καὶ

2069 1258 2355 1322 δουλεύων,
2407 1258 2502 1311 καὶ
2541 1256 2641 1328 τὴν
2682 1257 2782 1326 τῆς
2832 1255 3188 1324 σωφροσύνης
3226 1256 3328 1306 οὐκ
3375 1253 3648 1323 αἰσχύνων

2071 1350 2385 1419 ἐλευθερίαν
2414 1351 2789 1419 δεσμωτήριον
2813 1348 3060 1418 ῷκησεψ
3095 1349 3143 1398 εί
3174 1347 3250 1416 μὴ
3275 1346 3498 1414 δέσμιος
3525 1349 3646 1412 ἐγε-

2069 1444 2240 1511 γόνει,
2271 1444 2371 1494 οὐκ
2403 1442 2468 1494 ἂν
2497 1441 2625 1498 τοὺς
2660 1441 2892 1510 ὀνείροις
2917 1439 3255 1508 δεδεμένους,
3281 1438 3519 1490 διέλυεν·
3547 1440 3648 1488 οὐκ

2071 1535 2137 1588 ἂν
2163 1534 2374 1587 ἐκεῖθεν
2406 1533 2729 1604 ἐγνωρίζετο
2774 1533 3007 1602 βασιλεῖ,
3042 1532 3162 1584 οὐδὲ
3211 1531 3308 1598 τὴν
3339 1530 3458 1600 μετ’
3483 1531 3647 1581 αὐτὸν

2069 1625 2244 1696 ἀρχὴν
2276 1626 2374 1696 τῆς
2422 1625 2700 1692 Αἰγύπτου
2750 1624 3106 1693 ἐκεχείριστο.
3149 1621 3312 1691 Ὁρᾷς
3356 1620 3542 1690 ἡλίκον
3578 1621 3645 1672 ἐκ

384 1716 578 1770 Cernis
621 1723 887 1784 quantum
925 1729 993 1767 ex
1043 1713 1240 1767 invidia
1295 1712 1532 1779 odioque
1574 1714 1812 1765 fraterno
1844 1727 1960 1764 ma-

2067 1688 2284 1784 tpll6il6u,
2321 1688 2414 1770 καὶ
2481 1688 2976 1784 μισαδελφίαςνὲφυ
3025 1688 3268 1782 ἀγαθὸν,
3301 1688 3396 1764 καί.
3426 1713 3579 1774 ὅσαις
3615 1713 3644 1762 6

385 1809 534 1862 narit
581 1808 824 1869 bonum,
871 1813 925 1860 et
976 1816 1179 1876 quanta
1240 1804 1383 1859 Deus
1439 1803 1736 1874 Josephum
1789 1804 1960 1875 gloria

383 1900 712 1955 coronavit?

342 2058 346 2061 ν
456 1992 613 2046 Alius
645 1990 842 2045 deinde
875 1989 1090 2044 Pharao
1135 2000 1325 2044 contra
1361 1991 1712 2045 lsraeliticam
1746 1999 1960 2062 gentem

383 2084 514 2137 odio
541 2083 771 2149 exarsit,
811 2098 874 2136 ac
904 2083 1106 2151 impius
1136 2083 1397 2137 masculis
1430 2083 1732 2136 infantibus
1776 2082 1958 2138 Nilum

383 2189 482 2242 pro
508 2171 767 2227 carnifice
795 2173 1102 2227 constituit.
1139 2175 1208 2225 At
1231 2187 1296 2226 ex
1329 2173 1476 2227 illius
1509 2173 1723 2226 feritate
1759 2173 1960 2229 factum

382 2273 486 2329 est,
518 2274 576 2319 ut
607 2279 706 2334 pro
750 2265 1106 2331 domuncula,
1142 2265 1198 2318 in
1240 2280 1348 2334 qua
1397 2265 1560 2319 simul
1616 2265 1769 2318 multi
1803 2265 1964 2332 dege-

383 2358 534 2419 bant,
567 2371 799 2426 quaeque
847 2356 979 2410 nihil
1013 2372 1042 2408 a
1085 2357 1301 2411 cmteris
1340 2357 1698 2426 pepularibus
1748 2357 1963 2412 (εἰσοισ-

385 2446 493 2505 bat.
529 2445 583 2498 in
625 2445 748 2498 aula
781 2443 1164 2515 Egyptiorum
1201 2461 1389 2518 regum
1437 2445 1652 2517 Moyses
1691 2448 1963 2502 enutrit-e-

385 2546 493 2600 tur,
539 2536 667 2592 inde
694 2537 873 2591 divina
913 2535 1255 2592 Providentia
1299 2539 1619 2592 ostendente
1659 2539 1806 2607 quod
1861 2539 1957 2608 qui

387 2629 601 2684 insidiis
639 2628 1024 2698 impetebatur,
1072 2629 1454 2684 insidiatorum
1499 2630 1788 2697 imperium
1829 2632 1962 2684 sub-

394 2729 621 2773 acturus
671 2727 839 2774 esset.
893 2716 1164 2772 Nimirum
1225 2719 1386 2788 paulo
1419 2728 1540 2787 post
1577 2719 1771 2774 mortis
1801 2735 1959 2788 pcena

384 2806 622 2860 alliciens
670 2803 1008 2875 Egyptinm,
1043 2807 1135 2875 qui
1173 2822 1292 2860 eam
1342 2807 1634 2862 centribuli
1680 2823 1781 2861 suo
1815 2807 1959 2862 infe-

383 2898 560 2958 rebat,
621 2905 668 2949 et
715 2895 827 2964 jam
885 2897 1132 2951 detectus
1195 2898 1344 2952 illinc
1401 2899 1561 2970 fugit,
1612 2917 1677 2955 ac
1738 2918 1956 2956 rursum

383 2988 558 3056 signis
584 2987 956 3058 prodigiisque
988 2991 1255 3053 munitus,
1280 3001 1472 3046 contra
1495 2994 1953 3064 exspectationem
1985 3017 2030 3075 (ς

381 3081 627 3146 exsurgit
681 3082 1024 3155 percutitque
1069 3081 1387 3152 Egyptum,
1435 3094 1490 3138 et
1534 3100 1688 3138 suam
1726 3087 1960 3155 denique

383 3180 598 3239 gentem
628 3187 657 3224 a
691 3173 827 3224 dura
853 3171 1048 3226 liberat
1079 3174 1340 3228 servitute
1367 3193 1378 3226 :
1411 3190 1506 3230 eos
1531 3185 1735 3242 autem,
1764 3179 1961 3246 quibus

384 3263 692 3314 serviebant
748 3261 1000 3325 llebrazi,
1067 3278 1190 3316 cum
1258 3264 1406 3317 enini
1478 3266 1717 3332 exercitu
1793 3269 1963 3322 maris

382 3349 640 3402 ﬂuctibus
691 3365 789 3418 pro
847 3349 1087 3404 [luminis
1154 3352 1314 3419 aquis
1365 3353 1528 3406 tradit
1579 3353 1957 3410 suffocaudos.

383 3437 566 3504 Quare
613 3454 678 3492 ex
725 3455 792 3493 eo
834 3438 962 3508 quia
1005 3437 1355 3493 Hebraeorum
1403 3441 1650 3497 insontes
1690 3445 1742 3496 in
1793 3443 1959 3498 ﬂuvio

382 3530 594 3585 enecati
627 3538 775 3591 sunt,
811 3542 918 3583 tota
948 3531 1094 3583 natio
1128 3545 1157 3582 a
1183 3531 1406 3584 servitio
1433 3533 1709 3602 redempta
1736 3543 1856 3599 est;
1892 3549 1956 3588 ac

383 3619 636 3673 fremitus
664 3619 1037 3688 Egyptiorum
1069 3635 1192 3673 cum
1239 3619 1372 3690 ipsis
1418 3623 1752 3690 agminibus,
1787 3625 1961 3678 curri-

383 3709 508 3773 bus,
541 3709 980 3778 satellitibusque
1019 3709 1183 3764 [luctu
1220 3711 1403 3765 obruti
1436 3721 1582 3765 sunt.

454 3888 516 3941 lit
570 3887 741 3942 multa
784 3887 1004 3958 quidem
1053 3887 1368 3956 hujusmodi
1416 3903 1481 3942 ex
1527 3888 1703 3943 sacris
1765 3888 1952 3942 Eccle-

382 3979 479 4036 siae.
540 3981 786 4034 historiis
854 3980 1084 4035 collecta
1139 3988 1335 4050 posset
1382 3981 1655 4049 quispiam
1719 3983 1772 4035 in
1841 3997 1955 4034 Ine-

381 4071 532 4124 dium
562 4070 774 4125 alferre.
809 4069 1012 4123 Eadem
1048 4070 1232 4139 itaque
1277 4071 1490 4123 ratione
1518 4085 1614 4139 per
1658 4085 1952 4125 exsecran-

380 4162 505 4214 dam
543 4161 950 4230 innuanetnque
989 4176 1281 4231 puerorum
1313 4162 1513 4215 caadem
1558 4177 1772 4215 corona:
1803 4178 1951 4214 mar-

380 4252 590 4320 tyribus
656 4253 866 4323 dignae,
925 4261 979 4306 et
1030 4252 1517 4306 immarcescibiles
1583 4253 1716 4320 ipsis
1775 4253 1950 4308 beatis

2063 1807 2195 1870 Θεὸς
2231 1809 2322 1860 τὸν
2365 1806 2564 1875 Ἰωσὴφ
2592 1805 2774 1869 δόξαις
2805 1804 3216 1872 κατεστέφατο;

2136 1985 2328 2048 ’Ἄλλος
2382 1984 2608 2056 ὕστερον
2660 1983 2860 2053 Φαραὼ
2913 1982 3055 2036 κατὰ
3105 1982 3205 2052 τῆς
3255 1979 3641 2052 ’ῐσραηλίτιδος

2063 2076 2237 2146 φυλῆς
2268 2077 2527 2146 ἐξεμάνη,
2557 2077 2651 2129 καὶ
2683 2079 2792 2138 τοῖς
2820 2077 2930 2127 τῶν
2959 2074 3174 2144 βρεφῶν
3196 2073 3392 2144 ἄρρεσι
3415 2073 3505 2124 16v
3537 2089 3638 2124 πο-

2060 2169 2234 2238 ταμὸν
2263 2172 2291 2222 6
2323 2169 2640 2238 παράνομος
2687 2167 2949 2235 ἐπενόησε
2986 2166 3201 2236 δήμιον.
3246 2163 3406 2216 ’Λλλά
3442 2165 3507 2216 ἐκ
3542 2164 3643 2233 τῆς

2063 2260 2274 2313 ἐκείνου
2321 2261 2630 2330 μιαιφονίας
2666 2260 2694 2310 6
2736 2257 2976 2327 Μωύσῆς
3009 2258 3128 2308 ἀντὶ
3153 2254 3254 2325 τῆς
3283 2256 3424 2330 ἱιδίας
3455 2254 3641 2317 ἑστίας

2065 2355 2194 2424 μιᾶς
2222 2351 2330 2405 τῶν
2364 2353 2572 2404 πολλῶν
2604 2349 2793 2421 οὔσης,
2838 2353 2930 2403 καὶ
2975 2350 3128 2402 οὐδὲν
3162 2350 3260 2418 τῆς
3295 2349 3404 2401 τῶν
3434 2349 3644 2418 ὁμοφύ-

2059 2445 2169 2498 λων
2198 2444 2562 2514 διαφερούσης
2600 2448 2658 2495 ὲν
2689 2447 2801 2505 τοῖς
2834 2444 2945 2495 τῶν
2971 2443 3285 2509 Αἰγυπτίων
3323 2443 3643 2510 ἀνακτόρων

2062 2535 2411 2606 ἁνετρέφετο,
2461 2535 2685 2587 αὐτόθεν
2729 2534 2828 2603 τῆς
2873 2535 3022 2598 θείας
3054 2535 3313 2604 προνοίας
3354 2532 3644 2602 ὲπιδηλού-

2064 2645 2184 2696 σης,
2208 2628 2331 2690 ὼςὸ
2365 2627 2870 2695 ἐπιϐουλευόμενος,
2905 2627 3070 2689 αὐτὸς
3100 2628 3373 2696 ἐγκρατὴς
3396 2627 3496 2696 τῆς
3529 2627 3642 2679 τῶν

2060 2719 2520 2774 ἐπιϐουλευόντων
2568 2719 2884 2783 δυναστείας
2917 2720 3090 2772 ἔσται.
3129 2719 3365 2771 Ἔπειτα
3412 2720 3520 2789 γάρ
3565 2719 3646 2772 δί-

2060 2828 2165 2874 κας
2212 2811 2372 2880 φόνου
2421 2811 2620 2876 λαϐὼν,
2672 2812 2811 2882 ὑπὲρ
2843 2805 2917 2864 ὧν
2949 2811 3121 2880 ἠδίκει
3180 2810 3269 2863 τὸν
3303 2811 3574 2880 ὁμόφυλον
3614 2813 3644 2863 6

2060 2903 2381 2970 Αἰγύπτιος,
2419 2904 2513 2955 καὶ⁵
2547 2903 2874 2972 κατάφωρος
2913 2903 3151 2971 γεγονώς
3179 2919 3237 2954 τε
3268 2903 3499 2966 ἐκεῖθεν,
3544 2903 3645 2954 καὶ

2063 2995 2224 3048 πάλιν
2279 2995 2575 3067 ὀχυριυθεὶς
2605 2997 2849 3065 σημείοις
2901 3013 2958 3048 τε
2992 2995 3087 3048 καὶ
3111 2995 3322 3065 τέρασι,
3361 2996 3455 3048 καὶ
3491 2995 3645 3066 παρὰ

2063 3087 2222 3152 δόξαν
2274 3089 2580 3156 ἐφίσταται,
2615 3091 2708 3141 καὶ
2746 3089 3000 3157 μαστίζει
3045 3089 3142 3158 τὴν
3193 3090 3511 3156 Αἴγυπτον·
3543 3090 3643 3141 καὶ

2061 3176 2214 3239 τέλος
2239 3178 2364 3238 τοὺς
2393 3177 2494 3245 μὲν
2523 3177 2828 3246 ὁμοφύλους
2858 3177 2959 3248 τῆς
2989 3177 3229 3248 χαλεπῇς
3259 3178 3506 3237 δουλείας
3529 3180 3644 3233 ἀπ-

2063 3267 2344 3321 αλλάττει·
2388 3270 2511 3332 τοὺς
2559 3270 2614 3322 δὲ
2662 3269 3252 3340 καταδουλωσαμένους
3299 3274 3647 3343 πανστρατιᾷ

2062 3359 2332 3430 Θαλάττης
2361 3362 2481 3414 ἀντὶ
2503 3363 2601 3431 τῆς
2626 3362 2895 3431 ποταμίου
2929 3363 3240 3432 μιαιφονίας
3272 3365 3642 3432 ἐναποπνίγετ

2062 3451 2350 3523 ῥεύμασιν.
2387 3455 2548 3506 Ὥστε
2593 3453 2653 3520 ἐξ
2699 3447 2772 3508 ὧν
2797 3457 2824 3507 6
2855 3455 3052 3524 Φαραὼ
3098 3458 3168 3510 τά
3214 3457 3323 3508 τῶν
3362 3457 3641 3528 Ἰεζϐραίων

2061 3543 2238 3616 βρέφη
2277 3547 2532 3616 ποταμίῳ
2565 3547 2779 3618 θανάτῳ
2806 3548 3222 3610 κατεδικάσατο,
3246 3551 3310 3600 ἐκ
3337 3551 3544 3601 τούτων
3575 3567 3640 3603 τε

2056 3635 2118 3686 16
2155 3636 2315 3704 γένος
2351 3635 2495 3690 ἆπαν
2535 3638 2779 3709 ἀνεσώθη
2833 3639 2930 3707 τῆς
2958 3640 3359 3716 αἰχμαλωσίας,
3393 3642 3490 3692 καὶ
3527 3643 3642 3693 τῶν

2058 3727 2373 3793 Αίγυπτίων
2399 3729 2459 3781 16
2490 3729 2757 3799 φρύαγμα
2799 3731 2938 3801 αύτῇ
2975 3733 3226 3803 στρατιᾷ,
3260 3734 3354 3785 καὶ
3397 3733 3638 3803 ἅρμασι,

2057 3817 2154 3870 καὶ
2186 3819 2505 3887 τριστάταις
2537 3821 2867 3891 ὑποϐρύχιον
2900 3822 3177 3888 γεγόνασι.

2126 3908 2238 3960 Καὶ
2277 3907 2447 3961 πολλὰ
2490 3911 2714 3962 τοιαῦτα
2748 3911 2811 3962 ἐκ
2842 3910 2950 3962 τῶν
2999 3911 3161 3981 ἱερῶν
3201 3909 3487 3983 λειμώνων
3534 3914 3639 3983 τῆς

2069 3997 2393 4066 Ἐκκλησίας
2437 3998 2938 4067 ἀνθολογησάμενος
2984 3998 3321 4063 ἐπιδείξειεν.
3353 4001 3513 4054 Οὖτω
3549 4004 3636 4066 δὲ,

2054 4085 2197 4138 οὕτω
2232 4088 2324 4139 καὶ
2359 4087 2448 4140 διὰ
2505 4088 2603 4156 τῆς
2640 4089 2937 4158 ἀλάστορος
2991 4091 3086 4142 καὶ
3133 4092 3486 4160 παλαμναίας
3525 4095 3640 4146 τῶν

2055 4179 2261 4248 νηπίων
2294 4183 2507 4249 σφαγῆς
2537 4182 2586 4231 οἱ
2617 4181 2947 4251 μαρτυρικοί
2972 4199 3030 4234 τε
3053 4223 3068 4246 ,
3099 4183 3193 4235 καὶ
3227 4185 3497 4254 ἀκήρατοι
3521 4190 3642 4250 τοῖς

2058 4270 2346 4339 μακαρίοις
2377 4271 2681 4340 ἐξήνθησάν
2702 4289 2781 4337 τε,
2817 4275 2908 4325 καὶ
2941 4273 3315 4345 διεπλάκηςαν
3350 4279 3635 4345 στέφανοι·

379 4341 751 4398 exﬂorueruut
793 4349 957 4412 atque
995 4345 1214 4398 intextae
1241 4351 1376 4424 sunt
1409 4361 1423 4396 :
1467 4344 1577 4396 imo
1612 4345 1812 4398 factum
1843 4354 1946 4410 est,

2067 4361 2150 4412 καὶ
2180 4361 2239 4413 16
2269 4364 2363 4414 σὺν
2402 4365 2687 4434 παρρησίᾳ
2727 4365 3093 4435 παρίστασθαί
3139 4384 3196 4419 τε
3230 4368 3306 4436 τῷ
3354 4371 3496 4436 Θεῷ.
3537 4371 3640 4422 καὶ

379 4445 441 4490 ut
491 4439 668 4490 securi
726 4435 836 4490 Deo
889 4437 1232 4498 sisterentur,
1292 4453 1357 4491 ac
1416 4447 1732 4506 perpetuam
1805 4439 1952 4492 illam

377 4525 636 4580 iuell‘abili
690 4528 888 4596 gaudio
960 4537 1016 4580 et
1086 4528 1342 4582 felicitate
1411 4546 1535 4583 eum
1609 4531 1950 4600 incorporeis

378 4619 690 4687 agminibus
737 4619 992 4672 choreum
1037 4619 1378 4687 plauderent,
1426 4620 1850 4688 beatissintaque
1901 4632 1954 4675 et

376 4709 619 4779 perfecta
687 4711 1006 4779 optabilium
1075 4729 1256 4766 rerum
1323 4714 1532 4768 visione
1590 4715 1948 4781 la~tarentur;

376 4804 579 4872 quibus
619 4819 867 4872 quaenam
923 4805 1318 4858 interneciones
1363 4815 1417 4860 et
1448 4822 1698 4875 quaenam
1745 4807 1952 4874 suppli-

377 4893 585 4946 ciorum
625 4891 968 4947 acerbitates
997 4894 1281 4962 condigna:
1317 4895 1774 4950 aestimabuntur?
1811 4895 1953 4961 Qua-

377 4993 602 5053 propter
641 4984 777 5037 adeo
820 5000 924 5037 non
971 4985 1290 5055 expediebat
1334 4989 1576 5057 iniquam
1615 5003 1666 5042 et
1705 5004 1945 5059 praepro-

376 5092 563 5146 peram
609 5077 900 5130 infantium
935 5089 1164 5133 mortem
1197 5096 1525 5150 quacunque
1556 5083 1764 5135 ratione
1810 5097 1947 5151 pra:-

374 5167 591 5236 pedire;
639 5179 696 5221 ut
746 5170 916 5223 multo
970 5171 1164 5225 melius
1219 5171 1385 5225 fuerit
1436 5188 1555 5225 eam
1603 5173 1840 5240 permitti
1882 5187 1947 5226 ac

374 5257 695 5328 perpetrari,
729 5273 838 5328 quo
869 5259 970 5328 ipsi
1002 5261 1163 5313 tantis
1193 5262 1246 5313 in
1277 5271 1474 5315 aeterna
1515 5269 1567 5313 et
1598 5262 1945 5316 inenarrabili

371 5353 633 5408 beatitate
662 5354 1058 5422 pullulantibus
1092 5355 1249 5408 bonis
1285 5354 1715 5408 cumularentur.

441 5447 622 5514 Atque
657 5446 773 5500 lucc
807 5445 964 5514 quasi
1014 5447 1080 5498 ad
1130 5445 1450 5514 explendam
1483 5459 1656 5498 sacrm
1700 5445 1944 5500 scientia:

367 5537 719 5604 cupiditatem
752 5537 846 5590 tibi
896 5536 1186 5589 sulliciant.
1223 5535 1377 5600 Quod
1409 5535 1452 5589 si
1501 5537 1624 5603 quis
1650 5536 1701 5590 in
1743 5554 1940 5592 arcana

361 5641 496 5682 scum
553 5627 721 5682 l‘aulo
786 5627 949 5682 verba
1009 5627 1324 5692 admissus,
1394 5628 1550 5681 nobis
1611 5628 1806 5683 melius
1876 5645 1936 5683 ca

2055 4453 2152 4521 τὴν
2195 4453 2428 4524 ἄληκτον
2465 4457 2679 4524 εκείνην
2709 4458 2766 4507 ὲν
2798 4456 3075 4527 ἀδιηγήτῳ
3109 4460 3272 4528 χαρᾷ,
3309 4461 3403 4511 καὶ
3433 4461 3643 4531 εύφρο-

2057 4540 2190 4612 δύνῃ
2221 4543 2317 4594 σὺν
2351 4546 2462 4606 τοῖς
2495 4545 2808 4613 ἀσωμάτοις
2836 4548 3079 4615 τάγμασι
3110 4549 3506 4612 συνεξελίσσειν
3539 4562 3642 4621 χε

2057 4632 2229 4701 ρείαν,
2267 4635 2360 4686 καὶ
2389 4635 2483 4686 τοῦ
2537 4640 2958 4706 μακαριωτάτου
2986 4680 2999 4703 ,
3035 4641 3129 4692 καὶ
3185 4641 3492 4711 ἀκροτάτου
3522 4645 3637 4698 τῶν

2053 4722 2294 4790 ὀρεκτῶν
2344 4726 2640 4780 ἀπολαύειν
2690 4729 2992 4798 θεάματος’
3049 4725 3122 4782 ὧν
3171 4732 3334 4784 πόσαι
3398 4737 3634 4802 σφαγαὶ,

2055 4815 2203 4866 ποῖαι
2233 4813 2289 4866 δὲ
2325 4818 2604 4886 τιμωριῶν
2636 4819 2967 4890 δριμύτητες
2997 4822 3225 4886 ἀντάξια
3277 4823 3635 4894 λογισθήσον-

2051 4922 2175 4967 ταις
2205 4907 2369 4960 Ὥστε
2401 4910 2460 4961 ού
2495 4911 2658 4980 μόνον
2685 4913 2783 4964 ούκ
2811 4909 2877 4984 ἦν
2913 4915 3133 4982 ἄμεινον
3165 4916 3470 4984 οὐδαμόθεν
3501 4922 3632 4972 ὲπιο

2055 5001 2202 5066 σχεῖν
2230 4998 2318 5050 16v
2345 4999 2611 5069 ἔκθεσμον
2640 5020 2722 5066 τε,
2754 5006 2846 5056 καὶ
2877 5005 3054 5072 ἄωρον
3083 5007 3190 5058 τῶν
3219 5007 3438 5078 βρεφῶν
3471 5010 3635 5062 Θάνα-

2049 5105 2142 5139 τον
2169 5105 2182 5118 ·
2211 5089 2346 5143 ἀλλὰ
2375 5090 2465 5143 καὶ
2493 5093 2670 5162 πολλῷ
2695 5098 2946 5163 κρεῖσσον
2982 5099 3257 5163 ἐναφεῖναί
3309 5117 3368 5151 τε
3411 5102 3506 5152 καὶ
3536 5103 3629 5152 ὲν-

2049 5177 2230 5231 δοῦναι
2282 5183 2564 5248 προελθεῖν
2594 5183 2858 5236 τοσούτων
2903 5185 3084 5248 αὐτοῖς
3133 5187 3343 5239 ἐκεῖθεν
3390 5192 3629 5242 αἰωνίων

2047 5286 2121 5321 τε.
2163 5272 2255 5322 καὶ
2285 5273 2593 5342 ἀδιηγήτων
2623 5275 3150 5345 ἁναύλαστησάντων
3180 5279 3423 5347 ἀγαθῶν.

2131 5449 2288 5502 Ἀλλά
2333 5451 2505 5504 ταῦτα
2539 5453 2637 5520 μὲν
2685 5454 2823 5508 ἔστω
2868 5458 2947 5508 σοι
2977 5460 3077 5526 τῆς
3111 5459 3263 5527 ίερᾶς
3293 5458 3625 5530 φιλομαθίας

2044 5540 2232 5611 ῶσπερ
2286 5559 2368 5604 τις
2403 5543 2523 5612 ἱερὰ
2573 5545 2886 5610 ἁφοσίωσις.
2940 5547 2999 5598 ΕΞ
3029 5548 3082 5598 δέ
3117 5564 3199 5610 τις
3230 5550 3339 5600 τῶν
3375 5553 3624 5621 ἀπορρήο

2043 5649 2152 5686 των
2188 5632 2279 5684 τοῦ
2313 5633 2522 5687 Παύλου
2554 5638 2817 5706 ῥημάτων
2873 5639 3083 5710 μύστης
3141 5639 3403 5710 γεγονὼς,
3443 5660 3616 5714 μυστ-
