3864 6218
399 262 498 327 199

1540 273 1798 333 ΡΠΟΤΙΙ
1838 268 2338 334 ΡΑΤΒῙΑΒΟῘΜΞ
2365 275 2473 337 CP.

3523 281 3632 342 200

393 378 685 433 admodum
749 380 966 434 nomina
1030 383 1191 435 horno
1257 393 1310 436 ct
1360 387 1670 439 humanitas
1727 404 1832 440 non
1888 389 1941 441 at

2061 387 2475 460 ἡάνθρωπότης
2508 391 2607 444 οὐκ
2637 393 2815 458 ἄλλον,
2868 399 2961 448 καὶ
3008 396 3164 449 ἄλλον
3215 398 3632 467 παραδεχόμεθα

392 469 560 522 alium
608 481 767 538 atque
809 472 974 523 a'ium
1025 487 1244 526 sensum
1291 481 1568 541 spectant;
1596 483 1650 528 ct
1682 475 1960 527 nihilomi-

394 575 497 614 nus
526 559 655 612 illud
689 561 751 613 de
781 561 1009 615 Socrate
1043 562 1192 615 nullo
1233 562 1616 631 impedimento
1643 573 1956 633 usurpatur,

393 647 500 702 hoc
550 656 731 702 autem
799 666 1184 720 nequaquam;
1240 652 1313 706 ita
1362 667 1581 721 quoque
1635 667 1794 707 voces
1855 653 1958 706 illa:

392 736 561 802 Deus,
609 750 663 794 et
704 741 906 804 Deitas,
959 743 1085 798 licet
1128 743 1370 798 diversas
1420 745 1569 798 ideas
1621 760 1730 797 non
1780 745 1956 799 conti-

393 840 577 894 neant,
611 841 884 900 nequeant
912 841 1093 888 tamen
1134 835 1200 890 de
1239 835 1438 890 divinis
1469 836 1714 904 personis
1757 837 1958 904 pariter

388 920 538 974 dici?
591 921 660 974 At
711 922 856 975 dicet
919 921 1151 978 fortasse
1213 923 1606 993 elegantiarum
1669 925 1954 978 hominum

389 1011 686 1080 quispiam,
719 1013 864 1081 quod
897 1024 1096 1084 augeat
1139 1015 1262 1080 hoc,
1315 1031 1423 1069 non
1455 1015 1629 1069 diluat
1665 1017 1956 1086 propositae

388 1102 710 1171 quaestionis
751 1103 1120 1158 ilillicultatem
1149 1122 1162 1168 ;
1200 1114 1363 1174 atque
1391 1103 1666 1173 petitionis
1699 1106 1954 1175 principii

389 1195 754 1262 suSpicionem
807 1195 1030 1248 minime
1077 1194 1317 1264 ell'ugiat.
1342 1197 1455 1250 Hos
1504 1207 1686 1251 autem
1721 1213 1832 1250 rem
1862 1213 1955 1252 ae-

385 1293 572 1337 curate
605 1301 709 1337 non
742 1283 910 1338 fuisse
947 1294 1228 1339 assecutus
1271 1286 1395 1340 inde
1422 1297 1584 1355 patet,
1611 1288 1754 1357 quod
1785 1303 1891 1342 non
1923 1303 1954 1343 e

385 1391 444 1427 re
497 1375 662 1428 simiii
717 1376 782 1427 ad
839 1391 952 1428 rem
1001 1377 1336 1446 propositam
1404 1379 1456 1431 in
1507 1378 1810 1447 quaestione
1861 1380 1954 1434 fiat.

383 1467 658 1526 transitio,
686 1480 861 1534 neque
889 1465 941 1519 id
969 1467 1360 1521 obscuritatem
1396 1477 1612 1535 augeat,
1639 1469 1750 1522 imo
1776 1483 1953 1538 neque

384 1556 611 1621 primam
668 1556 1039 1624 interrogamli
1098 1572 1364 1621 causam,
1423 1559 1579 1625 quasi
1637 1559 1950 1626 cognitam,

382 1654 654 1714 supponat
699 1665 711 1697 :
761 1655 925 1713 atque
997 1645 1126 1699 hinc
1186 1646 1370 1714 potius
1429 1647 1514 1701 isti
1572 1656 1777 1700 rectum
1839 1663 1948 1700 non

2062 477 2236 546 λόγον,
2287 480 2436 550 ὅμως
2476 481 2536 534 τὸ
2584 485 2681 552 μὲν
2714 485 2929 553 λέγεται
2978 487 3119 539 κατὰ
3167 486 3257 539 τοῦ
3311 487 3632 555 Σωκράτους

2059 569 2372 635 ἀκωλύτως,
2402 573 2464 626 τὸ
2490 574 2544 626 δὲ
2575 575 2759 629 ούκέτι
2781 593 2792 606 ·
2812 575 2954 630 οὕτω
2977 581 3068 632 καί
3099 580 3132 649 ὴ
3161 580 3295 643 Θεὸς
3323 579 3496 650 φωνὴ,
3536 582 3634 633 καὶ

2058 661 2091 729 ἡ
2125 659 2347 733 Θεότης,
2367 665 2467 718 οὐκ
2497 667 2576 730 εἰς
2603 665 2808 740 ἕτερον,
2837 670 2931 723 καὶ
2960 670 3145 742 ἕτερον
3170 672 3635 741 ἀναπτυσσόμε-ιτ.

2059 748 2258 818 νόημα,
2308 753 2405 822 οὐχ
2449 755 2654 823 ὁμοίως
2702 756 2956 810 δύνανται
3005 759 3099 812 καὶ
3149 761 3260 812 τῶν
3321 759 3636 830 θεαρχικῶν

2059 837 2412 893 ύποστάσεων
2461 842 2754 912 λέγεσθαι;
2793 846 2950 900 Ἀλλὰ
2998 848 3201 901 εἴποιεν
3244 849 3310 903 ἄν
3363 867 3447 912 τις
3502 852 3636 912 ἴσως

2057 927 2167 978 τῶν
2193 931 2594 1002 χαριεστέρωνο
2622 934 2696 998 ὡς
2729 935 2958 1008 αὔξησίς
3003 940 3171 1002 ἐστιν,
3225 941 3286 992 ού
3327 938 3488 1002 λύσις
3536 942 3633 992 τοῦ

2061 1019 2418 1091 ἀπορήματος
2440 1024 2620 1089 τοῦτο,
2650 1027 2748 1080 καὶ
2778 1029 2875 1097 τὴν
2903 1029 2996 1082 τοῦ
3024 1031 3118 1082 ἀπ’
3155 1031 3330 1102 ἀρχῆς
3359 1032 3634 1085 αἰτεῖσθαι

2061 1110 2295 1180 ὑποψίαν
2323 1114 2422 1168 οὐκ
2451 1117 2728 1187 ἐκφεύγει.
2763 1111 2918 1184 Τοὺς
2939 1121 2994 1173 δὲ
3025 1123 3212 1192 μάθοις
3246 1124 3313 1176 ἂν
3354 1124 3632 1184 ἐντεῦθεν,

2057 1201 2131 1264 ὡς
2157 1203 2485 1275 διαπέφευγε
2517 1209 2578 1261 τὸ
2608 1211 2834 1280 ἀκριϐές
2855 1228 2867 1241 ·
2916 1212 2984 1264 οὖ
3016 1213 3124 1283 γάρ
3169 1215 3276 1268 ἀπὸ
3304 1214 3399 1267 τοῦ
3442 1217 3634 1284 ὁμοίου

2057 1295 2194 1362 πρὸς
2237 1295 2299 1348 τὸ
2331 1299 2690 1370 προκείμενον
2747 1303 2842 1354 ἐπὶ
2889 1304 3117 1373 ζήτησιν
3150 1305 3472 1375 μετάϐασις,
3507 1307 3634 1359 οὕτε

2057 1382 2314 1449 κρατύνει
2366 1387 2567 1456 μᾶλλον
2609 1390 2670 1443 τὸ
2713 1390 2945 1464 ἄπορονο
2999 1393 3114 1445 ἀλλ’
3163 1395 3272 1447 οὐδ’
3308 1395 3632 1464 ἑπισύρεται

2059 1473 2158 1543 τὴν
2179 1475 2357 1529 αἰτίαν
2381 1478 2472 1530 τοῦ
2503 1480 2758 1552 ὰπαρχῆς
2778 1483 3078 1537 αἰτεῖσθαι·
3109 1484 3318 1538 ἐκεῖθεν
3346 1486 3401 1539 δὲ
3426 1488 3632 1556 μᾶλλον

2054 1568 2404 1638 διελέγχοιντ⁹
2434 1571 2505 1636 ,ἂν
2536 1574 2635 1626 οὐκ
2660 1574 2824 1646 ὀρθὴν
2853 1577 3174 1640 ὑπελθόντες
3206 1579 3305 1648 τὴν
3334 1579 3632 1649 κρίσιν.Τὸ

2055 1661 2164 1729 γάρ
2187 1661 2320 1731 ὀρᾷν
2355 1664 2412 1718 ἑν
2443 1666 2759 1738 φυσιολογίᾳ
2782 1668 3038 1740 τοιαύτην
3061 1670 3342 1740 ὀνομάτων
3372 1672 3542 1735 θέσιν,
3567 1675 3631 1725 ἐν

381 1737 572 1791 tulisse
610 1736 878 1805 judicium
938 1747 1265 1805 arguuntur.
1325 1737 1380 1790 Si
1433 1737 1578 1791 cnim
1634 1738 1689 1790 in
1743 1746 1941 1791 natum

2052 1745 2132 1813 οἷς
2160 1754 2255 1805 καὶ
2284 1755 2348 1806 τὸ
2375 1756 2570 1809 ταυτὸν
2599 1758 2660 1810 οὐ
2714 1758 3054 1830 λυμαίνεται,
3099 1763 3195 1815 καὶ
3235 1763 3372 1832 πρὸς
3401 1764 3460 1815 τὸ
3492 1781 3627 1816 κατ-

378 1843 634 1883 sermone
663 1829 973 1898 huiusmodi
1003 1830 1394 1884 vocabulorum
1432 1830 1676 1883 conditio
1705 1829 1950 1882 animad-

379 1920 608 1973 vertitur
661 1920 716 1972 in
763 1920 870 1975 illis
913 1920 1114 1984 rebus,
1169 1921 1223 1974 in
1283 1921 1484 1990 quibus
1531 1921 1788 1975 identitas
1839 1936 1948 1973 non

374 2011 630 2069 laeditur,
681 2021 845 2078 atque
894 2010 949 2063 in
1001 2011 1473 2064 enuntiationibus
1521 2011 1635 2078 ipsa
1684 2009 1946 2064 voeabula

379 2117 538 2156 usum
588 2117 696 2155 non
744 2101 976 2157 similem
1024 2101 1258 2169 habent;
1308 2104 1586 2172 quomodo
1631 2103 1854 2156 evidens
1895 2110 1951 2156 et

377 2191 725 2260 perspicuum
757 2207 865 2244 non
915 2200 1020 2255 est,
1067 2192 1210 2260 quod
1264 2207 1440 2261 neque
1486 2195 1800 2246 abstrusum
1846 2207 1947 2260 pu-

377 2283 601 2336 tandum
641 2282 732 2344 sit,
763 2297 939 2352 neque
981 2283 1280 2337 absurdqu
1323 2284 1375 2336 in
1409 2285 1704 2352 theologia,
1750 2299 1872 2352 qum
1917 2301 1948 2337 a

377 2376 609 2430 materie
654 2376 818 2445 longo
867 2375 1158 2430 intervallo
1190 2376 1374 2441 distat,
1420 2393 1652 2445 quaeque
1709 2379 1945 2430 niaxima

375 2467 689 2521 ditlicultate
721 2467 1016 2521 humanam
1053 2475 1287 2521 mentem
1323 2468 1686 2536 undequaque
1731 2467 1947 2536 gravio-

376 2559 527 2612 ribus
554 2559 794 2628 implicat
825 2558 1248 2628 quaestionibus,
1285 2559 1338 2612 in
1378 2560 1582 2628 quibus
1627 2575 1804 2627 ncque
1837 2561 1945 2614 ulla

372 2650 482 2702 alia
522 2664 653 2703 voce
685 2650 1022 2703 adamussim
1058 2649 1183 2703 licet
1213 2649 1570 2718 quaestionem
1599 2651 1941 2717 exprimere;

370 2743 428 2795 in
481 2742 586 2806 bis,
625 2741 870 2811 inquam,
903 2752 1124 2810 quoque
1167 2741 1330 2810 modo
1362 2741 1675 2809 bujusmodi
1715 2743 1945 2794 cummi-

374 2833 510 2887 nisci
575 2848 734 2887 nsum
794 2833 1182 2887 vocabulorum
1217 2872 1230 2894 ,
1285 2848 1448 2901 quae,
1513 2833 1723 2886 etiamsi
1785 2835 1945 2887 rebus

371 2927 652 2995 corporeis
701 2927 868 2980 veteri
910 2937 962 2979 et
1007 2935 1224 2994 recepto
1266 2924 1478 2992 judicio
1517 2927 1942 2990 accommodari,

369 3028 534 3088 atque
587 3019 727 3072 idem
784 3017 1093 3087 signiﬁcare
1144 3018 1470 3081 videantur,
1522 3019 1714 3071 eodem
1761 3027 1941 3071 tamen

359 3100 538 3181 ,pacto'
566 3111 847 3180 praedicari
889 3126 997 3163 non
1033 3110 1302 3178 possunt?
1345 3107 1578 3162 Ubinam
1626 3110 1808 3177 itaque
1835 3109 1941 3162 dif-

369 3204 585 3258 ticultas
611 3204 698 3256 hic
736 3211 989 3271 augetur,
1020 3209 1113 3255 aut
1153 3217 1320 3256 causa
1357 3215 1457 3269 pro
1488 3216 1655 3254 causa
1689 3202 1944 3270 ponitur?

439 3294 572 3355 Novi
600 3302 780 3348 autem
816 3293 1100 3363 quosdam,
1140 3292 1235 3362 qui
1278 3293 1502 3346 dubium
1543 3293 1754 3348 diluere
1790 3296 1941 3347 arbi.

367 3395 588 3441 trautur
618 3385 916 3445 hominem,
949 3398 1015 3437 ac
1049 3394 1324 3445 naturam,
1369 3384 1718 3452 speciemque
1748 3385 1941 3438 buma-

369 3495 497 3534 nam
525 3479 876 3542 assumendo,
913 3492 1036 3545 quae
1078 3475 1483 3546 quodammodo
1507 3477 1560 3530 in
1603 3476 1747 3531 idem
1799 3478 1940 3530 inii-

368 3585 485 3626 cem
521 3569 806 3624 concidere
838 3569 1122 3635 videntur;
1163 3568 1216 3622 in
1248 3567 1495 3622 Socratis
1537 3577 1717 3622 autem
1740 3568 1940 3637 praedia

367 3661 579 3716 catione
615 3660 1006 3722 diversitatem,
1031 3673 1137 3714 non
1173 3658 1608 3712 convenientiam
1637 3658 1936 3727 proferunt.

356 3753 625 3807 Socrates
644 3752 789 3805 enim
826 3751 990 3804 ιιοιιιο
1017 3750 1234 3820 quidem
1260 3749 1480 3812 dicitur,
1515 3758 1572 3803 at
1608 3765 1786 3820 neque
1810 3766 1936 3820 spe-

366 3845 500 3908 cies,
537 3858 714 3912 ueque
753 3853 968 3906 natura,
1001 3843 1044 3896 si
1078 3843 1162 3896 vis
1201 3851 1406 3904 autem,
1433 3857 1607 3910 neque
1632 3843 1806 3897 forma
1851 3842 1936 3898 his

359 3933 659 4002 conjuncta
691 3932 950 4001 appellari
985 3933 1203 4000 poterit.
1229 3931 1339 3987 llos
1363 3943 1544 3988 autem
1570 3933 1734 4004 fugit,
1771 3945 1830 3988 ut
1859 3935 1938 3989 vi-

363 4027 546 4086 detur,
573 4023 850 4093 quomodo
885 4024 956 4078 sit
1003 4026 1070 4077 de
1114 4024 1428 4081 nominibus
1470 4026 1850 4094 judicandum,
1883 4036 1939 4082 et

365 4116 507 4185 quod
547 4127 888 4185 quaecunque
951 4115 1019 4169 ad
1054 4115 1310 4186 physicas
1366 4131 1452 4170 res
1505 4118 1728 4172 nomina
1770 4118 1936 4187 perti-

363 4217 512 4271 nent,
553 4208 668 4277 ipsa
691 4207 757 4261 ad
778 4223 864 4262 res
899 4207 1235 4274 signiﬁcatas
1259 4208 1587 4275 luculenter,
1620 4225 1681 4262 ac
1715 4211 1932 4279 proprie

365 4302 606 4354 ferantur
643 4316 659 4352 :
689 4314 810 4367 quae
845 4313 973 4353 vero
1012 4314 1044 4353 a
1072 4299 1356 4355 dialectica
1393 4301 1647 4355 oriuntur
1681 4303 1930 4372 specula-

2049 1844 2368 1913 ηγορείσθαι
2400 1846 2497 1918 τὴν
2531 1849 2722 1918 χρείαν
2765 1852 2862 1920 οὑχ
2892 1853 3082 1922 ὀμοίαν
3140 1855 3466 1923 παρέχεται,
3507 1855 3629 1917 πῶς

2051 1937 2168 1986 ἐστι
2219 1937 2396 2007 σαφής
2443 1955 2525 2002 τε,
2571 1940 2665 1993 καὶ
2707 1943 3098 2014 άναντίρῤητος
3144 1934 3485 2014 παράστασις
3526 1945 3626 1998 τοῦ

2054 2024 2218 2092 μηδὲν
2241 2025 2442 2095 ἄπορον
2464 2028 2728 2098 νομίζειν,
2763 2031 2894 2102 μηδὲ
2927 2033 3236 2102 παράλογον
3263 2037 3320 2086 ἐν
3346 2038 3414 2106 τῇ
3442 2036 3628 2106 πολλῷ

2048 2115 2147 2184 τῆς
2201 2115 2333 2186 ὕλης
2376 2119 2756 2194 ύπερκαιμένῃ
2821 2124 2931 2196 (46)
2989 2123 3258 2199 θεολογίᾳ,
3301 2130 3396 2182 καὶ
3453 2129 3624 2200 πολλῇ

2051 2207 2392 2277 πανταχόθεν
2419 2209 2511 2262 τὸν
2541 2212 2880 2283 ἀνθρώπινον
2913 2216 3036 2269 νοῦν
3072 2219 3128 2270 ἐν
3153 2223 3264 2283 τοῖς
3301 2221 3628 2292 βαθυτέροις

2048 2298 2157 2352 τῶν
2181 2301 2510 2370 ζητημάτων
2538 2303 2739 2376 ἀπορίᾳ
2768 2309 3226 2382 περιτειχιζούσῃ,
3255 2314 3340 2380 ἐφ’
3365 2305 3439 2365 ὧν
3469 2315 3628 2367 οὐδὲν

2048 2387 2165 2440 οὐδὲ
2192 2389 2298 2441 τῶν
2331 2390 2505 2446 ἄλλων
2539 2394 2819 2465 ὀνομάτων
2857 2399 3032 2451 οὐδενὶ
3067 2402 3198 2472 ῥᾷόν
3227 2405 3343 2456 ἐστι
3382 2405 3628 2474 δηλῶσαι

2047 2480 2139 2532 τοῦ
2170 2479 2502 2550 ζητουμένου
2525 2486 2624 2554 τὴν
2655 2487 2938 2557 ἀκρίϐειαν
2959 2505 2973 2523 ·
3010 2491 3101 2545 ἐπὶ
3131 2496 3335 2546 τούτων
3368 2497 3628 2566 ἀμωσγέ-

2051 2587 2166 2635 πως
2197 2578 2455 2647 τοιαύτην
2507 2579 2700 2646 φιιινῶν
2751 2582 3099 2654 ἀνευρίσκειν
3147 2591 3361 2657 χρῆσιν,
3415 2590 3469 2642 αἳ
3519 2595 3626 2644 κάν

2046 2667 2156 2726 τοῖς
2188 2666 2390 2730 ἐνύλοις
2429 2669 2661 2738 ὁρῶνται
2692 2673 2897 2745 παλαιᾷ
2940 2676 3033 2729 καὶ
3063 2679 3284 2748 συνήθει
3312 2683 3490 2751 κρίσει
3531 2686 3625 2736 ἐν-

2047 2755 2439 2825 αρμόττουσαι,
2469 2763 2564 2814 καὶ
2590 2763 2688 2832 τῆς
2716 2763 2814 2833 μὲν
2843 2768 3170 2838 ταυτότητος
3198 2771 3297 2824 ούκ
3328 2773 3625 2844 ἐξιστάμε-

2046 2859 2154 2908 ναι,
2186 2847 2242 2897 ἐν
2270 2847 2328 2899 δὲ
2361 2849 2439 2918 τῷ
2476 2853 2898 2922 κατηγορεῖσθαι
2929 2857 3307 2928 διιστάμεναις
3366 2863 3476 2916 Ποῦ
3507 2868 3625 2918 τοί-

2046 2952 2136 2987 νυν
2171 2938 2404 2991 ἐνταῦθα
2442 2942 2602 3012 ήτῆς
2631 2945 2866 3016 ἀπορίας
2897 2949 3169 3014 ἐπίτασις,
3223 2953 3254 3023 ἦ
3300 2954 3401 3025 τῆς
3453 2957 3627 3027 ἄλλης

2046 3029 2222 3090 αἰτίας
2259 3030 2554 3100 ὑπόληψις

2116 3291 2279 3355 Τινὲς
2308 3293 2360 3346 δὲ
2386 3295 2531 3347 λύειν
2563 3299 2893 3368 νομίσαντας
2921 3298 3036 3356 οἴδα
3069 3305 3132 3360 ἐκ
3166 3308 3259 3360 τοῦ
3291 3309 3382 3363 τὸν
3406 3313 3626 3385 ἅνθρω-

2045 3397 2144 3434 πον
2197 3384 2551 3453 παραλαὸεἶν,
2616 3391 2711 3442 καὶ
2762 3393 2861 3461 τὴν
2914 3395 3093 3460 φύσιν,
3143 3400 3234 3450 καὶ
3277 3401 3338 3452 τὸ
3370 3384 3549 3467 εἶδος·
3589 3409 3626 3461 ἃ

2042 3469 2188 3524 δοκεῖ
2213 3475 2310 3542 μέν
2334 3493 2449 3538 πως
2477 3477 2724 3548 ἀλληλοις
2744 3483 2822 3543 είς
2849 3486 3046 3538 ταυτὸν
3079 3490 3313 3543 συνιέναι
3338 3511 3351 3522 ·
3378 3497 3434 3545 ἐν
3465 3496 3518 3547 δὲ
3546 3501 3616 3567 τῆ

2041 3563 2135 3616 τοῦ
2184 3566 2508 3637 Σωκράτους
2568 3573 2876 3644 κατηγορίᾳ.
2906 3575 3002 3646 τὴν
3035 3577 3317 3633 διάστασιν
3348 3585 3468 3638 ἀντὶ
3515 3557 3626 3656 τῆς

2041 3655 2329 3724 ὁμολογίας
2359 3657 2768 3724 ἐξοικειοῦνταιι.
2803 3665 3123 3735 Ἀνθρωπος
3177 3672 3276 3739 μὲν
3306 3674 3417 3743 γᾶρ
3443 3680 3469 3728 ὁ
3495 3655 3622 3731 Σω-

2041 3749 2270 3820 κράτης,
2305 3751 2426 3805 οὔτε
2451 3755 2506 3806 δὲ
2536 3751 2693 3818 εἶδος,
2722 3757 2845 3811 οὔτε
2877 3759 3058 3828 φύσιῖ,
3087 3767 3134 3816 εὶ
3175 3768 3355 3833 βούλει
3385 3771 3462 3835 δὲ,
3497 3774 3621 3826 οὔθ’

2040 3839 2074 3908 ἡ
2101 3843 2498 3913 συνταττομὲνη
2538 3845 2748 3909 τούτοις
2781 3850 2961 3919 μορφὴ
3006 3852 3210 3904 δύναιτ’
3233 3856 3297 3908 ἂν
3331 3858 3616 3926 λέγεσθαι.

2040 3931 2309 3986 Δανθάνει
2368 3935 2426 3987 δὲ
2473 3935 2715 4002 τούτους,
2768 3940 2844 4003 ὼς
2894 3942 3086 4003 ἔοικεν,
3135 3949 3306 4017 ἡτῶν
3328 3952 3619 4022 ὀνομάτων

2029 4021 2326 4091 διάκρισις,
2362 4026 2453 4076 καὶ
2487 4026 2568 4078 ὅτι
2593 4029 2690 4080 ὅσα
2724 4030 2821 4098 μέν
2844 4032 2959 4084 ἐστι
2982 4036 3227 4102 φυσικῶν
3266 4021 3617 4111 πραγμάτων

2033 4113 2293 4182 ὀνόματα,
2350 4116 2520 4170 ταῦτα
2572 4123 2887 4190 περιφανῶς
2924 4143 3002 4189 τε,
3032 4130 3126 4181 καὶ
3160 4131 3415 4202 καθαρῶς
3466 4141 3615 4192 κατὰ

2033 4206 2144 4259 τῶν
2201 4208 2576 4278 ὑποκειμένων
2653 4213 2928 4284 φέρεται·
2985 4219 3085 4272 ὅσα
3135 4222 3192 4274 δὲ
3258 4224 3612 4300 διαλεκτικῆς

2035 4298 2303 4367 προῆλθον
2334 4299 2593 4368 ἐπινοίας,
2621 4304 2716 4357 καὶ
2749 4305 3086 4362 διαλεκτικόν
3113 4329 3232 4366 τινα
3286 4298 3611 4388 περιέχουσι

353 4392 529 4454 :tione,
563 4399 616 4445 et
647 4390 990 4446 dialecticum
1035 4392 1326 4459 quemdam
1362 4393 1641 4445 involvunt
1683 4409 1924 4458 sensmn,

2047 4389 2180 4453 θοῦν,
2210 4390 2384 4443 ταῦτα
2413 4392 2518 4444 τῶν
2579 4394 2958 4465 ὑποκειμένων
3010 4400 3112 4470 τῆς
3169 4403 3383 4471 φύσεως
3425 4409 3610 4479 ἔργων

360 4487 475 4539 haec
497 4484 563 4538 ad
592 4483 928 4551 signiticatas
963 4491 1169 4537 naturae
1200 4499 1288 4538 res
1323 4483 1371 4536 vi
1405 4485 1625 4554 propria
1665 4501 1770 4538 non
1804 4497 1927 4555 per-

357 4579 594 4646 tingant.
638 4574 814 4627 llomo
845 4589 974 4627 vero
1005 4583 1059 4626 et
1087 4573 1424 4637 humanitas,
1459 4590 1669 4628 necnon
1719 4574 1926 4630 Divini-

357 4679 464 4732 tas,
495 4677 550 4720 et
581 4665 718 4718 Deus
742 4679 847 4718 non
894 4674 1022 4717 sunt
1066 4663 1254 4732 logica:
1289 4665 1605 4720 subtilitatis
1643 4682 1924 4720 commen-

358 4757 614 4818 tationes,
644 4753 736 4806 sed
765 4752 1080 4808 evsistentis
1109 4754 1183 4808 rei
1213 4755 1433 4809 nomina
1455 4775 1466 4809 :
1486 4765 1727 4811 attamen
1745 4773 1810 4811 ex
1840 4758 1924 4812 bis

343 4851 604 4915 «mutilam
647 4859 866 4914 quoque
915 4845 1141 4914 vestigia
1189 4845 1394 4916 ingredi
1433 4845 1514 4901 fas
1552 4857 1656 4910 est,
1697 4862 1818 4916 qua:
1855 4849 1923 4902 ad

356 4938 508 4992 dubii
558 4937 882 4992 solutionem
929 4936 1226 4991 adducunt.
1269 4935 1478 4992 Etenim
1525 4953 1652 4992 cum
1690 4937 1805 4994 haec
1836 4954 1925 4994 se-

341 5041 479 5079 cum
518 5025 746 5079 invicem
780 5036 1184 5095 comparantur,
1220 5040 1401 5079 rerum
1437 5025 1645 5079 scilicet
1683 5027 1924 5091 nomina,

346 5129 410 5175 et
444 5135 507 5176 ea
540 5136 660 5190 qua:
703 5119 933 5191 logicam
981 5118 1034 5173 in
1076 5119 1255 5174 verbis
1302 5118 1662 5172 subtilitatem
1700 5118 1921 5185 habent,

349 5227 464 5267 non
491 5211 771 5283 minimam
799 5211 853 5265 in
873 5211 987 5280 ipsa
1009 5209 1312 5264 dill'erentia
1333 5213 1576 5261 mutuam
1609 5208 1922 5262 communi-

349 5303 623 5359 cationem
668 5303 927 5358 retinent.
963 5300 1134 5356 Verba
1166 5299 1312 5355 enim
1343 5297 1715 5367 singularibus
1759 5299 1922 5354 rebus

344 5397 555 5453 tributa
573 5405 622 5451 et
645 5395 925 5450 involvunt
949 5394 1049 5450 ista
1082 5391 1327 5454 nomina,
1355 5400 1409 5444 et
1432 5389 1565 5460 ipsis
1592 5389 1922 5456 innituntur,

2037 4483 2188 4552 ἰσχὺν
2215 4484 2313 4536 ούκ
2339 4483 2451 4554 ἔχει
2484 4485 2915 4552 διαϐιϐάζεσθαι.
2963 4491 3021 4545 '0
3047 4493 3103 4545 δὲ
3163 4495 3473 4567 ἄνθρωπος,
3509 4507 3610 4557 καὶ

2033 4574 2066 4640 ἡ
2097 4573 2471 4646 ἁνθρωπότης,
2507 4579 2599 4629 καὶ
2626 4579 2691 4648 δὴ
2723 4581 2815 4632 καὶ
2845 4583 2876 4652 ή
2917 4583 3138 4654 Θεότης,
3193 4589 3289 4641 καὶ
3317 4592 3346 4642 ὁ
3377 4593 3510 4656 Θεὸς
3541 4598 3606 4648 ού

2031 4664 2255 4735 λογικῆς
2279 4666 2396 4720 ἐστι
2428 4670 2818 4739 τεχνασμάτων
2864 4674 3244 4745 προϐλήματα,
3303 4682 3610 4756 ὑποκειμέ-

2029 4773 2122 4810 νου
2155 4757 2210 4810 δὲ
2239 4758 2560 4828 πράγματος
2597 4761 2836 4830 ὀνόματα
2869 4777 2885 4792 ’
2932 4763 3072 4835 πλὴν
3109 4769 3215 4821 κάκ
3238 4773 3428 4825 τούτου
3452 4777 3606 4832 ἐστιν

2029 4849 2150 4918 ἴχνη
2176 4849 2296 4901 τινὰ
2324 4848 2508 4904 λαδεῖν
2556 4851 2690 4922 πρὸς
2725 4853 2823 4925 τὴν
2857 4854 2956 4924 τῆς
3016 4858 3252 4930 ἀπορίας
3304 4861 3461 4918 λύσιν
3513 4873 3608 4924 ἐν-

2025 4937 2248 5004 ἀγοντα.
2281 4939 2388 4992 Καὶ
2413 4941 2520 5009 γὰρ
2542 4939 2793 5009 ἀλλήλοις
2822 4945 2995 4997 ταῦτα
3018 4949 3284 5014 συνιέντα,
3307 4955 3377 5008 τά
3404 4974 3468 5010 τε
3490 4961 3604 5013 τῶν

2027 5031 2370 5122 πραγμάτων
2394 5031 2656 5101 ὀνόματα,
2675 5035 2770 5086 καὶ
2799 5036 2944 5107 ἅπερ
2975 5038 3076 5107 τῆς
3115 5041 3340 5115 λογικῆς
3407 5049 3603 5122 ἐντρε..

2022 5119 2216 5217 ἔρεξας,Δ
2244 5123 2506 5217 τυγχάνει
2558 5125 2694 5217 πρὸς
2719 5127 2962 5197 ῥήματα,
3016 5133 3116 5184 ούκ
3163 5135 3353 5208 ὀλίγην
3404 5140 3466 5194 ὲν
3504 5119 3597 5217 *τῇ

2020 5211 2268 5283 διαστολῇ
2299 5214 2396 5284 τὴν
2414 5215 2547 5286 πρὸς
2571 5216 2771 5287 ἄλληλα
2789 5223 3073 5276 κοινωνίαν
3089 5225 3436 5292 ἀσπάζεσθαι
3457 5235 3547 5300 (είῖ

2021 5303 2340 5374 [lapte/pust
2367 5305 2473 5376 γὰρ
2497 5306 2566 5360 τὰ
2595 5308 2718 5361 καθ’
2737 5311 2941 5365 ἕκαστα
2963 5315 3055 5366 καὶ
3085 5317 3283 5383 ταῦτα,
3309 5323 3404 5374 καὶ
3433 5325 3600 5396 ὑπερ.

2037 5391 2242 5462 ίδρυται
2281 5395 2504 5464 τούτων,
2557 5400 2651 5453 καὶ
2681 5402 2817 5473 πρὸς
2842 5404 3028 5461 ἐκεῖνα
3051 5409 3288 5477 λέγεται,
3317 5414 3367 5467 εί
3402 5418 3498 5470 καὶ
3511 5391 3594 5491 μὴ

1850 5505 2056 5562 NOTAE
2067 5546 2082 5562 .

423 5602 534 5671 (46)
564 5599 699 5654 Vide
739 5615 806 5654 an
846 5596 1009 5651 scribi
1057 5595 1245 5652 debeat
1302 5596 1777 5670 ύπερκαινυμένῃ,
1842 5600 1922 5652 vel

345 5676 543 5729 saltent
572 5671 960 5741 ὑπερκειμένῃ.

2103 5601 2214 5690 (τίη
2242 5601 2492 5690 corrigas
2517 5608 2673 5690 velim
2711 5612 3034 5679 ἀσπάζεται.
3058 5617 3139 5674 vel
3167 5635 3228 5675 cx
3262 5625 3591 5690 praecelcnti

2029 5673 2249 5738 periodo
2283 5689 2527 5730 rcsntnus
2557 5677 2719 5734 ἔστιν.
2870 5673 2888 5679 ⁷
2999 5721 3004 5726 ς
