3864 6218
99 378 191 448 201
994 383 1092 442 AD
1121 380 1713 441 AMPHILOCHIUM
1775 378 2122 450 QU/ESTIO
2170 380 2409 438 xxvu.
3220 381 3336 443 902v

103 493 233 550 κατὰ
257 493 342 546 τὸν
365 491 550 561 ὅμοιον
570 489 790 563 τρόπον.
817 491 1002 562 Φαμὲν
1031 493 1138 564 γὰρ
1197 493 1498 562 Σωκράτην
1543 491 1646 559 φύσ
1676 493 1710 552 Α

1819 491 2024 560 nulquc
2064 489 2374 544 referuntur
2403 488 2471 542 ad
2525 490 2640 552 illa,
2688 490 2814 545 licet
2859 508 2965 546 non
3006 495 3194 548 eadem
3241 511 3329 548 ta-

105 605 200 652 σιν,
252 586 341 639 καὶ
386 580 545 651 εἶδος,
597 585 694 638 καὶ
748 588 983 656 μορφὴν,
1007 588 1055 638 εἰ
1107 586 1202 638 καὶ
1250 585 1326 656 μὴ
1356 585 1465 638 τῶν
1496 587 1554 637 ὲν
1583 587 1648 658 τῇ

1817 598 1921 636 me.
1948 582 2188 637 Dicimus
2217 583 2360 634 enim
2388 582 2670 637 Socratem
2698 592 2969 648 naturam,
2989 595 3044 637 et
3065 585 3326 655 speciem.

105 678 344 749 προτάσει
387 674 586 747 μερῶν,
643 674 832 745 ὥσπερ
878 678 936 729 ὲν
993 679 1114 740 ταῖς
1163 678 1422 743 φυσικαῖς
1459 678 1653 746 ὁρᾶται

1866 674 2119 738 formam,
2174 674 2387 729 etiamsi
2433 690 2540 728 non
2599 675 2862 730 alterutra
2941 679 3329 746 propositionis

107 771 311 839 φωναῖς,
345 767 605 839 ἑκάτερον
623 766 904 838 ὁμολόγως
933 767 1075 822 κατὰ
1120 768 1218 841 τὴν
1278 768 1650 838 ὀνομαστικὴν

1817 781 1904 829 ιτε,
1929 765 2387 835 quemadmodum
2418 765 2469 818 in
2494 766 2733 834 physicis
2761 766 3005 821 cernitur
3029 768 3327 829 vocabulis,

109 862 390 935 προάγεται
426 859 640 931 nam

1817 856 1946 910 idem
1998 865 2155 925 pacto
2209 858 2260 912 in
2311 857 2691 926 appellationis
2745 857 3066 914 conditione
3125 860 3330 929 produ-

172 1039 284 1092 Ἔτι
298 1038 354 1093 δέ
387 1054 566 1107 φαμεν
594 1037 686 1091 τόν
713 1054 772 1092 τε
804 1035 1110 1107 ἄνθρωπον,
1143 1035 1236 1088 καὶ
1283 1035 1340 1088 τὸ
1368 1034 1506 1100 ζῶον
1560 1033 1656 1086 λο-
1759 957 1938 1092 ωζὲ

111 1131 270 1200 γικδν,
300 1129 511 1199 θνητὸν,
543 1129 746 1183 ταυτόν
770 1144 787 1161 ο
820 1128 911 1182 ναὶ
945 1128 1042 1199 μὲν
1082 1127 1176 1180 καὶ
1233 1126 1294 1179 τὸ
1339 1126 1660 1195 γελαστικὸν

112 1222 334 1293 ἐκατέρῳ
361 1239 375 1255 ο
399 1222 460 1274 οὗ
484 1221 612 1291 μὴν,
642 1221 742 1274 ὅσα
763 1220 890 1291 περὶ.
921 1219 1037 1283 ἑνὸς
1066 1217 1270 1272 τούτων
1295 1217 1534 1286 λέγεται,
1567 1217 1661 1270 καὶ

113 1315 229 1384 περὶ
258 1311 362 1364 τῶν
390 1311 591 1364 λοιπῶν
623 1310 849 1364 δυνατόν
879 1312 1027 1363 ἐστιν
1068 1309 1265 1363 εἰπεῖν.
1301 1309 1375 1362 τὸ
1403 1310 1500 1379 μὲν
1554 1308 1663 1379 γὰρ

113 1407 230 1456 ἴδιον
289 1402 599 1474 ἀνθρώπου,
651 1402 712 1454 τὸ
738 1401 797 1456 δὲ
819 1403 964 1473 ὅρος,
1013 1401 1290 1470 οὐδέτερον
1322 1400 1376 1453 δὲ
1402 1398 1606 1452 τούτων
1637 1401 1664 1453 ό

114 1495 380 1562 ἄνθρωπος
431 1491 623 1563 ῥηθείη
684 1492 750 1546 ἂν
797 1492 1084 1561 ἀνθρώπου
1119 1508 1135 1524 ο
1187 1491 1363 1545 καίτοι
1411 1494 1554 1546 κατὰ
1606 1492 1666 1546 τδ

1828 1038 2096 1094 Praeterea
2153 1039 2386 1096 dicimus
2431 1040 2706 1094 bomnmn
2765 1050 2826 1096 .et
2867 1040 3074 1096 animal
3125 1041 3336 1095 ratione

1760 1131 2067 1201 praeditum,
2119 1140 2173 1186 et
2209 1133 2375 1188 morti
2421 1133 2723 1186 obnoxium
2800 1132 2944 1188 idem
3013 1147 3172 1197 esse,
3226 1132 3338 1185 imo

1763 1221 1929 1275 etiam
1975 1222 2176 1277 risibile
2212 1231 2503 1294 utrumque
2545 1241 2558 1276 :
2595 1239 2704 1278 non
2758 1235 2965 1288 tamen,
2999 1239 3340 1293 quacunque

1763 1314 1830 1370 de
1879 1316 2133 1383 quopiam
2186 1315 2378 1368 horum
2417 1314 2702 1378 dicuntur,
2753 1315 2819 1369 de
2849 1315 3078 1384 reliquis
3125 1329 3342 1384 quoque

1764 1415 1992 1478 possunt
2021 1407 2326 1460 enuntiari.
2362 1405 2477 1461 Hoc
2512 1405 2757 1474 profecto
2791 1405 3028 1460 hominis
3059 1405 3338 1473 proprimn

1765 1506 1868 1560 est,
1904 1496 2034 1550 illud
2071 1511 2199 1551 vero
2223 1497 2468 1551 delinitio
2503 1514 2516 1550 :
2555 1507 2810 1550 neutrum
2835 1504 3018 1549 tamen
3057 1497 3252 1548 horum
3289 1495 3342 1546 in

117 1583 334 1654 μάλιστα
345 1583 542 1636 ταυτὸν
569 1581 667 1652 τὴν
682 1581 988 1651 ταυτότητα
1013 1579 1446 1652 διεκληρώσαντο
1470 1581 1664 1635 ταῦτα.

1817 1587 1990 1662 ontine
2019 1588 2184 1642 homo
2234 1587 2540 1658 nuncupari
2582 1588 2738 1653 licet;
2773 1588 2876 1641 etsi
2909 1588 3024 1640 haec
3051 1589 3168 1647 uni,
3200 1587 3343 1654 quod

115 1677 249 1747 Πλὴν
275 1676 364 1728 τὸν
430 1674 720 1745 εἰρημένον
761 1674 891 1744 περὶ
937 1672 1033 1726 τοῦ
1087 1674 1400 1746 ἀνθρώπου,
1427 1676 1518 1726 καὶ
1567 1674 1668 1743 τῆς

1817 1678 1912 1732 lem
1953 1680 2177 1734 omnino
2228 1688 2334 1744 est,
2385 1679 2572 1734 eadem
2614 1679 2742 1734 sint.
2784 1677 3153 1748 Praeterquam
3200 1677 3343 1745 quod

115 1769 330 1837 φύσεως,
369 1766 578 1821 καὶτοῦ
624 1767 798 1830 εἴδους
823 1765 982 1834 λόγον
1027 1765 1308 1820 κάνταῦθα
1337 1765 1524 1819 λαϐεῖν
1552 1765 1668 1820 ἔστι

1817 1785 1952 1825 :rmo
1980 1770 2116 1840 ipse,
2143 1771 2234 1840 qui
2270 1769 2338 1824 de
2373 1771 2613 1835 homine,
2654 1779 2847 1823 natura
2921 1784 2987 1823 ac
3014 1768 3196 1838 specie
3263 1767 3346 1820 fa-

113 1861 200 1929 τὴν
224 1861 422 1914 τούτων
457 1859 636 1930 κρίσιν
665 1859 1082 1930 ἀναδεχόμενον.
1118 1859 1230 1912 Καὶ
1259 1858 1367 1928 γὰρ
1390 1861 1666 1928 ἀφαιρουο
1699 1845 1710 1900 Ι

1817 1877 1891 1917 μυε
1921 1872 2024 1926 est,
2057 1862 2145 1918 hic
2169 1878 2387 1931 quoque
2413 1862 2478 1916 ad
2522 1861 2793 1932 judicium
2815 1861 2884 1915 de
2912 1861 3033 1914 istis
3063 1859 3346 1914 ferendum

120 1952 278 2022 μένων
306 1952 406 2023 τῆς
434 1950 656 2021 λογικῆς
685 1951 878 2022 φωνῶν
909 1949 1110 2005 ταυτόν
1136 1951 1286 2004 ἐστιν
1315 1950 1548 2004 ἕκαστον
1575 1949 1677 2002 ἀλ-

1817 1953 2025 2023 surpari
2051 1962 2250 2024 potest.
2286 1951 2424 2006 Nam
2457 1953 2596 2007 idem
2620 1960 2726 2008 est.
2763 1951 2810 2005 si
2832 1951 3040 2021 logicas
3067 1963 3232 2004 voces
3256 1963 3351 2006 ex,-

121 2043 278 2114 λήλων
296 2043 405 2096 τῶν
435 2043 627 2115 τριῶν.

1817 2046 1966 2117 ιρίειε,
1994 2047 2138 2116 quod
2165 2061 2197 2101 a
2221 2046 2454 2117 singulis
2477 2046 2565 2101 his
2597 2045 2776 2100 tribus
2809 2043 3108 2099 indicatur.

193 2134 344 2190 Ἀλλὰ
381 2136 479 2188 ἐπὶ
508 2135 609 2205 μὲν
634 2135 743 2189 τῶν
770 2134 1076 2206 εἰρημένων
1103 2133 1398 2188 αἰτιάσαιτ’
1421 2135 1487 2190 ἄν
1509 2143 1597 2198 τις
1615 2134 1676 2188 τὸ

1853 2139 1974 2194 Jam
2001 2155 2129 2194 vero
2173 2139 2228 2193 in
2271 2139 2376 2203 his,
2402 2153 2525 2207 qua:
2562 2137 2704 2192 dicta
2755 2145 2904 2202 sunt,
2935 2135 3077 2190 dicet
3119 2132 3353 2188 fortasse

125 2224 414 2293 ἑτερογενὲς
447 2223 561 2276 τῶν
600 2223 792 2293 φωνῶν
824 2223 1282 2296 μεταρῤυθμίζων
1309 2226 1389 2287 εἰς
1411 2224 1473 2277 τὸ
1512 2223 1676 2277 εῦπο-

1817 2233 2075 2303 uispiam,
2115 2241 2174 2284 ut
2223 2229 2275 2283 in
2317 2225 2621 2297 perspicuis
2663 2226 2920 2281 tenebras
2957 2223 3245 2287 obtundat,
3287 2237 3353 2275 ex

127 2331 206 2387 ρον
229 2316 320 2382 τὴν
345 2314 601 2384 ἀπορίαν.
643 2315 766 2368 Ἐπὶ
788 2314 844 2368 δὲ
894 2315 987 2368 τοῦ
1026 2315 1402 2386 ῥηθησομένου
1456 2316 1509 2368 τί
1557 2316 1676 2371 ποτ’

1817 2327 1993 2382 eneris
2013 2323 2330 2379 diversitate
2371 2334 2593 2374 causam
2631 2317 3000 2373 distinctionis
3030 2329 3339 2383 erumpere.

127 2406 181 2459 iv
224 2409 369 2478 ὲρεῖς
414 2406 477 2460 ’0
529 2405 626 2477 μὲν
681 2407 790 2477 γὰρ
853 2405 1140 2475 ἄνθρωπος
1189 2407 1338 2460 ἐστὶν
1377 2407 1554 2473 οὐσία,
1585 2408 1681 2461 καὶ

1817 2428 1849 2472 ιι
1874 2419 1938 2474 ad
1967 2432 2052 2479 ea,
2077 2430 2199 2484 quae
2231 2411 2574 2482 adjiciemus,
2607 2408 2740 2479 quid
2771 2407 3040 2478 reponet?
3069 2405 3248 2460 Homo
3274 2405 3359 2458 ni,-

128 2496 283 2559 ζῶον*
340 2497 541 2552 ταυτὸν
591 2496 650 2550 δὲ
700 2497 759 2550 ὃν
805 2497 883 2566 τῷ
938 2496 1211 2568 ἀνθρώπῳ
1250 2498 1310 2549 τὸ
1335 2497 1679 2565 γελαστικὸν,

1817 2511 1980 2563 mirum
2013 2505 2316 2561 substantia
2367 2511 2422 2557 et
2441 2501 2640 2556 animal
2661 2511 2782 2555 est:
2821 2498 3025 2553 interea
3059 2497 3188 2550 licet
3212 2493 3355 2547 idem

129 2591 249 2659 Επερ
299 2589 414 2642 ἐστὶ
477 2587 709 2658 φυσικοῦ
767 2589 1092 2658 πράγματος
1123 2588 1296 2659 φωνὴ,
1347 2589 1471 2641 οὕτε
1503 2591 1680 2655 οὐσία,

1817 2605 1876 2667 it,
1901 2615 2064 2670 quam
2101 2600 2282 2659 homo,
2310 2592 2532 2657 risibile,
2563 2593 2708 2662 quod
2731 2591 2968 2662 physica:
2995 2588 3227 2643 actionis
3256 2598 3341 2640 εει

131 2680 238 2732 οὔτε
259 2680 393 2744 ζῶον
424 2680 494 2734 ἂν
525 2680 718 2749 ῥηθείη
748 2695 764 2710 ο
793 2681 916 2732 ἐπεὶ
945 2683 972 2733 ό
1034 2680 1320 2750 ἄνθρωπος
1375 2680 1568 2734 πολλαὶ
1619 2680 1686 2734 ἂν

1817 2706 2008 2754 ιυιιιοη,
2036 2689 2088 2741 iul
2117 2697 2296 2740 tamen
2353 2699 2527 2753 neque
2573 2680 2900 2745 substantia,
2949 2695 3126 2749 neque
3154 2678 3356 2732 animal

130 2771 302 2840 εἴησαν
329 2771 535 2836 οὐσίαι,
560 2772 654 2824 καὶ
683 2770 818 2836 ζῶα.
856 2771 1018 2823 Ὥστε
1048 2771 1146 2824 οῦκ
1198 2771 1258 2836 ἐξ
1285 2773 1532 2842 ἀνάγκης
1563 2771 1691 2824 ἒπε-

1817 2781 1972 2835 'ocari
2026 2777 2230 2832 debet:
2283 2775 2414 2844 quia
2464 2773 2648 2828 multae
2696 2770 3039 2833 substantiae,
3089 2770 3366 2839 multaque

138 2880 208 2916 ται
227 2863 435 2935 θατέρῳ
464 2863 574 2916 τῶν
599 2862 1023 2934 συναπτομένων
1047 2865 1112 2934 τῇ
1146 2863 1436 2933 ταυτότητι
1466 2863 1566 2916 ὅσα
1594 2863 1690 2916 καὶ

1817 2869 2042 2925 ιηὶιιιειὶιιι
2078 2869 2242 2919 Ιιοιιιο
2282 2872 2446 2918 esset.
2475 2862 2842 2929 Quamobrem
2894 2861 3128 2915 alterum
3163 2875 3368 2914 coeun-

132 2956 200 3024 τῷ
228 2957 392 3028 ἑτέρῳ
420 2957 756 3025 παρέπεται.
785 2957 817 3026 ἢ
845 2957 874 3008 ό
901 2955 1062 3024 λόγος
1085 2947 1239 3018 οὗτος
1269 2955 1556 3028 διορισμοῦ
1583 2957 1692 3008 δεῖ·

1819 2962 1928 3015 ium
1958 2961 2012 3012 in
2039 2959 2179 3012 idem
2207 2969 2310 3010 nOu
2338 2953 2647 3008 necessario
2685 2960 2992 3021 sequuntur
3027 2966 3387 3020 quaecunque-

139 3065 230 3103 ται.
258 3050 317 3102 Εἰ
349 3049 451 3118 μὲν
479 3049 587 3120 γὰρ
605 3048 924 3116 γελαστικὸν
957 3047 1132 3112 λέγων
1154 3065 1238 3111 τις
1265 3047 1366 3118 τὴν
1413 3046 1507 3099 τοῦ
1563 3047 1692 3100 ἰδίου

1817 3064 1847 3108 :t
1873 3055 2103 3106 alterum
2132 3048 2487 3110 comitantur,
2507 3045 2592 3099 vel
2619 3052 2769 3098 certe
2791 3042 3074 3098 distinctio
3097 3042 3150 3095 in
3176 3040 3370 3110 hujus-

135 3142 325 3196 ἔννοιαν
347 3143 644 3212 ἐνδέχεται,
672 3142 772 3195 οῦκ
799 3141 864 3193 ἂν
885 3140 1009 3194 οὗτε
1035 3139 1192 3204 ζῶον,
1218 3139 1340 3193 οὔτε
1369 3139 1524 3193 οῦσία
1540 3139 1695 3192 τοῦτο

1817 3145 1941 3200 nodi
1993 3155 2245 3197 sermone
2292 3138 2636 3199 adhibeatur,
2681 3141 2916 3204 oportet.
2949 3131 3005 3186 Si
3055 3131 3179 3202 quis
3225 3131 3368 3186 enim

137 3231 213 3302 εἴη
243 3246 258 3261 ο
285 3233 375 3286 aia“
411 3233 551 3288 αὐτὸ
584 3232 644 3285 τὸ
677 3231 1036 3301 ὑποκείμενον
1061 3230 1148 3284 διὰ
1184 3229 1291 3283 τῶν
1317 3230 1512 3299 φωνῶν
1565 3229 1696 3283 τού-

1817 3234 2002 3289 -isibile
2031 3233 2233 3290 dicens
2270 3227 2620 3298 proprietatis
2653 3227 2932 3280 notionem
2977 3222 3372 3282 consideraret,

135 3341 233 3376 των
264 3323 690 3395 παραδηλοῦσιν,
725 3324 823 3393 οὐχ
871 3322 1036 3394 ἕτερά
1064 3339 1207 3387 τιναι
1228 3321 1263 3376 δ’
1299 3321 1374 3392 μὴ
1442 3320 1701 3390 ἀπαρχῆἶ

1820 3343 1917 3382 nec
1942 3339 2118 3394 neque
2151 3321 2353 3377 animal
2398 3326 2564 3381 esset,
2606 3331 2785 3386 neque
2830 3315 3186 3370 substantia:
3225 3315 3370 3382 quod

141 3419 365 3488 ὑπῆρχεν
396 3417 617 3487 ἐκείνῳ,
667 3416 890 3486 προσέτι
941 3414 1236 3483 συνάγουσι
1271 3431 1284 3446 ’
1352 3414 1447 3468 καὶ
1499 3415 1700 3485 μᾶλλον

1817 3419 1847 3474 si
1881 3417 1972 3472 alii
2000 3418 2180 3485 ipsum
2211 3411 2520 3479 subjectum
2570 3423 2667 3478 per
2688 3407 2786 3461 has
2822 3419 2987 3460 voces
3010 3404 3174 3458 velint
3210 3402 3379 3458 deno-

140 3510 198 3562 ἂν
227 3512 410 3581 ἐπεῖχε
440 3508 631 3580 χώραν
689 3509 823 3579 μήτε
853 3507 1070 3575 λογικὸν
1117 3506 1256 3572 ζῶον
1307 3506 1510 3575 λέγειν,
1565 3509 1701 3578 μήτε

1817 3523 1939 3574 Lare,
1971 3521 2078 3560 non
2127 3503 2234 3558 alia
2279 3499 2551 3570 quaedam,
2585 3512 2709 3568 qua:
2753 3512 2784 3551 a
2815 3495 3105 3566 principio
3148 3493 3228 3548 illi
3270 3508 3379 3548 non

144 3601 290 3672 σῶμα
313 3616 328 3631 ⁶
369 3601 512 3654 ἀλλὰ
549 3599 684 3670 μηδὲ
711 3599 901 3652 οὐσίαν
928 3600 1194 3670 ὑπάρχειν
1238 3599 1330 3652 τὸν
1381 3599 1694 3672 ἄνθρωπον.

1817 3606 2040 3660 inerant,
2068 3594 2441 3664 superaddunt
2469 3610 2483 3646 :
2517 3599 2681 3659 atque
2713 3587 2767 3642 id
2793 3589 2978 3657 potius
2999 3585 3214 3655 copiam
3257 3584 3381 3640 adi-

144 3692 219 3745 ἵνα
245 3693 315 3764 μὴ
343 3691 590 3746 τοιοῦτον
617 3691 816 3762 πλῆθος
840 3691 1173 3762 ληρημάτων
1210 3693 1506 3762 Σωκράτην
1537 3709 1707 3746 κατα-

1817 3690 1908 3743 mit
1947 3685 2164 3742 dicendi
2191 3683 2468 3738 hominem
2501 3678 2704 3734 animal
2727 3693 2851 3734 esse
2877 3676 3163 3740 rationale,
3181 3690 3385 3745 corpus

143 3784 388 3855 ὶείψεται.
426 3783 579 3855 Πλὴν
605 3785 652 3837 εἰ
684 3785 777 3836 καὶ
804 3783 924 3836 καθ’
953 3784 1210 3853 ἑκάτερον
1248 3769 1410 3854 βέρος
1441 3785 1540 3852 τῆς
1563 3783 1703 3836 διαι-

1817 3778 1921 3830 imo
1950 3787 2003 3831 et
2046 3774 2430 3838 substantiam,
2465 3786 2534 3825 ne
2577 3779 2728 3824 tanta
2771 3769 3035 3824 tricarum
3090 3768 3385 3824 multitudo

147 3878 334 3947 ρὲσεως
359 3881 558 3949 ὀρεῖται
592 3877 664 3946 μὴ
696 3875 774 3946 τῷ
801 3875 971 3947 ἑτέρῳ
1012 3875 1373 3943 συνεπόμενα,
1406 3875 1441 3929 ἃ
1477 3875 1708 3930 συνόντα

1817 3870 2050 3926 Socratis
2079 3869 2255 3922 ideam
2305 3866 2573 3921 destruat.
2611 3861 2820 3931 Itaque,
2856 3860 3072 3915 tametsi
3124 3860 3180 3913 in
3219 3859 3400 3914 altera

144 3970 216 4038 τῷ
263 3971 431 4041 ἑτέρῳ
493 3968 841 4038 ὲγνωρίζετο,
894 3967 1046 4034 οὐδὲν
1074 3962 1238 4040 ἦττον
1269 3968 1298 4020 ὁ
1325 3968 1484 4035 λόγος
1509 3968 1701 4038 εῦρετο

1817 3975 1933 4018 utra
1962 3961 2249 4016 divisionis
2289 3967 2441 4028 parte
2476 3968 2821 4024 qutecunquc
2865 3953 3059 4006 adesse
3076 3949 3384 4017 deprehen-

151 4038 619 4132 σπουδαζόμενος·
673 4061 795 4114 οὐδὲ
848 4061 956 4129 γὰρ
985 4059 1038 4112 εἴ
1084 4038 1154 4129 με
1183 4059 1294 4127 (48)
1350 4059 1551 4122 πάντα,
1609 4060 1710 4112 ὅσα

1817 4053 2016 4106 duntur
2048 4049 2102 4103 in
2133 4049 2328 4108 altero,
2353 4047 2417 4099 ad
2449 4045 2682 4099 alterum
2710 4041 2984 4096 conﬂuere
3006 4055 3111 4094 non
3140 4038 3391 4093 animad-

148 4155 309 4207 ταῦτα
337 4153 658 4225 προῦκειτο,
677 4152 846 4216 δεῖξαι
874 4151 971 4222 τὴν
997 4150 1259 4222 διαφορὰν
1283 4149 1730 4220 ὲξοικειούμεναο·

153 4241 255 4295 ἀλλ’
283 4244 442 4315 ἢρκει
469 4242 550 4312 τῷ
569 4240 712 4311 λόγῳ
736 4239 1106 4311 παραστῆσαι,
1143 4238 1194 4290 εἴ
1241 4237 1360 4289 τινα
1385 4236 1498 4306 (49)
1523 4237 1581 4289 ὲν
1604 4237 1718 4298 τοῖς

152 4335 402 4399 τοιούτοις
425 4333 741 4404 λεγομένων
768 4333 824 4384 ἐν
849 4333 917 4402 τῇ
943 4331 1079 4402 πρὸς
1104 4328 1308 4400 ἄλληλα
1333 4327 1592 4398 κοινωνίᾳ
1617 4327 1716 4381 καὶ

154 4428 246 4499 τὴν
271 4429 575 4500 ἑτερότητα
603 4424 984 4490 διασώζουσιν.

225 4714 387 4766 Ὅσον
418 4711 465 4765 δ’
506 4711 572 4765 ἄν
599 4725 682 4771 τις
705 4724 826 4778 ερῃ,
858 4706 931 4767 ὼς
963 4703 1112 4757 οὐδὲν
1139 4702 1244 4754 τῶν
1265 4700 1728 4771 παραδειγμάτων

165 4805 236 4868 εἰς
264 4807 568 4874 ὁμοιότητα
592 4803 704 4863 τοῖς
737 4797 831 4852 ἀπ’
864 4797 1038 4867 ἀρχῆς
1072 4793 1439 4866 ἠπορημένοις
1474 4791 1732 4860 συνέρχε-

163 4915 268 4961 ται,
290 4898 416 4951 οὔτε
448 4897 582 4948 ἴδιον
610 4893 835 4963 θατέρου
865 4890 986 4944 θὰτε
999 4905 1109 4958 ρον,
1144 4884 1268 4939 οὔτε
1321 4884 1563 4954 ὁρισμὸς,
1591 4883 1729 4948 ἀλλ’,

168 4988 237 5051 ώς
272 4989 336 5042 ἂν
365 4989 517 5041 εἴποι
550 5002 654 5048 τις,
686 4983 924 5054 ὀνόματα
963 4977 1054 5031 δύο
1084 4976 1214 5046 περί
1256 4973 1315 5026 ἓν
1371 4969 1732 5042 ὑποκείμενον

169 5078 637 5151 ἀναστρεφόμενοι,
664 5075 740 5139 ώς
773 5073 996 5136 λώπιον,
1020 5067 1114 5122 καὶ
1159 5067 1395 5136 ἱμάτιον.
1444 5064 1570 5126 Πῶς
1620 5058 1736 5127 οὖν,

173 5169 349 5235 φασιν,
378 5171 438 5221 ὲν
473 5168 587 5227 σοῖς
619 5161 934 5234 προνομίοις
959 5159 1021 5211 τὸ
1049 5156 1237 5227 ἓτερον
1259 5157 1372 5216 τοῖς
1394 5153 1597 5216 αὐτοῖς,
1618 5151 1740 5221 οὐχὶ

176 5261 265 5314 καὶ
290 5260 522 5330 θάτερον
551 5255 1012 5324 ἐπιγινώσκεταις
1043 5245 1176 5302 Οἶδα
1230 5245 1328 5316 μὲν
1373 5240 1466 5297 οῦν
1517 5245 1574 5296 ὲν
1623 5245 1742 5304 ταῖς

1814 4151 2115 4206 vertantur,
2147 4155 2330 4194 sermo
2369 4148 2547 4192 tamen
2603 4150 2712 4188 non
2757 4134 2940 4187 minus
2967 4142 3260 4186 accuratus
3303 4131 3390 4185 in-

1819 4231 2035 4286 venitur
2066 4247 2078 4282 :
2130 4243 2230 4284 nec
2268 4226 2413 4281 enim
2452 4240 2593 4294 opus
2631 4231 2784 4284 erat,
2817 4231 2875 4276 ut
2913 4220 3120 4285 omnia,
3169 4235 3292 4286 quae
3321 4220 3392 4274 ita

1820 4337 1880 4378 se
1906 4321 2198 4382 habebant,
2224 4332 2410 4372 secum
2442 4315 2674 4369 invicem
2709 4310 3006 4368 convenire
3038 4308 3393 4364 ostenderen-

1822 4427 1959 4470 tur:
2003 4427 2192 4468 verum
2232 4409 2367 4464 satis
2404 4414 2543 4472 erat,
2599 4413 2659 4458 ut
2702 4418 2888 4458 sermo
2935 4403 3206 4472 proderet,
3251 4405 3394 4470 quol

1755 4516 1800 4571 1)
1829 4507 2006 4576 aliqua
2041 4516 2254 4566 eorum,
2275 4515 2394 4570 qum
2417 4496 2791 4568 proferuntur,
2817 4495 2870 4547 in
2896 4495 3010 4563 ipsa
3035 4501 3222 4546 mutua
3245 4509 3397 4546 com—

1833 4598 2094 4655 munione
2121 4595 2494 4650 diversitatem
2523 4604 2745 4660 quoque
2773 4596 3068 4642 retineant.

1904 4687 2068 4758 Atqui
2092 4687 2147 4741 id
2183 4693 2392 4740 tantum
2431 4689 2658 4751 reponat
2683 4679 2981 4751 quispiazn,
3011 4691 3154 4747 quoa
3195 4676 3398 4728 ιιιιιιυιη

1835 4797 1900 4836 ex
1961 4778 2211 4834 adductis
2256 4774 2522 4844 exemplis
2564 4789 2690 4828 cum
2763 4769 3041 4841 proposita
3101 4767 3406 4839 qutestione

1840 4871 2036 4927 habeat
2077 4867 2282 4937 aliquid
2327 4880 2654 4929 commune;
2715 4863 2916 4932 quippe
2962 4861 3014 4913 in
3069 4875 3133 4914 ea
3174 4859 3404 4912 alterum

1839 4962 2064 5018 verbum
2103 4973 2212 5014 non
2255 4967 2338 5011 est
2368 4955 2603 5020 ,‘alterius
2639 4951 2962 5023 proprietas,
3007 4949 3092 5004 vel
3138 4947 3404 5009 deﬁnitio,

1836 5052 1930 5108 sed
1955 5051 2060 5106 dici
2085 5058 2316 5120 possunt
2351 5047 2463 5101 duo
2491 5043 2733 5109 nomina,
2756 5057 2878 5114 qua:
2906 5042 3055 5098 circa
3085 5055 3256 5095 unum
3275 5038 3408 5094 sub-

1835 5145 2040 5214 jectum
2086 5148 2393 5202 versantur,
2445 5136 2606 5191 veluti
2685 5135 2858 5190 vestis
2911 5142 2966 5190 et
3010 5133 3410 5188 tndumentum.

1841 5233 2129 5302 Quomodo
2178 5232 2381 5300 itaque.
2457 5228 2734 5297 inquiunt,
2805 5226 2892 5281 his
2946 5226 3000 5280 in
3061 5233 3412 5281 antecessum

180 5311 509 5422 γυμνασίαις
532 5311 688 5416 λόγον
715 5311 1009 5415 εἰρημένον
1035 5311 1274 5392 τοιοῦτον
1302 5354 1318 5367 ·
1355 5336 1429 5398 ὡς
1457 5337 1485 5388 ὁ
1518 5333 1615 5402 μὲν
1648 5334 1710 5387 ἄν

1844 5325 2156 5382 constitutis
2199 5325 2454 5382 alterum.
2498 5330 2552 5376 et
2588 5336 2694 5374 non
2740 5319 2969 5373 alterum
3030 5317 3162 5387 ipsis
3214 5311 3414 5369 divinis

181 5443 416 5516 (‘pm1:0;,
449 5443 547 5496 καὶ
575 5443 610 5511 η
640 5439 732 5494 ἀνθ
744 5435 992 5509 ριυπότης
1011 5431 1070 5486 τὸ
1093 5429 1224 5484 αὐτὸ
1265 5428 1363 5499 μὲν
1388 5425 1746 5493 ὑποκείμενον

1858 5421 2105 5490 personis
2132 5417 2392 5472 tributum
2426 5412 2741 5468 invenitur?
2760 5409 2895 5466 Novi
2928 5410 3186 5464 nimirum
3212 5407 3266 5460 in
3291 5415 3417 5457 sco!

1691 5555 1921 5613 NOTE.

256 5729 368 5798 (58)
412 5729 523 5783 Pro
557 5725 768 5798 duabus
807 5721 925 5776 istis
959 5715 1163 5798 vnculis
1198 5709 1259 5798 το
1287 5707 1479 5798 $71,917}?-
1491 5701 1710 5798 inﬁmiin

1817 5698 2182 5770 reponendum
2215 5706 2380 5752 esset.

259 5782 368 5869 {id}
406 5782 486 5852 ita
512 5797 736 5850 omnino
768 5809 867 5863 pro
888 5809 938 5843 τι
977 5782 1320 5844 scribendum
1354 5789 1596 5831 autumo.
