3830 6210
368 370 476 438 203

1515 378 1780 440 PHOTII
1817 377 2321 439 PATRIARCHZE
2355 376 2466 436 CP.

3505 363 3622 433 204

371 489 584 544 lastiets
613 487 1098 544 exercitationibus
1131 490 1235 546 hoc
1269 492 1374 546 diei
1403 493 1645 560 solitum,
1669 495 1814 564 quod
1833 495 1934 549 sci-

2093 493 2319 566 ]λοῦσιν,
2373 488 2469 562 οὐχ
2501 489 2762 552 ὡσαύτως
2793 485 2848 541 δὲ
2894 479 3411 558 παραλαμϐάνονται
3443 507 3457 519 ο
3524 506 3627 541 και

369 583 497 638 licet
527 583 709 644 homo,
741 590 796 634 et
824 581 1134 636 humanitas
1164 583 1305 638 idem
1339 585 1579 639 i‘ndicent
1605 586 1932 654 subiectum;

367 673 460 726 sed
499 687 605 724 nou
650 671 842 724 eodem
883 683 1043 741 pacto
1081 675 1450 741 accipiantur;
1497 673 1660 742 idque
1705 673 1939 729 fortasse

368 775 422 815 tu
468 762 667 831 pariter
707 763 1049 815 memineris.
1102 762 1245 816 Sane
1299 778 1422 816 cum
1479 763 1753 817 hominem
1797 763 1938 817 dici-

368 871 510 917 lltllS,
546 865 793 908 naturam
843 855 1122 909 individuo
1164 856 1516 910 inhaerentem
1549 855 1934 925 intelligimus;

365 963 489 999 eum
519 961 647 1000 vero
672 946 1085 1008 humanitatem,
1116 947 1286 1016 ipsam
1321 948 1538 1017 quidem
1570 947 1808 1003 hominis
1839 962 1940 1001 na-

367 1048 569 1102 turam,
612 1037 708 1092 sed
767 1052 875 1091 non
925 1038 1300 1099 inhaarentem,
1343 1048 1400 1091 at
1437 1039 1654 1109 qualem
1708 1055 1863 1093 mens
1907 1053 1939 1092 a

369 1131 595 1183 materie
617 1129 950 1183 abstractam
984 1129 1281 1183 secundum
1313 1145 1373 1184 se
1402 1130 1734 1184 considerat.
1759 1129 1940 1195 Quare

369 1223 508 1276 idetn
537 1231 665 1276 sunt
699 1222 863 1275 homo
923 1229 977 1274 et
1006 1220 1343 1283 humanitas,
1373 1222 1468 1276 sed
1499 1221 1716 1275 modum
1762 1221 1935 1291 signi-

370 1314 562 1368 licaudi
586 1313 862 1366 diversum
899 1311 1140 1365 habent:
1167 1320 1536 1380 aeprOpIerea
1571 1326 1794 1365 necesse
1830 1327 1940 1365 non

369 1417 474 1470 est,
515 1415 574 1460 ut
629 1407 681 1459 in
727 1405 1151 1474 quibuscunque
1197 1405 1427 1458 alterum
1463 1402 1938 1468 animadvertitur,

371 1497 425 1550 in
462 1497 595 1565 ipsis
621 1496 993 1565 conspiciatur
1035 1505 1090 1550 et
1109 1496 1362 1550 alterum.
1389 1494 1578 1549 Modus
1607 1495 1752 1550 enim
1773 1495 1942 1564 signis

370 1588 565 1642 ﬁeandi
590 1589 644 1642 in
673 1589 872 1657 quibus
900 1588 1130 1642 invicem
1163 1596 1404 1640 mutatus
1433 1595 1537 1649 est,
1579 1587 1632 1640 iu
1662 1587 1730 1640 iis
1759 1596 1941 1640 muta-

370 1691 483 1734 tum
516 1694 733 1748 quoque
775 1678 1027 1748 loquendi
1063 1693 1222 1731 usum
1264 1677 1487 1732 reddere
1521 1676 1699 1731 debet.
1731 1675 1941 1731 Idcirco

368 1782 424 1824 et
471 1772 753 1825 Socratem
800 1779 946 1824 recte
984 1769 1259 1822 hominem
1317 1769 1685 1838 appellamus,
1728 1778 1785 1822 at
1829 1784 1938 1822 non

369 1871 628 1926 praeterea
670 1859 1086 1913 humanitatem.
1120 1857 1334 1912 Etenim
1376 1863 1734 1927 permutando
1763 1870 1936 1913 ennu-

369 1952 610 2006 tiationis
643 1949 930 2006 formulam
966 1952 1247 2006 Socratem
1284 1951 1452 2021 probe
1471 1951 1703 2006 dicimus
1734 1952 1935 2008 habere

369 2045 781 2109 humanitatem,
818 2060 883 2099 ac
932 2044 1000 2098 ab
1052 2045 1169 2113 ipsa
1209 2059 1296 2098 res
1319 2045 1384 2098 ad
1427 2045 1704 2100 individua
1761 2044 1933 2114 perti-

368 2131 577 2202 nentes,
627 2137 702 2190 uti
749 2145 803 2190 et
837 2137 907 2191 ab
936 2137 1160 2191 homine
1199 2135 1502 2201 contineri;
1551 2136 1825 2205 siquidem
1877 2135 1933 2190 in

367 2225 678 2294 hujustuodi
708 2227 958 2296 loquendi
981 2226 1156 2281 modis
1187 2227 1428 2295 ipsarum
1471 2241 1652 2280 rerum
1683 2225 1934 2280 identitas

364 2318 572 2371 servari
614 2317 846 2372 videtur.
872 2317 986 2373 Etsi
1009 2317 1192 2386 itaque
1217 2331 1322 2370 non
1347 2317 1646 2371 secundum
1679 2317 1929 2370 eumdem

365 2408 609 2473 modum,
640 2410 693 2463 in
725 2409 926 2480 quibus
961 2409 1125 2462 homo
1154 2409 1378 2473 dicitur,
1420 2409 1474 2461 in
1505 2407 1639 2476 ipsis
1674 2417 1850 2477 potest
1879 2418 1934 2462 et

365 2499 679 2556 humanitas
702 2502 946 2569 apposite
982 2501 1124 2567 dici;
1162 2500 1285 2569 jure
1317 2510 1498 2554 tamen
1541 2499 1809 2570 quispiam
1845 2500 1932 2554 di-

2042 587 2106 639 σὺ
2131 586 2174 637 δ’
2205 584 2272 638 ἂν
2309 584 2437 646 ἴσως
2467 581 2890 652 ἀναμνησθείης.
2983 580 3174 632 Ἡνίκα
3231 581 3330 649 μὲν
3362 579 3471 650 γὰρ
3521 581 3631 633 ἄν-

2039 673 2256 745 θρωπόν
2287 690 2487 742 φαμεν,
2535 671 2632 741 τὴν
2669 670 3214 740 ἐγκατατεταγμένην
3271 671 3336 740 τῇ
3374 667 3635 722 ὑποστά-

2041 778 2122 818 σει
2182 763 2344 832 φύσιν
2398 763 2724 833 λογιζόμεθα
2753 781 2766 795 ο
2795 763 2956 834 ήνίκα
3000 762 3464 833 δ’ἀνθρωπότητα
3521 763 3633 830 τὴν

2040 854 2209 924 αὐτὴν
2238 854 2336 924 μὲν
2361 851 2648 923 ἀνθρώπου
2681 852 2862 921 φύσιν,
2893 853 2955 906 οὐ
2987 853 3086 922 τὴν
3111 850 3619 921 ἐγκατατεταγμέ-

2039 965 2138 1018 νην
2173 947 2248 1010 δὲ,
2273 947 2388 999 ἀλλ’
2405 946 2470 1016 ἠν
2495 949 2522 998 6
2545 946 2669 1008 νοῦς
2702 945 2931 1016 ἐξαιρῶν
2957 947 3055 1016 τῆς
3073 946 3203 1017 ὕλης
3253 947 3376 999 καθ’
3412 944 3637 1015 ἑαυτὴν

2039 1038 2504 1109 πολυπραγμονεῖ.
2535 1037 2697 1090 Ὥστε
2727 1036 2921 1090 ταυτόν
2958 1037 3102 1090 ἐστιν
3126 1040 3153 1090 6
3177 1038 3492 1107 ἄνθρωπος,
3529 1038 3638 1089 καὶ

2040 1131 2073 1200 ἡ
2099 1129 2474 1199 ἀνθρωπότης,
2507 1130 2599 1182 καὶ
2628 1129 2826 1199 τρόπον
2883 1129 3069 1199 ἕτερον
3117 1127 3585 1200 παραλλάττοντα
3617 1141 3636 1157 ο

2039 1220 2119 1274 διδ
2146 1221 2247 1273 οὐκ
2281 1221 2601 1287 ἀναγκαῖον,
2628 1221 2772 1282 ὅσοις
2797 1219 3147 1289 ἐνθεωρεῖται
3171 1219 3231 1272 τὸ
3267 1219 3483 1290 ἕτερον.
3509 1220 3642 1280 τοῖς

2041 1313 2227 1375 αὐτοῖς
2274 1312 2503 1384 ὁρᾶσθαι
2529 1315 2624 1366 καὶ
2652 1313 2898 1380 θάτερον.
2926 1307 3022 1374 Οἷς
3045 1311 3154 1382 γὰρ
3181 1310 3428 1382 ἀλλήλων
3470 1327 3642 1377 παρ-

2041 1404 2325 1474 ήλλακται,
2385 1404 2848 1475 παρηλλαγμένην
2880 1404 3097 1466 πάντως
3143 1405 3234 1456 καὶ
3272 1404 3371 1473 τὴν
3425 1401 3643 1471 χρείαν

2040 1494 2363 1567 παράσχοιτ’
2389 1495 2472 1550 ἄν.
2509 1496 2599 1549 Διὸ
2627 1497 2720 1550 καὶ
2745 1497 3029 1566 ἄνθρωπον
3056 1496 3154 1565 μὲν
3207 1495 3443 1562 εὐλόγως
3518 1511 3643 1562 φα-

2043 1590 2143 1659 μὲν
2171 1589 2262 1642 τὸν
2291 1590 2609 1660 Σωκράτην,
2638 1589 3031 1660 ἀνθρωπότητα
3045 1589 3100 1641 δὲ
3127 1589 3224 1640 οὐκ
3257 1588 3357 1640 ἔτι.
3377 1587 3478 1640 Ἐν
3516 1586 3644 1655 γὰρ

2040 1681 2118 1751 τῷ
2151 1681 2581 1752 παραλλάττοντι
2614 1681 2713 1752 τῆς
2749 1683 3080 1752 κατηγορίας
3123 1679 3267 1751 ἔχειν
3305 1680 3498 1750 μέντοι
3526 1679 3644 1747 τὴν

2043 1773 2438 1844 ἀνθρωπότητα
2494 1770 2584 1826 τὸν
2617 1774 2913 1845 Σωκράτην
2977 1772 3208 1842 ἐροῦμεν
3239 1786 3254 1802 ·
3299 1772 3395 1824 καὶ
3448 1788 3642 1841 περι-

1970 1852 2009 1906 Β
2040 1865 2260 1936 ἔχεσθαι
2292 1867 2352 1918 τὸ
2382 1865 2501 1919 καθ’
2552 1866 2780 1919 ἕκαστον
2807 1865 2899 1919 ὑπ’
2933 1866 3122 1935 αὐτῆς,
3149 1863 3335 1932 ὥσπερ
3361 1864 3472 1916 ὑπὸ
3531 1862 3644 1916 τοῦ

2039 1954 2330 2024 ἀνθρώπου
2361 1973 2373 1988 ο
2408 1959 2466 2008 ὲν
2496 1957 2607 2018 τοῖς
2630 1954 2893 2019 τοιούτοις
2920 1957 3027 2026 γὰρ
3081 1955 3261 2008 αὐτῶν
3294 1955 3474 2006 ἐδόκει
3534 1955 3647 2006 καὶ

2041 2046 2375 2116 ἡταντότης.
2421 2047 2582 2100 Ὥστε
2610 2049 2658 2099 εἰ
2690 2048 2782 2100 καὶ
2813 2047 2888 2118 μὴ
2918 2047 3009 2099 τὸν
3058 2029 3220 2100 αὐτὸν
3258 2046 3490 2115 τρόπον,
3544 2037 3646 2112 ἐφ’

2039 2125 2113 2189 ὧν
2139 2138 2166 2190 6
2196 2134 2481 2208 ἄνθρωπος
2506 2138 2740 2205 λέγεται.
2768 2137 2855 2190 ἐπ’
2879 2137 3059 2189 αὐτῶν
3091 2136 3352 2206 ἁρμόζειν
3385 2134 3647 2188 δύναται

2040 2230 2133 2282 καὶ
2161 2229 2193 2299 ἡ
2225 2229 2602 2300 ἀνθρωπότης.
2647 2229 2806 2285 Ἀλλά
2864 2231 3218 2300 περιεκτικην
3245 2245 3303 2280 τε
3338 2223 3487 2280 εἶναι
3519 2226 3648 2278 τῶν

2038 2321 2255 2391 ἀτόμων
2286 2323 2546 2394 καθαρῶς
2575 2324 2638 2377 ἀν
2664 2341 2750 2386 τις
2787 2322 2886 2393 τὴν
2918 2322 3314 2392 ἀνθρωπότητα
3346 2318 3518 2388 φαίη,
3539 2321 3650 2371 καὶ

2039 2411 2182 2482 ἔχειν
2209 2414 2410 2485 ταύτην
2439 2415 2528 2468 τὸν
2557 2417 2874 2487 Σωκράτην,
2921 2416 3016 2468 καὶ
3070 2413 3394 2484 θεωρεῖσθαι
3444 2411 3649 2482 αὐτὴν

2038 2503 2103 2556 ὲκ
2133 2505 2241 2558 τῶν
2271 2507 2514 2575 ἀτόμων.

361 2600 445 2644 eet
470 2591 612 2659 quod
643 2601 698 2646 et
719 2591 994 2647 individua
1033 2591 1662 2658 contineathumanitas,
1706 2600 1760 2646 et
1805 2594 2200 2663 compleCIatur
2237 2598 2350 2654 lure
2393 2597 2692 2667 Socratem,
2731 2610 2894 2670 atque
2932 2601 3048 2670 ipsa
3087 2616 3150 2653 ex
3182 2598 3492 2653 individuis
3533 2599 3648 2652 ah-

360 2695 556 2741 rtracta
583 2687 766 2743 fuerit.

435 2782 601 2836 Porro
634 2782 772 2836 ratio
820 2781 1076 2850 loquendi
1124 2779 1193 2835 de
1228 2776 1571 2834 naturalibus
1608 2779 1674 2834 ad
1719 2778 1936 2836 solven-

359 2877 485 2930 dam
535 2875 602 2929 de
641 2874 807 2929 rebus
845 2884 1094 2928 naturam
1133 2872 1522 2928 excedentibus
1575 2873 1932 2942 quaestionem

359 2977 662 3037 opportuna
689 2975 796 3020 est.
835 2963 941 3019 Sed
969 2980 1090 3034 qua:
1123 2965 1385 3018 hactenus
1415 2964 1822 3018 euucleavimus
1847 2965 1936 3031 ju-

359 3074 560 3113 venum
593 3073 735 3122 esse,
768 3056 862 3126 qui
893 3057 946 3110 in
973 3056 1273 3110 dialecticis
1307 3055 1575 3125 palazstris
1610 3055 1789 3109 adhuc
1821 3054 1935 3106 lor-

360 3163 506 3207 tasse
549 3160 799 3214 currunt,
840 3150 1084 3204 nondum
1134 3157 1315 3203 autem
1365 3148 1430 3201 ad
1473 3147 1748 3210 bravium,
1788 3147 1934 3214 quod

362 3243 606 3297 veritatis
643 3241 851 3310 agnitio
903 3241 1092 3301 donat,
1137 3246 1524 3309 pervenerunt,
1570 3236 1936 3292 existimanda

363 3341 508 3388 sunt.
554 3331 839 3397 Quomodo
878 3332 1024 3385 enim
1063 3331 1376 3385 humanitas
1427 3340 1482 3384 et
1529 3330 1598 3384 ab
1643 3328 1937 3383 individuis

363 3422 724 3486 abstrahitur,
747 3430 801 3474 et
846 3421 915 3475 ab
957 3420 1092 3491 ipsis
1133 3408 1398 3475 habetur?
1439 3419 1726 3486 Quomodo
1752 3431 1936 3474 autem

367 3511 642 3567 individua
675 3513 944 3579 continet.
967 3512 1096 3566 dum
1128 3528 1235 3566 non
1267 3519 1446 3581 potest
1475 3511 1728 3565 omnibus
1753 3511 1937 3565 modis

363 3605 431 3658 de
456 3603 590 3673 ipsis
615 3603 934 3657 enuntiari?
963 3601 1175 3656 Habere
1200 3601 1463 3671 profecto,
1482 3611 1697 3666 etesse,
1720 3600 1937 3654 etiamsi

366 3697 516 3750 brevi
556 3697 857 3750 litterarum
895 3695 1156 3750 varietate
1193 3695 1418 3758 distent,
1467 3709 1716 3765 magnam
1751 3702 1933 3748 tamen

365 3804 545 3842 rerum
567 3789 935 3842 diversitatem
972 3789 1286 3856 important.

436 3881 672 3935 Facilius
704 3889 883 3934 autem
926 3879 1063 3934 [oret
1106 3879 1380 3946 objectum
1417 3879 1485 3932 ab
1521 3877 1800 3933 identitate
1840 3878 1938 3931 de-

362 3983 638 4044 sumptum
664 3973 891 4028 diluere:
908 3970 1597 4042 quandoquidem,etiamsi
1617 3970 1811 4024 demus
1837 3969 1924 4022 ho-

364 4066 565 4119 minem
606 4075 662 4119 et
695 4064 1086 4118 humanitatem
1123 4063 1264 4116 idem
1302 4078 1446 4124 esse,
1489 4061 1805 4116 necessario
1855 4069 1937 4112 ta-

363 4174 484 4212 tuen
518 4172 624 4212 non
663 4157 931 4224 sequitur,
971 4164 1032 4209 ut
1070 4156 1242 4208 altero
1281 4153 1576 4224 pra-dicato
1612 4153 1937 4222 pradicetur

361 4258 414 4300 et
439 4250 691 4300 alterum.
719 4245 975 4300 Socrates
991 4243 1134 4298 enim
1162 4243 1302 4297 idem
1322 4254 1407 4297 est
1452 4258 1517 4296 ae
1549 4243 1747 4306 homo;
1773 4241 1936 4294 modo

361 4339 592 4391 alterum
646 4340 709 4392 de
735 4338 906 4390 altero
946 4351 1054 4389 non
1105 4335 1422 4388 enuntietur
1452 4353 1464 4387 :
1501 4333 1702 4402 quippe
1733 4332 1800 4386 de
1832 4332 1937 4385 So-

362 4437 512 4482 crate
545 4429 710 4498 probe
744 4429 1070 4497 praedicatur
1093 4427 1276 4489 homo,
1310 4425 1404 4478 sed
1432 4440 1538 4478 nou
1572 4424 1701 4477 item
1733 4422 1934 4476 Socra-

364 4532 445 4575 tes
476 4519 915 4588 praedieatiouem
947 4517 1154 4570 homini
1186 4515 1400 4570 reddit:
1438 4513 1681 4583 profecto
1709 4513 1932 4578 dicitur,
1972 4554 2016 4608 υ

365 4611 619 4665 Socrates
647 4610 869 4678 quidem
899 4617 983 4662 est
1017 4609 1180 4660 homo
1208 4625 1221 4661 :
1266 4621 1374 4660 non
1405 4613 1612 4669 autem,
1653 4604 1818 4658 homo
1849 4613 1937 4658 est

364 4701 642 4753 Socrates.
674 4698 856 4764 Quare
885 4697 1102 4752 diﬂicile
1147 4713 1254 4752 non
1288 4705 1393 4761 est,
1427 4705 1489 4750 ut
1518 4696 1570 4750 in
1605 4694 1935 4765 quibusdam

363 4793 681 4848 nominibus
710 4791 1001 4848 diversitas
1033 4806 1158 4846 cum
1191 4789 1474 4846 identitate
1495 4789 1744 4860 prodeat.

434 4971 588 5038 Quod
607 4980 784 5026 autem
803 4970 1178 5040 exposuimus,
1193 4983 1317 5024 cum
1337 4982 1432 5038 per
1469 4965 1935 5037 comparationem

362 5067 691 5136 persuadere
727 5065 948 5129 nitatur,
967 5066 1033 5119 ad
1064 5065 1398 5134 propositam
1436 5064 1790 5132 qiuestionem
1823 5060 1933 5114 sol-

363 5158 847 5212 vendatneamdcm
863 5157 968 5210 vim
1005 5173 1111 5210 non
1126 5156 1348 5218 exserit;
1371 5155 1637 5225 siquidem
1672 5155 1723 5207 in
1755 5152 1932 5207 allatis

362 5249 624 5316 exemplis
639 5247 843 5317 aliquid
858 5263 1145 5301 commune
1161 5255 1263 5310 est,
1277 5245 1478 5315 aliquid
1491 5259 1618 5298 vero
1636 5243 1927 5312 peculiare:

363 5354 410 5394 al
431 5342 481 5393 in
498 5339 694 5392 divinis
707 5339 1199 5414 communicatione
1212 5352 1364 5407 aeque
1380 5335 1926 5406 gaudetalterutrum.

363 5436 624 5500 Quaenam
670 5431 836 5502 igitur
867 5431 1070 5486 solutio
1117 5431 1241 5497 erit,
1282 5445 1403 5498 qua:
1455 5429 1604 5482 omni
1654 5443 1720 5482 ex
1775 5439 1929 5497 parte

1802 5538 2030 5598 NOTAE.

433 5639 544 5706 (30)
608 5638 804 5692 Vocem
860 5638 1000 5690 hanc
1064 5647 1376 5708 corruptam
1443 5604 1684 5693 οἴκεον-ναι
1737 5636 1928 5708 codex,

360 5702 556 5776 quippe
601 5709 764 5762 habet
828 5709 941 5760 αντ’
970 5724 1150 5778 αγνηε
1183 5702 1246 5764 ac
1286 5709 1516 5765 fortasse
1572 5723 1671 5778 pro
1712 5707 1807 5776 οὐχ
1851 5702 1928 5768 ὡς

362 5779 718 5846 importunius
745 5790 886 5835 esset
919 5778 993 5842 ὡς
1026 5779 1144 5831 οὐκ.

2122 2783 2180 2838 Ὀ
2207 2781 2263 2837 δὲ
2293 2783 2385 2837 ἐπὶ
2452 2779 2550 2854 τῆς
2615 2777 2829 2850 φύσεως
2878 2776 3034 2848 λόγος
3066 2778 3284 2849 ἕτοιμός
3344 2779 3466 2830 ἐστι
3542 2762 3656 2832 καὶ

2038 2878 2168 2946 περὶ
2227 2875 2334 2928 τῶν
2400 2872 2690 2944 ὑπερφυῶν
2737 2871 2837 2942 τὴν
2875 2870 3288 2941 ἀμφισϐήτησιν
3352 2868 3654 2923 διαλύειν.

2049 2967 2212 3021 Ἀλλά
2237 2967 2308 3020 τά
2340 2967 2439 3036 μὲν
2468 2964 2751 3036 προσεχῶς
2778 2963 3068 3034 εἰρημένα,
3103 2960 3456 3030 σκιρτῶντων
3496 2960 3655 3020 ἴσως

2037 3057 2118 3112 ἔτι
2152 3059 2289 3130 μετά
2320 3059 2418 3120 τὰς
2445 3055 2793 3118 διαλεκτικὰς
2841 3053 3200 3122 παλαίστρας,
3231 3051 3384 3103 οῠπω
3410 3051 3471 3103 δὲ
3525 3051 3657 3104 τῶν

2038 3152 2118 3214 εἰς
2177 3149 2238 3202 τὸ
2291 3147 2543 3218 βραϐεῖον
2593 3145 2930 3214 ἀφιγμένων,
2964 3143 2992 3196 ὃ
3024 3141 3303 3213 χαρίζεται
3347 3141 3454 3209 τῆς
3495 3143 3658 3212 ἀλη-

2046 3241 2194 3302 θείας
2223 3243 2257 3310 ή
2291 3237 2618 3307 κατάληψις,
2647 3235 2943 3304 νομιστέον,
3010 3229 3134 3297 [Ῑῶς
3167 3233 3276 3303 γὰρ
3324 3234 3355 3303 ή
3408 3234 3658 3304 ἀνθρω-

2045 3335 2216 3404 πότης
2269 3334 2362 3386 καὶ
2403 3331 2663 3402 ἐξῄρηται
2708 3329 2818 3382 τῶν
2874 3329 3113 3398 ἀτόμων,
3167 3327 3262 3379 καὶ
3297 3326 3390 3379 ὑπ’
3438 3327 3659 3381 αὐτῶν

2044 3425 2259 3494 ἔχεται;
2293 3423 2414 3485 Πῶς
2443 3423 2500 3474 δὲ
2535 3420 2780 3491 περιέχει
2821 3418 3016 3483 ταῦτα,
3065 3417 3187 3487 μηδ’
3249 3416 3387 3479 ὅλως
3439 3417 3659 3470 αὐτῶν

2044 3515 2539 3586 κατηγορουμένη;
2595 3513 2667 3566 T6
2701 3513 2806 3582 γὰρ
2849 3511 3012 3580 ἔχειν,
3047 3510 3140 3562 καὶ
3187 3509 3248 3561 τὸ
3290 3505 3455 3568 εἶναι,
3531 3511 3660 3562 κᾶν

2043 3608 2387 3678 γραμμάτων
2416 3605 2681 3674 ἐναλλαγῇ
2742 3603 2968 3674 βραχεῖα
3019 3601 3310 3664 διίσταται,
3373 3602 3660 3672 μεγάλην

2044 3698 2390 3770 πραγμάτιον
2424 3695 2759 3765 ἀπαγγέλλει
2794 3694 3111 3765 ἑτερότητα.
3509 3706 3513 3708 ·

2116 3879 2227 3950 Τὴν
2253 3879 2297 3932 δ’
2332 3875 2440 3930 ἀπὸ
2477 3879 2576 3944 τῆς
2614 3874 2940 3943 ταυτότητος
2982 3869 3333 3940 καταδρομὴν
3399 3869 3662 3941 εὔχερὲ-

2047 3980 2236 4035 στερον
2260 3962 2602 4017 ἀναστέλλειν
2638 3961 2701 4014 ἂν
2732 3963 2817 4030 εἴη
2845 3977 2859 3990 ·
2900 3961 2998 4029 οὐχ
3028 3960 3102 4022 ὡς
3123 3960 3334 4027 ἀνάγκη
3374 3959 3499 4028 (50)
3532 3977 3659 4024 τις,

2044 4055 2201 4122 εἴπερ
2228 4053 2322 4106 καὶ
2355 4051 2473 4119 δοίη
2507 4051 2701 4104 ταυτὸν
2733 4049 3006 4121 ἀνθρώπῳ
3048 4047 3145 4118 τὴν
3195 4046 3657 4120 ἀνθρωπότητα,

2038 4141 2521 4219 ’κατηγορουμένομ
2548 4143 2641 4196 τοῦ
2667 4143 2855 4212 ἑτέρου
2901 4141 3083 4194 καὶτὸ
3129 4141 3314 4210 ἕτερον
3370 4157 3658 4212 κατηγο-

2044 4237 2271 4308 ρεῖσθαι.
2313 4237 2355 4287 Τ
2359 4236 2522 4288 ἀν’τον
2549 4235 2656 4304 γάρ
2682 4235 2710 4286 6
2763 4233 3057 4302 Σωκράτης
3083 4231 3162 4301 τῷ
3214 4231 3531 4302 ἀνθρώπῳ,
3571 4236 3662 4287 εἴ.

2043 4344 2148 4398 περ
2174 4329 2271 4398 οὐχ
2301 4327 2489 4398 ἕτερον
2517 4325 2704 4395 ὲτέρου
2733 4327 3144 4392 κατηγορεῖται.
3190 4321 3348 4375 Ἀλλά
3380 4324 3506 4393 γάρ
3542 4325 3654 4378 τοῦ

2044 4420 2365 4489 Σωκράτους
2404 4419 2504 4490 μὲν
2534 4417 2921 4485 κατηγορεῖται
2957 4414 3116 4484 δῆλον
3144 4415 3171 4466 6
3191 4412 3518 4483 ἄνθρωπος,
3540 4417 3659 4470 οὐκ

2043 4510 2124 4564 ἔτι
2150 4511 2205 4563 δὲ
2231 4513 2259 4563 ὀ
2301 4510 2599 4580 Σωκράτης
2659 4506 3053 4561 ἀνταποδίδωσι
3085 4505 3160 4574 τῷ
3192 4505 3484 4574 ἀνθρώπῳ
3539 4509 3657 4579 τὴν

2044 4601 2380 4673 κατηγορίαν
2414 4618 2429 4632 ’
2485 4600 2699 4668 λέγεται
2730 4599 2829 4668 μὲν
2871 4597 2980 4667 γάρ
3007 4599 3034 4650 6
3063 4597 3359 4667 Σωκράτης
3398 4597 3651 4669 ἄνθρω.

2043 4706 2164 4756 πος,
2209 4692 2312 4744 οὐκ
2363 4688 2527 4744 ἔτιδὲ
2556 4692 2583 4743 6
2616 4689 2900 4760 ἄνθρωπος
2943 4689 3260 4758 Σωκράτης.
3302 4687 3478 4741 Ὥστε
3534 4693 3655 4745 οὐκ

2041 4785 2246 4854 ἄπορον
2285 4785 2371 4837 ἐπ’
2399 4783 2554 4836 ἐνίων
2594 4783 2873 4852 όνομάτων
2904 4781 3081 4849 λέγειν
3113 4779 3485 4850 συμπροῖέναι
3539 4783 3654 4854 τὴν

2043 4877 2340 4947 ἑτερότητα
2366 4879 2430 4946 τῇ
2454 4876 2763 4945 ταυτότητι.

2128 4969 2288 5021 Ἀλλά
2324 4971 2440 5022 ἐστι
2499 4968 2610 5040 (51)
2650 4965 2834 5020 καὶτὸ
2887 4966 3050 5035 algoso
3097 4963 3651 5037 παραδειγματικὴν

2036 5059 2373 5128 πιθανότητα
2417 5058 2582 5130 φέρον
2613 5059 2675 5111 οὐ
2705 5058 2803 5127 τὴν
2829 5057 2999 5126 αὐτὴν
3022 5056 3175 5125 ἰσχὺν
3234 5054 3646 5124 προϐάλλεται

2035 5161 2149 5220 τοῖς
2205 5157 2264 5223 ἐξ
2294 5157 2468 5227 ἀρχῆς
2519 5155 2890 5226 ἠπορημένοις
2936 5154 3243 5222 παρασχεῖν
3274 5149 3375 5219 τὴν
3412 5150 3596 5204 λύσιν
3625 5171 3644 5186 ο

2037 5248 2132 5299 καὶ
2185 5247 2295 5316 γάρ
2353 5244 2588 5300 ἐνταῦθα
2634 5247 2695 5298 τὸ
2731 5247 2830 5316 μὲν
2894 5244 3094 5304 κοινὸν,
3144 5243 3205 5295 τὸ
3234 5243 3290 5295 δὲ
3323 5242 3436 5294 τῶν
3499 5246 3647 5298 καθ’

2034 5336 2264 5389 ἕκαστον
2297 5352 2312 5365 ·
2382 5337 2440 5388 ὲν
2493 5335 2722 5398 ἐκείνοις
2775 5334 2833 5388 δὲ
2892 5322 3288 5404 παραπλησίως
3345 5329 3646 5404 ἑκάτερον

2033 5427 2297 5484 ἀπολαύει
2323 5427 2422 5500 τῆς
2448 5427 2777 5498 κοινότητος.
2809 5426 2904 5491 Τίς
2942 5422 3036 5480 οὖν
3067 5427 3102 5497 ἡ
3146 5422 3502 5493 πανταχόθεν
3529 5428 3646 5478 καὶ

2110 5640 2221 5707 (51)
2285 5637 2518 5692 Verbum
2564 5637 2964 5707 substantivum
3017 5636 3177 5689 otiari
3225 5633 3463 5707 videtur,
3527 5648 3639 5692 aut

2036 5705 2134 5777 pro
2169 5705 2528 5778 προϐάλλεται
2557 5706 2958 5778 προϐάλλεσθαι
2989 5707 3272 5777 legendum
3299 5705 3424 5760 erit.
