3864 6218
186 331 288 394 2οὃ

1057 332 1157 390 AD
1183 333 1779 397 AMPHILOCHIUM.
1813 334 2156 406 QUt‘ESTIO
2195 335 2468 396 XXVIII.

3311 325 3420 388 206

187 443 542 514 πάσηςλαῦἧς
581 441 973 512 ἁνακεχὼρηκε
1008 441 1193 509 λύσις;
1229 444 1338 496 Καὶ
1372 445 1501 515 γὰρ,
1537 447 1620 498 ὅτι
1650 448 1728 517 μὲ,

1853 463 2014 501 omne
2043 449 2204 502 etiam
2232 448 2433 502 devitet
2465 445 2910 500 incommodum?
2938 443 3133 514 Aliquo
3159 442 3416 496 nimirum

184 539 241 590 οὐ
263 536 436 588 πάντα
467 534 537 587 τὰ
562 535 643 597 εἰς
662 534 860 586 ταυτὸν
888 534 1138 588 συνιέντα
1191 537 1332 589 κατὰ
1359 537 1536 589 πάντα
1562 555 1748 590 κοινω-

182 629 300 681 νοῦν
323 626 564 698 ἀλλήλοις
598 627 930 688 ἁπαιτείται,
958 625 1226 679 δέδεικται
1255 627 1456 698 τρόπον
1479 631 1625 682 τινά·
1657 631 1752 683 καὶ

182 724 262 774 ὅτι
289 721 320 790 ή
352 719 458 772 ἀπὸ
517 718 619 787 τῆς
676 718 986 788 ἀνθρώπου,
1032 721 1126 772 καὶ
1175 721 1274 790 τῆς
1331 721 1750 790 ἀνθρωπότητος

184 812 356 881 φωνῆς
384 811 773 881 προτεινομένη
802 812 996 881 χρῆσις
1027 811 1124 882 τὴν
1175 813 1232 864 ἐν
1261 814 1327 882 τῇ
1360 812 1608 882 θεολογίᾳ
1637 816 1750 867 δια-

181 905 289 956 λύει
311 902 443 974 ἔριν.
473 902 626 973 Τάχα
652 902 696 955 δ’
722 902 788 955 ἂν
814 903 906 956 ἐπὶ
929 902 1127 973 μέρους
1143 903 1224 955 ἔτι
1261 904 1410 973 μένει
1433 905 1492 957 τὸ
1523 905 1746 975 ζήτημα

183 997 270 1048 γαὶ
299 995 389 1047 τὸν
407 993 586 1064 ἔρωτα
601 994 709 1046 τῶν
735 995 1044 1063 φιλοσοφεῖν
1100 995 1453 1065 αἱρουμένων
1509 997 1745 1064 ἀναφλέ-

181 1102 326 1154 γειν·
383 1086 464 1138 ὅτι
517 1083 593 1156 μὴ
628 1085 805 1139 καὶτὸ
860 1085 1046 1138 λοιπὸν
1093 1088 1329 1158 συνορᾷν
1377 1089 1744 1158 χειραγωγίαν

179 1195 340 1249 ευρομ

241 1356 303 1408 Τί
329 1349 420 1408 οὗν
457 1356 576 1412 ἔστι
607 1358 805 1426 φάναι;
834 1359 899 1411 Τί
932 1358 989 1412 δὲ
1016 1358 1325 1431 σοφώτερον
1371 1359 1560 1430 ἕτερον
1601 1360 1740 1429 πρὸς

177 1445 268 1518 τὴν
294 1447 352 1511 ἐξ
379 1447 556 1517 ἀρχῆς
574 1450 832 1520 ἀπορίαν,
861 1451 893 1521 ἢ
920 1450 1054 1503 διότι
1078 1452 1110 1521 ἡ
1145 1452 1244 1520 μὲν
1296 1451 1430 1514 Θεὸς
1456 1452 1606 1522 φωνὴ
1639 1453 1739 1522 τήν

180 1557 234 1592 τε
261 1540 420 1608 φύσιν
445 1540 607 1593 εἴωθε
642 1541 855 1611 δηλοῦν,
882 1545 975 1595 καὶ
1003 1542 1111 1594 τῶν
1141 1541 1361 1612 ἀτόμων
1392 1543 1623 1596 ἕκαστον
1645 1543 1737 1594 οὐ-

173 1631 256 1684 δὲν
281 1630 498 1684 ἔλαττον
523 1631 734 1701 πέφυκε
770 1633 1055 1702 σημαίνειν
1077 1649 1091 1666 ο
1127 1635 1158 1704 ἡ
1188 1633 1242 1686 δὲ
1272 1632 1476 1702 Θεότης
1519 1651 1737 1703 σημαν-

175 1722 314 1774 τικόν
336 1739 412 1788 τε,
437 1724 536 1775 καὶ
563 1724 856 1794 δηλωτικὸν
888 1725 1058 1795 αὐτῆς
1080 1743 1141 1793 γε
1176 1727 1342 1798 μόνης
1371 1727 1472 1795 τῆς
1496 1726 1731 1795 φύσεως;

175 1814 258 1866 Διὸ
287 1816 629 1884 περιεκτικδν
665 1817 762 1885 μὲν
795 1817 1075 1887 ήΘεότης,
1117 1816 1305 1888 ὥσπερ
1345 1820 1439 1871 καὶ
1468 1821 1500 1887 ἡ
1550 1817 1731 1887 φύσις,

174 1906 384 1968 εἰκότως
414 1908 483 1960 ἂν
515 1907 705 1978 ῥηθείη
740 1909 846 1960 τῶν
873 1909 1222 1962 ὑποστιᾶσεων
1249 1926 1262 1938 ·
1308 1909 1427 1961 οὐδὲ
1449 1909 1506 1961 δὲ
1530 1909 1733 1977 Θεὸτης

172 1997 270 2048 τῶν
294 1997 383 2050 ὑπ’
404 2000 577 2068 αὐτῆς
604 2003 1014 2070 περιεχομένων
1074 2002 1189 2070 (καὶ
1247 2001 1354 2068 γὰρ
1389 2001 1510 2053 οὐδὲ
1548 2001 1730 2070 φύσις)

173 2088 377 2141 δύναται
409 2089 689 2157 λέγεσθαι.
735 2091 799 2143 Ἡ
827 2092 884 2143 δὲ
922 2093 1054 2152 Θεὸς
1097 2093 1271 2162 φωνὴ,
1324 2093 1516 2163 ὥσπερ
1573 2111 1733 2163 περι-

172 2180 437 2248 ληπτικὺν,
485 2179 628 2236 οὕτω
675 2183 738 2253 δὴ
793 2184 886 2236 καὶ
924 2184 1221 2254 δηλωτικὸν
1277 2185 1384 2237 τῶν
1438 2185 1731 2256 ὑπερφυῶν

173 2271 510 2327 ὑποστὰσεων
544 2290 559 2304 ⁶
593 2275 672 2326 διὸ
711 2275 807 2344 καὶ
857 2275 1166 2340 ἀκολούθως
1219 2278 1248 2330 ὁ
1291 2277 1450 2347 λόγος
1496 2277 1730 2332 ἕκαστον

170 2362 267 2415 τῶν
292 2364 454 2434 τριῶν
478 2364 614 2418 Θεὸν
640 2365 928 2437 ὀνομάζειν
956 2367 1269 2421 ἐπίσταται.

233 2625 290 2680 Εἰ
304 2627 357 2680 δέ
382 2646 469 2691 τις
500 2629 677 2682 αἰτίαν
704 2631 1109 2699 νεανιευόμενος
1137 2633 1405 2704 ἐπιζητεῖ,
1435 2637 1488 2690 τί
1509 2637 1572 2708 δή
1598 2655 1727 2691 ποτε

170 2719 199 2786 ἡ
224 2718 314 2787 μὲν
341 2720 700 2790 ἀνθρωπότης
720 2722 820 2790 τὴν
847 2721 1030 2790 φύσιν,
1058 2725 1085 2777 ὁ
1115 2725 1172 2777 δὲ
1200 2725 1486 2796 ἄνθρωπος
1512 2729 1607 2781 καὶ⁹
1639 2731 1728 2798 τὴν

169 2807 333 2872 φύσιν,
368 2809 465 2861 καὶ
501 2807 561 2860 τὸ
585 2808 706 2862 καθ’
734 2810 937 2863 ἕκαστα
979 2813 1186 2880 πέφυκε
1232 2813 1458 2884 δηλοῦν⁹
1505 2817 1726 2887 λέληθεν

168 2897 340 2950 ἑαυτὸν
382 2900 441 2952 ἐν
495 2898 574 2966 τῷ
601 2899 840 2967 νομίζειν
886 2900 1077 2967 σοφίας
1110 2901 1375 2970 ὑπόληψιν
1409 2902 1604 2973 Θηρᾷν,
1645 2907 1726 2967 εἰς

168 2986 389 3054 ἀμαθίαν
432 2988 785 3059 ἐκφέρεσθαι,
823 2989 994 3058 ἀρχᾶις
1043 2989 1317 3060 ἐπιζητῶν
1371 2991 1476 3045 τῶν
1519 2994 1722 3066 ἀρχῶν,

167 3081 250 3131 καὶ
297 3079 400 3132 τῶν
451 3080 712 3132 ἀναιτίων
771 3082 1022 3134 ἀπαιτεῖν
1061 3083 1238 3146 αἰτίας
1293 3083 1718 3155 ὑποσυρόμενος.

177 3171 321 3225 Ἀλλὰ
357 3171 536 3226 ταῦτα
577 3173 674 3243 μὲν
702 3174 729 3226 ὁ
755 3170 1127 3245 κεφαλαιώδης
1153 3171 1246 3225 τοῦ
1278 3173 1434 3245 λόγου
1461 3175 1650 3243 τύπος.

679 3375 1015 3428 ΕΡΩΤΗΣΙΣ
1052 3378 1186 3430 KH'.

161 3465 220 3517 El
268 3465 369 3537 τοῦ
420 3467 614 3537 αὐτοῦ
668 3469 860 3520 alt/0v
906 3469 1180 3534 πρόεισιν
1225 3474 1259 3524 ὁ
1327 3470 1459 3537 Υἱὸς
1508 3472 1606 3526 καὶ
1652 3471 1721 3527 τό

229 3536 482 3610 arentia,
522 3536 650 3610 πῶς
695 3538 831 3610 οὐχί
867 3543 982 3610 τὴν
1026 3539 1144 3610 τῶν
1177 3536 1459 3610 ἀδελφῶν
1502 3541 1718 3596 ἀναδέ-

228 3607 421 3682 (foueat
444 3607 704 3682 κλῇθρ’,
726 3607 837 3682 μκαὶ
868 3608 983 3675 τὴν
1001 3609 1107 3662 τοῦ
1142 3612 1277 3666 ΥΙοῦ
1310 3607 1717 3682 εἰροσηγορίαν

228 3676 469 3731 ὑπέλθοι
499 3676 566 3730 τὸ
593 3677 834 3746 Πνεῦμα
857 3694 876 3742 ;

1855 549 2014 606 pacto
2044 545 2323 591 ostensum
2357 547 2457 601 est,
2493 535 2635 604 quod
2679 550 2786 588 non
2829 534 3031 598 omnia,
3060 547 3182 602 qua:
3225 530 3418 584 eodem

1854 627 2101 690 redeunt,
2151 635 2397 681 mutuam
2447 629 2500 681 in
2551 625 2822 680 universis
2871 623 3417 678 communicationem

1850 727 2146 788 exposcam
2171 736 2186 782 ;
2210 729 2263 773 et
2293 720 2435 788 quod
2474 733 2669 771 vocum
2703 716 2938 770 hominis
2982 725 3037 769 et
3063 713 3419 768 hmiianitatis

1849 810 2130 878 expositus
2154 827 2288 864 usus
2331 810 2550 864 dirimat
2581 811 2636 864 in
2677 810 2842 862 rebus
2865 808 3064 862 divinis
3102 815 3418 859 controver-

1849 900 2008 954 siam.
2039 901 2288 955 Protinus
2336 903 2519 970 itaque
2549 900 2779 970 quaestio
2823 914 2886 953 ex
2912 913 3020 952 una
3055 895 3234 950 adhuc
3267 905 3419 964 parte

1846 992 2127 1046 enodanda
2155 1001 2422 1061 superest,
2454 1002 2508 1047 et
2529 991 2858 1048 desiderium
2888 1003 3079 1044 eorum
3123 990 3215 1057 qui
3245 987 3418 1057 philo-

1843 1083 2060 1152 sophari
2090 1084 2335 1152 cupiunt,
2388 1083 2686 1138 accendere
2712 1100 2725 1148 ;
2750 1083 2878 1153 quia
2924 1081 2977 1136 id
3002 1095 3239 1149 quoque,
3272 1081 3416 1148 quod

1842 1178 2087 1247 iniquum
2125 1188 2230 1245 est,
2264 1179 2506 1234 nonduin
2539 1194 2638 1233 sua
2664 1179 3048 1234 euucleatione
3077 1175 3240 1246 potiri
3264 1175 3416 1229 vide-

1841 1277 1950 1320 ltil'.

1910 1355 2178 1421 Quidnam
2211 1366 2293 1412 est
2323 1371 2453 1428 ergo
2481 1357 2816 1412 dicendum?
2847 1355 2914 1409 Et
2961 1355 3222 1424 quidnam
3264 1349 3413 1405 aliud

1839 1448 2009 1516 magis
2040 1449 2107 1502 ad
2138 1450 2494 1519 quteSIionem
2525 1449 2859 1518 propositam
2893 1447 3233 1515 facit,.quam
3266 1444 3414 1512 quod

1836 1555 1899 1592 et
1929 1555 2014 1604 eo,
2042 1542 2169 1610 quia
2213 1557 2319 1595 vox
2365 1540 2506 1596 Deus
2537 1551 2590 1594 et
2639 1545 2886 1595 naturam
2933 1539 3240 1607 exprimere
3283 1551 3413 1590 con-

1836 1633 2045 1696 suevit,
2103 1644 2158 1687 et
2217 1633 2285 1687 ad
2351 1647 2795 1702 unamquamque
2857 1643 3212 1701 personarum
3269 1627 3412 1680 iudi-

1836 1724 2061 1777 caudam
2097 1741 2203 1778 non
2228 1725 2409 1777 minus
2455 1733 2756 1793 opportuna
2797 1731 2879 1776 est
2914 1740 2927 1776 :
2969 1736 3072 1775 vox
3107 1728 3290 1773 autem
3325 1717 3414 1770 Di-

1840 1815 2036 1868 viuitas
2093 1815 2295 1870 indicat
2365 1815 2732 1883 exprimitque
2800 1814 2974 1882 ipsam
3033 1807 3412 1865 tantummodo

1836 1916 2086 1960 naturam
2116 1923 2130 1971 ;
2162 1906 2366 1960 idcirco
2395 1906 2676 1970 divinitas,
2716 1913 2776 1959 ut
2809 1916 2861 1958 et
2899 1911 3114 1969 natura,
3147 1916 3411 1972 personas

1835 1981 2116 2050 continere
2146 1997 2340 2050 merito
2374 1996 2482 2050 dici
2516 2003 2739 2065 posset:
2775 2002 2832 2048 at
2868 2009 2974 2048 non
3009 2001 3186 2062 potest
3210 1990 3412 2044 Divini-

1837 2091 1920 2136 tas
1963 2085 2186 2153 (quippe
2233 2098 2300 2136 ne
2345 2084 2460 2152 ipsa
2513 2084 2734 2153 quidem
2782 2084 3005 2149 natura)
3051 2081 3119 2135 de
3155 2077 3410 2149 personis

1833 2190 1970 2243 quas
2011 2176 2270 2238 continet,
2309 2175 2612 2229 enuntiari.
2659 2172 2774 2227 Vox
2807 2183 2985 2226 autem
3029 2172 3192 2234 Deus,
3220 2177 3411 2238 utpote

1832 2268 1960 2338 quia
1989 2283 2093 2320 non
2139 2269 2300 2320 modo
2328 2269 2476 2335 ipsas
2515 2281 2778 2336 personas
2820 2265 3240 2334 angustissimas
3273 2277 3408 2316 con-

1831 2361 1984 2423 tinet,
2016 2359 2111 2412 sed
2146 2366 2201 2411 ct
2230 2360 2447 2412 easdem
2476 2357 2756 2426 exprimit,
2791 2356 2911 2410 ideo
2939 2354 3316 2424 consequitur,
3349 2362 3410 2408 ut

1831 2449 1884 2502 in
1920 2463 2167 2502 sermone
2191 2449 2492 2517 quamlibet
2519 2447 2682 2502 trium
2741 2447 3104 2517 bypostaseon
3133 2445 3408 2513 possimus

1829 2539 1997 2595 Deum
2023 2555 2358 2610 nuncupare.

1898 2632 2051 2698 Quod
2080 2632 2125 2686 si
2152 2633 2274 2702 quis
2304 2640 2570 2686 monstrat
2609 2633 2789 2686 denuo
2817 2647 2875 2686 se
2924 2630 3200 2701 inquirere
3234 2627 3405 2682 ratio-

1827 2739 1974 2785 nem,
2005 2739 2101 2777 cur
2127 2723 2437 2777 humanitas
2469 2732 2740 2784 naturam,
2771 2723 2936 2777 homo
2965 2731 3151 2776 autem
3182 2729 3290 2773 tam
3313 2733 3408 2772 na-

1829 2821 2004 2866 turam
2052 2829 2213 2880 quam
2259 2812 2595 2886 individuum
2641 2811 2979 2882 signiﬁcandi
3018 2811 3124 2865 vim
3166 2809 3404 2862 habeat:

1829 2902 1916 2957 hic
1942 2905 2182 2957 nondum
2222 2904 2396 2956 sensit
2432 2919 2570 2964 sese,
2605 2902 2734 2956 dum
2787 2902 3066 2971 sapientizc
3091 2899 3404 2968 Opinionem

1826 2995 2013 3048 venari
2049 3003 2224 3063 putat,
2263 2995 2314 3047 in
2344 2993 2628 3047 stultitiam
2657 2993 2920 3057 incidere,
2949 2992 3075 3061 quia
3107 2989 3406 3060 principio-

1827 3102 1942 3140 rum
1966 3085 2232 3154 principia
2265 3094 2557 3149 scrutatur,
2595 3092 2648 3138 et
2672 3099 2883 3145 eorum,
2906 3099 3026 3152 qua:
3047 3095 3265 3137 causam
3291 3095 3402 3134 non

1831 3177 2051 3237 habent,
2079 3191 2271 3231 causas
2298 3184 2465 3231 tentat
2493 3176 2780 3247 expiscari.
2814 3177 2994 3245 Atque
3025 3175 3138 3229 btnc
3165 3173 3401 3227 sermoni

1830 3269 2235 3338 compendiario
2261 3270 2393 3322 satis
2415 3277 2579 3322 erunt
2604 3268 2737 3338 (52).
2999 3271 3004 3274 ’

2109 3380 2434 3446 quasue
2468 3380 2684 3436 xxvnl
2720 3379 2818 3453 [αι.
2852 3379 3091 3452 xxvu].

1828 3473 1889 3528 Si
1930 3490 1994 3526 ea:
2030 3473 2210 3526 eodeni
2262 3474 2517 3542 principio
2567 3472 2742 3526 Filius
2791 3490 2853 3526 ac
2910 3473 3140 3542 Spiritus
3187 3483 3401 3527 sanctus

1899 3545 2183 3612 procedunt
2242 3541 2502 3612 quomodo
2559 3559 2652 3596 nec
2705 3541 2958 3612 fratrum’
2999 3541 3401 3612 appellationem

1897 3614 2177 3722 accipiept,
2209 3611 2300 3666 nec
2350 3611 2482 3665 Filii
2533 3611 2718 3667 nomen
2768 3611 3002 3681 Spiritus
3041 3611 3256 3668 sanctus
3309 3629 3402 3667 ac-

1901 3693 2069 3722 nun-pl

1901 3693 2070 3754 quiret
2091 3693 2104 3738 Ξ

980 3789 1115 3842 Edita
1138 3790 1198 3841 ab
1223 3793 1336 3843 Ant.
1373 3794 1562 3854 Scotto,
1598 3795 1633 3843 l.
1658 3806 1724 3855 c.,
1761 3809 1808 3857 p.
1837 3794 1915 3843 26.
1943 3795 2226 3857 Dogmatica
2248 3794 2311 3843 de
2331 3794 2594 3844 Trinitale.

239 3895 297 3949 Ἠ
323 3897 418 3966 μὲν
443 3897 692 3966 πρόοδος,
723 3891 768 3951 ὦ
801 3899 1060 3970 βέλτιστε,
1087 3901 1202 3972 ἅμα
1236 3920 1294 3954 τε
1318 3904 1411 3957 καὶ
1445 3903 1724 3958 ἀδιαστά-

165 4005 266 4054 τως
293 3991 307 4021 ⁸
340 3991 401 4043 ἐκ
427 3990 523 4044 τοῦ
567 3992 778 4062 Harp-5;
823 3993 902 4060 τῷ
942 4010 1002 4045 τε
1035 3994 1168 4064 mp,
1200 3995 1295 4048 καὶ
1337 3996 1412 4062 τῷ
1443 3995 1721 4065 Πνεύματι

165 4079 498 4149 οεολογείται.
533 4083 719 4144 Οὐδεὶς
763 4083 806 4135 δ’
837 4083 1133 4150 ἀναγκάσει
1173 4084 1331 4152 λόγος
1368 4087 1448 4147 εἰς
1488 4085 1588 4155 τὴν
1624 4084 1720 4138 τοῦ

164 4169 284 4224 Υξοῦ
316 4175 643 4242 μεταπεσεῖν
676 4175 1066 4244 προσηγορὶαν,
1094 4176 1127 4246 ἢ
1151 4174 1248 4246 τὴν
1268 4176 1562 4246 ἀδελφικὴν
1586 4179 1720 4231 ἀνα-

163 4260 400 4326 δέξασθαι
435 4265 651 4333 σχέσιν·
694 4264 774 4317 ὅτι
831 4265 967 4336 μηδὲ
1020 4265 1081 4317 τὸ
1127 4266 1652 4332 ἀνάπαλιν-ἐννοεῖν,
1685 4267 1718 4335 ἢ

1895 3903 2178 3959 Processio
2198 3919 2226 3957 a
2253 3904 2434 3967 Patre,
2458 3903 2661 3973 Optime
2689 3903 2788 3963 vir,
2819 3901 3040 3971 pariter,
3063 3915 3128 3956 ac
3143 3903 3257 3954 sine
3283 3918 3405 3955 con-

1827 3997 2079 4048 troversia
2113 4003 2163 4049 et
2198 3996 2264 4051 de
2294 3994 2450 4061 Filio,
2485 4005 2538 4049 ct
2581 3995 2648 4049 de
2682 3993 2891 4064 Spiritu
2927 4002 3117 4047 sancto
3159 3993 3212 4045 in
3249 4007 3399 4047 sacra

1824 4086 2069 4140 doctrina
2091 4087 2404 4140 enuntiatur
2429 4102 2443 4138 :
2473 4086 2654 4139 nullus
2679 4095 2858 4138 tamen
2881 4083 3181 4138 insinuabit
3199 4098 3398 4146 sermo,

1825 4179 1966 4247 quod
2007 4179 2059 4232 in
2093 4179 2214 4231 Filii
2245 4193 2440 4232 nomen
2493 4175 2730 4245 Spiritus
2775 4185 2991 4229 sanctus
3033 4173 3256 4237 incidat,
3306 4184 3402 4230 aut
3452 4192 3454 4195 ·

1826 4271 1971 4339 quod
1999 4271 2294 4324 fraternam
2324 4269 2580 4338 suscipiat
2603 4267 2968 4322 conditionem
2991 4283 3006 4319 :
3032 4267 3286 4333 quoniam
3311 4281 3400 4320 ne-

161 4352 346 4420 λέγειν,
371 4355 444 4418 ὡς
474 4357 502 4408 ὁ
533 4356 658 4419 Υἱὸς
679 4359 756 4419 εἰς
782 4358 844 4408 τὸ
869 4359 1196 4428 ὲκπορευτδν
1227 4361 1442 4427 μέτεστι
1474 4360 1717 4430 Πνεῦμα,

1842 4376 1932 4430 ιιιθ
1965 4370 2152 4416 contra
2181 4361 2491 4414 existimare
2536 4374 2826 4428 possumus
2848 4398 2862 4422 ,
2892 4365 2984 4410 aut
3025 4357 3224 4422 dicere,
3256 4357 3400 4425 quod

163 4441 308 4514 ἦτὴν
355 4446 567 4499 ἐκείνου
617 4447 804 4516 σχέσιν
838 4447 1170 4512 ἐξιδιώσατο.
1210 4449 1370 4502 Ἀ).λὰ
1417 4450 1592 4504 ταῦτα
1625 4451 1727 4519 μὲν

162 4532 374 4599 ἕκαστος
403 4537 514 4590 «Tw
539 4537 663 4592 νοῦν
689 4538 832 4611 ἔχειν
860 4537 1176 4608 ἠξιωμένων
1205 4541 1441 4608 Χριστοῦ
1471 4542 1563 4594 καὶ
1589 4559 1724 4612 φρο-

162 4629 283 4690 νεῖν,
319 4630 412 4682 καὶ
443 4629 714 4684 διδάσκειν
762 4631 955 4696 ἄλλους
1013 4633 1229 4702 ἕτοιμον
1278 4634 1578 4704 παρέχεται
1623 4636 1723 4706 τὴν

161 4717 327 4786 χάριν.
355 4722 428 4774 Οὐ
468 4721 577 4792 γὰρ
605 4723 740 4776 διότι
768 4725 835 4777 ὲκ
861 4725 955 4777 τοῦ
989 4725 1152 4778 αὐτοῦ
1184 4725 1556 4793 Θεολογοῦνται
1585 4744 1722 4799 προ-

158 4807 308 4875 ἷὲναι,
339 4811 373 4882 ἢ
405 4814 486 4876 εἰς
521 4815 746 4883 υίότητα
773 4813 836 4867 τὸ
868 4815 1096 4885 Πνεῦμα
1132 4815 1580 4887 συνδιαστήσεται
1621 4819 1722 4885 τῆς

1823 4452 1989 4506 Filius
2020 4452 2072 4506 in
2113 4450 2378 4522 Spiritum
2414 4459 2665 4506 sanctum
2708 4449 3097 4519 procedentem
3138 4456 3397 4514 mutetur,

1821 4544 2056 4614 antcius
2088 4544 2474 4614 proprietatem
2511 4542 2613 4596 sibi
2656 4541 2910 4595 vindicet.
2947 4539 3187 4609 Quisque
3219 4547 3398 4594 autem

1820 4652 2028 4701 eorum,
2060 4636 2152 4705 qui
2179 4634 2379 4690 Cbristi
2412 4632 2732 4702 sapientiam
2763 4639 3057 4688 censentur
3084 4630 3304 4695 habere,
3330 4628 3400 4683 ad

1821 4729 1937 4782 lure
1974 4739 2089 4791 tam
2120 4724 2424 4788 scntienda,
2479 4720 2643 4794 quam
2674 4723 2796 4780 aliis
2854 4724 3113 4779 tradenda
3167 4722 3401 4778 libenter

1819 4836 1936 4876 sese
1969 4820 2209 4873 exhibet.
2251 4815 2369 4874 Non
2414 4818 2558 4872 enim
2603 4816 2726 4888 quia
2774 4833 2838 4870 cx
2886 4816 3080 4870 eodem
3130 4812 3402 4885 principio

1427 4927 1661 4984 VARUE
1701 4931 1996 4988 LECTION
2008 4931 2111 4985 ES.

239 5011 384 5069 'Non
404 5015 761 5076 ἅδιστάκτως.
791 5015 1126 5071 Vertenlum
1157 5035 1168 5070 :
1195 5018 1308 5072 sine
1333 5020 1637 5076 intervallo.

1658 5098 1889 5173 Νοτίε.

227 5202 446 5275 (ὅῖλΕι
480 5206 579 5261 bac
605 5206 906 5275 quaestione
936 5207 1008 5259 ita
1045 5221 1164 5260 sese
1196 5207 1423 5262 extricat
1462 5209 1526 5265 D.
1567 5208 1716 5263 Tim-

165 5286 290 5345 nias.
318 5274 538 5329 Fatetur
589 5274 822 5345 primum
873 5276 1034 5345 (part.
1081 5291 1119 5336 l,
1161 5289 1352 5344 quitast.
1396 5281 1492 5342 59,
1522 5291 1627 5335 art.
1663 5281 1716 5344 6,

164 5339 459 5421 adsecun.)
480 5339 621 5400 recte
646 5347 751 5421 dici
775 5339 1004 5421 diuinam
1043 5339 1321 5421 essen-liam
1353 5365 1462 5402 esse
1482 5339 1714 5412 Patrem,

162 5416 276 5474 quia
307 5425 426 5485 tunc
456 5424 532 5468 est
579 5417 886 5485 prazdicatio
937 5431 1030 5482 per
1079 5416 1438 5482 identitatem;
1496 5431 1550 5474 et
1588 5421 1718 5473 alibi

166 5486 281 5556 (art;
307 5481 359 5543 5,
384 5485 449 5537 ad
473 5481 680 5556 qua-rt.)
699 5487 927 5539 essentia
951 5488 1150 5549 divina,
1178 5488 1372 5556 inquit,
1393 5481 1719 5556 prardicatur

164 5548 400 5630 defure
427 5548 760 5630 permodum-
778 5556 1076 5630 iderttitatis
1103 5548 1315 5630 prapt'er
1336 5548 1570 5611 dibinam
1596 5561 1720 5612 δίνη.

164 5619 464 5698 ρίίεἱιαιερι.
501 5623 616 5679 Jam
665 5641 828 5698 porro
862 5627 1020 5698 ducet
1065 5619 1266 5698 idcirco
1296 5627 1434 5698 hanc
1464 5630 1718 5698 proposi—

167 5691 354 5766 tionem
380 5691 542 5766 Pater
584 5691 832 5749 est—Deus
864 5695 1046 5766 potius
1079 5696 1326 5750 adhiberi
1349 5736 1364 5759 ,
1407 5691 1532 5766 quia
1560 5691 1715 5760 (ibid.

167 5765 264 5812 art.
295 5760 348 5827 5,
380 5761 431 5816 in
459 5773 630 5835 corp.)
667 5765 789 5820 licet
825 5760 1108 5820 secundum
1151 5782 1259 5820 rem
1285 5768 1354 5821 sit
1378 5760 1516 5823 idem
1551 5769 1713 5836 Deus,

1821 5212 1958 5282 quod
1993 5210 2193 5275 Deitas,
2219 5221 2523 5282 nontamen
2556 5221 2630 5264 est
2676 5210 2813 5282 idem
2842 5210 3026 5282 modus
3054 5211 3399 5282 ~significandi

1822 5280 2133 5350 utrobique:
2168 5298 2287 5332 nam
2320 5281 2415 5334 hoc
2448 5297 2633 5334 nomen
2668 5280 2825 5345 Deus,
2857 5281 2980 5349 quia
3018 5280 3280 5350 signiﬁcat
3309 5282 3398 5350 di-

1823 5354 1996 5405 rinam
2034 5353 2337 5413 essentiam,
2368 5362 2426 5404 ut
2455 5353 2511 5403 in
2542 5351 2760 5403 habente
2819 5351 2965 5411 (vide
3009 5349 3172 5402 etiam
3205 5357 3310 5402 art.
3335 5349 3394 5408 4,

1824 5422 1877 5475 in
1910 5424 2088 5488 corp.)
2127 5437 2190 5473 ea:
2246 5425 2398 5473 modo
2433 5437 2544 5474 sua:
2572 5420 2976 5489 signiﬁcationis
3018 5419 3206 5477 habet,
3256 5417 3396 5485 quod

1820 5493 1984 5558 possit
2035 5507 2325 5559 supponere
2365 5507 2459 5560 pro
2489 5506 2805 5559 persona....
2839 5489 3069 5560 Sedilwe
3094 5502 3279 5560 nomen
3315 5502 3397 5560 est

1820 5555 1992 5614 sentio
2027 5555 2308 5613 non—liabet
2356 5555 2421 5615 ea:
2465 5555 2618 5612 modo
2643 5575 2752 5613 suae
2785 5557 3206 5627 signiﬁcationis,
3257 5555 3396 5621 quod

1824 5641 2086 5699 supponat
2132 5646 2225 5695 pro
2260 5645 2506 5699 persona,
2541 5631 2664 5699 quia
2711 5626 2958 5699 supponit
3000 5626 3304 5699 essentiam,
3331 5633 3398 5699 ut

1824 5694 2048 5771 [orntum
2083 5694 2427 5771 abstractam.
2465 5694 2599 5754 Vide
2631 5694 2821 5753 etiaur
2847 5696 3082 5759 Estium,
3113 5694 3207 5748 lib.
3236 5709 3277 5758 t,
3312 5694 3397 5748 di-

1827 5769 2013 5828 StinCt.
2040 5771 2095 5835 4,
2135 5769 2163 5840 §
2199 5773 2219 5826 1
2249 5769 2375 5826 812.
