3830 6210
380 315 486 382 207

1529 327 1793 392 ΡΗΟΤΙῙ
1821 326 2334 403 ΡΑΤΚΙΑΒΕΙΙΞ
2363 335 2471 393 (.17.

3514 341 3634 405 208

383 443 614 502 uterque
651 434 848 490 dicitur
895 452 922 490 a
958 435 1223 506 theologis
1273 439 1566 506 procedere
1588 482 1603 506 ,
1638 442 1842 498 idcirco
1867 459 1932 497 au

2068 442 2200 505 ἰδίας
2228 441 2575 513 ἐξιστάμενον
2604 445 2860 517 ἰδιότητος
2886 463 2898 476 ·
2928 448 2958 517 ἦ
3001 451 3026 502 ὀ
3059 449 3182 513 Υἱὸς
3221 468 3318 520 της
3353 470 3650 526 χαρακτηο

385 526 620 593 Spiritus
654 536 874 582 sanctus
901 543 967 582 ex
993 529 1320 598 preprietate
1351 547 1447 584 sua
1469 531 1708 587 dir-notus
1740 535 1790 587 in
1825 535 1959 588 ﬁlia-

381 615 532 672 tione
559 617 948 679 eollocabilur;
984 628 1078 674 aut
1105 618 1276 675 Filius
1297 622 1366 676 ab
1393 637 1479 688 ea,
1499 639 1620 693 qua:
1650 625 1824 692 ipsum
1848 627 1958 680 dis-

381 707 601 777 tinguit,
635 709 984 779 generatione
1010 712 1290 777 recedens,
1350 728 1473 768 cum
1505 714 1744 784 Spiritus
1784 718 1956 771 sam-ti

384 799 718 866 proprietate
753 800 1121 855 confundetur
1149 817 1248 857 :ex
1277 805 1468 858 eodem
1493 806 1636 859 enim
1661 806 1954 875 principio,

383 885 479 939 sed
513 902 622 941 non
649 889 839 944 eodem
875 901 1032 959 pacto
1055 891 1216 946 ambo
1255 893 1581 961 procedunt;
1614 910 1714 950 nec
1758 911 1956 950 secun—

382 977 512 1030 dum
543 980 788 1034 eamdem
822 981 1209 1052 proprietatem
1231 995 1315 1040 est
1344 986 1626 1055 utriusque
1657 987 1952 1055 processio.

383 1065 597 1122 Etenim
646 1068 816 1127 Filius
845 1073 1066 1140 quidem
1104 1075 1343 1142 procedit
1385 1090 1415 1129 a
1462 1075 1639 1139 Patre,
1674 1090 1868 1146 nempe
1897 1086 1957 1130 ut

383 1159 622 1224 genitus,
657 1160 890 1232 Spiritus
919 1174 1142 1219 sanctus
1173 1175 1352 1220 autem
1387 1181 1484 1236 per
1526 1168 1951 1236 processioncm.

382 1262 506 1316 quae
550 1250 710 1304 aliam
761 1252 835 1306 illi
885 1254 977 1309 dat
1001 1256 1421 1324 proprietatem,
1471 1258 1565 1312 sed
1613 1273 1791 1326 neque
1840 1259 1955 1313 [nec

383 1343 660 1403 processio
708 1344 1075 1411 generationis
1120 1347 1396 1403 notionem
1437 1348 1541 1403 sibi
1578 1350 1851 1405 conciliat.
1878 1350 1955 1403 Ita

382 1443 516 1481 sane
551 1446 637 1485 res
668 1447 728 1485 se
771 1433 960 1502 habet;
993 1444 1049 1490 et
1093 1438 1183 1506 qui
1226 1440 1525 1494 secundum
1565 1440 1808 1509 diversas
1853 1457 1956 1493 no-

383 1516 558 1572 tiones
579 1536 608 1573 a
639 1522 797 1577 Patre
828 1527 977 1581 exire
1000 1527 1274 1591 dicuntur,
1311 1529 1580 1582 diversam
1603 1545 1822 1598 quoque
1857 1545 1955 1582 no.

2062 533 2318 606 ριζούσης
2347 537 2508 589 αὑτὸν
2531 540 2772 601 ἀποστὰς
2811 541 3112 610 γεννήσεως
3145 545 3225 604 εἰς
3258 545 3316 597 τὸ
3346 543 3439 598 τοῦ
3467 546 3654 599 Πνεῦ-

2063 642 2232 696 ματος
2293 627 2488 696 ἰδίωμα
2550 630 2981 701 συγχυθήσεται·
3045 635 3109 685 ἐκ
3165 633 3260 686 τοῦ
3311 629 3654 706 αὐτοῦ’γάρ

2057 718 2244 785 ἄμφω,
2278 716 2394 770 ἀλλ’
2440 718 2536 788 οὑχ
2594 719 2875 784 ὡσαύτως,
2910 723 3031 776 οὑδὲ
3067 725 3210 778 κατὰ
3247 727 3347 796 τὴν
3394 729 3654 798 ἰδιότητα

2055 808 2156 876 τὴν
2181 809 2348 879 αὑτὴν
2382 808 2696 882 ὴὲκατὲρου
2733 814 2976 884 πρόοδος.
3011 817 3119 870 Καὶ
3146 818 3252 888 γὰρ
3296 821 3325 871 ὁ
3365 820 3469 888 μὲν
3503 821 3650 884 Υἱὸς

2059 896 2156 950 τοῦ
2191 900 2398 970 Πατρὺς
2440 902 2678 972 προῆλθε
2719 904 2782 974 δὴ
2808 907 3080 974 γεννητῶς
3100 925 3113 938 ⁶
3143 910 3203 963 τὸ
3229 911 3458 982 Πνεῦμα
3485 914 3549 967 δὲ
3581 915 3654 968 δι’

2060 989 2437 1058 ὲκπορεύσεως
2487 996 2801 1066 αἱκειομένη
2830 997 2942 1070 (53)
2999 999 3223 1071 ίδίωμα’
3264 1003 3400 1058 ἀλλά
3446 1007 3579 1060 οὑδὲ
3616 1009 3653 1079 ἠ

2065 1081 2391 1150 ὲκπόρευσις
2414 1084 2506 1139 τδν
2523 1087 2623 1154 τῆς
2647 1091 2952 1160 γεννήσεως
2977 1094 3303 1166 χαρακτῆρα
3326 1097 3654 1168 ἐναρμόζεο

2058 1187 2168 1223 ται.
2193 1170 2348 1225 Οῦτω
2367 1174 2443 1237 δὲ,
2473 1174 2633 1233 οὕτω.
2674 1180 2785 1232 Καὶ
2822 1179 2858 1234 ἃ
2887 1183 3026 1236 κατά
3058 1185 3156 1248 τὰς
3188 1186 3481 1258 διαφόρους
3510 1189 3652 1260 σχέ-

2061 1277 2174 1323 σεις
2201 1261 2550 1332 ἱερολογεῖται
2585 1267 2675 1322 τοῦ
2712 1272 2924 1340 Πατρὸς
2951 1274 3334 1346 προέρχεσθαι,
3373 1279 3653 1349 διάφορον

2059 1348 2241 1418 ἔχουσι
2281 1354 2372 1406 καὶ
2399 1355 2498 1426 τὴν
2525 1356 2735 1427 κλῆσιν.
2760 1360 2856 1413 καὶ
2883 1361 2979 1432 τὴν
3010 1364 3067 1415 ἐν
3100 1367 3221 1428 ταῖς
3265 1367 3654 1422 ὑποστάσεσιν

2062 1439 2319 1510 ἰδιότητα,
2347 1439 2434 1508 αἷς
2468 1446 2652 1512 αὑτοῖς
2692 1449 2755 1502 τὸ
2779 1451 2888 1504 τῶν
2927 1453 3162 1522 σχέσεων
3187 1455 3470 1527 ἀφώριστο
3505 1460 3653 1514 ἰδιό-

2058 1546 2277 1612 τρόπον.

383 1613 795 1668 menelationen
827 1633 891 1671 ac
940 1621 1278 1688 ροιεοςιοΙοηι
1339 1621 1522 1675 ineunt
1555 1624 1954 1690 proprii-tatem,
1983 1635 2087 1690 qua
2118 1627 2405 1693 peculiaris
2469 1632 2707 1688 notionis
2753 1633 2961 1691 indoles
3015 1637 3068 1691 in
3133 1638 3268 1708 ipsis
3329 1642 3650 1698 constituta

381 1706 578 1759 fuerat.

451 1797 687 1853 Atenim
719 1801 792 1854 ita
816 1805 1127 1870 apparentis
1156 1806 1485 1862 difﬁcultatis
1506 1827 1632 1866 vera
1664 1814 1862 1868 solutio
1889 1809 1954 1865 ad
1989 1807 2032 1866 Β

348 1886 349 1889 “
379 1887 705 1942 evidentiam
738 1905 911 1956 usque.
931 1901 1016 1948 est
1047 1895 1308 1951 deducta:
1335 1900 1475 1968 quod
1513 1903 1558 1955 si
1593 1905 1767 1958 mavis
1788 1905 1948 1959 etiam

379 1993 410 2030 a
445 1979 727 2046 corporeis
755 1982 918 2039 rebus
951 1985 1019 2040 ad
1063 1986 1416 2058 incorporeas
1461 1994 1832 2048 similitudinis
1859 1977 1950 2048 εῖτ-

377 2074 637 2134 gumenta
692 2069 1014 2141 desumere;
1053 2077 1286 2132 calorem
1318 2089 1372 2135 et
1420 2084 1592 2138 lucem
1633 2101 1696 2138 ex
1759 2087 1949 2140 eodem

379 2155 649 2226 principio
691 2159 892 2217 ducere
923 2165 1186 2234 originem
1224 2186 1384 2225 nemo
1412 2184 1519 2237 est,
1559 2175 1650 2244 qui
1703 2177 1946 2246 ignoret;

377 2245 644 2315 siquidem
679 2259 970 2324 utrumque
1013 2266 1095 2312 est
1126 2259 1266 2328 ignis
1299 2263 1522 2318 effectus
1569 2281 1631 2320 ac
1655 2245 1945 2323 emanatio.

377 2339 446 2390 At
477 2354 607 2395 vero
641 2359 814 2414 neque
838 2348 1078 2405 calorem
1127 2366 1305 2406 aerem
1341 2355 1660 2413 illustrando
1701 2361 1839 2414 visui
1879 2361 1944 2414 ad

375 2443 460 2491 ca,
483 2447 600 2498 quae
623 2447 943 2504 cernuntur,
981 2442 1324 2510 percipienda
1376 2448 1628 2515 prodesse
1657 2453 1944 2520 quisquam

375 2533 508 2574 sane
539 2525 736 2579 mentis
763 2527 937 2594 dicet;
974 2546 1094 2600 quae
1138 2534 1393 2590 nimirum
1424 2547 1506 2592 est
1555 2539 1780 2595 luminis
1816 2557 1945 2611 pro-

376 2611 604 2682 prictas;
629 2632 803 2688 neque
833 2631 1024 2678 contra
1055 2625 1164 2679 vim
1191 2627 1511 2697 absumendi
1539 2632 1812 2701 subjectas
1831 2650 1945 2688 ma-

373 2704 536 2760 teries
561 2709 850 2779 quisquam
878 2712 1006 2779 luci,
1038 2720 1335 2774 secundum
1363 2722 1506 2791 quod
1530 2723 1620 2778 illa
1651 2725 1942 2792 illuminat,

372 2794 616 2853 tribuere
660 2802 923 2858 audebit:
971 2820 1147 2876 neque
1211 2810 1436 2866 alterius
1467 2880 1472 2885 η
1499 2829 1695 2868 nomen
1727 2856 1742 2880 ,
1801 2819 1944 2873 unde

371 2886 747 2944 exsistentium
775 2907 954 2948 rerum
973 2897 1300 2968 agnitionem
1317 2912 1613 2972 comparat,
1633 2906 1685 2958 in
1711 2906 1940 2961 alterum

369 2977 682 3036 transferet.
713 2980 825 3038 Hac
853 2984 1036 3057 itaque
1073 2989 1283 3046 ratione
1311 3006 1378 3046 ex
1414 2995 1605 3049 eodem
1649 2997 1937 3066 principio,

2140 1807 2300 1862 Ἀλλά
2324 1809 2358 1878 ἠ
2393 1808 2492 1878 μὲν
2523 1810 2873 1882 πραγματικὴ
2900 1811 2994 1865 τοῦ
3022 1811 3301 1877 δοκοῦντος
3327 1813 3514 1884 ἀπυρῆ
3526 1833 3648 1883 μαι

2052 1914 2142 1960 τος
2160 1897 2312 1960 λύσις
2330 1897 2499 1962 οὕτως
2519 1899 2586 1953 ἂν
2610 1903 2691 1964 εἰς
2719 1900 2781 1953 τὸ
2805 1902 3170 1971 ἀναμφίὸολον
3194 1904 3504 1975 προαχθείη
3532 1922 3546 1935 ’
3590 1908 3645 1958 εἰ

2051 1989 2108 2041 δὲ
2135 1989 2230 2041 καὶ
2251 1990 2752 2063 παραδειγματικὴν
2774 1992 2976 2057 ἐθέλεις
2999 1995 3180 2047 πίστιν
3205 1995 3269 2049 ὲκ
3287 1996 3395 2047 τῶν
3420 1995 3649 2050 ὲνύλων

2052 2099 2118 2134 πε
2129 2082 2180 2150 pl.
2204 2080 2311 2134 τῶν
2336 2081 2514 2135 ἀΰλων
2539 2082 2721 2135 λαϐεῖν
2743 2099 2756 2112 ’
2805 2083 2865 2136 τὸ
2894 2085 3209 2148 καυστικὸν,
3237 2086 3334 2139 καὶ
3361 2105 3647 2181 φωτιστι-

2050 2173 2145 2226 κὺν
2174 2171 2287 2243 πῦρ
2317 2173 2490 2236 οὑδείς
2522 2175 2690 2237 ἐστιν,
2721 2174 2778 2237 ὃς
2809 2175 2994 2243 ἀγνοεῖ
3019 2177 3083 2228 ὲκ
3114 2177 3208 2230 τοῦ
3244 2177 3409 2232 αὑτοῦ
3444 2171 3644 2232 αἰτίου

2047 2264 2345 2335 λαμϐάνειν
2388 2266 2486 2334 τὴν
2518 2265 2741 2334 πρόοδον
2765 2282 2779 2295 °
2812 2265 2983 2336 πυρὸς
3017 2267 3125 2338 γὰρ
3173 2268 3338 2338 ἄμφω
3369 2269 3516 2339 ἔργα
3548 2288 3642 2334 τε,

2047 2358 2143 2411 καὶ
2167 2357 2548 2428 προϐλήματα.
2589 2356 2749 2410 Ἀλλά
2776 2355 2898 2412 οὔτε
2925 2357 2984 2410 τὸ
3014 2358 3304 2413 καυστικδν
3336 2365 3646 2430 συνεργεῖν

2047 2450 2112 2518 τῇ
2145 2449 2265 2517 ὄψει
2306 2447 2396 2501 τὸν
2435 2447 2572 2518 ἀέρα
2601 2447 2890 2515 διαυγάζον
2917 2449 3053 2520 πρὸς
3074 2451 3171 2519 τὴν
3199 2451 3484 2521 ἀντίληψιν
3515 2454 3643 2506 τῶν

2045 2540 2257 2610 ὁρατῶν
2282 2541 2394 2602 τοῖς
2415 2556 2478 2608 γε
2503 2540 2868 2610 σωφρονοῦσιν
2893 2541 3097 2594 ἔνεστιν
3121 2543 3319 2595 εἰπεῖν·
3349 2543 3483 2596 ἴδιον
3515 2545 3641 2615 γὰρ

2045 2630 2200 2685 τοῦτο
2231 2629 2326 2685 τοῦ
2359 2629 2687 2699 φωτίζοντος
2709 2647 2724 2662 ο
2765 2632 2826 2684 οὑ
2869 2630 2973 2701 μὴν
3001 2631 3059 2684 δὲ
3090 2632 3152 2685 τὸ
3183 2633 3480 2702 φθαρτικὸν
3525 2637 3640 2705 τῆς

2045 2719 2416 2789 ὑποκειμένης
2456 2719 2588 2790 ὕλης
2614 2720 2789 2783 οὐδεὶς
2817 2721 2884 2775 ἀν
2914 2721 3222 2779 ἀποδοῦναι.
3247 2723 3379 2775 καθό
3400 2741 3466 2790 γε
3504 2741 3638 2792 φω-

2041 2808 2200 2873 τίζει,
2225 2809 2580 2878 παρενεχθείη
2611 2808 2687 2878 τῷ
2719 2809 2855 2876 φωτί
2878 2825 2894 2840 ο
2927 2809 3048 2861 οὑδὲ
3075 2810 3372 2879 μεταδώσει
3400 2813 3640 2882 θατέρῳ

2041 2901 2101 2956 τὸ
2121 2903 2305 2972 ἕτερον
2331 2902 2427 2956 τοῦ
2453 2902 2733 2972 ὀνόματος,
2760 2903 2826 2955 δι’
2851 2895 2912 2956 οὑ
2941 2903 3041 2972 τὴν
3074 2903 3275 2970 γνῶσιν
3311 2904 3638 2974 παρέχεται

2043 2992 2144 3062 τῆς
2195 2992 2497 3062 ὑπάρξεως.
2550 2991 2706 3045 Οὕτω
2748 2991 2878 3060 γοῦν
2929 2994 2994 3044 ἐκ
3048 2992 3142 3044 τοῦ
3198 2993 3362 3046 αὑτοῦ
3413 2994 3636 3059 αἰτίου,

369 3074 429 3120 ut
457 3067 772 3138 plurimum,
805 3088 890 3141 ea,
922 3090 1043 3144 quae
1075 3079 1260 3146 simul,
1288 3097 1352 3134 ac
1378 3084 1491 3151 pari
1526 3085 1786 3154 dignitate
1813 3103 1938 3156 pro-

2046 3082 2181 3136 κατά
2212 3098 2276 3150 γε
2304 3081 2365 3134 τὸ
2393 3080 2661 3144 πλεῖστον,
2694 3081 2808 3151 ἃμα
2837 3081 2936 3152 μὲν
2965 3083 3060 3135 καὶ
3096 3083 3373 3152 ὁμοτίμως
3409 3101 3638 3155 προερ-

367 3157 590 3223 cedunt,
622 3162 716 3216 sed
741 3177 852 3217 non
883 3167 1183 3224 secundum
1225 3173 1478 3227 eumdem
1521 3176 1738 3230 modum
1768 3179 1937 3245 origi-

2046 3144 2245 3241 χόμενα
2288 3173 2349 3224 οὑ
2411 3173 2551 3226 κατὰ
2591 3172 2682 3224 τὸν
2713 3144 2874 3225 αὐτόν
2903 3172 2958 3224 δὲ
3006 3144 3206 3242 τρόπον
3241 3144 3636 3244 τὴνπρόοδον

368 3262 494 3301 nem
519 3251 746 3316 ducunt,
804 3254 928 3310 licet
973 3261 1334 3326 coexsistant,
1369 3273 1548 3319 tamen
1594 3266 1820 3323 alterum
1869 3271 1938 3325 ab

367 3337 538 3394 altero
566 3341 928 3400 ditierentiam
963 3363 1115 3404 suam
1143 3352 1261 3407 sine
1305 3355 1623 3413 confusione
1661 3376 1726 3415 ae
1757 3371 1936 3419 muta-

368 3427 572 3485 bilitate
600 3446 907 3491 conservat.

438 3519 597 3586 Quod
653 3525 698 3578 si
762 3534 1260 3598 comparationibus
1319 3554 1405 3592 me
1464 3541 1618 3610 cupis
1675 3545 1932 3614 spatiari,

365 3610 539 3666 Adam
587 3630 838 3686 quoque,
869 3631 925 3675 et
967 3623 1169 3692 Evam,
1218 3639 1271 3683 et
1327 3629 1548 3686 Abelem
1597 3635 1648 3688 in
1696 3610 1931 3692 mentem

369 3718 586 3783 revoca.
654 3707 934 3767 l’roccssio
996 3717 1162 3780 enim,
1230 3721 1371 3777 unde
1413 3733 1467 3777 et
1510 3725 1630 3780 Eva:
1677 3727 1932 3785 formatio

365 3795 522 3850 duxit
549 3799 834 3870 originem,
885 3805 1014 3860 Adae
1061 3820 1208 3865 costa
1244 3813 1373 3880 fuit;
1418 3825 1579 3886 atque
1624 3820 1780 3889 primi
1833 3824 1926 3878 lilii

363 3888 547 3944 Abelis
573 3901 727 3949 ortus
749 3910 816 3949 ex
849 3897 962 3952 Ada
991 3916 1088 3968 per
1129 3909 1536 3972 generationem
1575 3888 1839 3980 manavit;
1874 3926 1931 3971 at

365 3995 540 4049 neque
590 3982 645 4036 i-n
693 3985 817 4041 filiae
880 4005 1079 4046 nomen
1127 3993 1234 4048 Eva
1295 3999 1632 4069 detrudetnr,
1684 4021 1782 4062 nec
1826 4025 1928 4063 un-

361 4085 525 4138 quam
562 4075 693 4130 Alrel
748 4079 890 4134 filius
917 4097 1039 4138 esse
1066 4084 1384 4157 denegabit,
1435 4099 1490 4146 et
1522 4095 1573 4147 in
1616 4101 1924 4169 quampiam

362 4161 523 4218 aliam
591 4169 958 4226 conditionem
1021 4175 1266 4232 incurret
1329 4193 1492 4253 atque
1549 4189 1922 4247 transferetur.

360 4253 512 4317 Quod
545 4267 725 4314 autem
758 4263 838 4317 sol
871 4266 1138 4323 illuminet
1165 4281 1219 4325 ct
1245 4273 1547 4342 calefaciat,
1582 4281 1662 4336 liae
1679 4287 1924 4352 quasdam

358 4348 718 4416 proprietates
745 4365 891 4421 sunt,
915 4373 1036 4427 qua:
1071 4361 1136 4416 ad
1167 4379 1392 4435 corpora
1421 4379 1585 4440 atque
1611 4375 1676 4426 ad
1697 4348 1924 4433 animos

2039 3261 2247 3332 ἔχοντα,
2277 3263 2335 3314 ὲν
2360 3265 2425 3332 τῇ
2455 3262 2704 3333 κοινωνίᾳ
2725 3262 2825 3331 τῆς
2848 3263 3133 3334 ὑπάρξεως
3157 3265 3248 3316 καὶ
3270 3264 3330 3316 τὸ
3351 3265 3635 3336 διάφορον

2038 3355 2143 3408 τῶν
2187 3353 2490 3422 ἰδιωμάτων
2520 3354 2776 3424 ἑκάτερον
2804 3355 3145 3424 ἀσυγχύτως,
3180 3355 3272 3408 καὶ
3295 3356 3636 3428 ἀμεταϐλήο

2037 3460 2144 3509 τως
2169 3445 2518 3509 συνδιασώζει
2545 3448 2680 3518 πρὸς
2709 3447 2991 3517 ἑκάτερον.

2107 3539 2178 3593 Σὺ
2209 3539 2266 3592 δέ
2311 3556 2401 3608 μοι
2440 3539 2553 3601 τοῖς
2582 3537 3022 3608 παραδείγμασιν
3059 3539 3113 3591 εἰ
3142 3556 3205 3607 γε
3233 3539 3631 3599 πλατύνεσθαι

2037 3631 2234 3701 βούλει,
2269 3632 2362 3685 καὶ
2391 3630 2481 3683 τὸν
2517 3629 2704 3699 Ἀδὰμ,
2734 3630 2827 3682 καὶ
2861 3631 2959 3700 τὴν
2987 3629 3152 3695 Εῦαν,
3191 3633 3284 3685 καὶ
3315 3633 3407 3686 τὸν
3437 3635 3629 3692 ’Ἅϐελ

2034 3724 2236 3776 ἐννόει·
2273 3724 2305 3791 ἡ
2338 3721 2562 3792 πρόοδος
2608 3720 2706 3790 μὲν
2738 3721 2865 3791 γὰρ,
2905 3717 2973 3793 ἦς
3010 3740 3069 3775 τε
3117 3724 3337 3791 γέγονεν
3374 3725 3626 3798 ἀπαρχὴ

2031 3816 2131 3884 τῆς
2157 3813 2511 3877 διαπλάσεως,
2543 3813 2575 3881 ή
2607 3811 2814 3884 πλευρά
2833 3828 2847 3842 ·
2876 3815 2968 3866 καὶ
2997 3813 3096 3883 τῆς
3122 3815 3387 3881 γενέσεως
3410 3816 3467 3868 αἱ
3498 3834 3626 3886 πη..

2031 3907 2126 3976 γαὶ
2153 3907 2246 3960 τοῦ
2272 3904 2490 3976 πρώτου
2528 3905 2845 3975 πλάσματος
2883 3905 2940 3958 αἱ
2972 3905 3125 3972 γοναὶ
3158 3907 3222 3958 ὲκ
3263 3906 3359 3959 τοῦ
3402 3909 3619 3980 Ἀδάμ.

2043 3999 2200 4053 Ἀλλὰ
2225 3997 2345 4051 οὑτε
2371 3999 2404 4067 ἡ
2439 3995 2551 4049 Εὔα
2587 3997 2668 4059 εἰς
2706 3996 2800 4048 τὸν
2824 3995 2923 4064 τῆς
2959 3996 3204 4066 υἱότητος
3242 3996 3401 4064 λόγον
3441 4015 3624 4072 περι-

2029 4093 2379 4162 ενεχθήσεται
2404 4105 2418 4119 ·
2454 4088 2578 4142 οὔτε
2612 4087 2719 4159 μὴν
2751 4090 2779 4142 ὁ
2812 4087 2974 4140 Ἅϐελ
3002 4087 3094 4141 τὸν
3121 4089 3235 4140 υίδν
3272 4091 3622 4158 ἀπαρνησά-

2031 4201 2190 4255 μενος
2224 4185 2304 4246 είς
2347 4181 2540 4252 ἑτέραν
2584 4181 2707 4232 τινὰ
2736 4179 2918 4250 σχέσιν
2959 4179 3283 4249 παραδόσει,
3325 4182 3420 4234 καὶ
3461 4201 3623 4254 aug...

2030 4275 2448 4347 μεταστήσεται.
2481 4271 2554 4324 Τὸ
2593 4271 2650 4324 δὲ
2679 4270 2933 4340 φωτίζειν
2965 4271 3056 4323 τὸν
3082 4270 3254 4340 ἥλιον,
3289 4273 3381 4326 καὶ
3408 4274 3618 4344 φλογί..

2027 4370 2157 4434 ζειν,
2191 4367 2338 4421 ἐστὶν
2359 4367 2388 4418 ὃ
2419 4366 2526 4420 τῶν
2554 4365 2842 4436 σωμάτων,
2869 4365 2964 4417 καὶ
2995 4365 3022 4417 ὃ
3049 4382 3109 4418 τε
3138 4367 3313 4418 κοινόν
3337 4369 3456 4422 ἐστι
3488 4371 3617 4424 τῶν

358 4441 659 4498 sentientes
694 4451 1058 4506 communiter
1094 4456 1438 4525 pertingunt;
1475 4472 1531 4514 at
1566 4479 1746 4533 neque
1772 4469 1917 4522 cale-

2046 4459 2428 4529 ιίσθανομένων
2455 4457 2774 4528 ὁμολόγημα
2794 4472 2807 4486 ·
2840 4455 2975 4510 ἀλλὰ
3006 4457 3128 4510 οὕτε
3175 4460 3231 4512 αἱ
3273 4460 3473 4528 φλόγες
3521 4466 3614 4529 εἰς

357 4531 589 4588 faciendi
617 4537 697 4591 vis
721 4540 1062 4608 splendorem
1097 4562 1194 4615 pro
1215 4551 1395 4606 calore
1429 4553 1481 4606 in
1515 4570 1571 4609 se
1596 4557 1765 4625 ipsam
1791 4576 1922 4615 cun-

360 4624 522 4678 vertit
572 4641 636 4679 ac
681 4632 993 4700 transtulit;
1041 4652 1143 4692 nec
1173 4655 1412 4710 unquam
1461 4624 1800 4704 illuminandi
1841 4653 1921 4708 vis

357 4711 413 4764 in
444 4713 642 4771 caloris
672 4722 1086 4788 appellationem
1109 4766 1124 4790 ,
1169 4732 1251 4784 vel
1301 4743 1548 4790 naturam
1585 4745 1919 4807 permutabi-

2021 4553 2218 4612 ἑαυτὰς
2269 4551 2369 4621 τὴν
2420 4545 2699 4615 διαύγειαν
2743 4547 2866 4600 ἀντὶ⁵
2896 4545 2990 4599 τοῦ
3030 4547 3247 4616 φλέγειν
3291 4549 3612 4618 ἱβλάξαντο

2019 4639 2493 4716 μεταστήσασθαι·
2524 4640 2584 4692 οὑ
2616 4639 2723 4708 μὴν
2753 4637 2873 4690 οὑδὲ
2903 4636 2963 4690 τὸ
2993 4638 3225 4706 φωτίζον
3250 4641 3329 4705 είς
3366 4642 3468 4714 τὴν
3500 4645 3608 4698 τοῦ

2016 4734 2343 4804 φωτίζοντος
2369 4729 2579 4800 κλῆσιν,
2607 4727 2639 4798 ἢ
2674 4728 2771 4798 τὴν
2803 4727 3100 4781 ὑπόστασιν
3140 4730 3260 4783 ἀντὶ
3287 4731 3380 4784 τοῦ
3419 4735 3637 4801 φωτί-·

356 4813 482 4858 tur:
514 4821 697 4862 vernrn
728 4821 959 4883 utraque
1011 4819 1092 4873 vis
1125 4821 1294 4891 legem
1323 4841 1353 4880 a
1383 4828 1678 4887 Conditore
1711 4845 1917 4892 natura:

2047 4843 2126 4879 ειν
2166 4822 2626 4894 ὑπενεχθήσεται·
2665 4819 2799 4874 ἀλλὰ
2830 4819 2922 4872 τὸν
2953 4821 3046 4872 ἀπ’
3076 4821 3250 4890 ἀρχῆς
3299 4821 3604 4877 ἐντεθέντα

352 4894 606 4962 primitus
642 4899 948 4970 impositam
981 4922 1206 4966 servans
1236 4956 1250 4978 ,
1295 4917 1423 4971 dum
1477 4936 1576 4976 nec
1629 4934 1916 4994 separatur

351 4988 662 5054 processio,
723 5009 822 5050 nec
855 5007 1095 5054 mutatur
1147 5007 1402 5072 essentia,
1458 5011 1797 5070 immutatam
1859 5028 1914 5073 et

351 5085 690 5136 constantem
721 5089 1212 5148 nomenclationem
1248 5099 1481 5153 retinere
1513 5105 1871 5175 conspicitur.

413 5337 570 5404 Quod
620 5341 666 5396 si
700 5344 793 5398 tibi
822 5349 999 5416 placet
1043 5366 1072 5406 a
1104 5353 1417 5412 ccelestibus
1461 5361 1525 5413 ad
1558 5371 1766 5419 terrena
1804 5368 1907 5423 ite-

345 5443 462 5485 rum
509 5433 836 5494 descendere
911 5442 1120 5513 inspice
1167 5449 1441 5515 quomodo
1484 5453 1674 5509 eadem
1725 5459 1905 5516 "lauta

2017 4916 2166 4987 παρὰ
2208 4913 2304 4969 τοῦ
2347 4909 2691 4983 Δημιουργοῦ
2746 4912 2811 4980 τῇ
2858 4909 3016 4979 φύσει
3075 4907 3238 4979 νόμον
3278 4909 3605 4966 διευλαϐού-

2019 5027 2175 5080 μενα,
2190 5010 2250 5060 ’ἐν
2280 5006 2357 5076 τῷ
2375 5005 2660 5074 ἀδιαιρέτῳ
2681 5003 2777 5072 τῆς
2799 5002 3047 5073 προόδου,
3068 5004 3162 5056 καὶ
3179 5002 3599 5076 άπαραλλάκτῳ

2013 5099 2111 5169 τῆς
2134 5097 2461 5161 οὑσιὼσεως,
2490 5094 2839 5162 ἀπαράϐατόν
2866 5109 2925 5145 τε
2957 5093 3050 5146 καὶ
3071 5093 3427 5146 ἀναλλοίωτον
3457 5095 3598 5149 ἐκά-

2017 5206 2175 5262 τερον
2215 5188 2418 5242 τούτων
2448 5188 2547 5258 τὴν
2585 5185 2956 5256 προσηγορίαν
2985 5185 3164 5239 αὐτῶν
3193 5187 3426 5257 ὁρῶνται
3463 5187 3595 5242 δια-

1936 5338 1944 5345 ,
2018 5283 2372 5350 φυλάττοντα.

2081 5374 2143 5426 Εἰ
2175 5372 2230 5426 δὲ
2261 5374 2323 5426 ἐκ
2351 5372 2458 5426 τῶν
2483 5372 2726 5444 οὐρανῶν
2759 5371 2919 5426 πάλιν
2960 5372 3052 5426 ἐπὶ
3082 5372 3182 5444 τὴν
3213 5371 3320 5443 γῆν
3346 5388 3430 5426 σοι
3455 5389 3594 5427 κατ-

2017 5465 2151 5519 ιέναι
2193 5465 2366 5534 φίλον,
2392 5465 2515 5536 ὅρα,
2541 5462 2615 5528 ὡς
2645 5464 2708 5519 τὸ
2738 5463 2869 5519 αὑτό
2899 5465 3064 5535 φυτὸν
3105 5464 3315 5536 καρπόν
3357 5481 3439 5531 τε,
3489 5467 3590 5522 καὶ

1838 5617 2063 5677 NOTAE.

410 5728 524 5798 (535)
559 5734 946 5808 Οξκειουμένης
975 5744 1150 5808 potius
1180 5759 1374 5800 sensus
1411 5746 1653 5816 requirit.
