3864 6218
148 322 246 387 209

1044 329 1141 389 AD
1177 333 1768 398 AMPHILOCHIUM
1803 337 2148 410 QUESTIO
2186 344 2458 409 XXVIII.

3269 353 3378 422 210

149 433 318 496 ἄνθος.
363 430 453 486 καὶ
499 431 671 502 φύλλα
711 433 1072 503 προϐάλλεται
1108 437 1212 508 (δεῖ
1245 439 1354 509 γάρ
1391 440 1521 506 ἴσως
1561 441 1698 514 πρδς

1807 454 1912 500 tum
1942 446 2200 514 fructum,
2227 459 2338 504 tum
2361 451 2570 520 ﬂorent,
2603 463 2716 511 tum
2741 457 2868 515 folia
2891 463 3154 531 producat
3177 463 3377 535 (siqui-

148 527 265 587 τοὺς
293 522 565 585 παντελῶς
591 524 968 595 ἑτεροπίστους
1000 527 1385 598 ὰνθυποφορὰς
1434 531 1701 602 παραδει-

147 615 409 686 γματικὰς
430 615 490 666 ού
516 615 664 685 μίαν,
688 615 826 670 ἀλλὰ
851 617 1066 682 πλείους
1097 621 1471 689 προκομίζειν,
1503 623 1599 676 καὶ
1626 623 1703 677 δι-

149 707 381 776 ελὲγχειν
409 705 587 758 αὐτῶν
613 707 692 768 είς
715 705 777 759 τὸ
809 706 1034 776 μάταιον
1062 707 1407 775 διαλυόμενον
1450 712 1512 764 τὺ
1545 712 1703 782 περί-

149 797 354 866 εργον)’
399 794 498 849 ποῦ
539 797 646 866 γὰρ
684 797 752 850 τὰ
801 798 972 867 φύλλα
1002 799 1137 870 πρὸς
1175 800 1274 872 τὴν
1315 800 1550 870 ἰδιότητα
1591 803 1702 856 τῶν

150 887 365 957 καρπῶν
391 886 708 955 συναγαγών
726 906 810 951 τις
839 889 1152 944 ἐκϐιάσαιτο
1176 907 1190 956 ;
1227 892 1323 954 Τίς
1342 892 1397 945 δὲ
1426 892 1486 944 τὸ
1517 892 1698 958 ἄνθος,

147 973 304 1047 οὗπερ
355 979 389 1049 ἡ
437 978 702 1048 ἀποϐολὴ,
747 982 886 1034 κατὰ
930 980 991 1033 τὸ
1036 981 1306 1047 πλεῖστον,
1346 982 1441 1036 τοῦ
1485 985 1700 1054 καρποῦ

148 1070 455 1140 γνωρίζεται
483 1071 743 1141 προϐολὴ,
768 1073 974 1142 καρπὸν
1001 1073 1351 1143 ὀνομάσειεν;
1392 1074 1552 1129 Ἀλλὰ
1579 1076 1700 1130 οὐδὲ

146 1160 245 1213 τῶν
267 1160 440 1215 ἄλλων
466 1161 744 1233 οὐδέτερον
767 1164 834 1218 ἄν
860 1181 940 1228 τις
972 1165 1132 1234 φύσιν
1152 1165 1344 1233 εἴδους,
1367 1168 1460 1220 καὶ
1487 1167 1700 1236 φύσεως

146 1251 294 1318 ἔργα,
343 1251 438 1303 καὶ
480 1249 588 1303 τῶν
646 1253 704 1304 ὲν
757 1255 939 1316 αὐτοῖς
981 1255 1119 1322 μετὰ
1153 1255 1248 1309 τοῦ
1283 1255 1564 1326 συμφυοῦς
1599 1258 1701 1311 οὐκ

144 1341 340 1408 ἀγνοῶν
369 1341 682 1412 ἑτερότητα,
713 1343 794 1406 εἷς
816 1361 937 1398 τινα
961 1344 1068 1398 τῶν
1092 1347 1397 1417 εἰρημένων
1429 1365 1700 1419 μεταμορ-

145 1431 334 1498 φώσειέ
356 1449 436 1495 τε,
487 1434 586 1485 καὶ
619 1437 1006 1504 μεταστήσειεν
1041 1437 1355 1496 ὑπόστασιν.
1390 1437 1545 1492 Οὕτω
1569 1439 1700 1508 γοῦν

144 1524 326 1593 κάνκτῇ
353 1523 626 1593 παχύτητι
652 1525 757 1578 τῶν
789 1527 1114 1595 σωματικῶν
1138 1526 1313 1596 ἔργων
1345 1545 1426 1589 τε,
1460 1529 1553 1581 καὶ
1570 1546 1700 1598 προ·

143 1613 442 1683 ϐλημάτων,
479 1615 573 1668 καὶ
603 1616 668 1667 ἐκ
703 1615 794 1668 τοῦ
829 1615 994 1669 αὐτοῦ
1034 1617 1371 1688 καθορῶνται
1416 1620 1694 1688 προϊόντα,

142 1704 230 1758 καὶ
272 1705 366 1767 τῆς
418 1705 628 1769 οἰκείας
658 1706 1027 1770 ὑποστάσεως,
1065 1702 1126 1762 οὐ
1155 1686 1292 1779 πρὶς
1330 1686 1533 1780 ἄλληλα
1569 1711 1700 1779 μεθ-

144 1797 393 1866 ιστάμενα
433 1798 528 1850 καὶ
567 1798 665 1868 τῆς
717 1800 1079 1870 προταθείσης
1115 1801 1257 1855 κατὰ
1286 1802 1384 1872 τῆς
1415 1802 1698 1866 εὐσεϐείας
1731 1785 1771 1839 Β

142 1887 432 1958 ἐνστάσεως
469 1890 720 1960 προφανῆ
761 1907 820 1944 τε
863 1891 952 1944 τὸν
998 1891 1216 1961 ἔλεγχον
1265 1893 1694 1963 προϐαλλόμενα,

141 1979 228 2033 καὶ
263 1979 322 2031 τὺ
361 1979 563 2050 σαθρὸν
612 1984 711 2050 τῆς
744 1983 1080 2052 κακουργίας
1121 1984 1178 2050 ἐξ
1211 1984 1391 2037 αὐτῶν
1422 1985 1530 2037 τῶν
1562 1987 1700 2055 ὁρω-

143 2070 308 2137 μένων
351 2087 436 2136 τε,
487 2072 581 2124 καὶ
619 2072 724 2126 ἀνὰ
772 2077 928 2145 χεῖρα
981 2075 1362 2146 στηλιτεύοντα
1395 2077 1490 2130 καὶ
1528 2077 1699 2149 μυρία

141 2175 286 2213 αλια.

213 2251 272 2303 Ἢ
309 2250 368 2303 δὲ
395 2251 509 2304 ἀπὸ
540 2251 641 2320 τῆς
671 2251 884 2322 φύσεως
915 2256 1006 2308 ἐπὶ
1031 2256 1128 2326 τὴν
1163 2256 1357 2326 τέχνην
1400 2258 1700 2327 μετάϐασις

143 2342 247 2410 (καὶ
269 2343 365 2414 δρα
399 2344 564 2413 μέχρι
590 2345 730 2408 τίνος
759 2345 1076 2409 διασώζεται
1100 2349 1162 2400 τὸ
1188 2349 1480 2403 ἀκόλουθον
1505 2349 1604 2418 μὲν
1632 2353 1698 2424 τῇ

143 2432 310 2501 φύσει,
341 2436 719 2506 ἀντικείμενον
749 2437 806 2490 δὲ
837 2441 900 2510 τῇ
933 2439 991 2506 ἐξ
1016 2441 1188 2511 ἀρχῆς
1215 2441 1497 2510 προθέσει)
1527 2443 1698 2497 πολλὰ

144 2525 233 2593 μὲν
277 2529 372 2579 καὶ
420 2526 561 2581 ἄλλα
618 2545 699 2582 σοι
737 2528 846 2582 τῶν
891 2530 1347 2600 παραδειγμάτων
1391 2537 1694 2603 χαριεῖται·

142 2617 226 2668 καὶ
257 2616 343 2670 τὸν
372 2618 628 2690 κεραμέα
672 2620 730 2674 δέ
767 2637 847 2674 σοι
879 2620 1041 2686 δείξει
1074 2623 1138 2675 ἐκ
1179 2622 1272 2675 τοῦ
1303 2623 1467 2677 αὑτοῦ
1526 2623 1698 2695 πηλοῦ

143 2713 225 2763 καὶ
274 2711 597 2782 φυράματος
640 2695 841 2782 ἁμίδιίς
875 2730 932 2766 τε
983 2712 1078 2766 καὶ
1117 2713 1351 2778 πίνακας
1405 2716 1576 2785 ἱεραῖς
1617 2719 1701 2769 ἐνο

139 2803 542 2875 αρμοζομένους
585 2805 823 2869 τελεταῖς
866 2807 1280 2861 διαπλάττοντα.
1322 2801 1422 2860 Ὧν
1478 2809 1598 2862 οὐδὲ
1634 2809 1699 2862 ἂν

139 2898 251 2959 τοὺς
280 2896 535 2969 ἁνιέρους
563 2900 1002 2971 άνερυθριάστως
1025 2900 1300 2970 εὑρήσεις,
1329 2895 1504 2970 οἶμαι,
1537 2902 1698 2956 θάτε-

144 3006 222 3040 οον
283 2991 388 3042 τῶν
450 2991 991 3062 κατασκευασμάτων
1049 2991 1132 3054 είς
1193 2991 1291 3062 τὴν
1356 2992 1448 3046 τοῦ
1509 2993 1698 3062 ἑτέρου

140 3080 332 3148 χρείαν,
379 3081 410 3153 ἢ
460 3081 834 3152 προσηγορίαν
876 3079 1419 3150 μετασκευάζοντας·
1463 3081 1556 3136 καὶ
1605 3081 1700 3153 τὴν

141 3171 360 3242 ἰδιότητα
407 3173 666 3242 συγχέειν
709 3172 973 3242 ἑκατέρας
1017 3173 1124 3224 τῶν
1159 3173 1530 3236 ύποστάσεων,
1572 3174 1701 3228 ἄνευ

137 3261 268 3326 τινος
324 3262 615 3332 δαιμονίας
663 3263 878 3335 πληγῆς
929 3263 1374 3334 ωνεπαγομένης
1431 3263 1492 3317 τὸ
1549 3265 1704 3318 ἁνία-

136 3369 218 3404 τον
225 3391 236 3406 ο

201 3445 257 3497 El
291 3444 475 3514 βούλει
505 3445 563 3499 δὲ
593 3445 755 3500 πάλιν
783 3447 1117 3518 ἀναδραμεῖν
1141 3449 1235 3502 ἐπὶ
1267 3449 1359 3504 τὸν
1391 3450 1702 3522 ἄνθρωπον,

137 3534 445 3606 δριμύτερον
481 3537 667 3598 αὐτοῖς
693 3538 995 3608 ὲπαφήσεις
1035 3538 1127 3592 τὸν
1153 3539 1371 3610 ἔλεγχον
1401 3559 1416 3574 ο
1441 3543 1499 3608 ἐξ
1538 3540 1704 3595 αὐτοῦ

141 3630 238 3701 γὰρ
263 3630 288 3683 ’ὁ
314 3648 369 3684 τε
410 3631 592 3699 λόγος,
631 3632 722 3684 καὶ
746 3633 780 3701 η
806 3631 956 3700 φωνὴ
993 3633 1335 3704 ἀνθρωπίνου
1363 3636 1707 3706 προχεόμενα

141 3723 415 3789 στόματος,
446 3723 543 3776 καὶ
563 3721 760 3793 μικροῦ
791 3740 852 3792 γε
883 3723 970 3776 διὰ
993 3723 1100 3776 τῶν
1119 3725 1300 3779 αὐτῶν
1319 3726 1563 3797 ὀργάνων
1593 3726 1708 3779 διαο

142 3812 488 3882 μορφούμενά
515 3830 575 3866 τε
603 3814 695 3866 καὶ
719 3815 1091 3885 προαγόμενα.
1114 3817 1223 3871 Καὶ
1247 3818 1354 3889 γὰρ
1388 3818 1498 3871 τῶν
1531 3817 1708 3872 ἄλλων

141 3907 297 3962 ὄντων
329 3909 551 3970 κοινῶν,
573 3909 602 3962 ὁ
635 3909 731 3979 μὲν
758 3907 836 3978 τῷ
859 3909 1014 3978 ἄκρῳ
1042 3907 1144 3978 τῆς
1179 3908 1448 3980 γλώττης,
1479 3909 1540 3963 τὸ
1561 3910 1617 3963 δὲ
1638 3912 1705 3982 τῇ

143 3998 379 4065 γλωττίδι
403 4000 605 4070 μᾶλλον
628 4000 998 4054 ἁποτίκτεται’
1027 4001 1121 4052 καὶ
1143 3999 1202 4053 τὸ
1221 3999 1436 4070 μεῖζον,
1459 4002 1555 4055 καὶ
1581 4001 1711 4054 θαυ-

146 4091 492 4163 μασιώτερον,
527 4091 598 4154 ὡς
625 4090 732 4144 οὐδ’
758 4090 824 4144 ἂν
854 4090 1108 4161 προέλθοι
1145 4090 1302 4159 λόγος
1325 4091 1454 4144 ἄνευ
1488 4093 1674 4162 φωνῆς
1692 4135 1707 4158 ,

1803 538 1924 593 dem
1955 548 2168 608 oportet
2195 543 2247 596 iu
2287 559 2401 608 eos,
2435 546 2528 616 qui
2564 551 2894 604 sententiam
2931 562 3118 609 tenent
3147 556 3377 612 omnino

1803 633 2173 694 contrariam,
2212 648 2317 686 non
2349 650 2516 689 unum
2548 649 2929 706 argumentum
2959 657 3024 697 ex
3079 661 3377 716 compara-

1805 717 2045 774 tionibus
2077 720 2422 790 dcsmnptum
2453 724 2546 778 sed
2581 726 2736 793 plura
2791 727 3064 797 proferre,
3093 740 3257 800 atque
3291 733 3376 787 iu-

1804 809 2148 878 tempcstivas
2187 827 2374 866 earum
2421 816 2663 885 argutias
2711 832 2879 872 vanas
2919 821 3256 878 ostendendo
3283 838 3375 877 rc-

1804 897 2010 968 fellere)
2039 917 2052 952 :
2085 901 2334 970 quisnam
2373 904 2516 958 enim
2559 905 2686 960 folia
2718 908 2774 960 in
2806 908 3081 963 fructuum
3129 914 3373 982 proprie-

1803 997 1965 1043 tatem
1992 991 2282 1047 detrudet?
2303 992 2439 1059 Quis
2485 1004 2664 1050 autem
2688 997 2896 1063 ﬂorem,
2925 1016 3036 1070 quo
3067 1002 3370 1069 recedente,

1801 1089 1861 1134 ut
1906 1081 2224 1150 plurimum,
2267 1083 2477 1140 fructus
2521 1090 2813 1156 procedere
2856 1094 3217 1162 conspicitur,
3255 1096 3373 1150 fru-

1801 1181 1949 1226 ctum
1973 1174 2251 1241 appellet?
2279 1178 2347 1229 At
2377 1176 2444 1238 is,
2482 1179 2575 1246 qui
2630 1182 2826 1248 speciei
2865 1191 3139 1247 naturam,
3187 1193 3242 1240 et
3279 1202 3375 1241 na-

1803 1270 1941 1316 tura:
1971 1264 2340 1331 operationes,
2377 1280 2697 1337 eorumque,
2731 1286 2852 1339 qua:
2889 1271 2942 1325 in
2973 1272 3104 1342 ipsis
3135 1275 3372 1345 ingenita

1800 1361 1948 1417 sunt,
1977 1353 2352 1408 diversitatem
2386 1373 2491 1410 non
2533 1358 2768 1428 ignorat,
2804 1363 2854 1415 in
2883 1365 3199 1433 quampiam
3235 1380 3374 1434 pra!-

1799 1445 2072 1500 dictarum
2123 1463 2303 1500 rerum
2357 1450 2650 1503 essentiam
2699 1451 2921 1506 alteram
2973 1453 3375 1508 'transformare

1800 1550 1908 1588 non
1977 1545 2157 1602 potest
2201 1547 2363 1606 atque
2419 1539 2738 1595 transferre.
2799 1543 2874 1596 lta
2944 1559 3138 1613 nempe
3186 1545 3268 1599 vel
3318 1545 3373 1598 in

1799 1642 1981 1682 crassa
2005 1627 2380 1694 operationum
2437 1629 2963 1702 productionumque
2985 1649 3374 1702 corporearum

1801 1717 2112 1772 conditione
2145 1718 2248 1772 alia
2273 1717 2400 1771 item
2433 1718 2743 1787 innumera,
2771 1737 2892 1791 quge
2924 1723 2992 1775 ab
3019 1739 3130 1777 uno
3157 1724 3376 1794 prodire

1801 1806 2088 1875 principio,
2116 1815 2169 1858 et
2201 1806 2476 1875 propriam
2507 1807 2740 1862 retinere
2779 1811 3073 1864 essentiam
3098 1852 3113 1876 ,
3165 1828 3263 1866 nec
3294 1813 3377 1866 iu-

1803 1899 1973 1950 vicem
2000 1896 2260 1950 confundi
2293 1899 2675 1964 observantur,
2708 1900 3002 1968 preposita:
3028 1901 3080 1954 in
3131 1915 3373 1956 nostram

1801 1988 1958 2041 fi.'.em
1985 1987 2306 2054 objectionis
2325 1997 2571 2058 apertam
2601 1989 2987 2044 refutationem
3022 1991 3374 2061 depromunt,

1799 2094 1854 2137 et
1889 2084 2182 2153 impietatis
2224 2083 2536 2140 inutilitatem
2569 2101 2634 2139 ex
2679 2086 2769 2150 iis,
2803 2102 2924 2156 qua:
2976 2087 3046 2142 ob
3093 2088 3282 2143 oculos
3322 2097 3380 2143 et

1803 2177 1856 2230 iu
1885 2177 2136 2231 manibus
2161 2177 2452 2244 habentur,
2498 2189 2952 2234 commonstrant.

1874 2268 2046 2320 P0rro
2077 2276 2259 2321 autem
2293 2265 2338 2321 si
2365 2282 2395 2321 a
2421 2277 2614 2321 natura
2647 2268 2716 2322 ad
2760 2279 2930 2322 artem
2969 2269 3197 2338 gradum
3221 2269 3380 2326 facia-

1800 2372 1923 2410 mus
1957 2356 2140 2426 (atque
2185 2356 2559 2412 animadverte
2587 2373 2875 2428 quousque
2916 2375 3218 2417 consensus
3254 2378 3376 2416 cum

1799 2457 2017 2513 natura,
2064 2455 2121 2502 et
2150 2447 2203 2500 in
2232 2448 2500 2517 objectam
2537 2463 2567 2501 a
2601 2449 2869 2518 principio
2911 2451 3234 2505 sententiam
3279 2467 3379 2522 op-

1801 2539 2002 2609 positio
2043 2539 2338 2602 servetur),
2368 2539 2486 2593 aliae
2518 2540 2735 2608 quidem
2777 2549 2939 2610 atque
2967 2542 3088 2596 aliae
3118 2543 3379 2597 similitu-

1801 2633 1956 2686 diues
1985 2641 2306 2696 occurrent,
2327 2641 2382 2685 et
2411 2633 2680 2702 pra-cipue
2707 2633 2902 2703 figulus
2932 2649 2996 2688 ex
3042 2635 3232 2692 eodem
3264 2634 3379 2690 luto

1799 2733 1854 2777 et
1893 2738 2070 2778 massa
2123 2732 2231 2777 tam
2266 2725 2522 2789 matulas,
2578 2741 2741 2794 quam
2789 2726 2974 2780 lances
3023 2729 3195 2780 sacris
3227 2737 3383 2797 aptas

1800 2817 1999 2871 ritibus
2049 2818 2258 2885 ﬁngens
2295 2817 2391 2871 tibi
2426 2818 2763 2872 ostendetur.
2815 2818 3072 2874 Profecto
3134 2837 3201 2874 ne
3233 2821 3384 2890 ipsos

1801 2908 2020 2975 quidem
2053 2906 2310 2976 profanos
2362 2909 2647 2971 homines,
2702 2909 2918 2978 opinor,
2968 2910 3243 2979 reperies,
3290 2912 3382 2980 qui

1808 3002 2002 3054 harum
2035 3000 2456 3068 supellectilium
2501 3002 2729 3054 alteram
2771 3002 2825 3055 in
2863 3001 3089 3057 alterius
3123 3018 3299 3068 usum,
3331 3012 3387 3058 ct

1805 3105 2002 3145 nomen
2036 3089 2380 3158 impudenter
2408 3099 2787 3144 convertentes
2809 3129 2822 3152 ,
2873 3091 3036 3143 etiam
3080 3089 3386 3159 proprieta-

1808 3189 1910 3233 tem
1949 3175 2266 3231 alterutrius
2297 3177 2618 3231 substantiae
2662 3177 3021 3240 confundant,
3071 3177 3174 3231 nisi
3215 3178 3385 3232 mise-

1802 3271 1975 3324 rando
2012 3270 2216 3325 mentis
2261 3269 2493 3324 vulnere
2542 3284 2668 3324 cum
2704 3269 2956 3324 sanitatis
3006 3270 3388 3340 desperatione

1802 3373 2146 3432 premantur.

1876 3453 2033 3520 Quod
2065 3453 2109 3508 si
2139 3469 2331 3509 rursus
2357 3453 2423 3507 ad
2461 3453 2735 3508 hominem
2769 3453 2977 3508 resilire
3013 3454 3166 3518 libet,
3197 3454 3386 3510 acrius

1810 3545 2031 3599 illormn
2064 3545 2274 3615 objecta
2307 3545 2682 3599 insectaberis.
2710 3545 2794 3599 Ex
2827 3545 2947 3615 ipso
2970 3545 3116 3600 enim
3148 3545 3389 3600 humano

1820 3650 1916 3689 ore
1964 3644 2078 3687 tum
2108 3648 2310 3696 sermo,
2339 3642 2451 3687 tum
2481 3649 2582 3686 vox
2607 3632 2931 3697 funduntur,
2968 3640 3023 3686 et
3065 3645 3236 3701 parvo
3263 3631 3386 3700 qui-

1806 3726 1932 3780 dem
1970 3725 2292 3780 discrimine
2335 3738 2434 3793 per
2482 3723 2669 3778 eadem
2728 3737 2929 3794 organa
2981 3720 3306 3787 formantur,
3332 3727 3392 3775 et

1807 3816 2180 3888 proferuntur.
2216 3813 2465 3868 Profecto
2490 3814 2618 3868 dum
2655 3823 2850 3867 caetera
2882 3819 3009 3866 sunt
3032 3813 3372 3873 communia,

1808 3924 1988 3966 sermo
2017 3907 2239 3977 quidem
2286 3921 2316 3959 a
2345 3905 2659 3960 summitate
2689 3903 2906 3974 linguae,
2938 3917 3040 3955 vox
3075 3908 3260 3954 autem
3287 3913 3386 3968 po-

1809 4000 1918 4055 tius
1953 4001 2020 4055 ab
2046 3999 2167 4068 ejus
2198 3997 2375 4052 radice
2405 4006 2653 4062 creatur;
2683 3995 2941 4065 quodque
2978 3992 3157 4062 majus
3187 4001 3292 4054 est,
3329 3997 3388 4043 et

1809 4091 1984 4160 magis
2011 4089 2337 4152 mirandum,
2371 4102 2553 4142 sermo
2592 4087 2711 4142 sine
2741 4101 2872 4140 voce
2910 4085 3129 4155 prodire
3160 4098 3269 4136 non
3294 4096 3394 4150 po-

142 4181 269 4234 ἁλλά
296 4183 387 4235 καὶ
430 4183 488 4236 ἐν
521 4183 658 4252 αὐτῇ
682 4185 749 4252 τῇ
779 4180 1150 4253 διαμορφώσει
1185 4183 1454 4254 ὑπερείδει
1500 4201 1562 4236 τε
1615 4188 1700 4240 καῖ

1813 4179 2101 4234 testzimo
2151 4178 2316 4232 etiam
2374 4178 2646 4230 sermonis
2704 4175 2935 4229 formam
2995 4175 3047 4227 in
3099 4175 3216 4242 ipsa
3276 4171 3392 4241 ejus

142 4273 456 4346 ὐπερανέχει
474 4274 573 4345 τὴν
588 4272 682 4327 τοῦ
695 4274 856 4344 λόγου
873 4275 1090 4345 μορφὴν
1104 4277 1138 4346 ἡ
1149 4276 1300 4346 φωνὴ
1324 4277 1700 4346 συνυφεστῶσά

1812 4269 2170 4342 productione
2209 4266 2468 4331 suﬂ‘ulcit,
2507 4281 2571 4320 ac
2627 4265 2865 4320 sustinet
2909 4280 3033 4327 vox,
3069 4279 3193 4332 qua:
3227 4262 3391 4317 simul

142 4381 198 4416 τε
240 4367 333 4420 καὶ
364 4367 704 4437 προάγουσα.
748 4365 908 4419 Ἀλλὰ
941 4366 1051 4436 γάρ
1088 4365 1356 4436 τοσαύτης
1408 4365 1574 4438 οὔσης
1613 4369 1700 4439 τῆς

1813 4361 2052 4424 advenit,
2081 4368 2244 4428 atque
2273 4358 2570 4429 profertur.
2608 4359 2678 4409 At
2703 4357 2849 4410 enim
2884 4357 3008 4410 licet
3039 4365 3187 4409 tanta
3223 4356 3394 4408 inter-

144 4459 452 4526 συναφείας,
475 4459 571 4513 καὶ
587 4459 1054 4530 συνανακράσεως,
1081 4460 1251 4529 ὅμως,
1277 4461 1360 4512 ὃτι
1389 4461 1524 4530 μήτε
1553 4461 1700 4530 λόγος

1816 4453 1973 4508 cedat
2008 4452 2325 4522 conjunctio
2376 4460 2538 4519 atque
2579 4449 2928 4513 commistio,
2977 4457 3190 4512 tamen,
3247 4446 3393 4515 quod

164 4550 197 4619 ἠ
239 4551 388 4622 φωνὴ
423 4552 552 4615 τοὺς
575 4553 670 4604 καὶ
696 4553 766 4605 τὰ
795 4551 992 4622 μέτρια
1015 4553 1244 4623 συνορᾷν
1266 4551 1597 4622 δυναμένους
1619 4555 1700 4607 ού-

1812 4558 1994 4600 sermo
2043 4558 2150 4598 non
2196 4542 2268 4596 sit
2298 4557 2424 4608 vox,
2459 4542 2517 4607 ii,
2568 4540 2662 4610 qui
2716 4550 2864 4593 recto
2915 4538 3123 4608 pollent
3164 4535 3392 4605 judicio,

143 4641 296 4713 δεμία
322 4643 455 4697 ποτὲ
481 4642 760 4713 ἐνοχλήσει
793 4643 1218 4713 ἀμφισϐήτησις.
1266 4637 1362 4707 Οἷς
1396 4645 1700 4715 ὲρῤωμένοκ

1812 4635 1961 4691 nulla
1991 4649 2235 4704 unquam
2285 4633 2648 4688 altercatione
2682 4631 2882 4684 turbati
2938 4629 3225 4691 tenebunt,
3253 4626 3392 4692 Qui-

140 4736 328 4789 σαυτόν
348 4754 409 4790 τε
442 4737 545 4804 τῆς
579 4737 937 4807 νομιζομένης
964 4736 1197 4805 ἀπορίας
1235 4736 1492 4791 ἀπολύων
1523 4737 1700 4792 διανά-

1812 4727 1917 4781 bus
1969 4726 2306 4794 argumentis
2356 4733 2412 4777 et
2463 4733 2514 4780 te
2551 4723 2796 4778 innixum
2850 4723 2963 4791 ipse
3003 4737 3069 4776 ex
3110 4719 3392 4790 apparenti

144 4827 424 4897 σττ,θι,καὶ
461 4828 573 4882 τῶν
594 4830 918 4900 κακουργεῖν
944 4828 1236 4882 ἐθελόντων
1254 4829 1571 4902 ὲπιστόμιζε
1601 4832 1700 4903 (54]

1813 4816 2092 4872 extricans
2140 4814 2455 4869 difﬁcultate
2500 4813 2788 4877 confirma,
2831 4821 2885 4865 et
2929 4825 3142 4877 eorum,
3179 4808 3272 4880 qui
3299 4823 3396 4863 ca-

145 4920 201 4971 τδ
235 4921 547 4992 περίεργον.
1451 4900 1460 4902 -
1609 4900 1618 4903 ﬁ
1694 4900 1700 4903 ‘

1814 4906 1988 4964 villari
2019 4907 2228 4972 volunt,
2256 4904 2568 4959 futilitatem
2596 4902 2807 4958 refrena
2832 4900 2970 4972 (55).

1647 5125 1880 5184 NOTAE.

215 5221 323 5292 (34)
349 5220 463 5298 Pro
503 5217 871 5298 ἐπιστομίζειν
921 5218 994 5298 ita
1035 5226 1227 5298 saltem
1258 5224 1345 5298 est
1395 5217 1706 5298 legendum,
1805 5228 2034 5298 mentis;
2059 5234 2123 5274 ac
2153 5218 2450 5289 praesertim
2478 5215 2767 5298 ill_o,'quod
2790 5217 3017 5298 scilicet,
3056 5213 3160 5298 nisi
3195 5211 3394 5298 aFilio

149 5283 237 5344 aut
266 5283 445 5361 potius
506 5283 728 5346 verbum
762 5283 983 5360 aliquod
1029 5289 1242 5344 iinitutn
1289 5288 1377 5342 hic
1409 5283 1709 5344 désiderari
1808 5283 2046 5368 Spiritus
2079 5283 2310 5368 sanctus
2337 5283 2952 5368 procederet,.invi.cem
2988 5283 3388 5368 confupderen:

152 5352 400 5430 puta-ritu.
854 5352 872 5360 ”
1045 5428 1059 5434 _
1088 5428 1098 5434 .
1225 5427 1237 5434 _
1493 5387 1498 5396 -
1529 5428 1541 5434 _
1807 5352 1914 5415 tdr.
1945 5352 2591 5434 Quare_Amphilochius,
2620 5357 2710 5425 qui
2747 5356 3059 5426 hujusmodi
3090 5352 3394 5434 inlmrehat

214 5432 345 5506 t55)_
372 5431 551 5506 Causa
604 5447 703 5487 cur
757 5428 1190 5506 Amphilochius
1225 5427 1705 5506 interrogationem
1805 5433 2084 5506 errori,.ut
2112 5429 2308 5506 [flrotio
2345 5428 2733 5506 velificaretur,
2768 5437 2821 5479 et
2860 5442 2980 5506 sese
3013 5427 3388 5506 Satricaretg

150 5494 1048 5574 istam'iumediumprotuleritdi
1075 5499 1332 5574 hariolari
1367 5494 1710 5574 fasest,lhtec
1805 5494 2148 5574 nodo,_ist_ud
2175 5499 2440 5574 ἀπόρημα
2481 5496 2597 5574 ipsi
2650 5496 2973 5574 proposuit._
3011 5494 3249 5574 Photiusl
3283 5494 3388 5574 t‘t‘tgli

153 5569 316 5626 fuisse
352 5570 588 5624 videtur.
624 5556 694 5624 Ui
723 5556 1282 5639 primutn'lihotianus
1312 5583 1464 5639 error
1485 5556 1706 5636 deSpi-
1807 5556 1993 5635 postea
2017 5571 2181 5639 etiam
2224 5556 2778 5639 Sdoii'stazfasse'rere
2807 5581 2916 5619 non
2942 5563 3153 5639 dubitat
3185 5559 3251 5614 ad
3289 5556 3386 5639 Εἰς

154 5625 500 5710 ῐίιιιείεξιηοιί
539 5625 883 5710 prunas-sione
921 5639 974 5692 in
999 5637 1200 5710 Graecis
1228 5637 1487 5710 Ecclesiis
1525 5625 1709 5691 eruin-
1801 5625 1884 5705 lii,
1920 5647 1972 5694 et
2001 5638 2237 5709 Spiritus
2274 5639 2446 5692 sancti
2466 5625 2881 5710 distinctionem
2932 5632 3199 5710 sufficere.
3237 5625 3387 5710 quod

154 5709 324 5776 pcbat,
341 5726 465 5766 eum
481 5698 766 5766 orthodoxi
797 5707 1098 5764 innumeris
1118 5707 1528 5763 insectabantur
1545 5721 1706 5777 argu-
1802 5698 1909 5765 non
1931 5698 2118 5766 eadem
2139 5710 2350 5765 ratione
2372 5707 2534 5764 ambo
2554 5721 2583 5761 a
2607 5705 2768 5763 Patre
2786 5703 3104 5775 procedant.
3129 5698 3390 5756 lamvero
