3864 6218
415 268 517 332 211

723 373 1048 442 QUAESTIO
1079 373 1248 427 XXIX
1278 371 1374 444 [al.
1398 368 1663 440 xxvm].

421 468 483 524 Si
507 468 781 535 Baptisma
812 465 1039 520 Joannis
1064 475 1398 534 peccatorum
1434 462 1810 535 remissionem,
1849 458 1988 535 ut_S.

491 529 666 590 Lucas
725 538 930 598 scribit,
975 529 1292 603 praestabat,
1325 535 1580 604 quidnam
1628 547 1661 582 a
1712 529 1990 581 Dominico

489 608 826 677 Baptismate
845 606 1121 674 di/ferebat
1143 606 1168 658 .9

1566 262 1832 323 PHO'I‘lI
1874 255 2382 320 ΡΑΤΡιΙΛὶὶΟΙΙίΕ
2414 254 2522 314 CP.

3563 233 3675 296 212

2643 357 2978 413 ΕΡΩΤΗΣΙΣ
3016 353 3143 407 KG’.
3175 353 3178 357 ’

2097 459 2167 511 Ei
2204 456 2268 508 τὸ
2305 453 2623 520 βάπτισμα
2665 449 2946 520 Ἰωάννου
2980 437 3554 520 ἄφεσιν-ἁμαρτιῶν,

2168 529 2200 579 o'
2229 508 2382 591 Ιερῗὸς
2408 508 2642 584 Λουκᾶς
2674 508 3313 591 ἁιοαῖρᾴφειξπᾳρεῖχε,
3340 509 3434 573 τίς
3464 508 3502 574 ἡ
3526 508 3675 572 πρὸς

2167 583 2312 648 αὐτῦ
2338 583 2443 646 τοῦ
2467 583 2838 645 Δεσποτικοῦ
2859 583 3112 654 διαφορά
3127 599 3148 648 ;

1261 715 1403 766 Edita
1424 715 1485 764 ab
1511 717 1627 766 Ant.
1662 715 1852 773 Scotto,
1876 737 1910 760 ι.
1939 723 2004 772 c.,
2029 724 2079 772 p.
2105 709 2182 756 32.
2209 705 2492 769 Dogmatica
2515 711 2570 755 et
2591 704 2855 765 exegetica

496 845 648 913 Quod
679 843 856 898 Lucas
899 857 930 896 a
959 843 1071 898 Deo
1093 844 1307 898 adlatus
1333 843 1558 896 verbum
1600 841 1910 911 huiusmodi
1943 839 1996 892 iu

424 938 511 998 iis,
540 952 676 1006 quas
722 937 839 1006 ipse
882 932 1296 1004 conscripsit“,
1348 933 1672 1003 evangelicis
1730 930 2000 984 narratio-

427 1030 589 1083 nibus
641 1028 996 1097 expresserit,
1053 1026 1398 1096 perspicuum
1457 1023 1758 1092 estzquod
1815 1029 1998 1074 autem

423 1118 760 1188 baptismati,
789 1117 935 1186 quod
967 1116 1192 1186 mystico
1224 1117 1331 1168 ritu
1365 1115 1709 1168 ministrabat
1741 1111 1997 1174 Joannes,

427 1209 571 1262 hanc
602 1207 981 1262 remissionem
1009 1205 1287 1268 attribuat,
1323 1218 1429 1256 non
1481 1213 1567 1257 est
1609 1219 1763 1272 mque
1791 1202 2000 1271 perspi-

426 1309 626 1358 cuum;
663 1303 716 1346 at
742 1308 867 1345 vero
899 1291 949 1344 id
978 1291 1197 1360 quidem
1226 1307 1350 1344 mox
1381 1291 1698 1359 diligentius
1719 1291 2004 1360 inquiren-

426 1385 580 1437 dum.
606 1384 771 1436 Divus
803 1392 983 1435 autem
1017 1381 1324 1446 Mattlneus,
1355 1382 1486 1436 licet
1526 1382 1688 1435 verbo
1719 1398 1822 1435 non
1863 1382 2009 1436 dicat

433 1493 452 1524 ι
480 1475 831 1527 remissionem
855 1485 1209 1542 peccatorum,
1236 1492 1254 1524 ›
1283 1483 1461 1527 tamen
1499 1489 1596 1542 per
1641 1473 1968 1527 locutionem
1992 1513 2006 1536 .

2185 837 2243 887 '0
2275 836 2375 905 μὲν
2415 834 2671 901 θεόσοφος
2711 829 2947 892 Λουκᾶς,
2993 827 3072 878 ὅτι
3112 823 3210 893 μὲν
3243 817 3502 884 τοιαύτην
3547 817 3679 868 ἁνα-

2101 926 2304 996 γράφει
2357 925 2562 995 φωνὴν,
2617 917 2700 984 οἷς
2743 920 2904 981 αὐτὸς
2971 914 3257 977 συνέταξεν
3303 909 3677 978 εὐαγγελικοῖς

2101 1018 2322 1085 λογίοις,
2357 1018 2457 1068 οὐκ
2496 1013 2689 1084 ἄδηλον
2714 1028 2730 1042 ο
2773 1011 2854 1063 ὄτι
2891 1010 2948 1062 δὲ
2977 1008 3056 1079 τῷ
3091 1004 3450 1076 βαπτίσματι,
3480 1002 3619 1070 ὅπερ
3650 1000 3676 1049 ὀ

2104 1105 2386 1176 ἱερουργὸς
2411 1101 2776 1172 ἐχρημάτισεν
2814 1097 3087 1165 Ἰωάννης,
3108 1094 3206 1164 τὴν
3236 1095 3454 1159 ἄφεσιν,
3481 1091 3580 1142 οὐχ
3602 1089 3677 1141 ἔτι

2101 1198 2301 1266 ὁμοίοις
2329 1187 2514 1265 δῆλονο
2542 1195 2683 1262 πλὴν
2706 1191 2842 1244 ἀλλὰ
2872 1188 3030 1241 τοῦτο
3063 1187 3160 1256 μὲν
3205 1184 3334 1252 ἐξῆς
3363 1181 3677 1252 ἀκριϐέστε-

2108 1305 2199 1356 ρον
2220 1284 2603 1356 τεθεωρήσθω.
2649 1283 2707 1335 '0
2739 1281 2796 1334 δὲ
2825 1281 2966 1341 θεῖος
2989 1275 3268 1336 Ματθαῖός
3301 1290 3486 1341 φησιν,
3510 1273 3555 1322 εἰ
3589 1272 3679 1322 καὶ

2112 1378 2187 1449 μὴ
2216 1376 2504 1448 προτίθησι
2535 1375 2740 1444 ῥήματι
2766 1370 2828 1423 τὸ
2854 1371 2935 1431 είς
2965 1369 3159 1436 ἄφεσιν
3201 1360 3509 1432 ἁμαρτιῶν,
3545 1359 3680 1412 ἀλλὰ

2109 1467 2222 1531 οὖν,
2271 1469 2337 1522 δι’
2388 1462 2462 1519 ὧν
2495 1463 2668 1526 εἶπεν,
2717 1458 3197 1532 ἐξομολογούμενοι
3252 1456 3352 1516 τὰς
3409 1452 3679 1522 ἁμαρτίας

427 1581 533 1633 qua
592 1565 799 1627 utitur,
871 1582 888 1614 ι
915 1565 1216 1634 conﬁtentes
1299 1575 1516 1634 peccata
1556 1581 1654 1617 sua
1705 1566 1793 1614 ⁸⁵»
1828 1605 1843 1628 ,
1897 1565 2010 1632 ipse

2126 1561 2310 1624 ιῦτῶν,
2341 1561 2435 1611 καὶ
2466 1557 2629 1639 aqu;
2654 1555 2836 1607 δίδωσι
2870 1551 3200 1605 συνεπινοεῖν
3232 1547 3476 1615 ἀφέσεως
3505 1547 3680 1615 ἁμαρ-

429 1671 648 1724 quoque
690 1657 871 1711 innuit
920 1657 1266 1712 remissionis
1317 1667 1664 1726 peccatorum
1694 1656 1867 1711 fuisse
1909 1659 2008 1711 ba-

427 1747 920 1817 ptisma.Quorum'
952 1748 1098 1803 enim
1131 1764 1356 1818 operum
1381 1748 1682 1815 confessio,
1715 1749 2011 1802 dummodo

425 1853 566 1892 vana
599 1854 708 1892 non
733 1838 824 1903 sit,
855 1848 939 1893 est
973 1839 1250 1892 damnatio
1271 1879 1285 1903 ,
1317 1847 1371 1893 et
1404 1839 1650 1902 victoria,
1682 1838 2004 1892 earumdem

427 1929 810 1983 remissionem
836 1945 1053 1999 quoque
1081 1931 1492 2000 consequimur.
1523 1928 1648 1983 litec
1678 1927 2010 1997 quidem'vcl

430 2019 548 2086 ipse
586 2018 826 2087 scripsit,
853 2019 948 2088 qui
979 2035 1011 2073 e
1039 2021 1334 2074 Publicano
1366 2021 1544 2074 factus
1572 2029 1658 2075 est
1703 2020 2010 2089 theologus.

434 2110 636 2164 Beatus
664 2119 848 2164 autem
878 2111 1091 2167 Marcus
1129 2120 1340 2166 tantum
1371 2115 1548 2175 abest,
1584 2123 1642 2167 ut
1676 2129 1706 2167 a
1739 2112 2009 2181 Dciluquo

431 2201 575 2256 Luca
605 2202 896 2270 discrepet,
931 2214 990 2258 ut
1034 2203 1214 2273 potius
1255 2204 1373 2273 ejus
1408 2206 1700 2258 verborum
1749 2203 1872 2258 fons
1903 2220 2011 2258 non

433 2292 713 2347 immerito
757 2295 1023 2348 videatur.
1075 2296 1288 2350 Etenim
1319 2315 1338 2347 ι
1368 2295 1467 2350 luit
1498 2294 1740 2350 Joannes
1762 2336 1777 2359 ,
1814 2299 2011 2364 inquit,

435 2385 489 2437 in
517 2385 734 2440 deserto
779 2387 1079 2456 baptizans,
1113 2397 1169 2442 et
1203 2388 1504 2458 prmdicans
1537 2389 1868 2457 baptismum
1902 2406 2016 2459 p03-

436 2479 677 2533 nitt-ntiae
704 2480 756 2532 in
788 2481 1166 2536 remissionem
1213 2491 1558 2551 peccatorum
1586 2484 1653 2536 ".

510 2569 588 2624 lta
617 2571 885 2640 prodeunt
922 2572 1106 2626 multis
1138 2590 1167 2626 e
1225 2574 1360 2626 locis
1411 2573 1717 2626 testimonia
1741 2611 1758 2635 ,
1803 2573 2005 2642 quibus

439 2660 572 2714 ﬁdes
611 2661 988 2717 remissionem
1028 2672 1373 2730 peccatorum
1408 2679 1502 2732 per
1531 2662 1760 2718 Joannis
1830 2665 2011 2732 bapti-

440 2768 557 2804 mna
593 2753 683 2815 iis,
717 2753 812 2822 qui
851 2753 1191 2816 lavabantur,
1213 2753 1410 2808 factam
1449 2769 1570 2809 esse
1599 2764 1784 2824 aperte
1817 2757 2012 2820 docet;

436 2859 501 2897 eo
531 2844 610 2898 vel
643 2844 893 2910 maxime,
925 2843 1072 2913 quod
1111 2860 1210 2899 nec
1254 2844 1366 2912 ipse
1417 2844 1563 2898 illaut
1617 2846 2010 2900 czeremOniam

446 2951 549 2990 suo
582 2936 736 2989 lihitu
783 2937 1119 3006 susceperit,
1154 2939 1244 2991 sed
1276 2938 1444 2991 divini
1473 2949 1634 2992 nutus
1678 2954 1802 2992 eum
1851 2939 2012 2993 ritum
2042 2911 2083 2968 (ἶ

437 3027 839 3094 przescribentis
887 3026 1064 3082 lactus
1095 3029 1166 3082 sit
1198 3040 1504 3082 exsecutor.
1561 3027 1774 3082 Etenim
1815 3027 2012 3090 Lucas.

445 3136 464 3167 ‹
497 3116 717 3173 Factum
752 3131 855 3182 est,
893 3119 1088 3189 inquit,
1127 3122 1350 3173 verbum
1377 3119 1551 3173 Deiad
1591 3135 1714 3175 eum
1744 3121 1787 3151 ’τ
1817 3140 1837 3171 ›
1864 3140 1876 3174 :
1908 3121 2018 3174 imo

439 3211 602 3263 etiam
665 3212 778 3281 ipse
810 3211 1078 3288 .Joanues
1139 3212 1387 3266 veritatis
1445 3212 1769 3281 praedicator
1803 3227 1818 3264 :
1860 3229 1878 3261 ι
1915 3211 2016 3278 Qui

440 3303 594 3356 misit
630 3320 733 3367 me,
777 3305 886 3366 ait,
927 3305 1200 3372 baptizare
1229 3304 1312 3356 ἐς
1347 3321 1365 3354 ι
1402 3319 1523 3373 qua:
1577 3303 1764 3372 utique
1829 3304 2010 3358 omnia

443 3407 554 3446 non
582 3395 740 3448 modo
771 3393 1136 3448 Praecursoris
1162 3394 1430 3462 baptisma
1457 3394 1656 3448 divinae
1679 3395 1880 3448 donum
1907 3395 2016 3448 cle-

452 3485 710 3549 mentiae,
765 3501 952 3538 verum
985 3485 1147 3538 etiam
1210 3485 1660 3548 lustrationibus,
1733 3486 2018 3539 sacriﬁciis

452 3583 619 3642 atque
654 3575 1000 3628 caeremoniis
1039 3573 1303 3641 Judaicis,
1333 3590 1428 3644 per
1462 3590 1582 3643 qua:
1613 3574 1856 3636 llehraai,
1897 3585 2020 3629 tan-

449 3680 613 3732 quam
679 3665 732 3717 in
785 3665 988 3734 ﬁgura.
1044 3666 1330 3732 culparum
1384 3664 1592 3718 veniam
1650 3665 2018 3726 merebantur,

446 3754 606 3824 longe
628 3769 748 3809 esse
779 3755 1072 3810 sublimius
1105 3755 1408 3809 luculenter
1439 3754 1754 3808 ostendunt.
1785 3754 1938 3820 Quod
1971 3755 2016 3809 si

448 3843 553 3897 huc
593 3844 860 3913 baptisma
890 3844 1000 3900 illis
1027 3845 1376 3914 praestantius
1413 3854 1551 3906 erat,
1586 3853 1766 3914 patet,
1792 3845 1937 3914 quod
1968 3852 2023 3899 et

2109 1651 2238 1704 τιῶν
2291 1645 2434 1702 εἶναι
2477 1637 2537 1700 sb
2591 1647 2888 1718 βάπτισμα.
2919 1637 3017 1696 Ὧν
3047 1641 3157 1712 γὰρ
3207 1643 3240 1707 ὴ
3272 1637 3676 1705 ἐξομολόγησις,

2110 1745 2268 1813 εἴπερ
2313 1742 2387 1812 μὴ
2422 1741 2620 1810 μάτην,
2683 1739 2792 1789 τῶν
2833 1732 3238 1804 πεπραγμένων
3279 1729 3680 1798 ἡκατάγνωσις

2111 1834 2206 1885 καὶ
2233 1834 2261 1884 ὁ
2297 1832 2584 1902 θρίαμϐος,
2605 1829 2808 1881 τούτων
2842 1825 3198 1895 κερδαίνομεν
3231 1822 3325 1873 καὶ
3344 1818 3443 1888 τὴν
3470 1817 3679 1886 ἄφεσιν.

2124 1922 2283 1975 Ἀλλὰ
2312 1921 2456 1974 οὓτω
2490 1922 2586 1990 μὲν
2616 1919 2709 1971 καὶ
2755 1918 2783 1970 ὁ
2823 1918 2887 1968 ἐκ
2923 1912 3168 1966 τελωνῶν
3203 1909 3474 1975 θεολόγος.
3527 1907 3585 1958 '0
3628 1905 3682 1956 δὲ

2117 2013 2383 2083 μακάριος
2443 2009 2669 2078 Μάρκος
2727 2005 2978 2059 τοσοῦτον
3029 2004 3225 2071 ἀπέχει
3267 1998 3556 2065 διαψωνεῑν
3609 1993 3684 2062 τῷ

2113 2105 2455 2174 Θεορρὴμονι
2484 2101 2686 2170 Λουκᾷ,
2717 2099 2791 2160 ὡς
2824 2097 2915 2149 καὶ
2953 2093 3104 2164 πηγὴ
3141 2092 3207 2144 ἂν
3238 2091 3340 2143 οὐκ
3385 2086 3684 2146 ἀπεικότως

2113 2194 2254 2258 δόξει
2311 2192 2417 2245 τῶν
2464 2189 2627 2243 αὑτοῦ
2695 2188 2988 2258 ῥημάτωνο
3033 2184 3182 2250 λέγει
3215 2182 3347 2250 γὰρ,
3384 2198 3402 2230 ι
3444 2179 3686 2245 Ἐγένετο

2127 2285 2382 2354 Ἰωάννης
2413 2283 2689 2352 βαπτίζων
2721 2282 2778 2332 ἐν
2802 2281 2866 2348 τῇ
2896 2279 3107 2348 ἐρήμῳ,
3144 2277 3250 2328 καὶ
3272 2272 3564 2344 κηρύσσων
3595 2269 3687 2338 βάο

2116 2364 2329 2446 πτισμα
2356 2374 2646 2446 μετανοίας
2676 2374 2757 2435 εἰς
2785 2369 2977 2438 ἄφεσιν
3005 2364 3307 2436 ἁμαρτιῶν.
3336 2381 3356 2412 ι

2188 2576 2342 2630 Οὕτω
2383 2573 2707 2644 πολλαχόθεν
2745 2573 2866 2633 ταῖς
2908 2567 3232 2640 μαρτυρίαις
3261 2565 3295 2636 ἠ
3329 2562 3572 2635 πρόοδος,
3620 2560 3684 2613 δι’

2116 2659 2191 2720 ὧν
2233 2669 2268 2737 ἡ
2319 2666 2501 2727 πίστις
2555 2662 2985 2734 παρρησιάζεται
3036 2659 3233 2725 ἄφεσιν
3289 2655 3572 2726 ἁμαρτιῶν
3630 2653 3686 2704 τὸ

2132 2760 2378 2812 Ἰωάννου
2421 2756 2706 2825 βάπτισμα
2748 2756 2860 2816 τοῖς
2900 2750 3336 2822 βαπτιζομένοις,
3373 2746 3687 2815 καταπράτη

2119 2849 2341 2902 τεσθαι·
2375 2849 2470 2900 καὶ
2503 2845 2739 2917 μάλιστά
2777 2861 2863 2910 γε,
2891 2845 2976 2895 ὅτι
3005 2842 3124 2913 μηδ’
3149 2841 3314 2902 αὐτὸς
3351 2839 3450 2909 τὴν
3498 2837 3690 2907 πρᾶξιν

2119 2939 2269 3010 αὐτῷ
2296 2940 2638 3008 ἐνεχείρησεν
2663 2952 2676 2966 ⁸
2695 2935 2830 2990 ἀλλὰ
2861 2934 2938 3004 τῷ
2967 2935 3097 3002 θείῳ
3127 2931 3440 3001 πειθαρχῶν
3464 2930 3690 2998 νεύματι

2121 3029 2220 3095 τῆς
2268 3028 2578 3099 ἱερουργίας
2633 3026 2839 3096 ταύτης
2897 3025 3128 3093 ἐγίνετο.
3165 3042 3183 3074 ι
3219 3023 3330 3076 Καὶ
3379 3023 3487 3091 γὰρ
3542 3019 3693 3087 ῥῆμα

2121 3121 2256 3174 Θεοῦ
2293 3121 2528 3187 ἐγένετο,
2577 3119 2730 3187 φησὶ,
2774 3117 2910 3186 πρὸς
2938 3116 3119 3180 αὐτὸν,
3158 3133 3177 3165 ι
3215 3117 3242 3166 ὁ
3270 3113 3521 3173 Λουκᾶςο
3560 3107 3694 3162 ἀλλὰ

2125 3212 2219 3265 καὶ
2239 3212 2398 3275 αὐτὸς
2426 3213 2453 3264 ὁ
2478 3211 2576 3280 τῆς
2603 3210 2860 3278 ἀληθείας
2891 3206 3088 3278 κῆρυξ,
3115 3225 3134 3257 ι
3170 3207 3231 3259 '0
3259 3203 3582 3265 ἀποστείλας
3607 3219 3693 3271 με,

2119 3305 2272 3374 φησὶ,
2300 3303 2608 3373 βαπτίζειν·
2650 3323 2667 3354 ι
2695 3301 2729 3356 ἃ
2756 3302 2820 3371 δὴ
2853 3301 3026 3352 πάντα
3057 3299 3244 3366 σαφῶς
3267 3296 3564 3365 παρίστησι
3589 3293 3695 3345 δῶ-

2121 3397 2213 3465 ρόν
2275 3413 2332 3448 τε
2382 3392 2522 3448 εἷναι
2576 3394 2725 3457 θείας
2781 3392 3068 3462 εὐμενείας
3115 3391 3174 3443 τὸ
3223 3388 3319 3441 τοῦ
3379 3387 3696 3458 Προδρόμου

2123 3485 2426 3556 βάπτισμα,
2490 3487 2583 3538 καὶ
2623 3485 2732 3537 τῶν
2767 3483 3075 3536 Ἰουδαϊκῶν
3106 3478 3586 3552 περιρῤαντισμῶν
3616 3495 3697 3541 τε,

2123 3583 2220 3632 καὶ
2268 3577 2490 3641 θυσιῶν,
2525 3577 2621 3631 καὶ
2661 3576 2891 3629 τελετῶν
2920 3575 3271 3652 ὑψηλότερον,
3306 3572 3372 3624 δι’
3399 3565 3474 3624 ὧν
3505 3573 3701 3623 ἐκεῖνοι

2126 3669 2234 3722 τῶν
2261 3669 2694 3740 ἁμαρτημάτων,
2744 3668 2819 3730 ὼς
2856 3669 2913 3720 ὲν
2962 3667 3136 3735 τύπῳ,
3184 3663 3434 3733 ἠξιοῦντο
3471 3663 3570 3731 τῆς
3598 3678 3703 3713 κα-

2124 3758 2388 3828 θάρσεως.
2437 3761 2497 3812 Ei
2529 3760 2586 3811 δὲ
2633 3762 2880 3829 κρεῖττον
2935 3758 3162 3810 ἐκείνων
3205 3755 3386 3819 τοῦτο,
3419 3754 3593 3821 δῆλον,
3627 3751 3704 3814 ῶς

2129 3853 2225 3904 καὶ
2251 3853 2446 3920 ἄφεσιν
2468 3851 2576 3904 τῶν
2608 3850 2892 3921 ἁμαρτιῶν
2923 3848 3226 3920 ἐχαρίζετο.
3273 3849 3338 3900 Ὃ
3362 3847 3470 3917 γὰρ
3495 3844 3704 3917 προσ-ἧν

515 3979 564 4012 ἰ
593 3979 726 4036 Luc.
759 3980 850 4047 Ill,
880 3982 934 4037 5.
1012 3982 1058 4014 ’⁵
1096 3980 1283 4036 Matth.
1318 3996 1401 4048 tu,
1427 3981 1482 4036 6.
1557 3982 1603 4014 "
1637 3980 1806 4036 Marc.
1837 3997 1874 4049 ι,
1911 3984 1966 4037 4.

2129 3987 2260 4044 Luc.
2293 4005 2376 4052 ιιι,
2399 3988 2455 4042 2.
2531 3989 2578 4021 ³⁸
2606 3989 2764 4044 Joan.
2801 4005 2841 4053 ι,
2877 3968 2966 4044 5'5.

1960 4097 2192 4157 ΝΟΤᾋΕ.

445 4239 687 4307 quisque
719 4237 896 4307 videt.
943 4251 1106 4304 quam
1154 4236 1267 4290 sint
1320 4235 1514 4304 iucplze
1560 4235 2020 4307 comparationes,

449 4305 649 4376 quibus
678 4305 764 4359 ille
788 4306 1068 4369 innititur;
1113 4322 1236 4359 cum
1295 4322 1401 4369 res,
1439 4321 1593 4376 quas
1627 4306 1686 4376 in
1715 4309 2021 4374 exmuplum

453 4375 695 4439 adducit,
742 4391 849 4428 non
904 4391 998 4443 per
1027 4376 1301 4428 diversum
1355 4375 1724 4443 processimus
1777 4377 2021 4438 mmlum,

449 4447 544 4503 sed
577 4447 984 4515 perimateriem
1009 4444 1457 4505 individuantem,
1489 4456 1540 4498 et
1573 4443 1766 4515 farinae
1797 4444 2026 4498 diversi-

451 4514 616 4571 tatem
641 4514 1067 4582 distinguantur,
1100 4529 1220 4582 quae
1253 4515 1430 4566 omnia
1469 4515 1521 4566 in
1551 4514 1754 4566 divinis
1780 4515 2027 4582 personis

453 4589 630 4642 locum
685 4600 791 4636 non
840 4585 1074 4638 habent:
1110 4586 1220 4637 imo
1258 4584 1528 4637 interdum
1570 4584 1642 4636 uti
1701 4585 1884 4638 videre
1943 4591 2029 4638 est

456 4656 595 4724 apud
630 4653 690 4724 ἰ).
720 4653 986 4705 Thomam
1015 4669 1066 4721 p.
1105 4669 1140 4714 ι,
1177 4663 1370 4720 quaest.
1397 4653 1487 4724 56,
1524 4663 1627 4708 art.
1667 4655 1720 4719 5,
1769 4653 1834 4706 ad
1864 4654 1913 4717 l,
1951 4653 2028 4724 si-

455 4722 790 4791 militudines
841 4724 1129 4789 proposilte
1167 4731 1356 4776 contra
1421 4723 1670 4776 l’hotium
1723 4725 1903 4791 potius
1958 4722 2031 4775 fa-

455 4795 629 4850 ciunt.
666 4789 1049 4844 Verumtamen
1092 4801 1148 4844 ut
1179 4806 1369 4846 omnes
1398 4792 1677 4846 Photinnze
1701 4789 2032 4847 evanescant

459 4863 691 4924 olluciar,
724 4876 902 4928 operae
933 4863 1162 4929 pretium
1182 4862 1323 4916 duco
1352 4864 1688 4915 contrarium
1716 4861 1777 4914 D.
1809 4863 2032 4915 'l‘honue

462 4938 565 4988 hac
619 4932 687 4985 de
740 4946 798 4984 re
843 4941 1219 5000 argumentum
1264 4933 1370 4986 huc
1407 4941 1650 4986 attt-xere
1681 4951 1694 4986 :
1727 4931 2030 5000 Respondeo

457 5001 738 5057 dicendum
775 4999 912 5070 quod
946 5017 1146 5054 necesse
1194 5011 1269 5054 est
1295 5002 1468 5055 dicere
1494 5001 1753 5069 Spiritum
1789 4999 2031 5054 sanctum

462 5093 493 5126 a
531 5071 672 5125 Filio
699 5088 827 5125 esse.
857 5071 915 5124 Si
939 5072 1075 5122 enim
1101 5087 1200 5122 non
1225 5080 1301 5124 est
1324 5072 1386 5124 ab
1404 5087 1483 5129 eo,
1503 5071 1647 5124 nullo
1681 5072 1833 5124 modo
1863 5080 2032 5138 posset

464 5143 528 5196 ab
570 5159 628 5195 eo
674 5142 1019 5209 personaliter
1056 5142 1361 5207 distingui:
1387 5141 1524 5204 quod
1572 5157 1635 5193 ex.
1666 5158 1828 5209 supra
1876 5142 2032 5194 dictis

464 5222 625 5282 patet.
684 5210 800 5264 Non
823 5211 960 5262 enim
989 5219 1065 5282 est
1099 5211 1343 5278 possibile
1373 5211 1544 5262 dicere
1572 5213 1709 5278 quod
1749 5219 2034 5264 secundum

465 5281 670 5353 aliquid
706 5282 1003 5353 absolutum
1031 5281 1223 5333 dit-inte
1255 5295 1491 5353 persona;
1514 5281 1578 5331 ab
1607 5282 1821 5352 invicem
1844 5281 2036 5333 distin-

466 5346 732 5424 guantur;
787 5351 912 5424 quia
957 5346 1286 5424 sequeretur,
1341 5349 1480 5424 quod
1526 5346 1816 5424 nrtuesset
1877 5353 2037 5424 trium

467 5419 573 5478 iuta
629 5421 878 5475 essentia.
942 5419 1211 5489 Quidquid
1267 5420 1405 5470 enim
1457 5421 1508 5470 in
1558 5420 1745 5472 dirinis
1799 5421 2037 5472 absolute

466 5495 682 5556 dicitur,
719 5491 786 5542 ad
843 5490 1098 5542 unitatem
1144 5489 1381 5542 essentia:
1408 5489 1664 5556 'pertinet.
1707 5489 2038 5558 Relinquitur

467 5580 588 5630 ergo
642 5560 780 5630 quod
836 5575 876 5630 st
896 5559 1006 5610 lum
1064 5559 1406 5630 relationibus
1453 5559 1645 5610 divina:
1695 5575 1930 5627 persona?
1971 5557 2034 5610 ab

471 5627 690 5683 inuicem
745 5629 1168 5696 distinguantur.
1220 5627 1516 5681 Relationes
1563 5638 1737 5680 autem
1787 5643 2036 5696 personas

472 5700 796 5770 distinguere
838 5714 938 5750 non
982 5706 1237 5766 possunt,
1279 5698 1380 5750 nisi
1431 5699 1714 5751 secundum
1753 5698 1888 5768 quod
1920 5703 2041 5750 sunt

2127 4251 2422 4310 opposttte:
2477 4242 2617 4312 quod
2674 4257 2737 4295 ex
2793 4241 2889 4292 hoc
2946 4245 3119 4312 patet.
3168 4235 3292 4306 quia
3348 4233 3514 4312 .Pttter
3555 4234 3711 4288 habet

2124 4302 2258 4366 duas
2293 4302 2596 4376 relationes,
2627 4327 2850 4380 quarum
2887 4302 2994 4362 una
3034 4302 3262 4368 refertur
3288 4305 3379 4380 ad‘
3406 4302 3627 4362 Filium.
3659 4315 3710 4359 et

2126 4383 2236 4436 alia
2266 4383 2334 4436 ad
2365 4380 2624 4451 Spiritum
2640 4375 2882 4451 sanctum
2905 4396 2923 4431 :
2954 4387 3264 4451 qtttetamen
3287 4375 3415 4442 quia
3447 4391 3549 4427 non
3577 4386 3709 4451 sunt

2126 4445 2416 4520 oppositis;
2462 4468 2565 4504 non
2613 4450 2938 4520 constituunt
2966 4445 3134 4520 ‘duas
3186 4460 3460 4520 personas,
3498 4445 3587 4497 sed
3640 4446 3710 4520 ad

2128 4515 2285 4576 unum
2328 4532 2533 4574 tantum
2557 4535 2836 4588 personam
2876 4519 3051 4572 Patris
3077 4518 3359 4588 pertinent.
3395 4515 3458 4567 Si
3482 4530 3611 4588 ergo
3652 4517 3714 4567 in

2131 4593 2274 4646 Filio
2319 4602 2368 4645 et
2409 4585 2615 4656 Spiritu
2656 4598 2840 4644 sancto
2883 4603 2986 4641 non
3015 4596 3148 4640 esset
3185 4585 3418 4656 inuenire
3457 4585 3590 4636 duas
3625 4602 3715 4637 re-

2130 4663 2375 4726 lationes,
2429 4653 2614 4730 quibus
2670 4669 2885 4726 uterque
2937 4658 3165 4726 refertur
3199 4655 3268 4730 ad
3315 4653 3557 4730 Patrem,
3601 4656 3718 4709 illa:

2133 4734 2408 4788 relationes
2433 4725 2533 4783 non
2555 4741 2722 4783 essent
2749 4725 2815 4780 ad
2839 4725 3059 4780 invicem
3077 4726 3332 4794 opposita:
3352 4740 3370 4783 ;
3393 4725 3527 4776 sicut
3551 4740 3716 4794 neque

2131 4805 2251 4857 dure
2283 4801 2585 4862 relationes,
2621 4798 2809 4868 quibus
2845 4799 3005 4851 Pater
3027 4793 3257 4868 refertur
3295 4795 3363 4848 ad
3388 4795 3532 4846 illos.
3565 4793 3717 4868 Unde

2132 4877 2266 4928 sicut
2319 4888 2542 4940 persona
2591 4866 2771 4922 Patris
2809 4878 2882 4922 est
2915 4884 3059 4940 una.
3106 4867 3184 4918 ita
3229 4877 3533 4940 sequeretur
3575 4866 3718 4940 quod

2133 4935 2353 5015 persona
2373 4938 2524 5006 Filii,
2549 4951 2596 4994 et
2615 4938 3038 5015 Spiritus‘sancti
3056 4943 3337 5015 es_set_una,
3354 4935 3552 5015 [iubens
3577 4935 3716 5015 ditas

2135 5001 2412 5068 relationes
2447 5001 2709 5079 oppositas
2732 5009 2937 5062 duabus
2964 5006 3305 5079 relationibus
3345 5003 3556 5079 Pa_tris._
3600 5001 3718 5079 Hoc

2136 5095 2310 5138 autem
2359 5093 2434 5135 est
2469 5071 2804 5134 iriereticum.
2855 5094 2973 5130 cum
3017 5077 3165 5128 tollat
3199 5075 3355 5142 ﬁdem
3404 5071 3713 5126 Trinitatis.

2141 5156 2357 5222 Oportet
2387 5169 2508 5220 ergo
2537 5151 2672 5218 quod
2710 5147 2908 5222 Filius,
2935 5157 2982 5200 et
3014 5146 3245 5222 Spiritus
3275 5155 3492 5222 sanctus
3524 5142 3594 5195 ad
3622 5144 3717 5222 in-

2137 5213 2296 5279 uicem
2330 5213 2628 5290 refertam-ur
2659 5219 2915 5290 oppositis
2952 5213 3314 5290 relationibus.
3371 5213 3493 5290 Non
3538 5221 3715 5290 autem

2137 5304 2355 5365 possunt
2383 5283 2492 5346 esse
2516 5294 2579 5365 in
2607 5283 2796 5365 divinis
2842 5289 2964 5341 alia:
2996 5286 3277 5365 relationes
3307 5284 3582 5352 oppositre,
3609 5283 3714 5363 nisi

2139 5353 2420 5419 relationes
2446 5362 2682 5427 originis,
2725 5370 2781 5411 ut
2805 5375 2966 5424 supra
3003 5356 3282 5422 probatum
3316 5353 3715 5427 est:_opposi_ta:

2140 5447 2313 5488 autem
2336 5422 2611 5485 relationes
2636 5422 2854 5497 originis
2872 5422 3222 5497 accipiuntur
3244 5422 3535 5497 secundum
3564 5424 3715 5497 prin-

2143 5506 2421 5571 cipium,et
2444 5493 2736 5554 secundani
2749 5499 2885 5568 quod
2913 5508 2986 5551 est
3018 5514 3066 5571 ιιΔ
3084 5495 3364 5571 principio.
3383 5493 3714 5571 Relinquitur

2143 5561 2264 5643 ergo
2291 5561 2430 5641 quod
2460 5586 2661 5643 necesse
2674 5561 2972 5643 estdicere,
2991 5565 3066 5619 vel
3088 5561 3424 5643 nilnil-utesse
3444 5579 3477 5614 a
3507 5561 3711 5643 Spiritu

2147 5633 2332 5698 savncto
2380 5641 2539 5710 lquod
2571 5639 2748 5692 nullus
2801 5639 2996 5710 dicit),
3043 5633 3447 5710 t't;’l__S_p_iritum~
3469 5641 3711 5710 sanctum

2147 5731 2258 5768 esse
2274 5731 2304 5767 a
2332 5701 2642 5780 Fil'io,quod
2662 5725 2762 5763 non
2783 5701 3109 5776 conﬁtemur.
3133 5701 3272 5760 Ibid.
3300 5701 3472 5769 art.2,
3493 5703 3708 5769 incorp.
