3864 6218
147 346 243 408 2l3

1053 349 1154 409 AD
1212 349 1814 412 AMPHILOCHIUM
1852 349 2200 422 QUIESTIO
2239 350 2457 410 XXIX.

3294 296 3400 404 ait

155 460 226 529 τῷ
279 461 545 524 ἐλάττονι,
598 459 713 522 πῶς
740 458 862 529 οὐχ).
891 458 1070 531 πολλῷ
1096 460 1299 530 μᾶλλον
1329 460 1622 534 ἐνυπάρξει
1644 463 1721 535 τῷ

1830 466 2124 519 criminum
2161 462 2546 525 remissionem
2593 460 2906 531 largiretur.
2965 460 3018 514 ιιι
3065 458 3209 512 enim
3257 460 3403 528 quod

151 552 347 622 μείζονι
365 569 381 618 ;

116 813 120 815 ἓ
214 733 321 786 Καὶ
358 731 580 784 οὖδέπου
611 747 674 800 γε
700 731 833 786 διότι
863 732 974 785 τῶν
1021 732 1418 803 βαπτισμάτων
1456 734 1717 808 ἑκάτερον

152 826 207 878 τό
227 843 282 878 τε
325 823 593 888 Ἰωάννου,
631 823 726 878 καὶ
753 825 814 877 τὸ
843 827 1173 879 Δεσποτικὸν
1205 827 1401 895 ἄφεσιν
1431 828 1718 898 ἁμαρτιῶν

152 918 446 987 ἐχαρίζετο,
481 915 571 968 διὰ
597 916 760 969 τοῦτο
796 918 895 988 τὴν
919 919 976 970 ὲν
1007 919 1189 982 αὐτοῖς
1211 920 1504 988 ἁγνοητέον
1531 920 1718 989 διαφο-

153 1011 266 1080 ράν.
289 1009 426 1062 Οὐδὲ
469 1009 603 1080 γὰρ,
635 1009 757 1062 οὐδὲ
798 1011 852 1063 αἱ
882 1011 1106 1080 νομικα)⁸
1128 1010 1334 1077 θυσίαι,
1362 1012 1458 1064 καὶ
1487 1013 1541 1064 αί
1569 1013 1720 1064 τελε-

149 1102 255 1159 ταὶ,
289 1101 381 1151 καὶ
433 1098 503 1150 τά
553 1086 926 1168 βαπτίσματα,
955 1101 1092 1153 διότι
1141 1101 1250 1154 τῶν
1306 1101 1719 1170 ἁμαρτημάτων

150 1192 505 1262 ἐχρημάτιζον
561 1191 850 1261 κάθαρσις,
897 1193 986 1246 διὰ
1037 1193 1196 1246 τοῦτο
1238 1196 1335 1248 καὶ
1365 1194 1426 1246 τὸ
1472 1194 1720 1247 Ἰωάννου

151 1282 308 1352 μηδὲν
354 1281 536 1336 αὐτῶν
569 1282 850 1351 διαφέρειν
891 1284 1324 1352 ἀπαιτήσουσιν·
1358 1284 1492 1336 ἀλλὰ
1532 1282 1722 1353 ὥσπερ

152 1381 177 1430 ὁ
202 1375 508 1450 Πρόδρομος
532 1395 550 1427 ι
587 1375 790 1445 μείζων
818 1377 874 1428 ὲν
899 1379 1176 1446 γεννητοῖς
1205 1377 1500 1444 γυναικῶν,
1536 1396 1553 1428 ι
1583 1377 1723 1428 οὕτω

150 1471 205 1522 τὸ
235 1469 516 1540 βάπτισμα
565 1468 727 1522 αὑτοῦ
763 1469 949 1538 μεῖζον
999 1469 1106 1522 τῶν
1133 1469 1375 1540 νομικῶν
1405 1485 1418 1498 ο
1481 1470 1603 1522 ἐπεὶ
1629 1470 1724 1521 καὶ

148 1563 263 1612 ὅσον
294 1561 425 1629 πρὸς
450 1560 512 1612 τὸ
552 1559 775 1613 ἔλαττον
814 1559 1202 1629 ὑποστέλλεται
1249 1562 1282 1631 ἡ
1311 1561 1463 1630 φωνὴ
1502 1559 1597 1613 τοῦ
1632 1560 1722 1612 λό-

152 1667 262 1722 γου,
292 1657 320 1707 ὁ
358 1653 538 1723 κῆρυξ
584 1653 678 1706 τοῦ
724 1655 1158 1724 κηρυττομένου,
1209 1655 1239 1706 ὁ
1279 1655 1587 1725 πρόδρομος
1625 1655 1724 1722 τῆς

153 1745 430 1816 βασιλικῆς
473 1745 802 1814 παρουσίας.
835 1747 862 1798 ὁ
887 1745 1072 1808 δοῦλος
1101 1746 1194 1798 τοῦ
1224 1746 1507 1808 δεσπότου,
1539 1743 1721 1797 τοσοῦ-

1820 556 1998 611 inerat
2029 556 2253 619 minori,
2274 553 2556 624 quomodo
2580 553 2633 606 in
2661 553 2856 621 majori
2885 551 3055 606 multo
3086 551 3260 621 magis
3292 565 3406 605 non

1817 649 2169 704 invenietur?

1891 741 2077 810 Neque
2121 756 2250 796 vero
2292 743 2420 810 quia
2461 748 2757 807 utrumque
2808 737 3115 806 baptisma,
3175 735 3407 791 Joannis

1819 832 2028 888 scilicet
2069 843 2122 886 et
2160 832 2384 897 Christi,
2428 831 2730 886 sceleribus
2771 827 3116 882 remittendis
3169 827 3408 890 valebat,

1821 935 2108 994 propterea
2147 925 2292 978 nulla
2327 925 2471 977 inter
2496 939 2559 976 ea
2611 921 2916 976 differentia
2968 919 3127 974 debet
3161 919 3406 988 agnosci.

1818 1017 1935 1071 Non
1972 1016 2114 1069 enim
2146 1023 2200 1067 et
2231 1013 2429 1080 legales
2458 1012 2714 1075 vietiune,
2749 1020 2803 1064 et
2846 1009 3208 1070 caeremoniaa,
3244 1007 3409 1060 lotio-

1821 1123 2028 1176 nosque
2050 1149 2064 1168 ,
2099 1105 2228 1174 quia
2252 1105 2677 1165 mundationem
2726 1103 2995 1157 scelerum
3053 1099 3408 1169 praestabant,

1822 1201 2028 1254 idcirco
2065 1198 2200 1252 nihil
2229 1213 2258 1250 a
2299 1197 2629 1264 baptismate
2669 1193 2897 1249 Joannis
2926 1192 3135 1246 distare
3185 1199 3414 1243 conten-

1821 1292 1996 1344 dent:
2060 1289 2152 1343 sed
2211 1287 2673 1355 quemadmodum
2751 1283 2976 1352 (Major
3037 1284 3178 1336 inter
3250 1293 3412 1334 natos

1823 1382 2115 1435 mulierum
2143 1382 2189 1412 ’θ
2229 1399 2247 1430 ›
2300 1390 2418 1432 erat
2450 1378 2800 1440 Przecursor,
2860 1376 2933 1428 ita
2977 1375 3096 1443 ejus
3137 1374 3410 1443 baptisma

1823 1473 2088 1543 legalibus
2127 1472 2525 1536 antecellebat;
2567 1477 2853 1538 propterea
2887 1467 3049 1520 etiam
3079 1475 3284 1533 quanto
3309 1480 3414 1517 vox

1824 1567 2014 1629 verbo,
2050 1563 2375 1633 praedicator
2412 1563 2730 1632 praedicam,
2757 1575 3066 1629 przccursor
3099 1574 3226 1626 rege
3272 1572 3412 1624 prae-

1826 1669 2000 1724 seute,
2031 1668 2086 1712 et
2116 1675 2312 1712 servus
2357 1656 2581 1710 domino
2627 1655 2805 1708 minor
2849 1661 3108 1723 apparet,
3163 1661 3315 1706 tanto
3359 1661 3416 1708 et

1825 1751 2051 1805 Joannis
2086 1748 2608 1818 baptisma,tametsi
2637 1746 2965 1800 delictorum
2998 1750 3209 1798 veniam
3237 1744 3412 1808 daret,

147 1856 234 1892 τον
257 1838 349 1891 καὶ
378 1838 441 1890 τὸ
486 1835 582 1888 τοῦ
620 1837 869 1891 Ἰωάννου
900 1836 1207 1919 βάπτισμα,
1255 1838 1304 1889 εἱ
1333 1839 1426 1890 καὶ
1450 1836 1719 1906 κάθαρσιν

1830 1842 2053 1897 inferius
2088 1842 2378 1910 reperitur,
2410 1840 2497 1893 ubi
2535 1853 2658 1891 cum
2707 1836 2990 1890 Dominico
3036 1845 3412 1901 comparatur.

148 1933 393 2002 παρεῖχεν
422 1929 732 1999 ἁμαρτιῶν,
752 1930 813 1982 τὸ
842 1930 1185 2000 ἐνδεέστερον
1207 1931 1344 2000 πρὸς
1365 1929 1424 1982 τὸ
1449 1930 1725 2000 Σωτήριον

147 2023 494 2092 ἀποφέρεται.
554 2022 872 2092 Πρόδρομός
909 2022 1296 2084 ὲστιφὲκεῖνος
1323 2020 1416 2074 τοῦ
1463 2021 1726 2089 βασιλέως

152 2117 371 2179 πάντων,
405 2117 502 2167 καὶ
533 2115 632 2180 τῆς
670 2115 858 2183 κοινῆς
891 2114 1169 2183 σωτηρίας
1196 2114 1396 2184 κῆρυξ,
1423 2114 1518 2166 καὶ
1544 2113 1724 2183 τίμιος

151 2208 176 2258 ὁ
214 2205 367 2274 ἀνὴρ,
428 2205 528 2257 καὶ
573 2223 592 2255 ι
637 2203 840 2274 μείζων
896 2207 953 2256 ἐν
1007 2207 1285 2273 γεννητοῖς
1347 2203 1658 2271 γυναικῶν*
1699 2221 1717 2254 ι

152 2295 439 2365 πρόδρομός
492 2298 613 2348 ἐστι
650 2297 745 2350 καὶ
780 2296 841 2348 τὸ
873 2295 1157 2365 βάπτισμα
1192 2295 1358 2350 αὐτοῦ
1400 2294 1496 2347 τοῦ
1541 2296 1724 2365 Σωτη-

154 2389 256 2456 ρίου
297 2389 387 2441 καὶ
432 2387 786 2455 παγκοσμίου
832 2386 1205 2456 βαπτίσματος
1233 2403 1248 2416 ο
1313 2389 1409 2440 καὶ
1446 2387 1554 2439 τῶν
1581 2388 1721 2456 φθα-

153 2481 346 2532 σάντων
385 2480 490 2549 μὲν
546 2478 959 2547 ἐντελέστερον,
996 2477 1175 2547 πολλῷ
1203 2478 1260 2532 δὲ
1313 2477 1407 2530 τοῦ
1442 2477 1726 2547 μέλλοντος

150 2570 476 2641 ἐνδεέστερον
500 2586 515 2600 ⁸
543 2571 636 2622 καὶ
657 2570 919 2639 καθαῖρον
946 2571 1042 2639 μὲν
1071 2569 1345 2640 ἁμαρτίας
1361 2569 1567 2639 μᾶλλον
1585 2569 1722 2638 (56),

149 2663 278 2732 ἥπερ
309 2665 336 2714 ὁ
367 2664 569 2732 νόμος,
601 2661 701 2714 οὐκ
739 2665 798 2714 ὲν
823 2661 962 2731 πυρὶ
1011 2661 1067 2714 δὲ
1137 2663 1232 2714 καὶ
1262 2661 1561 2732 Πνεύματι,
1588 2663 1725 2733 ὅπερ

149 2755 482 2824 ηλτελειότης
515 2772 530 2785 ·
586 2757 685 2824 τῆς
715 2756 1053 2825 Αεσποτεκῆς
1099 2755 1207 2825 γάρ
1240 2756 1357 2806 ἔστι
1409 2754 1584 2825 μόνης
1631 2755 1726 2808 καὶ

151 2846 467 2916 ἱερουργίας,
512 2845 605 2898 καὶ
631 2844 1078 2916 φιλανθρωπίας,
1129 2846 1225 2898 καὶ
1257 2844 1375 2916 θεῷ
1407 2846 1726 2918 πρεπούσης

147 2938 413 3007 δυνάμεως
441 2937 608 2991 τοῦτο
635 2937 806 3009 δῶρον
865 2937 961 2991 καὶ
987 2938 1256 3008 χάρισμα.

215 3026 363 3080 ’ἐπεὶ
393 3028 495 3080 οὖν
525 3028 633 3080 τῶν
665 3028 1014 3098 ὑψηλοτέρων
1043 3029 1246 3082 τούτων
1277 3029 1429 3082 οὐδέν
1472 3047 1579 3100 περ
1609 3031 1726 3083 ἐστὶ

146 3121 238 3190 τῆς
273 3121 366 3174 τοῦ
413 3121 672 3175 Ἰωάννου
716 3121 860 3175 κατὰ
894 3123 956 3175 τὸ
997 3122 1281 3192 βάπτισμα
1341 3123 1588 3194 τελετῆς,
1637 3121 1726 3175 διὰ

1830 1933 1919 2008 ille
1946 1942 2030 1988 est
2060 1934 2214 2002 regis.
2235 1932 2480 1986 omnium
2515 1929 2848 1994 Prarcursor,
2875 1942 3294 1994 communisque
3328 1941 3416 1980 sa-

1827 2027 1956 2080 lutis
1990 2025 2334 2095 prmdicator,
2367 2023 2558 2091 virque
2583 2022 2791 2074 honore
2829 2019 3052 2090 dignus,
3078 2027 3141 2072 'et
3185 2037 3204 2070 ‹
3233 2017 3411 2088 Major

1828 2121 1972 2174 inter
2029 2130 2189 2173 natos
2246 2118 2582 2181 mulierum;
2625 2135 2642 2166 ι
2702 2113 3020 2168 Praecursor
3075 2121 3158 2166 est
3210 2111 3418 2181 pariter

1826 2212 1947 2280 ejus
1973 2210 2278 2280 baptismus
2321 2207 2614 2270 Dominici,
2654 2218 2708 2260 et
2739 2204 3073 2260 universalis
3113 2202 3417 2272 baptisma-

1828 2306 1936 2368 tis,
1986 2313 2150 2372 atque
2199 2301 2460 2355 omnibus
2507 2300 2725 2368 quidem
2790 2298 2986 2367 priscis
3040 2295 3416 2350 ablutiouibus

1826 2393 2118 2465 perfectior
2147 2411 2159 2447 :
2189 2390 2531 2446 instituendo
2561 2398 2743 2443 autem
2771 2389 3046 2458 baptismo
3079 2388 3242 2456 longo
3278 2385 3418 2441 infe-

1829 2489 1942 2542 rior
1971 2487 2288 2550 intervallo;
2320 2485 2621 2554 culpasque
2659 2481 2834 2550 magis
2875 2497 3038 2551 quam
3071 2479 3274 2548 scripta
3308 2479 3413 2542 lex,

1826 2577 2181 2641 cmundabat,
2238 2592 2344 2630 non
2396 2585 2576 2630 tamen
2607 2575 2660 2628 in
2693 2574 2816 2643 igne
2857 2582 2911 2626 et
2957 2570 3163 2640 Spiritu
3200 2577 3414 2632 sancte,

1827 2671 1970 2742 quod
2002 2670 2395 2739 perfectionem
2431 2666 2798 2722 constituebat
2826 2682 2840 2718 :
2882 2664 3048 2718 unius
3083 2663 3285 2733 quippe
3312 2660 3418 2715 Do-

1827 2764 2045 2819 minica:
2095 2761 2467 2831 operationis,
2522 2769 2578 2812 et
2606 2757 2910 2813 clementim
2933 2797 2950 2820 ,
3007 2765 3061 2811 et
3093 2756 3203 2812 Deo
3237 2757 3418 2825 digna:

1828 2855 2050 2920 virtutis
2075 2865 2158 2908 est
2186 2853 2289 2906 hoc
2327 2851 2534 2906 donum
2589 2858 2754 2920 atque
2787 2848 3086 2903 charisma.

1899 3033 2088 3102 Itaque
2149 3045 2272 3084 cum
2337 3027 2484 3080 nulla
2521 3026 2718 3078 barun.
2751 3022 3132 3079 sublimiorum
3165 3019 3416 3092 prepric-

1830 3135 1998 3177 latum
2059 3123 2111 3174 in
2169 3119 2513 3188 baptismatis
2562 3116 2791 3171 Joannis
2844 3114 3168 3170 caeremonia
3236 3114 3413 3168 locum

145 3213 287 3264 τοῦτο
314 3214 402 3265 καί
435 3231 590 3276 τινες
617 3213 728 3265 τῶν
757 3213 921 3282 ἱερῶν
947 3213 1103 3282 ἡμῶν
1133 3213 1390 3284 Πατὲρων
1413 3213 1721 3284 ἐθάρρησαν

1835 3211 2062 3277 habeat,
2119 3213 2240 3266 ideo
2294 3213 2460 3265 etiam
2514 3208 2762 3263 nonnulli
2816 3215 3132 3262 sanctorum
3188 3204 3412 3258 Patrum

145 3307 325 3371 ἄφεσιν
354 3306 648 3378 ἁμαρτιῶν
694 3308 870 3360 εἰπεῖν
905 3308 981 3378 μὴ
1021 3309 1284 3378 παρέχειν
1345 3307 1498 3362 αὐτό.
1542 3306 1721 3360 Πολλά

146 3402 242 3474 γάρ
268 3402 365 3472 τῆς
397 3404 626 3474 χάριτος
669 3402 763 3455 τοῦ
798 3403 941 3455 κατά
969 3402 1030 3455 τὸ
1053 3403 1328 3473 Σωτήριον
1366 3403 1721 3478 ἀπολείπεται

148 3495 434 3564 βάπτισμα,
489 3495 589 3548 καὶ
643 3495 750 3549 ἀπὸ
795 3494 898 3564 τῆς
935 3494 1072 3566 πρὸς
1118 3495 1295 3547 ἐκεῖνο
1350 3496 1718 3566 συγχρίσεως’

149 3587 261 3638 ἐπεὶ
287 3587 386 3658 τῆς
439 3587 566 3657 ἴσης
607 3587 813 3656 δωρεᾶς
856 3587 1204 3658 ἀπεκρίνετο,
1246 3588 1339 3640 καὶ
1390 3587 1488 3654 τῆς
1528 3585 1722 3654 ὁμοίας

147 3677 236 3728 οὐκ
260 3673 324 3748 ἦν
351 3678 621 3748 χορηγίας
643 3677 942 3747 οὐδαμόθεν
969 3678 1312 3748 καθάρσεως.
1353 3678 1595 3742 Εἰκότως
1625 3675 1721 3732 οὖν

147 3767 254 3820 οὐδὲ
286 3769 384 3839 τὴν
425 3770 626 3837 ἄφεσιν
681 3768 830 3839 αὐτῷ
868 3769 979 3822 τῶν
1029 3769 1450 3840 ἁμαρτημάτων
1499 3769 1720 3823 ἀπελεί-

149 3875 322 3912 ποντο.
357 3859 465 3913 Τοῦ
516 3859 627 3931 γὰρ
689 3860 958 3930 μακαρίου
1015 3861 1250 3931 Μάρκου
1298 3860 1570 3929 λέγοντος,
1626 3861 1722 3914 καὶ

146 3949 230 4002 τοῦ
263 3951 620 4022 ἱεροκήρυκος
651 3953 838 4005 Λουκᾶ
853 3952 1181 4024 συνάδοντος
1211 3953 1408 4023 ἄφεσιν
1432 3953 1722 4026 ἁμαρτιῶν

147 4035 276 4096 εἶναι
323 4045 662 4113 παρεκτικὸν
709 4045 771 4096 τὸ
809 4043 1059 4098 Ἰωάννου
1119 4043 1426 4116 βάπτισμα,
1484 4045 1604 4108 πῶς
1651 4046 1722 4115 (εἰ

148 4136 258 4189 κατ’
279 4137 434 4191 ἄλλον
473 4138 598 4191 τινὰ
622 4137 847 4208 τρόπον,
879 4137 1014 4190 ἀλλὰ
1041 4137 1135 4208 μὴ,
1186 4137 1244 4191 ὃν
1269 4141 1303 4211 ἠ
1336 4139 1623 4208 σύγκρισις
1659 4139 1722 4193 τὸ

147 4233 328 4301 τραχὺ
358 4232 458 4302 τῆς
520 4231 830 4298 ἀντιλογίας
880 4231 1290 4301 διαπραΰνουσα
1331 4234 1720 4304 παραδέχεται)

152 4323 239 4374 οὐκ
284 4325 347 4378 ἂν
383 4325 675 4388 αὐθαδείας
715 4319 1030 4397 ὑπαίτιονῇ
1081 4325 1141 4376 τὸ
1174 4323 1251 4394 μὴ
1284 4325 1545 4395 παρέχειν
1590 4324 1723 4379 αὐτὸ

150 4415 402 4486 κάθαρσιν
455 4418 566 4470 τῶν
618 4417 1034 4487 ἁμαρτημάτων
1089 4417 1545 4488 διισχυρίζεσθαι,
1579 4417 1718 4472 ἀλλά

149 4508 231 4560 καὶ
259 4512 363 4562 τῶν
389 4510 631 4581 νομικῶν
665 4510 788 4564 κατ’
807 4511 939 4564 αὑτό
965 4527 1027 4580 γε
1055 4511 1217 4564 τοῦτο
1245 4510 1380 4565 πολὺ
1421 4511 1722 4582 διελέγχειν

150 4602 516 4674 εὐτελέστερον
539 4620 553 4670 ;

212 4870 332 4934 Τοῖς
357 4872 414 4925 δὲ
451 4871 662 4938 γένοιτο
694 4872 826 4938 ἴσως
855 4892 1148 4945 καταφυγη
1181 4875 1275 4928 καὶ
1299 4876 1360 4929 τὸ
1399 4876 1496 4928 τοῦ
1527 4875 1719 4931 θεοσο-

151 4977 241 5027 φου
275 4965 457 5016 Λουκά
485 4964 647 5035 ῥητὸν
670 4965 758 5018 διὰ
791 4964 883 5018 τοῦ
915 4965 1190 5036 μακαρίου
1226 4967 1457 5037 Μάρκου
1491 4966 1722 5038 ἐξευμε-

151 5053 399 5119 νίζεσθαι,
439 5058 535 5110 κα)⁵
578 5056 678 5128 τὴν
732 5058 870 5129 πρὸς
895 5059 1091 5121 αὐτοὺς
1126 5058 1392 5112 δοκοῦσαν
1423 5059 1721 5127 διαφωνίαν

150 5143 234 5197 έίιτ
245 5147 748 5221 ρέπεσθαι.Τὸγὰρ,
762 5170 779 5201 ι
808 5151 1116 5222 Κηρύσσων
1131 5152 1414 5223 βάπτισμα
1432 5152 1722 5222 μετανοίας

152 5238 220 5298 εἰς
272 5240 464 5304 ᾶιρεσιν
514 5242 835 5311 ἁμαρτιῶν,
890 5262 908 5294 ι
964 5244 1084 5314 οὐχ).
1146 5243 1206 5296 τὸ
1250 5244 1723 5316 αὐτονργούμενον

155 5324 423 5396 βὲπτισμα
463 5330 616 5399 παρὰ
640 5330 735 5383 τοῦ
768 5332 1084 5402 Προδρόμου
1113 5333 1320 5386 εἴποιεν
1352 5335 1418 5388 ἂν
1461 5337 1717 5407 παραδη-

153 5415 265 5466 λοῦν
290 5433 304 5446 ·
333 5418 447 5471 ἀλλ’
479 5421 686 5473 ἐκείνου
704 5421 810 5486 τοῦ*
833 5421 1207 5492 βαπτίσματος
1233 5419 1376 5478 εἶναι
1431 5443 1717 5492 παραστα-

157 5509 298 5560 τικῖν
327 5506 385 5564 οὗ
422 5511 598 5582 κῆρυξ
629 5515 657 5566 ὁ
701 5515 958 5586 Ἰωάννης
992 5515 1321 5572 ἀπέσταλτο.
1360 5519 1468 5571 Καὶ
1489 5520 1600 5590 γάρ
1629 5519 1722 5571 τὸν

222 5601 264 5631 η
291 5599 477 5660 Matth.
513 5622 586 5668 XI,
623 5607 709 5662 ll.
797 5594 820 5616 ’

1825 3315 2142 3361 nostrorum
2182 3321 2279 3374 per
2309 3319 2427 3356 eam
2461 3318 2572 3356 non
2613 3299 2813 3355 remitti
2847 3306 3071 3369 peccata
3103 3309 3420 3353 asseverare

1824 3398 1945 3453 ausi
1976 3406 2126 3452 sunt.
2162 3397 2218 3449 ln
2261 3396 2450 3449 multis
2498 3393 2644 3448 enim
2681 3408 2710 3445 a
2751 3392 2925 3463 gratia
2952 3429 2968 3455 ,
3006 3405 3169 3459 quam
3209 3387 3414 3443 Christi

1825 3490 2098 3559 baptisma
2121 3486 2356 3550 confert,
2382 3497 2431 3540 et
2464 3502 2493 3541 a
2518 3485 2780 3556 dignitate
2797 3500 2922 3538 cum
2952 3483 3072 3550 ipso
3095 3489 3414 3550 comparata

1822 3581 2040 3646 deficit;
2073 3579 2342 3648 siquidem
2381 3577 2436 3630 in
2470 3576 2717 3631 beneficii
2775 3575 3008 3644 paritate
3041 3572 3419 3643 distingueba-

1827 3683 1937 3736 tur,
1969 3670 2270 3740 eademqne
2294 3667 2706 3724 cmundationis
2737 3667 2893 3736 cepia
2925 3679 3272 3734 nequaquam
3304 3662 3422 3740 pol-

1824 3764 1970 3818 lebat
2005 3782 2018 3816 :
2053 3763 2199 3817 unde
2235 3761 2474 3816 fortasse
2510 3775 2578 3813 ne
2607 3758 2992 3812 remissionem
3024 3755 3243 3825 quidem
3289 3737 3414 3823 ρεα-

1824 3866 2072 3912 catorum
2104 3855 2206 3926 ipsi
2243 3856 2600 3925 reliquerunt.
2659 3851 2952 3905 Enimvero
3030 3864 3156 3903 cum
3223 3847 3418 3902 beatus

1824 3948 2043 4004 Marcus
2078 3958 2351 4009 testetur,
2388 3957 2442 4002 et
2489 3961 2658 4001 sacra!
2699 3959 2878 4015 praeco
2927 3943 3190 3997 doctrinm
3237 3939 3419 3994 Lucas

1825 4041 2170 4104 consentiat,
2239 4041 2384 4108 quod
2454 4037 2683 4093 Joannis
2766 4034 3040 4104 baptisma
3114 4033 3418 4086 remitteret

1826 4144 2050 4204 peccata
2086 4150 2099 4186 :
2134 4131 2416 4202 quomodo
2469 4130 2555 4200 (si
2609 4126 2806 4196 quovis
2858 4125 2964 4179 alio
3005 4132 3163 4193 pacto
3213 4135 3303 4176 res
3358 4135 3418 4175 sc

1827 4223 2045 4289 habeat,
2083 4239 2246 4293 quam
2304 4223 2436 4283 isto,
2471 4234 2583 4288 quo
2615 4225 2804 4272 nostra
2839 4211 3219 4282 interpretatio
3273 4209 3418 4264 sale-

1827 4318 2050 4373 brosam
2075 4313 2571 4371 contradictionem
2598 4307 2898 4370 imminuit,
2932 4314 2987 4359 et
3016 4301 3412 4359 admissibilem

1827 4407 2038 4477 reddit)
2089 4421 2200 4460 non
2257 4413 2404 4460 esset
2434 4399 2758 4456 temeritatis
2791 4405 2918 4450 nota
2960 4392 3288 4455 inurendas,
3319 4388 3413 4461 qui

1828 4500 2212 4555 remissionem
2279 4504 2628 4566 peccatorum
2691 4488 2919 4544 Joannis
2973 4485 3244 4555 baptisma
3304 4499 3414 4537 non

1752 4575 1802 4634 θ
1829 4597 2070 4652 tribuere
2101 4591 2477 4650 contenderet,
2516 4585 2645 4640 illud
2678 4596 2858 4638 tamen
2892 4582 2993 4636 hac
3023 4581 3141 4650 ipsa
3197 4592 3418 4648 quoque

1833 4689 1887 4741 in
1924 4703 1980 4741 re
2009 4683 2208 4740 veteris
2239 4683 2374 4752 legis
2407 4675 2750 4734 caeremoniis
2775 4675 2974 4728 mirum
2995 4679 3261 4743 quantum
3292 4684 3418 4740 per-

1831 4772 2028 4836 fectitts
2059 4778 2219 4832 vellet
2253 4772 2524 4845 arguere?

1903 4872 2002 4927 His
2049 4879 2230 4926 autem
2281 4866 2538 4922 Patribus
2589 4862 2894 4934 perfugium
2944 4858 3184 4914 fortasse
3231 4863 3417 4925 patere

1833 4967 2066 5036 poterit,
2114 4972 2168 5018 et
2217 4959 2486 5016 divinitus
2531 4956 2712 5012 edocﬁ
2746 4953 2909 5008 Luca:
2954 4949 3237 5005 oraculum
3289 4960 3416 5000 cum

1829 5061 1989 5115 beato
2026 5055 2208 5109 Marco
2233 5052 2545 5114 conciliare,
2562 5058 2618 5104 et
2636 5055 2982 5117 apparentem
3013 5043 3154 5094 inter
3177 5053 3274 5093 eos
3295 5037 3413 5092 dis-

1828 5150 2137 5207 sensionem
2165 5147 2442 5202 declinare
2468 5143 2676 5197 licebit.
2713 5139 2977 5193 Poterunt
2998 5134 3145 5188 enim
3179 5131 3418 5185 affirma-

1828 5260 1909 5307 re,
1941 5242 2085 5311 quod
2113 5239 2294 5295 verbis
2329 5257 2348 5288 ι
2382 5237 2687 5307 praedicans
2713 5232 3043 5301 baptismum
3078 5224 3416 5296 pmnitentiac

1828 5335 1883 5390 in
1923 5333 2300 5390 remissionem
2327 5339 2732 5400 peccatorum,»
2764 5334 3108 5391 nequaquam
3143 5317 3412 5385 baptisma

1827 5443 1860 5482 ει
1890 5428 2236 5482 Prmcursore
2267 5421 2713 5478 administratum
2743 5414 3099 5486 significetur,
3134 5409 3226 5464 sed
3276 5403 3410 5458 illud

1827 5520 2188 5591 portendatur
2221 5557 2238 5586 ,
2291 5533 2380 5574 cut
2429 5510 2796 5584 praedicando
2844 5508 2962 5578 ipse
3023 5504 3226 5558 missus
3269 5503 3408 5551 erat.

222 5783 330 5856 (56)
376 5786 489 5844 lloc
528 5789 843 5849 adverbium
887 5808 1050 5850 sensu
1089 5791 1398 5864 postulante
1443 5695 2039 5859 supplerigtliﬁutavi.
