3864 6218
135 206 221 269 217

132 311 358 386 οὐρανῶν.
399 328 414 359 ι
464 280 584 361 Καὶ]
617 306 722 377 μὴν
769 307 797 358 ὁ
824 303 1078 375 Ἰωάννης
1129 311 1184 359 ἐν
1233 309 1508 377 Πνεύματι
1561 308 1663 361 οὐκ
1690 314 1734 369 Α

133 405 405 468 asangm,
452 399 644 452 οὐκοῦν
698 398 818 451 οὐδὲ
876 400 956 461 είς
1008 399 1108 468 τὴν
1178 399 1455 467 βασιλείαν
1514 417 1659 470 παρ-

132 502 317 566 ἔπεμπε
359 492 459 544 τῶν
506 489 750 561 οὐρανῶν
773 507 786 521 ο
811 491 860 542 εἰ
895 491 952 542 δὲ
1003 492 1076 560 μὴ
1112 491 1501 560 παρέπεμπεν,
1538 491 1660 544 οὐδὲ

135 590 217 658 τὴν
236 588 409 653 ἄφεσιν
433 581 600 634 ἐδίδου
628 580 736 633 τῶν
765 580 1085 634 κωλυόντων
1110 580 1208 651 τὴν
1245 581 1470 652 είσοδον.

199 675 274 739 Ἐξ
305 671 389 724 οὖν
418 668 522 723 τῶν
552 667 879 740 εἰρημένων,
920 671 1015 723 καὶ
1057 670 1125 723 δι’
1178 665 1252 722 ὧν
1314 669 1581 740 προῆλθεν
1626 671 1660 738 ἠ

131 758 606 832 ἀμφισϐητημάτων
636 759 968 830 παράθεσις,
1008 759 1145 830 πρός
1174 776 1234 811 τε
1269 758 1369 828 τὴν
1393 757 1606 811 δίαιταν
1635 762 1664 813 ό

128 855 262 921 λόγος
294 849 611 921 ὡρμημένος
642 850 870 919 ἐφέρετο
893 891 908 915 ,
952 851 1174 901 σκοπεῖν
1225 849 1465 918 προσῆκε
1519 849 1663 914 τίνος

129 945 212 1012 μὲν
244 943 297 994 ἐν
329 939 498 1010 κέρδει
533 939 973 1010 καταστήσομεν·
1011 937 1113 990 ποῦ
1141 939 1197 990 δὲ
1225 937 1533 1008 στησόμεθα
1568 937 1663 990 τοῦ

125 1033 424 1102 ζητήματος,
466 1031 560 1082 καὶ
616 1030 749 1098 πρὸς
795 1030 857 1082 τὸ
896 1029 1194 1083 ἀσάλευτον
1223 1031 1257 1099 ἡ
1285 1029 1492 1082 διάνοια
1535 1047 1665 1098 στη-

129 1124 450 1196 ριχθήσεται;
506 1121 670 1174 Ἀλλά
720 1121 830 1191 γάρ
858 1121 964 1192 πρό
1004 1138 1068 1189 γε
1108 1121 1204 1174 τοῦ
1246 1121 1432 1184 τέλους
1461 1121 1666 1192 βραχύς

125 1234 194 1280 τις
215 1214 543 1286 προηγείσθω
569 1215 669 1281 τῆς
698 1214 909 1284 διαίτης
936 1213 1093 1281 λόγος
1127 1215 1286 1284 μέχρι
1320 1213 1415 1268 νῦν
1447 1213 1666 1267 ὑπολει-

123 1309 349 1376 πόμενος.
392 1305 463 1357 Τό
503 1322 561 1358 τε
606 1305 716 1376 γάρ
757 1304 852 1358 τοῦ
889 1304 1177 1358 Θεσπεσίου
1216 1305 1445 1376 Μάρκου
1489 1305 1667 1371 λόγιον

123 1399 259 1468 διπλῇ
306 1395 692 1460 ἀναϐαπτίζειν
750 1397 1129 1466 βαπτίσματος
1175 1396 1364 1467 χρείαν
1420 1395 1667 1459 ἐκϐιάζε-

124 1488 228 1539 σθαι
262 1485 368 1556 (57)
407 1485 488 1554 (τὸ
519 1486 626 1556 γὰρ
660 1484 772 1556 (58)
793 1485 897 1539 ’τοῦ
939 1487 1188 1540 Ἰωάννου
1228 1487 1386 1556 μόνον
1423 1487 1667 1555 άόιάστῳ

122 1579 300 1647 κρίσει,
359 1579 450 1630 καὶ
488 1577 822 1647 άποστολικῇ
883 1579 1119 1649 φράσει,
1182 1579 1664 1650 ἐπισημαίνεται)·

120 1669 201 1718 καὶ
226 1667 284 1736 δὴ
316 1667 404 1719 καὶ
429 1666 490 1718 τὸ
523 1668 998 1737 άμφιΰαλλόμενον
1021 1671 1101 1731 είς
1124 1668 1469 1740 κατασκευὴν
1501 1685 1665 1739 μετα-
1698 1648 1740 1703 Β

119 1758 383 1829 λαμϐάνειν
410 1759 649 1823 διανοίας
676 1761 812 1830 πρὸς
834 1761 1089 1832 διάφορον
1113 1762 1402 1831 ὁμολογίαν
1431 1764 1668 1834 ἐναρμο-

118 1850 350 1920 ςομένης,
379 1850 743 1905 ἀνακόλουθον
763 1868 776 1882 ⁶
803 1853 1113 1906 τούναντίον
1137 1854 1244 1924 γὰρ
1268 1853 1412 1908 ἅπαν
1432 1853 1494 1908 τὸ
1520 1858 1671 1924 μονό-

117 1957 294 2010 τροπον
322 1941 428 1994 τῶν
485 1941 646 2012 ίερῶν
701 1944 963 2014 ῥημάτων
1011 1943 1106 1996 τοῦ
1139 1946 1344 2008 Λουκᾶ,
1398 1945 1467 1998 δι’
1512 1941 1586 1998 ὦν
1614 1945 1670 1999 ἓν

120 2033 379 2102 βάπτισμα
408 2034 468 2087 τὸ
503 2030 598 2088 τοῦ
642 2036 887 2089 Ἰωάννου
911 2038 1072 2104 μόνον
1087 2035 1300 2107 τρανῶς
1331 2038 1671 2106 ἀπαγγέλλε-

118 2142 214 2190 ται,
248 2128 334 2178 καὶ
371 2126 485 2179 τῶν
522 2128 937 2198 ἁμαρτημάτων
969 2129 1003 2199 ἡ
1046 2128 1241 2198 ἄφεσις
1291 2130 1671 2200 παραδίδοται.

119 2215 269 2269 Τοῦτο
306 2217 515 2286 μᾶλλον
548 2216 706 2286 εἴπερ
735 2219 859 2270 τινὰ
902 2221 996 2272 καὶ
1036 2219 1366 2290 ἀμφιϐολίαν
1403 2220 1672 2292 μερισμοῦ

119 2312 353 2379 παρεῖχεν
389 2308 457 2362 τά
487 2309 585 2362 τοῦ
619 2313 891 2380 μακαρίου
926 2313 1157 2381 Μάρκου
1184 2313 1430 2382 ῥήματα,
1470 2315 1551 2375 είς
1577 2312 1676 2383 τὴν

117 2398 198 2451 τοῦ
225 2401 336 2463 ἐνὸς
364 2401 429 2454 ἂν
451 2401 666 2454 ίθύνετό
685 2419 744 2453 τε
783 2402 880 2454 καὶ
901 2403 1333 2472 συναπηρτίζετο
1364 2404 1677 2475 βαπτίσμα-

117 2504 193 2549 το;
219 2487 459 2559 δήλωσιν.
489 2489 658 2544 Ἀλλά
682 2491 789 2562 γὰρ
810 2493 904 2544 καὶ
932 2493 994 2544 τὸ
1028 2493 1086 2545 ἐν
1109 2493 1262 2546 ὕδατι
1284 2494 1561 2563 βαπτίζειν
1586 2496 1678 2550 τὸν

126 2581 382 2652 Ἰωάννην,
406 2586 464 2636 ἐν
491 2585 777 2653 [Ινεύματι
817 2585 872 2638 δὲ
917 2586 1009 2638 τὸν
1071 2587 1299 2656 Ἰησοῦν,
1355 2587 1416 2639 τὸ
1451 2587 1682 2657 μέγεθος

114 2673 258 2743 ἴσμεν
278 2675 372 2745 τῆς
401 2675 490 2729 δια
505 2678 702 2744 φορᾶς,
738 2677 833 2729 καὶ
859 2678 921 2729 τὸ
946 2679 1088 2730 κατὰ
1137 2679 1460 2751 παραϐολὴν
1507 2680 1680 2748 ἀσύγο

117 2781 283 2834 κριτον
295 2762 738 2836 ἀπαγγέλλει,οὖ
762 2769 858 2838 τὴν
883 2769 1078 2837 ἄρεσιν
1096 2769 1204 2822 τῶν
1219 2771 1500 2839 ἁμαρτιῶν
1515 2773 1684 2840 ἀφαιο

119 2859 388 2929 ρεῖταιτῆς
419 2860 743 2929 ἱερουργίας
784 2860 1058 2914 Ἰωάννου.
1093 2862 1204 2914 Ναὶ
1236 2862 1294 2914 δὲ
1330 2862 1424 2914 καὶ
1447 2862 1508 2914 τὸ
1545 2863 1684 2931 μετὰ

1043 196 1139 254 Μ)
1179 194 1770 256 AMPIIILOCHIUM
1795 191 2139 265 QUIESTl‘O
2170 193 2380 251 XXIX.

3218 186 3326 251 218

1764 322 1928 376 gnum
1965 306 2227 360 cmlorum
2252 305 2318 358 3‘.
2351 325 2370 355 ι
2424 305 2486 356 Et
2511 302 2749 356 Joannes
2775 302 2991 372 quidem
3041 302 3094 355 in
3123 301 3327 372 Spirittt

1764 417 1875 454 non
1906 401 2252 469 baptizabat,
2307 398 2451 452 unde
2487 409 2586 451 nec
2625 397 2953 450 immittebat
3001 397 3054 450 in
3103 411 3326 466 regnum

1763 491 2026 546 cmhrrum
2062 509 2075 543 :
2103 493 2244 560 quod
2285 490 2333 545 si
2368 501 2475 544 non
2509 488 2853 553 immittebat,
2873 497 3018 542 certe
3043 503 3218 558 neque
3241 490 3331 544 illa

1762 581 2090 648 dimittebat,
2125 599 2152 637 ε
2189 583 2390 653 quibus
2410 582 2691 653 ingressus
2716 580 3166 650 praecludebatur.

1828 675 1912 730 Ex
1943 677 2026 729 his
2059 676 2240 745 igitur,
2263 690 2383 744 quae
2405 676 2552 730 dicta
2579 681 2726 736 sunt,
2757 683 2812 727 et
2836 689 2933 744 per
2955 687 3076 742 qua:
3117 674 3330 728 luctan-

1767 765 1901 820 tium
1934 775 2381 835 argumentorum
2423 766 2594 820 erevit
2622 765 2900 835 congeries
2920 805 2935 831 ,
2969 768 3023 820 et
3053 781 3233 820 sermo
3265 767 3334 820 ad

1768 873 1867 912 nos
1890 858 2078 912 taudiu
2105 858 2444 912 distinendos
2475 859 2776 927 processit,
2816 872 2955 927 opus
2985 866 3131 914 esset
3159 859 3332 926 inspi-

1766 964 1892 1004 cere
1919 951 2108 1018 quanti
2136 964 2236 1018 pro
2279 963 2379 1003 sua
2429 950 2657 1004 utilitate
2695 948 2827 1003 illud
2880 950 3146 1018 baptisma
3191 951 3338 1004 testi-

1767 1043 2024 1097 mandunt
2055 1044 2147 1097 sit.
2178 1042 2408 1108 Quando
2438 1058 2567 1097 vero
2608 1053 2638 1095 a
2690 1043 3056 1114 disputatione
3099 1042 3334 1098 desiste-

1768 1151 1910 1197 mtts,
1937 1143 1990 1187 et
2017 1150 2170 1188 mens
2197 1136 2254 1188 in
2275 1136 2507 1204 quadam
2534 1135 2858 1189 certitttdine
2883 1136 3338 1190 conlirmabitur?

1766 1223 1834 1275 At
1863 1223 2008 1277 enim
2044 1224 2156 1276 haec
2179 1233 2295 1276 esto
2339 1223 2486 1277 velut
2516 1223 2695 1277 brevis
2729 1223 2974 1290 quaedam
3027 1233 3152 1277 ante
3192 1223 3338 1277 solu-

1769 1312 1972 1364 tionem
2003 1312 2282 1380 prannissa
2311 1313 2565 1376 diatriba,
2597 1327 2718 1380 qua:
2745 1312 2849 1366 huc
2875 1329 3048 1382 usque
3075 1313 3339 1383 producta

1767 1412 1871 1457 est.
1918 1402 2168 1458 Profecto
2203 1419 2303 1459 nec
2336 1405 2402 1458 ad
2452 1405 2795 1474 baptismatis
2828 1405 3113 1459 utilitatem
3154 1407 3339 1460 excln-

1769 1495 1998 1547 dendam
2035 1495 2176 1548 valet
2233 1496 2361 1548 illud
2407 1497 2517 1550 divi
2567 1497 2729 1551 Marci
2781 1496 3178 1560 testimonium,
3227 1513 3339 1566 quo

1769 1585 1948 1638 denuo
1979 1587 2236 1656 baptizari
2256 1588 2625 1658 praescribitur
2651 1591 2807 1658 (nam
2847 1588 2896 1642 id
2921 1591 3098 1643 solum
3120 1603 3149 1643 a
3175 1586 3342 1642 Joan—

1771 1695 1838 1734 ne
1886 1679 2129 1750 Baptista
2161 1679 2520 1748 irrel‘ragabili
2580 1679 2672 1733 illo
2721 1679 2982 1743 oraculo,
3027 1688 3082 1732 et
3116 1689 3341 1748 aposto-

1770 1773 1873 1827 lica
1901 1773 2166 1827 sententia
2181 1774 2549 1843 signiﬁcatur)
2574 1789 2586 1824 :
2607 1787 2704 1825 nec
2725 1771 2990 1841 quidquid
3020 1781 3338 1840 congestum

1769 1872 1888 1927 est,
1940 1872 1997 1916 ut
2037 1863 2204 1916 animi
2236 1861 2480 1930 Opinioni
2518 1861 2652 1915 mihi
2682 1858 2968 1913 contrariae
3011 1858 3342 1912 adhaerentis

1771 1963 2159 2008 astruerentur
2197 1961 2541 2022 argumenta,
2573 1961 2654 2006 est
2686 1961 3145 2005 consentaneum:
3174 1950 3344 2017 siqui-

1772 2046 1895 2100 dem
1935 2055 2125 2099 contra
2178 2054 2261 2098 est
2309 2053 2453 2098 totus
2509 2057 2791 2098 sacrorum
2832 2040 2995 2094 Lucae
3049 2039 3342 2093 verborum
3420 2067 3437 2079 -

1777 2137 2065 2190 uniformis
2098 2144 2410 2196 contextus,
2443 2134 2496 2186 in
2521 2131 2720 2201 quibus
2742 2132 2808 2186 de
2837 2145 2945 2184 uno
2963 2137 3168 2183 tantum
3186 2127 3346 2181 Joan-

1774 2227 1864 2282 nis
1888 2226 2162 2296 baptismo
2190 2225 2394 2279 diserte
2419 2226 2477 2278 tit
2506 2238 2709 2284 sermo,
2753 2233 2807 2275 et
2832 2221 3116 2290 culparum
3153 2219 3347 2272 remis-

1776 2321 1860 2376 sio
1890 2319 2142 2375 traditur.
2169 2315 2345 2388 quue
2380 2331 2446 2371 eo
2474 2316 2668 2385 magis,
2713 2314 2864 2384 quia,
2909 2314 2952 2367 si
2998 2312 3138 2365 beati
3182 2310 3347 2364 Marci

1776 2411 1942 2467 verba
1976 2409 2271 2478 quamdam
2300 2407 2672 2461 distinctioois
2697 2404 3112 2474 ambiguitatem
3155 2403 3350 2456 all‘erre'

1781 2502 2126 2563 videbantur,
2150 2517 2210 2553 ea
2253 2501 2318 2554 ad
2350 2515 2516 2553 unum
2539 2499 2768 2553 Joannis
2807 2497 3073 2566 baptisma
3106 2495 3350 2548 indican-

1781 2594 1908 2647 dum
1942 2593 2126 2645 referri
2170 2603 2336 2661 atque
2356 2588 2760 2644 accommodari
2801 2586 3091 2641 debebant.
3130 2585 3198 2637 At
3223 2597 3354 2638 vero

1783 2684 1927 2753 quod
1956 2691 2011 2738 et
2040 2684 2092 2736 in
2125 2698 2264 2752 aqua
2301 2682 2603 2749 baptizaret
2629 2677 2868 2732 Joannes
2890 2718 2904 2742 ,
2950 2684 3004 2730 et
3040 2675 3096 2728 in
3141 2672 3352 2742 Spiritu

1783 2773 1963 2834 Jesus,
1999 2774 2102 2826 ltoc
2150 2786 2420 2826 summam
2461 2786 2584 2826 esse
2613 2768 2949 2824 diversitatis
2982 2767 3351 2837 agnoscimus,

1787 2877 1840 2919 et
1895 2864 2037 2934 quod
2097 2863 2149 2916 in
2197 2863 2610 2933 comparatione
2656 2857 3020 2930 imparitatcnt
3071 2857 3266 2927 prodit,
3303 2863 3357 2908 at

116 2949 172 2999 τὺ
207 2949 480 3023 βάπτισμα
515 2955 764 3024 καρποὺς
787 2955 970 3021 ἀξίους
992 2956 1091 3024 τῆς
1112 2954 1493 3026 προλαὸούσης
1522 2971 1681 3024 μετα-

1791 2959 2166 3013 remissionem
2199 2964 2546 3026 peccatorum
2601 2968 2756 3008 sacro
2802 2950 3032 3004 Joannis
3079 2947 3204 3002 ritui
3246 2961 3387 3020 non

121 3041 252 3105 νοίας
282 3045 564 3114 ἐπιζητεῖν
590 3062 650 3098 τε
681 3045 830 3115 παρὰ
858 3046 966 3100 τῶν
986 3047 1434 3117 βαπτισαμὲνων,
1463 3046 1558 3099 καὶ
1581 3063 1686 3100 πασ-

127 3135 310 3202 ραινεῖν
330 3135 764 3202 ἐπιδείκνυσθαι,
793 3136 928 3190 ἀλλὰ
955 3139 1027 3208 μὴ
1059 3137 1444 3207 καταισχύνειν
1464 3137 1553 3190 διὰ
1579 3136 1688 3191 τῶν

120 3228 349 3299 ὑστέρων
373 3230 445 3284 τὰ
478 3230 766 3299 φθάσαντα
791 3248 804 3260 ·
857 3231 1210 3300 βεϐαιωτικὸν
1263 3230 1462 3301 μᾶλῖον
1494 3231 1560 3285 ἂν
1601 3232 1688 3300 εἴη

124 3320 208 3370 καὶ
231 3321 644 3391 παραστατικὸν
691 3324 756 3376 ἐκ
805 3323 914 3389 (59)
948 3322 1041 3374 τοῦ
1085 3321 1426 3392 κεκαοάρθαι
1457 3323 1546 3376 διὰ
1588 3323 1689 3392 τῆς

121 3412 418 3482 ἱερουργίας
469 3414 720 3466 Ἰωάννου
748 3417 861 3476 τοῖς
900 3413 1163 3484 Ἰορδάνου
1193 3414 1397 3484 νάμασι
1429 3413 1560 3475 τοὺς
1595 3413 1686 3466 λε-

123 3500 401 3572 λουμένους
431 3523 448 3537 υ
488 3499 632 3557 ἀλλὰ
682 3505 783 3557 οὐκ
839 3505 1115 3576 ἀναίρεσις
1158 3507 1220 3560 οὑ
1284 3507 1384 3577 μὲν
1433 3501 1527 3560 οὖν
1575 3507 1690 3568 τοῖς

125 3591 265 3648 λελου
272 3597 457 3665 μένοις
488 3596 836 3667 καθάρσεως.

181 3786 393 3839 Τούτων
419 3787 570 3839 οὕτω
592 3785 1059 3849 διατυπωθὲντων,
1080 3785 1175 3838 καὶ
1207 3784 1316 3838 τῶν
1349 3784 1691 3837 ἀντιπίπτειν

115 3880 405 3935 δοκούντων
437 3883 554 3935 τῶν
594 3883 692 3952 μὲν
713 3880 1182 3951 ἐκκαθαρθέντων,
1213 3880 1320 3933 τῶν
1353 3880 1410 3933 δὲ
1435 3880 1533 3951 τὴν
1559 3897 1694 3950 συμ-

119 3974 310 4038 φωνίαν
344 3974 751 4043 άνθελομένων,
807 3974 944 4043 μετὰ
1002 3972 1313 4044 παρρησίας
1341 3971 1692 4042 φιλαλήθους,

120 4063 205 4114 καὶ
259 4063 551 4132 θεοφιλοῦς
604 4063 778 4128 ἔξεστι
810 4063 904 4118 καὶ
953 4066 1188 4134 φρονεῖν,
1240 4063 1336 4116 καὶ
1383 4062 1584 4132 λέγειν,
1617 4061 1694 4124 ὡς

119 4157 335 4224 παρεῖχε
407 4156 513 4225 μὲν
566 4153 851 4223 ἁμαρτιῶν
902 4154 1094 4222 ἄφεσιν
1139 4154 1198 4206 τὸ
1237 4153 1327 4206 τοῦ
1376 4154 1694 4224 Προδρόμου

115 4245 416 4320 βάπτισμα,
454 4250 520 4302 οὐ
553 4250 772 4300 πάντων
801 4247 877 4312 δὲ,
909 4246 1094 4315 ὥσπερ
1123 4247 1243 4299 οὐδὲ
1267 4249 1320 4300 αἱ
1356 4250 1575 4317 νομικαὶ
1603 4264 1696 4300 τε-

1787 3051 2003 3106 adimit.
2038 3049 2306 3104 Praeterea
2348 3049 2394 3104 si
2426 3063 2456 3101 a
2489 3045 2780 3116 baptizatis
2817 3043 3024 3097 fructus
3059 3039 3209 3108 digni
3237 3053 3359 3093 sus-

1788 3153 1958 3211 cepta:
1997 3141 2333 3212 pcenitentia:
2386 3139 2827 3209 requirebantur,
2874 3147 3174 3202 eorumque
3219 3145 3360 3200 pra:-

1789 3233 2135 3288 scribebatur
2152 3231 2575 3293 c'lemonstratio,
2605 3245 2672 3283 ne
2701 3243 2798 3297 per
2832 3231 3146 3296 sequentem
3180 3223 3360 3292 pravi-

1791 3333 1955 3378 tatem
1980 3324 2162 3393 priora
2183 3326 2323 3377 bona
2359 3321 2726 3385 ltedarentur;
2759 3318 2860 3371 hoc
2890 3317 3026 3370 adeo
3061 3313 3366 3383 baptizatos

1791 3436 1888 3473 sua
1913 3417 2269 3471 mundatione
2297 3430 2406 3468 non
2434 3411 2699 3472 destituit.
2721 3420 2779 3464 ut
2808 3410 3134 3464 conlirmarc
3162 3404 3362 3476 potius,

1790 3491 1844 3565 et
1899 3519 2147 3563 astruere
2189 3507 2476 3569 rideatur,
2517 3505 2664 3574 quod
2721 3517 2816 3572 per
2876 3514 3086 3555 sacram
3139 3497 3364 3551 Joannis

1792 3603 2170 3656 caeremoniam
2209 3599 2492 3653 hominum
2525 3600 2664 3651 inter
2688 3595 2886 3649 ﬂuenta
2918 3591 3175 3646 Jordauis
3204 3591 3364 3643 ablu-

1786 3704 1973 3748 torum
2014 3693 2182 3746 corda
2211 3699 2644 3759 extergerentur.

1865 3785 1956 3840 llis
1984 3793 2162 3838 autent
2225 3784 2297 3837 ita
2350 3781 2666 3844 enucleatis,
2698 3787 2752 3833 et
2803 3777 3124 3850 quibusdam
3152 3791 3366 3840 eorum,

1793 3893 1915 3946 qua:
1974 3875 2204 3928 invicem
2263 3870 2539 3925 adversari
2589 3869 2934 3929 ridebantur,
2984 3867 3220 3934 rejectis,
3245 3864 3367 3916 aliis

1794 3978 1973 4022 autem
2021 3966 2087 4019 ad
2141 3962 2489 4018 concordiam
2551 3960 2807 4023 redactis,
2839 3966 3073 4027 Oportet,
3107 3965 3164 4009 ut
3188 3955 3279 4023 qui
3314 3961 3367 4004 et

1796 4059 2076 4113 veritatem
2122 4065 2176 4110 et
2216 4054 2384 4108 Deum
2421 4054 2652 4120 diligunt
2683 4061 2800 4105 tuto
2833 4051 2934 4104 sibi
2984 4048 3366 4118 wersuadeant.

1797 4164 1955 4222 atque
2007 4149 2279 4204 fateantur
2335 4146 2708 4200 remissionem
2757 4152 3100 4211 peccatorum
3143 4137 3367 4191 Joannis

1797 4243 2062 4313 baptisma
2098 4250 2408 4310 puestasse.
2441 4253 2546 4291 non
2582 4236 2828 4290 omnium
2871 4243 3072 4296 tamen,
3107 4229 3371 4299 quemad-

117 4336 258 4392 λεταὶ
303 4341 397 4394 καὶ
436 4341 650 4394 θυσίαι.
707 4339 840 4392 Οὐδὲ
873 4339 980 4410 γάρ
1008 4339 1129 4392 οὐδὲ
1178 4338 1283 4391 τῶν
1327 4340 1391 4392 ἐκ
1435 4339 1681 4409 προνοίας

1800 4335 2020 4388 modum
2059 4348 2125 4386 ne
2149 4333 2276 4401 ipsa:
2301 4331 2516 4400 quidem
2565 4327 2764 4395 legales
2814 4322 3152 4378 casremonia
3181 4319 3235 4374 et
3286 4335 3372 4373 sa-

118 4428 304 4494 φόνων,
339 4431 402 4482 οὐ
438 4430 553 4500 μὴν
581 4427 688 4480 οὐδ’
718 4427 771 4479 εἴ
797 4444 878 4488 τις
901 4425 1212 4495 ἀλλοτρίους
1262 4423 1472 4495 γάμους
1497 4423 1695 4493 διώρυο

117 4520 220 4585 ξεν,
254 4521 497 4574 οὐδ’ὄσα
551 4520 614 4571 τὸ
669 4519 893 4589 φρικτὸν
945 4518 1121 4570 ἐκεῖνο
1164 4515 1258 4569 καὶ
1306 4516 1553 4587 οὐράνιον
1581 4513 1695 4589 πῦρ

117 4614 220 4674 τοῖς
259 4613 472 4682 ἐνόχοις
513 4611 718 4681 ζημίαν
780 4606 1102 4662 ἐπέϐαλλον·
1139 4605 1232 4660 οὐδ
1273 4607 1448 4661 ἄλλων
1480 4607 1694 4662 πολλῶν

119 4699 414 4768 ἐξαγίστων
474 4701 577 4753 καὶ
634 4697 1027 4769 παραπλησίων
1081 4695 1257 4765 ἔργων
1299 4695 1398 4764 τὴν
1434 4695 1699 4766 κάθαρσιν

115 4791 277 4844 οὖτεό
304 4794 499 4862 νόμος,
521 4789 648 4844 οὔτε
675 4791 734 4844 τὺ
749 4789 997 4843 Ἰωάννου
1019 4787 1372 4856 διεπράττετο
1394 4786 1696 4857 βάπτισμα.

132 4882 286 4936 Ἀλλά
314 4883 536 4935 τούτων
569 4880 821 4934 ἁπάντων
847 4879 875 4931 ὁ
913 4878 1012 4948 μὲν
1057 4877 1240 4946 νόμος,
1271 4877 1368 4929 ὃσα
1395 4878 1470 4948 μὴ
1498 4879 1701 4950 προλα-

120 4971 224 5026 ϐὼν
243 4977 271 5027 ό
306 4973 538 5044 πρῶτος
584 4972 880 5042 νομοθέτης
913 4969 1322 5039 εἰσεπράττετο,
1351 4968 1610 5039 δικαστὴν
1639 4969 1702 5023 τὸ

124 5061 269 5130 ξίφος
305 5053 544 5128 ἐκάθιζε
566 5077 580 5093 ³
615 5063 677 5116 τὸ
709 5063 766 5116 δὲ
813 5062 1056 5116 Ἰωάννου
1082 5059 1364 5131 βάπτισμα
1393 5062 1470 5124 είς
1497 5063 1559 5114 τὸ
1585 5077 1700 5114 κοι-

187 5178 232 5209 ³⁸
261 5178 429 5234 Joau.
467 5193 555 5265 ιιι,
593 5177 646 5232 5.

1799 4426 2024 4481 crilicia.
2059 4423 2306 4478 Profecto
2333 4437 2434 4476 nec
2460 4417 2754 4474 homicidia
2783 4417 2963 4471 dedita
2994 4428 3156 4483 opera
3190 4420 3372 4481 βου-εις

1802 4528 1876 4579 ta.
1933 4533 2033 4571 nec
2087 4514 2248 4570 alieni
2313 4511 2549 4582 conjugii
2592 4509 2932 4572 vrolationes,
2991 4521 3092 4560 nec
3142 4519 3225 4564 ea,
3255 4518 3375 4570 qua:

1803 4607 2138 4662 horrendum
2182 4605 2353 4664 illum.
2411 4613 2466 4658 et
2491 4602 2770 4657 cmlestem
2819 4600 2997 4668 ignem
3037 4597 3092 4650 in
3129 4608 3249 4648 reos
3280 4608 3378 4662 pro

1800 4713 1960 4770 poma
2015 4690 2388 4760 demittebant,
2431 4710 2530 4750 nec
2578 4694 2812 4762 denique
2869 4691 2973 4766 alia
3023 4689 3190 4742 multa
3220 4700 3377 4740 exse-

1803 4789 2023 4854 cranda,
2058 4796 2111 4842 et
2141 4787 2335 4842 similia
2379 4800 2544 4854 opera
2595 4783 2974 4838 remissionem
3025 4779 3108 4834 vel
3135 4793 3202 4832 ex
3240 4777 3377 4845 lege.

1803 4883 1886 4937 vel
1915 4897 1981 4936 ex
2019 4879 2248 4935 Joannis
2274 4881 2595 4946 baptismate
2625 4874 3114 4945 consequebantur.
3149 4867 3254 4924 Sed
3280 4881 3373 4936 pro

1805 4973 2059 5028 omnibus
2095 4973 2178 5027 bis
2230 4972 2404 5042 culpis
2441 4970 2524 5025 lex
2553 4969 2796 5039 quidem,
2840 4965 2929 5020 ubi
2966 4963 3128 5035 primi
3164 4960 3383 5030 legisla-

1808 5066 1941 5119 toris
1973 5063 2313 5136 providentia
2349 5063 2575 5118 multam
2610 5076 2720 5116 non
2753 5061 3093 5120 decreverat,
3141 5051 3382 5125 gladium

1012 5330 1039 5356 ο
1649 5311 1882 5372 ΝΟΤᾸΕ.

192 5455 306 5532 (ii?)
338 5455 420 5532 ita
452 5453 644 5532 scribo
674 5469 771 5532 pro
807 5451 1160 5532 ὲκϐεδιάσθη.

128 5526 305 5649 ωιὸδ)
350 5526 567 5649 Sttpple
597 5522 726 5593 ἀπὸ,
762 5540 828 5580 ne
861 5533 972 5578 tota
997 5523 1096 5578 isra
1121 5522 1375 5594 periodus
1405 5529 1456 5577 te
1490 5536 1708 5594 quoque

187 5613 356 5667 rquea
389 5635 406 5650 .

1879 5455 1993 5525 (59)
2031 5457 2290 5529 Expunge
2324 5454 2388 5510 τὺ
2416 5455 2502 5521 ἐκ,
2529 5461 2585 5510 et
2625 5466 2850 5509 sensum
2914 5446 3139 5504 habebis
3170 5442 3399 5493 'manio-

1817 5543 1951 5584 rem.
2870 5545 2872 5548 ’
