3830 6210
451 249 561 312 219

1603 235 1869 298 ΡΗΟΤΙΙ
1900 229 2406 296 ΡΑΤΒΙΑΒΕΗΕ
2445 228 2555 288 CP.

3593 213 3695 275 9.20

453 374 554 428 pro
578 354 788 411 vindice
819 353 1089 408 statuebat
1124 371 1139 408 :
1181 351 1410 409 Joannis
1438 362 1620 408 autem
1666 353 1933 424 baptisma
1974 349 2034 404 ad

2144 348 2234 400 νδν
2275 346 2370 398 καὶ
2395 343 2668 413 Σωτήρων
2693 380 2709 406 ,
2758 338 2833 400 ὡς
2883 333 3062 405 πολλῷ
3104 334 3286 406 μεῖζον
3329 331 3567 402 ὑπάρχον
3599 331 3695 399 τῆς

454 445 780 507 universale,
845 455 901 498 et
957 443 1319 510 Dominicum,
1371 443 1520 513 quod
1570 457 1730 498 suam
1779 443 2035 497 virtutem

453 539 626 592 multo
659 535 962 599 excederet,
991 535 1337 588 amandabat.

523 626 706 693 Quare
751 635 804 680 et
863 626 976 695 ipse
1006 625 1335 695 Redemptor
1378 635 1586 692 noster,
1625 641 1748 681 cum
1778 623 2035 678 duritiem

454 717 636 771 cordis
664 725 718 770 et
747 715 1182 770 incredulitatem
1228 714 1624 769 Phariszeorum
1655 713 2034 782 exprobraret,

455 809 789 876 diceretque,
833 808 977 874 quod
1017 806 1262 860 animum
1307 808 1480 876 magis
1525 820 1688 874 quam
1727 804 2035 868 fornicarii,

457 909 511 953 et
557 898 832 968 publicani
909 898 1238 961 improbum,
1289 906 1344 951 et
1390 897 1840 952 inemendabilem
1881 911 2036 966 gere-

456 999 612 1056 rent;
662 990 931 1058 simulque
973 1005 1211 1052 uoceret,
1273 989 1496 1057 quinam
1543 999 1728 1043 essent
1766 988 1860 1057 qui
1903 1004 2036 1042 con-

456 1090 799 1136 verterentur
858 1096 888 1134 a
916 1091 1182 1150 peccato,
1219 1090 1274 1134 et
1321 1081 1649 1150 quibusnam
1709 1081 2033 1136 criminibus

455 1173 869 1227 absolverentur
901 1189 913 1225 :
947 1191 964 1223 ι
1008 1171 1166 1225 Venit
1195 1172 1259 1225 ad
1292 1187 1410 1236 vos,
1447 1173 1543 1238 ait,
1586 1170 1825 1228 Joannes
1865 1173 1918 1226 in
1950 1173 2036 1227 via

453 1264 692 1334 iustitiae,
749 1273 802 1316 et
835 1278 943 1316 non
975 1262 1282 1318 credidistis
1331 1263 1380 1317 ei
1398 1264 1477 1330 ³⁸;
1524 1281 1544 1314 ι
1607 1264 1681 1318 ita
1713 1272 1772 1317 ut
1799 1263 2035 1319 Joannes

455 1362 619 1417 esset,
680 1353 771 1420 qui
837 1367 930 1420 per
1002 1353 1334 1421 baptismum
1405 1353 1623 1421 injustaa
1689 1353 2031 1423 vectigalium

455 1443 780 1506 exactionis,
815 1441 1226 1507 fornicationis,
1252 1454 1318 1498 .et
1351 1444 1729 1513 hujuscemodi
1766 1446 2032 1500 scelerum

454 1533 765 1587 hominibus
820 1534 1036 1587 sincere
1084 1536 1477 1602 pmuitentibus
1503 1537 1714 1589 veniam
1745 1536 2028 1604 prwberet.

451 1626 522 1677 At
553 1641 725 1693 neque
776 1626 1038 1686 latrones,
1081 1642 1256 1694 neque
1299 1638 1640 1680 mortuorum
1689 1629 2031 1696 spoliatores,

2141 437 2278 499 ἰδίας
2301 433 2510 505 ἰσχύος,
2545 430 2898 500 παρέπεμπε.

2207 633 2299 686 Διὸ
2328 631 2422 684 καὶ
2457 631 2485 683 ὁ
2514 628 2706 698 Σωτὴρ
2736 624 2894 698 ἡμῶν
2921 623 3021 694 τὴν
3049 618 3504 692 σκληροκαρδίαν,
3531 618 3622 671 καὶ
3641 619 3700 671 τὸ

2137 722 2363 784 ἀπειθὲς
2397 717 2732 785 ἐξονειδίζων
2784 715 2892 770 τῶν
2919 713 3252 784 Φαρισαίων,
3286 711 3382 764 καὶ
3411 709 3598 778 δηλῶν,
3628 708 3703 770 ὡς

2134 811 2244 864 τῶν
2273 811 2329 862 ἐν
2352 809 2580 880 πορνείᾳ.
2625 808 2720 860 καὶ
2767 804 3027 874 τελωνείᾳ
3075 801 3337 873 βιούντων
3367 799 3580 869 χείρους
3606 798 3704 860 τὰς

2135 901 2359 971 γνώμας
2416 891 2522 954 και
2553 897 2915 970 ἀδιορθώτους
2971 894 3172 964 μᾶλλον
3206 893 3431 962 ἔφερον
3463 892 3554 942 καί⁸
3589 889 3704 958 ἅμα

2134 992 2420 1054 διδάσκων,
2445 991 2592 1054 τίνες
2617 1006 2679 1042 τε
2711 989 2900 1060 εἴησαν
2921 987 3029 1040 τῶν
3062 984 3123 1050 ἐξ
3153 982 3428 1054 ἁμαρτίας
3455 982 3705 1052 ἐπιστρε-

2137 1084 2366 1153 φόντων,
2427 1083 2520 1136 καὶ
2575 1082 2736 1135 τινων
2789 1077 3199 1151 ἁμαρτημάτων
3260 1075 3574 1136 ἀπελύοντο,
3605 1073 3703 1134 τὺ,

2142 1196 2161 1230 ι
2200 1173 2371 1230 Ἦλθε
2407 1177 2544 1246 πρὸς
2613 1175 2776 1245 ὑμᾶς,
2831 1173 3015 1243 φησιν,
3043 1174 3070 1224 ὁ
3110 1170 3364 1239 Ἰωάννης
3402 1168 3461 1218 ἐν
3499 1163 3600 1233 ὁδῷ
3628 1164 3704 1216 δι-

2136 1272 2454 1342 καιοσύνης,
2488 1271 2580 1323 καὶ
2630 1270 2728 1322 οὐκ
2760 1266 3114 1321 ἐπιστεύσατε
3165 1263 3316 1333 αὐτῷ
3343 1279 3357 1293 ο
3393 1279 3410 1313 ι
3451 1259 3590 1312 ὥστε
3621 1274 3707 1310 τε-

2139 1362 2365 1425 λωνείας
2402 1365 2520 1432 μὲν,
2552 1361 2646 1414 καὶ
2668 1358 2944 1430 πορνείας,
2981 1359 3076 1410 καὶ
3109 1355 3219 1408 τῶν
3251 1353 3510 1406 τοιούτων
3538 1350 3620 1419 εἴη
3645 1347 3707 1400 ἂν

2135 1455 2164 1506 ὁ
2226 1454 2479 1522 Ἰωάννης
2539 1453 2626 1504 διὰ
2660 1451 2754 1503 τοῦ
2820 1448 3194 1519 βαπτίσματος
3240 1447 3353 1507 τοῖς
3406 1438 3707 1501 εἰλικρινῶς

2143 1544 2464 1615 μετανοοῦσι
2507 1542 3029 1611 πραγματευόμενος
3078 1538 3366 1608 κάθαρσιν.
3400 1533 3476 1586 Οὐ
3513 1533 3622 1602 μήν
3648 1548 3709 1598 γε

2136 1636 2367 1708 λῃστάς,
2397 1635 2517 1688 οὐδὲ
2549 1632 2958 1704 τυμϐωρύχους,
2987 1629 3107 1683 οὐδὲ
3151 1630 3276 1689 τοὺς
3309 1626 3503 1687 ἄλλους
3545 1626 3712 1692 aper,-

453 1729 629 1784 neque
681 1717 910 1768 aliorum
968 1717 1327 1770 nefandorum
1385 1719 1678 1772 criminum
1726 1730 2032 1791 patratores

2177 1690 2204 1708 .I
2327 1690 2336 1697 .
2358 1690 2366 1696 '
2619 1690 2633 1704 ι
2746 1690 2758 1703 1
2814 1690 2846 1702 σι
2921 1690 2932 1693 ν
2948 1690 2957 1696 ν
3583 1690 3593 1692 _
3620 1690 3631 1692 _

2144 1729 2398 1796 τουργοῦς
2447 1727 2557 1778 τῶν
2616 1725 2976 1795 μολυσμάτων
3026 1721 3408 1791 ἀπήλλαττεν
3457 1718 3542 1769 ὅτι
3581 1715 3712 1785 μηδὲ

453 1806 801 1871 absolrcbat;
829 1807 1086 1875 quoniam
1131 1807 1182 1860 hi
1217 1825 1285 1861 ne
1313 1809 1586 1862 audebant
1617 1810 1840 1878 quidem
1873 1826 2032 1865 acce-

453 1897 602 1959 dere,
645 1907 698 1950 et
739 1898 948 1949 facinus
1009 1913 1166 1950 suum
1225 1900 1492 1962 conliteri,
1551 1916 1672 1954 cmn
1704 1904 2038 1956 conscientia

455 1988 590 2056 ipsis
633 1992 1032 2055 adversaretur,
1066 2002 1119 2046 et
1168 2008 1382 2061 pceuam
1425 1995 1769 2048 minitaretur
1795 2012 1858 2050 ex
1903 1997 2035 2067 legi-

372 2142 386 2153 ο
454 2081 578 2141 bus.
607 2098 705 2136 nec
738 2093 938 2137 smeret
959 2085 1170 2152 piacula
1199 2101 1384 2139 coram
1414 2087 1536 2140 aliis
1570 2102 1875 2142 recensere.

525 2167 697 2237 Igitur
728 2172 1042 2237 praestabat,
1094 2180 1153 2225 ut
1178 2171 1383 2225 dictum
1412 2182 1516 2239 est,
1550 2185 1606 2228 et.
1638 2175 1754 2243 ipse
1788 2176 2038 2230 Praecur-

459 2259 602 2313 soris
679 2259 980 2328 baptismus
1051 2272 1398 2329 peccatorum
1465 2265 1879 2332 remissionem,
1930 2283 2039 2322 non

459 2351 703 2404 omnium
737 2362 956 2417 autem;
992 2356 1190 2424 quippe
1216 2356 1332 2410 lliBC
1365 2355 1635 2412 Dominici
1705 2373 1771 2412 ac
1811 2359 2038 2413 divinis-

459 2440 584 2495 simi
639 2441 985 2509 baptismatis
1027 2445 1316 2512 peculiaris
1363 2457 1448 2501 est
1487 2447 1698 2502 virtus:
1749 2450 2040 2517 przestahat

461 2541 663 2594 tamen,
710 2533 839 2586 dum
886 2533 1129 2599 perfecto
1176 2535 1474 2593 Salvatoris
1521 2552 1872 2595 sacramento
1896 2543 2039 2595 viam

461 2628 778 2692 sternebat;
808 2636 1032 2696 eratque
1057 2637 1183 2683 ante
1212 2629 1545 2685 ablutionem
1579 2631 1809 2698 ablutio,
1841 2633 2036 2686 remis-

460 2714 549 2769 sio
567 2717 909 2784 partie‘ularis
923 2729 1047 2773 ante
1062 2721 1432 2775 omnimodam
1454 2707 1856 2788 remissionem,
1876 2733 2040 2794 atque

462 2806 776 2877 imperfecta
838 2811 1119 2866 inundatio
1177 2812 1440 2868 absolutae
1494 2815 1839 2869 mnudationi
1900 2831 2040 2884 pra:-

461 2898 664 2963 missa;
717 2898 811 2952 sed
866 2900 1069 2953 nullam
1116 2899 1424 2956 futurorum
1498 2903 1766 2957 bonorum
1829 2913 2034 2958 certam

2140 1818 2363 1889 θαρρεῖν
2395 1812 2534 1886 εἶχον
2559 1809 2703 1868 οὗτοι
2734 1813 3040 1884 προσιέναι,
3069 1812 3160 1865 καὶ
3185 1804 3629 1879 ἐξομολογεῖσθαι
3656 1803 3712 1854 τδ

2137 1912 2415 1980 τόλμημα,
2445 1909 2537 1962 τοῦ
2575 1909 2877 1970 συνειδότος
2907 1907 3092 1968 αὐτοῖς
3112 1901 3600 1975 προαπαντῶν-τος,
3624 1897 3714 1948 καὶ

2141 2003 2249 2054 ἀπὸ
2307 2001 2414 2053 τῶν
2477 2000 2660 2070 νόμων
2689 2000 2845 2067 δίκην
2875 1997 3229 2060 ἐπισείοντος,
3267 1993 3361 2047 καὶ
3393 1992 3496 2044 οὐκ
3516 1989 3714 2050 ἐῶντος

2139 2097 2252 2158 τοῖς
2285 2093 2463 2157 ἄλλοις
2497 2090 3020 2160 συγκαταλέγεσθαι.

2214 2185 2444 2254 Παρεῖχε
2473 2183 2571 2252 μὲν
2601 2177 2716 2242 οὖν.
2749 2184 2938 2250 ὥσπερ
2971 2180 3208 2250 εἴρηται,
3244 2177 3338 2231 καὶ
3359 2176 3420 2230 τὺ
3440 2175 3536 2228 τοῦ
3579 2176 3714 2244 Προ-

2138 2277 2338 2346 δρόμου
2363 2275 2646 2344 βάπτισμα
2698 2273 2805 2326 τῶν
2836 2273 3116 2343 ἁμαρτιῶν
3151 2272 3366 2340 ἄφεσιν,
3403 2271 3465 2322 οὐ
3502 2270 3717 2322 πάντων

2140 2368 2229 2420 δέ·
2264 2370 2421 2420 τοῦτο
2450 2368 2558 2436 γάρ
2579 2365 2671 2418 τοῦ
2701 2363 3030 2416 Δεσποτικοῦ
3077 2363 3173 2415 καὶ
3206 2361 3486 2415 θειοτάτου
3527 2357 3718 2428 βαπτξο

2143 2475 2348 2529 σματος
2373 2457 2431 2509 τὸ
2455 2457 2728 2526 ἐξαίρετον
2749 2472 2763 2486 ο
2799 2457 3026 2524 παρεῖχε
3080 2453 3134 2505 δέ
3170 2450 3618 2522 προευτρεπξζων
3645 2449 3718 2513 τῷ

2139 2546 2400 2617 Σωτηρίῳ
2431 2545 2530 2615 τὴν
2563 2544 2875 2613 τελειότητα
2897 2560 2907 2570 ·
2961 2543 3054 2596 καὶ
3100 2542 3325 2612 λουτρὸν
3361 2537 3431 2611 ἦν
3461 2541 3566 2610 πρὸ
3599 2539 3719 2590 λου-

2138 2640 2292 2712 τροῦ,
2344 2642 2440 2693 καὶ
2499 2639 2692 2709 ἄφεσις
2741 2639 2807 2690 ἐκ
2856 2637 3055 2707 μέρους
3099 2635 3206 2707 πρὸ
3266 2634 3369 2702 τῆς
3422 2630 3722 2692 παντελοῦς

2140 2732 2407 2800 ἀφέσεως,
2442 2731 2538 2784 καὶ
2562 2730 2756 2799 ἀτελὴς
2807 2728 3076 2799 κάθαρσις
3126 2725 3592 2797 προοιμιαζομένη
3625 2722 3724 2791 τὴν

2139 2823 2497 2876 τελειοποιόν·
2531 2823 2681 2875 οὐδὲν
2711 2822 2768 2874 δὲ
2807 2820 3069 2889 ἀσφαλὲς,
3101 2819 3221 2872 οὐδὲ
3280 2819 3546 2889 ἐχέγγυον
3593 2817 3725 2886 περὶ

2138 2915 2248 2967 τῶν
2277 2913 2579 2984 μελλόντων
2621 2913 2998 2984 χαριζόμενον.
3047 2913 3120 2964 Τὸ
3172 2911 3507 2964 Δεσποτικὺν
3542 2909 3599 2962 δὲ
3629 2911 3726 2961 καὶ

461 2991 904 3058 promissionem,
954 3009 1017 3046 ac
1071 3001 1244 3048 ratam
1313 2995 1471 3049 Iidem
1515 2995 1772 3050 faciebat.
1812 2997 2034 3051 Divinos

2144 3006 2414 3076 Σωτήριον
2469 3006 2686 3059 πάντων
2751 3006 2848 3076 μὲν
2906 3005 3014 3057 τῶν
3059 3003 3442 3073 προλαϐόντων
3494 3001 3718 3071 ῥύσιον-

460 3092 672 3143 contra,
706 3092 759 3134 et
797 3083 1142 3138 Christianus
1169 3085 1475 3154 haptisrnus
1503 3087 1684 3140 oumia
1721 3099 1847 3142 ante
1881 3104 2034 3142 eom-

462 3174 630 3227 missa
663 3174 822 3228 nobis
852 3173 1124 3244 indulget;
1156 3179 1287 3245 quin
1315 3178 1480 3231 etiam
1516 3178 1690 3231 robur
1727 3187 1782 3230 et
1819 3179 2036 3233 fortitu-

461 3265 666 3326 dinem,
717 3281 782 3318 ne
811 3266 990 3319 denuo
1025 3267 1322 3319 secundum
1370 3267 1578 3336 priores
1610 3268 1799 3336 lapsus
1824 3284 2034 3324 concu-

462 3355 743 3424 piscentia:
792 3371 1118 3424 pareamus,
1173 3358 1449 3422 concedit;
1511 3358 1618 3412 imo
1683 3360 1931 3414 homines
1983 3360 2035 3414 in

463 3462 690 3516 regnum
714 3449 972 3502 caelorum
999 3448 1180 3510 infert,
1207 3459 1261 3503 et
1289 3449 1433 3518 quod
1464 3455 1641 3516 majus
1664 3461 1769 3515 est,
1793 3452 2041 3521 Μιθριίο-

463 3553 588 3591 nem
665 3539 896 3592 ﬁliorum
969 3537 1063 3592 Dei
1143 3539 1468 3608 impertitur.
1545 3539 1775 3595 Joannis
1856 3550 2040 3596 autem

465 3628 732 3698 baptisma
759 3645 945 3684 eorum
979 3631 1292 3696 criminum,
1321 3647 1442 3700 qua:
1473 3634 1922 3697 memoravimus,
1957 3650 2042 3687 re-

2135 3095 2323 3167 ρώμης
2350 3097 2406 3148 δὲ
2441 3096 2767 3167 παρεκτικὸν
2798 3096 2892 3149 καὶ
2949 3095 3149 3165 ἰσχύος,
3191 3094 3265 3164 μὴ
3293 3094 3435 3146 κατὰ
3456 3094 3554 3154 τας
3582 3091 3727 3160 πρώ-

2134 3203 2232 3249 τας
2259 3185 2559 3256 ὀλισθήσεις
2591 3185 2671 3237 ἔτι
2699 3187 2833 3255 πρὸς
2863 3185 2933 3238 τὰ
2958 3185 3104 3252 πάθη
3138 3181 3546 3253 κατασύρεσθαι
3571 3199 3584 3211 ·
3615 3186 3724 3233 καὶ

2137 3277 2197 3330 τὸ
2231 3275 2327 3344 μὲν
2355 3259 2446 3340 εἰξ
2454 3276 2553 3342 τὴν
2574 3274 2683 3329 τῶν
2711 3275 2957 3346 οὐρανῶν
2982 3275 3244 3345 ἀναφέρει
3273 3273 3574 3344 βασιλείαν,
3607 3273 3728 3332 καὶ,

2139 3367 2200 3420 τὸ
2233 3366 2412 3436 μεῖζον
2473 3365 2711 3431 πάντων,
2762 3365 3031 3418 υἱοθεσίαν
3075 3365 3385 3436 χαρίζεται.
3422 3361 3496 3415 Τδ
3523 3362 3580 3415 δὲ
3623 3362 3725 3431 τὴν

2146 3458 2245 3527 μὲν
2279 3458 2491 3522 ἄφεσιν,
2519 3451 2705 3528 ὧνπερ
2763 3457 3001 3528 εἴρηται,
3047 3458 3327 3526 παρεῖχεν,
3368 3452 3494 3506 οὔτε
3522 3453 3578 3505 δὲ
3628 3451 3730 3520 βας

2145 3546 2347 3609 σιλείας
2390 3546 2635 3619 οὐρανῶν
2653 3547 3004 3616 κληρουχίαν,
3024 3545 3143 3597 οὐδὲ
3167 3542 3344 3611 πολλῷ
3371 3542 3574 3612 μᾶλλον
3592 3541 3731 3609 πρῦς

2151 3635 2424 3697 υἱοθεσίας
2462 3635 2784 3700 ἀναϐιϐάζει
2817 3636 3058 3704 ἀξίωμα.
3512 3643 3516 3647 ’

465 3721 807 3786 missionem,
859 3737 965 3776 non
1019 3734 1200 3776 autem
1259 3725 1410 3793 regni
1457 3725 1698 3780 caelestis
1755 3727 2030 3794 praabebat
2064 3726 2458 3790 litereditatem,
2499 3736 2551 3780 et
2583 3728 2953 3782 multominus
2982 3727 3047 3780 ad
3099 3725 3421 3793 dignitatem
3475 3723 3731 3791 adoptio-

464 3816 552 3870 nis
579 3816 826 3870 bomines
863 3817 1126 3872 evehebat
1156 3817 1290 3886 (60).

535 3971 581 4002 ³⁸
611 3969 796 4026 Matth.
831 3987 944 4036 nt,
971 3970 1058 4024 52.

1957 4081 2190 4138 NOTAE}.

541 4239 653 4312 (60)
698 4241 767 4296 Ut
795 4243 973 4312 aliqua
997 4241 1064 4296 de
1093 4242 1194 4296 hac
1233 4240 1535 4312 quaestione
1583 4239 1846 4312 dicamus,
1878 4237 2044 4312 Joan-

467 4310 559 4366 nis
581 4321 633 4366 et
663 4312 861 4366 ChriSti
889 4310 1084 4366 iunum
1137 4313 1389 4380 idemque
1440 4311 1608 4364 fuisse
1645 4310 1907 4378 baptisma
1936 4311 2034 4362 tri-

465 4381 569 4435 bus
599 4383 874 4450 gradibus,
926 4398 1089 4449 aqua.
1135 4383 1257 4446 igne
1303 4379 1373 4434 et
1423 4380 1614 4450 spiritu
1664 4379 1735 4450 ita
1760 4394 2042 4450 consecra-

470 4449 694 4512 lum,ut
721 4467 915 4520 aquam
947 4450 1205 4513 Joannes,
1243 4451 1494 4516 Spiritum
1547 4449 1819 4513 Christus,
1858 4449 2035 4520 ignem

467 4519 784 4574 Paraclelus
805 4520 1030 4580 dederit,
1094 4520 1392 4574 Petilianus
1449 4529 1792 4572 commentus
1815 4531 1896 4570 est
1931 4535 1943 4569 :
1975 4519 2042 4571 de

466 4591 844 4657 quolegemlus
868 4589 929 4642 Ι).
949 4593 1279 4656 Augustinus
1299 4590 1391 4642 lib.
1415 4597 1649 4641 "contra
1678 4586 1787 4639 Lit.
1816 4586 2039 4640 Petil.e.

468 4658 556 4710 54.
585 4658 962 4712 Melanchthon
995 4673 1197 4720 autem,
1228 4661 1488 4722 Bucerus,
1538 4667 1590 4710 et
1630 4659 1744 4716 alii,
1788 4657 2038 4724 baptismi

468 4726 696 4781 Joannis
743 4738 796 4781 et
825 4731 1023 4782 Christi
1072 4747 1238 4783 unum
1286 4730 1536 4795 idemque
1576 4727 1746 4780 luisse
1792 4728 2041 4780 ministe-

470 4797 632 4861 rium,
659 4799 985 4866 cosdemque
1016 4799 1239 4852 ell'eetus
1274 4799 1391 4851 sine
1447 4796 1892 4866 tergiversatione
1923 4810 2043 4864 pro-

471 4868 805 4921 nuntiarunt.
841 4865 910 4920 In
931 4871 1027 4921 hos
1056 4871 1323 4936 praecipue.
1350 4876 1693 4936 sacrosancta
1726 4865 2040 4917 Tridentiua

470 4938 711 5005 synodus
729 4953 993 4990 canonum
1025 4935 1173 4990 illum
1197 4937 1516 5005 ediditsess.
1549 4951 1622 4988 vn
1650 4935 1722 4986 De
1742 4936 1884 5002 bupt.
1915 4950 2037 4986 can.

472 5003 538 5058 ἐς
581 5006 778 5075 Siquis
804 5008 994 5059 dixerit
1032 5007 1350 5074 baptismum
1392 5003 1616 5056 Joannis
1657 5011 1891 5075 eaimlem
1936 5005 2041 5056 vim

469 5091 588 5126 cum
611 5074 876 5145 baptisma
896 5077 1094 5131 Christi
1126 5075 1390 5136 habuisse,
1421 5075 1705 5126 anathema
1741 5074 1846 5145 sit.»
1872 5075 2041 5125 Porro

471 5145 611 5198 hanc
641 5143 822 5197 notam
855 5143 1049 5197 Photio
1082 5162 1185 5197 non
1239 5145 1534 5207 nutrimus;
1579 5159 1641 5195 ex
1673 5159 1737 5196 eo
1764 5143 1906 5196 enim
1937 5157 2039 5194 sae-

472 5229 764 5281 penumero
823 5215 1150 5277 audivimus,
1202 5228 1366 5280 quam
1434 5217 1714 5278 perspicue
1772 5213 2038 5277 baptisma

469 5283 670 5336 Christi
714 5282 1022 5351 baptismau
1044 5284 1270 5337 Joannis
1299 5283 1454 5350 longe
1478 5291 1764 5348 praestasse
1793 5281 2038 5333 fateatur.

471 5351 585 5405 lloc
622 5361 798 5405 autem
855 5352 1124 5420 baptismo
1177 5360 1396 5421 peccata
1457 5367 1562 5402 non
1616 5352 1784 5421 (uisse
1816 5353 2040 5402 dinussa

471 5422 539 5475 ad
584 5422 743 5474 iidem
792 5436 898 5472 non
928 5419 1226 5487 ipertincre
1282 5419 1552 5472 Drouven.
1612 5419 1684 5471 De
1729 5435 1782 5471 re
1809 5436 2040 5474 sacram.

471 5490 996 5560 contraﬂhwretrlih.
1032 5507 1092 5554 ιι,
1115 5503 1308 5560 quiest.
1346 5489 1399 5560 5,
1450 5505 1572 5557 cap.
1599 5506 1646 5560 ι,
1697 5489 1724 5558 §
1755 5489 1824 5550 4;
1859 5488 2043 5543 Estius

473 5559 526 5609 in
557 5575 609 5612 tv
653 5558 800 5611 Sent.
849 5559 1090 5613 distinct.
1133 5558 1208 5625 ἲ,
1277 5560 1303 5628 §
1358 5559 1412 5619 4,
1473 5571 1522 5611 et
1562 5558 1651 5610 alii
1709 5560 2039 5624 opinantur;

473 5637 635 5696 atque
665 5628 718 5683 id
749 5638 1031 5696 propterea
1059 5645 1165 5685 non
1197 5632 1364 5684 fuisse
1403 5643 1433 5682 a
1466 5628 1698 5681 concilio
1727 5628 2035 5691 deliniltttn,

2147 4239 2272 4308 quia
2333 4237 2573 4294 nonnulli
2630 4236 2837 4308 Patres,
2890 4239 3189 4306 praesertim
3224 4251 3447 4296 sanctus
3490 4238 3731 4305 Optatus

2148 4305 2484 4362 Milevitanus
2521 4309 2615 4361 lih.
2653 4322 2710 4359 ιιι
2753 4305 2951 4360 Contra
2997 4308 3268 4372 Parmam,
3302 4321 3534 4366 sanctus
3571 4310 3730 4364 Bas:-

2147 4379 2274 4438 lius,
2318 4380 2466 4431 hom.
2499 4380 2520 4431 l
2561 4377 2940 4448 debaptismo,
2976 4388 3201 4432 sanctus
3243 4379 3486 4448 Cyrillus
3520 4380 3732 4432 lliero-

2149 4449 2251 4502 sol.
2282 4448 2498 4503 Catech.
2539 4463 2597 4512 ιι,
2634 4445 2736 4499 hoc
2788 4447 3058 4502 alliiniare
3088 4445 3425 4502 viderentur.
3462 4449 3727 4504 Photium

2145 4530 2324 4586 autem
2354 4517 2542 4586 Cyl-illi
2577 4518 2736 4569 verba
2771 4518 3005 4583 putarim
3047 4519 3214 4571 fuisse
3261 4529 3601 4579 mutuatum,
3632 4523 3726 4574 ubi

2142 4585 2368 4640 Joannis
2396 4585 2662 4654 baptisma
2722 4586 3098 4654 remissionem
3143 4597 3494 4654 peccatorum
3527 4600 3730 4644 contu-

2144 4659 2291 4718 lisse,
2325 4653 2649 4722 baptismum
2667 4669 2792 4726 vero
2819 4653 3021 4708 Christi
3045 4653 3395 4726 adoptionem
3421 4661 3732 4726 importare

2145 4728 2381 4779 liliorum
2419 4733 2716 4779 asseverat.
2750 4722 2914 4792 Igitur
2947 4727 3045 4797 hac
3078 4727 3129 4778 in
3157 4722 3219 4778 re
3245 4725 3444 4780 Photio
3471 4722 3728 4797 aliquan-

2145 4800 2313 4848 tuiuin
2352 4811 2644 4862 pOSsumns
2683 4808 2926 4861 parcere,
2956 4794 3184 4864 ejusque
3217 4794 3723 4853 sentcntiam'nou

2143 4866 2432 4917 admodum
2457 4867 2770 4917 abuormem
2805 4864 3139 4918 existimare.
3183 4865 3274 4918 Illa
3304 4878 3489 4921 autem
3523 4869 3730 4922 distin-

2142 4937 2271 5007 ctio,
2308 4950 2470 5002 quam
2503 4934 2644 5007 inter
2669 4932 3375 5007 criminacomminiscitur,
3412 4938 3547 4990 dum
3577 4954 3732 5007 quie-

2142 5006 2265 5075 dam
2306 5004 2684 5075 tantummodo
2723 5003 2810 5075 illa
2864 5003 3141 5056 ablutione
3191 5005 3391 5058 remitti
3446 5003 3730 5075 autumat,

2143 5074 2256 5126 risu
2293 5075 2472 5142 potius
2501 5072 2836 5140 excipienda,
2866 5087 3028 5139 quam
3061 5076 3398 5141 argumentis
3431 5072 3733 5132 refutanda

2143 5141 2378 5198 videtur.
2409 5141 2563 5196 Unde
2600 5143 2744 5196 enim
2783 5143 2832 5193 id
2871 5143 3058 5194 novit?
3090 5146 3378 5206 Quomodo
3399 5145 3732 5200 divinicou-

2143 5213 2247 5265 silii
2306 5215 2506 5266 certior
2555 5212 2729 5266 factus
2761 5211 2888 5264 est?
2919 5212 3034 5276 Qua
3085 5217 3151 5264 de
3180 5227 3343 5266 causa
3389 5216 3495 5279 his,
3529 5227 3584 5268 et
3617 5233 3730 5271 non

2143 5284 2266 5336 aliis
2291 5283 2558 5336 limitibus
2591 5281 2971 5334 remissionem
3005 5283 3322 5336 conclusit?
3370 5283 3482 5338 hos
3517 5287 3733 5340 interea

2142 5368 2489 5406 communem
2536 5347 2911 5420 theolosoram
2959 5353 3354 5405 catholicorum
3389 5357 3730 5408 sententiam

2141 5437 2226 5484 ea,
2259 5439 2366 5491 qua
2398 5438 2493 5489 par
2528 5431 2631 5493 est,
2659 5421 3009 5473 veneratione
3044 5431 3312 5493 tenentes,
3345 5423 3600 5477 dicemus
3633 5441 3734 5493 per

2141 5494 2370 5546 Joannis
2399 5491 2662 5559 baptisma
2693 5503 2757 5541 ea:
2787 5503 2936 5556 opere
2961 5492 3250 5558 operantis,
3296 5507 3407 5545 non
3450 5491 3647 5547 autem
3666 5511 3733 5549 ex

2142 5578 2294 5616 avere
2325 5571 2537 5630 operata
2587 5559 2758 5614 fuisse
2781 5559 3034 5614 Hebraeos
3063 5561 3238 5616 culpis
3270 5562 3584 5618 absolutos.

2601 5717 2644 5746 ὦ
