3864 6218
77 245 163 309 9‘21
847 282 850 286 ι
994 255 1094 314 ΑΙ)
1131 256 1616 320 AMPHILOCHI'

1756 263 2105 332 QILESTIO
2131 267 2314 332 XXX.

541 356 872 415 urorum:
899 361 957 415 A'
985 364 1068 433 (et
1081 373 1122 434 ).

76 447 192 513 Πῶς
214 449 343 531 τοῦΔ
359 449 625 531 ἓως-ἦρος
652 452 848 531 ,ἡμῶν
881 527 893 531 _
913 457 1202 531 ,ζέγοντος
1221 477 1286 531 Ἀ(
1317 463 1464 531 Οὐχί
1519 462 1630 516 δύο

134 520 408 596 στρουθία
439 520 738 596 dagapt'ov
756 520 1073 596 anteiret,
1104 520 1200 581 καὶ
1227 529 1304 582 ἓν
1327 520 1630 596 ἐξάὑτῶν

134 588 656 668 οὺθπεσε-ξτιειΔᾶνευ
676 591 784 668 τοῦ
814 597 1043 668 ῌατρός
1077 615 1198 666 μου
1228 600 1332 654 τοῦ
1354 588 1422 654 ἐν
1443 606 1622 668 οὐρα-

134 659 268 736 γοῖς,
301 676 318 707 ι
343 659 598 736 Ιξαῦλος,
624 663 656 712 ό
687 661 794 736 eo?
820 659 1095 736 ἒςριστύνί
1115 668 1273 734 ἔχων
1316 659 1628 725 λαλοῦῖβτα

131 728 194 806 ξι·
216 727 399 806 euecti}
427 745 577 806 φησι
596 746 610 759 ·
640 749 658 781 ι
688 730 784 806 Μὴ
806 732 924 806 τῶν
939 734 1109 806 βοῶν
1125 727 1290 801 ιὶέλει
1323 740 1404 806 τῷ
1430 742 1552 805 Θεῷ
1570 758 1618 802 ;›

145 797 640 877 ξιῖτιφθέγγεσθαι
669 801 780 877 γὰρ
824 803 862 868 ὴ
891 805 996 857 τοῦ
1028 797 1297 872 μαθητοῦ
1343 797 1493 877 πρὸς
1517 797 1624 864 τόν

133 864 488 921 διδάσκαλον
513 864 860 936 φανταὰίαῦ
891 864 1212 944 παρέχεται
1239 864 1430 948 mori-ﬁ.
1466 864 1485 877 ³
1619 907 1623 911 «

3243 285 3302 333 ος

2091 284 2105 325 ι
2131 284 2314 332 aut.
3205 284 3316 349 222

2091 382 2420 448 QUESTIO
2454 385 2597 440 xxx
2627 385 2723 460 [αι.
2758 388 2977 465 XXIX}.

1734 465 2028 534 Quomodo,
2060 489 2176 525 cum
2207 472 2452 527 Salvator
2485 486 2664 531 uoster
2689 480 2875 537 dicat:
2928 502 2946 532 ε
2978 482 3162 536 Nonne
3208 486 3314 538 duo

1802 557 2039 620 passeres
2098 560 2214 595 asse
2262 557 2502 620 veneunt.
2552 558 2771 620 etunus
2797 551 2994 605 eosillis
3035 570 3135 607 non
3165 554 3315 608 cadet

1802 610 1928 691 sine
1950 610 2384 691 Palre_meo,_qui
2421 617 2475 668 in
2502 617 2646 691 cmlis
2675 629 2752 671 est
2778 621 2862 673 at"?
2889 640 2909 672 ι
2958 620 3182 684 Paulus,
3223 627 3316 691 qui

1801 678 2070 759 Christum
2103 683 2155 759 in
2188 699 2241 736 se
2270 678 2557 759 loquentem
2593 686 2796 759 nubet,
2836 692 3004 759 inquit
3033 707 3050 744 .'
3082 711 3099 742 (
3143 678 3315 745 Nunt-

1803 751 1929 816 quid
1955 755 2018 802 de
2038 751 2201 804 bobus
2221 751 2348 805 cura
2373 765 2448 808 est
2474 754 2578 808 Deo
2590 756 2633 787 ⁸⁷
2657 758 2680 808 ?
2701 776 2718 808 ι
2747 751 3016 813 Nimirum
3035 777 3132 814 vox
3152 762 3316 816 disci-

1802 820 1916 886 puli
1957 820 2210 890 magistro
2237 825 2514 878 adversari
2532 827 2766 880 'videlur.

127 964 155 984 ⁸’
212 981 342 1030 Edita
364 983 426 1031 ab
446 983 660 1034 Antonio
685 985 872 1044 Scotto,
896 989 931 1036 1.
968 1001 1034 1050 c.,
1051 1005 1098 1052 p.
1129 992 1206 1041 45.
1232 993 1307 1041 De
1331 1001 1604 1056 apparente
1634 996 2022 1046 contradictione
2057 996 2189 1047 inter
2215 1000 2378 1050 locum
2401 1000 2572 1052 Matth.
2598 1017 2649 1064 ι,
2671 1003 2732 1052 29
2759 1010 2814 1054 et
2845 1005 2866 1055 Ι
2888 1004 2999 1056 Cor.
3018 1021 3088 1066 ιι,
3106 1005 3157 1054 9.

133 1069 238 1120 Ὅτι
271 1070 366 1138 μὲν
395 1073 428 1139 ἡ
457 1071 548 1122 τοῦ
576 1072 712 1125 Θεοῦ
746 1076 971 1145 πρόνοια
1002 1080 1097 1130 καὶ
1118 1080 1278 1149 μέχρι
1294 1081 1402 1134 τῶν
1437 1099 1634 1154 στρου-

73 1160 185 1212 θίων
211 1159 402 1228 διήκει,
434 1164 529 1214 καὶ
551 1163 673 1216 οὐδὲ
699 1166 756 1216 ἐν
774 1168 956 1230 αὐτοῖς
980 1169 1077 1239 τὴν
1107 1172 1273 1227 αὐτοῦ
1301 1177 1634 1244 περιγράφει

72 1250 392 1320 κηδεμονίαν,
440 1253 557 1306 ἀλλ’
587 1257 688 1326 ἤδη
737 1258 832 1310 καλ¹
871 1261 1077 1326 φυτῶν,
1110 1264 1205 1316 καὶ
1243 1264 1504 1334 βοτανῶν,
1535 1270 1628 1320 καὶ

72 1343 257 1406 ἁπλῶς,
285 1337 356 1396 ῶν
386 1346 636 1418 ἐγνώσθη
684 1354 1090 1422 γενεσιουργὸς,
1141 1356 1348 1411 τούτων
1400 1359 1500 1413 καὶ
1527 1361 1624 1429 τῆς

70 1435 324 1506 διαμονῆς,
365 1438 456 1490 καὶ
487 1441 798 1510 οἰκονομίας
823 1445 1184 1499 ἁναλλοίωτόν
1225 1466 1307 1514 τε,
1339 1451 1433 1503 καὶ
1463 1451 1619 1505 ἀδιά-

1805 1085 1962 1150 Quod
1994 1087 2086 1140 Dei
2113 1089 2456 1156 providentia
2483 1092 2547 1145 ad
2571 1108 2824 1160 passeres
2848 1109 3019 1164 usque
3041 1095 3311 1165 pertingat

1731 1184 1910 1230 etnec
1942 1177 2030 1231 his
2084 1178 2355 1234 limitibus
2407 1181 2526 1250 ejus
2577 1183 2854 1252 vigilantia
2907 1185 3310 1253 concludatur;

1729 1269 1824 1323 sed
1856 1278 1911 1323 et
1945 1272 2228 1338 arborum,
2255 1281 2311 1325 et
2342 1273 2655 1338 herbarum,
2713 1286 2768 1329 et
2808 1277 3050 1330 omnium
3083 1279 3314 1334 omnino

1727 1377 1934 1425 rerum,
1966 1378 2196 1430 quarum
2237 1373 2450 1418 creator
2493 1367 2829 1436 agnoscitur,
2879 1370 3306 1436 conservationi,

1723 1455 2212 1527 gubernationique
2253 1459 2598 1525 immutabili,
2635 1477 2699 1514 ac
2728 1472 2982 1531 perpetua
3023 1479 3154 1518 cura
3178 1480 3309 1533 pro-

69 1525 203 1595 δοχον
235 1530 382 1599 φέρει
413 1530 514 1599 τὴν
566 1533 841 1601 φροντίδα,
875 1536 1012 1590 αἵτε
1044 1538 1201 1592 ἄλλαι
1236 1542 1448 1611 τρανῶς
1474 1545 1616 1612 ἡμᾶς

1728 1549 1917 1617 Spiciat
1937 1590 1949 1611 ,
1984 1551 2188 1604 diserte
2219 1567 2320 1606 nos
2341 1554 2536 1613 docent
2567 1563 2680 1606 tum
2699 1554 2804 1608 alia
2839 1571 3116 1609 sacrarum
3142 1556 3308 1611 Litte-

70 1619 442 1672 ἐκδιδάσκουσιν
496 1623 638 1692 ἱεραὶ
666 1625 900 1695 Γραφαὶ,
933 1629 1031 1681 καὶ
1081 1630 1144 1701 δὴ
1179 1633 1274 1684 καὶ
1318 1635 1346 1686 ὁ
1377 1633 1619 1703 ἔμφυτος

71 1709 320 1777 λογισμὸς,
349 1712 406 1774 ὃς
435 1713 530 1765 τὸν
575 1719 988 1786 παραγαγόντα,
1016 1723 1111 1774 καὶ
1153 1724 1536 1794 ὑποστήσαντα
1558 1728 1622 1780 ἐκ

71 1800 133 1870 μὴ
163 1802 317 1854 ὄντων
346 1805 440 1858 καὶ
469 1808 714 1876 συνέχειν
753 1809 813 1861 τὸ
850 1815 1326 1885 παραγαγόμενον,
1369 1818 1459 1870 καὶ
1490 1837 1623 1889 προ-

69 1895 274 1947 νοεῖσθαι
321 1897 459 1950 κατὰ
512 1901 606 1952 τὸν
641 1901 858 1973 ἑκάστῳ
904 1908 1184 1976 πρέποντα
1224 1911 1322 1980 τῆς
1361 1913 1622 1982 Προνοίας

67 1981 199 2050 λόγον
221 1987 454 2042 ἀπαιτεῖ.
507 1990 660 2042 Ἐπεὶ
697 1993 788 2046 καὶ
823 1996 983 2059 αὐτὸς
1012 1998 1040 2048 ὁ
1073 1999 1260 2070 Σωτὴρ
1294 1981 1449 2071 ἡμῶν
1499 2005 1622 2073 φιλ-

69 2075 340 2146 ανθρώπως
373 2080 609 2148 ἀπάγων
635 2085 784 2153 ἡμᾶς
802 2086 900 2154 τῆς
926 2088 1129 2160 πολλῆς
1164 2093 1290 2162 περὶ
1322 2093 1388 2146 τὰ
1415 2095 1623 2164 ἀνθρώ-

69 2184 178 2219 πινα
199 2170 424 2236 σπουδῆς
439 2189 501 2224 τε
532 2175 627 2226 καὶ
657 2177 1011 2248 κατατριϐῆς·
1033 2181 1124 2232 καὶ
1149 2182 1254 2234 τῶν
1273 2183 1504 2252 ῥεόντων
1527 2187 1622 2238 καὶ

69 2257 400 2328 διαλυομένων
430 2266 534 2333 τῆς
565 2266 757 2334 σχολῆς
789 2267 1104 2337 ἐλευθερίαν
1153 2287 1211 2322 τε
1244 2274 1338 2324 καὶ
1375 2275 1620 2329 ἀπαλλα-

68 2349 156 2418 γὴν
183 2352 585 2422 εἰσηγούμενος,
631 2356 732 2408 οὐκ
787 2357 896 2410 ἀπὸ
941 2359 1051 2412 τῶν
1120 2363 1422 2428 στρουθίων
1461 2366 1620 2434 μόνον

65 2443 145 2493 καὶ
173 2442 462 2499 τῶνᾶλλων
489 2449 707 2518 πτηνῶν
728 2449 828 2518 τὴν
856 2451 1091 2522 ἀρίστην
1122 2454 1328 2523 ταύτην
1385 2458 1638 2528 είσήγη-,

71 2549 140 2585 σιν
175 2538 416 2600 ποιεῖται,
451 2539 591 2593 ἀλλὰ
645 2541 708 2612 δὴ
737 2541 832 2595 καὶ
871 2541 965 2595 ἀπ’
1015 2543 1195 2597 αὐτῶν
1226 2562 1290 2612 γε
1326 2546 1434 2600 τῶν
1459 2546 1621 2617 βοτα-

69 2624 177 2680 νῶν.
202 2647 218 2678 ι
247 2629 636 2701 Κατανοήσατε
667 2633 798 2700 γὰρ,
828 2632 985 2702 φησὶ,
1009 2635 1075 2686 τὰ
1115 2635 1277 2705 κρίνα
1303 2635 1396 2689 τοῦ
1427 2639 1616 2707 ἀγροῦ,

70 2718 166 2779 πῶς
187 2721 427 2784 αὐξάνει·
468 2723 531 2775 οὐ
562 2726 754 2794 κοπιᾷ,
804 2725 926 2778 οὐδὲ
959 2725 1112 2796 νήθει
1136 2742 1150 2756 ⁸
1187 2745 1205 2776 ι
1233 2724 1350 2780 εἶτα
1387 2729 1481 2782 τοῦ
1507 2731 1617 2799 ἀμ-

69 2810 339 2880 φιάσματος
387 2814 452 2867 τὸ
511 2815 730 2879 κάλλος,
771 2817 864 2869 καὶ
911 2817 974 2870 τὺ
1019 2817 1270 2889 ἀξίωμα·
1321 2837 1339 2871 t
1379 2821 1536 2889 Λέγω
1561 2821 1616 2874 δὲ

68 2903 192 2971 ὑμῖν,
241 2906 318 2957 ὅτι
369 2907 498 2958 οὐδὲ
545 2906 797 2976 Σολομῶν
846 2909 904 2960 ἐν
966 2909 1115 2980 πάσῃ
1168 2913 1231 2980 τῇ
1281 2911 1409 2983 δόξῃ
1450 2915 1616 2967 αὑτοῦ

68 2996 446 3064 περιεὸἁλλετο,
467 2998 546 3060 ὡς
573 2998 629 3050 ἓν
653 2998 878 3062 τούτων,
921 3001 1091 3054 ποιῶν
1138 3003 1342 3055 τούτων
1368 3004 1475 3057 τῶν
1500 3009 1617 3074 μετ’

66 3085 216 3152 ὀλίγον
237 3087 657 3156 ἐμϐαλλομένων
705 3091 783 3152 εἰς
813 3090 1063 3159 κάμινον.
1101 3111 1119 3142 ι
1148 3093 1209 3145 Εἰ
1239 3093 1294 3146 δὲ
1341 3095 1449 3147 τῶν
1476 3096 1618 3150 οὕτω

68 3178 241 3245 μικράν
281 3197 399 3231 τινα
454 3180 811 3250 πληρούντων
857 3181 1168 3253 ἀνθρώποις
1209 3185 1396 3254 χρείαν
1426 3187 1615 3255 (πόσον

64 3273 152 3342 γὰρ
175 3277 356 3344 ἀνάψει
382 3275 500 3346 πῦρ
529 3279 562 3347 ἡ
597 3278 813 3350 καλάμη
841 3280 949 3334 τῶν
975 3283 1209 3352 κρίνων;
1244 3284 1313 3336 Ἣ
1348 3284 1454 3346 τοῦ,
1472 3283 1616 3354 χρώ-

67 3379 206 3430 ματος
232 3365 287 3417 τὸ
316 3368 478 3429 ἄνθος
508 3369 599 3421 ἐπὶ
649 3360 815 3422 πόσον
863 3375 1137 3442 χαριεῖται
1183 3372 1281 3444 τὴν
1311 3374 1504 3443 τέρψιν
1537 3374 1614 3446 τῷ

61 3451 241 3522 ὄμματι
257 3455 295 3522 ),
352 3457 625 3527 τοσαύτην
671 3461 698 3511 ὁ
750 3460 880 3522 Θεὸς
914 3463 1012 3532 τὴν
1042 3464 1298 3532 πρόνοιαν
1335 3464 1471 3534 ἔχει,
1497 3465 1614 3529 πῶς

61 3543 162 3612 οῢχὶ
191 3547 358 3616 πολλῷ
393 3548 620 3616 μᾶλλον,
647 3551 1078 3624 καὶ-ἀσυγκρίτῳ
1103 3555 1357 3626 διαφορᾷ,
1387 3559 1495 3609 τῶν
1517 3559 1612 3610 ἁν-

63 3632 300 3704 θρώπων;
363 3638 526 3691 Οὕτω
559 3639 688 3708 γοῦν
748 3642 808 3694 οὐ
873 3643 1095 3715 μόνονή
1138 3644 1248 3697 τῶν
1313 3646 1613 3714 στρουθίων

61 3728 474 3797 ἀνεῖταιγένεσίς
503 3749 583 3795 τε,
605 3733 697 3784 καὶ
713 3731 961 3801 αὔξησις,
994 3738 1087 3787 καὶ
1111 3735 1340 3807 διαμονὴ
1366 3737 1442 3807 τῷ
1471 3738 1610 3808 Θεῷ,

59 3819 139 3868 καὶ
166 3820 317 3872 πάλιν
351 3824 383 3890 ἡ
413 3822 560 3874 κατὰ
593 3824 718 3886 τοὺς
743 3825 978 3888 οἰκείους
1013 3827 1240 3893 καιροὺς
1267 3826 1444 3890 λύσις,
1476 3828 1614 3881 ἀλλὰ

59 3911 188 3982 καὶὴ
214 3913 316 3966 τῶν
368 3917 427 3968 ὲν
465 3915 546 3984 τῷ
595 3915 750 3986 ἀγρῷ
779 3917 1019 3986 βοτανῶν
1041 3934 1057 3950 ο
1100 3918 1209 3970 ἀπὸ
1237 3919 1344 3988 γὰρ
1370 3919 1462 3972 τοῦ
1495 3919 1611 3983 ἑνὸς

62 4003 214 4069 εἴδους
246 4007 336 4060 καὶ
364 4011 499 4076 περὶ
526 4009 636 4060 τῶν
669 4009 842 4061 ἄλλων
869 4010 976 4063 τῶν
997 4009 1272 4080 ὁμογενῶν
1302 4014 1330 4064 ὁ
1372 4013 1532 4075 αὐτὸς
1548 4013 1613 4065 ἂν

58 4095 142 4163 τῆς
184 4099 505 4163 ἀκολουθίας
557 4102 823 4154 διαϐαίνει
883 4102 1078 4170 λόγος·
1126 4103 1299 4166 οὕτως
1341 4105 1403 4158 οὐ
1452 4107 1611 4174 μόνον

1724 1652 1910 1691 rarum
1983 1641 2118 1701 loca,
2173 1647 2286 1692 tum
2335 1640 2448 1708 ipsa
2479 1641 2636 1694 insita
2666 1643 2980 1698 hominibus
3011 1645 3151 1698 ratio
3186 1662 3307 1714 qua:

1724 1730 1983 1799 postulat,
2014 1742 2089 1793 ut,
2145 1731 2235 1800 qui
2271 1747 2358 1784 res
2384 1748 2414 1786 e
2458 1733 2634 1787 nihilo
2669 1733 2879 1798 eduxit,
2921 1745 3088 1804 atque
3116 1737 3308 1806 dispo-

1724 1823 1852 1886 suit,
1899 1823 2014 1891 ipse
2062 1824 2350 1892 productas
2403 1825 2698 1878 secundum
2756 1827 3107 1894 providentiae
3138 1827 3306 1881 ratio-

1726 1933 1846 1970 netn
1875 1918 2162 1986 unicuique
2196 1925 2617 1971 consentaneum
2659 1925 2968 1980 conservet,
2999 1927 3163 1985 atque
3204 1935 3304 1986 gu-

1723 1999 1934 2064 bernet.
1988 2012 2255 2076 Quoniam
2316 2023 2371 2064 et
2426 2010 2542 2080 ipse
2569 2010 2896 2080 Redemptor
2943 2020 3150 2072 noster,
3180 2025 3304 2064 cum

1724 2115 1825 2153 nos
1845 2115 1908 2153 ex
1946 2100 2305 2153 humanarum
2337 2115 2518 2152 rerttm
2563 2098 2734 2152 nimio
2784 2098 2986 2161 studio,
3026 2098 3308 2168 nimiaque

1723 2192 2004 2246 curatione
2048 2200 2393 2260 peramanter
2447 2202 2734 2257 avocaret;
2790 2203 2955 2262 atque
2987 2200 3039 2245 ut
3073 2207 3102 2244 a
3131 2190 3306 2245 ﬂuxo-

1723 2294 1841 2332 rum
1882 2281 2321 2348 caducornmque
2363 2280 2630 2332 bonorum
2684 2280 3052 2335 sollicitudine
3102 2282 3305 2335 libere-

1722 2386 1848 2424 mur
1893 2379 2336 2441 avertamurque,
2367 2371 2527 2425 nobis
2571 2372 2860 2439 suaderet;
2902 2387 3010 2425 non
3044 2387 3072 2426 a
3118 2387 3304 2442 passe-

1720 2463 1873 2520 ribus
1924 2465 2300 2519 tantummodo
2348 2474 2401 2518 et
2429 2465 2551 2518 aliis
2587 2465 2896 2520 volatilibus
2952 2466 3301 2520 utilissimam

1720 2555 1861 2610 hanc
1884 2557 2317 2611 cohortationem
2358 2571 2591 2611 exorsus
2622 2567 2729 2617 est.
2773 2557 2868 2610 sed
2895 2557 2964 2611 a‘b
2995 2557 3126 2626 ipsis
3159 2573 3298 2626 quo-

1720 2664 1826 2717 que
1868 2649 2096 2704 herbis:
2166 2649 2377 2703 Etenim
2440 2669 2458 2700 ι
2493 2649 2867 2724 ϐοηείἀοινιιι
2923 2649 3143 2719 inquit,
3185 2649 3296 2703 lilia

1721 2736 1858 2805 agri,
1899 2737 2172 2805 quomodo
2232 2746 2521 2801 crescunt;
2605 2752 2714 2790 non
2786 2737 3055 2801 laborant,
3119 2752 3300 2805 neque

1721 2837 1886 2882 nent:
1927 2847 1945 2879 ι
2003 2829 2198 2882 deinde
2225 2827 2293 2882 de
2349 2829 2658 2884 vestimenti
2708 2829 2974 2899 elegantia
3017 2839 3073 2884 et
3105 2830 3303 2884 decore

1721 2920 1970 2986 adjecit:
2022 2942 2040 2972 ι
2080 2920 2211 2975 Dico
2265 2931 2470 2982 autem,
2520 2921 2663 2990 quod
2723 2937 2899 2990 neque
2943 2919 3202 2974 Salomon
3243 2922 3299 2974 in

1719 3011 1865 3064 omni
1887 3011 2051 3081 gloria
2088 3027 2188 3065 sua
2227 3021 2522 3079 coopertus
2565 3019 2650 3063 est
2698 3011 2840 3063 sicut
2882 3026 3022 3063 unus
3054 3025 3116 3062 ex
3158 3009 3296 3074 istis,

1716 3104 1806 3172 qui
1839 3103 1997 3172 paulo
2041 3113 2161 3172 post
2192 3103 2246 3156 in
2287 3103 2562 3156 caminum
2605 3101 3051 3155 immittuntur”.
3094 3120 3113 3152 ι
3143 3100 3298 3167 Quod

1716 3192 1760 3246 si
1819 3194 1997 3256 rebus,
2036 3209 2156 3262 quae
2191 3201 2299 3246 tam
2353 3201 2570 3247 tenuem
2625 3193 2917 3245 utilitatem
2973 3203 3301 3259 comparant

1717 3285 2034 3339 hominibus
2094 3285 2356 3354 (quandiu
2405 3285 2549 3338 enim
2591 3285 2866 3338 ﬂammam
2914 3285 3008 3338 alit
3061 3286 3298 3339 liliorum

1715 3373 1922 3427 caulis?
1948 3374 2054 3426 Aut
2088 3374 2327 3442 quandiu
2357 3373 2614 3428 ﬂosculus
2639 3375 2948 3443 variegatus
2971 3376 3134 3429 oculo
3149 3377 3300 3429 oble-

1715 3473 2048 3518 ctamentum
2095 3467 2293 3535 creat?)
2340 3466 2502 3535 Deus,
2538 3468 2675 3520 adeo
2709 3467 2978 3535 providet,
3021 3469 3299 3536 quomodo

1717 3573 1824 3611 non
1853 3559 2024 3612 multo
2055 3559 2248 3627 magis,
2278 3569 2334 3612 et
2366 3559 2632 3613 immenso
2658 3560 2978 3614 discrimine
3013 3561 3293 3613 hominum

1714 3665 1902 3702 curam
1940 3649 2117 3719 gerit?
2159 3650 2237 3704 ita
2277 3666 2410 3704 sane
2447 3666 2553 3704 non
2598 3667 2847 3719 passeres
2875 3651 3166 3715 duntaxat,
3201 3653 3293 3706 sed

1715 3742 1966 3797 (‘lht‘lbte
1987 3742 2161 3810 campi
2197 3752 2252 3796 ut
2283 3752 2599 3807 nascantur,
2657 3752 2927 3810 crescant,
2977 3754 3030 3798 et
3066 3759 3293 3797 conser-

1715 3841 2021 3897 ventur,'et
2046 3849 2234 3887 rursus
2285 3849 2383 3888 suo
2415 3842 2657 3900 tempore
2697 3833 2988 3896 intereant,
3033 3834 3097 3886 ad
3126 3831 3292 3886 Deum

1715 3923 1980 3992 pertimt,
2013 3923 2457 3990 quandoquidem
2483 3923 2552 3977 ab
2584 3939 2689 3976 una
2719 3925 2901 3991 specie
2929 3924 2996 3976 ad
3037 3939 3123 3977 res
3155 3923 3295 3990 pari-

1718 4024 1799 4069 ter
1841 4015 2086 4083 ejusdem
2137 4025 2348 4067 naturae
2407 4015 2547 4068 idem
2602 4029 2667 4068 ex
2693 4014 3083 4082 consequentia
3111 4029 3292 4067 sermo

1716 4109 1960 4178 procedit
1985 4126 1997 4160 :
2023 4117 2187 4176 atque
2215 4107 2290 4160 ita
2325 4122 2432 4159 non
2465 4106 2626 4159 modo
2657 4106 2838 4167 boves,
2867 4107 2958 4158 sed
2980 4107 3124 4172 ipsas
3153 4122 3292 4173 quo-

59 4188 149 4238 τῶν
173 4189 323 4259 βοῶν,
351 4193 493 4245 ἀλλὰ
522 4194 616 4245 καὶ
641 4193 942 4247 αὐτῶντῶν
967 4196 1223 4264 ἀπαρχῆς
1246 4196 1606 4267 ἀτελεστὲρας

1728 4220 1818 4274 Ine
1870 4217 1978 4265 res,
2040 4215 2162 4268 qua:
2221 4200 2288 4252 ab
2339 4207 2458 4251 ortu
2488 4212 2586 4251 suo
2607 4199 2790 4252 minus
2822 4198 3056 4250 nobilem
3088 4199 3292 4252 sortita:

61 4280 246 4345 φύσεως
273 4285 654 4355 τετυχηκότων
677 4287 710 4355 ή
735 4285 1030 4355 κηδεμονία
1074 4289 1173 4356 τῆς
1202 4287 1350 4349 θείας
1376 4288 1606 4358 ἐξῆπται

62 4373 226 4442 ῥοπῆς.

117 4464 174 4515 Ti
196 4464 282 4518 οὖν
307 4469 479 4526 ἐστιν,
497 4467 524 4518 δ
539 4449 682 4534 λέγει
712 4465 918 4529 Παῦλος
935 4469 962 4520 ὁ
980 4468 1270 4538 μετάρσιος
1296 4467 1602 4539 ἄνθρωπος,

60 4554 314 4622 ήγλῶσσα
360 4558 457 4611 τοῦ
505 4557 839 4627 ΙΙνεύματος,
868 4559 933 4627 ἢν
980 4558 1130 4609 οὐδὲν
1173 4557 1451 4628 δυσχερὲς,
1483 4559 1603 4610 οὐδὲ

58 4645 228 4698 πολλοῦ
258 4648 336 4700 δεῖ
353 4649 534 4718 μάχης
567 4650 904 4718 ἁπτόμενον;
931 4648 1196 4719 Νομίμων
1222 4649 1330 4718 γὰρ
1359 4649 1603 4701 παλαιῶν

57 4742 122 4804 εἰς
147 4745 357 4814 μνήμην
393 4745 694 4809 καταστὰς,
725 4745 760 4798 ἃ
780 4745 948 4797 πολλὰ
969 4745 1118 4814 παρὰ
1141 4744 1248 4797 τῶν
1278 4743 1485 4810 ἀλόγων
1518 4761 1605 4796 νο-

58 4837 245 4890 μοθετεῖ
273 4840 533 4902 ζώων,δι’
557 4841 780 4892 ἐκείνων
814 4837 1262 4914 παιδαγωγοῦντα
1277 4838 1338 4890 τὸ
1366 4838 1601 4907 λογικόν·

144 5016 390 5072 “Matth.
432 5035 486 5080 x,
513 5017 604 5070 29.
725 5017 769 5047 ³⁷
809 5015 1057 5082 lCor.tx,
1085 5018 1139 5072 9.

1706 4303 1834 4351 sunt
1889 4306 2161 4347 naturam.
2216 4297 2387 4345 dtvtnt
2436 4287 2716 4358 vigilantia
2757 4288 2945 4341 auxilii
2977 4305 3086 4342 non
3127 4288 3289 4344 dese-

1705 4385 1795 4438 rit.
2589 4415 2612 4446 κ

1775 4473 1914 4538 Quid
1947 4473 2126 4541 itaque
2151 4480 2253 4535 est,
2281 4471 2427 4540 quod
2457 4468 2657 4524 Paulus
2685 4469 2864 4532 docet,
2895 4469 2976 4521 vir
3001 4469 3087 4522 ille
3113 4471 3290 4527 excel,

1705 4579 1817 4625 sus,
1859 4565 2032 4617 sancti
2065 4563 2302 4631 Spiritus
2357 4561 2561 4627 lingua,
2614 4575 2776 4627 quam
2837 4558 2969 4611 nihil
2999 4559 3284 4625 absonum,

1709 4666 1801 4707 aut
1835 4653 2126 4723 litigiosum
2155 4653 2306 4706 decet
2331 4651 2577 4721 profari?
2606 4649 2746 4702 Sane
2770 4652 2896 4702 dum
2932 4650 3016 4701 ille
3045 4659 3286 4704 Veterum

1712 4747 1902 4816 legalia
1950 4754 2217 4814 praecepta
2250 4745 2302 4796 in
2347 4753 2582 4798 mentem
2635 4751 2934 4803 revocaret,
2967 4759 3086 4810 qua-
3120 4743 3287 4796 multa

1708 4839 1774 4893 de
1809 4841 1983 4892 brutis
2009 4838 2378 4892 animantibus
2408 4846 2673 4898 statuunt,
2709 4844 2766 4889 ut
2791 4850 2884 4904 per
2915 4850 2976 4889 ea
3015 4834 3285 4887 hominem

1254 5017 1297 5049 ³⁸
1331 5017 1524 5073 Matth.
1578 5035 1652 5080 vt,
1686 5019 1775 5074 28.

1580 5141 1816 5199 NOT/E.

46 5292 67 5301 ᾧ
88 5225 215 5301 ’(61)
252 5228 449 5284 Noster
477 5231 776 5298 exscriptor
803 5231 944 5284 hanc
967 5233 1321 5301 quaestionem
1351 5233 1404 5285 in
1426 5236 1612 5290 codice

53 5292 132 5346 liis
147 5306 410 5363 exaravit;
443 5309 493 5352 et
520 5292 692 5368 primo
723 5302 939 5366 quidem
986 5292 1107 5354 loco
1138 5303 1407 5365 mutilam,
1439 5307 1610 5357 altero

56 5375 212 5419 autem
266 5371 528 5438 integzam
573 5381 625 5424 et
657 5371 960 5424 absolutam
1014 5373 1282 5426 exhibuit.
1316 5371 1488 5437 l'lujus
1528 5376 1605 5428 rei

57 5447 202 5511 causa
237 5439 378 5511 iuit,
409 5439 510 5492 nisi
539 5441 867 5511 conjecturis
925 5441 1203 5511 indulgere
1237 5443 1316 5495 l‘as
1345 5455 1444 5497 est.
1479 5445 1605 5511 quia

57 5509 167 5554 tunc
188 5509 248 5559 ad
280 5524 466 5560 vocem
521 5510 671 5577 μέλει
703 5526 801 5579 pro
838 5510 1018 5564 μέλλει
1050 5512 1238 5565 oculos
1272 5509 1523 5572 advertit,
1552 5524 1606 5566 et

59 5586 283 5648 magnam
337 5581 600 5632 orationis
668 5589 872 5648 partem
903 5581 1084 5634 verbis
1113 5581 1232 5633 istis
1264 5582 1600 5648 interjectam

50 5646 258 5700 clausit:
303 5647 495 5703 deinde
532 5646 1088 5710 vero—vocabulorum
1125 5646 1482 5707 sitnilttudine
1511 5654 1604 5707 de-

1716 5250 1930 5308 ceptum
1996 5256 2053 5294 se
2107 5243 2381 5306 sentiens,
2441 5243 2679 5296 laborem
2725 5255 2882 5295 suum
2940 5236 3280 5308 instauravit,

1715 5306 2032 5382 addiditque
2060 5311 2200 5366 hanc
2227 5313 2540 5382 ἐπιγραφὴν
2597 5306 3238 5382 secundaeAexscriptioni
3266 5327 3280 5359 :

1712 5381 2270 5453 éﬁvqnpoypaesim
2316 5379 2471 5443 αὖθις
2497 5379 2807 5453 γράφεται.
2847 5379 2952 5453 Ego
2982 5395 3127 5438 vero,
3159 5395 3224 5453 ne
3252 5393 3282 5429 a

1711 5451 2052 5515 Coisliniani,
2085 5449 2138 5506 et
2173 5449 2786 5508 Taurinensiscodicis
2821 5451 3011 5503 ordine
3064 5449 3285 5501 recede-

1713 5537 1848 5592 rent,
1882 5523 2052 5588 ipsam
2084 5525 2349 5592 integram
2387 5523 2500 5577 sedi
2544 5538 2655 5579 suae
2712 5520 2948 5582 restitui,
3002 5529 3161 5587 atque
3193 5517 3286 5569 hic

1709 5591 1762 5645 in
1792 5592 1966 5646 lucem
1993 5591 2253 5648 edendam
2282 5595 2489 5664 putavi.
