3864 6218
479 247 584 309 223

1625 233 1890 297 PHOTII
1932 230 2438 293 PATRIARCHzE
2474 231 2581 290 ΟΡ.

3632 224 3735 285 Ξὲί

475 360 729 416 erudiant
759 354 949 427 (veluti
987 369 1096 410 non
1147 353 1313 408 licere
1349 351 1423 419 ei,
1451 350 1544 421 qui
1581 350 1762 420 pullos
1796 349 1980 403 avium
2022 363 2052 403 e

2179 343 2264 400 Iov
2278 346 2339 399 οὐ
2363 346 2442 398 δεῖ
2458 343 2704 406 νεοττοὺς
2723 341 2950 414 ὀρνίθων
2980 341 3079 406 τῆς
3100 342 3318 402 vesani;
3338 337 3733 408 ἀφαιρεύμενον

478 453 605 508 nido
650 448 960 513 abstulerit,
1013 457 1270 517 parentes
1319 443 1483 498 simul
1541 444 1826 510 tenere”;
1878 456 1978 496 nec
2006 441 2060 494 in

483 535 621 597 lacte
647 540 839 595 matris
864 555 978 594 sua:
1017 553 1219 607 agnum
1250 535 1577 605 coquere“;
1608 535 1740 596 imo,
1785 534 1829 586 si
1868 533 2059 601 placet.

480 650 581 689 nec
617 633 827 686 vincam
854 633 1024 685 altero
1063 629 1271 684 semine
1293 627 1569 692 serere“;
1620 642 1720 680 nec
1764 634 1965 680 vestem
1998 637 2064 676 ex

481 725 650 778 variis
684 731 994 777 contextam
1028 720 1170 774 liciis
1202 720 1352 774 indui
1378 721 1461 783 “;
1495 728 1550 772 et
1591 717 1743 787 plura
1781 716 1832 769 id
1868 729 2062 784 genus,

483 814 790 881 cujusmodi
819 821 903 865 est
925 821 980 865 et
1009 811 1141 864 illud
1172 825 1189 863 :
1231 831 1249 861 ι
1285 807 1406 864 Νοιι
1441 809 1694 876 alligabis
1730 806 1793 860 es
1823 806 1943 858 bovi
1970 805 2067 858 tri-

486 905 766 968 turanti",
804 907 855 972 ο)
885 903 998 966 ille,
1048 903 1298 970 inquam,
1322 888 1412 953 'vir
1442 899 1575 968 legis
1600 899 1809 961 doctor,
1842 911 1965 951 cum
2012 896 2064 948 in

487 994 650 1060 hujus
688 993 819 1062 legis
849 993 1065 1046 abolitae
1097 1007 1197 1044 usu
1246 997 1405 1042 natus
1437 997 1606 1052 esset,
1640 1001 1705 1040 ac
1739 986 1902 1040 vellet
1942 985 2068 1039 inde

491 1085 927 1138 cohortationem
973 1081 1240 1145 exordiri,
1284 1079 1428 1145 quod
1461 1093 1676 1147 nempe,
1716 1077 1808 1146 qui
1840 1077 1976 1130 alios
1999 1075 2066 1129 ad

492 1178 746 1229 virtutem
796 1175 1006 1236 incitat,
1058 1173 1160 1225 hac
1207 1171 1357 1239 prius
1384 1170 1583 1224 debeat
1616 1169 1734 1238 ipse
1765 1168 1990 1238 pollere,
2015 1175 2070 1220 et

493 1268 572 1320 sic
601 1266 797 1320 deinde
839 1265 1117 1319 auditores
1144 1262 1210 1316 ad
1254 1262 1610 1315 imitationem
1661 1261 1920 1325 allicere;
1959 1260 2071 1313 imo

487 1358 674 1418 etiam,
731 1355 876 1425 quod
920 1363 1171 1422 oporteat
1219 1353 1529 1406 laborantes
1591 1352 1771 1406 debita
1823 1350 2070 1404 mercede

488 1465 597 1501 non
667 1447 957 1501 fraudari:
1005 1446 1119 1500 haec
1175 1461 1240 1499 ex
1299 1444 1501 1514 Moysis
1551 1459 1770 1513 quoque
1800 1444 1916 1511 lege
1953 1443 2070 1509 ipse

488 1555 790 1609 personaus
821 1538 1064 1592 subdidit
1097 1557 1111 1593 :
1149 1557 1168 1590 ι
1218 1537 1336 1591 Νοιι
1384 1537 1637 1606 alligabis
1664 1551 1726 1590 os
1753 1536 1876 1590 bovi
1911 1535 2070 1588 tritu-

487 1634 652 1688 ranti.
687 1651 708 1683 ι
744 1631 944 1685 Deinde
969 1648 1034 1686 ne
1061 1631 1184 1700 quis
1207 1632 1410 1684 diceret
1435 1649 1448 1684 :
1477 1628 1620 1695 Quid
1655 1629 1852 1682 bovum
1889 1643 2066 1698 genus

487 1725 554 1779 ad
587 1725 867 1778 hominum
901 1723 1198 1778 naturam?
1243 1721 1481 1791 Subjicit
1513 1741 1526 1775 :
1562 1720 1681 1774 Non
1712 1721 1802 1776 hic
1836 1740 1856 1772 ι
1887 1723 1953 1774 de
1979 1722 2071 1774 bo-

489 1815 590 1870 bus
626 1830 757 1869 cura
780 1824 864 1869 est
888 1813 1016 1868 Deo.
1051 1832 1069 1865 ι
1122 1811 1256 1866 Nam
1303 1823 1524 1882 propter
1553 1828 1653 1866 nos
1681 1812 1797 1867 haec
1835 1812 1900 1866 de
1932 1811 2067 1881 ipsis

488 1907 664 1975 posita
701 1907 783 1960 lex
815 1917 932 1972 est;
975 1921 1081 1959 non
1129 1905 1273 1959 enim
1299 1904 1419 1973 ejus
1452 1904 1820 1974 promulgatio
1848 1903 2065 1957 illorum

491 1998 706 2052 utilitati
772 1997 1004 2052 intendit
1059 2014 1234 2065 neque
1286 1997 1572 2050 brutorum
1620 1995 2069 2066 gubernationem

491 2089 670 2159 legum
699 2088 1063 2144 Mosaicarum
1089 2089 1360 2143 institutio
1395 2088 1496 2142 sibi
1529 2103 1624 2157 pro
1665 2103 1834 2156 scopo
1867 2100 2069 2156 propo-

491 2182 600 2234 suit
627 2197 640 2234 :
669 2181 763 2234 sed
797 2196 918 2250 qua:
953 2180 1100 2235 circa
1129 2181 1233 2234 alia
1265 2189 1552 2234 versantur
1595 2177 1917 2242 animantia,
1957 2178 2071 2231 haec

491 2269 664 2323 nostri
685 2270 860 2337 gratia
887 2271 1092 2323 sancita
1124 2279 1272 2322 sunt.

564 2361 675 2416 Deo
712 2363 897 2432 itaque
930 2375 1078 2415 cura:
1110 2371 1240 2416 sunt
1281 2361 1464 2424 boves,
1499 2368 1558 2414 ut
1581 2367 1636 2413 et
1664 2359 1784 2414 alia:
1810 2367 2074 2414 creaturae

494 2469 604 2508 non
632 2453 768 2506 adeo
791 2468 920 2506 vero
945 2461 1004 2506 ut
1031 2467 1128 2522 pro
1157 2453 1264 2506 illis
1299 2453 1442 2522 leges
1489 2466 1730 2520 queque,
1761 2459 1814 2504 et
1848 2451 2072 2520 regimi-

495 2546 582 2599 nis
610 2543 834 2606 formas,
877 2544 1176 2597 secundum
1219 2559 1356 2612 quas
1385 2544 1648 2606 viverent,
1697 2542 1988 2606 conderet;
2020 2551 2076 2595 at

497 2637 697 2706 potius,
723 2637 767 2691 si
791 2635 936 2706 quod
960 2637 1026 2715 θ
1046 2636 1152 2690 illis
1176 2636 1379 2705 prodiit
1407 2643 1699 2699 statutum,
1757 2633 1809 2688 id
1844 2649 1943 2705 pro
1970 2635 2076 2688 liii-

495 2742 658 2781 mana
708 2727 962 2792 utilitate,
1017 2736 1070 2781 et
1119 2725 1408 2795 disciplina
1463 2726 1666 2779 meruit
1715 2724 2072 2795 promulgari.

494 2821 672 2888 Atque
692 2819 744 2873 id
776 2818 947 2888 magis
983 2820 1265 2890 magisque
1291 2833 1354 2872 ex
1382 2818 1594 2872 caneris
1625 2819 1833 2886 pariter
1861 2818 2075 2886 perspi-

494 2913 639 2966 citur
679 2911 1073 2974 animantibus,
1100 2910 1167 2964 de
1199 2909 1399 2980 quibus
1428 2911 1575 2964 nulla
1612 2911 1790 2982 legum
1817 2911 1950 2964 latio
1978 2927 2078 2979 po-

2166 438 2405 500 καὶτοὺς
2454 436 2848 505 γεγεννηκότας
2887 433 3185 503 λαμϐάνειν
3210 449 3222 461 ·
3268 430 3381 484 οὐδ’
3421 430 3574 498 ἕψειν
3605 431 3736 498 ἄρνα

2165 532 2222 584 ὲν
2249 531 2482 597 γάλακτι
2516 527 2720 600 μητρὸς
2772 524 2960 590 αὐτοῦ,
2993 527 3039 577 εί
3065 524 3242 593 βούλει
3282 523 3364 585 δὲ,
3397 521 3534 591 μηδὲ
3561 521 3738 588 διαφο-

2169 637 2281 692 ροις
2346 619 2623 688 σπέρμασι
2676 616 2767 670 τὸν
2813 614 3109 686 ἀμπελῶνα
3163 609 3561 680 κατασπείρειν
3591 626 3605 641 θ
3634 609 3736 661 οὐδ’

2169 714 2384 783 ἱμάτιον
2410 711 2683 780 διαφόρων
2717 710 2781 762 ὲκ
2838 706 3096 778 νημάτων
3149 703 3464 773 ὑφασμένον
3497 701 3736 769 περιδύε-

2169 805 2324 858 σθαι·
2346 802 2440 856 καὶ
2471 800 2638 853 πολλά
2667 797 2916 858 τοιαῦτα,
2935 790 3009 848 ὧν
3035 799 3148 848 ἐστι
3175 796 3271 847 καὶ
3295 793 3376 845 τόο
3408 809 3427 844 ι
3465 793 3542 845 Οὐ
3568 788 3736 858 φιμώ-

2170 911 2282 957 σεις
2307 893 2432 960 βοῦν
2479 889 2740 944 ἀλοῶντα.
2770 906 2790 940 ι
2835 888 2924 939 Ἐν
2954 885 3111 956 χρεία
3142 885 3322 936 τοίνυν
3373 885 3402 935 ὁ
3433 879 3742 951 νομομαθὴς

2169 989 2395 1047 ἐκεῖνος,
2427 981 2716 1052 ἄνθρωπος
2763 979 2858 1032 τοῦ
2915 979 3152 1047 πάρετος
3175 976 3285 1043 (62)
3316 973 3558 1042 νομίμου
3591 986 3741 1038 γεγο-

2170 1076 2296 1141 νὼς,
2325 1073 2578 1128 κάκεῖθεν
2605 1071 2847 1140 ὑφαίνων
2867 1071 2966 1141 τὴν
2985 1069 3328 1139 παραίνεσιν,
3351 1064 3428 1127 ὡς
3454 1062 3641 1115 δείτὺν
3671 1059 3742 1121 εἰς

2171 1166 2370 1239 ἀρετὴν
2399 1167 2620 1234 ἑτέρους
2662 1162 3131 1233 προτρεπόμενον,
3185 1157 3350 1210 αὑτὸν
3374 1155 3586 1223 ταύτης
3611 1154 3742 1205 ἀπο-

2171 1260 2356 1313 λαύειν
2389 1259 2674 1328 πρότερον,
2729 1251 2827 1308 εἷθ’
2879 1252 3054 1315 οὕτως
3098 1251 3192 1304 ἐπὶ
3225 1249 3326 1320 τὴν
3362 1248 3605 1317 μίμησιν
3623 1245 3743 1306 τοὺς

2171 1353 2446 1423 ἀκροατὰς
2476 1346 2811 1418 παρακαλεῖν
2837 1361 2852 1376 ·
2876 1344 2932 1415 ἢ.
2961 1345 3010 1396 εί
3043 1342 3241 1413 βούλει,
3279 1340 3408 1402 τοὺς
3438 1336 3743 1397 κοπιῶντας

2171 1445 2272 1514 τῆς
2294 1443 2401 1497 ἀπὸ
2444 1442 2553 1495 τῶν
2611 1439 2786 1493 πόνων
2844 1433 3201 1508 παραμυθίας
3243 1432 3318 1502 μὴ
3358 1427 3738 1500 ὑστερεῖσθαι·

2170 1534 2346 1588 ταῦτα
2370 1533 2466 1586 καὶ
2487 1531 2573 1588 διὰ
2601 1531 2699 1600 τῆς
2723 1525 3023 1594 Μωσαϊκῆς
3044 1522 3366 1593 νομοθεσίας
3407 1518 3740 1588 συγκροτῶν,

2173 1625 2500 1695 ἐπήγαγεν(
2531 1620 2606 1673 Οὐ
2631 1616 2898 1688 φιμώσεις
2931 1614 3057 1685 βοῦν
3069 1611 3332 1666 ἀλοῶντα,
3357 1629 3377 1661 ι
3406 1605 3540 1661 Εἶτα
3566 1608 3658 1660 ἵνα
3677 1608 3742 1674 μή

2168 1736 2252 1781 τις
2298 1717 2426 1786 εἴπῃ
2463 1730 2478 1743 ·
2529 1714 2585 1766 'H
2614 1712 2665 1765 τί
2690 1711 2824 1781 πρὸς
2856 1706 3158 1778 ἀνθρώπων
3190 1704 3352 1772 φύσιν
3379 1701 3443 1752 τὸ
3474 1700 3588 1752 τῶν
3617 1698 3745 1767 βοῶν

2171 1813 2354 1881 γένος;
2379 1828 2397 1860 ι
2426 1807 2501 1859 Οὐ
2518 1805 2623 1858 τῶν
2647 1803 2805 1872 βοῶν,
2823 1801 3008 1871 φησὶν,
3040 1796 3272 1850 ἐνταῦθα
3307 1792 3459 1864 μέλει
3483 1788 3740 1860 τῷθεῷ.»

2170 1901 2246 1954 Δι’
2279 1900 2428 1971 ἡμᾶς
2456 1897 2566 1968 γὰρ
2599 1898 2626 1950 ὁ
2656 1895 2740 1948 ἐπ’
2775 1894 2958 1956 αὐτοῖς
2989 1890 3149 1958 ἐτέθη
3180 1887 3344 1958 νόμος
3371 1903 3384 1916 ·
3414 1887 3476 1938 οὺ
3505 1884 3615 1953 γάρ
3641 1883 3746 1951 ἔχει

2171 1990 2593 2064 προηγουμένην
2612 1987 2711 2057 τὴν
2739 1984 2889 2038 θέσιν
2925 1982 3010 2034 ἐπ’
3056 1979 3280 2033 ἐκείνων
3303 1993 3318 2007 ⁸
3352 1975 3474 2029 οὐδὲ
3505 1975 3609 2044 τῆς
3646 1972 3746 2024 τῶν

2171 2084 2382 2152 ἀλόγων
2403 2079 2676 2142 πολιτείας
2703 2078 2740 2148 ή
2769 2074 3039 2145 Μωσαῖκὴ
3065 2069 3358 2142 νομοθεσία
3390 2066 3744 2137 στοχάζεται·

2170 2176 2286 2231 ἀλλ’
2320 2175 2462 2245 άπερ
2491 2173 2700 2244 ἑτέροις
2757 2167 3049 2241 περιετέθη
3100 2162 3446 2236 προσώποις,
3476 2157 3661 2212 ταῦτα
3684 2156 3747 2210 δι’

2170 2272 2321 2342 ἡμᾶς
2350 2267 2573 2340 tmen.

2244 2364 2411 2417 Μέλει
2444 2361 2542 2433 μὲν
2573 2359 2683 2430 γὰρ
2711 2356 2818 2410 τῶν
2850 2353 2990 2426 βοῶν
3027 2350 3105 2421 τῷ
3133 2349 3275 2420 Θεῷ,
3309 2347 3502 2417 ὥσπερ
3533 2342 3751 2398 καὶτῶν

2175 2457 2348 2510 ἄλλων
2398 2452 2714 2522 κτισμάτων
2733 2463 2749 2480 ⁸
2807 2446 2944 2501 ἀλλά
2975 2445 3075 2514 οὐχ
3101 2442 3243 2495 ὥστε
3289 2439 3420 2511 περὶ
3449 2436 3636 2491 αὐτῶν
3666 2434 3750 2486 καὶ

2175 2550 2372 2618 νόμους
2404 2543 2731 2607 ἐκτίθεσθαι,
2756 2541 2851 2594 καὶ
2887 2541 2989 2609 τῆς
3035 2534 3308 2596 πολιτείας
3354 2532 3586 2594 τύπους,
3635 2526 3750 2580 καθ’

2174 2642 2268 2705 οὓς
2299 2657 2362 2709 γε
2391 2637 2678 2709 βιώσονται
2698 2650 2712 2666 °
2748 2631 2886 2687 ἀλλά
2921 2630 3019 2685 καὶ
3059 2623 3135 2682 ὧν
3188 2622 3426 2696 προῆλθε
3455 2622 3749 2686 διάταγμα,

2177 2734 2264 2787 διά
2312 2732 2408 2803 τὴν
2431 2729 2540 2783 τῶν
2563 2725 2867 2798 ἀνθρώπων
2896 2722 3085 2795 χρείαν
3127 2719 3223 2774 καὶ⁷
3250 2713 3645 2803 παιδαγωγίαν.
3662 2710 3753 2778 τὴν

2177 2800 2434 2892 εἰσφοράν
2468 2816 2807 2874 οίκειώσατο.
2836 2812 2948 2867 Καὶ
2970 2810 3128 2865 τοῦτο
3159 2805 3394 2877 φανερὸν
3421 2803 3581 2856 οὐδὲν
3605 2800 3753 2892 ἐλατ-

2177 2934 2268 2971 τον
2311 2916 2405 2967 καὶ
2457 2915 2521 2966 ἐκ
2579 2909 2688 2962 τῶν
2717 2909 2893 2963 ἄλλων
2948 2903 3101 2969 ζώων
3145 2899 3499 2959 καθίσταται,
3535 2884 3752 2963 mpii”

496 3008 603 3056 test
629 3003 896 3056 exhiberi.
924 3001 1186 3068 Quaanam
1219 3002 1476 3056 nimirum
1512 3004 1577 3056 de
1627 3003 1893 3066 leonibus,
1928 3017 2073 3070 quae-

2179 3007 2406 3077 οὐδεμία
2431 3005 2608 3075 νόμων
2632 2998 2861 3071 εἰσφορά
2889 2997 3270 3050 διαδείκνυται.
3304 2990 3463 3049 Heio;
3490 2987 3614 3077 7:19—
3634 2983 3754 3052 περὶ

496 3109 622 3150 nam
652 3094 720 3148 de
771 3094 1176 3163 clephantibus,
1227 3102 1322 3146 aut
1353 3093 1422 3148 de
1472 3094 1847 3160 uuieoruibus,
1887 3105 1980 3147 aut
2013 3094 2082 3147 de

496 3183 848 3246 draconibus,
900 3191 994 3236 aut
1041 3183 1109 3237 de
1174 3183 1478 3237 innumeris
1543 3183 1664 3237 aliis
1713 3184 2079 3237 animantium

499 3272 811 3342 generibus,
843 3286 1074 3340 quorum
1098 3272 1343 3340 quaedam
1368 3273 1720 3327 mansueﬁeri
1751 3285 2076 3340 cernuntur,

499 3372 691 3415 caetera
725 3377 852 3415 vero
889 3362 1171 3415 hominum
1203 3361 1634 3418 l'ainiliaritatem
1678 3375 1732 3418 et
1787 3366 2081 3420 contuber-

502 3455 653 3508 nium
683 3461 906 3522 pi‘orsus
955 3455 1248 3522 refugiunt,
1301 3455 1522 3509 inducta
1551 3455 1635 3509 lex
1676 3457 1792 3510 est?
1816 3458 1930 3511 Hoc
1959 3473 2083 3527 pro-

503 3544 646 3599 fecto
669 3559 791 3598 cum
825 3545 1016 3599 beatus
1061 3546 1172 3609 ille,
1202 3557 1255 3600 et
1277 3546 1493 3600 divinus
1538 3549 1638 3612 vir,
1674 3549 1887 3614 melius,
1915 3565 2081 3621 quam

502 3635 682 3706 quivis
728 3635 890 3699 alius,
921 3637 1270 3705 comperiret,
1313 3647 1500 3706 utpote
1553 3639 1686 3708 legis
1732 3641 1944 3707 doctor,
1981 3644 2083 3700 Ec-

502 3727 683 3781 clesia:
711 3728 860 3792 tuba,
888 3736 943 3782 et
979 3743 1131 3782 mens
1152 3729 1428 3795 sublimis,
1463 3739 1576 3783 tum
1616 3748 1798 3786 rerum
1825 3736 2072 3791 omnium

504 3817 897 3888 providentiam
951 3819 1003 3872 in
1064 3822 1248 3875 multis
1306 3822 1551 3890 epistolis
1604 3823 1914 3893 frequenter
1974 3827 2081 3884 Deo

504 3911 905 3964 attribuendam
959 3912 1236 3981 praedicat,
1287 3923 1398 3967 tum
1446 3915 1605 3968 docet
1657 3919 1776 3972 illas
1803 3919 1870 3972 de
1909 3921 2082 3976 brutis

503 4002 668 4072 leges,
697 4017 835 4072 quas
891 4003 1128 4058 Mosaica
1160 4005 1337 4060 littera
1385 4007 1626 4073 adhibet,
1687 4025 1791 4063 non
1835 4013 2077 4081 ipsorum

504 4093 720 4148 vivendi
772 4110 1021 4148 normam
1068 4096 1317 4160 delinire,
1381 4113 1558 4166 neque
1619 4100 1757 4154 adeo
1790 4102 1950 4157 bruta
1986 4107 2078 4160 Dei

505 4185 788 4247 interesse,
823 4189 1065 4240 utetiam
1091 4187 1214 4256 jura
1251 4188 1318 4242 ad
1355 4188 1597 4258 ipsorum
1635 4192 2079 4260 gubernationem

506 4279 807 4345 spectantia
876 4281 1275 4341 conscriberet;
1334 4288 1390 4333 at
1451 4282 1631 4349 potius
1690 4283 1803 4338 hare
1864 4287 1928 4339 ad
1993 4289 2079 4339 iit-

2181 3075 2409 3153 λεόντων
2437 3113 2452 3162 ;
2508 3097 2593 3158 τίς
2637 3094 2692 3146 δὲ
2723 3093 2852 3162 περὶ
2881 3087 3208 3157 ἐλεφάντων,
3239 3085 3272 3153 ἦ
3344 3075 3752 3151 μονοκερώτων,

2180 3192 2544 3266 ἢδρακόντων
2585 3188 2747 3256 νόμος
2799 3182 3192 3253 εἰσενήνεκται,
3239 3176 3272 3246 ἢ
3322 3174 3539 3245 μυρίων

2181 3259 2378 3354 γενῶν,
2411 3279 2486 3338 ὧν
2508 3281 2576 3334 τά
2606 3279 2703 3351 μὲν
2737 3279 2926 3348 ὁρᾶται
2983 3271 3246 3353 χειροήθη
3300 3267 3590 3336 γινόμενα,
3610 3260 3680 3312 τά

2182 3352 2460 3437 παντελῶς
2490 3371 2587 3441 τὴν
2612 3369 2748 3441 πρὸς
2767 3366 3070 3440 ἀνθρώπων
3108 3359 3346 3432 ὁμιλίαν,
3376 3355 3474 3410 καὶ
3497 3354 3562 3406 τὸ
3585 3352 3751 3421 ὀμορ-

2181 3650 2246 3722 δὴ
2289 3650 2522 3719 μάλιστα
2551 3647 2644 3699 καὶ
2666 3639 3002 3714 νομομαθὴς,
3049 3635 3228 3700 εἰδὼς,
3258 3633 3359 3701 τῆς
3408 3630 3442 3722 7'

2183 3717 2493 3813 ﬂvadhrwé,
2545 3739 2573 3790 ὁ
2621 3733 2746 3797 νοῦς
2793 3733 2822 3785 ὁ
2878 3729 3193 3801 μετάρσιος,
3235 3725 3331 3777 καὶ
3367 3721 3466 3790 τὴν
3503 3717 3756 3813 πρὰνοιαν

2182 3810 2516 3903 ἀνηρτῆσθαι
2548 3827 2766 3882 πάντων
2793 3819 3084 3891 πολλαχοῦ,
3135 3817 3229 3870 καὶ
3262 3813 3526 3873 πολλάκις
3551 3810 3757 3905 ἀνακη-

2186 3901 2366 3993 ρύττει
2397 3917 2536 3988 Θεῷ,
2576 3917 2672 3970 καὶ
2721 3915 2846 3976 τοὺς
2876 3913 3005 3982 περ)⁸
3031 3908 3142 3961 τῶν
3181 3905 3394 3972 ἀλόγων
3425 3901 3651 3993 νόμους,

2182 3986 2453 4084 έχρήσατο
2478 3986 2539 4062 τὸ
2555 4009 2790 4078 γράμμα
2839 4003 2901 4058 τδ
2932 3998 3246 4061 Μωσαῖκόν,
3283 3997 3343 4048 οὗ
3377 3991 3468 4046 διὰ
3492 3990 3584 4084 τὸν
3619 3986 3757 4040 ὲκεί-

2183 4125 2288 4160 νων
2321 4106 2433 4176 βίον
2471 4100 2828 4168 θεσπισθῆναι
2882 4091 3312 4166 προηγουμένως
3358 4083 3751 4176 ἁποφαίνεταις

2183 4197 2302 4250 οὐδὲ
2329 4192 2584 4246 τοσοῦτον
2643 4188 2824 4244 αὐτῶν
2874 4183 3091 4256 μέλλειν
3147 4180 3226 4250 τῷ
3286 4175 3428 4244 Θεῷ,
3482 4173 3626 4226 ὥστε
3668 4168 3754 4221 καὶ

2183 4285 2420 4357 θεσμοὺς
2471 4284 2551 4346 είς
2600 4281 2697 4352 τὴν
2745 4277 2968 4332 ἐκείνων
3011 4271 3287 4328 πολιτείαν
3316 4263 3756 4334 ἀναφερομένους

505 4367 695 4422 docilis
746 4368 955 4424 Judaici
990 4372 1170 4439 pepuli
1225 4372 1554 4437 doctrinam,
1602 4375 1952 4443 regimenque
1993 4395 2073 4432 sa-

2185 4373 2632 4448 ἀναγράφεσθαιο
2687 4370 2800 4425 ἀλλ’
2858 4369 2951 4421 ἐπὶ
3008 4361 3380 4431 παιδαγωγίᾳ.
3436 4357 3534 4410 καὶ
3598 4368 3755 4422 νομο-

507 4460 847 4527 pientissimo
894 4471 949 4516 et
989 4465 1206 4518 occulto
1239 4464 1470 4518 consilio
1519 4467 1754 4536 prolata,
1793 4477 1847 4522 et
1888 4468 2077 4526 litteris

505 4550 708 4603 credita
731 4549 900 4604 fuisse
926 4553 1111 4608 tradit.

578 4749 730 4804 Patet
755 4749 956 4820 itaque,
987 4749 1130 4818 quod
1177 4764 1287 4803 non
1331 4751 1491 4805 modo
1541 4751 1863 4819 prmdicator
1913 4754 2082 4809 docu-

509 4841 706 4896 mentis
731 4841 970 4910 magistri
1029 4842 1082 4894 iii
1132 4841 1280 4895 nulla
1343 4857 1581 4910 unquam
1631 4859 1687 4896 re
1725 4843 2082 4912 adversetur;

511 4948 694 4987 verum
721 4931 884 4986 etiam
922 4947 985 4985 ea
1029 4931 1352 4985 documenta
1383 4935 1798 4988 conﬁrmatione
1831 4937 2083 4990 munian-

511 5034 618 5087 tur,
654 5023 924 5094 praecipue
953 5023 1082 5076 dum
1113 5022 1342 5078 diversis
1374 5039 1552 5078 rerum
1583 5028 1921 5094 argumentis
1949 5045 2079 5084 usus

506 5117 871 5173 diversitatem
895 5118 1280 5172 convenienter
1309 5119 1705 5182 accommodat,
1724 5121 1848 5173 etin
1881 5123 2078 5190 quovis

510 5225 609 5264 usu
647 5209 923 5265 doctrinas
953 5210 1095 5264 inter
1127 5225 1186 5264 se
1213 5209 1497 5264 distinctas
1525 5211 1746 5264 minime
1768 5211 2075 5279 confundit;

506 5299 818 5370 praebetque
845 5313 906 5355 se
937 5299 1042 5370 piis
1070 5299 1204 5354 viris
1240 5313 1510 5366 normam,
1552 5317 1662 5370 quo
1691 5311 1850 5370 pacto
1883 5303 2082 5358 debeat

617 5417 663 5450 ³⁹
695 5415 851 5473 Deut.
905 5431 1040 5482 uti,
1080 5414 1133 5470 6.

509 5489 606 5546 vit.
645 5504 760 5553 xui,
799 5487 892 5554 t9;
918 5486 1076 5542 Deut.
1117 5485 1333 5553 HVJ;
1376 5487 1393 5539 l
1431 5487 1557 5540 Cor.
1589 5503 1665 5548 ix,
1693 5489 1744 5539 9.

1241 5413 1289 5486 δέ
1324 5415 1494 5469 Exod.
1527 5432 1709 5474 xxxiv,
1739 5417 1841 5485 είς
1879 5417 2033 5472 Deut.
2067 5433 2179 5486 xw,
2203 5416 2296 5470 2i.

2185 4472 2340 4542 θεσίᾳ
2368 4467 2463 4522 τοῦ
2488 4463 2760 4537 δυσηνίου,
2789 4461 2882 4514 καὶ
2921 4455 3212 4512 Ἰουδαῖκοῦ
3260 4454 3473 4513 ἔθνους,
3519 4465 3616 4501 και
3667 4449 3755 4516 ῥη-

2184 4565 2365 4634 θῆναι,
2421 4561 2514 4615 καὶ
2570 4554 2956 4626 ἀναγραφῆναι
3006 4549 3314 4618 σοφωτάτῃ,
3356 4543 3454 4598 καὶ
3496 4554 3757 4595 cavsa-rtu-

2181 4673 2215 4725 γ
2223 4656 2359 4727 μένῃ
2390 4653 2569 4724 κρίσει
2595 4647 2952 4720 παραδίδωσι.

2255 4747 2422 4815 Δῆλον
2465 4739 2581 4808 οὖν,
2632 4741 2707 4804 ὼς
2731 4740 2790 4792 οὐ
2819 4738 2976 4809 μόνον
3030 4734 3181 4787 οὐδὲν
3228 4728 3484 4800 οὐδαμῶς
3509 4723 3756 4796 suam:

2183 4837 2606 4906 ἀντιφθέγγεται
2637 4831 2773 4902 πρὸς
2805 4832 2874 4883 τά
2903 4825 3226 4882 διδασκάλου
3263 4822 3598 4890 διδάγματα·
3624 4816 3758 4870 άλλά

2183 4931 2276 4984 καὶ
2299 4927 2584 5000 βεϐαίωσις
2609 4925 2790 4979 αὐτῶν
2819 4921 3167 4980 καθίσταται,
3205 4917 3446 4987 μάλιστα
3469 4916 3527 4967 ἐν
3547 4912 3628 4983 τῷ
3647 4912 3760 4964 δια-

2181 5023 2334 5093 φόρῳ
2358 5021 2467 5074 τῶν
2506 5019 2816 5072 ὑποθέσεων
2847 5015 2943 5069 καὶ
2962 5014 3063 5085 τὴν
3089 5011 3356 5080 διαφορὰν
3380 5007 3481 5077 τῆς
3510 5007 3759 5077 χρήσεως

2181 5115 2530 5186 καταλλήλως
2576 5108 2956 5181 διορθούμενος
2990 5147 3006 5172 ,
3066 5105 3159 5158 καὶ
3209 5103 3501 5173 φυλάττων
3552 5100 3759 5166 ἑκάστῃ

2183 5208 2343 5280 χρεία
2372 5207 2432 5260 τὸ
2460 5206 2562 5276 τῆς
2611 5203 2845 5274 θεωρίας
2863 5199 3284 5269 διακεκριμένον
3307 5194 3634 5263 ἀσύγχυτον,
3668 5191 3759 5241 καὶ

2192 5301 2352 5372 νόμον
2371 5302 2483 5362 τοῖς
2509 5295 2792 5350 εὐσεϐέσιν
2814 5292 3005 5347 ἑαυτὸν
3031 5289 3332 5362 προτιθεὶς,
3358 5288 3504 5347 ὅπως
3520 5283 3628 5355 χρὴ
3653 5281 3760 5333 τῶν

2408 5414 2452 5445 δι
2487 5412 2645 5466 Deut.
2684 5425 2820 5476 xm,
2845 5409 2900 5464 9.
2995 5406 3040 5439 ⁸³
3079 5405 3239 5461 Deut.
3273 5401 3501 5469 “11,11.
3573 5397 3626 5430 ”
3658 5395 3760 5451 Leo

2029 5577 2262 5632 NOTAE.

577 5673 689 5745 (02)
721 5675 795 5730 Τὸ
828 5675 1065 5748 παρέ-.ου
1130 5672 1317 5733 sulIicc
1370 5673 1448 5745 τῷ
1475 5674 1729 5745 πάρετος,
1773 5679 1865 5726 aut
1907 5670 2073 5726 scribe

2179 5671 2253 5741 πρ*
2286 5668 2457 5733 ἔθνος,
2494 5667 2618 5736 legis
2654 5667 2707 5720 in
2737 5671 2884 5734 gente
2913 5678 3007 5719 sua
3040 5660 3281 5733 vigentis.
