3864 6218
138 314 238 377 225

1081 309 1177 370 AD
1214 307 1807 371 AMPHILOCHIUM
1838 309 2184 383 QUESTIO
2218 316 2399 377 XXX.

3274 321 3384 386 225

140 429 292 501 ιερῶν
342 423 500 498 ἡμῶν
541 422 755 492 Δογίων
812 419 905 476 τὸν
947 420 1074 477 νοῦν
1140 424 1476 494 ἀνιχνεύειν·
1513 424 1605 477 καὶ
1628 421 1695 494 τιῖ

1810 438 2091 481 sacrarum
2128 427 2452 483 Litterarum
2488 441 2684 484 sensus
2742 426 3077 498 investigari,
3136 443 3239 485 nec
3288 446 3387 500 pro

138 519 402 594 προχείρῳ
455 516 565 571 τῶν
615 514 915 586 ῥημάτων,
962 516 1062 585 τῆς
1113 517 1355 581 διανοίας
1410 517 1703 585 ἀντιφθεγ-

136 611 407 681 γομένης,
474 607 711 679 μάλιστα
760 607 838 679 μὴ
876 607 1022 663 κατά
1074 608 1137 662 τὸ
1193 610 1326 678 ῥᾷον
1386 608 1704 680 παρασύρε-

138 701 273 755 σθαι.

203 792 449 844 Ἐνεστιν
473 789 567 844 οὖν
598 789 908 860 διδασκάλῳ
938 790 1017 862 τῷ
1039 790 1202 861 κοινῷ
1239 791 1337 861 τῆς
1378 791 1705 863 Ἐκκλησίας

130 883 430 952 διδασκάλῳ
449 882 757 953 χρώμενον,
787 879 872 948 οἷς
900 884 1041 956 ἔρως
1073 885 1171 954 μὲν
1196 884 1521 955 ήεύσέϐεια.
1542 885 1703 956 ἔργον

134 975 190 1027 δὲ
249 973 440 1042 σοφίας
484 974 517 1043 ὴ
576 973 872 1045 διάκρισις,
920 976 1014 1029 καὶ
1044 975 1078 1044 ἡ
1115 974 1322 1029 ἄνωθεν
1376 973 1487 1028 τῶν
1528 974 1703 1043 λόγων

136 1067 304 1137 χάρις,
330 1065 710 1134 ὲναυγάζουσα
749 1065 894 1121 κατά
935 1064 1171 1136 μίμησιν
1198 1064 1291 1118 τοῦ
1323 1063 1702 1134 καθηγεμόνος

133 1158 501 1230 μεθοδεύοντα,
557 1157 939 1229 φανερώτερον
979 1158 1061 1210 ἔτι
1114 1156 1410 1222 δεικνύναι,
1442 1156 1519 1219 ὼς
1550 1157 1701 1211 οὐδὲν

130 1251 395 1321 ἡτοιαύτη
436 1250 545 1305 τῶν
576 1252 838 1322 ῥημάτων
902 1254 1097 1323 χρῆσις
1138 1250 1261 1304 οὔτε
1290 1269 1343 1303 τι
1373 1250 1483 1305 τῶν
1540 1250 1706 1320 ἱερῶν

128 1342 273 1411 ἡμῶν
324 1342 611 1411 δογμάτων
666 1342 1105 1411 ὲπιλυμαίνεται,
1161 1341 1285 1395 οὔτε
1336 1342 1457 1397 τινά
1507 1342 1700 1413 μῶμον

127 1432 480 1503 ὲπιτρίϐεται,
514 1432 652 1486 ἀλλά
686 1434 781 1488 καὶ
810 1433 1123 1487 τούναντίον
1153 1431 1300 1488 ἅπαν
1323 1434 1384 1488 τὸ
1409 1433 1699 1504 σύμφωνόν

124 1540 180 1575 τε
212 1524 300 1576 καὶ
330 1521 657 1593 ἀδιάϐλητον
712 1522 1130 1593 συνεργάζεται.
1164 1517 1290 1576 Οἷον
1323 1521 1699 1592 άσπλαγχνίας

126 1631 201 1677 τις
236 1614 329 1667 καὶ
372 1615 761 1686 ἀσυμπαθείας
795 1613 1074 1685 μεθέλκων
1106 1614 1307 1687 τινά,ἦ
1337 1616 1470 1685 πρὸς
1518 1614 1696 1685 ἀπλη-

130 1706 268 1760 στίαν
298 1705 535 1775 ῥέουσαν
574 1706 940 1776 άναχαιτίζων
986 1706 1237 1778 γνώμην,
1265 1707 1299 1777 ἢ
1332 1708 1453 1770 ταῖς
1487 1706 1698 1773 ίγνύσιν

1807 515 1965 571 obvia
1993 518 2282 573 verborum
2315 518 2555 585 notione,
2590 518 2677 572 ubi
2711 526 2856 572 recta
2905 519 3044 572 ratio
3096 529 3378 591 repugnat,

1808 606 1861 660 in
1890 624 1947 661 re
1980 609 2277 678 praesertim
2310 609 2455 664 facili
2480 609 2534 664 in
2565 625 2810 664 errorem
2843 608 3059 664 abduci.

1875 782 2044 854 Igitur
2067 784 2345 840 doctorem
2366 786 2539 853 decet,
2571 784 2851 841 communi
2881 784 3141 841 Ecclesia:
3161 784 3386 839 doctore

1806 883 2070 941 utentem,
2108 876 2198 942 iis,
2240 877 2443 946 quibus
2482 877 2635 932 cordi
2682 884 2768 932 est
2831 876 3040 946 religio,
3110 875 3387 945 sapientiae

1804 975 1985 1021 autem
2020 982 2160 1037 opus
2190 977 2275 1023 est
2305 968 2586 1034 discretio,
2616 967 2966 1037 cmiestisque
2994 965 3384 1036 interpretandi

1805 1076 2089 1117 sermones
2115 1063 2311 1132 gratia,
2334 1078 2456 1132 quae
2481 1062 2761 1116 hominem
2796 1075 2855 1116 se
2878 1068 3196 1130 sequentem
3225 1058 3385 1128 quasi

1804 1153 1913 1207 dux
1954 1152 2247 1217 illuminat,
2302 1154 2483 1208 adhuc
2534 1152 2837 1207 evidentius
2894 1151 3201 1214 ostendere,
3241 1150 3387 1216 quod

1804 1246 1928 1299 talis
1956 1261 2241 1299 sacrorum
2286 1246 2636 1300 oraculorum
2699 1259 2832 1299 usus
2861 1258 2963 1297 nec
3005 1241 3227 1313 aliquod
3260 1256 3388 1296 san-

1803 1347 2016 1393 ctorum
2049 1339 2364 1409 dogmatum
2410 1348 2723 1394 nostrorum
2776 1337 2953 1402 laedat,
2996 1351 3095 1392 nec
3146 1336 3387 1403 aliquam

1804 1438 1990 1484 notam
2019 1439 2330 1496 mereatur;
2363 1430 2457 1485 sed
2491 1429 2756 1499 quidquid
2812 1429 2955 1483 inter
3014 1438 3074 1482 se
3119 1426 3387 1496 refragari

1802 1521 2037 1586 videtur,
2070 1532 2347 1577 consonus
2376 1522 2652 1587 veritates,
2707 1527 2762 1575 et
2812 1519 2948 1573 nulii
3012 1517 3388 1573 criminationi

1803 1614 2073 1670 obnoxias
2108 1612 2384 1668 conﬁciat.
2414 1612 2492 1667 ita
2518 1627 2649 1666 sane
2695 1611 2740 1667 si
2775 1610 2898 1680 quis
2949 1612 3017 1665 ab
3068 1610 3389 1664 inhumani-

1804 1714 1913 1761 tate
1940 1714 2105 1776 atque
2135 1703 2484 1758 inelementia
2517 1703 2749 1757 alterum
2811 1710 3118 1766 revocaret,
3160 1709 3214 1755 et
3261 1714 3388 1770 pro-

126 1798 472 1869 ἀμφοτέραις,
505 1799 569 1852 τὸ
590 1799 883 1869 λεγόμενον
914 1799 1045 1871 (65),
1077 1799 1504 1870 ὲπιχωλαίνοντα
1536 1800 1695 1870 ἀνορ-

1806 1815 1936 1854 num
1976 1798 2040 1852 ad
2072 1797 2387 1852 aviditatem
2413 1797 2655 1850 animum
2696 1808 2971 1855 coercere,
3010 1801 3105 1847 aut
3153 1800 3388 1861 utroque

125 1889 224 1943 θῶν
251 1907 331 1954 τε,
356 1890 452 1944 καὶ
495 1891 897 1962 ὑποστηρίζων,
950 1892 1043 1947 καὶ
1090 1891 1227 1962 πρὸς
1266 1892 1365 1965 τὴν
1408 1893 1697 1964 σωτήριον,

124 1985 209 2039 καὶ
241 1985 575 2057 μονότροπον
615 1986 938 2042 ἀπευθύνων
978 1988 1187 2062 τρίϐον,
1230 1987 1437 2042 τούτων
1466 1989 1697 2044 ἕκαστον

124 2078 217 2147 τῆς
238 2078 430 2146 ἀλόγου
467 2080 647 2150 ῥοπῆς
678 2080 732 2134 εί
765 2098 850 2147 τις
883 2082 1075 2146 ἄλλαις
1105 2083 1204 2154 μὲν
1233 2083 1460 2153 πολλαῖς
1496 2100 1699 2155 παραι-

124 2168 319 2222 νέσεσιν
377 2171 670 2242 ἐπέκειρεν
725 2175 1115 2243 ἀνακτᾶσθαι,
1163 2176 1400 2248 συνείρει
1446 2176 1503 2229 δὲ
1556 2177 1699 2247 μάλα

124 2260 377 2331 εὐστόχως
412 2279 475 2317 τε
509 2266 606 2318 καὶ
658 2266 985 2338 ἐπικαίρωςο
1008 2269 1069 2321 ού
1102 2269 1210 2340 γάρ
1232 2268 1458 2339 ἔμαθες,
1490 2270 1700 2341 ἄνθρω-

127 2368 206 2416 πε,
225 2354 369 2424 παρὰ
388 2354 504 2408 τῶν
521 2357 837 2412 Μωσαϊκῶν
857 2361 1058 2430 νόμων,
1081 2362 1178 2414 καὶ
1195 2362 1695 2432 παραγγελμάτων,

128 2442 195 2513 μὴ
222 2442 368 2513 ἕψειν
399 2446 545 2519 ἄρνα
581 2450 638 2502 ὲν
660 2450 892 2519 γάλακτι
920 2452 1125 2523 μητρὸς
1156 2453 1346 2518 αὐτοῦ,
1372 2453 1508 2523 μηδὲ
1539 2453 1697 2507 σπεί-

125 2550 229 2601 ρειν
247 2535 335 2589 τὸν
379 2537 708 2608 ἀμπελῶνα,
747 2542 882 2613 μηδὲ
918 2544 1266 2615 περιϐόλαιον
1297 2545 1482 2617 σαυτῷ
1521 2547 1695 2598 ποιεῖ-

127 2626 258 2695 σθαι,
294 2630 387 2683 καὶ
418 2631 607 2702 βδέλον
640 2633 752 2705 (64)
791 2633 852 2701 ἐξ
872 2635 1209 2706 ἑτερογενῶν
1256 2637 1516 2707 νημάτων
1544 2637 1695 2709 ἐρίου

121 2735 174 2772 τε
219 2722 309 2775 καὶ
354 2723 507 2779 λίνου
546 2728 993 2798 συνυφασμένον;
1024 2730 1093 2781 Ἣ
1120 2728 1184 2782 ού
1218 2730 1385 2782 πᾶσιν
1420 2728 1695 2799 ἐπίδηλον,

119 2811 273 2876 ὡκ,τά
289 2814 644 2888 θεσπίσματα
670 2818 845 2872 ταῦτα
892 2816 1017 2873 οὕτε
1059 2819 1259 2889 ἀρνῶν,
1301 2819 1396 2873 καὶ
1437 2821 1693 2891 μητρῴου

122 2902 370 2970 γάλακτος
420 2907 851 2979 προηγουμένην
916 2907 1031 2979 ἔχει
1058 2909 1158 2980 τὴν
1222 2909 1393 2963 θέσιν·
1434 2908 1695 2962 ἀλλὀύδέ

121 3012 179 3062 γε
197 2999 317 3066 περὶ
347 2997 703 3069 ἀμπελῶνος,
731 2999 792 3052 οὐ
828 2999 934 3071 μὴν
965 3000 1084 3055 οὐδὲ
1115 3002 1246 3073 περὶ
1274 3001 1383 3054 τῶν
1411 3002 1696 3072 διαφόροις

129 3087 322 3157 νήμασι
360 3089 797 3161 συντεθειμένων
846 3091 1222 3161 ὑφασμάτων;
1269 3091 1380 3145 Ποῦ
1409 3092 1518 3162 γὰρ
1565 3091 1692 3161 περὶ

123 3179 439 3251 νημάτων,ἢ
466 3179 603 3251 περὶ
624 3181 989 3250 ἀμπελώνων,
1019 3183 1268 3256 ἣάρνῶν,
1296 3183 1392 3237 καὶ
1420 3184 1693 3253 γάλακτος

122 3270 190 3339 τῷ
236 3270 350 3342 Θεῷ
394 3272 578 3343 μέλει,
608 3272 752 3327 ὥστε
806 3276 900 3327 καὶ
959 3274 1145 3345 νόμοις
1205 3274 1534 3329 ὑποϐάλλειν
1591 3275 1691 3329 αύ-

122 3360 201 3423 τά,
229 3362 317 3415 καὶ
347 3363 526 3435 μηδὲν
582 3365 764 3418 αὐτῶν
790 3365 889 3436 τὴν
917 3366 1267 3439 ἀνθρωπίνην
1318 3368 1501 3438 φύσιν,
1527 3369 1595 3423 δι’
1625 3369 1691 3441 ἢν

122 3452 317 3507 ᾶπαντα
375 3455 663 3528 προήχθη,
717 3457 1019 3528 διαφέρειν.

194 3546 343 3602 Ἀλλά
362 3548 551 3621 δῆλον,
574 3550 656 3603 ὄτι
683 3549 751 3602 δι’
778 3552 928 3623 ἡμᾶς
951 3550 1047 3605 καὶ
1062 3551 1375 3625 προύνοήθη
1395 3552 1494 3623 τὴν
1516 3551 1693 3622 ἀρχὴν

118 3639 179 3693 τὰ
200 3639 438 3706 τοιαῦτα,
520 3642 614 3695 καὶ
647 3640 943 3712 γράμμασι
978 3642 1310 3713 διετυπώθη.
1341 3643 1416 3696 Τὸ
1454 3643 1553 3713 μὲν
1582 3642 1693 3696 τῶν

123 3734 305 3804 ἀρνῶν,
336 3738 387 3791 εἰ
419 3737 606 3809 βούλει
630 3736 710 3803 δὲ,
745 3739 840 3791 καὶ
887 3737 997 3791 τῶν
1035 3737 1355 3809 στρουθίων,
1391 3738 1467 3802 ὡς
1501 3737 1567 3792 ἂν
1600 3737 1692 3791 ἐπὶ

126 3828 222 3882 τῶν
270 3830 479 3899 ἀλόγων
514 3832 577 3885 τὸ
608 3830 895 3900 συμπαθὲς
953 3830 1050 3883 καὶ
1103 3829 1480 3902 εὔσπλαγχνον
1530 3829 1690 3883 παιδ-

124 3922 515 3994 αγωγηθέντες,
548 3921 728 3993 πολλῷ
761 3922 966 3994 μᾶλλον
996 3924 1091 3977 ἐπὶ
1117 3923 1225 3977 τῶν
1262 3923 1564 3995 ὁμογενῶν,
1599 3921 1692 3977 καὶ

121 4014 210 4085 τὴν
236 4016 402 4088 αὐτὴν
444 4016 724 4087 λαχόντων
775 4016 938 4085 φύσιν
971 4015 1034 4069 τὸ
1062 4016 1444 4087 φιλάνθρωπόν
1470 4033 1528 4069 τε
1550 4057 1565 4082 ,
1595 4014 1692 4069 καὶ

123 4109 204 4161 τὸν
229 4110 372 4164 ἔλεον
415 4103 574 4181 ὦμεν
616 4109 1067 4180 ἒπιδεδειγμένοι.
1095 4107 1171 4162 Τὸ
1199 4109 1256 4163 δὲ
1286 4109 1374 4162 ἵνα
1437 4109 1514 4179 μὴ
1554 4108 1692 4179 πρὸς

125 4202 410 4274 ἀπληστίαν
460 4204 757 4273 κεχηνότες
804 4204 876 4257 τά
922 4221 982 4256 τε
1016 4202 1151 4256 ἄλλα
1193 4202 1474 4271 δυστυχῶν
1516 4200 1693 4272 φερώ-

126 4294 271 4362 μεθω
295 4295 510 4349 πολλῶν
545 4295 702 4367 γὰρὴ
722 4294 997 4366 ἀπληστία
1022 4293 1208 4347 κακῶν
1232 4292 1425 4357 αἴτιον,
1451 4293 1545 4345 καὶ
1566 4310 1690 4346 συν-

124 4391 388 4460 αποῤῥεῖν,
423 4389 503 4451 ὡς
528 4388 753 4455 ἐπίπαν,
777 4386 966 4440 εἴωθεν
991 4387 1129 4457 αὐτῇ
1162 4385 1276 4449 καὶ,
1310 4384 1338 4437 ὃ
1366 4384 1590 4447 δικαίως
1624 4384 1690 4437 ἂν

125 4480 245 4547 ἡμῖν
279 4482 338 4545 ἐξ
390 4479 725 4549 αὐταρκείας
773 4478 1146 4549 περιεγένετο.
1197 4476 1279 4530 Τὰ
1317 4475 1375 4530 δὲ
1412 4477 1691 4546 γεννήμα-
1715 4496 1770 4555 D

123 4582 185 4626 τα
203 4573 338 4641 (65),
367 4574 456 4627 ἵνα
486 4573 563 4644 μὴ
592 4572 929 4643 τάςξγνὼμας
958 4566 1110 4642 ὦμεν
1131 4568 1365 4623 ποικίλοι
1381 4585 1463 4634 τε,
1491 4570 1587 4621 καὶ
1605 4586 1693 4621 πο-

123 4663 390 4736 λύτροποι,
406 4668 472 4720 ὲκ
490 4665 811 4736 διαφόρωνῆ
834 4666 1139 4734 δογμάτων,
1157 4665 1189 4733 ἢ
1210 4660 1401 4725 ἐθνῶν,
1426 4661 1459 4732 ἢ
1480 4660 1697 4732 βουλευο

128 4755 346 4828 μάτωνῆ
369 4756 695 4829 ῥημάτων,ἣ
710 4753 958 4824 πράξεων
988 4751 1410 4823 συντεθειμένοι,
1432 4752 1527 4803 καὶ
1557 4750 1694 4821 πρὸς

126 4849 335 4913 ἑαυτοὺς
371 4850 571 4914 ἀθλίως
599 4866 659 4904 τε
686 4850 780 4903 καὶ
814 4846 1237 4918 καταγελάστως
1291 4844 1690 4909 στασιάζοντες.

190 5030 348 5086 ’Ὥστε
384 5034 451 5086 οὐ
486 5033 645 5102 μόνον
684 5031 861 5095 οὐδὲν,
900 5031 935 5100 ἡ
980 5028 1075 5082 τοῦ
1118 5027 1408 5082 θεσπεσίου
1478 5026 1693 5082 Παύλου

132 5122 358 5191 μέθοδος,
381 5125 491 5179 οὐδ’
525 5124 643 5195 ήὲξ
663 5122 828 5177 αὐτοῦ
865 5120 1209 5192 προχεομένη
1259 5119 1368 5172 τῶν
1406 5119 1694 5190 δογμάτων

126 5210 276 5282 αἴγλη
303 5215 430 5278 τοὺς
456 5214 703 5276 εὐσεϐεῖς
736 5212 1033 5281 λογισμοὺς
1065 5212 1145 5273 εἰς
1174 5210 1521 5281 διιστάμενόν
1548 5227 1691 5275 τινα,

128 5304 214 5358 καὶ
230 5304 491 5377 σύγχυσιν
519 5305 852 5377 παρίστησιν
872 5322 887 5336 ο
910 5301 1045 5357 ἀλλά
1079 5301 1176 5356 καὶ
1192 5302 1512 5356 διδασκαλία
1538 5301 1696 5355 δύνα-

1798 1891 2024 1962 paplite,
2059 1896 2118 1944 ut
2152 1888 2325 1955 aiunt,
2364 1887 2760 1943 claudicantem
2800 1886 3031 1954 erigere,
3067 1894 3120 1940 et
3150 1886 3387 1941 solidari!

1807 1981 1990 2047 vellet,
2022 1993 2263 2050 eumque
2295 1980 2349 2032 in
2393 1978 2687 2032 salutarem
2734 1985 3051 2044 rectamque
3075 1975 3219 2027 viam
3250 1975 3387 2028 diri-

1801 2088 1973 2145 gere:
2006 2073 2221 2142 siquis,
2284 2072 2529 2141 inquam,
2574 2076 3021 2138 unumquemque
3074 2067 3266 2120 horum
3316 2066 3388 2120 ab

1800 2162 1909 2217 illis
1939 2161 2137 2217 rationi
2168 2161 2413 2216 adversis
2461 2158 2921 2230 propensionibus
2957 2156 3037 2211 vel
3070 2168 3163 2225 per
3198 2156 3387 2226 plures

1799 2254 1937 2310 alias
2018 2254 2429 2309 adhortationes
2484 2267 2677 2307 eruere
2730 2251 3168 2322 aggrederetur,
3222 2248 3387 2305 nimis

1800 2348 2053 2420 apposite
2082 2354 2499 2416 opportuneque
2527 2343 2860 2413 subjiceret:
2898 2354 3079 2397 nonne
3125 2340 3385 2406 didicisti,

1800 2454 1833 2492 ο
1860 2440 2046 2503 homo,
2079 2438 2147 2492 ab
2181 2436 2448 2491 institutis
2502 2435 2897 2505 prieceptisque
2935 2432 3209 2499 Mosaicis,
3238 2433 3385 2501 quod

1801 2547 1902 2586 nec
1925 2531 1978 2586 in
2016 2530 2156 2584 lacte
2186 2531 2377 2585 matris
2402 2544 2516 2584 suae
2541 2544 2742 2599 agnum
2770 2528 2956 2598 coqui,
2983 2541 3083 2582 nec
3115 2530 3303 2581 semen
3329 2527 3384 2581 in

1800 2623 1957 2677 vinea
1992 2622 2173 2692 spargi
2205 2622 2387 2686 liceat,
2418 2635 2520 2675 nec
2551 2620 2932 2674 indumentum
2961 2618 3057 2673 tibi
3105 2627 3201 2672 aut
3228 2619 3383 2689 poly—

1800 2716 1986 2769 mitam
2018 2723 2223 2769 vestem
2250 2729 2317 2768 ex
2348 2713 2583 2769 diversis
2614 2712 2772 2779 lanae,
2807 2718 2861 2766 et
2888 2712 2984 2766 lini
3016 2711 3156 2766 liciis
3184 2711 3383 2766 debeas

1799 2806 2131 2862 contexere?
2166 2804 2353 2859 Nonne
2398 2805 2655 2858 omnibus
2696 2811 3034 2872 compertum
3088 2811 3194 2866 est,
3234 2801 3384 2871 qund

1799 2898 2180 2969 hujuscemodi
2207 2906 2538 2952 statutorum
2566 2895 2930 2969 promulgatio
2960 2907 3062 2949 nec
3084 2895 3263 2964 agnis,
3283 2908 3385 2948 nec

1800 2998 2051 3044 materno
2110 2988 2234 3042 lacti
2268 3027 2282 3051 ,
2343 2987 2454 3041 imo
2493 2998 2591 3040 nec
2650 2987 2845 3045 vineae,
2901 2992 3002 3037 nec
3056 2984 3382 3037 vestimento

1798 3081 2032 3136 diversis
2063 3079 2169 3135 lilis
2195 3079 2470 3135 constanti
2525 3077 2862 3149 prospiciat?
2914 3075 3053 3129 Num
3105 3089 3171 3129 eo
3211 3088 3386 3145 usque

1798 3170 1911 3236 (ita,
1941 3180 2036 3226 aut
2063 3171 2262 3235 vineae,
2285 3178 2380 3225 aut
2401 3168 2547 3239 agni,
2575 3176 2628 3221 et
2658 3167 2744 3221 lac
2768 3166 2879 3222 Deo
2935 3174 3065 3221 sunt
3109 3176 3276 3226 curae,
3322 3172 3385 3218 ut

1799 3265 2011 3336 legibus
2054 3279 2277 3335 quoque
2316 3264 2421 3319 ista
2453 3260 2730 3332 subjiciat,
2767 3269 2821 3315 et
2855 3260 3109 3314 humanae
3158 3265 3383 3323 naturae,

1800 3358 1961 3426 cujus
1989 3357 2164 3425 gratia
2205 3354 2388 3409 omnia
2416 3352 2681 3424 producta
2710 3359 2855 3417 sunt,
2899 3352 2953 3405 in
2993 3350 3141 3404 nulla
3187 3349 3383 3403 harum

1801 3466 1985 3506 rerum
2014 3447 2335 3520 provideat?

1874 3542 2038 3611 Atqui
2069 3548 2411 3612 perspectum
2435 3547 2539 3604 εει,
2568 3537 2715 3608 quod
2758 3544 2980 3606 propter
3021 3549 3123 3590 nos
3169 3548 3231 3587 ea
3269 3532 3383 3603 jam

1804 3650 1875 3691 an
1905 3635 2062 3689 initio
2091 3635 2331 3705 provisa,
2351 3642 2406 3688 et
2428 3632 2620 3687 litteris
2642 3629 2902 3685 mandata
2935 3628 3157 3682 fuerint.
3178 3626 3379 3680 Partim

1802 3726 1971 3795 (quod
2007 3726 2215 3781 scilicet
2245 3723 2311 3778 ad
2343 3737 2534 3793 agnos,
2566 3723 2678 3775 imo
2696 3728 2747 3775 et
2764 3719 2830 3774 ad
2861 3730 3112 3789 passeres
3142 3716 3379 3784 attinet),

1799 3828 1861 3875 ut
1890 3836 1991 3875 nos
2027 3819 2081 3873 in
2114 3819 2272 3874 bruta
2315 3816 2878 3877 commiserationem,
2933 3819 2988 3866 et
3035 3810 3379 3866 clementiam

1799 3911 1998 3977 cdocti,
2021 3911 2193 3965 multo
2221 3909 2396 3981 magis
2424 3910 2503 3963 eis
2523 3907 2804 3977 quigenus
2834 3904 2975 3959 idem
3025 3901 3384 3970 eamdemque

1800 4005 1981 4060 sortiti
2014 4012 2144 4059 sunt
2172 4012 2449 4066 naturam,
2504 4000 2897 4055 humanitatem
2958 4002 3014 4049 et
3066 3992 3382 4048 misericor-

1799 4098 1947 4151 diam
1976 4095 2355 4150 exhibeamus.
2391 4092 2596 4147 Partim
2636 4106 2767 4145 vero
2809 4086 2977 4157 (quod
3037 4084 3106 4139 ad
3163 4084 3377 4137 vineam

1800 4202 2013 4258 nempe,
2049 4195 2103 4240 et
2132 4182 2373 4253 bovem),
2406 4198 2475 4237 ne
2507 4184 2559 4235 in
2590 4179 2906 4234 aviditatem
2934 4176 3302 4245 prolabamur,
3326 4181 3383 4227 et

1798 4280 1933 4334 alias
1966 4277 2131 4333 simul
2166 4276 2437 4345 patiamur
2463 4284 2736 4328 aerumnas
2763 4288 2777 4321 :
2810 4270 3108 4323 multorum
3133 4264 3382 4336 profecto

1799 4374 2068 4428 malorum
2101 4383 2265 4425 causa
2298 4377 2379 4422 εει
2402 4364 2656 4429 aviditas,
2686 4371 2740 4416 et
2768 4360 2936 4416 simul
2975 4374 3103 4414 cum
3151 4360 3289 4427 ipsa,
3321 4365 3382 4411 ut

1798 4462 2121 4535 plurimum,
2145 4459 2389 4514 dimuere
2433 4456 2571 4513 solet
2601 4455 2652 4509 id
2681 4468 2920 4524 quoque,
2944 4452 3091 4522 quod
3110 4451 3256 4521 justo
3283 4464 3383 4504 no-

1799 4555 1885 4609 bis
1917 4569 2012 4623 per
2044 4551 2411 4621 frugalitatem
2456 4546 2697 4604 obvenit.
2755 4544 2962 4599 Caetera
3016 4542 3253 4612 denique
3313 4542 3382 4596 de

1799 4646 1943 4701 liciis
1978 4659 2041 4699 eo
2076 4649 2347 4713 Spectant,
2391 4648 2452 4694 ut
2508 4653 2608 4692 nec
2641 4635 2827 4689 animo
2880 4635 3054 4689 sim-us
3103 4632 3259 4686 vario
3317 4646 3382 4685 ac

1800 4737 2097 4807 versipelli,
2139 4749 2238 4788 nec
2268 4730 2499 4786 diversis
2550 4729 2845 4800 dogmatis,
2882 4727 2965 4780 vel
3002 4726 3269 4789 moribus,
3292 4724 3378 4777 vel

1802 4830 2071 4891 consiliis,
2098 4827 2180 4881 vel
2212 4825 2413 4885 verbis,
2455 4824 2536 4877 vel
2567 4822 2823 4892 operibus
2883 4818 3242 4881 instruamur,
3283 4830 3383 4871 nec

1801 4920 2095 4978 infeliciter
2129 4927 2183 4972 et
2214 4915 2439 4971 ridicule
2470 4930 2499 4968 a
2535 4913 2695 4967 nobis
2727 4911 2826 4979 ipsi
2864 4909 3247 4964 dissideamus.

1871 5014 2215 5084 Quapmpter
2239 5024 2346 5062 non
2384 5006 2547 5061 modo
2593 5004 2701 5059 divi
2734 5000 2891 5084 Pauli
2928 5002 3199 5064 doctrina,
3232 5007 3293 5053 ct
3312 4998 3383 5053 ab

1798 5123 1865 5163 eo
1894 5082 2155 5161 emissum
2190 5101 2505 5171 dogmatum
2536 5098 2722 5151 lumen
2778 5082 2831 5149 in
2876 5093 3116 5163 aliquam
3167 5092 3383 5147 dissen-

1800 5202 2010 5258 sionem
2054 5197 2542 5263 conl‘usionemque
2571 5200 2781 5246 mentes
2828 5189 3044 5259 piorum
3098 5185 3383 5241 hominum

1800 5310 1908 5352 non
1946 5291 2154 5349 inducit
2198 5308 2214 5346 :
2247 5287 2341 5344 sed
2362 5288 2527 5342 etiam
2558 5285 2638 5353 hi,
2668 5284 2762 5355 qui
2800 5282 2926 5338 inde
2962 5280 3244 5351 sapientiae
3290 5290 3383 5332 ra-

1627 5453 1866 5514 NOTIE.

282 5608 301 5675 )
326 5606 401 5660 Τδ
422 5606 713 5678 λεγόμενον
736 5620 766 5678 ε
796 5604 962 5660 tacito
1005 5599 1148 5656 κατὰ
1185 5598 1299 5669 regi
1330 5596 1534 5653 Graecas
1561 5611 1688 5650 συν-

133 5676 595 5763 τάἐξιιςθρξιιρειξ
627 5676 839 5763 suais-

194 5736 440 5814 (tiLiVNisi
461 5736 652 5813 Βὲὖδος
669 5747 929 5813 retingas,
950 5742 1162 5797 nullum
1186 5753 1407 5798 sensum
1426 5736 1685 5795 excudes.

498 5843 765 5925 Ρᾼτιιοι.
806 5839 925 5900 Gn.
975 5837 1073 5899 Cl.

1870 5592 1985 5666 (65)
2016 5590 2074 5645 In
2107 5582 2632 5666 primaquaestionis
2662 5578 2827 5651 hujus
2857 5568 3226 5644 exscriptionc
3263 5571 3383 5623 erat

1798 5658 2034 5739 νήματα,
2066 5658 2230 5732 atque
2253 5658 2306 5715 id
2330 5658 2712 5727 opportunius.

1967 5913 2029 5921 ﬂ...—
2092 5911 2158 5918 ...ος
