3864 6218
444 238 546 302 227

1602 233 1868 294 PHOTlI
1911 227 2414 292 PATRIARCH/E
2453 228 2562 288 CP.

3615 231 3712 296 2‘28

446 355 565 409 dios
590 358 819 423 possunt
862 349 1126 419 aspicere,
1170 343 1372 399 mirum
1413 342 1465 396 in
1500 342 1719 398 modum
1751 343 2019 406 ediscunt,

2129 355 2218 392 ται
2253 337 2576 408 πρόκεισθαι
2619 335 2908 408 θαυμαστὴ
2946 337 3058 401 τοῖς
3085 338 3298 395 ἐκεῖθεν
3344 337 3445 402 τὰς
3487 339 3586 409 τῆς
3626 360 3709 396 σο-

444 461 556 514 quo
595 451 754 514 pacto
815 441 990 496 sancti
1025 439 1262 509 Spiritus
1303 435 1527 492 oracula
1587 450 1711 492 cum
1781 433 2028 505 ejusdem

444 537 685 596 oraculis
713 533 1055 591 concilianda
1080 532 1190 588 sint
1217 531 1352 603 (66).

676 725 1009 794 QUAESTIO
1052 726 1218 781 χχχι
1264 725 1360 799 [αι.
1413 725 1602 796 χχχι
1663 725 1775 795 (67)

444 821 718 888 Quomodo
751 823 1110 890 accipiendum
1143 832 1217 874 est
1249 821 1417 883 illud,
1467 839 1485 869 ‹
1529 819 1726 890 Potest
1777 817 1914 890 Deus
1961 816 2025 871 de

547 893 811 962 lapidibus
844 889 959 945 iatis
983 893 1240 945 suscitare
1280 891 1420 960 ﬁlios
1470 889 1740 942 Abraham
1765 889 1848 941 ut?
1889 907 1908 940 ι

2137 429 2266 496 φίας
2316 429 2544 490 ἀκτῖνας
2571 425 2968 497 ἐναυγάςεσθαι
3027 429 3368 499 δυναμένοις,
3437 431 3584 494 ὅπως
3613 436 3710 504 χρὴ

2138 522 2350 591 διαιτᾷν
2408 520 2546 591 μετὰ
2599 519 2694 572 τοῦ
2755 519 3072 590 Πνεύματος
3125 521 3193 573 τά
3245 521 3340 574 τοῦ
3405 522 3711 592 Πνεύματος

2137 612 2313 679 λόγια.

2694 728 3030 783 ΕΡΩΤΗΣΙΣ
3059 729 3185 783 AA'.

2131 817 2264 884 Πῶς
2309 819 2564 885 rami-for
2591 819 2678 883 τὸ,
2721 838 2740 869 ‹
2773 820 3028 873 Δύναται
3059 823 3091 874 ό
3120 822 3266 886 Θεὸς
3293 822 3364 875 ἐκ
3392 821 3517 877 τῶν
3538 826 3713 880 λίθων

2344 890 2573 943 τούτων
2593 888 2811 957 ἐγεῖραι
2843 890 3026 943 τέκνα
3056 889 3138 956 τῷ
3171 892 3432 963 Ἀϐραάμ
3450 912 3503 959 ;›

1027 1005 1171 1056 Edita
1197 1004 1256 1053 ab
1274 1006 1392 1054 Ant.
1431 1004 1618 1060 Scotto,
1645 1003 1677 1050 Ι.
1702 1016 1766 1060 c.,
1793 1003 1934 1064 p.55.
1965 1003 2019 1052 C(

2127 1003 2364 1053 lentarius
2395 1001 2445 1051 in
2471 1002 2590 1051 an.
2619 1017 2690 1062 ιιι,
2717 1003 2776 1063 8;
2805 1002 2976 1052 Matth.
3013 1018 3084 1064 tu,
3110 1003 3157 1052 9.

510 1115 720 1171 Obvius
749 1113 916 1185 hujus
949 1113 1156 1168 oraculi
1185 1127 1401 1176 sensus,
1429 1112 1473 1167 si
1503 1111 1823 1180 penitiorem
1852 1110 2023 1176 signi-

440 1208 749 1262 ﬁcationem
793 1220 904 1260 non
929 1204 1296 1274 inquiramus,
1336 1203 1540 1272 poterit
1583 1203 1774 1272 utique
1803 1201 2021 1264 docere,

439 1300 588 1370 quod
618 1298 1081 1369 quemadmodum
1103 1295 1247 1352 Deus
1283 1311 1350 1351 ex
1378 1295 1644 1350 dimuenti
1668 1280 2023 1364 informique,

442 1405 507 1444 ac
541 1401 716 1444 terrea
747 1388 976 1442 materie
999 1387 1156 1441 tinxit
1178 1385 1446 1440 animantl
1468 1400 1691 1454 corpus,
1717 1384 2027 1455 pulverem-

2201 1111 2276 1164 Τὸ
2313 1113 2412 1182 μὲν
2441 1114 2535 1168 οὖν
2569 1114 2860 1186 πρόχειρον
2894 1117 2992 1187 τῆς
3044 1117 3229 1188 φωνῆς
3267 1118 3398 1172 ἄνευ
3439 1116 3582 1180 τινὸς
3614 1116 3707 1185 βα-

2132 1202 2368 1276 θυτέρας
2422 1207 2662 1271 ἐπινοίας
2695 1207 3006 1261 ὲκδιδάσκοι
3039 1207 3127 1273 ἂν,
3163 1209 3244 1263 ὅτι
3275 1210 3400 1262 καθ’
3421 1209 3483 1262 ὃν
3515 1211 3707 1279 τρόπον

2129 1297 2194 1350 ἐκ
2223 1297 2322 1365 τῆς
2356 1297 2698 1368 εύδιαχύτου,
2743 1299 2838 1353 καὶ
2879 1299 3148 1369 ἀπαγοῦς,
3191 1302 3286 1355 καὶ
3341 1303 3548 1371 γεηρᾶς
3582 1300 3706 1369 ὖλης

2098 1393 2100 1395 ’
2132 1391 2438 1460 συνέπηξεν
2468 1393 2496 1446 ό
2516 1392 2671 1457 Θεὸς,
2693 1392 2771 1463 τῷ
2801 1391 2926 1464 ζώῳ
2946 1394 3008 1446 τὸ
3037 1394 3219 1464 σῶμα,
3263 1393 3361 1448 καὶ
3399 1397 3481 1458 εἰς
3504 1393 3706 1467 ἀνθρὼ-

439 1497 546 1552 que
573 1481 641 1536 ad
695 1489 949 1535 naturam
986 1479 1333 1548 speciemque
1366 1478 1663 1532 humanam
1711 1477 2019 1532 conforma-

2130 1499 2234 1534 που
2269 1483 2430 1551 φύσιν
2484 1485 2579 1538 καὶ
2607 1479 2747 1549 εἶδος
2766 1485 3181 1558 διεμορφώσατο
3211 1487 3310 1558 τὴν
3341 1488 3494 1541 κόνιν
3523 1505 3538 1520 ο
3572 1489 3706 1542 κατὰ

439 1575 556 1639 vit,
588 1574 660 1626 ita
717 1571 876 1626 facile
901 1571 1234 1641 minimeque
1263 1585 1554 1641 operosum
1589 1570 1660 1626 sit
1692 1586 1757 1625 ex
1777 1570 2019 1626 solidiori

2128 1574 2220 1628 τὸν
2252 1575 2413 1628 αὑτὸν
2445 1576 2650 1648 τρόπον
2681 1579 2809 1649 ῥᾷόν
2841 1595 2900 1631 τε
2953 1580 3047 1632 καὶ
3076 1579 3229 1632 οὐδὲν
3261 1579 3500 1650 ἐργῶδες
3526 1582 3589 1633 ὲκ
3609 1580 3705 1649 τῆς

436 1666 680 1736 lapidum
722 1673 939 1728 natura,
973 1661 1085 1719 Deo
1130 1665 1337 1718 artilice
1367 1664 1420 1719 id
1455 1664 1637 1734 operis
1670 1665 2022 1734 suscipiente,

435 1757 722 1812 hominum
759 1755 1128 1812 substantiam
1168 1755 1556 1826 compingere,
1606 1758 1866 1827 ipsosque
1926 1758 2025 1813 ho-

439 1847 618 1901 mines
657 1861 724 1900 ex
774 1845 865 1899 tali
890 1859 1076 1900 massa
1115 1843 1380 1900 conﬂatos
1429 1845 1663 1900 Abrahae
1711 1846 1853 1902 ﬁlios
1912 1847 2024 1901 eﬁi-

437 1953 583 1994 cere.
615 1936 829 1992 Etenim
855 1951 964 1990 non
995 1936 1202 2000 minus,
1230 1951 1300 1990 ne
1327 1936 1504 1991 dicam
1537 1944 1590 1991 et
1619 1937 1792 1992 multo
1824 1939 2020 2009 magis,

438 2029 750 2085 mirandum
775 2037 858 2084 est
889 2028 1166 2099 pulverem
1210 2029 1277 2084 ad
1326 2029 1566 2084 hominis
1606 2045 1827 2084 carnem
1877 2031 2021 2086 redi-

436 2137 563 2189 gere
597 2130 761 2189 atque
799 2119 1238 2185 accommodare,
1295 2135 1460 2190 quam
1522 2121 1576 2175 in
1629 2122 1878 2192 corporis
1943 2122 2026 2176 vi-

435 2214 616 2268 ventis
655 2228 796 2284 opus
844 2212 1038 2268 duram
1096 2211 1337 2281 lapidum
1407 2212 1802 2267 transformare
1860 2224 2020 2268 natu-

428 2319 579 2358 iram.

511 2397 879 2467 Praeterquam
916 2396 1062 2465 quod
1121 2409 1230 2450 non
1279 2396 1444 2452 modo
1494 2398 1703 2466 primus
1763 2398 1928 2453 homo
1992 2412 2022 2452 e

427 2491 570 2546 'limo
595 2489 972 2544 admirabilem
1008 2489 1166 2544 duxit
1185 2488 1473 2558 originem,
1533 2490 1626 2544 sed
1672 2488 1790 2543 Loti
1857 2490 2020 2544 etiam

439 2599 577 2638 uxor
606 2582 661 2636 in
696 2582 829 2638 salis
852 2582 1164 2638 columnam
1201 2581 1491 2646 obdurata,
1543 2581 1808 2644 divinam,
1854 2596 2020 2651 quam

437 2687 540 2728 nec
577 2672 754 2738 eﬁ‘ari,
805 2687 907 2727 nec
938 2679 1116 2727 mente
1145 2671 1364 2741 assequi
1396 2685 1708 2741 possumus,
1762 2673 2019 2725 virtutem

437 2765 729 2832 praedicat,
788 2765 922 2819 dum
970 2778 1066 2834 per
1129 2762 1504 2834 irrefragabile
1556 2764 1862 2834 prodigium
1916 2767 2023 2834 pri-

2129 1665 2502 1738 στερεωτέρας
2533 1665 2748 1735 φύσεως
2777 1667 2886 1720 τῶν
2917 1667 3100 1732 λίθων,
3134 1666 3442 1738 ἀνθρώπων
3474 1668 3704 1721 ὑπόστα-

2128 1773 2212 1809 σιν
2235 1756 2584 1826 συντεθῆναι,
2629 1755 2767 1810 Θεοῦ
2815 1757 3061 1828 τεχνίτου
3091 1758 3189 1828 τὴν
3220 1758 3420 1812 πλάσιν
3451 1758 3702 1828 ἀναδεχο-

2129 1849 2314 1917 μένου,
2371 1848 2465 1901 καὶ
2489 1849 2655 1902 τέκνα
2688 1849 2816 1913 τοὺς
2836 1850 3131 1918 γεγονότας
3161 1851 3226 1903 ἐκ
3253 1850 3501 1905 τοιούτου
3532 1851 3702 1922 φυρά-

2127 1956 2299 2009 ματος
2351 1938 2693 2011 χρηματίσαι
2746 1940 2841 1994 τοῦ
2884 1940 3158 2012 Ἀϐραάμ.
3203 1942 3279 1996 Οὐ
3312 1944 3422 2013 γὰρ
3445 1937 3606 2014 ἦττον
3627 1944 3703 2006 εἰς

2125 2028 2335 2100 θαῦμα,
2364 2029 2451 2083 ἴνα
2479 2029 2728 2102 μῆλέγω
2760 2031 2853 2084 καὶ
2880 2031 3050 2102 μείζω
3071 2044 3118 2098 α,
3143 2033 3292 2087 κόνιν
3313 2037 3394 2095 είς
3416 2033 3701 2104 ἀνθρώπου

2126 2121 2412 2192 συμπῆξαί
2446 2139 2528 2186 τε,
2560 2121 2654 2177 καί¹
2683 2124 3162 2195 συναρμολογῆσαι
3180 2126 3208 2166 Β
3237 2127 3417 2196 σάρκα
3445 2142 3458 2156 ·
3487 2127 3583 2178 καὶ
3626 2125 3707 2178 λί-

2124 2212 2217 2266 θου
2252 2213 2415 2282 φύσιν
2477 2213 2708 2286 στερεὰν
2742 2215 2823 2278 είς
2856 2217 3112 2286 σώματος
3161 2215 3304 2281 ζὼου
3357 2216 3707 2288 μεταπλάσαι

2125 2306 2336 2377 χρείαν.
3034 2327 3036 2329 ‘

2199 2398 2411 2463 ’Ἄλλως
2466 2416 2526 2453 τε
2577 2399 2634 2454 δέ
2665 2400 2726 2453 ού
2754 2399 2916 2470 μόνον
2962 2402 2993 2453 ὁ
3040 2399 3257 2470 πρῶτος
3309 2398 3599 2470 ἄνθρωπος
3644 2400 3709 2453 ἐκ

2124 2491 2287 2561 χόουο
2315 2492 2409 2544 καὶ
2438 2491 2754 2564 παραδόξαν
2803 2493 2930 2563 ἔσχε
2961 2491 3060 2563 τὴν
3099 2491 3315 2560 γένεσιν
3344 2505 3358 2521 ·
3384 2491 3525 2545 ἀλλὰ
3552 2491 3646 2545 καὶ
3671 2493 3703 2562 ή

2123 2579 2216 2633 τοῦ
2255 2579 2381 2634 Λὼτ
2413 2582 2551 2652 γυνὴ
2609 2584 2690 2645 είς
2727 2583 2932 2654 στήλην
2976 2581 3104 2644 ἁλὸς
3140 2579 3548 2634 ἁπολιθωθεῖσα
3608 2582 3708 2653 τὴν

2121 2671 2217 2726 τοῦ
2261 2672 2397 2726 Θεοῦ
2449 2673 2680 2744 δύναμιν
2733 2674 3029 2745 ἀδιήγητόν
3062 2691 3124 2728 τε
3173 2675 3267 2728 καὶ
3319 2675 3706 2746 ἀκατάληπτον

2123 2764 2509 2837 ἀνακηρύττει,
2551 2767 2609 2820 ἐν
2631 2767 2709 2837 τῷ
2740 2766 3012 2838 ἀδιαλύτῳ
3041 2765 3132 2819 τοῦ
3166 2765 3446 2836 θαύματος
3478 2767 3579 2837 τὴν
3611 2766 3708 2833 τῆς

435 2857 825 2912 stinaenatura:
867 2856 985 2911 sine
1017 2854 1308 2911 manifesta
1355 2856 1710 2926 corruptione
1751 2856 2013 2925 ahjectio-

2127 2855 2337 2925 φύσεως
2367 2856 2626 2912 ἀπόθεσιν
2681 2857 2811 2911 ἄνευ
2873 2857 3172 2926 ἐπιφανοῦς
3229 2857 3460 2929 φθορᾶς,
3517 2857 3710 2923 ἐτέρας

434 2948 770 3005 nem-fuisse
790 2950 1014 3004 alterius
1038 2947 1249 3014 formae,
1303 2957 1358 3003 et
1415 2949 1735 3004 substantia:
1789 2963 2017 3018 genera-

435 3042 640 3096 tionem
669 3041 912 3095 ostendit
957 3039 1274 3109 :illudque,
1322 3039 1464 3108 quod
1522 3038 1644 3101 fuit,
1708 3048 1866 3093 antea
1912 3055 2019 3092 non

435 3140 585 3198 erat;
621 3132 765 3201 quod
794 3139 975 3186 autem
1011 3132 1130 3185 ﬁeri
1173 3147 1281 3186 non
1334 3146 1497 3200 posse
1547 3133 1798 3185 humanae
1850 3132 2019 3186 menti

434 3221 749 3283 videbatur,
780 3220 832 3273 id
852 3221 1036 3289 priore
1060 3219 1228 3288 ﬁgura
1260 3234 1368 3273 non
1399 3219 1690 3284 dissoluta,
1738 3219 1842 3289 ipsi
1900 3220 2023 3274 sub-

438 3314 632 3369 stituit.
669 3315 812 3370 Deus
843 3315 1047 3383 itaque,
1081 3313 1175 3383 qui
1200 3322 1348 3367 tanta
1380 3315 1630 3381 patraliat
1659 3313 1944 3376 miracula.
1967 3323 2022 3369 ct

435 3408 659 3478 quidem
707 3417 884 3472 tunc,
952 3423 1076 3463 cum
1136 3408 1204 3462 ab
1272 3422 1377 3461 una
1444 3406 1765 3462 muliercula
1831 3407 2019 3461 violati

436 3502 693 3572 praecepti
755 3516 970 3572 pmnam
1031 3500 1316 3565 sumebat;
1366 3500 1482 3569 ipse
1532 3519 1551 3552 ‹
1617 3500 1712 3571 qui
1766 3500 2019 3556 homines

437 3595 554 3648 vnlt
590 3595 771 3650 salvos
821 3594 958 3659 ﬁeri,
1006 3601 1060 3648 et
1106 3595 1171 3647 ad
1235 3593 1566 3663 agnitionem
1627 3590 1875 3646 veritatis
1927 3606 2019 3645 ve-

437 3686 556 3739 nire
588 3686 656 3750 ⁵³,
683 3703 702 3736 ι
746 3686 877 3754 quid
909 3698 1005 3753 pro
1039 3698 1138 3738 sua
1173 3683 1460 3738 clementia
1490 3696 1598 3735 non
1640 3690 1784 3751 agat,
1813 3680 1860 3735 si
1890 3679 2018 3736 ﬁliis

439 3777 674 3832 Abraha:
721 3776 1054 3834 suscitandis
1097 3776 1338 3844 lapidum
1399 3774 1768 3829 conditionem
1820 3789 2020 3844 oppor-

432 3869 669 3924 tunioris
711 3868 952 3923 futuram
1007 3883 1142 3922 usus
1191 3866 1568 3937 perspexerit?
1628 3864 1817 3935 Neque
1868 3865 2017 3919 enim

436 3973 545 4014 tam
583 3958 744 4015 facile
793 3959 896 4015 fuit
949 3958 1153 4013 Judaeis
1195 3959 1425 4012 Abraha:
1456 3957 1820 4026 multiplicare
1853 3955 2014 4022 ﬁlios,

431 4067 668 4121 quorum
689 4052 904 4122 generis
933 4065 1042 4106 non
1081 4051 1305 4104 minima
1337 4065 1463 4121 pars
1487 4049 1686 4119 rejecta
1720 4059 1824 4114 est,
1851 4063 2014 4117 quam

436 4145 545 4197 Deo
570 4159 664 4212 per
691 4143 900 4212 lapides
930 4143 1102 4197 eidem
1131 4143 1334 4198 multos
1372 4142 1510 4196 lilios
1540 4141 1797 4195 condere.

2129 2948 2344 3018 μορφῆς
2375 2949 2815 3022 ἐπιδεικνυμένη,
2837 2953 2929 3004 καὶ
2951 2951 3306 3015 ὑποστάσεως
3337 2951 3560 3020 γένεσιν
3581 2968 3594 2981 ·
3617 2952 3709 3005 καὶ

2123 3037 2151 3089 ὃ
2186 3039 2283 3108 μὲν
2316 3040 2562 3108 γέγονεν,
2598 3042 2701 3094 οὐκ
2748 3038 2816 3114 ἦν
2837 3057 2848 3071 ·
2882 3043 2910 3095 ὃ
2931 3043 2987 3096 δέ
3014 3043 3089 3114 μὴ
3119 3037 3230 3097 οἷόν
3253 3061 3311 3096 τε
3341 3039 3409 3114 ἦν
3434 3043 3710 3114 ἀνθρωπί-

2125 3143 2236 3189 νοις
2257 3126 2539 3198 λογισμοῖς
2571 3131 2847 3198 γενέσθαι,
2871 3131 3041 3203 χωρὶς
3076 3133 3281 3202 ὑπέστη
3323 3133 3422 3204 τῆς
3452 3134 3550 3186 τοῦ
3573 3133 3708 3205 πρό·

2122 3235 2280 3289 τερον
2325 3219 2650 3284 διαλύσεως.
2698 3222 2756 3276 ⁸0
2782 3223 2964 3276 τοίνυν
2993 3224 3126 3288 Θεὸς
3144 3227 3172 3278 ό
3197 3225 3367 3278 ταῦτα
3403 3226 3710 3296 παραδοξο-

2125 3310 2316 3375 ποιῶν,
2358 3313 2453 3365 καὶ
2516 3312 2637 3366 τότε
2678 3313 2838 3384 δίκην
2893 3316 3359 3387 εἰσπραττόμενος
3399 3317 3626 3386 γύναιον
3652 3317 3710 3370 ἓν

2123 3399 2489 3471 παραϐάσεως
2519 3401 2762 3472 ἐντολῆς,
2793 3422 2812 3455 ι
2835 3405 2864 3456 ό
2883 3404 3052 3458 θέλων
3080 3405 3170 3459 τὸν
3198 3406 3492 3478 ἄνθρωπον
3526 3408 3706 3478 σωθῆ-

2122 3507 2232 3556 ναι,
2270 3493 2362 3544 καὶ
2393 3495 2473 3555 εἰς
2529 3492 2826 3562 ἐπίγνωσιν
2855 3495 3113 3566 ἀληθείας
3157 3497 3355 3564 ἐλθεῖν,
3389 3517 3409 3550 ι
3445 3499 3496 3552 τί
3517 3500 3620 3553 οὐκ
3645 3501 3712 3554 ἂν

2120 3581 2338 3650 δράσειε
2384 3583 2474 3636 διὰ
2534 3583 3007 3654 φιλανθρωπίανά,
3037 3591 3085 3642 εί
3113 3589 3274 3642 λίθων
3325 3590 3520 3660 ὄψεται
3549 3591 3711 3662 φύσιν

2121 3672 2566 3746 ἐπιτηδειοτέραν
2620 3676 2968 3747 παρέχουσαν
3017 3679 3204 3748 χρείαν
3253 3681 3334 3743 είς
3367 3680 3430 3734 τὸ
3453 3683 3708 3750 γενέσθαι

2120 3765 2285 3818 τέκνα
2334 3765 2428 3819 τοῦ
2474 3766 2759 3838 Ἀϐραάμ;
2799 3771 2872 3823 Οὐ
2911 3770 3022 3842 γὰρ
3078 3771 3221 3824 οὕτω
3270 3774 3400 3843 ῥᾷον
3425 3777 3538 3838 τοῖς
3579 3774 3710 3829 Ἰου-

2119 3858 2290 3922 δαίοις
2329 3858 2423 3912 τοῦ
2463 3859 2716 3933 Ἀϐραὰμ
2754 3865 3114 3933 χρηματίζειν
3135 3867 3324 3928 τέκνα,
3361 3861 3438 3922 ὧν
3457 3870 3560 3922 οὐκ
3592 3870 3706 3922 61i-

2119 3967 2214 4018 γον
2241 3951 2406 4022 μέρος
2431 3952 2525 4005 τοῦ
2550 3954 2739 4020 γένους
2755 3954 3094 4026 ἐξώσθησαν,
3115 3957 3190 4021 ὡς
3221 3959 3299 4028 τῷ
3329 3959 3452 4032 Θεῷ
3480 3961 3567 4014 διὰ
3599 3963 3708 4016 τῶν

2119 4043 2282 4096 λίθων
2303 4045 2454 4115 αὐτῷ
2495 4046 2725 4110 πολλοὺς
2755 4049 2904 4110 υἱοὺς
2928 4051 3374 4120 ἀπεργάσασθαι.

506 4236 574 4287 At
604 4235 650 4288 si
683 4237 808 4305 quis
835 4235 964 4289 velit
991 4234 1275 4304 quidpiam
1323 4234 1698 4303 propheticum
1736 4233 1884 4288 dicto
1910 4235 2014 4288 hoc

2193 4226 2335 4278 Εἱδέ
2382 4243 2464 4290 τις
2523 4227 2699 4281 ἐθέλοι
2761 4229 2854 4283 καὶ
2908 4233 3248 4302 προφητικὸν
3303 4235 3706 4308 ἀνακηρύττειν

431 4325 739 4390 enuntiari,
773 4325 1002 4396 lapides,
1037 4340 1177 4394 quos
1207 4324 1522 4380 Praeeursor
1569 4335 1697 4380 tunc
1743 4339 2015 4380 memora-

433 4415 532 4480 vit,
563 4425 616 4470 et
645 4431 709 4469 ex
743 4416 946 4485 quibus
990 4416 1130 4472 ﬁlios
1177 4417 1412 4472 Abrahae
1462 4417 1812 4474 suscitandas
1874 4432 2014 4486 prae-

433 4507 590 4572 dixit,
634 4507 666 4560 ii
727 4507 970 4576 profecto
1006 4516 1154 4573 sunt,
1209 4509 1323 4578 qni,
1376 4525 1499 4564 cum
1561 4519 1708 4566 esset
1753 4507 2014 4564 Servator

428 4613 533 4652 sua
565 4607 758 4667 sponte
786 4608 1058 4666 mortuus,
1100 4611 1262 4669 atque
1306 4601 1564 4656 universo
1604 4599 1806 4654 mundo
1864 4600 2014 4656 salus

431 4697 484 4740 et
516 4687 626 4741 vita
653 4687 883 4752 reddita,
918 4691 1064 4759 passi
1097 4689 1412 4747 Conditoris
1453 4691 1722 4760 obsequio
1769 4691 2011 4760 abrupti,

430 4787 597 4848 atque
626 4779 868 4844 discissi,
905 4789 961 4834 et
1003 4781 1160 4848 quasi
1209 4778 1337 4834 facti
1392 4796 1491 4849 pro
1549 4781 1818 4835 miraculo
1874 4796 2014 4850 prae-

427 4877 680 4940 gnantes.
712 4873 914 4926 multos
947 4871 1199 4927 homines
1249 4885 1449 4926 nostrae
1492 4872 1742 4943 religioni
1786 4880 1841 4926 et
1883 4887 2013 4940 par-

428 4961 725 5026 turierunt,
767 4972 823 5017 et
855 4975 1204 5033 pepererunt.
1236 4964 1277 5016 li
1323 4979 1449 5018 vero
1483 4980 1580 5019 sua
1617 4964 2008 5030 commdtione,

500 5077 545 5108 "'
585 5076 772 5133 Matth.
806 5094 892 5143 -ιιι,
921 5078 975 5133 9.
1054 5078 1145 5131 ³⁵⁸1
1180 5078 1320 5133 Tim.
1362 5097 1420 5143 ιι,
1461 5081 1515 5134 4.

2118 4315 2279 4386 ἔργον
2307 4316 2367 4368 τὸ
2399 4315 2572 4385 ῥῆμα,
2598 4318 2785 4371 οἱτότε
2819 4319 3078 4390 ῥηθέντες
3106 4322 3244 4376 λίθοι
3266 4324 3346 4395 τῷ
3381 4326 3702 4399 Προδρόμῳ,

2118 4409 2177 4474 ἐξ
2209 4403 2284 4464 ὧν
2305 4409 2384 4480 τῷ
2423 4411 2674 4482 ’Δὸραὰμ
2701 4413 3095 4486 ἐχρησμῴδησε
3151 4418 3478 4474 ἀνίστασθαι
3503 4424 3694 4486 τέκνα,

2118 4495 2261 4556 οὗτοι
2285 4501 2349 4573 δὴ
2379 4503 2523 4556 κατὰ
2546 4503 2606 4556 τὸ
2633 4503 2882 4559 ἑκούσιον
2930 4507 3024 4560 τοῦ
3072 4509 3324 4580 Σωτῆρος
3375 4514 3551 4578 πάθος
3583 4514 3706 4588 [καὶ

2116 4594 2213 4666 τὴν
2236 4595 2582 4666 παγκόσμιον
2600 4598 2895 4666 σωτηρίαν,
2914 4599 3010 4652 καὶ
3025 4599 3325 4654 ἀνάστασιν
3341 4601 3383 4675 j,
3406 4604 3484 4675 τῷ
3499 4609 3563 4657 Aa
3573 4623 3707 4660 σπο-

2115 4684 2252 4755 τικῷ
2283 4685 2540 4755 ῥαγέντες
2600 4686 2783 4752 πάθει,
2837 4687 2933 4740 καὶ
2979 4687 3410 4759 διασχισθέντες,
3468 4693 3559 4746 καὶ
3587 4690 3705 4747 οἷον

2116 4777 2425 4846 ἐγκύμονες
2461 4778 2747 4846 γεγονότες
2767 4778 2844 4850 τῷ
2873 4777 3136 4850 θαύματι,
3194 4783 3424 4848 πολλοὺς
3474 4786 3584 4838 τῶν
3611 4785 3708 4838 ἀν·-

2118 4868 2352 4939 θρὼπων
2403 4872 2483 4932 είς
2542 4870 2824 4924 εὐσέϐειαν
2851 4872 3119 4942 ὼδίνησάν
3161 4893 3221 4928 τε
3268 4878 3364 4930 καὶ
3409 4879 3704 4931 ἀπέτεκον.

2117 4963 2220 5033 Οἴα
2247 4963 2304 5016 δέ
2325 4973 2347 5001 θ
2375 4962 2605 5034 λαμπρᾷ
2627 4966 2692 5034 τῇ
2717 4968 2891 5036 φωνῇ,
2954 4968 3046 5021 καὶ
3092 4970 3333 5042 οὐρανίῳ
3383 4973 3706 5042 κηρύγματι

1744 5171 1978 5229 VARIA‘I
2022 5170 2434 5228 LECTIONES.

499 5264 597 5320 'N.
633 5266 840 5338 μεῖζον.
955 5267 983 5308 ι’
1014 5269 1079 5323 Ν.
1118 5269 1475 5341 συναρμόσαι.
1593 5281 1614 5309 ο
1648 5267 1714 5324 Ν.
1764 5271 1907 5342 χοός.

2020 5270 2047 5310 ἀ
2070 5270 2138 5325 Ν.
2183 5269 2386 5337 φιλίαν.

2505 5270 2618 5342 εδή
2662 5269 2724 5325 Ν.

1956 5359 2195 5418 ΝΟΤΑΕ.

484 5448 706 5528 '(66)_Si
739 5464 902 5528 nosse
928 5451 1104 5521 cupis,
1137 5451 1192 5506 in
1208 5451 1540 5528 quibusnam
1559 5455 1875 5528 auctoribus
1913 5455 2010 5510 has

428 5517 671 5594 aliOquin
703 5517 1050 5594 pervulgatas
1082 5517 1375 5594 proposita:
1384 5523 1716 5594 ριντιλογίας
1750 5525 2004 5594 explana-

432 5587 606 5660 tiones
635 5587 815 5659 possis
855 5587 1121 5654 invenire,
1152 5587 1353 5646 vidcsis
1383 5587 1614 5648 Tertull:
1653 5596 1687 5647 I.
1717 5610 1767 5660 ν,
1804 5587 2006 5648 Contra

433 5653 779 5730 Marciohem,
808 5671 860 5717 et
893 5653 1218 5718 Theodorct.
1245 5672 1436 5733 quaest.
1461 5663 1525 5716 ‘21
1581 5666 1633 5718 in
1666 5653 2003 5720 Denterono-

2116 5456 2311 5508 mium.

2189 5525 2304 5593 (67)
2491 5523 2604 5581 fere
2627 5535 2739 5581 tota
2767 5532 2999 5604 quaestio
3035 5532 3230 5604 legitur
3254 5536 3399 5604 apud
3429 5536 3706 5600 Nicetam,

2111 5597 2317 5720 Eligam
2341 5596 2394 5649 in
2425 5595 2558 5652 Luc.
2602 5612 2651 5652 c.
2692 5595 2910 5665 tu,'Mai
2942 5595 3333 5660 Νουῖϐοίίεεὶ.
3362 5607 3454 5676 lx,
3486 5624 3537 5680 p.
3570 5595 3707 5672 658,
