3864 6218
141 368 243 431 229

935 366 1033 425 AD
1067 364 1653 425 AMPHILOCHIUM
1681 362 2024 434 ΟΗΛΞΞΤΙΟ
2058 365 2286 439 XXXI,
2330 367 2572 428 XXXII.

3268 370 3375 432 230

142 480 217 551 τῷ
239 480 356 532 κατ’
383 478 573 542 αὐτοὺς
598 476 910 547 παθήματι,
930 478 1027 547 τῆς
1051 478 1143 530 ἐπὶ
1161 476 1237 547 τῷ
1255 479 1467 547 Σωτῆρι
1485 477 1707 547 τόλμης,

1816 476 1977 531 veluti
2001 476 2148 531 clara
2170 476 2407 545 quadam
2445 492 2599 543 voce,
2625 479 2942 548 coelestiqu‘e
2973 479 3246 549 praeconio
3278 480 3379 534 lio-

143 573 233 625 καί⁵
254 570 460 640 πλάνης
501 572 627 633 τοὺς
645 570 965 642 ἀνθρώπους
996 569 1413 631 ἀνακαλοῦντες,
1438 570 1533 623 καὶ
1566 568 1704 638 πρὸς

142 662 236 732 τὴν
278 660 572 727 ἐπίγνωσιν
627 660 725 729 τῆς
781 657 1039 727 ἀληθείας
1079 656 1566 727 χειραγωγοῦντες,
1609 655 1706 709 καὶ

144 753 273 823 πρὸς
302 752 365 804 τὸ
403 751 501 821 τῆς
547 752 967 819 παλιγγενεσίας
1021 752 1192 819 δῶρον
1255 751 1388 820 ὁρᾷν
1446 749 1703 820 ἀφορμὰς

143 844 449 914 ἐχαρίζοντο
475 841 496 881 τ
525 860 539 873 ·
568 843 660 907 οὓς
694 844 838 913 καὶὴ
869 843 1122 895 κοινωνία
1148 843 1244 911 τῆς
1267 843 1529 903 πίστεως,
1556 842 1706 902 υίοὺς

156 933 416 1003 Ἀϐραὰμ,
448 934 541 986 καὶ
570 934 811 1004 νομίζειν
832 928 1074 998 οἷδε,κα“ι
1098 932 1385 1004 ὀνομάζειν
1416 934 1638 1004 μᾶλλον,
1669 935 1700 1003 ἦ

142 1026 261 1085 τοὺς
290 1023 350 1088 ἐξ
370 1024 623 1092 αἵματος.

208 1117 351 1170 Είδὲ
383 1119 478 1170 καὶ
532 1117 621 1170 διὰ
672 1116 767 1170 τοῦ
827 1116 1153 1187 γράμματος
1208 1114 1507 1168 ἐπιϐαίνειν
1558 1116 1704 1179 τινὸς

143 1208 475 1278 ὑψηλοτέρας
512 1208 743 1277 θεωρίας
769 1208 909 1279 ἔρως
939 1208 1051 1278 ἔχει
1080 1225 1175 1260 σου
1205 1208 1266 1260 τὸ
1294 1207 1540 1275 φιλόθεον
1560 1223 1573 1235 ·
1610 1208 1703 1259 καὶ

141 1300 271 1352 λίθοι
296 1300 393 1368 μὲν
423 1300 489 1354 ἂν
518 1302 720 1352 νοοϊντο
752 1301 801 1353 oi
822 1299 929 1352 τῶν
959 1298 1128 1351 ἐθνῶν
1151 1298 1572 1369 πεπωρωμένοι,
1610 1299 1704 1351 καὶ

142 1392 579 1461 σκληροκάρδιοιο
616 1391 676 1456 ἐξ
697 1392 921 1446 ἐκείνων
955 1391 1012 1443 δὲ
1044 1393 1073 1443 ὁ
1104 1390 1199 1442 τοῦ
1233 1389 1483 1461 Ἀϐραὰμ
1506 1390 1705 1459 κλῆρος

143 1482 613 1553 ἁναπεπλήρωται,
675 1481 1121 1552 μεταϐληθέντων
1167 1481 1231 1534 ἐκ
1267 1480 1367 1549 τῆς
1395 1480 1705 1551 πωρώσεως

143 1574 227 1625 ἐπὶ
254 1572 315 1624 τὸ
349 1572 580 1642 συνορᾷν
620 1571 682 1625 τὸ
734 1574 1022 1643 σωτήριον,
1083 1574 1179 1625 καὶ
1226 1574 1325 1643 τῆς
1379 1571 1705 1643 Ἑλληνικῆς

143 1661 342 1733 πλάνης
396 1664 476 1725 είς
499 1664 594 1735 τὴν
651 1664 1039 1734 μυσταγωγίαν
1069 1664 1165 1717 τοῦ
1190 1664 1532 1733 Πνεύματος.
1566 1664 1705 1717 Οὐδὲ

141 1754 324 1819 οὕτως,
354 1751 531 1826 οἶμαι,
559 1756 747 1829 πόρρω
761 1758 827 1811 ἂν
844 1757 1069 1827 ὀφθείης
1087 1759 1188 1829 τῆς
1216 1756 1419 1827 νύσσης
1443 1756 1701 1822 ἐλαύνων,

1807 569 1983 623 mines
2012 570 2079 623 ab
2116 570 2345 624 audacia
2392 570 2447 623 in
2507 570 2949 641 Redemptorem,
2994 581 3157 642 atque
3187 571 3255 625 ab
3290 587 3381 626 er-

1810 676 1932 715 rore
1958 670 2297 728 revocantes,
2346 661 2787 731 adducentesque
2837 663 2905 716 ad
2943 665 3189 717 veritatis
3230 665 3382 733 agni-

1808 753 2030 818 tionem,
2063 753 2407 809 occasionem
2434 754 2656 823 insuper
2677 754 3027 823 praebuerunt
3048 756 3381 823 perspicien-

1806 844 1860 897 di
1894 859 2095 899 munus
2148 846 2575 914 regenerationis
2604 862 2618 897 :
2652 862 2789 913 quos
2817 847 3067 899 homines
3116 849 3278 899 etiam
3320 849 3381 900 ti-

1806 932 1890 986 dei
1928 933 2121 1003 magis,
2152 950 2317 1001 quam
2342 934 2623 1004 sanguinis
2654 935 2966 1003 eonjunctio
2994 934 3135 989 filios
3150 935 3381 989 Δίῃ-ειεξιτ

1806 1033 1859 1076 et
1890 1024 2100 1078 censeri
2139 1023 2287 1089 fecit,
2323 1034 2375 1079 et
2415 1026 2740 1093 nuncupari.

1876 1113 2029 1180 Quod
2057 1118 2099 1169 si
2133 1117 2296 1169 etiam
2340 1131 2497 1169 amor
2530 1115 2908 1185 progrediendi
2956 1131 3052 1185 per
3093 1114 3375 1168 litteralem

1806 1220 2028 1259 sensum
2067 1206 2133 1260 ad
2165 1206 2401 1275 aliquam
2442 1206 2814 1259 sublimiorem
2854 1205 3375 1258 animadversionem

1805 1306 1857 1350 te
1888 1297 2088 1351 divinis
2110 1297 2273 1351 rebus
2295 1297 2603 1350 studentem
2649 1298 2910 1362 incessat;
2964 1298 3201 1365 lapidum
3258 1298 3379 1365 qui-

1805 1389 1926 1442 dem
1989 1388 2210 1441 nomine
2240 1388 2466 1450 etlinici,
2502 1388 2594 1456 qui
2640 1389 2909 1443 obdurato
2953 1398 3111 1441 erant
3150 1397 3203 1441 et
3244 1388 3351 1457 lapi

1804 1479 1905 1533 deo
1935 1479 2119 1541 corde,
2149 1488 2371 1547 possent
2418 1479 2639 1546 intelligi
2680 1496 2694 1531 :
2727 1494 2789 1531 ex
2842 1478 2948 1531 illis
2989 1486 3167 1531 autem
3203 1477 3379 1532 Abra—

1804 1570 1888 1624 hae
1920 1570 2209 1626 baereditas
2244 1572 2513 1640 completa
2569 1583 2674 1635 est,
2717 1586 2841 1625 cum
2872 1588 2903 1625 e
2929 1587 3027 1626 sua
3068 1571 3269 1625 duritie
3306 1570 3377 1626 ad

1804 1661 2203 1732 agnoscendam
2244 1662 2497 1727 salutem,
2534 1670 2587 1716 et
2637 1677 2666 1716 a
2717 1661 3031 1716 Graecarum
3069 1661 3376 1716 fabularum

1806 1771 1991 1811 errore
2014 1756 2083 1811 ad
2112 1756 2346 1826 Spiritus
2369 1756 2729 1810 initiationem
2792 1756 3026 1811 traducti
3078 1764 3225 1811 sunt.
3276 1755 3380 1810 Nc-

141 1846 205 1917 ἢν
236 1849 268 1917 ὴ
301 1821 609 1918 κατάληψις
632 1821 744 1919 ’τῆς
773 1821 917 1904 κατα
954 1821 1054 1921 τὴν
1084 1821 1321 1917 θεωρίαν
1372 1821 1631 1918 αληθείας
1652 1821 1707 1902 ἐν

1816 1861 1917 1912 que
1940 1861 2069 1901 vero
2102 1846 2205 1901 hac
2231 1847 2466 1911 ratione,
2499 1846 2756 1909 arbitror,
2799 1846 2959 1915 longe
2992 1844 3195 1899 distare
3223 1844 3376 1896 vidc-

144 1937 215 2006 τῷ
237 1939 429 2003 σταδίῳ
455 1940 554 2010 τῆ,
588 1938 913 2010 Ἐκκλησίας
953 1938 1197 2010 ἐπήξατό
1222 1955 1307 2005 τε,
1346 1938 1437 1993 καὶ
1467 1937 1707 2006 ὑπεστή-

148 2046 265 2083 σατο
300 2030 431 2102 (68).

640 2234 976 2289 ΕΡΩἸῊΣΙΣ
1003 2234 1092 2290 ΛΒ
1113 2271 1129 2286 .

153 2324 208 2376 Τί
234 2322 426 2392 οηλοῖ,
465 2342 484 2374 ι
516 2319 598 2380 Οὗ
616 2325 681 2377 τὸ
712 2325 1001 2459 attici?
1028 2322 1101 2392 τῇ
1143 2324 1292 2391 χειρὶ
1314 2323 1523 2389 αὑτοῦ,
1550 2342 1569 2374 ι
1604 2321 1703 2376 καί

768 2411 801 2447 τ
958 2411 1067 2459 ⁷1ςὶ

768 2411 842 2448 τα
886 2411 1067 2462 εζης;

1812 1936 2005 1989 rerisa
2035 1950 2223 2006 scopo,
2257 1952 2419 2005 quem
2480 1928 2535 1989 in
2588 1934 2844 1990 Ecclesiae
2900 1934 3077 1988 stadio
3130 1933 3377 1988 veritatis

1810 2022 2052 2077 inventio
2082 2039 2178 2093 per
2224 2024 2631 2079 meditationem
2682 2024 2905 2079 obtenta
2956 2024 3162 2089 defixit,
3214 2031 3379 2094 atque

1734 2192 1741 2199 ι
1810 2115 2093 2168 constituit
2114 2115 2248 2186 (69).

2020 2229 2350 2297 QUES’I‘IO
2376 2229 2566 2284 χχχιι
2598 2230 2697 2303 [αι.
2746 2229 2964 2302 xxxn.
3018 2230 3133 2301 (το)

1815 2320 1959 2387 Quid
1990 2320 2091 2375 sibi
2122 2321 2230 2374 vult
2257 2320 2391 2374 illud
2422 2337 2440 2375 :
2473 2339 2492 2371 ι
2527 2320 2694 2389 Cujus
2722 2320 3071 2374 ventilabrum
3116 2320 3175 2373 in
3217 2334 3381 2373 manu

2163 2392 2276 2459 ejus
2307 2391 2375 2457 ⁸⁷,
2411 2410 2430 2442 ι
2470 2400 2519 2444 et
2543 2408 2660 2461 qua:
2687 2394 3012 2460 sequuntur?

642 2503 786 2555 Edita
810 2504 870 2554 ab
889 2505 1105 2555 Antonio
1127 2506 1314 2566 Scotto,
1337 2506 1372 2554 l.
1399 2519 1443 2555 e.
1493 2520 1545 2569 p.
1570 2505 1649 2555 56.
1676 2501 2064 2557 Commentarios
2088 2516 2137 2551 in
2162 2502 2333 2552 Matth.
2354 2518 2426 2562 ιιι,
2457 2503 2542 2564 12;
2568 2503 2685 2552 Luc.
2723 2517 2794 2563 in,
2815 2503 2890 2553 l7.

218 2589 429 2661 Ἐπειδὴ
452 2589 548 2642 τὸν
578 2591 804 2662 Σωτῆρα
826 2592 1117 2661 κηρύσσων
1143 2596 1170 2646 ὁ
1208 2594 1546 2664 Πρόδρομος,
1575 2593 1709 2647 ἄλλα

147 2698 201 2734 τε
230 2680 501 2750 θεολογῶν
528 2683 657 2755 περὶ
689 2684 854 2737 αὐτοῦ
897 2684 1115 2756 διεξῄει,
1139 2688 1235 2738 καὶ
1266 2685 1341 2749 ὡς
1402 2706 1419 2736 ι
1449 2687 1506 2737 ἐν
1538 2686 1711 2738 Ilvati-

162 2790 280 2842 ματι
300 2775 457 2846 ἁγίῳ,
496 2775 592 2827 καὶ
612 2777 746 2847 πυρὶ
764 2776 889 2839 τοὺς
907 2777 1226 2846 προσιόντας
1242 2777 1391 2847 αύτῷ
1420 2778 1701 2847 βαπτίσει»

152 2864 227 2933 (τὸ
256 2864 309 2916 δέ
332 2866 628 2929 ,ϐαπτίσει
670 2866 770 2935 τῆς
805 2866 1014 2937 δωρεᾶς
1064 2867 1155 2920 τὸν
1216 2867 1467 2931 πλοῦτον,
1521 2868 1616 2921 καὶ
1646 2867 1707 2919 τὸ

148 2952 350 3023 δαψιλὲς
369 2955 474 3025 τῆς
503 2956 820 3026 εὐεργεσίας
853 2957 1107 3025 ἐμφαίνει
1138 2973 1201 3009 τε
1248 2958 1342 3010 καὶ
1386 2956 1702 3025 παρίστησιο

1879 2589 2149 2656 Quoniam
2181 2591 2493 2647 Praecursor
2520 2590 2861 2646 Servatorem
2896 2591 3217 2661 pradicans,
3244 2607 3382 2661 prae-

1811 2694 1893 2738 ter
1919 2685 2045 2750 alia,
2079 2701 2201 2755 qua:
2224 2701 2384 2741 sacro
2415 2700 2668 2741 sermone
2701 2695 2784 2740 est
2809 2685 2876 2740 de
2916 2700 2981 2740 eo
3040 2694 3380 2754 persecutus,

1809 2775 1883 2827 ait
1909 2774 2073 2828 etiam
2119 2774 2443 2828 accedentes
2469 2775 2534 2828 ad
2562 2790 2621 2828 se
2655 2793 2675 2825 ι
2705 2774 3008 2844 Baptizabit
3064 2774 3121 2827 in
3173 2772 3380 2843 Spiritu

1808 2875 2017 2927 sancto,
2042 2874 2097 2918 et
2124 2866 2248 2933 igne
2273 2864 2352 2930 ‘°,
2405 2883 2423 2915 ι
2484 2866 2562 2935 (in
2622 2866 2787 2920 verbo
2852 2876 3033 2919 autem
3089 2865 3381 2935 baptizabit

1807 2956 1993 3022 gratiae
2024 2955 2346 3019 divitias,ac
2391 2955 2780 3009 beneﬁciorum
2832 2956 3045 3023 cepiam
3103 2954 3379 3024 patefacit,

150 3050 235 3103 καὶ
295 3050 400 3120 γὰρ
454 3051 862 3121 ἀπολύτρωσιν,
923 3053 1015 3105 καὶ
1075 3053 1339 3107 υἱοθεσίαν
1408 3054 1707 3123 παρεχόμε-

1818 3058 1980 3114 atque
2014 3047 2271 3116 proponit
2315 3065 2328 3101 :
2373 3047 2461 3101 ille
2509 3048 2653 3101 enim
2717 3047 3087 3103 liberationem
3130 3048 3379 3117 adoptio-

147 3146 229 3190 obv
275 3140 611 3211 πανταχόθεν
658 3143 805 3211 ἡμᾶς
858 3145 1167 3213 περιαντλεῖ
1206 3147 1316 3209 τοῖς
1363 3146 1461 3217 τῆς
1492 3148 1709 3217 χάριτος

153 3231 448 3303 ἁειρρύτοις
509 3234 741 3303 νάμασι)
769 3254 781 3267 ·
811 3237 983 3291 ταῦτα
1013 3238 1179 3292 είπὼν
1202 3241 1268 3293 τὰ
1294 3242 1533 3312 σωτήρια
1559 3281 1574 3306 ,
1616 3242 1708 3295 καὶ

152 3320 337 3391 πολλῆς
382 3323 491 3391 τῆς
544 3324 672 3394 περὶ
704 3326 849 3395 ἡμᾶς
893 3327 1203 3398 φιλοτιμίας
1229 3331 1466 3401 γέμοντα
1485 3348 1499 3363 ο
1529 3332 1615 3384 ἵνα
1636 3331 1709 3402 μὴ

147 3410 263 3485 δόξῃ
312 3414 483 3479 τισὶν,
531 3414 605 3478 ὡς
633 3416 983 3487 δωρήσασθαι
1046 3419 1144 3488 μὲν
1196 3421 1495 3489 τηλικαῦτα
1539 3421 1706 3493 δῶρα,

150 3505 237 3555 καὶ
273 3508 327 3557 ἐν
380 3507 682 3578 εὐεργεσίᾳ
732 3509 965 3582 ⁸ιοσαύτῃ
1020 3514 1357 3582 καταστῆσαι
1396 3516 1575 3584 παρῆν
1632 3515 1710 3585 τῷ

151 3594 342 3665 Σωτῆρι
388 3596 555 3667 ἡμῶν
599 3598 872 3668 βούλησις,
910 3601 1004 3654 καὶ
1036 3604 1265 3672 ίσχύςί·
1298 3605 1710 3678 τιμωρήσασθαι

146 3682 223 3749 δὲ,
261 3686 350 3737 καὶ
376 3686 610 3739 κολάσαι
631 3688 756 3751 τοὺς
782 3689 1132 3753 ὑπευθύνους,
1162 3693 1254 3744 καὶ
1270 3692 1514 3756 ἀπειθεῖς
1538 3694 1712 3758 οὐδεὶς

155 3774 289 3845 αύτῷ
315 3776 473 3845 λόγος
514 3779 734 3849 περιῆν·
769 3779 858 3833 ὀιὰ
882 3779 1037 3833 τοῦτο
1067 3782 1311 3851 ἐπήγαγε
1331 3783 1711 3854 διορθούμενος

154 3864 243 3933 τὴν
290 3868 505 3937 ἀπέτην
558 3870 769 3923 αὐτῶνθ
816 3890 833 3921 ι
858 3866 931 3926 Οὗ
960 3872 1020 3925 τὸ
1042 3872 1206 3926 πτύον
1238 3877 1297 3927 ἐν
1332 3878 1394 3946 τῇ
1425 3877 1568 3947 χειρὶ
1609 3877 1709 3929 αύ-

155 3957 240 4010 τιῦ
288 3958 401 4031 [καὶ
432 3962 815 4032 δισκαθαρίσει
845 3967 943 4036 τὴν
982 3967 1161 4020 ἅλωνα
1219 3969 1382 4023 αὐτοῦ
1482 3989 1499 4021 ι
1529 3964 1657 4025 Οἷον
1684 3968 1699 4020 i

152 4047 210 4099 ού
238 4050 390 4118 μόνον
434 4054 587 4105 ἐστὶν
646 4054 1015 4123 εὐεργετικὸς,
1074 4058 1169 4109 καὶ
1216 4061 1450 4129 χορηγὸς
1481 4060 1712 4129 ἄφθονος

156 4142 260 4203 τοῖς
311 4144 638 4214 ἐπιτηδείοις
670 4145 781 4198 τῶν
825 4148 1065 4215 ἀγαθῶν,
1102 4148 1239 4202 ἀλλὰ
1265 4151 1361 4203 καὶ
1389 4151 1711 4216 κολαστικὸς

154 4230 254 4283 τῶν
298 4233 581 4304 ἐκθέσμων
640 4234 836 4304 ἔργων,
868 4237 962 4289 καὶ
1013 4236 1123 4291 τῶν
1152 4240 1515 4309 παραϐάσεων
1542 4259 1712 4312 τιμω-

157 4324 387 4390 ρητικός.

224 4430 244 4463 ι
273 4413 340 4467 Τὸ
360 4416 468 4485 γὰρ
518 4416 685 4468 πτύον
725 4418 781 4469 ἐν
834 4419 899 4488 τῇ
954 4420 1097 4490 χειρὶ
1158 4420 1322 4473 αὐτοῦ
1363 4441 1381 4472 ι
1419 4423 1542 4477 ἀντὶ
1572 4422 1665 4476 τοῦ
1692 4440 1705 4454 ·

160 4504 441 4576 Πρόχειρος
469 4506 618 4578 αύτῷ
645 4510 677 4578 ἡ
728 4510 1122 4581 ἀνταποδοτικὴ
1154 4512 1263 4564 τῶν
1316 4512 1533 4580 φαύλων
1568 4516 1713 4585 πρά-

163 4594 287 4656 ξεων
311 4599 553 4669 τιμωρία
570 4599 775 4669 ,ὥσπερ
801 4601 863 4669 δὴ
882 4600 976 4654 καὶ
997 4602 1104 4653 τῶν
1134 4602 1313 4655 καλῶν
1334 4605 1647 4674 ἀντιμισθία
1668 4607 1713 4661 ιι.

156 4683 317 4753 Adii)
370 4686 726 4758 διακρίνουσα
784 4687 878 4740 καὶ
940 4689 1247 4758 χωρίζουσα
1294 4692 1543 4761 δύναμις,
1623 4697 1718 4747 καὶ

163 4772 367 4836 ἐξουσία
394 4780 520 4839 τοὺς
553 4777 768 4849 ἐνόχους
797 4780 1067 4846 τιμωρίας
1096 4780 1203 4832 τῶν
1243 4781 1408 4844 ἀξίων
1433 4782 1531 4853 τὴς
1560 4785 1718 4855 εὐερ-

159 4868 334 4930 γεσίας
363 4868 679 4941 [πρόχειρος
723 4869 892 4941 αὐτῷ,
943 4872 977 4940 ἡ
1017 4872 1119 4925 ἀνὰ
1153 4872 1353 4945 χεῖρα].
1394 4873 1485 4938 Ἐξ
1531 4871 1590 4929 οὗ
1617 4877 1730 4931 τὸν-

162 4957 255 5025 μὲν
313 4963 476 5024 σῖτον,
537 4961 597 5014 ὃν
660 4960 756 5013 νῦν
815 4964 844 5013 ὁ
894 4961 1003 5016 τῶν
1083 4962 1304 5017 δικαίων
1374 4965 1708 5038 ὀνομαζόμε-

226 5072 268 5105 ⁸⁷
306 5074 437 5130 Luc.
475 5090 554 5141 tu;
592 5074 645 5127 7.
722 5072 767 5105 “
794 5071 952 5139 ibid.,
976 5072 1043 5127 16

1815 3154 2045 3207 nemque
2084 3138 2321 3191 filiorum
2376 3139 2621 3193 tribuens
2659 3154 2759 3192 nos
2809 3139 3140 3207 perennibus
3195 3140 3383 3208 gratia:

1812 3228 2034 3284 fluentis
2053 3229 2291 3299 undique
2315 3229 2723 3301 circumfundit)
2758 3248 2771 3283 :
2811 3247 2932 3284 cum
2957 3246 3045 3285 res
3068 3230 3379 3299 bujusmodi

1813 3321 2104 3387 salutares,
2134 3330 2188 3377 et
2217 3323 2400 3377 multae
2431 3321 2815 3377 muniﬁcentia:
2850 3322 3035 3390 plenas
3082 3336 3381 3375 memoras-

1813 3424 1925 3479 set;
1960 3428 2025 3469 ne
2056 3414 2379 3480 quibusdam
2416 3414 2708 3477 videretur,
2769 3412 3115 3482 Redemptori
3161 3413 3378 3482 quidem

1812 3516 2003 3561 nostro
2034 3508 2159 3561 talia
2179 3508 2513 3562 concedendi
2552 3508 2712 3571 dona,
2758 3515 2813 3561 et
2846 3522 2945 3561 nos
2994 3514 3140 3560 tanta
3181 3505 3382 3559 benefi-

1812 3599 1988 3653 centia
2021 3599 2332 3654 euanulandi
2383 3608 2436 3653 et
2480 3599 2812 3653 voluntatem
2856 3599 3069 3661 adesse,
3105 3607 3158 3651 ct
3205 3598 3380 3651 virtu-

1810 3696 1959 3757 tem;
2001 3705 2123 3745 reos
2178 3701 2384 3755 autem,
2436 3700 2893 3761 contumacesque
2930 3690 3178 3745 homines
3242 3690 3381 3743 ulci-

1815 3781 2024 3843 scendi,
2056 3796 2121 3836 ac
2150 3781 2413 3850 plectendi
2461 3783 2664 3837 nullam
2706 3782 2905 3837 habere
2936 3782 3236 3847 rationem;
3293 3782 3380 3835 id-

1813 3871 1960 3927 circo
1981 3872 2045 3925 ad
2077 3888 2265 3927 eorum
2326 3888 2565 3927 errorem
2618 3873 2996 3943 corrigendum
3037 3873 3270 3941 subjecit
3317 3872 3383 3926 il-

1815 3964 1906 4018 lud
1944 3983 1956 4018 :
1995 3982 2015 4015 ι
2048 3964 2218 4034 Cujus
2246 3966 2609 4021 ventilabrum
2638 3968 2692 4021 in
2719 3983 2879 4022 manu
2911 3966 3052 4033 ejus,
3076 3974 3129 4019 et
3155 3966 3384 4019 munda-

1816 4054 1897 4109 bit
1928 4070 2112 4109 aream
2141 4071 2317 4110 suam.
2357 4075 2375 4108 ι
2412 4055 2643 4111 Perinde
2661 4073 2725 4110 ac
2769 4057 2813 4110 si
2845 4058 3046 4111 diceret
3084 4072 3100 4111 :
3135 4055 3224 4109 Ille
3271 4070 3380 4109 non

1814 4145 1978 4200 modo
2004 4146 2279 4202 beneficus
2317 4156 2418 4211 est,
2481 4148 2793 4216 effususque
2852 4148 3118 4201 bonorum
3160 4146 3383 4215 largitor

1812 4250 1940 4307 erga
1964 4238 2216 4294 homines
2241 4239 2378 4293 bene
2404 4239 2718 4309 dispositos,
2744 4239 2839 4294 sed
2868 4248 2921 4292 et
2946 4253 3234 4307 pravorum
3252 4252 3386 4306 ope-

1816 4346 1936 4384 rum
1966 4331 2134 4395 ultor,
2165 4340 2221 4385 et
2256 4331 2547 4385 criminum
2578 4342 2659 4385 est
2688 4339 3001 4398 perseeutor

1889 4441 1908 4474 ι
1931 4421 2304 4477 Ventilabrum
2338 4422 2481 4475 enim
2547 4421 2602 4476 in
2628 4436 2790 4475 manu
2816 4421 2936 4489 ejus
2978 4439 2996 4472 ›
3038 4420 3179 4489 idem
3224 4430 3386 4475 sonat

1815 4530 1880 4567 ac
1909 4514 2040 4569 illud
2074 4513 2170 4568 :ln
2206 4514 2457 4567 manibus
2480 4514 2598 4583 ejus
2630 4527 2803 4583 poma:
2841 4512 3014 4580 culpis
3058 4510 3383 4582 irrogandae,

1816 4604 1895 4656 uti
1925 4612 1980 4657 et
2010 4604 2231 4672 praemia
2264 4603 2625 4671 impendenda
2670 4602 2963 4656 virtutibus
3023 4601 3197 4670 posita
3234 4611 3383 4656 sunt.

1817 4694 1997 4759 Quare
2031 4695 2112 4749 vis
2142 4702 2196 4747 et
2237 4702 2475 4761 potestas
2526 4694 2636 4758 illa,
2681 4708 2802 4764 quae
2832 4693 3081 4747 homines
3123 4692 3388 4762 supplicio

1816 4786 2085 4840 obnoxios
2115 4787 2185 4839 ab
2214 4786 2301 4849 iis,
2346 4785 2438 4854 qui
2468 4786 2714 4840 mercede
2745 4795 2873 4839 sunt
2903 4785 3074 4855 digni,
3126 4785 3389 4839 discernit

1820 4893 1884 4931 ac
1906 4876 2120 4940 dividit,
2152 4877 2205 4930 in
2232 4885 2485 4946 promptu
2518 4877 2617 4942 illi,
2659 4878 2771 4932 sive
2825 4892 2936 4947 prae
2989 4877 3243 4931 manibus
3282 4884 3388 4931 est.

1824 4968 2120 5039 Propterea
2181 4968 2553 5036 frumentum,
2623 4970 2783 5039 cujus
2842 4971 3066 5025 nomine
3113 4969 3388 5038 iustorum

1410 5170 1642 5228 VARle
1693 5172 1989 5232 LECTION
1999 5178 2100 5232 ES.

222 5302 249 5392 ξ’
272 5306 333 5360 Ν.
381 5310 744 5392 χαριζόμενοι.
775 5380 785 5392 ἱ
826 5313 851 5350 δ
984 5308 1206 5392 βούλει.-
1253 5309 1423 5392 Ρῌίο.
1458 5311 1549 5392 lat.
1583 5310 1707 5368 Mal.
1729 5313 1792 5367 N.
1824 5317 1886 5370 C.
1920 5333 1995 5383 ιχ,
2035 5336 2088 5387 p.
2121 5319 2244 5383 660,
2287 5321 2409 5389 661,
2442 5323 2631 5392 paucis
2670 5322 2912 5378 mutatis.
2996 5324 3009 5362 ί
3046 5320 3113 5389 Ν.
3141 5320 3390 5389 δύναμις.

1658 5467 1889 5523 NOTAE.

170 5374 270 5431 ιΝ.
306 5374 589 5434 τουτέστι.’
640 5378 666 5417 ¹ί
698 5380 799 5434 ἀνὰ
828 5374 1013 5450 χεῖρας
1049 5378 1209 5433 αὑτοῦ
1244 5381 1277 5449 ὴ
1305 5380 1443 5434 διακ.
1483 5379 1547 5435 Ν.

234 5558 341 5697 με)
373 5560 612 5633 Hur-usq.
641 5563 759 5619 Cat.
792 5565 934 5627 Nic.,
982 5580 1038 5634 p.
1070 5564 1192 5619 659.

258 5631 343 5697 69)
372 5632 463 5685 Hae
487 5635 744 5697 propositi
774 5634 977 5689 oraculi
1016 5649 1192 5688 comm

258 5631 343 5697 69)
372 5632 463 5685 Hae
487 5631 744 5703 propositi
774 5631 1505 5703 oraculi'commentatioues
1532 5633 1585 5687 in
1618 5632 1715 5687 SS.

1825 5564 1973 5617 tione
2001 5576 2317 5620 occurrunt.

1899 5634 2196 5710 (_7t))__Prior
2226 5653 2353 5710 pars
2384 5636 2548 5710 bujus
2575 5638 2893 5708 quaestionis
2915 5638 3153 5710 occurrit
3179 5652 3399 5710 quoque

170 5694 743 5782 magmentum,
775 5706 1094 5782 Augustino,
1122 5699 1721 5782 Ambrosithregoi-io
1826 5694 2243 5782 apudﬁicetau}
2283 5708 2337 5761 in
2390 5694 2605 5763 Ca'tena'
2645 5710 2767 5776 Mai,
2819 5723 2943 5763 nov.
2986 5708 3110 5763 coll.
3135 5694 3400 5782 nixi}.

174 5768 346 5825 botuiL
374 5768 466 5827 '20.
488 5772 539 5826 in
568 5768 757 5830 ﬂattb.
790 5784 838 5831 et
865 5768 1175 5845 'Eutbymio
1209 5774 1395 5831 eadem
1424 5768 1593 5827 ferme
1626 5788 1717 5827 ra-

1825 5774 1946 5842 660,
1971 5775 2093 5832 66L
