3864 6218
426 306 523 368 231
1582 298 1846 360 ΡΗΟΤΙΙ
1881 299 1998 360 PA']

2108 300 2391 361 ‘ARCI‘L’E
2420 301 2527 360 ΟΡ.
3582 302 3690 365 ⁸232

429 430 626 487 agmen
678 424 825 466 nunc
874 408 1237 481 signiﬁcatur,
1272 409 1329 464 in
1374 424 1611 479 superna
1639 411 1836 466 horrea
1867 426 1998 467 con-

2108 430 2196 477 νος
2229 413 2411 483 χορὸς,
2437 414 2515 476 εἰς
2546 411 2646 473 τὰς
2684 410 2796 465 ἄνω
2836 409 3005 479 μονάς
3041 408 3477 482 ἀποθησαυρίζει
3522 408 3566 476 ι,
3602 414 3690 465 ὲν·-

424 516 633 582 gregat,
659 506 711 560 in
754 503 956 574 quibus
978 501 1398 574 prompturariis
1428 518 1527 558 nec
1550 502 1715 568 tinea,
1747 518 1845 558 nec
1876 518 1998 559 esus

2108 499 2193 566 αἷς
2232 504 2542 573 ἀποθήκαις
2566 502 2689 556 οὔτε
2720 502 2818 573 σὴς
2851 500 2978 555 οὔτε
3014 501 3216 574 βρῶσις
3258 500 3539 570 ἀφανίζει,
3562 503 3688 557 οὔτε

424 598 721 663 consumit,
768 609 868 650 nec
918 592 1068 649 fures
1101 594 1399 660 eil‘odiunt,
1444 604 1607 664 atque
1648 594 1998 663 subripiunt:

2108 593 2339 648 κλέπται
2368 592 2737 664 διορύσσουσι,
2771 592 2867 646 καὶ
2893 591 3190 645 κλέπτουσι
3214 608 3230 624 ·
3258 586 3340 655 οἷς
3366 593 3425 646 δὲ
3452 592 3516 645 τὸ
3551 593 3689 661 ἀμε-

422 687 723 747 sceleratos
771 692 953 739 autem
1014 683 1291 748 homines,
1359 683 1564 753 quibus
1606 684 1998 753 suppliciorum

2108 688 2371 758 τάὅλητον
2422 697 2483 752 ω,
2518 687 2693 742 κακοῦ
2744 686 3057 758 προσθήκη,
3113 690 3226 751 τοῖς
3270 686 3693 758 ἡμαρτημένοις

421 779 758 852 perennitas,
813 783 1075 846 tanquam
1120 776 1247 831 mali
1278 776 1516 841 culmen,
1571 776 1851 842 adiicitur,
1894 775 1998 845 igni

2108 781 2520 849 συνεφέλκεται,
2545 780 2679 851 πυρὶ
2700 779 2950 850 ἀσϐέστῳ
2974 780 3073 850 τὴν
3093 778 3367 850 τιμωρίαν
3389 778 3493 832 οὐκ
3511 777 3690 849 ἔχοντι

422 868 851 942 iuexstinguibili
890 877 1155 925 mternum
1181 869 1486 925 cruciatqu
1535 868 1837 923 continenti
1891 878 1998 922 tra-

2108 874 2399 946 λήγουσαν,
2432 872 2658 937 τούτους
2687 871 3134 942 παραπέμψειεν.

422 966 637 1023 diturus
667 972 767 1019 est.

501 1055 897 1111 Vcrosimiliter
929 1063 1111 1110 autem
1147 1072 1165 1105 ι
1192 1052 1549 1108 ventilabrum
1572 1053 1625 1107 in
1649 1067 1814 1109 manu
1846 1052 1995 1124 ejus»

424 1157 759 1218 promptam,
828 1154 881 1199 et
928 1145 1234 1214 expeditam
1300 1142 1503 1199 Christi
1560 1144 1831 1199 actionem
1898 1144 2002 1199 sub

428 1239 715 1308 aenigmate
739 1234 1011 1307 signiﬁcat
1035 1253 1049 1288 :
1082 1249 1259 1302 neque
1284 1234 1432 1289 enim
1455 1250 1551 1305 per
1566 1234 1998 1301 meditationem,

422 1343 601 1399 neque
655 1344 751 1397 per
802 1342 1033 1389 moram,
1083 1341 1258 1396 neque
1303 1340 1398 1396 per
1455 1327 1993 1397 argumentationum

423 1418 734 1488 indaginem
769 1416 1024 1471 meliores
1072 1432 1104 1469 a
1134 1415 1500 1471 deterioribus
1543 1417 1847 1482 discernit;
1904 1418 2000 1473 sed

2174 1047 2415 1112 Εἰκότως
2444 1048 2501 1102 δὲ
2536 1066 2554 1098 ι
2605 1048 2667 1101 τὸ
2697 1049 2756 1101 ὲν
2803 1050 2870 1119 τῇ
2917 1048 3065 1118 χειρὶ
3123 1048 3291 1102 αὐτοῦ
3331 1048 3526 1115 πτύον,
3560 1068 3581 1102 ι
3624 1049 3688 1103 τὺ

2102 1141 2400 1212 πρόχειρον
2429 1138 2827 1211 αίνιγματίζει,
2874 1141 2970 1194 καὶ
2992 1141 3210 1211 ἕτοιμον
3234 1156 3249 1171 ·
3291 1141 3355 1193 οὐ
3389 1140 3498 1211 γάρ
3527 1142 3690 1211 μελέ-

2101 1249 2189 1301 τῃ,
2221 1232 2319 1286 καὶ
2349 1231 2626 1303 λογισμῶν
2661 1230 2860 1303 ἐρεύνῃ
2898 1231 3213 1302 διαχωρίζει
3250 1231 3364 1286 τῶν
3399 1231 3689 1302 βελτιόνων

2100 1327 2226 1388 τοὺς
2259 1322 2511 1396 χείρονας
2532 1339 2545 1352 ’
2572 1323 2710 1377 ἀλλά
2738 1324 2802 1375 ἐκ
2833 1322 2925 1376 τοῦ
2949 1323 3172 1387 εὐθέως,
3207 1323 3304 1377 καὶ
3339 1324 3688 1395 παραχρῆμα

2099 1417 2400 1471 διαστέλλει
2428 1417 2526 1487 τῆς
2573 1416 2889 1489 σωζομένης
2920 1415 3118 1488 μοίρας
3154 1416 3216 1469 τὸ
3242 1416 3684 1487 τιμωρούμενον.

422 1526 453 1565 e
506 1510 758 1580 vestigio,
822 1518 877 1564 et
928 1508 1221 1578 derepente
1275 1508 1665 1564 salvandorum
1710 1521 1921 1580 partem
1968 1526 1998 1566 a

2114 1508 2419 1579 Ἢϐουλήθη
2448 1508 2580 1580 γάρ,
2618 1507 2986 1578 ἠκολούθησεν
3014 1508 3048 1577 ἡ
3090 1506 3389 1577 διάκρισις,
3415 1505 3688 1577 προῆλθεν

421 1603 750 1659 damnandis
791 1603 1075 1674 dispescit.
1152 1602 1373 1659 Scilicet
1418 1602 1614 1671 voluit,
1686 1614 1872 1659 secuta
1917 1613 1998 1659 est

2108 1602 2134 1671 ἡ
2168 1601 2370 1672 κρίσις,
2398 1600 2497 1655 καὶ
2550 1601 2584 1671 ἡ
2623 1600 2865 1671 τιμωρὸς
2918 1597 3270 1671 συμπροῆλθε
3321 1598 3483 1668 δίκη·
3516 1598 3690 1669 ἁθρόα

420 1696 714 1765 separatio,
740 1695 1022 1766 praecessit
1042 1694 1331 1765 judicium,
1369 1702 1424 1749 et
1461 1710 1586 1749 cum
1622 1695 1832 1766 judicio
1880 1696 1998 1752 vin-

2108 1693 2209 1764 γὰρ
2236 1691 2468 1746 ἐνώπιον
2496 1690 2633 1745 Θεοῦ
2664 1693 2867 1747 πάντα.
2886 1691 3041 1744 Ἐπεὶ
3064 1692 3159 1745 καὶ
3188 1692 3223 1761 ἠ
3244 1691 3492 1762 τιμωρὸς
3528 1690 3687 1761 ὲνέρ-

417 1763 521 1842 de;
547 1763 800 1857 justitia;
829 1763 1242 1858 quippeﬁunico
1280 1796 1408 1842 actu
1462 1788 1517 1841 in
1562 1763 1855 1857 conspectu
1902 1786 1996 1840 Dei

2108 1763 2251 1853 γεια,
2273 1785 2369 1839 καὶ
2398 1783 2523 1855 δίκη
2546 1782 2820 1854 πάρεδρός
2849 1784 2991 1846 ἐστι,
3030 1783 3128 1835 καὶ
3156 1782 3426 1853 ὑπηρέτις
3453 1781 3563 1837 τῶν
3591 1781 3686 1833 τοῦ

417 1886 549 1934 sunt
625 1877 902 1933 universa.
987 1877 1443 1948 Quandoquidem
1502 1878 1574 1934 ita
1635 1878 1886 1942 astitrix,
1945 1886 1998 1932 et

2108 1877 2241 1931 Θεοῦ
2263 1877 2579 1950 χριμάτων·
2605 1876 2796 1946 ὥσπερ
2825 1877 2858 1945 ἡ
2888 1874 3138 1945 ἄφθονος,
3164 1874 3259 1928 καὶ
3280 1874 3689 1943 φιλάνθρωπος,

416 1972 673 2026 ministra.
714 1970 1047 2041 iudiciorum
1087 1970 1178 2026 Dei
1231 1979 1314 2027 est
1347 1971 1591 2041 potentia
1619 1970 1905 2041 puniendi,
1940 1979 1997 2025 et

2108 1971 2201 2024 uati.
2223 1971 2492 2041 κρείττων
2532 1969 2771 2039 ἀμοιϐῆς
2819 1968 3196 2033 ἀνταπόδοσις,
3240 1967 3309 2020 δι’
3364 1962 3433 2037 ἦς
3462 1967 3595 2037 ἡμῖν
3619 1966 3689 2018 τὰ

414 2064 660 2135 justitia;
714 2064 1176 2134 quemadmodum
1229 2072 1283 2118 et
1318 2064 1565 2133 profusa,
1631 2072 1687 2117 et
1739 2062 1995 2132 benigna,

2108 2064 2314 2135 ἀμείνω
2347 2062 2766 2133 πρυτανεύεται.
2796 2063 2952 2117 Σίτον
2985 2060 3168 2131 μέντοι
3218 2060 3477 2132 ὀνομάζει
3516 2060 3583 2113 τὰ
3607 2060 3686 2112 ίε-

417 2173 750 2227 omnemque
774 2156 1161 2228 gratitudinem
1174 2155 1445 2211 excedens
1468 2155 1862 2221 remuneratio,
1888 2169 1995 2225 qua

2110 2154 2181 2227 ρὰ
2216 2153 2397 2222 λόγια,
2439 2154 2639 2218 οἵτινες
2671 2152 2770 2224 τὴν
2814 2152 2873 2220 ἐξ
2921 2152 3096 2224 ἀρχῆς
3125 2152 3406 2220 εὐγένειαν
3448 2152 3692 2220 φυλαξά-

418 2250 577 2305 nobis
612 2248 838 2303 meliora
870 2248 1120 2319 largitur.
1175 2246 1533 2302 Frumentum
1568 2247 1811 2318 profecto
1840 2261 1997 2302 sacra

417 2341 636 2411 eloquia
678 2340 801 2394 illos
835 2340 1132 2410 appellant,
1195 2340 1286 2409 qui
1342 2340 1650 2404 nobilitate,
1708 2354 1873 2409 quam
1928 2338 1996 2393 ab

418 2433 577 2487 initio
606 2433 982 2497 obtinuerunt,
1013 2432 1307 2499 custodita,
1340 2433 1632 2503 pristinum
1686 2434 1875 2498 etiam,
1928 2447 1998 2487 ac

418 2520 659 2576 salutare
715 2536 903 2577 semen
953 2537 987 2575 a
1032 2520 1144 2575 Deo
1191 2531 1401 2578 natura:
1440 2521 1820 2588 commissum,
1872 2536 1996 2591 ger-

418 2628 642 2667 manum
695 2628 1003 2685 purumque
1032 2630 1205 2686 usque
1256 2615 1324 2671 ad
1386 2614 1561 2687 ipsam
1610 2612 1823 2669 fructus
1869 2628 1997 2684 pro-

418 2706 729 2761 ductionem
781 2716 1181 2763 conservarunt
1219 2726 1233 2761 :
1270 2706 1455 2763 l‘enum
1502 2718 1707 2771 autem,
1765 2716 1819 2761 et
1858 2704 1999 2777 ignis

416 2812 604 2856 escam
622 2807 941 2868 nuncupant
963 2814 1079 2864 eos,
1105 2800 1160 2853 in
1181 2800 1380 2870 quibus
1399 2808 1633 2855 connata
1658 2797 1995 2853 zizaniorum

420 2888 686 2944 immistio
736 2892 963 2962 spiritus
1002 2890 1288 2947 suﬂ‘ocavit
1325 2890 1621 2958 culturam,
1672 2898 1727 2946 et
1780 2887 1999 2960 frugum

2108 2262 2263 2316 μενοι
2294 2245 2388 2300 καί
2420 2245 2520 2315 τῆς
2548 2243 2735 2298 θεόθεν
2758 2247 2824 2316 τῇ
2860 2243 3020 2314 φύσει
3054 2244 3494 2316 καταϐληθείσης
3525 2245 3690 2313 ἀρκε-

2103 2337 2264 2405 γόνου
2296 2354 2378 2404 τε,
2410 2337 2504 2389 καὶ
2557 2333 2827 2407 σωτηρίου
2865 2338 3075 2407 σπορᾶς
3124 2336 3187 2389 τὸ
3229 2336 3541 2402 ἀνόθευτον,
3593 2336 3691 2390 καὶ

2105 2430 2349 2500 καθαρὸν
2383 2430 2576 2501 μέχρις
2608 2430 2783 2500 αὐτῆς
2804 2430 2903 2499 τῆς
2924 2429 3306 2502 καρποφορίας
3334 2428 3686 2484 διεσώσαντο·

2106 2522 2309 2596 ἄχυρον
2332 2523 2411 2589 δὲ,
2441 2522 2538 2577 καὶ
2568 2524 2739 2594 πυρὸς
2789 2522 3058 2593 δαπάνην,
3082 2518 3162 2586 οἷς
3197 2526 3230 2594 ἡ
3285 2522 3542 2593 ἐπιμιξία
3578 2524 3693 2577 τῶν

2107 2615 2365 2681 ζιζανίων
2394 2619 2748 2686 παραφυείσα
2776 2616 2876 2689 τὴν
2920 2615 3014 2671 τοῦ
3056 2617 3368 2686 πνεύματος
3414 2617 3692 2686 γεωργίαν

2106 2708 2457 2775 ὲναπέπνιξε,
2493 2712 2588 2763 καὶ
2649 2709 3085 2781 ἀτελεσφόρητον
3137 2708 3539 2781 ἀπειργάσατο,
3598 2710 3693 2762 καὶ

2106 2796 2243 2868 πρὸς
2264 2796 2361 2867 τὴν
2389 2797 2497 2851 τῶν
2535 2797 2733 2851 σκυὸἀ)
2745 2814 2819 2851 ων
2852 2797 3156 2868 ἀχρηστίαν
3180 2798 3279 2870 τὴν
3321 2798 3433 2853 τῶν
3461 2798 3693 2868 καρπῶν

2108 2884 2473 2957 ἐλπιζομένην
2502 2886 2810 2959 ἀπέρριψεν
2841 2897 2870 2925 ιι
2896 2887 3227 2959 ὡραιότητα.

414 2980 806 3053 perfectionem
862 2984 1193 3055 intercepit,
1265 2985 1376 3040 imo
1433 2994 1707 3056 speratam
1769 2982 1988 3037 illarum
2067 2978 2538 3049 pulchritudinem
2592 2980 2662 3036 ad
2714 2980 2967 3036 inutilem
3034 2996 3236 3037 acuum
3320 2980 3690 3038 conditionem

420 3076 648 3145 projecit
677 3076 812 3146 (Ἠ).

488 3171 625 3225 lllud
664 3180 848 3226 autem
899 3189 913 3225 :

418 3260 542 3331 igne
567 3278 585 3311 ι
609 3302 625 3326 ,
681 3260 827 3316 haud
875 3261 949 3315 ita
977 3261 1352 3331 accipiendum
1381 3272 1485 3327 est,
1523 3272 1581 3318 ut
1601 3262 1710 3317 duo
1750 3261 2000 3331 quaedam

420 3352 552 3417 sint,
588 3367 710 3422 quae
740 3367 855 3408 sum
895 3352 1256 3409 alternatione
1288 3361 1499 3409 naturae
1558 3356 1778 3410 unicam
1831 3353 2003 3425 bapti-

420 3442 615 3497 smatis
645 3442 924 3510 virtutem,
966 3451 1021 3498 et
1048 3443 1445 3513 perfectionem
1485 3446 1797 3501 conﬁciant.
1828 3444 2001 3515 Cujus

420 3534 567 3588 enim
591 3534 669 3588 rei
685 3535 1072 3591 sanctissimus
1085 3536 1329 3605 Spiritus
1349 3537 1419 3592 ibi
1445 3552 1544 3608 pro
1560 3552 1661 3593 sua
1679 3536 2002 3608 operatione

422 3626 604 3682 adhuc
636 3627 944 3697 indigebit?
1002 3628 1144 3695 Quid
1189 3638 1371 3684 autem
1401 3630 1506 3684 erit
1545 3629 1634 3685 ille
1660 3628 1801 3700 ignis
1836 3629 2002 3686 simul

359 3719 364 3725 '
423 3718 736 3786 adjunctus,
766 3720 861 3789 qui
908 3719 1212 3776 deﬁcientis
1248 3735 1479 3776 vacuum
1541 3720 1879 3791 complebit?
1931 3722 2002 3777 At

420 3809 554 3864 illud
614 3811 669 3864 in
719 3811 836 3881 igne
889 3827 1036 3867 nunc
1075 3826 1183 3868 una
1209 3812 1451 3867 additum
1488 3822 1594 3877 est,
1655 3822 1712 3867 ut
1764 3812 2002 3884 Spiritus

418 3905 553 3970 vim,
608 3914 663 3960 et
712 3904 1004 3961 efﬁcaciam
1039 3908 1340 3964 mundandi
1373 3909 1638 3964 enuntiet.
1688 3909 1824 3965 Cum
1853 3911 1997 3966 enim

420 3998 760 4054 sanctissimi
797 3996 1041 4069 Spiritus
1066 4001 1211 4056 dona
1265 4001 1404 4056 inter
1438 4016 1497 4055 se
1534 3999 1819 4066 differant,
1890 4017 1999 4057 una

422 4099 605 4144 autem
636 4088 949 4146 divinarum
978 4092 1098 4162 ejus
1117 4093 1502 4163 operationum
1534 4091 1626 4157 sit,
1667 4101 1729 4146 ut
1755 4101 1809 4147 et
1836 4108 1999 4148 mun-

418 4182 528 4245 det,
559 4189 632 4247 et,
685 4183 833 4250 quod
868 4197 1097 4252 pravum
1128 4193 1247 4250 est,
1291 4183 1560 4252 destruat,
1618 4186 1996 4257 ipsorumque,

419 4268 476 4320 in
508 4281 648 4338 quos
678 4273 1074 4342 supervenerit,
1118 4284 1286 4330 totam
1339 4278 1566 4330 omnino
1625 4286 1876 4331 naturam
1914 4292 2000 4332 re-

419 4356 641 4429 formet,
696 4362 815 4419 ﬁeri
852 4366 1145 4437 nequit,ut
1175 4367 1457 4438 quidpiam
1502 4369 1747 4423 eamdem
1786 4369 1999 4424 lmdans

416 4452 789 4512 abscondatur
811 4456 991 4513 adhuc
1011 4454 1065 4513 et
1088 4457 1278 4514 lateat.

978 3190 996 3223 ι
1021 3169 1327 3241 Baptizahit
1354 3172 1411 3227 in
1433 3172 1639 3243 Spiritu
1678 3180 1900 3235 sancto,
1949 3179 1998 3225 et

2189 3168 2263 3220 Τὸ
2301 3169 2357 3222 δέ
2394 3187 2457 3237 γε
2496 3188 2515 3220 ι
2580 3168 2669 3222 Ἐν
2722 3170 3001 3237 Πνεύματι
3044 3169 3185 3240 ἁγίῳ
3242 3168 3528 3240 βαπτίσει,
3599 3167 3690 3221 καὶ

2107 3285 2181 3321 πυ
2192 3266 2265 3338 ρὶ,
2304 3287 2325 3318 ι
2357 3264 2456 3334 οὐχ
2488 3262 2564 3326 ὡς
2584 3262 2678 3316 δύο
2701 3262 2865 3316 τινῶν
2889 3263 2988 3332 τὴν
3011 3260 3175 3331 φύσιν
3194 3260 3690 3332 παρηλλαγμένων,

2110 3358 2238 3429 μίαν
2269 3357 2368 3425 τὴν
2409 3351 2505 3407 τοῦ
2555 3351 2931 3422 βαπτίσματος
2980 3350 3191 3425 χρείαν,
3246 3351 3342 3406 καὶ
3377 3351 3693 3421 τελειότητα

2106 3447 2539 3505 ἀποτελούντων.
2561 3444 2719 3507 Τίνος
2746 3446 2855 3516 γάρ
2882 3444 2948 3498 ἂν
2975 3446 3070 3499 καὶ
3097 3445 3266 3516 δεήσῃ
3307 3444 3438 3498 ἔνθα
3456 3444 3520 3498 τὸ
3545 3462 3687 3500 παν-

2107 3543 2264 3613 ἀγιον
2312 3538 2538 3608 Πνεῦμα
2574 3540 2834 3609 ὲνεργεῖ;
2868 3538 2934 3591 Τί
2982 3538 3027 3592 δ’
3068 3538 3136 3593 ἂν
3162 3538 3247 3609 εἴη
3285 3539 3691 3610 συμπαραλαμ-

2107 3633 2424 3704 ϐανόμενον,
2454 3632 2484 3685 ὃ
2511 3633 2610 3703 τὴν
2638 3632 2824 3703 χώραν
2841 3629 3226 3702 ἀναπληρώσει
3258 3628 3354 3684 τοῦ
3387 3630 3689 3695 λείποντος

2120 3725 2283 3779 Ἀλλά
2309 3742 2372 3794 γε
2404 3727 2465 3779 τὸ
2495 3725 2566 3779 ἐν
2591 3725 2733 3793 πυρί
2772 3723 2891 3777 νυνὶ
2925 3724 3407 3794 συμπαρείληπται
3435 3726 3538 3793 τὴν
3593 3742 3689 3779 και

2107 3815 2373 3888 θαρτικὴν
2424 3815 2770 3885 ἀπαγγέλλον
2827 3815 2923 3869 τοῦ
2975 3814 3293 3886 Πνεύματος
3348 3817 3581 3887 δύναμιν
3630 3835 3688 3870 τε

2107 3908 2201 3964 καὶ
2260 3910 2560 3979 ἐνέργειαν.
2613 3908 2766 3963 Ἐπεὶ
2824 3907 2931 3979 γὰρ
2983 3908 3217 3980 διάφορα
3264 3910 3360 3964 τοῦ
3421 3912 3690 3979 παναγίου

2107 3998 2431 4070 Πνεύματος
2455 3999 2527 4053 τὰ
2556 4000 2877 4071 χαρίσματα
2899 4017 2913 4030 ο
2954 3998 3014 4053 ἓν
3041 3998 3099 4053 δὲ
3122 3999 3289 4054 αὑτοῦ
3317 4000 3427 4053 τῶν
3460 4001 3689 4072 θεοπρε-

2106 4089 2225 4142 πῶν
2254 4090 2549 4160 ἐνεργειῶν
2586 4092 2682 4143 καὶ
2708 4089 2769 4143 τὸ
2791 4090 3145 4161 καθαρτικὸν,
3185 4093 3280 4145 καὶ
3305 4092 3404 4163 τῆς
3447 4092 3691 4163 χείρονος

2107 4183 2238 4254 ὕλης
2269 4182 2649 4252 ἀφανιστικδν,
2687 4184 2804 4251 καὶ,
2845 4183 2925 4249 οἷς
2958 4186 3024 4238 ἂν
3076 4187 3510 4254 ὲπιφοιτήσειεν,
3558 4185 3690 4255 ὃλην

2108 4275 2287 4328 διόλου
2319 4277 2418 4347 τὴν
2440 4276 2603 4345 φύσιν
2634 4278 3006 4348 ἀναχωνεύειν
3032 4293 3047 4308 ·
3084 4278 3253 4349 μηδὲν
3277 4279 3389 4332 τῶν
3415 4283 3689 4351 καταρρυ-

2107 4367 2358 4421 πούντων
2385 4368 2557 4439 αὐτὴν
2590 4369 2937 4439 ὲμφωλεύειν
2967 4371 3073 4437 ἔτι,
3124 4373 3217 4424 καὶ
3273 4371 3559 4427 λανθάνειν
3603 4377 3689 4428 δυ-

2108 4474 2290 4511 νατον.

490 4544 696 4611 Quare,
720 4563 848 4603 cum
870 4550 1100 4607 dixisset
1136 4569 1154 4604 ι
1174 4551 1228 4606 in
1247 4553 1454 4623 Spiritu
1481 4560 1729 4615 sancto»,
1766 4551 1998 4622 subjecit

2174 4548 2273 4602 Διά
2336 4549 2496 4603 τοῦτο
2558 4549 2731 4603 εἰπὼν
2761 4568 2779 4602 ι
2814 4550 2873 4604 ὲν
2919 4550 3198 4621 ῐΙνεύματι
3242 4550 3404 4623 ἀγίῳ,
3447 4570 3468 4604 ›
3523 4570 3691 4625 προσ-

425 4657 509 4701 «et
544 4646 669 4715 igne
692 4659 749 4706 ι,
815 4643 895 4697 uti
946 4643 1152 4698 dixeris
1200 4644 1256 4698 in
1298 4644 1507 4713 Spiritu
1547 4653 1757 4711 sancto,
1780 4646 1873 4714 qui
1902 4646 2000 4699 de-

421 4750 648 4808 generes
683 4744 903 4791 nostras
925 4734 1252 4804 cupiditates
1298 4735 1599 4807 depurgat,
1652 4745 1817 4808 atque
1866 4752 2001 4792 con-

422 4827 624 4895 sumit;
647 4842 679 4882 a
712 4827 917 4898 quibus
939 4842 1036 4897 per
1062 4828 1438 4897 operationem
1471 4829 1620 4883 illam
1639 4870 1655 4896 ,
1685 4844 1806 4900 qua:
1841 4830 2000 4900 ignea

421 4930 479 4975 et
501 4918 688 4974 efﬁcax
720 4918 886 4975 simul
913 4927 1094 4985 est,et
1111 4918 1165 4973 vi
1199 4918 1533 4975 reconﬂandi
1562 4921 1811 4990 praedita,
1864 4937 2000 4991 pur-

428 5010 559 5081 gati,
589 5010 935 5066 sanctitatem
975 5008 1193 5079 assequi
1225 5024 1523 5066 meremur.
1565 5028 1582 5061 ι
1610 5009 1823 5066 Etenim
1858 5014 1999 5067 Deus

2104 4642 2271 4713 έθηκε
2310 4662 2329 4695 ι
2360 4643 2454 4696 καὶ
2491 4644 2626 4715 πυρὶ
2649 4682 2665 4707 ,
2704 4662 2723 4695 ι
2760 4643 2849 4697 ἶνα
2896 4643 3057 4715 εἴπῃς
3105 4645 3168 4697 ὲν
3213 4645 3498 4716 Πνεύματι
3549 4646 3692 4715 ἁγίῳ

2103 4735 2182 4805 τῷ
2219 4734 2539 4806 καθαρτικῷ
2588 4752 2649 4789 τε
2681 4736 2780 4790 καὶ
2808 4736 3169 4808 δαπανητικῷ
3190 4737 3302 4791 τῶν
3332 4739 3393 4791 ὲν
3420 4739 3552 4809 ἡμῖν
3593 4740 3690 4809 τῆς

2103 4824 2303 4890 κακίας
2332 4826 2520 4879 παθῶν
2543 4843 2559 4859 ο
2598 4820 2675 4882 ὧν
2702 4826 2790 4881 διὰ
2816 4828 2915 4898 τῆς
2945 4827 3218 4900 ἐμπύρου,
3262 4830 3358 4883 καὶ
3395 4829 3695 4899 δραπικῆς

2104 4918 2246 4988 ἅμα,
2277 4919 2373 4972 καὶ
2409 4922 2857 4992 ἀναχωνευτικῆς
2877 4921 3163 4992 ἐνεργείας
3204 4921 3690 4994 ἀποκαθαιρούμε-

2104 5027 2189 5064 νοι
2204 5012 2302 5082 τῆς
2331 5013 2619 5085 ἁγιότητος
2645 5013 2966 5086 ἀξιούμεθα.
2992 5035 3011 5068 ι
3042 5015 3153 5071 Καὶ
3183 5016 3293 5088 γὰρ
3326 5017 3358 5071 ό
3384 5015 3516 5080 Θεὸς
3534 5016 3691 5087 ἡμῶν

1764 5165 2001 5223 νΑῐιιλε
2042 5167 2449 5227 LECTIONES.

533 5304 549 5346 ι
577 5303 644 5359 Ν.
669 5303 767 5368 τάς
791 5304 1034 5368 αἰωνίας.
1146 5315 1183 5334 “
1218 5302 1283 5358 Ν.
1319 5303 1752 5373 ἀμεταμέλητον.

1865 5315 1893 5343 ιι
1915 5307 1982 5361 ἀν
2012 5304 2132 5363 Nic.
2168 5305 2462 5380 [lucusque
2496 5309 2613 5363 Lat.

1954 5483 2184 5541 ΝΟΤΛΕ.

491 5671 607 5745 (7|)
657 5672 789 5740 Quae
817 5672 1044 5730 Photius
1085 5674 1352 5731 hactenus
1408 5674 1738 5745 disputavit,
1790 5677 1991 5731 nemini

423 5741 674 5799 videntur
699 5759 859 5813 nova,
894 5746 941 5800 si
972 5745 1270 5817 scriptores
1300 5745 1434 5813 adit,
1463 5741 1558 5817 qui
1591 5748 1645 5802 in
1680 5743 1876 5802 Matth.
1906 5763 1987 5814 ni,

2105 5679 2194 5747 12,
2228 5689 2672 5737 commentantur
2719 5702 2732 5737 :
2777 5682 2955 5738 iusius
2990 5692 3192 5748 tamen,
3254 5689 3335 5739 uti
3360 5681 3522 5748 solet.
3558 5682 3689 5739 Cor-

2102 5754 2282 5808 nelius
2310 5768 2346 5809 a
2371 5752 2574 5825 Lapide
2605 5755 2709 5811 ista
2748 5753 3118 5825 persequitur.
