3864 6218
383 276 492 340 235

1547 281 1810 344 PHOTII
1846 280 2354 342 PATRIARCHE
2388 283 2497 344 (ΣΡ.

3556 282 3667 350 236

380 387 604 442 tentiam
631 389 951 460 suscipere?
1000 391 1049 446 Is
1077 391 1361 458 nimirum,
1406 394 1498 464 qui
1534 397 1750 452 modica
1781 397 1964 467 aliqua

2090 394 2176 466 'dtp
2208 395 2236 446 ὁ
2269 395 2370 466 μὲν
2409 395 2488 466 τῷ
2535 395 2742 468 μετρίῳ
2794 395 2892 466 τῆς
2950 395 3222 467 τιμωρίας
3265 394 3344 466 μὴ
3392 413 3671 467 σωφρονι-

382 480 740 551 castigatione
790 499 900 538 non
970 485 1224 556 resipuit,
1280 502 1431 557 spem
1487 489 1830 560 relinquitse
1853 489 1968 546 for-

384 583 532 627 tasse
560 574 757 628 acriori
798 577 903 632 alia
935 593 1096 647 posse
1131 578 1199 633 ad
1244 580 1683 637 emendationem
1717 584 1966 652 perduci.

383 667 453 717 At
480 668 573 736 qui
607 684 672 722 ne
706 686 802 739 per
827 671 967 726 banc
994 673 1211 742 quidem
1241 675 1555 745 corrigitur,
1579 691 1754 745 neque
1781 692 1970 745 sapere

386 761 585 813 melius
613 776 732 815 esse
765 763 935 824 ducit,
991 780 1152 833 quam
1176 767 1454 832 insanire;
1512 768 1599 821 hic
1632 767 1826 823 mentis
1857 783 1970 823 suae

385 851 586 905 vulnus
648 849 850 906 fatetur
897 868 1020 908 esse
1064 855 1392 911 insanabile.
1477 855 1580 922 Qui
1629 867 1811 912 autem
1863 875 1970 913 non

388 942 616 994 inndoin
641 943 917 998 meliorem
944 943 1154 1009 frugem
1181 962 1300 1002 sese
1318 964 1425 1002 non
1455 950 1666 1018 recipit,
1691 951 1784 1006 sed
1805 951 1969 1006 etiam

389 1033 454 1085 ad
472 1034 798 1090 deteriorem
823 1038 1008 1106 potius
1023 1039 1259 1104 devenit,
1318 1043 1432 1109 ipse
1460 1043 1668 1111 reliqua
1695 1043 1966 1114 supplicia

391 1143 498 1180 non
532 1129 756 1182 nimiam
770 1145 890 1184 esse
920 1132 1276 1200 puuitionem,
1298 1135 1390 1190 sed
1418 1137 1881 1205 complementum
1905 1138 1972 1192 ad

387 1218 591 1287 justam
611 1237 945 1288 mensuram,
966 1224 1011 1278 si
1029 1240 1134 1279 non
1153 1225 1353 1296 lingua,
1373 1228 1564 1282 saltem
1589 1245 1773 1299 opere,
1793 1231 1976 1286 decer-

391 1327 525 1367 nere
569 1313 799 1368 videtur.
836 1335 853 1366 ι
877 1313 1143 1382 Peccasti,
1177 1317 1252 1370 ait
1298 1317 1582 1384 Dominus,
1606 1322 1828 1390 quiesce
1852 1322 1918 1374 ⁵³.
1951 1340 1970 1373 ι

462 1446 627 1515 Atqui
680 1447 888 1502 Hebraei
927 1457 1040 1502 tum
1067 1449 1173 1503 alia
1220 1461 1442 1518 peccata
1496 1461 1801 1521 patrantes,
1861 1463 1976 1508 tum

393 1553 499 1608 pro
543 1540 860 1596 hominibus
903 1543 1128 1597 meritas
1160 1557 1352 1612 poenas
1404 1545 1686 1602 luentibus
1737 1547 1974 1602 nimium

392 1633 659 1698 dolentes,
697 1651 806 1690 non
855 1636 1032 1690 solum
1089 1652 1198 1692 non
1251 1639 1509 1694 tacebant
1569 1639 1787 1711 (neque
1831 1641 1976 1696 enim

2075 487 2243 552 σθεὶς,
2279 479 2421 558 τάχοί
2457 487 2524 541 ἂν
2560 488 2639 559 τῷ
2671 487 2879 559 μείζονι
2920 487 3055 559 πρὸς
3084 487 3183 558 τὴν
3209 489 3503 560 διόρθωσιν
3539 494 3673 544 πολ-

2073 581 2174 644 λὰς
2206 580 2433 642 ἐλπίδας
2456 581 2732 652 παράσχοι
2767 581 3252 651 συνελαθήσεσθαι.
3293 581 3355 634 '0
3383 582 3442 635 δὲ
3476 583 3552 654 μὴ
3575 584 3672 638 διὰ

2072 670 2267 725 τούτου
2300 673 2711 743 παιδευόμενος,
2752 673 2892 743 μηδὲ
2925 674 2984 727 τὸ
3020 677 3322 744 σωφρονεῖν
3366 675 3666 746 αἱρετώτε.

2077 780 2170 834 ρον
2209 762 2302 816 τοῦ
2361 766 2733 835 παραφρονεῖν
2779 763 3088 835 τιθέμενος,
3137 767 3360 821 ἀνίατον
3412 767 3673 837 ὁμολογεῖ

2075 855 2138 908 τὸ
2159 855 2562 926 πλημμέλημα.
2601 855 2659 908 '0
2692 856 2748 909 δὲ
2781 858 2857 927 μὴ
2895 857 3055 927 μόνον
3101 859 3236 930 προς
3261 859 3323 912 τὸ
3361 859 3573 927 βέλτιον
3600 859 3670 912 αὑ

2083 945 2527 1016 μετατιθέμενος,
2567 946 2704 1000 ἀλλὰ
2733 948 2828 1000 καὶ
2866 948 2961 1001 τοῦ
2990 948 3232 1019 χείρονος
3287 948 3494 1019 μᾶλλον
3523 949 3672 1017 γινό-

2082 1052 2267 1104 μενος,
2300 1035 2360 1088 τὸ
2388 1035 2574 1090 λεῖπον
2611 1036 2712 1107 τῆς
2744 1037 3018 1108 τιμωρίας
3040 1039 3137 1108 οὑχ
3167 1038 3482 1110 ὑπερϐολῆς
3506 1038 3673 1093 κόλα-

2082 1145 2185 1192 σιν,
2214 1128 2351 1182 ἀλλὰ
2373 1130 2453 1193 εἰς
2482 1130 2580 1200 τὴν
2606 1128 2702 1183 τοῦ
2750 1131 2964 1184 δικαίου
2999 1131 3162 1202 φύσιν
3213 1131 3671 1202 προστιθέμενον.

2081 1219 2185 1275 κᾶν
2229 1222 2304 1293 μὴ
2336 1224 2400 1292 τῇ
2433 1221 2676 1293 γλώσσῃ,
2706 1225 2777 1294 τῇ
2809 1223 3012 1294 πράξει
3039 1223 3097 1278 δὲ
3124 1223 3222 1294 τὴν
3239 1223 3423 1294 ψῆφον
3453 1223 3674 1294 ἐλέγχε-

2080 1330 2170 1366 ται
2198 1312 2402 1384 φέρων.
2443 1332 2461 1364 ι
2504 1313 2811 1386 Ἦμαρτες,
2846 1315 3030 1384 φησὶν,
3059 1313 3356 1385 ἠσύχασον.
3391 1333 3412 1366 ι

2154 1446 2219 1499 Oi
2247 1445 2304 1499 δὲ
2332 1446 2741 1518 ἁμαρτάνοντες
2771 1448 2842 1502 τά
2873 1465 2931 1502 τε
2962 1447 3122 1515 ἄλλα,
3178 1448 3276 1503 καὶ
3320 1442 3405 1512 οἷς
3435 1447 3546 1502 τῶν
3594 1448 3677 1502 δι-

2082 1536 2256 1600 καίως
2283 1537 2380 1606 τὴν
2422 1537 2580 1608 δίκην
2619 1539 2930 1594 δεδωκότων
2982 1541 3353 1612 ὑπερήλγουν,
3407 1541 3469 1596 οὑ
3513 1542 3678 1612 μόνον

2082 1630 2186 1683 οὑκ
2215 1629 2415 1698 ἐσίγων
2443 1629 2586 1701 (οὑδὲ
2618 1631 2728 1702 γὰρ
2756 1631 2844 1685 εῐα
2873 1632 2985 1702 (7'5)
3021 1631 3131 1687 τῶν
3174 1633 3599 1704 ἁμαρτημάτων
3641 1634 3677 1702 ἡ

393 1726 733 1781 facinoribus
759 1743 856 1796 par
883 1738 1002 1782 erat
1021 1728 1474 1798 animadversio),
1528 1731 1621 1786 sed
1648 1741 1699 1786 et
1730 1733 1980 1804 insurge:

2090 1723 2392 1793 5μοιότης)’
2427 1721 2565 1776 ἀλλὰ
2616 1725 2710 1777 καὶ
2741 1726 2878 1796 πρὸς
2909 1725 3227 1793 γογγυσμὸν
3256 1722 3352 1776 τοῦ
3389 1723 3648 1791 παιδαγω

391 1813 526 1867 bant
565 1815 632 1870 ad
667 1819 1124 1874 murmurandum
1167 1817 1236 1872 de
1264 1835 1365 1875 suo
1399 1821 1559 1886 duce,
1607 1831 1662 1877 et
1699 1839 1794 1893 per
1833 1825 1980 1881 hunc

391 1903 446 1957 in
482 1919 826 1957 communem
853 1905 1168 1972 Dominum,
1207 1909 1582 1982 bonorumque
1635 1912 1977 1986 Largitorem

391 1996 789 2065 irrumpebant,
843 1999 1075 2054 crimine
1104 2001 1310 2069 majore
1355 2005 1536 2060 minus
1566 2005 1713 2060 aliud
1743 2009 1979 2063 abscon-

391 2085 522 2140 dere
561 2088 972 2143 contendentes.
1007 2089 1304 2160 Propterea
1337 2093 1517 2149 simile
1547 2096 1670 2150 aliis
1702 2097 1982 2166 prioribus

390 2179 736 2246 excepissent
761 2181 1059 2245 excidium,
1093 2191 1146 2238 et
1181 2186 1246 2238 ad
1275 2201 1442 2239 unum
1481 2187 1774 2255 periissent
1797 2230 1812 2256 ,
1873 2190 1979 2245 nisi

391 2270 558 2327 Mosis
605 2273 938 2343 placationes
963 2287 1016 2330 et
1041 2293 1231 2346 preces
1245 2279 1608 2337 calamitatem
1623 2285 1890 2340 stitissent
1907 2285 1976 2338 δι.

462 2407 616 2475 Quod
650 2411 694 2464 si
752 2412 1005 2480 populus,
1040 2414 1133 2483 qui
1174 2413 1346 2486 legem
1397 2429 1701 2488 acceperat,
1754 2420 1975 2479 virtutis

391 2515 457 2554 ac
487 2501 767 2571 religionis
815 2503 1180 2572 legis-latorem
1209 2511 1556 2566 cantionibus
1591 2514 1972 2584 priestigiosis,

393 2587 677 2660 Deumque
719 2590 1064 2649 ﬂectentibus
1111 2597 1494 2664 suspicabatur
1530 2601 1868 2670 incumbere,
1897 2613 1982 2659 at-

393 2697 501 2752 que
539 2698 634 2752 per
673 2699 767 2738 eas
796 2701 824 2738 a
855 2689 1066 2742 vexatis
1103 2689 1426 2746 hominibus
1460 2707 1655 2762 poenas
1691 2695 1830 2767 exigi
1859 2736 1874 2760 ,
1927 2707 1982 2752 et

396 2775 499 2829 hoc
531 2777 878 2844 potissimum
929 2789 1088 2847 pacto
1145 2780 1314 2837 Deum
1360 2793 1413 2838 et
1460 2783 1778 2843 Creatorem
1833 2789 1978 2846 facta

395 2863 680 2919 hominum
713 2867 937 2934 intueri,
971 2879 1025 2923 et
1055 2887 1310 2928 coercere
1337 2885 1604 2945 peccata;
1660 2877 1826 2936 habet
1858 2883 1981 2951 qui-

393 2960 518 3010 dem
536 2959 842 3028 expeditam
864 2965 1140 3032 prnp0sita
1161 2967 1394 3034 quaestio
1409 2967 1761 3026 solutionem.
1799 2972 1978 3029 Aliam

2081 1814 2305 1880 γοῦντος
2332 1815 2740 1881 ἁντανίσταντο,
2786 1817 2884 1869 καὶ
2904 1816 2984 1870 δι’
3013 1817 3179 1870 αὑτὸν
3217 1814 3297 1887 τῷ
3335 1816 3503 1886 κοινῷ
3571 1818 3678 1869 Δε-

2083 1907 2279 1980 σπότῃ.
2298 1908 2393 1962 καὶ
2424 1907 2691 1981 εὐεργέτῃ
2711 1911 2917 1982 προσερ
2924 1909 3210 1980 ῥήγνυντο,
3221 1909 3376 1978 κακῷ
3394 1909 3602 1980 μείζονι
3619 1909 3682 1962 τὺ

2081 2000 2303 2055 ἔλαττον
2345 2000 2778 2071 φιλονεικοῦντες
2827 2001 3283 2074 ἀποκρύψασθαι.
3326 2003 3419 2056 Διὸ
3462 2003 3680 2057 καὶτὸν

2079 2095 2301 2167 ὄλεθρον
2335 2093 2724 2165 παραπλήσιον
2744 2094 2851 2147 τῶν
2874 2095 3298 2165 προδεδωκότων
3331 2096 3675 2166 ἀνεδέχοντο,

2082 2191 2176 2242 καὶ
2206 2189 2474 2257 παγγενεὶ
2502 2187 2754 2242 διώλοντο
2783 2187 2848 2241 ἂν
2871 2202 2884 2217 ·
2915 2187 2964 2240 εἰ
2997 2187 3073 2258 μὴ
3097 2186 3189 2240 τοῦ
3229 2187 3475 2251 Μωσέως
3505 2191 3534 2242 ό
3591 2186 3682 2251 ἐε-

2083 2281 2334 2352 ιλασμδς,
2355 2282 2451 2336 καὶ
2478 2282 2512 2351 ἡ
2545 2280 2730 2352 δέησις
2757 2280 2857 2352 τῆν
2887 2278 3116 2353 θραῦσιν
3141 2279 3393 2350 ἔστησεν.

2154 2418 2216 2470 Εἰ
2273 2417 2329 2470 δὲ
2387 2419 2672 2488 γοητικαῖς
2732 2417 3128 2488 μαγγανείαις,
3199 2418 3296 2472 καὶ
3369 2416 3681 2487 θειοδάμοις

2081 2510 2172 2564 τὸν
2239 2509 2338 2579 τῆς
2404 2510 2650 2580 ἀρετῆς,
2710 2511 2806 2563 καὶ
2883 2510 3214 2579 θεογνωσίας
3275 2509 3580 2580 νομοθέτην
3651 2510 3682 2560 δ

2082 2601 2541 2673 νομοθετούμενος
2595 2601 2918 2656 ἀνακεῖσθαι
2964 2601 3339 2672 ὑπελάμϐανε,
3408 2603 3506 2654 καὶ
3545 2601 3681 2653 ταύ-

2080 2711 2202 2757 ταις
2232 2693 2658 2766 εἰσπράττεσθαι
2686 2694 2784 2757 τὰς
2816 2695 3090 2766 τιμωρίας
3134 2696 3261 2757 τοὺς
3288 2693 3682 2764 παραλυποῦν-

2080 2803 2180 2850 τας
2219 2780 2332 2856 εῐχε
2364 2787 2644 2857 φρόνημα,
2691 2785 2866 2850 οὕτως
2903 2787 3016 2858 (74)
3049 2787 3141 2839 ἐπὶ
3165 2787 3385 2840 πάντων
3432 2785 3491 2838 δὲ
3524 2785 3676 2852 θεὸν,

2082 2878 2176 2934 καὶ
2199 2879 2546 2950 Δημιουργὸν
2602 2880 2808 2951 ὲφορᾷν
2857 2879 2924 2932 τὰ
2971 2879 3251 2950 δρώμενα,
3313 2877 3412 2931 καὶ
3463 2877 3683 2946 ἐπέχειν

2081 2971 2191 3024 τῶν
2222 2971 2685 3044 παραπτωμάτων
2715 2970 3121 3042 ἑκκαλούμενον
3147 2985 3161 3001 ο
3213 2971 3247 3040 ὴ
3285 2969 3384 3040 μὲν
3424 2967 3681 3038 έξαρχῆς

396 3063 524 3103 vero
546 3049 686 3104 baud
720 3051 944 3109 levioris
969 3057 1231 3111 momenti
1263 3058 1598 3128 impietatem
1624 3062 1742 3132 ipsa
1774 3065 1979 3121 solutio

2090 3062 2290 3134 ἀπορία
2317 3062 2456 3116 κατὰ
2484 3063 2544 3116 τὸ
2570 3061 2750 3134 ῥᾴδιον
2777 3062 2878 3133 τὴν
2901 3062 3053 3115 λύσιν
3084 3062 3198 3133 ἔχει
3223 3079 3238 3092 ο
3296 3062 3398 3115 οὑκ
3423 3059 3684 3153 ἐλάττονα

395 3139 676 3208 patefacit,
709 3154 762 3198 et
792 3146 982 3212 turbm,
1053 3149 1099 3203 si
1151 3147 1291 3203 forte
1346 3153 1546 3206 talibus
1579 3157 1987 3225 suspicionibus

397 3233 638 3302 deceptae
669 3249 1014 3304 erraverunt,
1078 3257 1188 3296 non
1225 3260 1335 3298 una
1370 3262 1567 3313 morte,
1596 3252 1690 3306 sed
1731 3255 1986 3322 pluribus

400 3322 577 3394 dignae
629 3335 758 3381 sunt
802 3331 995 3398 :quod
1053 3333 1354 3400 praesertim
1424 3336 1594 3410 Magis
1643 3341 1698 3396 in
1754 3343 1990 3418 Egypto

403 3429 509 3468 non
539 3418 730 3482 semel,
753 3419 845 3472 sed
876 3421 1061 3492 decies
1087 3423 1356 3491 confusis,
1375 3443 1678 3500 eorumque
1705 3434 1991 3495 fraudibus

402 3521 499 3576 per
524 3506 693 3564 Mosis
741 3511 986 3582 prodigia
1037 3530 1205 3584 quam
1255 3519 1672 3580 evidentissime
1733 3527 1988 3598 detectis,

401 3601 470 3655 de
511 3600 594 3656 bis
617 3603 778 3656 etiam
813 3606 1004 3662 oculos
1041 3608 1172 3678 ipsa:
1194 3626 1322 3666 suos
1347 3613 1620 3672 immunes
1652 3619 1990 3692 deceptionis

403 3703 571 3747 testes
605 3691 893 3752 haberent.
939 3696 1308 3769 Praeterquam
1339 3706 1487 3774 quod
1523 3723 1618 3776 per
1659 3691 1990 3768 incantatio-

404 3807 527 3855 nes,
583 3801 637 3848 et
689 3791 961 3863 praestigia
1004 3794 1260 3862 quisnam
1299 3812 1449 3852 mare
1480 3798 1770 3867 divideret,
1807 3815 1861 3859 et
1888 3821 1988 3875 po-

402 3884 535 3951 pqu
591 3885 811 3954 quidem
866 3901 969 3941 suo
1030 3886 1174 3940 viam
1235 3903 1338 3942 nec
1382 3892 1614 3963 vestigia
1648 3895 1990 3954 liumiditatis

403 3977 730 4032 retinentem
772 3987 1063 4044 sterneret,
1105 3981 1354 4038 hostibus
1404 3994 1586 4040 autem
1641 3999 1990 4062 extemporaa

402 4086 570 4126 neum
597 4071 907 4140 sepulcrum
939 4071 1217 4141 aperiret?
1242 4072 1414 4131 Porro
1443 4081 1722 4147 quomodo
1751 4093 1936 4152 posset
1960 4100 1990 4141 e

402 4163 545 4216 coelo
592 4177 912 4232 comparare
945 4164 1154 4231 cibum,
1211 4175 1266 4221 et
1301 4184 1545 4224 mensam
1600 4187 1897 4242 apponere,
1935 4187 1990 4232 et

405 4264 599 4310 caetera
635 4267 870 4326 patrare,
917 4275 1036 4328 quae
1066 4259 1246 4314 Moses
1276 4262 1456 4316 divina
1481 4263 1654 4318 fretus
1683 4268 1884 4323 virtute
1921 4272 1987 4324 ad

403 4347 624 4402 Israelis
644 4351 871 4404 salutem
890 4353 1123 4420 placato,
1147 4365 1487 4426 exoratoque
1506 4355 1738 4415 Numine
1761 4363 1989 4430 agebat?

501 4613 567 4664 At
599 4611 672 4664 illi
705 4611 922 4680 quidem
982 4627 1092 4666 non
1134 4614 1405 4670 immerita
1440 4632 1553 4671 sum
1586 4620 1987 4673 murmuratioo

407 4702 494 4756 nis
517 4718 676 4771 poena
730 4705 939 4757 multati
969 4714 1116 4760 sunt.
1156 4709 1310 4777 Apud
1374 4709 1613 4778 majores
1666 4720 1844 4764 autem
1890 4726 1994 4764 no-

407 4803 551 4850 stros
597 4797 662 4850 de
699 4796 803 4858 bis,
856 4815 977 4867 qua:
1035 4802 1178 4855 dicta
1211 4811 1360 4864 sunt,
1417 4802 1542 4871 quia
1600 4806 1826 4871 quzestio
1885 4819 1993 4858 non

406 4890 634 4953 exstitit,
670 4890 788 4944 ideo
818 4906 916 4943 nec
947 4891 1145 4945 solutio
1182 4893 1489 4963 excogitata
1531 4893 1649 4948 fuit.
1686 4895 1860 4948 Tuum
1894 4911 1994 4950 au-

407 4989 518 5035 tem
573 4990 654 5036 est
727 4983 1050 5050 expendere,
1112 4995 1294 5040 utrum
1351 4985 1464 5040 lucc
1518 4987 1634 5056 ipsa
1661 4989 1914 5044 enodatio
1965 5005 1994 5043 a

405 5089 537 5128 vera
561 5075 948 5142 speculatione,
982 5091 1050 5130 an
1092 5092 1123 5130 a
1172 5078 1504 5148 loquacitate
1535 5080 1813 5136 silentium
1862 5097 1991 5136 eru-

408 5165 664 5222 bescente
693 5168 922 5222 oriatur.

2089 3155 2146 3208 δὲ
2177 3157 2209 3227 ή
2241 3154 2396 3219 λύσις
2428 3153 2596 3223 ἄλλην
2621 3153 2854 3208 ἀτοπίαν
2881 3156 3188 3221 ἀποτίκτει,
3231 3154 3326 3208 καὶ
3353 3153 3416 3207 τὸ
3443 3151 3679 3222 πλῆθος,

2091 3248 2140 3300 εἰ
2171 3249 2290 3310 ταῖς
2311 3246 2490 3313 δόξαις
2516 3245 2742 3309 ταύταις
2769 3245 3011 3300 ἑάλωκεν
3063 3246 3153 3314 ἂν,
3176 3247 3277 3316 οὐχ
3319 3245 3491 3309 ἃπιξ,
3539 3243 3679 3297 ἀλλὰ

2091 3338 2187 3391 καὶ
2217 3335 2481 3399 πολλάκις
2515 3337 2923 3390 ἀπολωλεκέναι
2981 3337 3182 3392 δίκαιοί
3211 3339 3354 3392 εἰσιν
3374 3353 3390 3368 ·
3443 3335 3684 3406 μάλιστά

2090 3446 2154 3498 γε
2170 3428 2278 3482 τῶν
2301 3430 2360 3483 ὲν
2373 3428 2640 3500 Αἰγύπτῳ
2662 3430 2876 3500 γοήτων
2899 3431 3377 3501 καταισχυνθέτων
3394 3431 3494 3500 οὑχ
3512 3429 3682 3494 ἅπαξ,

2091 3521 2229 3575 ἀλλὰ
2256 3522 2352 3574 καὶ⁵
2375 3520 2623 3589 δεκάκις,
2659 3523 2756 3576 καὶ
2805 3523 2908 3594 τῆς
2943 3525 3289 3596 κακουργίας
3341 3523 3531 3578 αὐτῶν
3585 3522 3682 3576 τοῦ

2090 3614 2336 3678 Μωσέως
2365 3613 2917 3686 θαυματουργοῦντος
2949 3618 3032 3681 εἰς
3059 3617 3120 3671 τὸ
3145 3617 3534 3688 λαμπρότατον
3598 3615 3686 3680 ἐξ·

2094 3709 2490 3780 εληλεγμένης,
2543 3709 2838 3765 καὶταῦτα
2895 3709 3022 3774 τοὺς
3078 3711 3318 3774 οἰκείους
3363 3709 3688 3780 ὀφθαλμοὺς

2095 3801 2379 3872 μάρτυρας
2451 3800 2688 3871 ἔχοντες,
2749 3801 3128 3874 παραγραφὴν
3195 3803 3259 3856 οὑ
3344 3801 3687 3873 δυναμένους

2091 3893 2256 3963 ἔχειν.
2305 3893 2428 3947 Ἔτι
2459 3893 2514 3946 δὲ
2548 3895 2826 3966 τερατείᾳ,
2857 3896 2954 3950 καὶ
3006 3896 3318 3966 μαγγανεία
3353 3896 3439 3959 τίς
3468 3897 3534 3949 ἂν
3560 3894 3684 3948 δια-

2090 3988 2250 4058 τέμοι
2282 3987 2581 4053 θάλασσαν,
2638 3988 2868 4052 καὶτοῖς
2905 3989 3004 4058 μὲν
3067 3989 3335 4058 ὑπηκόοις
3390 3987 3510 4041 ὁδὸν
3546 3987 3685 4059 μηδὲ

2090 4081 2295 4144 νοτίδος
2324 4081 2448 4152 ίχνη
2488 4083 2766 4150 φέρουσαν
2797 4082 3222 4145 κατασκευάσοι,
3246 4084 3361 4145 τοῖς
3382 4079 3599 4152 ἐχθροῖς
3630 4083 3686 4135 δὲ

2089 4175 2259 4242 τάφον
2290 4174 2638 4243 αὐτοσχέδιον
2658 4173 2998 4240 ἀποδείξειεν
3025 4191 3040 4240 ;
3081 4171 3173 4238 Ἐξ
3199 4173 3434 4244 ούρανοῦ
3471 4173 3528 4227 δὲ
3560 4176 3683 4238 πῶς

2091 4264 2156 4317 ἂν
2191 4266 2397 4335 τροφὴν
2431 4268 2867 4336 παρασκευάσοι,
2910 4267 3005 4319 καὶ
3038 4265 3325 4336 τράπεζαν
3371 4267 3679 4336 έτοιμάσοι,

2090 4358 2184 4410 καὶ
2202 4359 2268 4411 τὰ
2284 4357 2439 4426 ἄλλα,
2463 4361 2566 4413 ὃσα
2591 4359 2866 4430 θεουργῶν
2890 4362 2916 4412 ὁ
2937 4360 3146 4428 Μωσῆς
3169 4360 3250 4422 είς
3282 4367 3554 4429 σωτηρίαν
3585 4359 3681 4412 τοῦ

2018 4442 2064 4496 D
2107 4449 2322 4520 Ἰσραὴλ
2352 4451 2412 4502 τὸ
2438 4452 2591 4505 Θεῖον
2614 4450 3095 4521 ὲξευμενιζόμενός
3125 4467 3206 4515 τε,
3239 4452 3336 4504 καὶ
3367 4451 3684 4521 ίλεούμενος

2097 4539 2173 4591 διε
2183 4542 2475 4611 πράττετος

2181 4631 2342 4684 Ἀλλὰ
2374 4633 2570 4685 ἐκεῖνοι
2600 4633 2698 4702 μὲν
2735 4633 2834 4702 τῆς
2865 4633 3292 4696 ἐπαναστάσεως
3334 4634 3398 4686 οὑ
3425 4635 3684 4704 μεμπτὴν

2095 4720 2196 4792 τὴν
2249 4722 2406 4792 δίκην
2466 4724 2945 4796 εἰσεπράχθησανο
2980 4725 3088 4778 τῶν
3145 4725 3202 4777 δὲ
3230 4725 3337 4794 πρὸ
3381 4725 3560 4794 ἡμῶν,
3599 4728 3683 4778 ὅτι

2100 4814 2235 4884 μηδὲ
2265 4815 2593 4886 διηπόρηται
2624 4817 2775 4869 οὐδὲν
2808 4817 2918 4870 τῶν
2968 4816 3300 4888 εἰρημένων,
3335 4817 3445 4870 οὐδ’
3477 4817 3557 4880 είς
3583 4816 3686 4870 λύ-

2098 4925 2182 4960 σιν
2217 4909 2579 4976 ὲπινενὸηται.
2609 4909 2708 4962 Σὺν
2730 4909 2773 4962 δ’
2806 4909 2922 4962 ἐστὶ
2946 4911 3197 4981 συνορᾷν,
3222 4909 3334 4962 εἴτε
3366 4926 3685 4979 πραγματι-

2096 5001 2199 5071 κῆς
2229 5003 2374 5053 ἐστιν
2407 5003 2439 5071 ἡ
2469 5001 2622 5064 λύσις
2653 5001 2888 5073 θεωρίας
2933 5001 3114 5073 ἔργον,
3151 5003 3262 5056 εἴτε
3291 5002 3488 5066 λαλιᾶς
3524 5004 3685 5076 σιγᾷν

2099 5092 2518 5162 αἰσχυνομένης.

447 5347 495 5380 ⁵⁸
531 5345 667 5403 Gen.
703 5361 779 5410 ix,
811 5345 868 5410 7,
897 5361 963 5401 ex
999 5361 1140 5402 vers.
1169 5344 1334 5412 LXX,
1367 5361 1492 5402 nam
1523 5347 1677 5404 deest
1701 5349 1753 5405 in
1789 5347 2037 5421 Vulgata.
2107 5353 2150 5384 δ”
2183 5353 2344 5408 Num.
2386 5368 2500 5406 ut.
2538 5351 2607 5404 22
2631 5357 2684 5405 et
2710 5352 2800 5407 46.

1935 5547 2165 5607 NOTAE.

479 5662 594 5733 (73)
624 5659 750 5716 Sive
782 5661 889 5730 εἴη,
930 5661 1045 5716 sive
1073 5654 1161 5734 οἷα
1193 5671 1510 5734 reponatur,
1555 5671 1744 5719 nostra
1804 5664 1975 5718 inter-

409 5735 642 5806 pretatio
663 5744 814 5788 recto
842 5734 1005 5788 stabit
1041 5733 1168 5789 talo.

2159 5669 2271 5741 (74)
2303 5669 2493 5736 Οὕτως
2522 5687 2623 5744 pro
2649 5672 2823 5728 οὑτων
2850 5672 3011 5730 obvia
3046 5673 3358 5732 emendatio
3382 5681 3494 5733 est.
