3864 6218
149 301 249 364 237

690 413 1029 468 ΕΡΩΤΗΣΙΣ
1068 415 1187 467 ΛΔ’.

161 508 251 563 'Er
279 505 360 571 τῷ
382 505 763 576 Ε’ὐαγγελικῷ
776 504 940 572 ῥητῷ
985 507 1120 559 τίνα
1157 503 1253 558 δεῖ
1281 503 1448 576 νοεῖν
1490 501 1717 576 παιδία,

214 577 251 632 ἄ
275 577 401 642 τοῖς
431 574 735 641 Ἰουδαίοις
750 577 1058 642 ηὔλησαν,
1087 576 1184 628 καὶ
1209 577 1320 628 οὐκ
1342 574 1715 642 ἁφχήσαντο,

216 648 584 714 ἐθρήνησαν,
615 647 712 701 καὶ
755 648 866 700 οὐκ
903 647 1244 714 ἐκόψαντο;
1283 645 1393 697 Τόν
1434 645 1546 712 γὰρ
1576 646 1725 714 Πρό..

215 713 474 786 δρίομον,
535 717 632 771 καὶ
686 716 794 770 τὸν
860 713 1069 786 κοινὸν
1136 715 1450 786 Δεσπότην
1483 713 1726 786 ’παιδία

214 783 396 849 νοεῖν,
424 787 507 856 μὴ
535 788 615 852 τῷ
636 787 836 850 ἀτόπῳ
859 785 1291 840 συνδιαλύεται
1311 785 1408 856 καὶ
1436 783 1554 836 τῶν
1578 783 1726 856 ’.ιορ-

213 858 395 911 δαίων
424 853 503 910 'zo'
520 857 831 926 ἐγκλημα;
853 856 1119 923 Παιδίοις
1143 858 1251 926 γὰρ
1273 853 1358 925 μὴ
1384 853 1730 922 πειθαρχεῖν

212 931 320 997 οὐχ
345 929 705 983 ὑπεύθυνον.

1065 300 1169 362 AD
1201 298 1796 362 AMPHILOCHIUM
1820 296 2169 372 QUAESTIO
2205 300 2470 365 XXXIV.
3310 306 3414 367 238

2077 411 2405 479 QUJESTIO
2450 412 2671 470 XXXIV
2725 415 2821 488 [aL
2864 417 3128 492 XXXIII].

1834 501 1899 556 lu
1960 501 2059 584 illo
2126 502 2408 584 Euangelii
2471 505 2584 584 loco
2646 510 2858 576 quinam
2907 509 3233 584 intelligendi
3293 517 3415 562 sunt

1904 573 2082 640 pueri,
2114 575 2204 643 qui
2231 573 2436 628 Judazis
2471 573 2789 644 cecinerunt,
2819 589 2867 632 et
2900 580 2979 632 illi
3004 573 3103 633 ηοῆ
3127 579 3412 637 sallaruut.

1903 644 2346 718 l_amentuverunt,
2380 655 2428 698 et
2461 647 2680 718 illium:
2709 650 3127 717 planxerunt"?
3169 649 3414 718 Profecto

1902 714 2317 786 Prwcursorem.
2348 731 2410 767 ac
2452 715 2518 768 D.
2554 715 2625 769 N.
2663 714 2946 786 puerorum
2982 720 3188 774 nomine
3217 714 3416 772 intelli-

1905 800 2046 858 gere,
2089 785 2569 858 nonnelocutioyis
2599 785 2927 858 absurditate
2970 790 3177 858 culpam
3215 802 3415 858 quoque

1904 854 2214 908 Judazorum
2242 855 2440 929 diluit?
2474 855 2657 929 Pueris
2683 859 2822 912 enim
2847 875 2949 912 non
2987 854 3202 929 obsequi
3223 854 3416 927 uequa-

1905 941 2061 994 quam
2089 925 2393 992 reprehendi
2423 926 2588 982 debet.

884 1045 1026 1096 Edita
1049 1046 1110 1095 ab
1132 1051 1242 1096 Ant.
1268 1045 1458 1105 Scotto,
1481 1045 1517 1092 l.
1545 1055 1610 1103 c.,
1643 1057 1692 1106 p.
1717 1042 1796 1091 66.
1833 1042 1891 1093 In
1919 1041 2092 1091 Matth.
2125 1057 2190 1102 tu,
2213 1041 2303 1102 17;
2329 1043 2564 1106 Luc.'vn,
2587 1047 2662 1095 52.

220 1137 378 1191 Ἀλλο
416 1136 516 1207 μὲν
539 1135 605 1191 ἀν
637 1151 720 1198 τις
749 1135 856 1190 τῶν
887 1136 1235 1208 παραϐολῶν,
1270 1137 1364 1190 καὶ
1403 1134 1721 1207 δμοιὼσεων

147 1228 240 1298 τῆς
270 1226 532 1296 ἰδιότητος
562 1226 652 1279 τὸν
678 1225 852 1279 τύπον
900 1227 1226 1296 φυλάττειν,
1261 1228 1322 1280 οὺ
1356 1211 1574 1286 πάντως
1607 1227 1724 1297 ἐρεῖ

150 1318 545 1390 παραδέχεσθαι
575 1317 696 1371 καθ’
731 1319 962 1373 ἕκαστον
992 1321 1228 1391 πρᾶγμα
1245 1321 1336 1374 τὸν
1353 1320 1721 1391 ὲπιμερισμὸν

147 1411 249 1465 τῶν
280 1411 583 1482 ὀνομάτων.
623 1411 759 1465 Οὐδὲ
787 1411 1073 1482 βιάζεσθαι
1094 1415 1159 1467 τὰ
1184 1413 1454 1485 πρόσωπα
1476 1414 1582 1467 τῶν
1611 1431 1720 1466 πα-

154 1502 578 1573 ραϐαλλομένων,
606 1505 702 1556 καὶ
729 1497 808 1566 οἷς
842 1503 1276 1574 παραϐάλλεται,
1307 1505 1448 1558 κατὰ
1477 1503 1540 1557 τὸ
1570 1505 1718 1558 ἀπα-

153 1593 414 1663 ραληπτον
440 1594 571 1664 περὶ
615 1595 755 1648 πόδα
785 1597 980 1660 ποιεῖν,
1007 1595 1103 1648 καὶ
1127 1595 1186 1648 τὸ
1245 1595 1348 1665 τῆς
1401 1594 1719 1666 ὁμοιότητος

148 1684 424 1748 διασώζειν
459 1685 885 1755 ἀπαράλλακτον
909 1704 924 1718 ·
946 1685 1072 1739 οὔτε
1105 1687 1212 1758 μὴν
1238 1688 1336 1757 τὴν
1367 1686 1535 1758 ἀλλην
1563 1688 1717 1753 τάξιν

1901 1129 2174 1186 Nimirum
2227 1131 2486 1188 fatebitur
2532 1136 2828 1206 quispiam,
2882 1137 3026 1206 quod
3059 1136 3241 1206 aliqua
3286 1151 3414 1206 pars

1829 1223 2233 1294 parabolarum,
2282 1233 2337 1280 et
2381 1226 2802 1283 similitudinum
2829 1237 3013 1300 typum
3055 1228 3289 1298 propriae
3313 1244 3413 1299 ap-

1828 1317 2142 1388 plicationis
2174 1327 2520 1384 servet,-non
2578 1320 2723 1390 quod
2769 1320 2872 1374 illae
2905 1325 2959 1374 in
2995 1321 3250 1376 omnibus
3296 1335 3415 1375 om-

1829 1409 1959 1461 nino
1991 1407 2151 1462 rcbus
2185 1408 2407 1463 nomina
2451 1409 2766 1464 nominibus
2801 1409 3184 1478 respondentia
3236 1408 3414 1465 conti-

1822 1507 2028 1565 neant;
2078 1513 2178 1554 nec
2219 1500 2363 1569 quod
2391 1515 2656 1570 personae,
2713 1515 2836 1570 quae
2881 1509 3289 1570 comparantur,
3358 1508 3414 1554 ct

1821 1606 1929 1655 eae,
1964 1605 2089 1646 cum
2149 1590 2350 1660 quibus
2388 1602 2796 1662 comparantur,
2847 1592 2984 1648 adeo
3027 1591 3413 1662 detorquendae

1825 1683 1958 1749 sint,
2020 1691 2100 1746 ut,
2159 1682 2215 1736 in
2255 1698 2366 1752 quo
2404 1697 2514 1736 non
2568 1683 2874 1738 instituitur
2911 1683 3268 1752 comparatio,
3343 1682 3422 1736 ad

149 1777 250 1829 τῶν
282 1777 567 1848 ῥημάτων,
597 1779 693 1831 καὶ
740 1777 850 1832 τῶν
901 1755 1247 1850 πραγμάτιον
1294 1755 1566 1848 ἑκατέρας
1605 1780 1722 1834 διαο

1842 1791 2063 1847 mguem
2142 1784 2473 1847 congruant,
2533 1784 2589 1829 et
2651 1775 3061 1831 similitudinem
3130 1789 3416 1845 nunquam

149 1867 288 1933 νοίας
311 1869 495 1936 ζητεῖν
525 1869 842 1940 ἀδιάφορον.
869 1869 1056 1942 Μηδὲν
1092 1870 1148 1924 δὲ
1192 1871 1331 1942 μήτε
1361 1869 1431 1924 τά
1466 1871 1601 1943 πρὸς
1622 1873 1722 1942 τὴν

149 1961 455 2033 παραϐολὴν
487 1962 842 2033 εἰκαζόμενα,
890 1965 1027 2034 μήτε
1071 1964 1170 2034 τῆς
1197 1963 1514 2034 παραϐολῆς
1549 1964 1724 2034 μηδα-

153 2050 261 2122 μῶς
287 2050 404 2105 ὅλον
453 2051 620 2122 μέρος
670 2055 995 2123 παραχωρεῖ
1041 2053 1582 2125 προσλαμϐάνεσθαι,
1627 2057 1724 2108 καὶ⁵

173 2144 255 2213 75)
285 2145 464 2198 συνδεῖ
481 2144 618 2215 πρὸς
634 2146 840 2217 ἄλληλα
857 2146 1052 2212 ταῦτα,
1079 2147 1174 2200 καὶ
1203 2147 1340 2218 πρὸς
1367 2147 1722 2217 λεπτολογίαν

150 2236 364 2292 ἕκαστον
390 2238 611 2310 ἑκάστῳ
638 2239 1073 2294 ἀνταποδίδοται.

227 2495 283 2548 '0
315 2496 412 2565 μὲν
437 2495 552 2567 γὰρ
583 2497 681 2567 τῆς
713 2496 956 2569 ἱστορίας
977 2497 1154 2568 λόγος,
1187 2499 1286 2554 καὶ
1315 2500 1411 2554 τοῦ
1449 2501 1723 2574 διηγήμα-

151 2603 254 2652 τος,
287 2588 494 2660 καίπερ
541 2589 601 2640 ὃν
635 2590 667 2661 ὴ
713 2589 981 2662 έκφρασις
1023 2592 1381 2662 ἀναφέρεται,
1432 2589 1588 2660 οὗτος
1627 2599 1722 2651 καὶ

152 2680 250 2734 τῶν
279 2682 545 2752 ῥημάτων
581 2681 680 2753 τὴν
716 2682 866 2736 θέσιν
909 2682 1047 2754 πρὸς
1101 2685 1333 2740 ἕκαστον
1389 2687 1559 2758 ὄνομα
1614 2689 1724 2743 τῶν

153 2770 520 2841 ὑποκειμένων
589 2773 1021 2844 ἐναρμόττεσθαι
1091 2774 1582 2847 πολυπραγμονεῖο
1630 2781 1724 2833 καὶ

153 2863 291 2916 οὐδὲν
325 2864 450 2918 οὔτε
499 2865 1004 2936 συνεπινοούμενον,
1055 2866 1181 2921 οὔτε
1235 2869 1722 2940 παρεντιθέμενον,

151 2955 334 3025 ἄριστα
381 2954 590 3024 λέγειν,
637 2956 889 3026 ἀνέχεται
945 2939 1369 3015 ὑποϐάλλεσθαι.
1411 2959 1469 3014 Ὀ
1511 2939 1568 3014 δὲ
1624 2964 1724 3029 τῆς

154 3048 491 3119 παραϐολῆς,
531 3051 626 3103 καὶ
662 3048 974 3119 ὁμοιώσεως
1001 3052 1098 3105 οὐκ
1140 3051 1316 3105 ἐθέλει
1351 3052 1625 3107 δουλεύειν
1663 3055 1723 3121 ἐξ

153 3141 383 3210 ἀνάγκης
405 3144 528 3206 τοῖς
561 3142 744 3206 αὐτοῖς
788 3141 1013 3213 θεσμοῖς
1038 3183 1052 3208 ,
1095 3144 1205 3198 οὐδ’
1237 3145 1561 3200 ὑπόκεισθαι
1612 3149 1724 3210 τοῖς

153 3231 592 3302 παραγγέλμασι.
653 3233 805 3293 Διατί
832 3248 848 3297 ;
877 3233 1021 3287 Διότι
1057 3235 1089 3302 ή
1128 3234 1226 3304 μὲν
1273 3235 1502 3306 ἱστορία,
1534 3235 1631 3290 καὶ
1659 3236 1729 3290 τὰ

155 3322 529 3394 παραπλήσια,
569 3325 665 3376 καὶ
700 3323 760 3375 τὸ
782 3323 1048 3394 διήγημα,
1081 3325 1190 3377 τῶν
1222 3327 1602 3397 ἀγνοουμένων
1633 3329 1729 3380 ὲκ·

152 3415 378 3470 διδάσκει
401 3417 509 3486 τὴν
545 3415 800 3486 μάθησιν,
833 3415 930 3468 καὶ
971 3416 1070 3486 τὴν
1112 3416 1286 3486 ἀρχὴν
1329 3417 1428 3486 τῆς
1472 3413 1730 3484 γνώσεως

153 3511 255 3572 τοῖς
286 3511 592 3580 ἀκροαταῖς
619 3508 996 3579 παρεχόμενα,
1035 3507 1179 3561 κατά
1233 3507 1292 3561 τὸ
1335 3507 1730 3579 ἀκριϐέστατον

153 3601 461 3654 ἀπαιτείται
491 3601 588 3663 τὰς
617 3599 800 3669 φωνὰς
840 3599 950 3652 τῶν
982 3600 1326 3670 πραγμάτων
1361 3600 1726 3669 περιάπτειν⁹

155 3715 241 3752 και
259 3698 405 3750 οὐδὲν
433 3695 565 3750 οὔτε
591 3695 744 3766 ῥῆμα
777 3695 853 3766 μὴ
889 3694 1009 3748 λίαν
1037 3693 1284 3765 συνᾷδον,
1321 3692 1445 3746 οὔτε
1497 3694 1730 3764 πρᾶγμα

157 3791 255 3844 τῶν
281 3790 692 3860 ἁσυναρτήτων,
723 3785 847 3840 οὔτε
870 3785 1188 3856 βιαζόμενον
1214 3785 1312 3854 τὴν
1334 3784 1520 3856 νόησιν
1552 3803 1730 3856 παρα-

156 3879 398 3950 δέχεται·
447 3879 737 3949 ἀναίρεσις
809 3877 920 3948 γάρ
973 3877 1149 3930 ταῦτα
1216 3880 1316 3948 τῆς
1369 3876 1730 3946 προτεθείσης

159 3970 478 4037 ὑποθέσεως,
512 3970 609 4023 καὶ
637 3969 1013 4034 διδασκαλίας,
1041 3968 1155 4021 ἀλλ’
1173 3969 1234 4021 οὐ
1267 3967 1584 4038 κατασκευὴ
1612 3968 1729 4022 δια-

159 4062 423 4130 γνώσεως.
472 4064 540 4117 ’Π
565 4063 620 4116 δὲ
647 4062 950 4134 παραϐολὴ,
979 4062 1074 4114 καὶ
1103 4061 1361 4132 ὁμοίωσις
1388 4058 1604 4130 πρῶτον
1629 4060 1730 4130 μὲν

159 4155 328 4225 δῆλον,
357 4157 430 4220 ὡς
456 4157 522 4208 ὲκ
552 4154 1021 4226 προεγνωσμένων
1054 4152 1400 4224 πραγμάτων
1438 4151 1731 4223 παραλαμ-

162 4245 391 4311 ϐάνεται,
417 4247 515 4298 καὶ
547 4244 886 4316 παραϐαλεῖν
921 4243 1272 4314 ἁμωσγέπως
1306 4241 1377 4295 τά
1410 4242 1730 4310 ἐγνωσμένα

161 4341 262 4402 τοῖς
291 4339 802 4409 παρασκευάζουσιν
825 4337 965 4391 αὑτὰ
992 4339 1340 4408 προαιρεῖται
1368 4335 1726 4406 πιθανότερα·

1823 1868 2193 1938 perturbatam
2227 1866 2536 1922 custodiant
2581 1883 2594 1920 :
2629 1881 2728 1921 nec
2770 1865 2915 1936 quod
2967 1865 3172 1934 reliqua
3215 1865 3410 1919 verbo-

1823 1976 1944 2015 rum
1989 1970 2042 2014 et
2095 1974 2278 2014 rerum
2307 1973 2436 2029 pars
2467 1958 2520 2012 in
2553 1957 2811 2012 alterutra
2850 1956 3069 2011 notione
3118 1955 3288 2026 quaeri
3323 1955 3416 2011 (ιε--

1823 2045 1950 2100 beat
1970 2045 2298 2103 conformis.
2359 2043 2534 2101 Porro
2579 2045 2714 2100 nihil
2744 2059 2984 2114 unquam
3017 2045 3229 2114 copiam
3275 2061 3412 2114 prae-

1824 2138 1916 2193 bet
1947 2137 2250 2208 applicandi
2312 2147 2407 2192 aut
2438 2152 2524 2192 res
2560 2151 2678 2207 quae
2723 2152 2846 2192 cum
2900 2135 3156 2205 parabola
3221 2135 3410 2191 confe-

1823 2239 2044 2294 runtur,
2106 2239 2200 2285 aut
2246 2245 2463 2284 omnem
2494 2245 2720 2299 prorsus
2753 2229 3026 2298 parabolae
3076 2235 3326 2298 partem;
3357 2236 3413 2282 et

1825 2323 1960 2377 nihil
1994 2323 2098 2378 ista
2136 2323 2370 2378 invicem
2404 2321 2679 2387 conciliat,
2706 2331 2760 2377 et
2783 2321 2938 2392 jubet
2959 2336 3131 2391 usque
3153 2321 3220 2376 ad
3252 2319 3412 2375 mini-

1825 2431 1975 2470 mum
2010 2415 2243 2469 alterum
2271 2414 2425 2470 alteri
2458 2416 2809 2485 respondere.

1898 2506 2149 2561 Historia:
2168 2507 2338 2572 enim,
2369 2515 2422 2561 et
2450 2507 2782 2561 narrationis
2819 2520 3025 2571 sermo,
3066 2506 3113 2560 is
3169 2518 3408 2575 quoque,

1825 2599 1918 2669 qui
1952 2597 2074 2652 viva
2128 2612 2260 2653 voce
2300 2598 2609 2660 coniicitur,
2654 2608 2900 2669 satagere
2938 2598 3120 2663 debet,
3156 2605 3217 2650 ut
3245 2595 3410 2650 verba

1825 2701 2192 2763 apponantur,
2247 2707 2369 2760 quae
2395 2706 2520 2746 cum
2559 2691 2791 2762 singulis
2831 2690 3202 2759 subiectorum
3237 2690 3386 2744 nom;

1824 2785 1987 2840 nibus
2012 2783 2319 2839 cohaereant
2343 2800 2357 2849 ;
2392 2797 2515 2847 nec,
2543 2797 2654 2852 quo
2693 2782 2934 2836 numeris
2958 2781 3212 2835 omnibus
3233 2780 3412 2835 absol«

1825 2886 1982 2932 vatur
2005 2876 2204 2940 oratio,
2235 2875 2459 2945 patitur,
2485 2873 2852 2944 utiquidpiam
2881 2875 2962 2927 vel
2985 2873 3413 2928 simulanimad-

1825 2981 2067 3031 versum,
2118 2967 2201 3021 vel
2227 2965 2774 3020 obiterintersertnm
2808 2964 3088 3031 subrepat.
3133 2962 3416 3018 Parabohe

1751 3102 1794 3161 ϐ
1828 3069 2033 3126 autem,
2105 3075 2170 3116 ac
2222 3057 2596 3115 similitudinis
2660 3058 2894 3112 elocutio
2959 3056 3154 3112 iisdem
3204 3056 3430 3126 legibus

1831 3154 2145 3210 necessario
2168 3151 2454 3216 inservire,
2491 3152 2888 3222 praeceptisque
2921 3148 3116 3218 subjici
3157 3162 3266 3202 non
3320 3163 3414 3217 pa-

1831 3245 1987 3300 titur.
2029 3243 2172 3311 Quid
2233 3243 2346 3296 ita?
2379 3241 2518 3308 Quia
2566 3241 2794 3296 historia
2832 3239 3074 3309 quidem,
3120 3245 3175 3292 et
3219 3249 3414 3292 caetera

1832 3331 2170 3402 hujusmodi,
2197 3331 2422 3401 ipsaque
2449 3327 2726 3384 enarratio
2761 3326 3009 3381 notitiam
3051 3341 3231 3380 rerum
3262 3325 3418 3396 igne--

1831 3435 2032 3489 tarum,
2101 3423 2518 3493 impertiuntur,
2569 3431 2618 3478 et
2703 3421 3028 3493 cognitionis
3088 3419 3415 3490 principium

1832 3517 2181 3573 audientibus
2233 3517 2500 3580 tradunt;
2560 3514 2764 3570 ideirco
2814 3513 3094 3583 postulant
3123 3527 3285 3581 quam
3323 3527 3415 3566 ac-

1832 3609 2181 3664 curatissime
2227 3623 2390 3662 voces
2412 3622 2536 3662 cum
2572 3606 2736 3661 rebus
2771 3605 3020 3660 connecti
3049 3620 3064 3669 ;
3098 3602 3418 3672 nullumque

1835 3710 1931 3757 aut
1956 3702 2178 3756 verbum
2213 3700 2396 3755 minus
2422 3714 2749 3759 consonum.
2774 3706 2871 3752 aut
2898 3696 3103 3752 factum
3131 3710 3414 3766 perperam

1832 3793 2182 3864 dispositum,
2223 3791 2304 3846 vel
2341 3791 2615 3845 intellectu
2660 3788 2875 3844 dilIicile
2928 3787 3224 3842 admittunt
3257 3804 3270 3840 :
3303 3787 3419 3839 lucc

1831 3882 1977 3937 enim
2004 3881 2190 3944 ﬁnem,
2218 3879 2694 3947 eruditionemque
2728 3877 2833 3932 sibi
2885 3876 3220 3946 propositam
3265 3889 3420 3929 ever-

1833 3978 2029 4032 terent,
2057 3985 2238 4023 rerum
2271 3977 2450 4023 autem
2487 3967 2741 4021 notitiam
2798 3980 2904 4019 non
2938 3965 3252 4032 praeberent.
3315 3961 3419 4017 Pa—

1832 4061 2018 4116 rabola
2067 4070 2270 4124 autem,
2303 4067 2357 4112 et
2403 4057 2706 4113 similitudo
2747 4057 2986 4126 primum
3018 4054 3238 4123 quidem
3298 4067 3419 4119 per-

1837 4155 2082 4225 spicuum
2111 4161 2214 4217 est,
2244 4150 2387 4221 quod
2418 4165 2448 4204 e
2488 4149 2651 4204 rebus
2676 4148 2786 4217 jam
2812 4147 3106 4215 compertis
3134 4159 3422 4200 assuman-

1836 4254 1946 4311 tur,
1977 4252 2031 4298 et
2069 4241 2234 4311 quod,
2263 4239 2355 4310 qui
2386 4239 2534 4308 ipsas
2573 4237 2834 4298 condunt,
2870 4249 2954 4288 res
2993 4246 3213 4302 quoquo
3259 4230 3420 4284 modo

1837 4341 2169 4406 perspectas,
2227 4338 2414 4400 utpote
2465 4324 2804 4397 pet-suasioni
2843 4321 3266 4392 opportuniores
3301 4335 3420 4373 ma-

164 4431 251 4484 καὶ
276 4432 475 4494 σκοπὸς
505 4431 605 4484 οὐκ
635 4430 781 4483 ἔστιν
815 4429 973 4494 ἄλλος
1001 4429 1416 4501 προηγούμενος
1448 4433 1560 4494 τοῖς
1585 4447 1726 4500 χρω-

1842 4431 1933 4483 lint
1990 4428 2235 4496 eligere:
2293 4431 2348 4476 ct
2390 4420 2560 4491 quod,
2616 4417 2708 4488 qui
2752 4415 2843 4470 tali
2908 4413 3164 4484 loquendi
3223 4427 3420 4482 genere

167 4527 337 4594 μένοις
379 4528 448 4596 τῇ
487 4523 696 4595 μεθόδῳ
743 4524 936 4596 ταύτῃ,
975 4523 1008 4593 ἦ
1047 4522 1224 4576 πειθὼ
1267 4527 1570 4594 παρασχεῖν
1611 4526 1734 4586 ταῖς

163 4616 370 4688 ψυχαῖς,
406 4619 502 4671 καὶ
536 4616 672 4688 πρὸς
710 4615 1108 4681 συγκατάθεσιν
1148 4615 1303 4682 ἄγειν
1336 4617 1426 4668 τὸν
1454 4616 1733 4684 ἀκροατὴν

165 4708 232 4772 ὡς
264 4709 536 4780 σωτηρίας
566 4709 828 4781 πρόξενον
859 4707 1200 4772 ἀσπάζεσθαι
1237 4707 1335 4778 τὴν
1368 4708 1690 4779 παραίνεσιν
1716 4723 1731 4738 ο

167 4799 279 4867 ἢτό
311 4820 371 4868 γε
412 4803 832 4871 προτεινόμενον
867 4800 1051 4863 ἁπλῶς
1083 4800 1157 4862 ὡς
1190 4798 1485 4870 συμφέρον,
1518 4800 1549 4870 ἢ
1584 4799 1735 4852 δυνα·

167 4892 250 4945 τὸν
280 4895 662 4966 ἀποδέχεσθαι.
700 4895 868 4948 Ἐπάν
892 4895 947 4946 δὲ
975 4895 1054 4957 εἰς
1072 4893 1229 4946 τοῦτο
1253 4893 1362 4946 τῶν
1385 4893 1730 4962 παραϐολῶν,

171 4985 256 5037 καὶ
290 4989 602 5058 ὁμοιώσεων
626 4990 660 5058 ἡ
687 4987 846 5058 χρεία
875 4985 954 5056 τῷ
990 4985 1135 5057 λόγῳ
1172 4986 1605 5055 κατεσκευάσθη,
1637 4986 1736 5055 τὴν

173 5073 536 5147 λεπτολογίαν,
595 5080 689 5132 καὶ
731 5079 822 5133 τὸν
873 5079 997 5132 καθ’
1031 5079 1260 5130 ἕκαστον
1305 5077 1573 5147 ἑκατέρας
1621 5077 1737 5128 δια-

175 5168 314 5232 νοίας
343 5170 729 5241 έπιμερισμὸν,
762 5170 857 5222 καὶ
877 5171 975 5233 τὰς
1004 5169 1144 5222 κατά
1185 5167 1380 5221 λεπτὸν
1418 5166 1735 5234 συναφείας,

176 5262 267 5313 καὶ
293 5263 674 5326 ἀνταποδόσεις
713 5262 746 5334 ἢ
775 5262 1006 5333 δευτέρᾳ
1046 5261 1308 5334 φροντίδι,
1342 5259 1374 5329 ἢ
1412 5259 1641 5328 οὐδεμιᾷ
1672 5274 1737 5324 γε

179 5355 617 5422 παραπέμπεται.

251 5557 294 5589 ⁸³
325 5556 511 5614 Matth.
544 5576 620 5625 ιι,
654 5560 740 5613 l7.

1843 4528 2090 4583 utuntur,
2143 4515 2351 4569 nullum
2420 4513 2586 4566 alium
2644 4522 2870 4576 scopum
2917 4506 3020 4560 sibi
3059 4504 3415 4569 constituant,

1843 4621 2002 4676 qttam
2045 4603 2249 4672 aliquid
2286 4600 2485 4655 animis
2518 4597 2844 4668 persuadere
2896 4605 3059 4663 atque
3111 4593 3416 4646 auditorem

1843 4701 1896 4754 in
1931 4710 2215 4752 assensum
2257 4693 2537 4753 inducere,
2590 4700 2650 4743 ut
2709 4687 3002 4742 salutarem
3060 4684 3420 4753 amplectatur

1843 4789 2293 4848 cohortationem,
2333 4794 2425 4838 aut
2471 4783 2543 4848 id,
2595 4781 2738 4852 quod
2771 4779 3110 4850 propositum
3156 4785 3260 4840 est,
3287 4779 3420 4830 sim—

1843 4882 2340 4951 plicitertanquam
2392 4875 2544 4938 utile,
2604 4871 2688 4926 vel
2736 4870 2993 4940 possibile
3050 4869 3417 4938 aggrediatur.

1843 4974 2111 5040 Quoniam
2142 4984 2270 5023 vero
2310 4967 2687 5037 parabolarum
2714 4978 2776 5018 ac
2807 4961 3226 5017 similitudinum
3286 4975 3421 5014 usus

1845 5068 1983 5120 hanc
2021 5063 2092 5117 ob
2126 5075 2345 5115 causam
2398 5059 2450 5112 in
2488 5070 2792 5112 sermonem
2834 5054 3072 5108 invecuts
3128 5061 3231 5116 est,
3263 5067 3420 5121 argu-

1850 5159 1990 5212 tulas
2043 5149 2563 5213 animadversiones,
2612 5157 2666 5202 et
2717 5146 3052 5217 singularum
3102 5143 3421 5199 alterutrius

1848 5246 2085 5302 notionis
2115 5243 2346 5312 partium
2375 5239 2836 5301 distributionem,
2864 5252 3074 5292 necnon
3105 5243 3159 5291 et
3186 5235 3422 5288 minutas

1851 5335 2242 5408 applicationes
2284 5341 2614 5402 mutuasque
2663 5329 2975 5396 relationes,
3023 5336 3118 5382 aut
3157 5325 3426 5382 secunda.

1851 5438 1946 5484 aut
1983 5428 2128 5483 nulla
2154 5441 2286 5482 cura
2309 5430 2685 5495 persequetur.

1681 5642 1908 5699 ΝΟΤᾸΖ.

258 5745 365 5814 (75)
400 5745 470 5800 Ad
501 5750 814 5818 perbrcvcm
844 5748 1094 5802 lacunam
1157 5744 1478 5812 explendam
1544 5739 1726 5793 τύνδεσ

1869 5737 1974 5792 huc
2009 5733 2194 5804 injcci.
