3830 6210
374 239 483 305 239
1538 231 1802 296 ΡΗΟΤΙΙ
1839 234 2007 298 PATi

2092 235 2350 304 \RCH/E
2379 236 2494 302 CP.
3536 231 3638 294 210

443 349 621 420 Atque
657 346 708 404 id
747 363 854 405 non
911 346 964 403 in
999 345 1206 404 nostris
1245 348 1624 404 tantummodo
1649 349 1822 405 sacris
1851 347 1960 403 Lit-
1992 364 2007 409 Α

2139 349 2250 402 Καὶ
2272 346 2430 402 τοῦτο
2453 347 2514 401 οὐ
2543 347 2706 420 μόνον
2733 346 2880 403 κατά
2906 345 3032 412 τοὺς
3056 345 3238 418 ἱεροὺς
3256 345 3414 418 ἡμῶν
3435 345 3636 416 Λόγους

375 443 530 506 teris,
559 441 654 497 sed
695 441 749 496 in
775 440 1003 511 reliquis
1064 440 1251 506 etiam,
1306 440 1507 510 quibus
1537 440 1806 508 divinum,
1860 455 1965 510 pu-

2092 439 2330 504 ιολλάκες
2358 441 2555 512 ὁρᾶται
2583 439 2978 511 πραττόμενον,
3010 438 3150 494 ἀλλά
3175 439 3273 493 καὶ
3302 438 3454 502 ὅσοις
3478 439 3635 505 αὐτὸς

379 550 616 604 rumque
642 533 922 605 religionis
970 543 1187 604 septum
1246 533 1614 599 concluditur,
1689 534 1967 592 invenitur

2092 531 2280 596 ιθεῐος,
2323 532 2416 586 καὶ
2447 531 2685 603 καθαρὸς
2712 532 2811 604 τῆς
2849 530 3134 595 εὐσεϐείας
3184 530 3471 600 περίϐολος
3517 548 3638 586 συν-

383 627 676 681 identidem
733 626 1040 680 factitatum
1088 645 1101 680 :
1142 627 1344 696 quippe
1379 625 1500 680 talis
1536 627 1788 696 loquendi
1823 628 1965 680 ratio

2092 625 2304 695 τηρῆται
2328 639 2344 656 ·
2371 623 2549 678 καίτοι
2615 622 2746 693 περὶ
2790 621 2987 676 πολλοῦ
3025 621 3135 676 τῶν
3163 622 3342 692 λόγων
3380 614 3529 676 οὗτοι
3551 621 3642 692 τὴν

383 717 612 771 nzultuni
653 718 934 785 sapientia:
967 732 1150 772 secum
1193 716 1314 771 fert.
1350 718 1518 788 Igitur
1561 718 1708 771 nulla
1741 717 1824 771 lex
1875 731 1970 772 co-

382 809 478 874 μὴ,
504 818 561 862 ut
601 808 837 864 deliniiis
895 823 1186 878 pnerOrnm
1219 809 1486 878 personis,
1557 824 1742 863 earum
1800 809 1966 864 etiam

384 902 713 970 peculiarem
736 902 800 955 ad
827 902 966 956 alios
989 903 1237 956 homines
1253 902 1565 955 relationem
1583 902 1924 971 inquiramus
1951 918 1966 956 :

388 991 672 1044 sufficiunt
699 994 845 1045 enim
899 1009 961 1046 ea
994 1008 1235 1062 quoque,
1266 1009 1388 1062 quae
1439 992 1844 1047 indetinitarum
1871 1008 1968 1049 0r-

387 1081 567 1137 dinent
618 1083 924 1153 designant,
965 1085 1030 1137 ad
1061 1084 1334 1153 parabolae
1382 1083 1544 1138 finem
1586 1083 1964 1140 obtinendum.

482 1173 693 1242 Scopas
727 1174 908 1243 itaque
958 1172 1253 1228 Dominicze
1280 1174 1567 1244 parabolae,
1592 1189 1656 1232 ac
1712 1174 1972 1230 similitu-

389 1264 535 1321 dinis
575 1267 866 1320 admodum
922 1269 1243 1335 perspicuus
1284 1277 1366 1322 est
1411 1279 1576 1337 atque
1607 1267 1968 1332 manifestus,

389 1356 532 1425 quod
573 1355 878 1412 Judteorutn
904 1366 1118 1427 gentem
1166 1358 1377 1423 innuat,
1423 1374 1546 1429 qua:
1590 1375 1770 1429 neque
1799 1358 1973 1414 voluit

2071 717 2264 786 σοφίαν
2313 718 2455 772 είσὶν
2512 716 2760 786 ἄγοντες.
2811 714 3026 770 Οὐκοῦν
3083 716 3206 770 οὐδὲ
3247 715 3318 769 τά
3349 715 3542 770 παιδία
3565 732 3644 779 τις

2071 814 2350 868 ἐπιτάττει
2380 811 2544 882 νόμος
2573 810 2896 882 ὡρισμένων
2928 807 3262 880 προσώπων,
3287 807 3384 861 καὶ
3399 806 3501 877 τὴν
3518 807 3646 875 πρὸς

2069 907 2195 969 τοὺς
2215 904 2410 967 ἄλλους
2434 902 2884 975 ἀποκεκριμένην
2917 902 3201 971 ἐπιζητεῖν
3248 899 3612 956 ἀνταπόδοσιν
3630 919 3642 929 ·

2075 995 2234 1049 ἰκανά
2265 993 2375 1065 γὰρ
2400 993 2494 1048 καὶ
2515 993 2613 1064 τὴν
2639 994 2747 1048 τῶν
2765 993 3034 1065 ἀορίστων
3052 992 3480 1062 ἀναδεδειγμένα
3502 991 3648 1055 τάξιν

2071 1087 2171 1157 τῆς
2198 1085 2519 1156 παραϐολῆς
2537 1084 2936 1155 ἀναπληρῶσαι
2970 1084 3034 1137 τὸ
3065 1083 3331 1155 βούλημα.

2158 1177 2216 1232 '0
2246 1177 2343 1249 μὲν
2382 1173 2477 1231 οὖν
2521 1177 2722 1240 σκοπὸς
2763 1176 2868 1246 τῆς
2919 1177 3258 1243 Δεσποτικῆς
3310 1173 3648 1247 παραϐολῆς,

2072 1272 2169 1326 καὶ
2201 1269 2514 1342 ὁμοιώσεως
2545 1272 2722 1342 σαφής
2757 1287 2817 1324 τε
2864 1269 3004 1337 λίαν,
3036 1269 3132 1323 καὶ
3181 1269 3358 1340 δῆλος,
3396 1268 3474 1334 ὠς
3505 1267 3565 1321 τό
3589 1285 3650 1337 γε

2087 1362 2358 1416 Ἰουδαίων
2385 1361 2538 1426 ἔθνος
2566 1361 2830 1427 ἐπιδεῖξαι
2857 1361 3126 1431 βούλεται,
3163 1363 3194 1416 ό
3229 1361 3366 1433 μήτε
3395 1363 3510 1424 τοῖς
3530 1359 3652 1414 θέλ·

386 1464 484 1518 per
522 1464 610 1504 res
653 1448 985 1504 hilaritatem
1058 1451 1380 1516 excitantes,
1439 1451 1652 1506 scilicet
1692 1468 1786 1522 per
1815 1467 1973 1508 com-

386 1555 608 1594 munem
643 1541 977 1612 minimeque
1025 1558 1265 1599 severam
1322 1543 1536 1599 vivendi
1585 1546 1854 1602 rationem
1885 1549 1974 1618 (li-

386 1641 471 1687 cet
499 1632 854 1688 similitudine
877 1635 1000 1689 vitae
1028 1635 1174 1690 allici
1211 1651 1275 1691 ac
1299 1635 1439 1691 flecti
1490 1639 1848 1709 oportuisset)
1873 1641 1924 1696 id
1953 1681 1970 1708 ,

2073 1472 2232 1525 γουσι
2258 1456 2353 1509 καὶ
2382 1455 2722 1527 εὐφραίνειν,
2753 1454 2900 1509 τοῦτ’
2938 1455 3055 1508 ἐστι
3087 1457 3153 1526 τῇ
3187 1453 3388 1526 ἑθίμῳ,
3419 1455 3522 1508 καὶ
3542 1455 3656 1507 tm-

2073 1545 2384 1618 πολαζούσῃ
2414 1546 2590 1618 διαίτῃ
2643 1545 2850 1616 (καίτοι
2889 1545 3010 1600 δέον
3047 1544 3126 1616 τῷ
3179 1545 3352 1616 ὁμοίῳ
3397 1544 3656 1598 ἐπικλίνε-

2077 1639 2203 1694 σθαί
2234 1656 2317 1704 τε,
2352 1639 2449 1692 καὶ
2482 1637 2930 1708 συνεφέλκεσθαι)
2974 1637 3035 1690 τὸ
3079 1635 3397 1690 λυσιτελοῦν
3422 1635 3656 1706 ἠθέλησε

385 1723 532 1792 quod
561 1725 904 1794 expediebat,
933 1727 1208 1797 suscipere
1235 1746 1251 1783 :
1284 1744 1460 1799 neque
1501 1747 1596 1800 per
1633 1731 1799 1786 vitam
1816 1748 1972 1788 com-
2003 1719 2007 1771 λ

2092 1734 2377 1806 ἰρέψασθαι
2401 1750 2416 1764 θ
2449 1731 2574 1786 οὔτε
2604 1731 2695 1785 διὰ
2721 1730 2816 1784 τοῦ
2864 1729 3357 1802 ἀνακεχωρηκότος
3389 1727 3507 1781 τῶν
3535 1727 3660 1781 πολ-

384 1814 564 1870 modis
602 1815 856 1884 pluribus
882 1827 1182 1880 carentem,
1215 1835 1279 1874 ac
1311 1820 1541 1890 rigidam
1575 1821 1816 1892 (tametsi
1869 1825 1974 1881 hoc

2092 1828 2205 1894 ιῶν,
2244 1828 2340 1880 καὶ
2369 1824 2804 1896 συνεσταλμένου
2841 1824 2956 1894 βίου
2981 1822 3208 1894 (καίπερ
3235 1821 3516 1877 δυσωπεῖν
3555 1815 3658 1874 οἶδε

386 1910 536 1975 ipsos
561 1923 780 1978 quoque
805 1909 1170 1980 religiosiores
1203 1912 1454 1970 homines
1485 1930 1704 1971 movere
1751 1917 1974 1974 debuis-

2092 1921 2172 1974 ιιαὶ
2219 1916 2669 1988 εὐλαϐεστέρους)
2730 1915 3141 1987 ἀπεργάζεσθαι
3200 1914 3263 1968 τὸ
3317 1912 3658 1984 παράδοξον

385 1998 490 2068 set)
535 1999 612 2063 id,
674 2001 818 2070 quod
887 2018 1000 2056 suae
1045 2005 1386 2074 repugnabat
1425 2009 1694 2077 opinioni,
1751 2012 1975 2082 exsequi

387 2091 553 2161 coepit
587 2109 602 2145 :
636 2101 691 2146 at
728 2094 872 2163 quod
904 2096 1098 2150 borum
1153 2108 1351 2154 neutro
1400 2100 1466 2154 ad
1495 2102 1738 2156 animum
1773 2113 1977 2174 proter-

386 2197 514 2236 vum
549 2191 601 2238 et
646 2185 895 2257 religioni
940 2197 1318 2245 contumacem
1365 2190 1768 2261 deponendum,
1811 2211 1978 2251 excu-

387 2275 746 2347 tiendumque
777 2278 1008 2335 adducta
1039 2282 1131 2336 sit.
1189 2283 1370 2353 Atque
1411 2300 1538 2338 vero
1596 2285 1785 2340 eadem
1817 2301 1978 2356 para-

385 2366 508 2420 bola
531 2371 941 2437 persuasionem
974 2387 1098 2426 cum
1126 2372 1499 2443 increpatione
1528 2378 1788 2442 contexit,
1831 2380 1976 2448 quod

388 2456 913 2526 populus‘Jndaicus
933 2478 1041 2516 non
1079 2464 1287 2534 agendo
1317 2467 1714 2535 ptenitentiam,
1762 2485 1978 2525 onmem

389 2551 491 2605 sibi
517 2556 922 2609 excusationem
951 2557 1279 2628 veniamque
1305 2561 1641 2628 przecideret.

467 2643 736 2700 Parabola
768 2661 896 2702 vero
955 2647 1024 2702 ab
1081 2649 1172 2713 iis,
1240 2651 1332 2721 qui
1376 2651 1450 2705 ita
1499 2665 1977 2721 commentantur,

391 2738 642 2797 nomina.
698 2747 752 2793 et
784 2754 892 2806 res,
924 2757 1048 2812 quae
1089 2742 1293 2800 nullius
1327 2745 1694 2810 necessitatis,
1735 2750 1983 2804 admoui-

392 2829 624 2885 tionisve
673 2832 933 2888 salutaris
1009 2848 1171 2902 sunt,
1237 2838 1452 2892 curiose
1511 2839 1825 2912 investigari
1874 2858 1984 2898 non

391 2931 566 2977 curat.
595 2923 826 2990 Quinam
845 2926 989 2981 enim
1016 2940 1164 2992 sunt,
1197 2930 1289 3000 qui
1341 2941 1531 2986 aestum
1557 2932 1663 2987 diei
1698 2936 1986 3006 noctisque

2078 2012 2216 2066 ἀλλὰ
2236 2012 2310 2077 ὡς
2339 2013 2429 2064 ὑπ’
2463 2011 2680 2076 οὐδενὸς
2709 2013 2915 2065 τούτων
2965 2007 3415 2080 ἐπεστράφησαν,
3445 2006 3512 2060 τὸ
3541 2005 3664 2059 ἀκό-

2078 2105 2274 2160 λαστον
2306 2105 2507 2171 αὐτῶν,
2544 2104 2638 2162 καὶ
2676 2103 2995 2170 δυσάγωγον
3040 2099 3179 2171 πρὸς
3213 2099 3502 2153 εὐσέϐειαν
3537 2099 3646 2152 ἀπο

2081 2199 2266 2255 θέσθαι
2295 2199 2390 2253 καὶ
2437 2195 2853 2252 ἀποσείσασθαι.
2915 2194 3028 2248 Καὶ
3067 2194 3167 2266 τὴν
3211 2192 3388 2247 πειθὼ
3421 2194 3484 2246 δὲ
3544 2210 3664 2247 συν-

2081 2293 2296 2362 υφαίνει
2326 2291 2419 2344 τὸν
2447 2289 2672 2360 ἔλεγχον
2706 2287 3092 2358 ἐπιφέρουσαν,
3123 2285 3198 2348 ὡς
3230 2285 3304 2357 μὴ
3341 2283 3667 2356 μετανοοῦν-

2081 2404 2172 2449 τες
2215 2383 2322 2436 τῶν
2369 2379 2638 2434 Ἰουδαίων
2690 2381 2718 2432 ό
2759 2378 2932 2448 δῆμος
2983 2377 3168 2430 πᾶσαν
3203 2375 3526 2444 ἀπολογίαν,
3576 2374 3668 2429 καὶ

2084 2471 2419 2548 συγγνώμην
2458 2474 2673 2536 ἑαυτοῖς
2700 2489 2765 2524 πε
2777 2470 3116 2544 ρικόπτουσι.

2085 2673 2094 2722 ξ
2157 2661 2342 2715 Ταῦτα
2385 2659 2482 2730 μὲν
2527 2656 2592 2728 δὴ
2644 2656 2974 2727 πράττουσιν
3003 2654 3038 2726 ἡ
3070 2651 3355 2726 παραϐολὴ
3392 2651 3461 2706 τά
3508 2651 3672 2706 λοιπά

2085 2754 2194 2810 τῶν
2222 2753 2504 2824 ὀνομάτων
2540 2769 2602 2803 τε
2661 2749 2757 2803 καὶ
2801 2748 3164 2820 πραγμάτων,
3212 2747 3312 2800 ὅσα
3356 2746 3530 2818 μηδὲν
3569 2745 3672 2798 τῶν

2086 2845 2424 2915 ἀναγκαίων,
2460 2843 2556 2896 καὶ¹
2582 2841 2718 2911 πρὸς
2751 2840 3026 2910 σωτηρίαν
3069 2837 3488 2908 ἐκκαλουμένων
3538 2853 3673 2906 προ-

2089 2939 2249 3007 ξενεῖ,
2279 2937 2400 2991 ούδέ
2434 2933 2760 3006 σεμνύνεται
2798 2932 3298 3003 πολυπραγμονεῖν.
3336 2929 3493 2984 Ἐπεί
3526 2946 3672 2992 τινες

393 3009 620 3078 glaciem
655 3012 708 3066 in
741 3014 914 3070 sacris
964 3015 1248 3074 laboribus
1276 3021 1522 3077 animose
1558 3022 1887 3080 invenerunt
1914 3026 1980 3079 5‘:

2092 3034 2138 3086 οί
2175 3031 2268 3086 τὸν
2299 3029 2556 3085 καύσωνα
2597 3030 2694 3100 τῆς
2729 3025 2968 3097 ἡμέρας,
3018 3027 3112 3078 καὶ
3155 3024 3245 3078 τὸν
3287 3023 3530 3092 παγετὸν
3577 3022 3676 3092 τῆς

391 3108 448 3152 ιι
501 3097 557 3153 in
595 3100 732 3156 alios
765 3111 886 3172 post
917 3120 974 3159 se
1027 3107 1093 3159 ad
1121 3106 1350 3161 similem
1380 3109 1624 3164 laborem
1660 3113 1982 3178 conductos,

396 3191 490 3260 qui
558 3207 744 3262 parem
803 3198 1112 3252 mercedem
1178 3210 1522 3269 acceperant,
1622 3203 1863 3258 invidum
1933 3215 1988 3259 et.

394 3297 632 3352 nequam
659 3286 879 3340 oculum
903 3289 1255 3358 conjecerunt
1280 3311 1300 3342 ι
1317 3292 1390 3344 ‘7?
1413 3292 1550 3359 Quis
1577 3305 1756 3349 autem
1780 3305 1864 3351 est
1894 3297 1986 3353 ille

403 3374 1058 3448 «judexiniquitatis,qui
1091 3379 1256 3440 Deum
1291 3397 1399 3437 non
1439 3385 1684 3449 timebat,
1715 3395 1769 3439 et
1799 3387 1981 3442 homi-

402 3479 526 3520 nem
549 3481 657 3521 non
690 3470 1042 3524 reverebatur
1071 3472 1147 3536 ⁸⁸;
1173 3487 1238 3527 ac
1259 3473 1454 3528 deinde
1469 3475 1626 3530 vidua
1649 3476 1989 3535 declamante

396 3571 655 3613 vesanam
687 3562 997 3630 superbiam
1035 3563 1087 3622 in
1130 3564 1560 3620 misericordiam
1599 3569 1872 3623 convertit
1901 3570 1990 3624 ὀἳ

397 3649 649 3706 Profecto
692 3653 885 3708 borum
913 3655 1232 3710 alterutrum
1288 3673 1357 3712 ne
1385 3673 1480 3728 per
1499 3660 1726 3714 multam
1769 3661 1988 3731 quidem

401 3747 804 3804 aberralionem
874 3767 904 3806 a
962 3755 1265 3823 proposito,
1335 3764 1500 3826 atque
1587 3757 1986 3828 nugacitatcm,

400 3842 563 3898 alicui
642 3845 904 3914 peculiari
977 3861 1224 3917 personae
1277 3863 1501 3920 quoquo
1558 3850 1721 3903 modo
1805 3859 1991 3919 posset

400 3937 598 4008 aptari.

463 4035 581 4092 Jam
636 4055 766 4096 vero
801 4042 907 4098 illa:
952 4043 1240 4115 «virgines,
1281 4060 1512 4115 quarum
1549 4047 1793 4118 quinque
1834 4056 1993 4104 erant

399 4132 580 4199 fatuae,
619 4143 671 4189 et
713 4136 955 4206 quinque
1015 4138 1310 4209 prudentes
1339 4138 1386 4170 ⁶⁰
1420 4159 1468 4204 ,ι
1514 4140 1803 4210 cujttsnam
1855 4141 1992 4197 deii-

399 4227 527 4282 nitte
559 4243 807 4298 personae
841 4230 1132 4302 imaginem
1165 4231 1450 4287 referent?
1508 4231 1751 4304 Tempus
1781 4245 1988 4302 autem,

398 4336 510 4392 quo
563 4319 648 4374 hae
683 4321 902 4392 quidem
952 4323 1320 4393 intraverunt,
1375 4325 1481 4381 illa:
1526 4341 1655 4380 vero
1696 4343 1724 4378 ει
1773 4326 1990 4396 Sponso

397 4413 636 4471 exclusae
672 4427 801 4470 sunt
861 4415 904 4448 “
932 4459 947 4484 ,
987 4417 1262 4488 quodnam
1313 4435 1438 4474 esse
1483 4418 1720 4491 poterit?
1776 4419 1987 4474 Etenim

399 4509 708 4564 communis
741 4509 938 4579 judicii
967 4519 1184 4581 tempus
1217 4512 1459 4566 nondum
1512 4511 1678 4567 venit.
1727 4511 1906 4582 Atque
1939 4512 1993 4568 in

399 4601 587 4656 multis
613 4601 735 4655 aliis
767 4602 810 4657 si
850 4602 974 4672 quis
1008 4613 1184 4660 certas
1219 4619 1505 4675 personas,
1563 4619 1628 4660 ac
1660 4619 1747 4659 res
1796 4604 1992 4676 exquio

398 4701 567 4758 reret,
609 4693 1004 4764 parabolasque
1034 4711 1206 4766 usque
1228 4696 1294 4750 ad
1348 4697 1579 4751 minima
1635 4697 1987 4752 subdividere

399 4786 688 4848 niteretur,
729 4784 776 4840 is
821 4785 1204 4854 perpendenda
1246 4803 1310 4842 ac
1345 4786 1662 4844 ﬂuctuando
1714 4800 1990 4858 torquere-

400 4887 526 4944 tur;
587 4892 693 4931 non
749 4885 861 4932 tam
897 4878 1021 4946 quia
1089 4880 1362 4949 parabolae
1400 4881 1644 4936 conditio
1687 4880 1740 4936 id
1799 4897 1987 4936 secum

400 4967 530 5035 fert,
553 4984 717 5039 quam
754 4970 881 5040 quia
911 4969 1228 5033 curiositas,
1270 4972 1576 5042 ineptaeque
1606 4970 1838 5041 argutiae
1892 4986 1991 5040 po-

401 5061 513 5116 tius
545 5061 598 5115 in
634 5061 1057 5134 ignorationem,
1086 5079 1252 5135 quam
1285 5063 1341 5118 in
1367 5063 1736 5119 inventionem
1787 5063 1995 5118 verita-

405 5151 478 5206 tis
508 5149 762 5206 desinere
795 5155 996 5208 solent.

475 5243 689 5301 iiut-sus
728 5246 956 5316 quinam
1011 5254 1139 5302 sunt
1182 5248 1275 5318 qui
1316 5263 1384 5305 ne
1409 5248 1638 5319 siliquas
1669 5248 1893 5320 quidem
1923 5249 1990 5304 ad

405 5337 750 5393 saturitatem
777 5338 1071 5405 dabantei,
1103 5358 1122 5391 ι
1152 5340 1246 5410 qui
1266 5355 1492 5412 peregre
1513 5340 1798 5408 profectus
1822 5349 1906 5396 est
1938 5340 1993 5393 in

406 5430 687 5501 regionem
735 5429 1111 5503 longinquam,
1147 5441 1204 5489 et
1265 5432 1556 5504 dissipavit
1627 5433 1994 5490 substantiam

476 5655 525 5726 εἶ
559 5654 752 5716 Matth.
823 5674 913 5726 xx,
969 5659 1057 5715 12.

410 5723 589 5782 ειη.

1165 5660 1210 5693 ⁵⁷
1267 5660 1402 5718 ibid.
1440 5659 1532 5715 15.
1615 5659 1661 5692 ⁸⁸
1706 5657 1843 5715 Luc.
1914 5673 2066 5726 xvm,
2117 5657 2174 5714 ‘2.
2257 5657 2302 5690 δ’
2349 5656 2482 5713 ibid.
2553 5653 2607 5710 5.

2089 3123 2282 3188 νυκτὸς
2307 3123 2400 3176 ἐπὶ
2429 3123 2540 3184 τοῖς
2573 3118 2744 3182 θείοις
2780 3117 2965 3190 έργοις
2986 3115 3247 3188 ἐμψύχως
3260 3115 3636 3186 διενεγκόντες
3657 3131 3673 3145 ο

2088 3219 2198 3281 τοῖς
2225 3215 2280 3268 δὲ
2321 3214 2438 3285 μετ’
2472 3212 2670 3274 αὐτοὺς
2718 3209 2941 3263 ἐλθοῦσι
2989 3209 3334 3280 μιμήσασθαι
3379 3207 3673 3278 βάσκανον,

2089 3291 2195 3363 καί
2217 3307 2454 3377 πονηρὸν
2483 3304 2784 3374 ὀφθαλμόν,
2840 3302 2926 3372 ἐφ’
2959 3299 3039 3366 οἷς
3086 3302 3347 3373 μετέσχον
3377 3301 3485 3354 τῶν
3521 3302 3676 3363 ῐσων.

2091 3402 2476 3464 ἐπιϐάλλοντες
2502 3417 2516 3466 ;
2546 3399 2643 3462 Τίς
2673 3397 2730 3450 δὲ
2767 3417 2785 3449 ι
2824 3398 2852 3450 ὁ
2876 3397 2976 3467 τῆς
3020 3395 3237 3459 ἀδικίας
3263 3394 3458 3466 κριτὴς
3479 3394 3510 3446 ὁ
3542 3395 3679 3448 Θεὸν

2093 3496 2169 3568 μὴ
2203 3494 2560 3565 φοϐούμενος,
2601 3493 2698 3546 καὶ
2741 3490 3028 3562 ἄνθρωπον
3066 3489 3142 3561 μὴ
3180 3491 3585 3561 ἐντρεπόμενος
3613 3504 3625 3518 ο
3654 3508 3673 3540 ι

2092 3585 2210 3642 εἶτα
2243 3587 2341 3658 τῆς
2375 3587 2550 3658 χήρας
2582 3581 2942 3654 καταϐοώσης
2971 3583 3052 3646 είς
3076 3581 3398 3653 οἱκτιρμοὺς
3437 3580 3681 3635 διαλύων

2091 3680 2189 3753 τὴν
2217 3680 2474 3733 ἀπόνοιαν
2501 3695 2516 3744 ;
2548 3676 2767 3730 Τούτων
2807 3675 2918 3747 γὰρ
2949 3675 3208 3747 ἑκάτερον
3237 3676 3322 3774 μὴ
3375 3673 3515 3746 μετά
3549 3673 3683 3774 πολ·-

2092 3772 2191 3844 λῆς
2246 3775 2347 3843 τῆς
2398 3768 2745 3840 παρεκϐολῆς
2792 3767 2888 3821 καὶ
2934 3760 3279 3837 ἀδολεσχίας,
3335 3767 3397 3820 ού
3445 3765 3549 3836 μὲν
3585 3760 3683 3820 οὖν

2092 3867 2189 3922 οὐκ
2261 3864 2382 3918 ἔστι
2463 3861 2743 3933 προσώπῳ
2834 3861 3263 3932 περιωρισμένῳ
3349 3859 3684 3931 ἐναρμόσα-

2095 3957 2241 4012 σθαι.

2175 4047 2339 4102 Ἀλλὰ
2370 4065 2389 4099 ι
2419 4047 2476 4101 αἱ
2505 4047 2792 4117 παρθένοι,
2823 4047 2882 4100 αἱ
2914 4045 3014 4117 μὲν
3068 4044 3233 4098 πέντε
3281 4043 3488 4114 μωραὶ,
3527 4043 3584 4097 al
3625 4042 3684 4096 δὲ

2095 4142 2257 4196 πέντε
2283 4140 2560 4212 φρόνιμοι,
2597 4159 2616 4191 ι
2649 4139 2796 4202 τίνος
2847 4135 3144 4209 προσώπου
3194 4134 3502 4207 ὡρισμένου
3532 4137 3686 4189 εἰκο-

2096 4234 2373 4300 νίσουσιν;
2412 4233 2471 4285 'U
2499 4232 2690 4302 χρόνος
2718 4231 2796 4297 δὲ,
2842 4229 2967 4284 καθ’
2994 4229 3054 4283 ὃν
3085 4230 3141 4283 ai
3173 4230 3272 4300 μὲν
3322 4227 3596 4300 εἰσῆλθον,
3627 4230 3684 4282 αἱ

2095 4325 2152 4379 δὲ
2181 4323 2276 4378 τοῦ
2315 4323 2602 4394 νυμφῶνος
2628 4320 3094 4392 ἀπεκλείσθησαν,
3119 4321 3205 4386 τίς
3229 4321 3351 4373 ποτ’
3378 4319 3444 4374 ἂν
3468 4321 3554 4392 εἴη
3577 4337 3593 4386 ;
3623 4321 3687 4375 Ὀ

2096 4419 2205 4492 γὰρ
2231 4419 2332 4490 τῆς
2361 4416 2548 4487 κοινῆς
2599 4414 2836 4488 κρίσεως
2873 4415 3028 4468 οὔπω
3063 4415 3389 4486 ἐφέστηκεν.
3422 4414 3533 4466 Καὶ
3560 4413 3687 4469 πο).-

2092 4510 2204 4573 λοίς
2229 4507 2412 4571 ἄλλοις
2441 4509 2470 4561 ὁ
2496 4505 2677 4578 ζητῶν
2729 4504 3014 4575 ὡρισμένα
3047 4503 3339 4574 πρόσωπα,
3372 4505 3468 4556 καὶ
3498 4505 3682 4573 πράγ-

2095 4618 2266 4674 ματα,
2299 4601 2394 4654 καὶ
2420 4586 2884 4668 κατατεμαχίζειν
2908 4593 3362 4667 φιλοτιμούμενος
3380 4595 3480 4660 τὰς
3503 4612 3685 4666 παρα-

2097 4693 2280 4757 ϐολὰς,
2298 4690 2675 4762 περιενεχθείη
2699 4688 2766 4742 ἂν
2787 4690 2884 4758 τὴν
2907 4689 3166 4754 διάνοιαν,
3192 4689 3288 4743 καὶ
3321 4689 3684 4760 ἀπορήματα,

2095 4787 2158 4840 ού
2196 4785 2450 4838 τοσοῦτον
2499 4783 2610 4838 τῶν
2660 4780 2989 4852 παραϐολῶν
3032 4779 3193 4835 τοῦτο
3258 4783 3684 4853 παρεχομένων,

2099 4879 2223 4933 ὅσον
2270 4876 2373 4947 τῆς
2423 4873 2768 4948 περιεργίας,
2797 4873 2892 4927 καὶ
2943 4872 3149 4926 ἀτόπου
3187 4873 3553 4943 λεπτολογίας
3605 4873 3686 4937 είς

2099 4968 2342 5040 ἀμαθίαν
2404 4965 2625 5038 μᾶλλον,
2665 4963 2804 5019 ἀλλά
2852 4962 2953 5017 ούκ
2995 4963 3079 5027 εἰς
3126 4962 3346 5036 εὕρεσιν
3391 4963 3688 5018 ἀποτελευ-

2097 5061 2300 5133 τώσης.

2173 5243 2330 5306 Τίνες
2354 5241 2411 5296 δὲ
2433 5241 2594 5294 πάλιν
2617 5241 2667 5293 οἱ
2699 5240 2774 5311 μὴ
2789 5239 3025 5303 διδόντες
3057 5237 3167 5292 τῶν
3220 5234 3496 5306 κερατίων
3521 5249 3686 5303 μεταο

2108 5337 2257 5408 σχεῖν
2293 5352 2312 5387 ι
2349 5333 2426 5404 τῷ
2449 5335 2528 5397 εἰς
2567 5333 2782 5403 μακρὰν
2821 5331 3242 5402 ἀποδημήσαντι
3283 5327 3464 5392 πόλιν,
3497 5326 3596 5380 καὶ
3622 5323 3690 5376 τὲ

2108 5427 2340 5501 πατρῷα
2384 5425 2830 5482 καταναλώσαντι
2895 5423 3155 5491 ἀσώτως;
3195 5441 3214 5474 ι
3255 5423 3318 5474 Ol
3351 5420 3591 5490 μίσθιοι
3636 5417 3692 5472 δὲ

2735 5653 2779 5686 ⁸ο
2812 5651 3004 5710 Matth.
3067 5665 3198 5717 xxv,
3237 5647 3290 5704 Ξ..
3406 5647 3452 5679 ⁶¹
3485 5644 3618 5703 ibid.
3649 5638 3686 5696 6
