3864 6218
196 329 313 396 241

1140 329 1241 389 AD
1277 325 1874 390 AMPHILOCHIUM
1907 325 2256 401 QUIESTIO
2293 327 2535 389 XXXIV

3374 321 3483 393 212

199 443 377 497 πάλιν
405 441 552 504 τίνες
577 457 592 507 ;
614 438 786 509 Εἴπερ
813 437 873 492 τὸ
895 436 1239 510 ἀνθρώπινον
1266 439 1427 506 γένος
1444 439 1527 502 είς
1550 438 1784 500 δικαίους

1897 453 2053 493 suam
2085 436 2319 495 vivendo
2354 439 2635 495 luxuriose
2665 437 2708 470 ⁶¹
2738 438 2763 493 ?
2796 457 2816 492 ι
2848 437 3169 494 Mercennrii
3210 453 3341 495 vero
3358 442 3482 507 qui-

200 535 311 588 καὶ
341 531 700 603 ἁμαρτωλοὺς
731 527 1129 600 διαιρούμενον,
1159 528 1249 585 διὰ
1280 529 1391 582 τῶν
1419 531 1480 581 ὲν
1512 531 1578 599 τῇ
1613 546 1793 597 παρα-

202 625 343 696 ϐολῇ
389 624 484 677 δύο
527 621 959 693 λαμϐανομένων
1017 620 1150 674 υίῶν
1210 620 1641 692 παραδηλοῢται,
1695 623 1792 673 καὶ

201 715 333 780 πῶς
358 709 533 779 οὗτος,
569 714 646 777 ὡς
690 708 773 779 εἷς
816 712 895 783 τῷ
926 713 1095 785 πατρὶ
1133 711 1242 767 τῶν
1282 713 1541 783 μισθίων,
1574 732 1592 764 ›
1646 730 1796 782 νομι-

203 807 405 879 σθῆναι
444 806 780 874 έξαιτεῑταις
851 806 911 860 '0
943 806 1057 869 υἱὸς
1087 807 1115 859 ὁ
1150 804 1542 878 πρεσϐύτερος,
1569 805 1675 858 ὁτδ
1699 804 1793 858 τοῦ

203 898 419 969 πατρὸς
452 896 664 968 Θέλημα
680 894 928 966 πληρῶν.
952 891 1072 952 εἶτα
1107 895 1395 966 φθονεροῖς
1420 894 1633 963 ὄμμασι
1654 893 1794 947 θεω-

202 986 324 1054 ρῶν
352 986 450 1058 τὴν
479 988 839 1059 ἐπιστροφὴν,
872 988 967 1040 καὶ
998 986 1273 1057 σωτηρίαν
1305 985 1399 1040 τοῦ
1422 985 1675 1055 ἀδελφοῦ,
1699 986 1794 1040 καὶ

194 1077 662 1148 δικαιολογεῖσθαι
706 1078 1145 1149 παροξυνόμενος
1195 1078 1272 1149 τῷ
1319 1078 1509 1149 πατρὶ,
1553 1078 1671 1142 πῶς
1725 1077 1793 1132 ἂν

196 1167 503 1240 ὡρισμένῳ
524 1170 630 1225 τινὶ
646 1169 928 1241 προσώπῳ
950 1170 1290 1240 παρατεθείη
1312 1188 1327 1234 ς
1351 1171 1515 1223 Ὥστε
1535 1168 1789 1239 φανερὸν,

192 1258 281 1323 ὡς
314 1260 416 1329 οὐχ
442 1248 660 1315 ἅπαντα
702 1262 802 1331 τῆς
844 1263 1162 1333 παραϐολῆς
1196 1263 1262 1316 τὰ
1310 1263 1451 1335 μέρη
1481 1262 1794 1333 πολυπραγ-

195 1355 413 1421 μονεῖν,
444 1354 537 1407 καὶ
564 1354 870 1424 λογοθετεῐν
909 1357 1205 1427 προσήκει,
1246 1356 1383 1426 πρὸς
1411 1355 1571 1425 μόνον
1602 1356 1658 1409 δὲ
1688 1356 1792 1425 ἀφ-

189 1446 333 1515 ορᾷν
380 1445 443 1500 τὸ
491 1446 579 1500 διὰ
644 1446 747 1519 τῆς
802 1446 1132 1518 ὁλοκληρίας
1196 1447 1401 1519 ταύτης
1450 1446 1790 1518 σημαινόμε-

188 1554 289 1589 νον
296 1578 311 1590 .

264 1720 377 1773 Τὸν
408 1719 467 1775 δὲ
494 1687 752 1775 πλούσιον
781 1718 1090 1793 ἄνθρωπον,
1120 1721 1199 1788 ᾡς
1243 1718 1337 1773 τὸν
1363 1718 1791 1789 διαϐεϐλημένον

182 1809 485 1881 οἰκονόμον
504 1811 606 1880 τῆς
634 1810 813 1873 οἰκίας
836 1812 1237 1882 προεπήσατο,
1266 1811 1373 1865 τίνι
1407 1813 1472 1867 ἄν
1500 1827 1584 1875 τις
1612 1827 1783 1880 προσ-
1814 1802 1857 1858 Β

180 1901 333 1973 tam
364 1900 732 1967 ἐξιδιώσαιτο;
760 1900 927 1964 Τίνας
957 1901 1003 1955 δ’
1028 1901 1094 1956 ἂν
1125 1901 1267 1955 είποι
1298 1901 1427 1965 τοὺς
1466 1900 1783 1955 διαϐάλλον-

178 2004 293 2051 στας
314 2006 330 2055 ;
373 1988 437 2042 Ἦ
461 1989 515 2043 δὲ
532 1989 890 2052 ἀνταπόδοσις
915 1987 1025 2041 τῶν
1051 1989 1151 2060 μὲν
1177 1990 1401 2058 ἀγαθῶν
1422 1989 1501 2061 τῷ
1521 1991 1781 2061 Ααζάρφ,

178 2080 307 2134 τῶν
333 2080 392 2134 δὲ
417 2082 655 2135 ἀνιάτων
677 2081 866 2135 κακῶν
895 2079 972 2152 τῷ
1004 2081 1264 2152 πλουσίῳ,
1300 2082 1416 2145 πῶς
1449 2081 1515 2137 ἂν
1566 2081 1653 2152 εἴη
1688 2099 1783 2151 γε-

223 2173 475 2244 ενημένη
524 2173 679 2228 οὔπω
723 2173 825 2245 τῆς
859 2174 1046 2245 κοινῆς
1101 2175 1338 2247 κρίσεως
1394 2174 1780 2246 συνεστώσης;

178 2264 307 2321 Καὶ
335 2265 393 2319 αἱ
427 2264 694 2330 διαλέξεις
720 2266 797 2331 δὲ,
827 2265 890 2328 ἃς
914 2266 1277 2321 ὑποϐάλλεται
1308 2268 1341 2339 ἠ
1373 2254 1657 2338 παραϐολὴ
1685 2266 1782 2321 τοῦ

193 2357 606 2427 ’Λϐραὰμγκαὶ
656 2357 751 2410 τοῦ
798 2357 1018 2411 κολάσει
1070 2358 1621 2429 καταδεδικασμένου,
1664 2359 1784 2425 πῶς

180 2450 262 2504 ἂν
288 2450 501 2518 γένοιτο
532 2450 609 2522 τῷ
639 2450 739 2522 μὲν
769 2452 930 2522 σιγὴν
961 2450 1069 2506 τῶν
1098 2451 1349 2522 βασάνων
1372 2452 1780 2509 ἐπιταττόντων

180 2544 313 2612 (καὶ
354 2542 493 2612 πλὴν
519 2542 630 2597 τῶν
666 2542 791 2597 καθ’
821 2545 1018 2597 ἑαυτὸν
1049 2545 1379 2617 στεναγμῶν
1417 2563 1475 2598 τε
1503 2547 1595 2599 καὶ
1619 2545 1782 2618 ὀδυρ-

182 2634 318 2705 μῶν
347 2635 565 2705 χαλινὸν
592 2638 707 2701 τοῖς
741 2638 922 2700 ἄλλοις
958 2638 1384 2711 ἐπιϐαλλόντων)
1412 2655 1426 2669 ³
1453 2640 1549 2694 τοῦ
1583 2641 1641 2695 δὲ
1674 2658 1783 2712 μη-

178 2728 312 2781 κέτι
342 2728 483 2798 μετὰ
507 2729 606 2799 τὴν
634 2730 817 2799 κρίσιν
842 2731 982 2802 πρὸς
1010 2730 1102 2785 τὸν
1150 2732 1369 2801 ἐφάπαξ
1420 2733 1782 2787 καταδεδικαα

180 2820 400 2888 σμένον
430 2821 902 2892 ὲπιστρεφομένου
930 2840 946 2891 ;
975 2823 1130 2877 Κατὰ
1161 2824 1252 2877 τὸν
1278 2823 1443 2878 αὑτὸν
1472 2820 1566 2878 οὖν
1589 2824 1780 2890 τύπον,

176 2914 285 2967 καὶ
334 2913 499 2983 νόμον
536 2914 657 2969 οὐδὲ
702 2914 770 2970 τὰ
817 2917 883 2987 τῇ
944 2916 1231 2988 παραϐολῇ
1288 2918 1478 2975 παιδία
1528 2919 1782 2989 ζητήσειε

173 3004 735 3074 περιγεγραμμένων
755 3003 945 3076 προσώ
954 3023 1067 3059 πων
1084 3007 1453 3076 ἀπαγγέλλειν
1472 3008 1741 3079 ἰδιότητας
1766 3025 1779 3039 °

174 3096 330 3152 ἀλλὰ
361 3096 467 3167 γὰρ
492 3098 579 3156 διὰ
608 3097 719 3151 τῶν
761 3098 864 3168 τῆς
922 3099 1240 3171 καινοτέρας
1302 3100 1485 3172 φωνῆς
1555 3102 1782 3173 ίδιωμά-
1809 3137 1852 3197 C

172 3207 300 3243 των
328 3188 423 3243 καὶ
462 3189 595 3261 περὶ
663 3190 767 3261 τῆς
822 3191 1198 3263 προκειμένης
1244 3192 1563 3265 παραϐολῆς
1617 3193 1781 3247 ἐπέλ-

176 3280 297 3334 οοι.

262 3371 377 3425 Καὶ
402 3371 714 3442 ὁμοιώσεως
743 3372 919 3427 ταῦτα
957 3373 1023 3429 ἂν
1068 3374 1154 3446 εἴη
1181 3390 1195 3405 ⁸
1226 3374 1350 3429 ἐπεὶ
1390 3376 1448 3431 τό
1492 3393 1555 3445 γε
1606 3377 1784 3446 αἰνιγ-

179 3461 427 3532 ματικὸν
477 3456 618 3526 είδος
671 3462 881 3531 αὐτῆς,
910 3463 1034 3516 καθ’
1066 3464 1094 3517 ὂ
1126 3465 1277 3537 καὶὴ
1326 3463 1424 3518 νῦν
1476 3463 1780 3538 ἐταζομένη

176 3553 630 3626 προενήνεκται,
679 3553 775 3610 καὶ
817 3554 1033 3626 ἑτέραις
1095 3557 1402 3626 περινοίαις
1461 3557 1554 3612 τὸν
1611 3558 1783 3613 πολὺν

176 3649 471 3720 ἀκροατὴν
550 3648 610 3702 οὐ
661 3648 1135 3719 παραδεχομέναις
1201 3649 1629 3721 Θαλαμεύεσθαι.
1672 3650 1785 3704 Καὶ

176 3741 353 3795 τοῦτο
377 3739 510 3812 ἄρα,
541 3741 636 3794 καὶ
672 3741 700 3793 ὁ
744 3741 1019 3811 Σωτήριος
1037 3740 1195 3812 λόγος
1235 3741 1747 3812 ὑποσημαινόμενος
1766 3758 1780 3773 ·

189 3854 217 3887 σ
260 3834 445 3905 Ὑμῖν,
494 3852 515 3886 ι
545 3832 700 3900 ἔλεγε
734 3833 874 3905 πρὸς
900 3837 1029 3897 τοὺς
1054 3835 1322 3906 μαθητὰς,
1354 3854 1372 3887 ι
1401 3834 1612 3889 δέδοται
1643 3834 1784 3903 γνῶο

196 3946 285 3982 ναι
338 3927 409 3981 τὰ
456 3927 764 3997 μυστήρια,
805 3928 1036 3991 ἐκείνοις
1076 3928 1134 3982 δὲ
1160 3928 1219 3980 ὲν
1249 3926 1614 3996 παραϐολαῖς,
1655 3947 1672 3981 ι
1713 3930 1781 3999 τῇ

181 4021 593 4095 ἀκριϐεστάτη,
625 4022 720 4075 καὶ
756 4020 898 4076 κατὰ
943 4020 1139 4075 λεπτὸν
1171 4018 1489 4089 ἐπιγνώσει,
1522 4022 1619 4075 καὶ
1647 4021 1784 4075 ἀνα-

182 4116 429 4187 καλύψει
460 4116 554 4171 τοῦ
578 4116 899 4187 μυστηρίου,
917 4115 1018 4186 τὴν
1045 4114 1189 4169 κατὰ
1206 4114 1308 4180 τὰς
1335 4114 1657 4186 παραϐολὰς
1683 4116 1780 4171 ἀν-

181 4208 585 4265 τιδιαστέλλειν
615 4205 944 4276 κατάληψιν.
1006 4201 1013 4207 ’

259 4388 356 4442 Διὸ
393 4388 487 4441 καὶ
520 4405 540 4438 ι
576 4386 787 4456 Φράσον
807 4387 961 4458 ἡμῖν,
994 4404 1013 4437 ι
1044 4386 1231 4456 ἔλεγον
1261 4387 1309 4440 oi
1332 4386 1641 4449 ἀπόστολοι,
1679 4386 1779 4458 τὴν

1896 546 2023 584 nam
2074 540 2204 587 sunt
2255 531 2436 584 “‘ISi
2494 532 2794 587 humanum
2851 546 3022 602 genus
3080 530 3134 586 in
3200 531 3380 601 jnstos
3426 541 3482 586 et

1894 631 2209 692 peccatores
2242 623 2600 692 discerptum,
2638 622 2855 676 duobus
2912 622 3038 678 [iliis
3079 623 3132 677 in
3163 624 3477 692 parabolam

1892 712 2132 769 inductis
2179 715 2537 783 signiﬁcatur,
2597 717 2878 783 quomodo
2907 714 3131 783 juvenis
3179 716 3282 769 iste
3333 716 3477 770 sicut

1895 821 2036 861 unus
2082 820 2151 860 et
2191 807 2545 860 mercenariis
2576 806 2748 875 patris
2796 821 2917 862 esse
2977 807 3271 876 cupiebat?
3302 807 3474 862 Filius

1894 907 2073 952 autem
2113 896 2315 963 senior,
2343 899 2437 966 qui
2477 899 2619 967 patri
2656 898 2709 951 in
2746 900 3008 953 omnibus
3044 901 3472 965 obsequebatur,

1892 999 1947 1043 et
1983 998 2169 1059 postea
2197 989 2395 1044 invidis
2428 990 2604 1044 oculis
2638 992 3055 1049 conversionem
3132 992 3477 1062 salutemque

1890 1077 2079 1134 fratris
2117 1080 2502 1149 conspiciebat,
2536 1097 2600 1135 ac
2644 1083 2708 1135 de
2757 1080 2919 1149 hujus
2938 1082 3328 1150 justiﬁcatione
3365 1082 3478 1136 ira-

1891 1172 2147 1227 scebatur
2198 1172 2252 1226 in
2327 1182 2534 1242 patrem
2570 1174 2637 1239 ⁸⁵,
2691 1174 2991 1242 quomodo,
3046 1190 3255 1243 quaeso,
3310 1175 3475 1230 alicui

1890 1264 2114 1320 definito
2145 1266 2351 1321 homini
2379 1274 2564 1334 posset
2611 1267 2873 1335 applicari
2911 1267 2933 1319 ἱ)
2969 1265 3043 1320 Ex
3110 1283 3220 1335 quo
3265 1268 3477 1337 perspi-

1892 1358 2054 1423 citur,
2084 1360 2228 1426 quod
2270 1374 2381 1412 non
2414 1360 2573 1424 liceat
2595 1374 2788 1414 omnes
2821 1358 3095 1428 parabolae
3120 1368 3299 1427 partes
3325 1359 3477 1413 solli-

1893 1451 1997 1505 cite
2028 1450 2364 1519 perquirere,
2420 1451 2777 1518 omniumque
2822 1451 3090 1504 rationem
3130 1466 3426 1520 exposcere
3456 1491 3475 1518 ,

1892 1542 1987 1599 sed
2026 1544 2093 1596 ad
2144 1542 2275 1597 illud
2318 1544 2695 1599 tantummodo
2716 1544 2961 1599 animum
2991 1544 3303 1607 admovere,
3329 1543 3473 1614 quod

1893 1649 1991 1705 per
2020 1634 2096 1688 rei
2129 1649 2403 1689 summam
2442 1635 2739 1689 indicatur.
3364 1620 3367 1621 ⁷

1965 1726 2231 1781 Praeterea
2290 1726 2509 1781 cuinam
2560 1741 2805 1795 personae
2852 1726 3072 1781 divitem
3145 1726 3321 1788 illum,
3380 1727 3473 1795 qui

1887 1815 2123 1870 villicum
2166 1815 2507 1872 diﬂ‘amatum
2556 1830 2670 1871 suae
2720 1817 2865 1870 domi
2929 1816 3243 1887 pra-fectum
3305 1817 3476 1871 habe-

1886 1909 1978 1964 bat
2008 1910 2075 1973 ”,
2109 1910 2381 1978 quispiam
2422 1909 2836 1980 appropriarit?
2878 1909 3156 1976 Quasnam
3198 1926 3326 1964 vero
3352 1926 3475 1965 esse

1885 2001 2084 2056 dixerit
2109 2002 2253 2057 illius
2282 2003 2672 2056 accusatores?
2710 2001 2876 2056 Porro
2916 2001 3204 2057 retributio
3249 2001 3476 2056 felicita-

1888 2094 1957 2148 tis
1991 2092 2218 2158 Lazaro,
2259 2102 2314 2147 et
2342 2092 2730 2147 insanabilium
2783 2108 3149 2148 aerumnarum
3205 2093 3360 2147 diviti
3394 2093 3471 2157 ⁸⁸,

1887 2184 2162 2255 quomodo
2186 2183 2328 2262 facta
2380 2199 2501 2240 esse
2553 2185 2772 2253 poterit,
2826 2200 2953 2241 cum
3015 2185 3473 2255 communejndi-

1884 2272 2028 2329 cium
2063 2273 2305 2327 nondum
2338 2271 2622 2326 advenerit
2655 2272 2674 2325 ?
2703 2270 2937 2328 Abrahae
2970 2289 3120 2338 vero,
3144 2281 3199 2329 et
3235 2272 3473 2329 hominis

1886 2362 2155 2432 supplicio
2187 2362 2387 2418 addicti
2412 2362 2705 2433 colloquia,
2734 2379 2855 2433 qua
2879 2363 3102 2432 subjicit
3126 2364 3383 2433 parabola
3402 2363 3471 2431 ⁸⁷,

1884 2455 2158 2526 quomodo
2213 2456 2621 2526 contingebant,
2686 2454 2817 2510 dum
2856 2455 3010 2510 diviti
3064 2456 3337 2511 silentium
3369 2457 3472 2509 im-

1884 2552 2160 2623 ponebant
2210 2545 2478 2608 tormenta
2528 2552 2606 2621 (et
2632 2551 2851 2621 quidem
2892 2552 2996 2622 ipsi
3042 2550 3163 2621 ejus
3210 2552 3470 2621 gemitus,

1885 2656 1939 2702 et
1976 2646 2225 2714 ploratus
2255 2644 2377 2700 aliis
2412 2644 2643 2701 vocibus
2673 2644 2889 2700 frenum
2941 2643 3323 2714 injiciebant);
3371 2643 3473 2697 La-

1886 2755 2048 2794 zarus
2082 2753 2213 2793 vero
2268 2737 2478 2792 homini
2524 2739 2639 2807 jam
2686 2737 2858 2792 semel
2912 2737 3277 2792 condemnato
3309 2736 3471 2789 verba

1885 2834 2121 2902 dirigere
2149 2846 2256 2888 non
2289 2832 2541 2887 debebat.
2588 2829 2799 2887 Eodem
2824 2832 3005 2899 itaque
3031 2837 3212 2899 pacto,
3249 2827 3473 2883 eadem-

1885 2937 1993 2991 que
2018 2921 2135 2990 lege
2169 2934 2267 2974 nec
2289 2919 2441 2989 pueri
2473 2919 2528 2974 in
2566 2930 2754 2975 nostra
2782 2918 3043 2988 parabola
3083 2918 3466 2986 proprietatem

1885 3011 2244 3082 peculiarium
2300 3026 2660 3080 personarum
2725 3008 3099 3080 poteruntsibi
3140 3006 3465 3060 vindicare:

1887 3116 1942 3162 at
1967 3108 2131 3161 etiam
2159 3121 2257 3175 pro
2295 3104 2546 3160 vocabuli
2568 3102 2798 3158 notioris
2815 3100 3245 3173 proprietatibus
3271 3098 3328 3152 in
3355 3113 3470 3150 me-

1887 3204 2099 3254 morata
2132 3197 2394 3267 parabola
2426 3195 2610 3251 locum
2640 3194 2970 3248 habuerunt.

1955 3375 2131 3444 Atque
2160 3372 2275 3427 ιιιεο
2303 3370 2577 3441 parabolae
2626 3367 2843 3437 propria
2903 3380 3026 3420 esse
3065 3364 3360 3429 videntur;
3391 3361 3469 3416 si-

1883 3465 2104 3536 quidem
2148 3465 2213 3519 ad
2252 3464 2424 3533 ipsam
2462 3460 2859 3530 aenigmaticam
2900 3457 3020 3527 ejus
3066 3456 3323 3527 speciem,
3363 3470 3470 3524 qua

1883 3559 2049 3616 etiam
2085 3560 2199 3613 haec
2231 3565 2415 3611 nostra
2466 3555 2674 3624 prolata
2704 3561 2808 3617 est,
2858 3551 3094 3621 pertinet
3144 3565 3364 3620 quoque
3414 3556 3472 3601 ut

1885 3665 2009 3707 sese
2046 3649 2329 3705 contineat
2382 3647 2527 3701 inter
2573 3645 2710 3699 alios
2754 3643 2954 3697 mentis
3011 3649 3328 3708 conceptus,
3374 3639 3468 3708 qui

1886 3757 1916 3796 a
1948 3742 2131 3796 multis
2152 3739 2496 3795 auditoribus
2529 3753 2637 3791 non
2682 3736 3081 3806 intelliguntur.
3118 3732 3182 3787 Et
3224 3733 3275 3788 id
3306 3731 3470 3785 nimi—

1886 3852 2005 3892 rum
2056 3835 2139 3891 vel
2172 3838 2289 3905 ipsa
2342 3830 2655 3888 Scrvatoris
2717 3830 2983 3885 sententia
3037 3827 3233 3890 innuit,
3288 3841 3410 3880 cum
3452 3863 3469 3889 ,

1892 3928 2144 3990 «Vobis,»
2184 3928 2362 3998 inquit
2418 3924 2723 3995 discipulis,
2763 3942 2782 3974 ι
2808 3922 2995 3977 datum
3038 3932 3121 3974 est
3161 3934 3326 3974 nosse
3356 3936 3472 3988 my-

1884 4022 2069 4087 stei'ia,
2093 4020 2199 4076 illis
2229 4034 2357 4073 vero
2388 4019 2441 4071 in
2467 4015 2797 4085 parabolis“
2823 4031 2837 4068 :
2865 4032 2884 4065 ι
2920 4013 3076 4066 vobis
3107 4010 3355 4064 videlicet
3389 4008 3478 4064 fas

1881 4126 1989 4180 est,
2026 4124 2085 4169 ut
2110 4110 2550 4170 aecuratissima,
2581 4116 2635 4161 et
2670 4120 2845 4175 usque
2876 4105 2941 4159 ad
2980 4103 3266 4157 minimum
3296 4101 3471 4154 dcdu-

1879 4220 1970 4266 Cta
2003 4206 2299 4278 agnitione,
2327 4212 2383 4257 et
2422 4198 2758 4256 revelatione
2781 4197 3023 4268 mystcrii
3048 4192 3473 4264 intelligentiam

1880 4300 2265 4373 paraliolarum
2293 4293 2551 4350 dilatetis.

1953 4392 2135 4460 Quare
2180 4398 2235 4444 et
2292 4407 2310 4440 ι
2346 4385 2601 4441 Edissere
2642 4381 2834 4446 nobis,
2866 4398 2886 4430 ›
2937 4378 3155 4433 aiebant
3202 4373 3473 4447 apostoli,

182 4480 513 4553 παραϐολὴν
554 4478 760 4550 ταύτην
785 4494 800 4509 ο
842 4498 862 4530 ι
891 4478 1099 4548 ταύτην
1129 4478 1236 4550 ἄρα
1282 4478 1376 4531 καὶ
1405 4476 1513 4532 τῶν
1552 4478 1773 4531 ἀπειθε-

1891 4483 2239 4556 iparabolam
2260 4480 2418 4535 istam
2444 4496 2462 4529 ι
2481 4477 2525 4508 ⁶⁹
2552 4493 2565 4541 ;
2598 4487 2651 4530 et
2677 4475 2833 4528 istam
2857 4472 3043 4539 utique
3061 4470 3466 4523 contumacium

186 4575 409 4627 στάτων
467 4570 734 4624 Ἰουδαίων
781 4572 814 4641 ἡ
882 4570 1181 4642 Συναγωγὴ
1239 4590 1259 4624 ι
1305 4569 1431 4625 οὕτε
1487 4570 1780 4640 βλέποντες

184 4664 440 4727 ἔϐλεπον,
468 4662 563 4716 καὶ
590 4661 883 4725 ἀκούοντες
905 4662 1007 4715 οὐκ
1024 4661 1240 4731 ἤκουον·
1255 4681 1273 4713 ι
1296 4662 1371 4725 ὡς
1397 4661 1505 4715 τῶν
1521 4660 1779 4715 τοιούτων

186 4756 545 4828 παραϐολῶν,
575 4755 669 4808 καὶ
693 4751 1013 4823 ὀμοιώσεων
1042 4753 1200 4807 τοῦτο
1234 4754 1332 4823 μὲν
1362 4752 1649 4822 καθορᾷν,
1682 4754 1780 4808 καὶ

182 4851 435 4914 ἀκούειν
458 4849 870 4920 παρεχομένων.
890 4849 952 4901 El
981 4848 1089 4920 γὰρ
1113 4847 1210 4900 καὶ
1239 4847 1496 4918 πωρώσει
1525 4849 1626 4919 τῆς
1641 4868 1780 4921 καρ-

183 4943 309 5003 δίας
337 4944 398 4995 τὸ
427 4940 538 4995 τῶν
571 4941 839 4995 Ἰουδαίων
858 4940 1080 5010 πλῆθος,
1117 4940 1213 4993 καὶ
1245 4940 1380 5010 πρὸς
1410 4940 1471 4993 τὸ
1498 4942 1597 5011 τῆς
1627 4943 1784 4997 εὐσε-

185 5034 344 5095 ϐείας
393 5034 509 5101 φῶς
551 5033 817 5096 ἑκουσίως
880 5031 1287 5102 καταμύοντες·
1336 5052 1353 5083 ι
1384 5034 1498 5086 Οὐκ
1553 5034 1782 5090 ἔϐλεπον

188 5123 505 5193 βλέποντες,
534 5122 654 5175 οὐδὲ
679 5122 971 5185 ἀκούοντες
993 5122 1189 5191 ῆκουον
1211 5137 1223 5150 ο
1252 5138 1270 5171 ι
1298 5118 1436 5190 πλὴν
1455 5119 1591 5174 ἀλλά
1607 5138 1672 5188 γε
1687 5122 1782 5175 καὶ

187 5220 221 5286 ἡ
261 5215 549 5286 παραϐολὴ
600 5215 768 5285 μηδὲν
816 5215 953 5282 πρὸς
1001 5213 1099 5283 τὴν
1153 5212 1333 5266 αὐτῶν
1375 5211 1780 5284 ἁνθισταμένην

185 5307 433 5361 διάθεσιν
461 5309 547 5377 (τῇ
574 5307 682 5376 γὰρ
706 5305 947 5376 ἀσαφείᾳ
977 5303 1331 5375 ὲπεσκίαστο)
1361 5302 1484 5357 οὔτε
1523 5304 1778 5373 ἀγνωμο-

189 5398 358 5468 σύνης
394 5399 652 5471 ἀφορμήν
684 5416 805 5452 τινα
834 5399 1161 5469 παρέχεταυ
1192 5396 1330 5450 ἀλλὰ
1355 5398 1450 5451 καὶ
1471 5396 1561 5448 τὸν
1576 5395 1779 5464 τρόπον

187 5488 373 5543 αὐτῶν
403 5490 501 5559 τῆς
533 5488 804 5553 ἀπαθείας
833 5488 1037 5559 μᾶλλον
1075 5487 1380 5557 διελέγχει·
1411 5487 1495 5540 ὅτι
1530 5486 1650 5538 δέον
1683 5484 1779 5557 ζη-

260 5735 308 5767 ⁸¹
350 5732 483 5789 Luc.
542 5748 631 5797 xv,
685 5732 775 5788 15.

193 5820 349 5878 scqq.

870 5734 915 5767 ⁸³
973 5733 1105 5789 ibid.
1159 5734 1345 5800 17,19.

1468 5733 1492 5764 δ
1542 5732 1613 5764 HJ

433 5748 483 5787 c.
542 5748 631 5797 xv,
685 5733 775 5788 15.
870 5734 915 5767 ⁸³
973 5733 1105 5789 ibid.
1159 5734 1345 5800 17,19.
1446 5733 1492 5767 “
1542 5733 1675 5789 ibid.
1722 5734 1784 5789 28

430 5805 473 5837 ⁸⁸
497 5804 629 5861 ibid.
669 5819 786 5876 vni,
820 5804 911 5860 10.
987 5807 1030 5839 ⁸³
1057 5803 1249 5862 Matth.
1282 5821 1399 5873 xm,
1435 5803 1545 5874 '56;
1582 5820 1673 5873 xv,
1706 5804 1784 5861 15.

1902 5734 1945 5766 “
1982 5733 2111 5789 ibid.
2194 5748 2307 5796 xvi,

1893 5807 1913 5837 °
1945 5804 2075 5861 ibid.
2110 5820 2229 5871 xm,
2265 5802 2352 5857 15.

1889 4575 2175 4647 Syuagoga
2210 4569 2524 4625 Iudaeorum
2567 4583 2585 4617 ι
2626 4564 2870 4619 videntes
2921 4576 3030 4615 non
3072 4559 3366 4621 videbant,
3414 4563 3475 4608 et

1886 4667 2169 4722 audientes
2223 4677 2329 4717 non
2372 4658 2671 4713 audiebant
2714 4654 2798 4720 7°;
2833 4671 2852 4705 ›
2898 4651 3099 4723 quippe
3154 4647 3473 4719 hujusmodi

1882 4760 2082 4818 videre.
2117 4765 2172 4810 et
2205 4754 2393 4807 audire
2420 4749 2693 4822 parabolae
2723 4757 2777 4801 et
2808 4743 3199 4800 similitudines
3247 4752 3477 4811 priests-

1888 4851 2039 4905 bant.
2073 4847 2187 4904 Etsi
2215 4846 2360 4899 enim
2391 4858 2524 4913 gens
2549 4838 2895 4903 Judaeorum,
2933 4852 3058 4890 cum
3087 4836 3251 4889 corde
3298 4835 3474 4887 obdu-

1887 4953 2007 4997 rato
2041 4945 2269 4998 essent,
2302 4944 2357 4990 et
2402 4933 2509 4987 luci
2555 4930 2840 5001 religionis
2886 4939 3079 4998 sponte
3138 4936 3237 4982 sua
3280 4927 3477 4981 oculos

1886 5033 2244 5090 clauderent:
2302 5047 2320 5079 ε
2357 5025 2610 5081 Videntcs
2639 5038 2748 5077 non
2778 5021 3053 5085 videbant,
3099 5027 3153 5072 et
3185 5018 3472 5072 audientes

1885 5141 1994 5180 non
2040 5121 2375 5185 audiebant;
2409 5138 2428 5171 ι
2469 5118 2674 5172 nullam
2732 5124 2912 5169 tamen
2959 5113 3230 5173 resistenti
3277 5128 3469 5167 eorum

1887 5214 2053 5269 indoli
2092 5211 2347 5282 parabnla
2389 5197 2621 5279 (utpote
2659 5222 2781 5276 quae
2843 5204 3180 5259 obscuritate
3227 5200 3470 5255 inanve-

1885 5302 2088 5369 batur)
2139 5299 2460 5371 ignorantia:
2498 5296 2841 5352 occasionem
2870 5294 3110 5363 praebet,
3162 5292 3254 5347 sed
3286 5291 3469 5361 potius

1887 5394 2129 5463 ipsorum
2163 5408 2345 5446 mores
2379 5388 2690 5445 indolentia:
2713 5386 2944 5442 crimine
2975 5384 3288 5453 redarguit;
3322 5380 3467 5452 quod

1886 5500 1975 5540 res
2007 5499 2115 5539 non
2159 5495 2474 5555 perSpectas
2500 5498 2566 5537 ex
2600 5482 2718 5545 his,
2752 5494 2875 5551 quae
2904 5479 3018 5549 jam
3046 5477 3467 5537 intellexerant,

1902 5734 1945 5766 ⁸⁵
1982 5732 2111 5789 i-bid.
2194 5748 2307 5796 va,
2361 5732 2411 5788 1.
2518 5731 2563 5763 ⁸⁸
2591 5729 2724 5789 ibid.
2776 5727 2848 5786 22
2897 5740 3052 5797 seqq.
3147 5718 3351 5775 "ibid-
3394 5716 3467 5773 24
