3864 6218
425 341 533 406 243

1584 329 1851 391 ΡΗΟΤΙΙ
1890 327 2031 388 PAT

2154 320 2402 384 IRCHIE
2434 320 2543 381 ΟΡ.
3597 302 3684 367 ιιι

427 460 505 512 uti
561 452 812 512 solebant
854 447 1092 520 apostoli
1119 446 1150 514 ,ἶ
1184 445 1517 516 investigare
1564 445 1923 509 debuissent;
1969 442 2020 496 hi

2154 442 2262 503 τεῖν,
2293 437 2352 501 ἐξ
2377 429 2452 489 ὧν
2477 433 2755 496 συνίεσαν,
2777 428 2813 484 ἃ
2841 426 2918 499 μὴ
2938 422 3413 494 συνίεσαν,ὥσπερ
3447 421 3683 494 ἔπραττον

428 558 610 605 autem
661 546 871 601 nullum
913 556 1224 599 sermonem
1275 555 1384 595 non
1429 539 1532 594 rite
1579 537 1915 593 intellectum
1965 537 2020 589 in

431 643 614 696 animo
648 637 1041 693 recondebant.

505 735 658 788 Hanc
697 745 826 784 vero
881 725 1263 797 parabolarum
1329 733 1384 778 et
1422 721 1842 776 similitudinum
1879 718 2020 774 dilli-

433 825 690 878 cultatem
737 821 818 874 vel
857 820 970 889 ipse
1004 819 1264 872 Salomon
1310 817 1361 869 in
1416 816 1556 868 libro
1588 812 2017 867 Proverbiorum

436 911 714 975 indicavit,
738 910 864 962 dum
894 908 1058 961 verbo
1081 905 1351 974 paratione
1384 918 1544 957 voces
1573 902 1840 972 quasdam
1869 915 2024 970 aeque

432 1000 703 1070 pollentes
735 997 958 1065 apponit
983 1011 997 1060 ;
1027 994 1116 1046 ubi
1145 994 1444 1061 sapientem
1473 991 1787 1059 quemdam,
1811 997 1864 1041 et
1889 1003 2022 1056 pru-

435 1087 651 1140 dentem
683 1125 696 1148 ,
758 1083 848 1154 qui
903 1093 1137 1134 mentem
1191 1094 1345 1134 suam
1398 1077 1701 1147 proverbiis
1745 1074 2022 1140 excoluit,

436 1179 753 1233 describens
803 1193 817 1231 :
874 1195 891 1226 ι
921 1174 1226 1243 Exquiret,
1276 1171 1493 1241 inquit,
1546 1169 1860 1240 parabolam
1893 1208 1907 1229 ,
1956 1175 2012 1222 et

437 1273 671 1327 obscura
705 1271 863 1323 verba
895 1267 1254 1336 sapientium,
1292 1273 1340 1318 et
1387 1263 1674 1333 aenigmata
1709 1263 1775 1317 7‘.
1817 1279 1835 1311 ι

511 1361 713 1414 Verum
760 1360 872 1412 haec
927 1356 1172 1410 doctrina
1200 1370 1229 1408 a
1259 1354 1531 1424 parabolae
1570 1362 1625 1406 et
1649 1349 2025 1406 similitudinis

436 1452 863 1521 proprietatibus
895 1449 1000 1502 huc
1041 1462 1148 1500 non
1182 1447 1351 1502 invite
1384 1446 1640 1508 deducta,
1677 1443 1800 1497 aliis
1861 1449 2027 1510 atque

439 1544 563 1597 aliis
597 1540 997 1611 quaestionibus
1022 1538 1302 1592 solvendis
1329 1535 1542 1590 ratione
1571 1534 1752 1588 adhuc
1782 1533 2026 1601 exposita

438 1644 616 1705 potest
669 1633 955 1688 inservire.
1008 1631 1066 1686 ld
1118 1646 1290 1694 vero,
1347 1629 1491 1699 quod
1547 1629 1730 1698 potius
1781 1628 2026 1694 dicetur,

438 1735 647 1794 quanto
676 1723 994 1778 accuratius
1027 1722 1302 1785 notiones,
1339 1729 1393 1774 et
1427 1720 1589 1774 verba
1625 1718 1890 1773 doctrina:
1917 1719 2026 1787 jam

2127 531 2515 587 οῖὰπόστολοι·
2549 529 2597 581 οἱ
2633 527 2690 580 δὲ
2742 525 2902 593 λόγον
2959 520 3154 574 οὐδένα
3203 517 3314 573 τῶν
3337 517 3684 588 ἀγνοουμένων

2129 624 2392 678 ἐτίθεντο.

2200 716 2274 770 Τὸ
2300 715 2358 769 δὲ
2385 713 2483 782 τῆς
2512 707 2856 782 παραϐολῆς,
2883 705 2980 760 καὶ
3001 702 3313 774 ὁμοιώσεως
3345 699 3687 772 δυσθεώρητον

2130 808 2229 862 καὶ
2249 809 2276 860 6
2306 802 2721 878 Παροιμιαστὴς
2752 802 2817 872 τῇ
2870 795 3174 868 παραθέσει
3207 793 3317 847 τῶν
3357 793 3687 862 παραλλήλων

2133 899 2324 970 φωνῶν
2352 898 2724 967 ὑπεσήμηνεν,
2751 892 2914 962 ήνίκα
2945 889 3035 944 τὸν
3060 890 3178 950 ταῖς
3215 885 3534 955 παροιμίαις
3560 883 3688 937 τελε-

2091 1035 2096 1039 .
2133 994 2328 1048 σθέντα
2357 991 2454 1064 τὴν
2481 991 2721 1044 διάνοιαν
2754 986 2917 1054 σοφόν
2957 1000 3077 1036 τινα
3103 978 3444 1048 διαγράφων,
3474 981 3564 1032 καὶ
3587 978 3691 1048 νοή-

2139 1103 2301 1159 μονα,
2347 1102 2366 1136 ι
2407 1084 2611 1153 Νοήσει
2646 1098 2706 1134 τε
2748 1074 3085 1150 παραϐολὴν,
3153 1073 3308 1143 φησὶ,
3356 1073 3454 1125 καλ⁵
3515 1087 3693 1123 σκοτει-

2133 1179 2240 1233 νῶν
2277 1175 2387 1248 (76)
2421 1177 2610 1247 ῥήσεις
2651 1189 2710 1226 τε
2736 1170 2938 1240 σοφῶν,
2964 1168 3061 1222 καὶ
3091 1165 3414 1235 αἰνίγματα.
3453 1181 3472 1214 ι

2217 1357 2378 1412 Ἀλλὰ
2407 1346 2564 1417 οὗτος
2593 1352 2691 1423 μὲν
2730 1353 2758 1405 ὁ
2788 1349 2950 1418 λόγος
2969 1348 2998 1400 6
3015 1347 3122 1400 ἀπὸ
3149 1345 3261 1398 τῶν
3287 1341 3589 1412 ἰδιωμάτων
3614 1339 3694 1409 τῆς

2138 1449 2476 1522 παραϐολῆς,
2506 1448 2600 1502 καὶ
2632 1444 2948 1516 ὁμοιώσεως
2969 1443 3030 1495 οὐ
3071 1439 3351 1501 παντελῶς
3387 1434 3696 1502 καθελκόμε·

2136 1561 2246 1610 νος,
2279 1540 2514 1606 πολλῶν,
2552 1539 2645 1592 καὶ
2677 1536 2854 1591 ἄλλων
2882 1533 3026 1587 κατὰ
3068 1531 3160 1584 τὸν
3205 1529 3499 1600 εἰρημένον
3523 1526 3694 1596 τρόπον

2137 1631 2516 1706 ἐξευμαρίξειν
2545 1629 2838 1702 ζητήματα
2862 1625 3106 1679 δύναται.
3141 1625 3207 1676 ’Ὀ
3238 1621 3296 1673 δέ
3323 1618 3524 1690 μᾶλλον
3555 1616 3696 1688 ῥηθή-

2139 1745 2318 1792 σεται,
2345 1728 2469 1780 ὅσον
2497 1725 2597 1795 τῆς
2616 1719 3072 1792 προτεταγμένης
3093 1716 3325 1786 θεωρίας
3351 1712 3550 1785 μᾶλλον
3564 1712 3696 1781 ἀκρι-

439 1825 656 1872 statutae
707 1817 1003 1881 enuclent,
1061 1823 1215 1868 tanto
1259 1812 1433 1882 magis
1481 1813 1757 1882 propriam
1809 1810 2037 1866 solutio-

2154 1823 2442 1890 Ξολογεῖται
2477 1820 2546 1872 τά
2573 1821 2636 1871 τε
2666 1817 2993 1887 πράγματα,
3027 1811 3122 1865 καὶ
3159 1810 3229 1863 τὰ
3261 1811 3508 1880 ῥήματα,
3539 1803 3698 1858 τοσοῦ.

440 1923 562 1961 nem
615 1906 908 1976 proponit,
955 1918 1189 1974 eamque
1233 1910 1436 1957 nostra:
1471 1902 1568 1957 uni
1615 1902 1852 1972 applicat
1883 1916 2036 1972 quaa-

445 1998 638 2054 stioni.

515 2089 724 2159 Duplici
771 2097 951 2143 autem
1007 2103 1172 2142 sensu
1237 2101 1391 2141 sacra
1461 2085 1682 2140 oracula
1739 2099 2036 2154 puerorum

441 2196 643 2235 nomen
696 2189 1009 2249 usurpant:
1053 2178 1258 2233 scilicet
1289 2222 1303 2245 ,
1362 2195 1382 2229 ‹
1434 2176 1608 2231 Sinite
1657 2177 1952 2246 parvulos,
1985 2184 2040 2230 et

443 2271 612 2325 nolite
654 2285 748 2325 eos
800 2269 1088 2337 prohibere
1127 2267 1194 2322 ad
1244 2281 1330 2320 me
1370 2266 1556 2320 venire
1596 2265 1683 2332 7’;
1717 2284 1735 2317 ι
1784 2266 2038 2334 quodque

445 2363 514 2416 ab
543 2363 644 2415 hac
689 2361 1085 2432 signiﬁcatione
1116 2375 1221 2414 non
1256 2360 1414 2426 longe
1454 2358 1650 2418 distat,
1707 2375 1726 2409 ι
1759 2357 1870 2412 Nisi
1900 2373 2034 2412 con-

442 2455 586 2511 versi
619 2454 852 2516 fueritis,
886 2464 940 2507 et
973 2452 1283 2508 eﬂiciamini
1347 2451 1488 2506 sicut
1516 2450 1727 2520 parvuli
1756 2489 1770 2512 ,
1810 2464 1916 2503 non
1955 2450 2039 2503 in-

445 2547 664 2602 trahitis
707 2546 761 2600 in
816 2561 1043 2615 regnum
1095 2545 1360 2600 caelorum
1413 2544 1481 2594 ⁷³.
1523 2563 1543 2596 θ
1607 2543 1813 2598 Deinde
1863 2557 2034 2596 vero:

451 2661 470 2694 ι
508 2638 725 2695 Fratres
749 2682 764 2706 ,
794 2640 964 2695 nolite
1001 2640 1156 2708 pueri
1195 2637 1330 2694 eliici
1381 2637 1664 2700 sensibus,
1713 2637 1803 2692 sed
1833 2635 2040 2691 malitia

445 2733 659 2804 parvuli
693 2741 868 2787 estote
897 2732 965 2786 ⁷⁸.
1000 2750 1018 2783 ›
1071 2730 1254 2797 Quare
1291 2747 1422 2801 puer
1459 2730 1567 2784 duo
1611 2729 1914 2799 signiﬁcat,
1947 2740 2042 2783 aut

445 2823 628 2893 potius
670 2822 811 2887 tria;
855 2822 1125 2892 siquidem
1191 2821 1416 2886 Paulus,
1455 2821 1540 2876 vir
1593 2821 1680 2875 ille
1726 2822 1779 2874 in
1829 2821 2033 2876 divinis

448 2913 821 2984 humanisque
852 2914 1019 2968 rebus
1056 2915 1301 2984 quolibet
1347 2915 1458 2968 alio
1489 2914 1788 2984 sapientior
1813 2956 1828 2980 ,
1864 2921 1920 2968 et
1947 2912 2040 2983 qui

445 3017 606 3060 norat
638 3016 1040 3061 consentaneas
1066 3021 1228 3060 voces
1253 3007 1503 3076 cngnatis
1533 3006 1849 3060 notionibus
1883 3013 2040 3074 apta-

447 3113 507 3153 re
531 3138 546 3162 ,
584 3097 826 3168 profatus
857 3107 939 3153 est
973 3116 985 3152 :
1025 3119 1044 3150 ι
1074 3098 1212 3164 Quia
1247 3113 1378 3168 ergo
1406 3099 1560 3168 pueri
1593 3098 2039 3151 communicave-

2138 1931 2230 1968 τον
2257 1912 2566 1976 ἰδιάζουσαν
2598 1910 2899 1977 ἀποφαῖνον
2922 1905 3005 1974 ἐφ’
3041 1903 3122 1957 ἐνὶ
3151 1902 3431 1973 ζητήματι
3455 1897 3697 1970 περιγρά-

2139 2025 2230 2076 φει
2252 2006 2351 2076 τὴν
2381 2003 2649 2058 ἐπίλυσιν.

2210 2097 2396 2153 Διττόν
2423 2113 2503 2150 τοι
2557 2096 2667 2166 γὰρ
2709 2085 2803 2146 οὖν
2853 2088 3008 2161 παρὰ
3051 2089 3166 2150 τοῖς
3204 2086 3373 2157 ἱεροῖς
3407 2081 3698 2154 ἡμῶνχρη-

2141 2191 2300 2260 σμοῖς
2321 2188 2388 2239 τὰ
2419 2185 2608 2239 παιδία
2631 2200 2645 2215 ο
2675 2204 2694 2231 σ
2734 2183 2939 2252 ’Ἄφετε
2991 2179 3102 2250 γὰρ
3162 2177 3231 2230 τὰ
3277 2175 3492 2238 παιδία,
3528 2175 3616 2226 καὶ
3639 2173 3696 2243 μή

2142 2281 2377 2338 κωλύετε
2405 2279 2546 2332 αὐτὰ
2574 2275 2832 2348 ἔρχεσθαι
2868 2273 3005 2344 πρός
3037 2288 3103 2341 με
3124 2287 3140 2304 ο
3169 2289 3188 2322 I
3208 2269 3304 2322 καὶ
3333 2269 3437 2338 τῆς
3454 2267 3612 2336 αὐτῆς
3629 2268 3700 2318 ἐνο

2140 2375 2287 2436 νοίας
2317 2373 2378 2426 οὐ
2409 2371 2619 2442 πόρρω,
2650 2387 2667 2420 ι
2715 2367 2842 2419 Ἐὰν
2887 2362 2961 2436 μὴ
2997 2362 3296 2434 στραφῆτε,
3327 2360 3426 2414 καὶ
3474 2356 3698 2428 γένησθε,

2139 2468 2215 2532 ὡς
2237 2466 2304 2520 τὰ
2323 2464 2531 2529 παιδία,
2568 2462 2628 2515 οὐ
2665 2460 2739 2532 μὴ
2769 2457 3046 2528 εἰσέλθητε
3079 2457 3159 2518 εἰς
3189 2454 3290 2524 τὴν
3318 2451 3594 2523 βασιλείαν
3614 2449 3700 2502 τῶν

2141 2557 2386 2632 οὐρανῶν
2413 2573 2428 2588 ⁸
2471 2576 2488 2608 I
2525 2551 2668 2619 εἶτα,
2697 2571 2716 2605 ι
2756 2549 3024 2619 Ἀδελφοὶ,
3060 2547 3134 2619 μὴ
3163 2546 3356 2600 παιδία
3380 2541 3592 2614 γίνεσθε
3606 2544 3700 2632 ταῖς

2144 2631 2362 2724 φρεσὶν,
2396 2647 2532 2702 ἀλλὰ
2555 2650 2620 2716 τῇ
2644 2644 2814 2714 κακία
2845 2640 3166 2710 νηπιάζετε.
3201 2660 3220 2690 ι
3263 2637 3430 2690 ’Ὡστε
3471 2632 3632 2688 διττὸν
3651 2631 3702 2686 ἂν

2144 2747 2228 2815 εῐη
2259 2743 2322 2796 τὸ
2354 2740 2615 2802 παιδίον,
2643 2735 2842 2808 μᾶλλον
2865 2733 2922 2786 δέ
2946 2733 3039 2785 καὶ
3063 2729 3247 2800 τριτόν
3270 2746 3284 2759 ·
3317 2729 3480 2797 εἴπερ
3505 2728 3532 2779 6
3555 2725 3691 2793 σοφὸς

2143 2835 2194 2887 εἰ
2248 2849 2330 2895 τις
2373 2829 2536 2891 ἄλλος
2585 2827 2656 2880 τὰ
2717 2824 2836 2877 θεῖα
2874 2821 2972 2875 καὶ
3021 2820 3090 2874 τὰ
3115 2816 3462 2888 ἀνθρώπινα,
3501 2815 3701 2877 Παῦλος,

2144 2925 2481 2999 ἐφαρμόζειν
2543 2937 2603 2974 τε
2665 2918 2822 2981 εἰδὼς
2852 2916 2950 2978 τὰς
3005 2910 3354 2979 καταλλήλας
3405 2907 3584 2979 φωνὰς
3609 2907 3704 2999 ταῖς

2147 2992 2608 3088 συγγενεστάταις
2645 3011 2899 3072 ἐννοίαις,
2936 3005 3339 3075 διακέκραγεψ
3375 3020 3394 3054 ι
3442 2999 3595 3055 Ἐπεὶ
3633 2992 3705 3050 οὖν

2143 3115 2214 3167 τὰ
2237 3111 2424 3165 παιδία
2453 3104 2822 3176 κεκοινώνηκε
2857 3101 3058 3173 σαρκὸς
3083 3098 3178 3152 καὶ
3211 3097 3473 3168 αἵματος,
3521 3093 3608 3146 καὶ
3627 3091 3702 3143 αὖ·

447 3198 581 3246 runt
637 3191 789 3245 carni
833 3200 886 3245 et
919 3190 1194 3259 sanguini,
1227 3198 1281 3244 et
1311 3190 1429 3259 ipse
1461 3189 1718 3244 similiter
1748 3190 2038 3258 participa-

2154 3206 2234 3269 τὸς
2297 3199 2702 3274 παραπλησίως
2744 3174 2980 3265 μετέσχε
3017 3191 3127 3244 τῶν
3154 3189 3362 3252 αὐτῶν,
3386 3188 3474 3240 ἵνα
3503 3185 3588 3238 διὰ
3634 3180 3705 3234 τοῦ

448 3283 528 3338 vit
549 3283 776 3345 eisdem,
812 3295 871 3337 ut
907 3299 1002 3354 per
1032 3292 1263 3336 mortem
1323 3284 1631 3338 destrueret
1661 3297 1784 3337 eum
1824 3282 1916 3352 qui
1947 3283 2039 3336 ba-

450 3371 615 3427 bcbat
647 3374 836 3427 mortis
869 3373 1157 3442 imperium
1190 3373 1254 3427 ⁷³.
1297 3391 1316 3423 ι
1348 3372 1506 3427 Patet
1537 3373 1680 3427 enim
1712 3413 1727 3439 ,
1771 3372 1921 3442 quod
1954 3373 2042 3427 hic

451 3480 557 3518 vox
612 3481 741 3529 puer
788 3480 960 3534 neque
1001 3465 1224 3534 simplex
1250 3505 1265 3530 ,
1306 3481 1482 3535 neque
1516 3467 1766 3520 innocens
1793 3505 1808 3530 ,
1866 3481 2044 3534 neque

451 3555 772 3610 calliditatis
822 3571 1004 3625 expers
1030 3595 1046 3620 ,
1099 3556 1210 3610 imo
1249 3571 1389 3627 neqe
1444 3557 1702 3621 stultum,
1744 3566 1792 3611 et
1834 3559 2042 3627 patiens

455 3648 615 3716 facile
667 3648 1068 3702 circumversari
1119 3649 1291 3719 possit
1337 3649 1606 3719 intelligi,
1653 3649 1749 3704 sed
1795 3662 2044 3702 naturam

461 3738 754 3790 humanam
778 3739 1099 3807 simpliciter
1128 3738 1415 3810 siguilicet.

527 3830 704 3898 Quam
734 3832 804 3886 ob
827 3846 1050 3885 causam
1085 3831 1423 3898 Praecursor,
1451 3841 1506 3886 et
1530 3831 1857 3902 Redemptor
1889 3833 2046 3902 pueri

455 3926 664 3996 Optimo
702 3924 825 3994 jure
869 3924 1054 3978 vocari
1095 3933 1430 3995 potuerunt,
1472 3925 1600 3995 quia
1647 3933 1699 3980 et
1749 3940 2045 3995 puerorum

456 4027 668 4073 naturae
697 4019 1181 4073 communicarunt
1208 4034 1222 4083 ;
1265 4027 1317 4071 et
1342 4018 1488 4087 quod
1525 4019 1698 4090 magis
1729 4018 2001 4087 peculiare
2029 4059 2045 4084 ,

455 4116 511 4162 et
541 4107 822 4177 proprium
857 4115 973 4173 est,
1015 4107 1145 4176 quia
1179 4107 1406 4160 multam
1449 4106 1730 4160 lenitatem
1757 4146 1774 4172 ,
1812 4115 1865 4161 et
1905 4109 2050 4162 inter

457 4201 793 4270 multiplices
846 4200 1224 4270 perpessiones
1267 4199 1744 4254 mansuetudinem
1776 4239 1789 4263 ,
1834 4215 2047 4254 mores-

458 4308 567 4364 que
612 4293 797 4364 pueris
830 4307 934 4347 non
978 4293 1257 4348 absimiles
1288 4308 1399 4363 prae
1426 4307 1486 4347 se
1517 4291 1788 4346 ferebant.
1834 4291 2049 4347 Etenim

457 4405 755 4460 puerorum
807 4405 984 4444 mores
1026 4389 1126 4458 ipsi
1174 4390 1227 4443 in
1271 4383 1329 4444 se
1367 4387 1679 4443 referebant
1718 4403 2005 4456 expressos
2031 4426 2046 4450 ,

2144 3299 2374 3354 θανάτου
2402 3293 2735 3364 καταργήσῃ
2783 3289 2873 3344 τὸν
2905 3287 2966 3340 τὸ
2996 3285 3200 3356 κράτος
3230 3281 3426 3353 ἔχοντα
3452 3277 3542 3332 τοῦ
3571 3275 3707 3330 θανά·

2143 3406 2257 3443 του.
2301 3407 2318 3439 ι
2356 3386 2526 3457 Δῆλον
2559 3383 2689 3453 γὰρ,
2729 3379 2804 3442 ὡς
2832 3377 2892 3431 16
2922 3374 3166 3429 παιδίον
3221 3370 3485 3435 ἐνταῦθα,
3526 3366 3638 3420 οὕτε
3661 3364 3710 3416 τὸ

2147 3480 2410 3542 ἁπλοῦν,
2443 3479 2538 3530 καὶ
2567 3475 2820 3536 ἄκακον,
2850 3471 2946 3524 καὶ
2992 3465 3370 3534 πανουργίας
3397 3461 3707 3527 ἐλεύθερον.

2145 3573 2505 3643 ἀπαγγέλλει,
2545 3567 2673 3624 οὔτε
2734 3565 2839 3638 μὴν
2869 3563 2932 3617 τὸ
2963 3562 3289 3624 ἀσύνετον,
3331 3556 3438 3612 καὶ
3481 3554 3591 3623 τὴν
3615 3549 3712 3643 dide

2144 3642 2320 3723 νοιαν
2357 3661 2776 3732 εὐπερίφορον,
2809 3657 2946 3712 ἀλλὰ
2989 3655 3101 3722 τὴν
3127 3651 3520 3720 ἀνθρωπίνην
3557 3642 3710 3703 ἁπλῶς

2146 3758 2571 3829 ἐπισημαίνεται
2604 3754 2816 3824 φύσιν.

2218 3827 2421 3918 Διόπερ
2445 3849 2471 3900 ὁ
2495 3844 2810 3917 Πρόδρομος
2863 3842 2958 3895 καὶ
3009 3839 3037 3892 6
3072 3835 3285 3907 Σωτὴρ,
3342 3833 3533 3888 παιδία
3552 3831 3610 3886 ἂν
3635 3827 3714 3881 οὐκ

2148 3940 2456 4002 ἀπεικότως
2497 3935 2749 4006 κληθείη,
2799 3935 2882 3987 ὅτι
2909 3949 2969 3985 τε
3004 3932 3105 4002 τῆς
3162 3928 3348 3982 αὐτῶν
3382 3929 3520 3980 εἰσιν
3556 3921 3712 3982 οὐσίας

2150 4031 2612 4102 κεκοινωνηκότες
2632 4045 2644 4058 ⁸
2676 4028 2772 4082 καὶ
2802 4023 3262 4096 προσεχέστερον,
3286 4021 3388 4075 καὶ
3419 4017 3714 4084 οἰκειότερον

2149 4126 2238 4181 διὰ
2265 4125 2365 4196 τὴν
2389 4122 2590 4193 πολλὴν
2619 4119 2961 4192 ἡμερότητα,
2980 4117 3077 4169 καὶ
3109 4114 3399 4185 πραότητα
3447 4110 3551 4164 τῶν
3579 4106 3716 4196 πολο-

2149 4195 2364 4288 τλήτων
2397 4213 2612 4278 παθῶν,
2641 4211 2738 4266 καὶ
2761 4209 2912 4280 ἠθῶν
2941 4208 3044 4277 τὴν
3079 4206 3218 4276 πρὸς
3248 4203 3318 4256 τὰ
3348 4201 3537 4256 παιδία
3569 4195 3712 4269 ὁμοιό-

2150 4328 2310 4379 τητα.
2343 4307 2454 4361 Καὶ
2481 4307 2589 4378 γὰρ
2617 4307 2676 4357 ἐν
2701 4303 2916 4364 ἐαυτοῐς
2965 4297 3242 4351 ἐδείκνυον
3272 4296 3360 4349 δια
3371 4292 3712 4366 μορφούμενα,

2153 4401 2278 4455 οὒτε
2329 4399 2441 4470 πῦρ
2485 4400 2543 4464 ἐξ
2589 4394 2823 4468 οὐρανοῦ
2893 4389 3388 4454 καταόιϐἀζοντες,
3440 4387 3560 4441 οὔτε
3600 4383 3714 4452 ξίφει

457 4481 587 4535 dum
625 4499 723 4535 nec
758 4482 932 4548 ignem
969 4481 1312 4535 deducebant
1344 4496 1374 4534 e
1406 4481 1546 4533 cmln
1569 4521 1581 4544 ,
1628 4495 1726 4533 nec
1772 4479 2038 4548 improbos

2157 4494 2281 4556 τοὺς
2308 4490 2630 4551 ἀδικοῦντας
2660 4484 3008 4550 κολάζοντες,
3036 4481 3160 4535 οὐδὲ
3191 4483 3441 4553 χάσμασι
3477 4473 3713 4548 τιμωρού-

461 4575 645 4643 gladio
675 4575 976 4643 plcclcbanl
1007 4614 1021 4638 ,
1055 4589 1154 4626 nec
1195 4582 1354 4626 terra:
1394 4573 1632 4626 hiatibus
1669 4571 2044 4639 castigabant,

461 4680 563 4719 nec
602 4667 898 4718 obduratos
955 4665 1341 4733 demergebant
1379 4665 1430 4717 in
1469 4678 1658 4729 mare;
1696 4661 1790 4716 sed
1820 4663 2044 4715 lenitate

463 4772 527 4810 ac
579 4757 892 4826 placiditate
947 4757 1001 4809 in
1051 4772 1346 4825 puerorum
1397 4756 1757 4811 similitudine
1789 4771 1848 4810 se
1878 4754 2052 4809 collo-

462 4859 689 4910 cautes,
731 4847 1078 4934 sermonibus
1117 4848 1309 4914 puerili
1361 4849 1580 4918 ingenio
1624 4845 2056 4901 accommodatis

461 4941 771 4994 cdocendos
793 4941 1136 5002 erudiebant,
1165 4940 1464 4994 secundum
1495 4940 1622 4993 illud
1656 4957 1668 4993 :
1700 4960 1717 4991 ‹
1759 4939 1868 4993 Lac
1903 4939 2058 4992 vobis

461 5043 649 5100 potum
676 5030 822 5098 dedi,
849 5046 957 5084 non
982 5047 1165 5086 escam
1186 5032 1260 5096 ⁷⁶;
1294 5049 1310 5078 ι
1340 5040 1392 5083 et
1415 5041 1675 5098 praetcrea
1702 5050 1719 5080 ‹
1747 5029 1914 5082 Multa
1947 5030 2055 5083 alia

465 5125 639 5179 habeo
668 5125 869 5190 dicere,
903 5125 997 5180 sed
1029 5141 1136 5178 non
1171 5126 1650 5204 potestis.portare
1685 5123 1844 5177 modo
1876 5124 1940 5176 ⁷⁷.
1984 5142 2002 5173 ι

537 5216 838 5272 Locutione
885 5216 1070 5287 itaque
1113 5232 1290 5285 neque
1334 5216 1594 5283 absurda,
1648 5231 1825 5285 neque
1857 5225 2056 5269 contu-

463 5311 691 5366 meliosa
724 5311 875 5380 pueri
911 5311 1098 5381 utique
1135 5308 1322 5364 haberi
1359 5317 1651 5378 poterunt,
1679 5319 1731 5362 et
1763 5308 1868 5362 dici
1890 5349 1904 5374 ,
1935 5319 2051 5361 tum

534 5427 578 5459 '”
612 5425 774 5482 Prov.
801 5442 839 5487 I.
874 5426 928 5482 6,
961 5425 1060 5480 llic
1087 5441 1287 5495 sequor
1319 5425 1638 5495 versionem
1665 5423 1830 5482 LXX.

462 5500 511 5533 ⁷⁵
539 5497 704 5555 Hebr.
738 5513 804 5555 II.
841 5499 930 5554 14.
1006 5498 1051 5530 ⁷⁸
1084 5493 1259 5554 Ιϐοτ.
1295 5512 1379 5564 III,
1411 5497 1467 5550 2.
1545 5496 1590 5528 ⁷⁷
1617 5493 1777 5551 Joan.
1815 5510 1925 5561 va,
1963 5495 2052 5548 i2.

1908 5425 1952 5454 "’
1985 5422 2177 5478 Matth.
2210 5437 2324 5485 XIX,
2362 5423 2448 5477 li.

2161 4602 2333 4657 μενοι,
2369 4583 2489 4636 οὐδὲ
2522 4578 3020 4640 καταποντίζοντες
3066 4577 3222 4628 ὕδατι
3255 4576 3383 4637 τοὺς
3415 4569 3714 4628 ἁπειθὸτας·

2157 4673 2295 4724 ἀλλὰ
2322 4670 2529 4723 παίδων
2558 4669 2667 4739 (7T)
2705 4670 2784 4730 είς
2823 4666 3120 4735 ὁμοιότητα
3162 4665 3255 4718 διὰ
3289 4663 3392 4732 τῆς
3428 4661 3714 4732 πραότητος,

2162 4764 2256 4816 καὶ
2282 4762 2589 4834 ἁοργησίας
2613 4758 2988 4821 καθιστῶντες
3007 4758 3260 4818 ἑαυτοὺς,
3287 4755 3556 4814 παιδικοῖς
3573 4750 3716 4814 λόγοιν

2159 4855 2287 4917 τοὺς
2325 4853 2740 4923 μαθησομένους
2765 4849 3062 4921 ἐρύθμιζον
3091 4850 3233 4901 κατὰ
3257 4848 3341 4909 τὸ,
3383 4866 3400 4898 ι
3434 4845 3576 4898 Γάλα
3602 4839 3716 4908 ὑμᾶς

2165 4949 2416 5008 ἐπότισα,
2440 4947 2534 4997 καὶ
2555 4946 2613 4996 οὐ
2637 4944 2838 5014 βρῶμα
2857 4960 2870 4973 ο
2903 4962 2920 4994 ι
2945 4943 3041 4995 καὶ
3076 4943 3204 5012 μὴν,
3231 4960 3250 4991 ‹
3274 4941 3386 4994 Καὶ
3413 4938 3545 4992 ἄλλα
3580 4929 3718 4987 πολλᾶ

2165 5039 2274 5110 ἔχω
2299 5039 2500 5107 λέγειν,
2536 5037 2672 5090 ἀλλὰ
2703 5037 2763 5088 οὐ
2789 5034 3021 5089 δύνασθε
3060 5034 3357 5105 βαστάζειν
3389 5032 3536 5102 ἄρτι.
3569 5046 3586 5079 ι

2236 5217 2398 5268 Ὥστε
2433 5215 2621 5278 παῖδες
2641 5215 2742 5267 οὐκ
2768 5214 3051 5285 ἀπᾴδοντι,
3079 5211 3202 5266 οὔτε
3243 5211 3377 5282 πρὸς
3399 5209 3554 5279 ὓϐριν
3581 5206 3715 5270 ἐκρε-

2166 5308 2381 5378 ρομένῳ
2435 5307 2581 5377 λόγῳ
2636 5307 2733 5358 καὶ
2780 5306 3089 5374 νομισθεῖεν
3121 5302 3209 5366 ἂν,
3243 5303 3337 5355 καὶ¹
3394 5294 3716 5370 ῥηθεῖενὸτε

2524 5421 2573 5452 ⁷³
2605 5418 2798 5474 Matth.
2837 5433 3008 5482 XVIII,
3056 5417 3109 5470 5.
3229 5415 3276 5446 "
3307 5411 3479 5468 lCor.
3509 5425 3609 5472 xw,
3633 5403 3706 5458 20.

2027 5613 2256 5670 NOTAE.

470 5801 518 5859 bi
540 5731 651 5802 (76)
682 5733 942 5790 Σκοτεινά
993 5735 1198 5807 rel‘mgc
1227 5751 1291 5792 ex
1325 5749 1490 5791 sensu
1525 5739 1578 5786 ct
1625 5730 1767 5786 libro
1826 5728 2058 5786 Prover-

506 5817 704 5859 torum.

506 5817 704 5859 IOt'uut.

2241 5727 2354 5798 (77)
2388 5726 2635 5798 Quatuor
2684 5722 3047 5798 praecedentia
3087 5721 3252 5778 verba
3303 5736 3367 5778 cx
3417 5733 3547 5774 mss,
3597 5707 3717 5762 Valt-

2163 5796 2309 5855 cano
2331 5808 2383 5856 ct
2414 5796 2709 5855 Barbcrino
2744 5796 3134 5866 supplevitnus.
