3864 6218
136 353 236 418 245

1055 353 1157 414 ΑΒ
1178 352 1780 415 AMPHILOCHIUM
1805 352 2154 427 QU/ESTIO
2192 352 2457 418 XXXIV.

3291 352 3400 418 246

138 453 405 540 βαπτίζων
424 467 481 520 ὲν
507 463 682 532 ὕδατι,
709 464 803 520 καὶ
830 467 858 520 6
881 464 1160 536 βαπτίζων
1189 471 1248 522 ὲν
1269 469 1424 542 πυρὶ,
1473 471 1616 525 κατά
1637 489 1701 541 γε

1815 470 1904 541 qui
1937 471 1992 524 in
2024 485 2198 541 aqua,
2244 479 2359 524 tum
2399 468 2492 540 qui
2535 469 2589 524 in
2619 470 2741 542 igne
2776 469 3086 540 baptizabat
3104 471 3170 538 ⁷⁸,
3197 487 3396 527 secun-

134 563 217 613 τὸν
241 561 396 628 λόγον
424 559 519 627 τῆς
541 557 775 626 φύσεως,
797 559 895 612 καὶ
933 559 1042 612 τῶν
1087 563 1508 633 σημαινομένων
1530 563 1591 617 τὸ
1618 583 1700 618 τι-

136 650 410 722 μιώτερον,
448 652 540 704 καὶ
571 652 915 723 σεμνότερον.
946 651 1136 717 Παῖδες
1165 654 1222 706 δὲ
1249 653 1348 726 τὴν
1383 655 1700 728 ἀφροσύνην

132 743 476 814 νηπιάζοντες
493 743 562 796 τὰ
584 743 694 797 τῶν
735 744 1009 798 Ἰουδαίων
1039 745 1241 815 πλήθη,
1268 747 1314 799 οἱ
1337 748 1473 818 μήτε
1492 765 1702 802 καταυο

131 837 390 908 λούμενοι,
431 838 566 908 μήτε
590 837 1106 908 θρηνούμενοι,ούδὲ
1141 839 1265 893 καθ’
1294 840 1481 913 ἕτερον
1494 841 1701 896 τούτων

129 933 220 1000 τῆς
270 931 601 1002 ἀπροσεξίας
651 931 1063 1002 μετανέστησαν
1099 972 1114 996 ,
1179 932 1300 986 οὐδὲ
1339 937 1439 1004 τῆς
1493 935 1704 999 οἰκείας

134 1021 426 1093 μοχθηρίας
455 1023 552 1092 τὴν
579 1023 904 1094 ἀπαλλαγὴν
927 1024 1111 1096 ζητεῖν
1149 1025 1495 1096 ᾑρετίσαντο.

279 1117 441 1169 δὲτὺν
459 1117 688 1188 Σωτῆρα
739 1117 962 1171 λέοντα
1017 1117 1280 1182 πολλάκις
1326 1118 1562 1186 ἀκούων,
1605 1120 1701 1173 κα)⁸

126 1209 209 1261 τὸν
235 1208 356 1261 καθ’
419 1209 579 1279 ήμῶν
643 1211 838 1281 ἐχθρὸν
885 1211 1197 1283 ώρυόμενον
1251 1211 1359 1265 ὑπὸ
1397 1213 1495 1284 τῆς
1529 1213 1704 1283 αὐτῆς

126 1301 442 1370 δηλούμενον
463 1302 733 1372 κλήσεως,
756 1302 1043 1369 σκώληκὰ
1057 1321 1117 1357 τε
1137 1305 1296 1358 πάλιν
1316 1305 1410 1359 τὸν
1429 1307 1704 1376 Δημιουρ·

125 1395 215 1462 τὸν
241 1396 335 1464 τῆς
394 1394 601 1464 ὁρατῆς
653 1411 714 1450 τε
769 1395 866 1450 καὶ
908 1396 1141 1468 ἀοράτου
1181 1397 1448 1462 κτίσεως·
1496 1417 1514 1450 ι
1558 1398 1702 1467 Ἐγὼ

125 1487 225 1556 γάρ
253 1489 367 1558 είμι
421 1487 661 1558 σκώληξ,
721 1489 818 1542 καὶ
872 1489 972 1543 οὐκ
1015 1489 1334 1562 ἄνθρωπος’
1370 1491 1575 1555 ὄνειδος
1603 1493 1701 1546 ἀν-

126 1580 358 1652 θρώπου,
387 1581 487 1634 καὶ
515 1581 858 1653 ὲξουθένημα
885 1581 1018 1636 λαοῦ
1041 1599 1056 1615 ⁸
1087 1603 1106 1636 ι
1133 1584 1272 1638 ἀλλὰ
1319 1585 1415 1638 καὶ
1449 1605 1467 1638 ι
1511 1586 1539 1638 6
1558 1585 1703 1640 σκώο

124 1669 217 1738 ληξ
240 1671 418 1724 αὐτῶν
447 1673 742 1742 (τιμωρίας
762 1673 921 1725 τοῦτο
962 1673 1274 1744 βαρυτάτης
1321 1670 1483 1746 εἶδος)
1515 1678 1576 1746 ού
1609 1694 1700 1730 τε-

124 1759 399 1831 λευτήσειο
619 1739 678 1814 ἐν
734 1739 973 1826 ἐκείνοις*
1018 1739 1184 1832 σοφὸς
1230 1739 1693 1836 ἐγένουδιαιέτᾷν,

125 1853 212 1904 καὶ
237 1830 325 1905 τδν
367 1851 469 1922 μὲν
493 1854 604 1908 τῶν
656 1852 887 1907 λεόντων
920 1855 1003 1918 είς
1039 1830 1139 1926 την
1189 1830 1376 1910 εἰκόνα
1409 1830 1698 1928 μεθέλκεις
1731 1830 1774 1884 Β

123 1942 211 1996 τοῦ
239 1945 535 2009 Δεσπότου,
555 1945 647 1998 τὸν
667 1945 724 1998 δὲ
742 1944 822 2016 τῷ
854 1946 1154 2017 ἀρχεκάκῳ
1185 1948 1360 2020 θηρίῳ
1384 1951 1700 2022 προσαρμόο

125 2038 260 2102 ζεις·
323 2038 416 2090 καὶ
473 2038 539 2109 δὴ
596 2039 690 2092 καὶ
755 2039 847 2094 τὸν
902 2039 1160 2112 σκώληκα
1193 2040 1291 2095 νῦν
1339 2045 1438 2112 μὲν
1468 2044 1563 2095 ἐπὶ
1599 2045 1696 2114 τῆς

126 2127 376 2198 ἀσπόρου,
410 2131 507 2183 καὶ
528 2131 824 2200 ἀχράντου,
857 2133 954 2186 καὶ
977 2133 1334 2206 ἀγεωργήτου
1372 2135 1572 2206 σαρκὸς
1598 2135 1698 2190 τοῦ

126 2219 364 2290 Σωτῆρος
394 2220 782 2292 ἐκλαμϐάνειν,
811 2223 906 2278 νῦν
927 2224 983 2278 δὲ
1005 2225 1067 2279 τὸ
1091 2225 1308 2296 πικρὸν,
1343 2228 1438 2281 καὶ
1460 2229 1702 2299 ἀπαραί-

126 2329 277 2381 τητον
310 2313 406 2383 τῆς
425 2313 706 2378 κολάσεως
729 2317 1016 2385 σημαίνειν
1035 2317 1136 2371 οὐκ
1159 2319 1418 2391 ἐρυθριᾷς
1434 2322 1698 2391 νομίζειν·

125 2405 255 2459 οὕτω
308 2408 400 2464 καὶ
463 2409 558 2461 ἐπὶ
614 2409 720 2463 τῶν
772 2411 1150 2480 εὐαγγελικῶν
1178 2414 1434 2468 παιδίων
1462 2416 1600 2486 (78),
1632 2420 1699 2490 τῇ

128 2498 332 2569 συνήθει
355 2499 645 2570 χρώμενος
672 2503 953 2573 θεοσοφίᾳ,
991 2506 1086 2558 καὶ
1117 2505 1335 2578 ἑκάστῳ
1365 2507 1569 2578 νέμων,
1606 2511 1703 2564 καὶ

127 2590 487 2660 ἀπομερίζων,
515 2593 666 2647 οὐδὲν
698 2593 822 2648 οὔτε
849 2595 1078 2666 ἀσαφὲς,
1111 2596 1235 2652 οὔτε
1258 2598 1702 2672 δυσπαρακολούο

128 2681 272 2752 θητον
296 2684 580 2755 εὑρήσεις.

187 2858 355 2932 Πολλὴ
383 2859 442 2914 δὲ
481 2861 578 2914 καὶ
631 2861 769 2934 ἄλλη
814 2865 926 2927 τοῖς
975 2865 1367 2936 ίεροπρεπέσιν
1396 2867 1554 2938 ἡμῶν
1600 2867 1707 2921 Λο-

123 2949 254 3016 γίοις
274 2951 380 3004 τών
404 2951 670 3006 τοιούτων
723 2955 1004 3021 ὀνομάτων
1035 2956 1482 3028 ἐγκατέσπαρται
1508 2959 1542 3028 ἡ
1571 2960 1708 3029 χρῆ-

128 3061 232 3108 σις·
263 3046 525 3119 καθάπερ
556 3067 574 3098 ι
610 3049 639 3100 6
665 3047 904 3118 σκύμνος
937 3051 965 3104 6
1002 3051 1101 3120 μὲν
1134 3050 1467 3123 ώρυόμενος,
1491 3053 1587 3105 καὶ
1606 3055 1706 3124 ζη-

1807 562 1938 617 dum
1972 563 2241 616 rationem
2271 562 2295 614 ?
2329 570 2556 628 naturae,
2592 572 2754 632 atque
2771 578 2870 634 pro
2900 564 3137 633 digniori
3169 563 3403 618 nobilio-

1805 657 1962 726 rique
1989 671 2269 710 sensuum.
2304 656 2373 709 At
2419 671 2546 710 vero
2579 657 2732 725 pueri
2769 657 3070 712 secundum
3107 658 3396 711 stultitiam

1803 735 2026 803 fuerunt
2060 749 2231 802 turba:
2263 746 2576 802 Jutlteorum
2607 789 2621 813 ,
2664 749 2757 816 qui
2793 765 2967 818 neque
2995 760 3181 815 cantu,
3221 763 3400 818 neque

1804 841 2194 895 lamentatione
2226 841 2508 903 commoti,
2547 841 2740 894 horum
2780 849 2977 894 neutro
3011 858 3040 895 a
3084 858 3183 896 sua
3217 856 3400 894 reces-

1804 941 1992 988 serunt
2018 933 2289 998 socordia,
2320 941 2375 986 et
2410 932 2703 986 mutationi
2739 932 3106 1001 improbitatis
3161 948 3276 988 sua:
3315 940 3401 986 ats

1802 1022 2029 1077 tendere
2060 1023 2376 1076 noluerunt.

1875 1116 1956 1169 Tu
1992 1125 2172 1168 autem
2203 1115 2331 1168 dum
2371 1115 2716 1168 Servatorem
2745 1111 2955 1180 passim
2987 1108 3254 1178 appellari
3287 1108 3398 1162 leo-

1803 1223 1920 1261 nem
1955 1208 1999 1239 7’
2024 1247 2039 1272 ,
2072 1217 2127 1261 et
2159 1207 2534 1262 adversarium
2578 1215 2826 1259 nostrum
2863 1204 3168 1272 rugientem
3201 1202 3396 1256 eodem

1802 1300 2026 1354 nomine
2065 1301 2409 1370 ittdigitatum
2442 1299 2612 1354 fuisse
2640 1298 2799 1352 audis
2841 1297 2926 1356 ⁸ος
2977 1307 3029 1349 et
3065 1310 3257 1348 rursus
3280 1310 3400 1347 ver-

1802 1409 1941 1447 mem
1979 1393 2330 1447 Conditorem
2395 1392 2632 1447 visibilis
2675 1397 2728 1444 et
2759 1389 3049 1442 invisibilis
3099 1399 3400 1451 creatur-1e;

1801 1486 2004 1556 quippe
2045 1503 2063 1535 ι
2094 1484 2206 1554 Ego
2237 1500 2356 1538 sum
2384 1523 2398 1549 ,
2434 1484 2640 1552 inquit,
2677 1482 2916 1545 vermis,
2951 1489 3004 1534 et
3049 1495 3158 1532 non
3195 1479 3361 1532 homo
3385 1515 3398 1540 .

1802 1577 2155 1649 opprobrium
2187 1578 2495 1641 hominum,
2523 1586 2577 1630 et
2604 1573 2836 1640 abjectio
2863 1571 3031 1641 plebis
3051 1571 3094 1602 ⁸¹
3112 1590 3156 1636 ι,
3211 1585 3400 1623 verum

1802 1673 1966 1727 etiam
2001 1690 2020 1723 ‹
2057 1669 2258 1725 vermis
2288 1684 2486 1724 eorum
2523 1671 2616 1739 (et
2650 1667 2752 1720 hoc
2782 1663 3164 1719 immanissimi
3188 1660 3401 1730 suppli-

1808 1764 1881 1819 cii
1915 1779 2084 1834 genus
2119 1761 2245 1834 est)
2295 1777 2405 1815 non
2451 1761 2720 1814 morietur
2748 1760 2792 1790 ⁸⁸
2821 1777 2836 1825 ;
2872 1778 2890 1810 ι
2937 1754 3399 1826 quemadmodum

1803 1857 1871 1920 iis
1897 1855 2180 1911 vocabulis
2211 1869 2434 1910 sensum
2461 1852 2744 1922 assignare
2787 1866 2984 1914 noras,
3017 1858 3072 1902 et
3107 1847 3268 1900 modo
3295 1846 3404 1898 leo-

1803 1964 1920 2002 nem
1967 1948 2032 2003 ad
2080 1946 2373 2016 imaginem
2429 1944 2640 1998 Domini
2678 1941 2943 1997 transfers
2969 1981 2982 2005 ,
3018 1939 3181 1993 modo
3216 1945 3400 1992 autem

1801 2040 1991 2095 bestia:
2038 2040 2304 2094 malorum
2373 2053 2554 2092 causa:
2615 2033 3040 2096 accommodas;
3099 2029 3406 2097 eodemque

1801 2144 1961 2207 pacto
2006 2150 2227 2188 vet-mem
2282 2147 2426 2186 nunc
2475 2130 2698 2200 quidem
2758 2129 2827 2182 de
2889 2141 3057 2182 carne
3105 2123 3406 2178 Salvatoris

1801 2246 1905 2285 nec
1928 2228 2141 2284 semine
2166 2227 2370 2296 genita,
2398 2239 2498 2278 nec
2525 2223 2687 2277 sorde
2721 2221 2925 2290 pol-luta
2954 2259 2971 2286 ,
3004 2231 3105 2273 nec
3149 2215 3405 2270 humani-

1803 2335 1892 2380 tus
1931 2321 2161 2374 educata
2205 2315 2588 2386 interpretari.
2639 2328 2785 2367 nunc
2817 2327 2946 2366 vero
3011 2309 3269 2364 acerbum
3296 2349 3312 2374 ,
3347 2325 3404 2369 et

1804 2411 2143 2471 inexorabile
2190 2407 2518 2478 supplicium
2574 2405 2807 2460 ittnttere
2865 2418 2975 2456 non
3019 2402 3278 2465 dubitas;
3329 2399 3403 2454 ita

1805 2521 2024 2579 quoque
2055 2507 2109 2558 in
2142 2502 2438 2573 propositis
2463 2497 2743 2569 Evangelii
2772 2497 2949 2568 pueris
2978 2536 2994 2560 ,
3036 2495 3080 2548 si
3115 2495 3277 2550 solita
3308 2507 3407 2548 sa-

1806 2610 2027 2650 crarum
2061 2608 2244 2647 rerum
2285 2590 2518 2644 scientia
2554 2589 2726 2643 uteris
2747 2627 2762 2652 ,
2794 2597 2850 2642 et
2887 2586 3186 2655 unicuique
3209 2625 3225 2651 ,
3256 2583 3404 2655 quod

1807 2703 1968 2743 suum
2033 2693 2140 2746 est,
2173 2683 2430 2752 adsignas
2461 2690 2515 2736 et
2547 2681 2764 2746 tribuis,
2799 2680 2933 2735 nihil
2972 2678 3056 2733 vel
3081 2679 3406 2742 obscurum,

1807 2777 1892 2832 vel
1918 2775 2216 2832 absurdum
2245 2773 2518 2826 invenies.

1879 2867 2083 2923 Verum
2118 2867 2171 2920 itt
2205 2865 2379 2920 sacris
2411 2862 2632 2917 Litteris
2683 2861 2786 2915 alia
2838 2868 3000 2928 atque
3033 2858 3138 2911 alia
3180 2855 3404 2929 nomina

1808 2963 1914 3018 hoc
1951 2971 2110 3032 pacto
2143 2967 2403 3026 usurpata
2444 2956 2648 3026 passim
2701 2962 3044 3019 occurrunt;
3083 2951 3160 3006 uti
3199 2970 3218 3002 ι
3251 2958 3406 3004 catu—

1810 3056 1938 3118 lus,
1991 3053 2165 3124 (alter
2209 3049 2472 3121 quidem)
2513 3049 2739 3118 rttgiens
2766 3088 2779 3112 ,
2825 3056 2879 3101 et
2917 3060 3168 3115 qumrens
3219 3058 3248 3096 a
3296 3045 3407 3097 Deo

125 3133 224 3187 τῶν
241 3136 447 3207 τροφὴν
481 3136 635 3207 παρά
654 3137 788 3192 Θεοῦ
813 3155 826 3168 ·
869 3157 890 3191 ι
926 3142 954 3193 6
984 3140 1040 3194 δὲ
1095 3141 1465 3211 κοιμώμενος,
1497 3143 1595 3196 καὶ
1621 3143 1704 3207 ἐξ·

1815 3162 1991 3202 escam
2017 3145 2219 3210 sibi”;
2259 3162 2278 3195 ›
2307 3145 2444 3196 alter
2483 3150 2662 3194 autem
2685 3179 2698 3203 ,
2737 3139 2830 3207 qui
2864 3137 3174 3203 accumbit,
3207 3143 3262 3190 et
3287 3150 3409 3190 sur-

130 3229 506 3298 ανιστάμενος,
576 3233 672 3284 καὶ
721 3235 1054 3304 συνεγείρων
1110 3235 1170 3288 τὺ
1212 3237 1369 3304 γένος
1395 3235 1491 3290 τοῦ
1512 3255 1573 3291 τε
1601 3255 1707 3293 παι

127 3319 266 3373 λαιοῦ
292 3322 619 3392 πτώματος,
651 3325 749 3381 καὶ
769 3325 869 3396 τῆς
908 3325 1001 3378 τοῦ
1036 3325 1269 3381 θανάτου
1299 3329 1708 3399 κατασχέσεως.

128 3413 577 3486 Καὶ,Ἐωσφόρος
617 3433 635 3466 ε
667 3419 694 3471 6
721 3417 818 3488 μὲν
849 3418 994 3488 πρωῒ
1015 3419 1348 3487 ἀνατέλλων,
1381 3440 1398 3473 ι
1426 3424 1522 3476 καὶ
1557 3441 1576 3474 ‹
1609 3423 1708 3486 τὰς

126 3506 222 3558 τῶν
244 3508 460 3561 πιστῶν
500 3509 725 3580 καρδίας
765 3529 783 3560 ι
823 3509 904 3563 ἔτι
945 3512 1146 3581 μᾶλλον
1171 3512 1248 3583 τῷ
1277 3514 1420 3583 φωτὶ
1457 3514 1559 3584 τῆς
1589 3515 1712 3569 θεο-

126 3598 348 3664 γνωσίας
374 3600 723 3667 ἐναυγάζων·
741 3601 770 3655 6
795 3601 852 3656 δὲ
873 3601 952 3673 τῷ
972 3603 1149 3675 σκότῳ
1168 3606 1708 3677 προσαρμοξόμενος,

127 3690 212 3743 καὶ
235 3690 294 3744 ὃν
347 3693 407 3746 τὸ
450 3692 701 3746 ἑκούσιον
748 3694 844 3763 τῆς
889 3695 1193 3765 μοχθηρίας
1252 3696 1354 3767 τῆς
1384 3700 1580 3767 νοερᾶς
1618 3698 1714 3750 καὶ

134 3785 390 3855 μακαρίας
413 3787 806 3857 λαμπρότητος
837 3787 1065 3857 ἀπάγει.
1089 3790 1254 3859 Ὄφις
1289 3807 1348 3842 τε
1380 3789 1526 3861 ὁτὴν
1565 3791 1712 3843 Εὕαν

130 3877 489 3949 ἐξαπατήσας,
529 3879 625 3932 καὶ
647 3881 713 3950 δὴ
737 3885 830 3934 καὶ
853 3875 914 3935 οὗ
945 3881 1192 3951 μιμητὰς
1223 3884 1373 3954 ἡμᾶς
1391 3885 1418 3936 6
1437 3884 1714 3954 Σωτήριος

129 3965 276 4035 λόγος
308 3971 720 4041 προτρέπεται·
757 3991 776 4025 ι
813 3972 1035 4026 Γίνεσθε
1066 3974 1195 4046 γὰρ,
1247 3977 1404 4044 φησὶ,
1433 3975 1712 4045 φρόνιμοι,

132 4059 199 4120 ὡς
221 4060 270 4112 οἱ
303 4059 480 4129 ὄφεις.
527 4080 547 4113 ι

207 4152 366 4207 Ἀλλὰ
393 4155 507 4225 γὰρ
561 4156 653 4208 καὶ
689 4155 940 4226 βασιλεὺς
969 4157 998 4210 ὁ
1028 4156 1127 4228 μὲν
1174 4157 1286 4210 τῶν
1310 4158 1588 4224 ἁπάντων,
1618 4159 1714 4212 καὶ

131 4238 186 4299 οὗ
214 4244 483 4317 σύμπασα
541 4248 734 4312 κτίσιςο
783 4249 1067 4305 δακτύλων
1120 4251 1322 4322 ἔργονο
1353 4253 1448 4305 καὶ
1483 4252 1589 4322 μὴν
1619 4253 1716 4305 καὶ

131 4336 231 4390 τῶν
259 4341 315 4391 ἐν
341 4339 422 4410 τῷ
451 4339 555 4410 βίῳ
575 4340 874 4411 δυσχερῶν,
932 4343 1028 4394 καὶ
1083 4342 1579 4412 σκυθρωποτάτων,
1618 4343 1716 4395 καὶ

131 4427 183 4479 ὃν
227 4435 595 4499 φευκτότατον
652 4432 781 4486 ὄντα
839 4436 1066 4502 φυγεῖν·
1113 4435 1173 4487 τὸ
1223 4433 1612 4503 χαλεπώτατόν
1656 4453 1716 4488 τε

1808 3241 1926 3311 git,
1965 3251 2022 3293 et
2055 3241 2349 3306 congregat
2382 3245 2599 3304 gentem
2634 3230 2835 3284 veteris
2865 3230 3039 3282 ruina:
3061 3269 3076 3294 ,
3105 3237 3158 3281 et
3188 3241 3381 3298 posses

1809 3332 1981 3388 sionis
2018 3330 2211 3384 mortis
2245 3326 2392 3398 ('79).
2441 3324 2570 3379 Item
2611 3322 2838 3378 Lucifer
2869 3329 2992 3384 est,
3035 3321 3130 3390 qui
3192 3340 3210 3372 ι
3249 3335 3410 3372 mane

1811 3425 1989 3479 oritur
2025 3423 2094 3491 ⁸⁵,
2127 3441 2146 3473 ι
2179 3429 2233 3474 et
2257 3419 2349 3489 qui
2397 3437 2415 3468 ‹
2450 3415 2694 3470 fidelium
2727 3416 2890 3468 corda
2917 3433 2936 3466 ι
2977 3413 3185 3466 lumine
3211 3413 3410 3466 divina:

1808 3515 2037 3572 visionis
2073 3512 2368 3583 perfectius
2403 3511 2688 3564 collustrat
2711 3506 2796 3573 ⁸³;
2840 3521 2902 3560 ac
2935 3502 3176 3568 Lucifer,
3214 3502 3306 3573 qui
3340 3503 3408 3556 ad

1813 3589 2066 3664 tenebras
2101 3605 2396 3658 damnatus
2425 3611 2540 3665 est,
2576 3612 2630 3656 et
2661 3601 2729 3654 ob
2756 3596 3123 3652 voluntariam
3155 3594 3411 3663 perduel-

1809 3702 2014 3757 lionem
2042 3696 2368 3766 intelligibili
2427 3695 2697 3762 beataquc
2719 3691 2973 3745 claritate
2997 3686 3317 3742 destituitur
3339 3687 3410 3742 ⁸⁸.

1812 3795 2047 3862 Serpens
2081 3788 2284 3859 pariter
2315 3787 2475 3852 alter,
2509 3785 2602 3855 qui
2638 3785 2802 3838 Evam
2828 3781 3040 3851 decepit
3069 3780 3138 3844 ⁸⁷,
3167 3789 3220 3834 et
3247 3781 3408 3845 alter,

1813 3885 1973 3953 cujus
2011 3897 2111 3936 nos
2147 3881 2263 3935 fieri
2301 3881 2606 3932 imitatores
2654 3873 2940 3929 Dominica
2990 3873 3244 3926 hortatur
3284 3884 3411 3924 sen-

1814 3978 2017 4033 tentia:
2067 3994 2083 4025 ‹
2117 3973 2335 4038 Estote,
2369 3972 2584 4042 inquit,
2623 3968 2921 4039 prudentes
2946 4005 2962 4030 ,
3007 3964 3153 4019 sicut
3186 3975 3414 4026 serpen-

1817 4084 1897 4128 tes
1921 4071 1990 4125 ⁸⁸.
2028 4090 2047 4121 ι

1885 4165 2110 4219 Accedit
2143 4161 2284 4232 quod
2317 4165 2651 4215 memoratur
2675 4153 2837 4224 hujus
2865 4146 3106 4204 universi
3146 4152 3298 4200 recto

1816 4269 1871 4314 et
1897 4257 2056 4327 cujus
2084 4255 2379 4324 digitorum
2411 4250 2593 4304 omnis
2625 4256 2876 4300 creatura
2907 4255 3045 4310 opus
3077 4245 3194 4303 est;
3236 4243 3291 4290 et
3322 4248 3413 4288 re-

1819 4360 1936 4404 ctor
1995 4348 2263 4401 malorum
2319 4340 2846 4405 detestabiliumqtte
2900 4334 3024 4388 vitae
3078 4343 3262 4384 rerum
3313 4328 3360 4358 °°
3392 4365 3409 4391 ,

1820 4457 1981 4511 quem
2020 4437 2246 4492 omnino
2280 4435 2455 4489 vitare
2495 4431 2786 4490 debemus,
2833 4433 2888 4479 et
2934 4438 3042 4492 quo
3093 4434 3244 4474 mors
3292 4417 3410 4486 ipsa

3303 4158 3326 4195 ιι
3339 4141 3408 4200 ιο.

131 4524 224 4575 οὐκ
251 4524 396 4578 ἐστιν
442 4527 471 4578 ὁ
514 4525 761 4589 θάνατος.
803 4525 1086 4597 ’Λστραπὴ
1126 4525 1183 4578 δὲ
1207 4526 1390 4590 πάλιν,
1414 4528 1469 4597 ,ἡ
1495 4527 1584 4580 διὰ
1617 4527 1708 4599 τὴν

1824 4531 2121 4587 terribilior
2157 4545 2262 4582 non
2298 4535 2397 4581 est.
2438 4523 2652 4578 Rursus
2686 4528 2869 4573 autem
2908 4515 3091 4584 fulgur
3121 4511 3314 4572 audit,
3358 4514 3414 4560 et

132 4615 359 4687 ἔπαρσιν
392 4618 453 4684 ἐξ
498 4618 731 4689 ούρανοῦ
761 4619 1169 4682 καταπεσοῦσα,
1211 4621 1307 4674 καὶ
1337 4620 1405 4672 δι’
1437 4616 1506 4691 ἧς
1536 4622 1568 4692 ἡ
1593 4622 1718 4674 δευο

131 4708 281 4778 τὲρου
305 4709 399 4764 τοῦ
429 4711 668 4780 Χριστοῦ
695 4713 896 4783 φρικτὴ
917 4753 930 4775 ,
965 4713 1061 4766 καὶ
1093 4713 1392 4784 σεϐάσμιος
1438 4716 1717 4786 παρουσία

132 4800 510 4868 ἀπεικάζεται.
557 4805 668 4858 Καὶ
709 4805 813 4874 ὅρα
852 4803 908 4856 δὲ
967 4804 1064 4857 καὶ
1111 4805 1302 4869 σκότος
1359 4807 1522 4876 ἱερὸν,
1578 4807 1608 4860 ὃ
1656 4807 1718 4861 τὸ

135 4892 268 4947 θεῖον
318 4899 700 4969 παρασκήνιον
733 4898 833 4969 τῆς
889 4899 1218 4971 ἀποκρυφῆς
1261 4899 1428 4953 αὐτοῦ
1475 4902 1718 4972 παρατί-

197 5031 240 5102 "_°
277 5031 475 5085 Matth.
509 5047 600 5096 ιιι,
632 5033 718 5086 l-l.
796 5033 840 5064 ⁷³
870 5033 1098 5102 Apoc.v,
1137 5034 1190 5089 5.
1267 5035 1314 5066 ⁸ο
1344 5035 1364 5089 l
1397 5035 1545 5092 Petr.
1583 5057 1636 5098 v.
1675 5039 1729 5095 8.

1819 4626 1965 4697 quod
2003 4631 2219 4693 propter
2268 4619 2408 4674 acris
2444 4614 2823 4671 elasticitatem
2856 4608 3057 4664 decidit
3091 4622 3120 4660 c
3152 4604 3290 4659 otelo
3323 4602 3367 4632 "
3394 4639 3410 4664 ,

1819 4692 1875 4773 et
1906 4716 1956 4770 id
1986 4692 2016 4779 ,ί
2041 4692 2130 4767 cui
2163 4713 2300 4766 alter
2330 4708 2536 4764 Christi
2592 4707 2861 4760 adventus
2891 4711 3101 4756 terrore
3149 4711 3213 4750 ac
3247 4692 3415 4762 maje-

1820 4817 1960 4864 state
1990 4806 2178 4874 plenus
2209 4810 2559 4871 comparatur
2591 4799 2660 4852 9’.
2695 4796 2866 4851 Porro
2894 4793 3121 4847 observa
3157 4787 3417 4842 tenebras

1820 4916 2044 4974 quoque
2092 4913 2279 4953 sacras
2310 4893 2639 4957 memorari,
2687 4903 2809 4960 quae
2853 4886 2920 4942 ad
2972 4885 3139 4938 Deum
3189 4881 3244 4935 in
3279 4878 3412 4934 Sina

1830 5039 1872 5070 ⁸¹
1907 5035 2054 5091 Psal.
2087 5052 2202 5098 ut,
2233 5034 2286 5088 7.
2363 5033 2408 5064 ⁸³
2445 5030 2546 5085 lsa.
2573 5046 2716 5090 LXVI,
2748 5028 2840 5080 24.
2917 5016 3413 5098 ⁸³-Ρειιι,-ορι,.21.

134 5100 174 5130 ⁸⁵
201 5099 320 5173 Joh.
355 5091 818 5168 ιιι,17;ιίιιχγιιι.
845 5091 934 5158 5οί
1015 5091 1122 5156 "ll
1158 5104 1302 5162 Petr.
1325 5123 1365 5172 ι,
1401 5091 1708 5164 19.773515}

1819 5107 1998 5173 ιν,12.
2056 5106 2116 5165 ,⁸⁷
2151 5091 2287 5160 ϐ’ριι.
2311 5120 2392 5168 ιιι,
2417 5102 2503 5156 15.
2547 5101 2627 5173 ,⁸⁸
2653 5099 2844 5173 Matth.
2877 5096 3046 5173 xLlii.
3085 5172 3088 5173 ν
3125 5093 3168 5123 ⁸³
3203 5091 3415 5173 Esther.

135 5172 302 5249 δῖε-5.
349 5159 429 5249 ’ντί
459 5159 766 5249 Ephes._vt,
799 5159 885 5229 l2.
963 5177 1007 5209 ’ί
1040 5173 1213 5230 Exod.
1249 5159 1490 5246 ιιι
1541 5159 2100 5249 ιιινῖίϐξὲίᾞέιέεὶἰιι
2155 5159 2259 5230 hoc
2311 5159 2491 5229 sensu
2543 5171 2599 5226 in
2667 5167 2855 5224 multis
2917 5159 3210 5234 Scriptura:
3244 5159 3415 5213 libris.

1692 5317 1926 5376 NOTJE.

141 5243 184 5270 "
213 5242 405 5298 Matth.
427 5259 577 5305 XXIV.
613 5244 702 5297 '27.
772 5258 779 5265 '

141 5453 451 5580 fug‘illz‘lllic
473 5471 694 5528 quoque
717 5458 877 5514 nobis
906 5458 1070 5516 modo
1099 5459 1308 5518 laudati
1337 5461 1564 5519 codices
1593 5479 1724 5534 pro-

171 5566 620 5674 jﬁrlnnuitur
644 5669 670 5674 __
703 5599 939 5674 fortasse
1015 5601 1453 5674 illudAMichaeaa
1543 5621 1598 5671 v,
1668 5606 1725 5660 8.

145 5663 521 5750 ξαἰιὲστ.αι“τὸ
551 5669 866 5750 ὑπόλειμμα
903 5671 1119 5750 Ἰακὼϐ,
1149 5672 1224 5737 ώς
1257 5674 1394 5728 λέων
1435 5678 1492 5729 ὲν
1523 5663 1720 5746 κτήνε-

143 5736 302 5821 ἓινεν
322 5736 402 5821 mg)
436 5736 645 5821 δρυμῷ,
676 5736 771 5821 καὶ
792 5736 882 5821 ’ὡς
912 5741 1150 5821 σκύμνος
1180 5747 1238 5797 ἐν
1269 5746 1554 5816 ποιμνίοις
1581 5736 1720 5817 τέρο-

144 5800 336 5871 Gazam,
364 5805 424 5860 ὃν
463 5800 658 5880 τρόπον
687 5800 819 5866 ’ὅταν
848 5800 1050 5883 διὲλθη,
1086 5800 1176 5867 κάξ
1205 5800 1514 5881 διαστείλας
1534 5800 1725 5889 ’ἁρπά-

1836 5481 1927 5534 σῃ,
1963 5462 2061 5517 καὶ
2101 5461 2176 5534 μὴ
2229 5456 2282 5534 ᾖ,
2311 5460 2357 5534 si
2383 5455 2799 5534 ἐξειρούμενος·
2836 5441 3416 5534 ἧψωθήσὲῖαιήικὲἔξ

2235 5512 2520 5591 θλίϐοντάξ
2557 5512 2639 5591 σε’,
2671 5512 2766 5578 καῗ
2802 5512 3078 5592 πάντεςόί
3108 5512 3288 5592 ἐχθροί
3320 5527 3414 5591 σου

1832 5582 2328 5674 ἐὲἇλὸορείιὲςὸςρτάι.
2363 5599 2432 5653 Ει
2457 5582 2888 5674 rrunt'reliquim
2919 5582 3195 5674 Iacebant
3222 5582 3413 5674 in

1824 5658 2079 5745 jtiment'is
2121 5673 2402 5745 silvarum,
2445 5679 2494 5722 et
2531 5678 2586 5720 ut
2610 5658 2832 5745 catulus
2870 5663 2924 5714 in
2959 5658 3196 5745 gregibfg
3215 5658 3412 5745 (itii—fil,

1832 5726 2276 5816 quemadmodum
2309 5726 2752 5816 cumtrnnsierit,
2785 5742 2834 5787 et
2857 5743 3059 5816 χαρίης
3097 5726 3414 5816 sibinpr‘op-o:

1832 5797 2014 5885 suerit,
2039 5823 2086 5869 et
2112 5830 2214 5870 non
2238 5814 2325 5879 sit,
2359 5811 2450 5879 qui
2477 5808 2666 5877 eripiat
2697 5822 2713 5860 :
2740 5797 3071 5857 ‘cxattabitur
3109 5806 3300 5848 titanas
3318 5800 3416 5844 tua
