3864 6218
158 323 253 388 249

1078 312 1180 373 AD
1208 307 1807 375 AMPHILOCHIUM
1844 304 2193 380 QUIESTIO
2216 304 2450 368 XXXV.

3300 293 3406 357 250

162 433 243 488 xei
265 426 721 499 συναπαρτίζεται
745 423 1006 479 διάνοιαν.
1047 421 1108 477 '0
1132 424 1266 493 γοῦν
1292 422 1532 495 ἕτοιμος,
1559 421 1719 494 μελέ-

1853 420 2090 475 endente
2118 417 2423 475 certamine
2463 414 2521 469 in
2555 410 2691 482 ipsis
2722 407 3004 482 praeludiis
3054 407 3288 475 turbari,
3337 409 3407 462 ad

159 539 263 593 της,
296 520 390 575 καὶ
418 518 710 591 μερίμνης,
740 517 834 572 καὶ
862 516 1195 589 ἀμφιϐολίας
1220 514 1607 587 ἀπήλλακται·
1626 513 1722 568 καὶ

1853 528 2004 582 psam
2035 512 2325 582 redigitur,
2345 516 2401 563 et
2432 505 2668 577 quadrat
2697 502 3050 559 sententiam.
3087 499 3192 566 Qui
3226 501 3411 569 itaque

160 618 212 681 ὃς
240 611 659 681 ἀπηλλαγμένην
698 607 861 681 φέρει
888 608 991 680 τὴν
1023 606 1328 677 συνείδησιν
1371 605 1578 675 ταύτης
1622 605 1724 675 τῆς

1853 614 1915 661 :st
1943 614 2190 674 paratus,
2220 602 2269 658 is
2312 597 2695 660 meditatione,
2746 593 3139 659 sollicitudine,
3176 608 3241 647 ac
3291 606 3413 661 per-

163 703 425 779 ὲμπαθοῦς
458 701 774 766 διαθέσεως,
805 701 960 755 οὐδὲν
997 701 1179 755 δεῖται
1211 697 1575 770 προμελετᾷν,
1603 697 1725 750 οὐδὲ

164 794 669 870 προαγωνισμὸπων,
687 793 808 846 οὐδὲ
832 792 968 864 πρὸς
990 793 1114 855 τοὺς
1130 790 1489 860 ὲνεστηκότας
1505 786 1720 853 ἄθλους,

163 889 245 943 καὶ
265 886 329 940 τὰ
351 884 633 955 γυμνάσια
662 881 1151 955 καταμερίζεσθαι.

235 1155 390 1209 Ἀλλά
414 1154 474 1208 τὸ
503 1152 686 1217 καλῶς
710 1152 1139 1225 προμελετηθὲν,
1166 1153 1260 1207 καὶ
1282 1152 1582 1225 ἐκϐεϐηκὸς
1609 1154 1728 1216 ταῖς

162 1248 409 1311 διανοίαις
455 1246 876 1317 ἀμετακίνητον,
913 1263 992 1317 τῳ
1028 1263 1086 1299 τε
1124 1246 1322 1317 χρόνῳ,
1359 1245 1453 1298 καὶ
1494 1243 1571 1315 τῷ
1616 1243 1729 1297 ἔθει

162 1344 250 1412 τὴν
282 1339 462 1410 κρίσιν
495 1339 817 1391 ἀδίστακτόν
850 1338 997 1390 ἐστιν
1024 1339 1442 1410 ἐπιφερόμενον.
1471 1336 1641 1391 Τοῦτο
1671 1335 1729 1388 δὲ

164 1431 587 1505 προϐαλλόμενον
625 1430 837 1484 οἴκοθεν
876 1432 905 1484 ό
936 1431 1033 1500 τῆς
1075 1430 1356 1494 εὐσεϐείας
1385 1430 1730 1501 ὑπέρμαχος,

162 1528 251 1598 τῆς
274 1524 367 1577 τοῦ
397 1524 667 1592 παναγίου
698 1521 1014 1592 Πνεύματος
1049 1523 1420 1594 συνεργούσης
1450 1521 1599 1592 αὑτῷ
1633 1524 1731 1593 χὰ-

167 1635 317 1689 ριτος,
346 1615 567 1686 ἕτοιμός
589 1617 704 1669 ἐστι
732 1616 825 1668 καὶ
848 1616 957 1678 τοίς
987 1614 1179 1684 μαθεῖν
1207 1614 1452 1668 ἐθέλουσι
1475 1616 1733 1685 χορηγεῖν

163 1708 251 1780 τὴν
285 1707 394 1762 ἀπὸ
422 1708 521 1777 τῆς
547 1705 897 1769 διδασκαλίας
922 1704 1192 1775 ὠφέλειαν
1212 1723 1225 1737 ·
1261 1708 1355 1759 καὶ
1384 1709 1499 1770 τοῖς
1526 1723 1733 1778 πειρω-

1832 697 2091 768 plexitate
2138 695 2250 765 jam
2311 693 2529 748 solutus
2555 698 2679 745 est:
2736 697 2791 743 et
2845 688 2938 758 qui
3004 684 3406 741 conscientiam

1834 791 1973 861 gerit
2010 790 2080 843 ab
2103 789 2206 843 hac
2233 787 2465 841 molesta
2494 782 2811 838 conditione
2868 780 3125 845 solutam,
3153 779 3268 848 ipse
3316 792 3414 831 ne-

1830 897 1941 953 que
1972 882 2170 952 praevia
2198 876 2695 942 animadversione,
2746 887 2925 943 neque
2964 868 3412 941 praelusionibus,

1834 993 2012 1048 neque
2045 993 2106 1032 ea
2144 973 2555 1046 perturbatione
2592 971 2816 1041 indiget,
2865 983 2987 1037 qua:
3033 966 3182 1021 circa
3228 962 3413 1017 immi-

1835 1078 2028 1124 nentes
2061 1082 2271 1139 pugnas
2298 1075 2353 1121 et
2382 1064 2683 1119 certamina
2709 1069 2986 1118 versatur.

1910 1161 2087 1215 Porro
2115 1158 2259 1229 quod
2284 1156 2556 1227 quispiam
2597 1162 2747 1210 recte
2791 1152 3198 1225 praemeditatur;
3229 1159 3335 1216 est,
3366 1158 3421 1205 et

1837 1250 1983 1321 quod
2016 1257 2333 1305 constanter
2363 1245 2603 1315 propriis
2650 1243 3225 1299 animadversionihus
3251 1255 3420 1295 excu-

1848 1343 1953 1407 dit,
1978 1342 2030 1395 id
2068 1340 2297 1410 tempori
2348 1353 2413 1393 ac
2450 1339 2573 1392 vita:
2605 1336 2936 1391 institutioni
2983 1335 3233 1390 stabilem
3269 1336 3422 1406 judi-

1839 1430 1997 1486 candi
2030 1430 2299 1485 rationem
2335 1428 2564 1483 inducit.
2602 1427 2739 1481 Cum
2763 1436 2945 1480 autem
2979 1427 3119 1481 hane
3135 1428 3424 1497 iudicandi

1840 1521 2110 1576 rationem
2147 1527 2522 1589 propugnator
2556 1517 2707 1573 Fidei
2742 1518 2859 1587 ipse
2900 1533 2997 1588 per
3036 1534 3093 1573 se
3128 1522 3421 1588 producat,

1839 1613 2133 1684 adiuvante
2163 1613 2337 1667 sancti
2382 1611 2623 1680 Spiritus
2661 1612 2836 1681 gratia
2875 1620 3104 1681 paratus
3142 1622 3247 1679 est,
3281 1624 3341 1668 ut
3368 1623 3425 1669 et

1842 1704 1929 1770 iis,
1965 1702 2060 1772 qui
2095 1701 2305 1756 discere
2326 1700 2572 1770 cupiunt,
2604 1699 2869 1755 doctrina:
2893 1701 3246 1755 commodum
3284 1702 3428 1756 elar-

167 1801 335 1871 μένοις
363 1798 680 1869 μωμεϊσθαι
705 1800 803 1852 καὶ
830 1797 1201 1869 διαχλευάζειν
1226 1797 1320 1851 τοῦ
1346 1797 1614 1868 δόγματος
1637 1798 1736 1871 τὴν

1853 1796 2064 1867 giatur;
2097 1803 2154 1849 et
2192 1793 2360 1849 simul
2396 1792 2486 1857 iis,
2512 1792 2609 1863 qui
2642 1792 2917 1862 dogmatis
2946 1793 3260 1848 certitudini
3293 1793 3423 1848 irri-

163 1890 443 1963 ἀκρίϐειαν
472 1888 875 1960 ἀνθυποφέρειν
912 1888 1050 1961 μετά
1082 1888 1336 1961 στερροὖ,
1373 1890 1467 1943 καὶ
1500 1888 1735 1961 ἀκλονή-

162 2001 247 2037 του
289 1983 640 2054 φρονήματος
699 1982 798 2052 τῆς
843 1998 903 2033 τε
953 1980 1378 2053 πεπλανημένης
1434 1980 1591 2054 δόξης
1645 1982 1737 2037 τὸν

162 2072 393 2144 ἔλεγχον,
424 2074 520 2127 καὶ
544 2073 645 2143 τῆς
674 2071 958 2136 εὐσεϐείας
982 2071 1042 2126 τὸ
1079 2071 1409 2143 ἀμώμητον.
1438 2072 1739 2138 Βεϐαίωσις

162 2167 283 2238 γὰρ,
317 2166 418 2220 καὶ
448 2166 789 2238 σταθηρότης
823 2162 1049 2234 γνώμης
1081 2164 1210 2228 τούς
1234 2182 1296 2218 τε
1326 2165 1464 2236 πρὸς
1501 2166 1739 2238 μάθησιν

162 2258 401 2331 ὁρῶντας
452 2257 917 2329 προσεχεστέρους
968 2257 1134 2322 ποιεῖ,
1193 2257 1287 2310 καὶ
1338 2257 1449 2311 τῶν
1496 2260 1739 2328 ἐπηρεα-

164 2350 351 2416 ζόντων
416 2349 805 2422 ἐπιρραπίζειν
847 2344 955 2402 οἶδε
994 2347 1058 2401 τὸ
1098 2348 1426 2422 κακοῦργον,
1474 2352 1569 2406 καὶ
1614 2352 1740 2407 ὲπί-

164 2444 370 2515 μοχθον.

228 2535 314 2588 Διὸ
338 2533 601 2589 τοσοῦτον
629 2535 819 2590 ἀποδεῖ
847 2534 915 2589 τὰ
945 2536 1214 2608 εἰρημένα
1234 2535 1370 2608 πρὸς
1399 2536 1607 2607 ἄλληλα
1640 2537 1743 2607 μά-

146 2626 469 2705 1200mm);
506 2629 599 2681 καὶ
636 2627 719 2681 σοὶ
751 2628 847 2681 νῦν
878 2628 1055 2696 ἔξεστι
1084 2631 1360 2702 συνορᾷν),
1390 2629 1550 2696 ὥστε,
1583 2630 1742 2701 εἴπερ

166 2738 213 2773 τι
232 2721 338 2775 τῶν
368 2720 845 2791 συνᾳδόντων,καὶ
875 2723 1333 2793 συμφωνούντων,
1368 2722 1625 2793 οὐδεμίαν
1646 2722 1744 2778 ἄλ-

165 2812 270 2876 λοις
319 2812 634 2884 ὑπερϐολὴν
680 2812 1108 2868 ἀπολείπεσθαι·
1156 2815 1276 2869 οὐδὲ
1327 2817 1361 2887 ἡ
1404 2814 1744 2887 προκειμένη

163 2904 266 2957 τῶν
294 2901 480 2976 ῥητῶν
510 2903 737 2976 θεωρία,
769 2907 866 2959 καὶ
903 2906 1152 2972 ἐξέτασις
1182 2907 1243 2959 οὑ
1277 2906 1376 2978 μὲν
1409 2902 1504 2960 οὖν
1540 2906 1644 2960 οὐκ
1681 2905 1747 2959 ἂν

166 2995 245 3069 εἴη
292 2997 431 3068 πρὸς
460 2995 778 3066 ὁμολογίαν,
810 2998 904 3052 καὶ
944 2998 1262 3070 συμφωνίαν
1294 2999 1553 3070 δευτέραν
1591 2997 1747 3064 τάξιν

165 3090 463 3160 ἀπέχουσα.
495 3090 559 3143 Ei
584 3089 670 3161 δὴ,
694 3090 771 3154 ὡς
800 3089 952 3155 ἔνιοι,
985 3092 1048 3144 τὸ
1077 3092 1177 3162 μὲν
1201 3093 1315 3157 τοῖς
1342 3092 1448 3164 πρὸ
1468 3092 1576 3145 τῶν
1603 3091 1748 3161 ἀγώ-

165 3200 262 3235 -υων
305 3180 667 3253 σχολάζουσιν
721 3182 960 3254 εἴρηται,
997 3183 1091 3238 ἴνα
1131 3183 1209 3255 μὴ
1250 3177 1389 3239 ὦσιν
1432 3184 1744 3255 ἀμελήτως,

167 3273 294 3343 μηδὲ
323 3273 426 3343 τῆς
462 3271 724 3343 ἀληθείας
760 3273 942 3341 ὀλίγον
966 3274 1124 3344 λόγον
1153 3274 1395 3345 ἔχοντες·
1425 3274 1485 3328 τὸ
1517 3274 1575 3327 δὲ
1611 3274 1749 3344 πρὸς

164 3364 281 3428 τοὺς
314 3367 371 3418 ἐν
399 3366 599 3429 αὐτοῖς
632 3364 1014 3435 ἐμϐεϐηκότας
1053 3369 1165 3431 τοῖς
1192 3366 1424 3435 ἀγῶσιν,
1453 3367 1543 3421 ἵνα
1576 3366 1651 3438 μὴ
1680 3368 1747 3437 τῇ

160 3454 324 3527 δειλίᾳ
349 3456 498 3528 πρὸς
525 3455 728 3526 ἀθρόαν
754 3456 955 3530 κρίσιν,
990 3458 1085 3510 καὶ
1113 3456 1360 3523 ἐξέτασιν
1383 3456 1666 3526 ἀγόμενοι,
1688 3457 1750 3510 τὸ

164 3547 387 3619 στερρὸν
436 3549 548 3616 τῆς
591 3546 817 3618 ἐνούσης
844 3548 1029 3610 αὐτοῖς
1067 3546 1444 3600 ὐποσαλεύωσι
1474 3545 1747 3609 πίστεως·

160 3644 248 3697 καὶ
293 3645 328 3713 ή
355 3642 595 3715 τοιαύτη
622 3642 732 3696 τῶν
760 3643 1021 3714 ῥημάτων
1054 3641 1192 3713 πρὸς
1221 3641 1320 3713 τὴν
1348 3641 1612 3713 διαφορὰν
1640 3640 1749 3696 τῶν

162 3736 552 3808 ὑποκειμένων
579 3735 831 3806 διανομὴ,
863 3736 959 3791 καὶ
990 3734 1263 3805 διαίτησις
1287 3734 1427 3806 μετὰ
1455 3733 1549 3787 τοῦ
1582 3734 1753 3805 μηδὲν

158 3828 572 3893 ἐναντιοῦσθαι,
629 3830 727 3882 καὶ
780 3829 880 3899 τῆς
938 3828 1277 3897 Δεσποτικῆς
1327 3827 1604 3898 προνοίας,
1657 3828 1752 3880 καὶ

165 3922 495 3994 συνεργείας
531 3922 688 3994 μέγας
714 3921 1037 3993 μαρτύριον,
1074 3921 1173 3977 καὶ
1198 3921 1633 3993 ἀπαράγραπτον
1662 3919 1752 3989 γί-

165 4027 330 4068 νεται.

241 4275 588 4348 Ἠρεμοῦσιν
633 4276 683 4330 οἱ
725 4274 979 4348 διωγμοὶ,
1012 4276 1077 4331 σὺ
1112 4277 1169 4331 δὲ
1207 4276 1316 4332 τῶν
1356 4277 1518 4350 ἱερῶν
1543 4278 1754 4349 Λογίων

1842 1888 1972 1944 dere
2002 1896 2232 1954 tentant,
2266 1895 2431 1956 atque
2463 1885 2729 1950 cavillari,
2764 1902 2870 1941 una
2906 1901 3031 1940 cum
3062 1886 3244 1949 ﬁrma,
3272 1896 3326 1941 et
3352 1887 3430 1940 iu-

1841 1995 2110 2037 concussa
2149 1979 2348 2035 mentis
2400 1978 2739 2044 constantia,
2780 1986 2896 2033 tum
2936 1978 3091 2034 falsae
3150 1978 3430 2049 opinionis

1842 2073 2252 2141 refutationem,
2286 2084 2402 2129 tum
2440 2071 2974 2143 irreprehensibilem
3022 2072 3304 2142 religionis
3331 2085 3432 2125 no-

1842 2177 1979 2223 stra:
2026 2168 2311 2221 veritatem
2364 2164 2612 2235 objiciat.
2669 2164 2855 2218 Animi
2897 2165 3043 2217 enim
3094 2162 3429 2230 obtirmatio,

1842 2270 2008 2327 atque
2037 2260 2344 2315 constantia
2362 2273 2470 2312 non
2498 2257 2665 2312 modo
2682 2258 3028 2312 addiscentes
3054 2256 3233 2311 reddit
3251 2264 3432 2311 atten-

1843 2352 2039 2416 tiures,
2069 2352 2163 2407 sed
2185 2352 2348 2406 etiam
2377 2353 2445 2406 ad
2471 2350 2822 2407 refellendam
2855 2351 3303 2407 contendentium
3330 2352 3434 2406 im-

1850 2444 2185 2513 probitatem
2210 2453 2267 2499 et
2287 2445 2577 2500 molestam
2609 2444 3011 2500 cavillationem
3076 2445 3243 2503 valet.

1916 2534 2215 2606 Propterea
2274 2546 2485 2591 tantum
2557 2537 2713 2593 abest
2778 2537 3267 2609 (quemadmodum
3331 2536 3432 2591 tibi

1845 2642 2066 2697 quoque
2112 2628 2425 2698 perspicere
2480 2628 2564 2684 fas
2594 2631 2722 2698 est),
2756 2636 2816 2683 ut
2875 2630 3161 2699 proposita
3204 2631 3432 2684 oracula

1846 2728 2091 2791 pugnent
2120 2723 2264 2777 inter
2292 2736 2373 2785 se,
2408 2731 2469 2777 ut
2498 2724 2882 2793 potius,quasi
2916 2738 3180 2789 consona,
3214 2732 3269 2778 et
3301 2738 3436 2778 con-

1848 2814 2163 2874 sentientia,
2218 2814 2273 2867 in
2317 2814 2468 2869 nulla
2510 2829 2570 2870 re
2610 2830 2641 2869 a
2702 2829 2760 2869 se
2823 2814 3055 2870 invicem
3108 2815 3433 2870 discedant:

1850 2917 2030 2973 neque
2078 2902 2443 2959 nihilominus
2500 2903 2738 2959 adducta
2782 2918 2975 2959 eorum
3022 2906 3434 2968 commentatio,

1849 3003 1906 3049 et
1932 2994 2195 3065 expensio
2242 2994 2474 3050 alterum
2510 2995 2844 3062 concordiae,
2905 3007 2961 3052 et
3024 2997 3433 3053 conciliationis

1853 3086 2190 3142 invenienda
2221 3089 2444 3143 modum
2480 3090 2680 3156 poterit
2718 3090 3032 3160 prohibere.
3063 3089 3337 3145 Nimirum
3363 3091 3438 3156 si,

1855 3187 1916 3233 ut
1949 3179 2171 3249 quidam
2202 3188 2418 3250 putant,
2448 3191 2780 3253 praeceptum
2816 3184 3035 3252 quidem
3068 3181 3306 3238 Petriiis
3343 3182 3441 3253 qui

1856 3280 1983 3325 ante
2012 3273 2453 3329 concertationes
2482 3276 2772 3331 exercendi
2812 3286 2960 3339 sunt,
2996 3276 3190 3331 datum
3217 3286 3299 3332 est
3330 3292 3345 3341 ;
3373 3291 3443 3331 ne

1856 3363 2068 3419 desidia
2099 3374 2434 3435 torpescant,
2491 3381 2595 3422 neu
2625 3383 2819 3437 parum
2848 3382 2950 3438 pro
2999 3370 3228 3424 veritate
3258 3369 3446 3425 dicere

1856 3456 2074 3512 valeant
2102 3474 2118 3525 ;
2150 3459 2377 3513 verbum
2410 3470 2595 3515 autem
2625 3460 2834 3516 Christi
2871 3461 2940 3516 iis
2973 3462 3066 3532 qui
3100 3461 3154 3514 in
3188 3461 3339 3531 ipsas
3363 3461 3445 3516 in-

1857 3548 2049 3604 cidunt
2074 3551 2547 3615 concertationes,
2581 3566 2651 3606 ne
2684 3551 3029 3622 trepidando,
3065 3551 3197 3606 dum
3236 3552 3292 3607 in
3330 3553 3447 3608 fre-

1857 3656 2055 3711 quens,
2090 3641 2310 3712 aliquod
2357 3644 2631 3715 judicium
2710 3660 2765 3701 et
2814 3647 3225 3718 inquisitionem
3273 3649 3451 3703 addu-

1859 3742 2061 3787 cuntur
2086 3734 2267 3789 insitae
2308 3737 2413 3791 sibi
2445 3737 2565 3791 fidei
2592 3738 2907 3794 firmitatem
2933 3742 3283 3796 subcutiant:
3316 3754 3446 3810 pro-

1859 3823 2007 3881 fecto
2064 3825 2379 3896 hnjusmodi
2430 3830 2595 3884 etiam
2651 3832 2998 3886 oraculorum
3037 3832 3268 3887 diversis
3313 3832 3447 3887 sub-

1866 3916 2032 3988 jectis
2079 3918 2424 3985 distributio,
2465 3930 2519 3976 et
2547 3924 2848 3992 assignatio
2882 3924 3046 3979 simul
3087 3935 3139 3979 et
3198 3925 3254 3978 in
3293 3924 3449 3979 nullo

1860 4019 2151 4083 repugnat,
2189 4021 2245 4067 et
2276 4012 2477 4068 divinae
2504 4015 2884 4085 providentiae,
2912 4026 3077 4085 atque
3119 4016 3310 4070 auxilii
3340 4030 3442 4071 va-

1860 4102 2061 4168 lidum,
2127 4102 2391 4172 omnique
2443 4105 2765 4175 exceptione
2801 4104 2982 4175 majus
3038 4108 3243 4175 praebet
3286 4105 3445 4162 testi-

1858 4207 2123 4247 montum.

1933 4284 2240 4353 Quiescunt
2291 4286 2721 4358 persecutiones,
2784 4297 2841 4342 ιιι
2888 4287 3097 4344 interea
3158 4304 3445 4347 sacrarum

159 4370 222 4440 τῇ
252 4370 463 4443 μελέτῃ
498 4367 750 4439 σχόλαζε.
787 4369 1262 4444 Ἀναρριπίςονται
1290 4371 1430 4425 κατά
1469 4372 1566 4443 τῆς
1595 4373 1741 4426 εὐσε-

1862 4372 2198 4428 Litterarnm
2237 4375 2579 4429 meditationi
2628 4377 2901 4431 incumbe.
2960 4376 3282 4435 Excitantur
3332 4381 3447 4437 illa}

161 4458 338 4524 ϐείας,
363 4461 466 4514 καὶ
499 4460 808 4529 μαίνονται,
838 4461 1004 4532 μηδὲν
1029 4460 1325 4533 δειλιάσῃς,
1355 4461 1492 4533 μηδὲ
1522 4462 1741 4535 θορυϐη-

1863 4474 2057 4519 contra
2114 4465 2464 4536 religionem,
2515 4475 2569 4520 et
2603 4465 2812 4533 furunt,
2868 4483 2938 4523 ne
2991 4469 3206 4535 timeas,
3261 4487 3445 4543 neque

164 4546 281 4619 θῇςο
316 4548 461 4621 μηδὲ
496 4549 637 4619 πρὸς
665 4549 727 4603 τὸ
760 4548 967 4616 λοιπὸν,
995 4550 1061 4605 ἂν
1090 4548 1234 4605 οὕτω
1260 4551 1415 4622 τύχοι
1444 4551 1543 4622 τῆς
1576 4569 1741 4623 παρα-

1864 4556 2218 4627 perturberis,
2283 4572 2465 4628 neque
2522 4558 2589 4612 ad
2643 4573 2729 4625 ea,
2775 4574 2897 4629 quae
2950 4560 3148 4616 desunt
3206 4561 3329 4626 tibi,
3383 4572 3445 4618 ut

163 4645 387 4714 σκευῆς,
418 4641 774 4709 ἀποϐλέπων,
819 4643 880 4697 τὸ
916 4644 1261 4715 παράστημα
1288 4644 1389 4713 τῆς
1415 4643 1591 4715 ψυχῆς
1642 4646 1741 4709 τοῖς

1862 4649 2369 4719 possintapparari,
2413 4660 2650 4705 mentem
2700 4652 3009 4720 intendens,
3051 4654 3218 4710 animi
3273 4656 3446 4711 robur

159 4735 453 4804 τυράννοις
500 4735 777 4809 ὲπιδείξῃς
823 4736 1241 4808 δειλαινόμενον.
1282 4737 1468 4807 Ἔχεις
1514 4737 1625 4808 γάρ
1664 4738 1741 4790 τὺι

1865 4740 2177 4809 trepiditate
2249 4741 2564 4797 submotum
2624 4745 2872 4815 tyrannis
2924 4747 3202 4803 ostendas.
3262 4745 3444 4804 Habes

157 4826 469 4899 Δεσπότην,
501 4827 645 4899 ὑπὲρ
677 4822 738 4881 οὗ
774 4828 864 4882 τὸν
886 4828 1073 4897 ἀγῶνα
1107 4829 1314 4901 φέρεις,
1337 4828 1399 4882 ού
1434 4829 1527 4882 τὸν
1569 4828 1741 4883 λοιπὸι

1863 4830 2009 4884 enim
2058 4829 2375 4896 Dominum,
2404 4846 2503 4902 pro
2528 4848 2637 4903 quo
2671 4844 2950 4891 certamen
2984 4836 3160 4903 subis,
3206 4839 3299 4909 qui
3334 4855 3444 4895 non

163 4916 323 4985 μόνον
371 4915 827 4989 ἀναπληροῦντα,
856 4916 995 4972 ἀλλὰ
1028 4917 1121 4971 καὶ
1150 4917 1330 4988 πολλῷ
1369 4917 1741 4990 δαψιλέστεροι

1863 4922 2069 4987 solum,
2095 4922 2243 4992 quod
2291 4923 2388 4977 tibi
2419 4924 2591 4991 deest,
2624 4927 2872 4996 supplet,
2919 4929 3012 4983 sed
3065 4930 3231 4985 etiam
3263 4946 3443 5003 opem,

158 5006 255 5081 τὴν
276 5011 637 5084 συνέργειαν,
671 5010 767 5064 καὶ
796 5009 1030 5081 δύναμιν
1054 5009 1435 5082 χαριζόμενον.

1859 5020 1914 5068 et
1932 5013 2076 5069 vires
2110 5015 2281 5071 multo
2305 5015 2585 5088 copiosius
2612 5019 2923 5090 impertitur
2949 5020 3082 5092 (82).

1699 5190 1928 5249 NOTAS.

249 5377 347 5447 82)
380 5377 688 5449 Memento,
716 5376 875 5449 'qnod
934 5377 1110 5433 nostri
1138 5377 1482 5449 interpretes
1533 5378 1615 5449 sic
1649 5378 1748 5433 ad-

158 5448 391 5505 ductum
451 5448 569 5502 divi
600 5449 745 5519 Petri
788 5448 987 5519 locum
1022 5448 1369 5519 intelligant:
1427 5448 1601 5518 parati
1636 5448 1753 5504 sint

157 5533 375 5586 omnes,
404 5518 581 5588 etiam
612 5518 755 5582 laici,
781 5532 889 5573 non
925 5517 991 5571 ad
1021 5517 1410 5588 disputandum
1449 5520 1514 5571 de
1552 5519 1749 5587 quovis

159 5588 285 5644 ﬁdei
319 5587 613 5657 mysterio,
639 5587 692 5641 id
720 5588 867 5642 enim
901 5589 968 5642 ad
997 5587 1250 5644 doctores
1303 5598 1514 5642 tantum
1545 5598 1600 5642 et
1647 5603 1746 5657 pa-

159 5669 338 5714 stores
368 5658 636 5714 Ecclesiae
667 5660 906 5728 pertinet
937 5677 950 5714 :
985 5658 1078 5713 sed
1102 5659 1171 5713 ad
1213 5658 1649 5729 respondendum
1681 5661 1748 5713 de

162 5729 547 5798 peculiaribus
563 5729 901 5796 veritatibus,
929 5730 977 5787 si
1012 5730 1146 5785 satis
1174 5730 1288 5787 sint
1307 5728 1578 5786 instructi
1611 5743 1625 5783 :
1653 5738 1748 5786 aut

1855 5390 2003 5457 certe
2035 5383 2089 5439 in
2122 5386 2383 5457 generali,
2438 5384 2571 5453 quia
2616 5387 2698 5442 sic
2753 5387 3053 5443 revelatum
3101 5403 3132 5442 a
3180 5388 3311 5457 lleo,
3371 5388 3454 5443 sic

1856 5454 2147 5520 traditum,
2199 5456 2282 5511 sic
2333 5457 2484 5511 omni
2553 5457 2754 5512 saeculo
2798 5468 3065 5514 statutum
3090 5459 3159 5510 ab
3185 5456 3449 5521 Ecclesia,

1854 5538 1977 5593 quae
2002 5524 2258 5580 columna
2308 5537 2363 5581 et
2397 5526 2804 5582 ﬁrmamentum
2846 5537 2933 5583 est
3011 5527 3279 5587 veritatis,
3337 5541 3449 5594 gu-

1855 5595 2080 5649 bernata
2131 5612 2161 5651 a
2196 5595 2399 5666 Spiritu
2448 5604 2642 5652 sancto
2707 5607 2761 5653 et
2795 5613 3004 5663 errore,
3048 5612 3113 5650 ac
3149 5595 3453 5666 mendacio

1855 5679 2142 5749 nunquam
2197 5663 2539 5749 detttrpata.‘
2694 5668 2779 5749 ita
2846 5663 3298 5749 interpretaberis
3349 5665 3456 5721 hoc

1855 5735 2161 5806 oraculum,
2220 5734 2448 5806 pronius
2474 5736 2542 5795 ad
2575 5734 2780 5795 Christi
2814 5734 3342 5796 verba'descendes.
