3830 6210
421 277 522 342 251

419 390 745 459 ρυΑῖετιο
769 388 985 445 xxxvi
1023 388 1225 460 [δευειυ
1254 347 1376 450 XL,
1409 385 1570 440 Coisl.
1599 383 1762 438 Tanr.
1797 381 1990 453 xxxi.
2023 389 2066 446 Α

420 487 663 550 Quonam
691 500 848 537 sensu
887 483 1086 535 dictum
1119 490 1240 533 esto:
1274 475 1610 550 «_Facia_mus
1641 475 1901 550 hominem
1924 473 1992 525 ad

489 555 769 622 imaginem
807 564 1042 605 nostram
1073 549 1163 602 '3?
1202 569 1220 600 ι
1275 547 1340 600 Et
1373 547 1497 617 quid
1514 547 1626 622 hoc:
1658 545 1993 622 locoinnuat

495 645 513 674 ι
539 614 755 692 ἱιιῖαοιιῖ)
777 642 792 672 ι
829 623 998 686 Quale
1017 630 1192 692 autem
1218 629 1292 671 est
1321 614 1627 692 exemplar?
1647 614 1832 667 Omnis
1855 616 1992 665 enim

487 687 736 762 imaginis
765 691 1031 760 exemplar
1055 691 1218 743 etiam
1257 687 1638 756 conspiciatur,
1663 691 1884 751 oportet.

1568 268 1828 329 ΡΗΟΤΙΙ
1864 268 2001 329 ΡΑΤ

2112 265 2370 327 ᾹΒΩΗΕ
2406 266 2514 326 CP.
3551 264 3642 331 252

2624 377 2958 432 summa
2995 378 3134 444 Δεῖν.

2097 471 2258 527 Κατὰ
2287 471 2345 524 τί
2365 471 2615 540 εἴρηται,
2663 488 2681 520 ι
2714 469 3069 540 Ποιήσωμεν
3087 468 3400 540 ἄνθρωπον
3428 469 3548 540 κατ’
3571 475 3644 521 εἰ·

2171 542 2321 594 κόνα
2374 537 2704 608 rikterépar;
2742 559 2760 591 ι
2793 538 2902 592 Kal
2951 541 3007 591 τί
3047 537 3305 608 ἐνταῦθα
3348 538 3384 604 ἡ
3415 537 3646 599 εἰκώνις

2172 611 2354 664 Ποῖον
2405 610 2473 662 δὲ
2512 607 2578 662 τι)
2621 610 2997 677 ἀρχέτυπον;
3052 607 3311 673 Ἀπάσης
3364 608 3468 675 γὰρ
3506 611 3646 660 εἰκέ-

2170 699 2277 744 νος
2340 679 2573 749 ἀνάγκη
2635 678 3098 745 συνθεωρεῖσθαι
3163 677 3262 730 καὶ
3326 678 3392 730 τὸ
3443 681 3646 744 πρωτό-

2169 765 2380 803 τυπον.

856 864 997 914 Edita
1019 863 1080 914 ab
1104 863 1218 912 Ant.
1248 861 1434 919 Scotto,
1458 860 1492 908 l.
1527 871 1592 918 c.,
1617 871 1665 919 p.
1700 855 1927 906 112-127.
1960 859 2036 908 De
2060 856 2273 921 imagine
2296 867 2344 908 ct
2364 859 2651 920 exemplari,
2684 873 2737 908 in
2763 864 2926 918 textu,
2962 859 3086 908 Gen.
3113 857 3239 918 1,26.

499 993 786 1047 Hominem
809 993 872 1045 ad
895 990 1188 1060 imaginem
1219 986 1312 1040 Dei
1343 986 1507 1039 fuisse
1526 985 1827 1047 conditum,
1853 1000 1995 1039 non-

421 1087 552 1141 nulli
586 1085 802 1153 quidem
832 1083 896 1135 ad
924 1081 1280 1136 ratiocinandi
1317 1078 1653 1138 facultatem,
1677 1085 1733 1130 et
1758 1077 1991 1130 liberum

422 1175 737 1237 arbitrium,
779 1172 869 1224 alii
911 1187 1038 1224 vero
1083 1170 1147 1223 ad
1196 1169 1484 1237 imperium
1513 1207 1528 1228 ,
1575 1175 1628 1220 et
1681 1165 1994 1219 dominandi

421 1266 802 1320 auctoritatem
837 1263 1159 1315 retulerunt.
1205 1259 1339 1312 Nam
1396 1260 1449 1312 in
1493 1257 1690 1311 horum
1741 1256 1996 1310 utrolibet

421 1366 669 1410 creatura
685 1354 961 1408 Creatoris
989 1353 1276 1420 imaginem
1295 1349 1518 1413 referre,
1545 1359 1598 1402 et
1621 1349 1783 1402 homo
1812 1349 1992 1416 imago

425 1446 542 1506 Dei,
571 1455 624 1498 et
649 1444 694 1498 si
717 1445 911 1512 placet,
936 1441 1002 1495 ad
1027 1441 1312 1510 imaginem
1340 1439 1431 1492 Dei
1455 1439 1628 1492 factus
1647 1437 1751 1490 dici
1771 1446 1946 1505 potest
1975 1454 1989 1490 :

424 1545 486 1589 ut
505 1535 740 1589 indidem
762 1532 984 1602 agnosci
1003 1536 1280 1599 contingat
1303 1537 1415 1583 tum
1442 1529 1639 1594 imago,
1670 1535 1783 1580 tum
1813 1540 1995 1579 exem-

421 1630 559 1696 plar,
578 1627 718 1696 quod
745 1627 904 1678 habet
936 1634 1185 1677 naturam
1229 1621 1528 1689 archetypi,
1559 1634 1655 1673 seu
1682 1619 1864 1687 potius
1898 1633 1995 1670 na-

2163 986 2236 1038 Τὸ
2269 987 2390 1039 κατ’
2437 987 2620 1039 εἰκόνα
2660 985 2794 1038 Θεοῦ
2850 986 3178 1054 γεγενῆσθαι
3221 986 3312 1038 τὸν
3361 986 3645 1056 ἄνθρωπον,

2094 1078 2206 1138 τοῖς
2236 1077 2332 1144 μὲν
2364 1079 2425 1129 τὸ
2455 1077 2691 1145 λογικὸν,
2723 1077 2819 1130 καὶ
2849 1076 3196 1142 αὐτεξούσιον
3227 1077 3472 1146 παρέστη
3503 1081 3647 1141 νοεῖν,

2095 1170 2205 1227 τοῖς
2231 1167 2287 1219 δὲ
2316 1169 2377 1219 τὸ
2400 1169 2650 1239 ἀρχικὸν,
2671 1170 2765 1221 καὶ
2787 1169 3093 1238 ἀνηγμένον
3123 1169 3202 1230 εἰς
3224 1168 3538 1237 κυριότητα.
3573 1169 3648 1220 Ἐν

2095 1259 2341 1329 ἐκατέρῳ
2386 1259 2494 1330 γὰρ
2531 1258 2736 1311 τούτων
2775 1259 3060 1321 εἰκονίζειν
3105 1258 3327 1310 δύναται
3371 1259 3460 1309 τὸν
3493 1260 3648 1324 Δημι-

2096 1351 2296 1420 ουργὸν
2327 1351 2387 1403 τὸ
2419 1349 2832 1420 δημιούργημα,
2869 1349 2965 1402 καὶ
2993 1349 3156 1402 εἰκὼν
3205 1351 3232 1402 ὁ
3258 1349 3540 1418 ἄνθρωπος
3577 1349 3650 1400 λέ-

2097 1441 2309 1510 γεσθαι,
2346 1443 2394 1494 εἰ
2444 1440 2620 1511 βούλει
2669 1441 2726 1494 δὲ
2756 1441 2851 1493 καὶ
2881 1441 2944 1493 τὸ
2979 1441 3098 1493 κατ’
3122 1422 3650 1508 εἰκόνίγεγενῆσθαι

2097 1534 2252 1597 Θεοῦ,
2283 1531 2424 1586 ὥστε
2459 1533 2685 1586 αὐτόθεν
2717 1532 2912 1586 εἰδέναι
2945 1533 3177 1604 πάρεστι
3209 1535 3302 1586 καί
3328 1534 3428 1602 τὴν
3461 1533 3645 1596 εἰκόνα,

2098 1625 2194 1676 καὶ
2231 1623 2291 1676 τὸ
2333 1624 2708 1694 πρωτότυπον,
2737 1623 2877 1676 κατὰ
2915 1622 3076 1692 φύσιν
3103 1624 3436 1694 ἀρχετύπου,
3470 1624 3651 1694 μᾶλλον

422 1730 602 1772 turam
650 1730 944 1785 veramque
984 1714 1252 1783 originem
1293 1726 1322 1764 a
1370 1711 1536 1764 divite
1560 1711 1857 1774 donorum,
1903 1709 1997 1778 qui

2112 1717 2152 1768 Ξέ
2189 1715 2286 1786 τὴν
2318 1716 2501 1783 φύσιν,
2551 1716 2645 1768 καὶ
2694 1715 2793 1786 τὴν
2836 1715 3056 1783 εὔλογον
3094 1717 3271 1770 αἰτίαν
3313 1716 3650 1778 πλουτοῦντος

424 1809 631 1863 homini
652 1828 682 1863 e
706 1809 874 1861 nihilo
893 1806 1188 1861 clementer
1204 1805 1401 1857 educto
1422 1817 1574 1858 suam
1588 1801 1997 1856 similitudinem

422 1916 518 1968 per
552 1899 781 1968 gratiam
819 1897 1133 1966 elargiatur.

497 1989 663 2057 Igitur
696 1985 852 2040 Pater
876 1986 987 2050 ille,
1017 1986 1111 2053 qui
1151 1983 1293 2037 inter
1320 1982 1594 2048 doctores,
1619 1995 1714 2050 per
1735 1994 1875 2048 quos
1914 1994 2002 2034 res

424 2079 698 2150 praecipue
733 2077 948 2130 divinas
1001 2074 1162 2143 digne
1210 2072 1585 2139 intelligebat,
1639 2087 1705 2124 ac
1751 2069 1998 2134 docebat,

427 2170 754 2239 Gregorium
789 2167 1128 2237 Theologum
1157 2164 1506 2234 peculiariter
1545 2171 1766 2217 secutus
1791 2170 1909 2227 est;
1945 2162 1999 2214 in

425 2279 535 2317 una
572 2260 834 2333 propositi
885 2259 990 2314 loci
1044 2258 1249 2329 syllaba
1296 2257 1650 2310 mutationem
1699 2255 1997 2318 sustinens,

423 2369 553 2408 esse
575 2352 890 2420 imaginem,
925 2357 979 2403 et
1011 2362 1134 2402 esse
1156 2345 1222 2400 ad
1248 2345 1538 2414 imaginem
1575 2342 1640 2396 ad
1667 2343 1808 2396 idem
1840 2343 2000 2396 redu-

426 2447 503 2499 cit
529 2443 664 2514 (85).
691 2443 830 2509 Quid
863 2439 980 2496 ita?
1011 2439 1149 2505 Quia
1179 2437 1584 2500 animadvertit,
1616 2434 1758 2504 quod
1791 2433 2000 2487 nullum

426 2551 651 2591 sacrum
701 2536 897 2605 dogma
931 2532 1034 2586 hac
1072 2531 1515 2598 interpretatione
1554 2529 1898 2590 turbaretur,
1948 2535 2003 2581 et

428 2626 486 2680 in
517 2625 748 2680 auribus
783 2622 1089 2684 hominum,
1119 2634 1351 2688 quorum
1385 2617 1578 2672 salutis
1609 2617 1850 2672 studium
1884 2617 2003 2670 lau-

426 2719 556 2773 dato
587 2717 703 2770 viro
741 2713 894 2768 cordi
936 2720 1074 2774 erat,
1109 2711 1281 2782 ipsam
1300 2708 1719 2779 excipientibus,
1753 2710 2004 2765 utralibet

428 2824 562 2864 voce
597 2808 786 2863 eadem
823 2804 1159 2860 indicaretur
1203 2804 1372 2858 notio.

500 2899 702 2955 Verum
730 2899 774 2953 si
806 2898 1021 2966 quando
1050 2911 1214 2950 aures
1242 2895 1504 2961 delicatae,
1536 2907 1589 2950 et
1637 2910 1754 2965 qua:
1785 2894 2002 2950 subtili-

2099 1807 2208 1860 τῶν
2239 1807 2612 1876 χαρισμάτων,
2645 1805 2742 1875 τὴν
2784 1807 2924 1859 κατά
2949 1805 3107 1876 χάριν
3139 1805 3399 1875 ὁμοίωσιν
3433 1823 3650 1876 παρεχο-

2103 1899 2265 1970 μένου
2292 1898 2369 1967 τῷ
2403 1897 2804 1966 φιλανθρώπως
2829 1898 3188 1967 παραχθέντι.

2185 1989 2242 2042 '0
2276 1989 2375 2058 μὲν
2420 1985 2536 2050 οὖν,
2567 1989 2628 2054 ἐξ
2673 1982 2748 2042 ὧν
2798 1989 3033 2060 μάλιστα
3071 1990 3199 2060 περί
3228 1988 3322 2042 τοῦ
3351 1989 3651 2058 Πνεῦματος

2100 2081 2422 2151 θεοπρεπῶς
2477 2082 2691 2151 ἐφρόνει
2726 2099 2786 2136 τε
2827 2083 2922 2135 καὶ
2965 2081 3236 2148 ἐδίδασκε,
3272 2081 3366 2134 τὸν
3411 2080 3650 2147 Θεολόγον

2098 2171 2514 2241 ὲξιδιωσὰμενος
2546 2173 2866 2244 Γρηγόριον,
2899 2171 2998 2243 τὴν
3031 2173 3124 2226 ἐπὶ
3167 2174 3264 2243 μιᾷ
3299 2171 3533 2242 συλλαϐῇ
3564 2171 3656 2240 τῆς

2097 2263 2295 2327 λέξεως
2340 2263 2693 2334 παραλλαγὴν
2741 2262 3031 2333 ὑπεριδὼν,
3077 2264 3156 2326 εἰς
3205 2264 3403 2317 ταυτὸν
3451 2263 3652 2330 συνάγει

2098 2357 2192 2408 καὶ
2210 2355 2270 2406 τὸ
2297 2354 2394 2421 τῆς
2429 2354 2635 2417 εἰκόνος
2668 2353 2862 2422 όνομα,
2895 2357 2989 2406 καί
3009 2353 3070 2407 τὸ
3099 2355 3220 2406 κατ’
3247 2353 3452 2406 εἰκόνα.
3480 2351 3649 2416 Aturi;

2099 2446 2244 2499 Διότι
2304 2445 2430 2498 οὔτε
2485 2445 2753 2515 δόγματος
2807 2445 2950 2517 ἱεροῦ
2999 2461 3144 2508 τινος
3198 2443 3344 2497 έώοα
3395 2459 3651 2515 παρατρο-

2099 2537 2229 2609 πὴν,
2273 2538 2369 2590 καὶ
2415 2539 2493 2599 εἰς
2538 2537 2634 2598 τὰς
2681 2536 2847 2597 ἀκοὰς
2887 2537 2996 2588 τῶν
3033 2534 3355 2606 ἀνθρώπων,
3389 2529 3462 2588 ὧν
3504 2537 3654 2604 ήσωο

2098 2630 2285 2699 τήριος
2344 2628 2547 2698 σπουδὴ
2597 2626 2674 2698 τῷ
2719 2627 2875 2698 ἀνδρί
2912 2628 3085 2699 ἡδέως
3128 2623 3264 2698 εἷχε,
3301 2627 3655 2698 παραδεχομέ·

2100 2737 2195 2784 νας
2229 2719 2361 2792 (84),
2404 2719 2468 2774 τὸ
2519 2719 2652 2774 αὐτὸ
2684 2721 2863 2792 νόημα
2899 2720 2965 2774 δι’
2996 2720 3262 2791 ἑκατέρας
3315 2718 3654 2790 σημαίνεσθαι

2101 2813 2203 2883 τῆς
2240 2814 2442 2882 φωνῆς.

2175 2907 2321 2979 Πλὴν
2345 2907 2642 2977 ἐπειδήπερ
2667 2908 2701 2978 ἡ
2723 2905 2903 2976 λίχνος
2938 2905 3098 2976 ἀκοὴ,
3139 2904 3234 2958 καὶ
3251 2906 3349 2975 τὴν
3374 2903 3659 2973 φιλοπραγ-

428 3002 590 3047 tatem
627 2998 818 3060 putant
844 3003 964 3043 esse
1006 2987 1348 3057 sapientiam,
1399 2987 1764 3042 diversitatem
1819 2986 1997 3056 inqui-

2112 2999 2344 3069 μοσύνην
2370 2999 2560 3066 σοφίαν
2589 2999 2830 3069 οἰομένη,
2875 3000 2972 3068 τὴν
2997 2997 3262 3066 διαφορὰν
3297 2997 3548 3065 ἐπιζητεῖ
3573 2997 3659 3060 τῆς

429 3094 555 3138 rant
583 3087 722 3136 inter
751 3080 1063 3149 imaginem,
1102 3088 1157 3133 et
1186 3095 1298 3133 rem
1333 3079 1526 3132 factam
1570 3079 1636 3133 ad
1665 3078 1952 3147 imaginem
1981 3095 1996 3145 ;

2103 3089 2330 3153 εἰκόνος,
2367 3090 2458 3142 καὶ
2485 3090 2578 3142 τοῦ
2611 3091 2728 3141 κατ’
2761 3088 2944 3140 εἰκόνα
2967 3101 2980 3113 ⁸
3017 3087 3138 3139 οὐδὲ
3167 3086 3306 3139 τοῦτ’
3335 3086 3402 3139 ἂν
3432 3087 3514 3155 εἰη
3543 3084 3660 3150 πόρι-

425 3182 576 3230 certe
602 3188 672 3228 ne
702 3173 754 3226 in
795 3172 897 3226 hoc
934 3171 1150 3239 quidem
1189 3171 1368 3230 venia,
1415 3177 1468 3222 et
1501 3168 1833 3238 indulgentia
1867 3169 2001 3222 indi-

2112 3179 2185 3249 ρω
2214 3177 2566 3249 συγγνώμης,
2603 3179 2698 3231 καὶ
2739 3178 3089 3248 συμπαθείας
3127 3179 3336 3230 εἰπεῖν·
3390 3179 3482 3228 καὶ
3528 3174 3660 3243 εἰρή-

425 3278 547 3332 gnat
574 3271 718 3325 sunt,
746 3271 910 3330 atque
934 3261 1000 3314 de
1045 3261 1129 3315 his
1169 3275 1293 3314 mox
1333 3260 1598 3323 dicemus,
1625 3275 1694 3314 ne
1733 3261 2000 3314 orationis

426 3369 628 3409 cursus
677 3367 823 3407 nunc
870 3353 1244 3420 abrumpatur.
1298 3349 1392 3405 Est
1441 3351 1584 3404 enim
1639 3354 1998 3420 quorumdam

428 3444 697 3498 sententia
749 3441 1009 3511 expositae
1065 3441 1324 3496 doctrina:
1371 3442 1666 3506 contraria,
1717 3458 1836 3510 qua:
1877 3458 1999 3496 cum

431 3535 638 3605 angelis
670 3535 956 3599 rationem,
983 3543 1035 3588 et
1073 3533 1406 3588 intellectum
1441 3533 1634 3588 adesse
1659 3535 2004 3588 animadver-

430 3639 532 3694 tat,
565 3629 805 3695 illorum,
843 3628 935 3698 qui
969 3627 1245 3681 hominem
1290 3629 1356 3681 ad
1407 3625 1500 3682 Dei
1539 3628 1830 3696 imaginem
1873 3643 2004 3682 con-

432 3723 602 3776 ditum
628 3721 990 3784 allirmarunt,
1017 3721 1194 3790 quoad
1235 3721 1519 3784 rationem,
1551 3729 1606 3774 et
1647 3721 2001 3785 intellectum,

432 3813 715 3869 veritatem
756 3815 1042 3869 debilitare
1079 3822 1374 3880 conantur;
1432 3815 1788 3881 videnturque
1832 3814 2004 3868 dedu-

429 3922 577 3973 cere,
599 3908 744 3976 quod
780 3923 886 3962 non
911 3907 982 3962 sit
1018 3907 1134 3962 haec
1167 3906 1420 3960 humanae
1448 3916 1655 3959 natura:
1701 3909 2004 3976 proprietas

428 4001 746 4070 peculiaris,
803 4017 979 4071 neque
1033 4000 1164 4055 illud
1208 4018 1230 4051 ι
1259 4001 1325 4054 ad
1385 4000 1672 4070 imaginem
1712 4016 1730 4050 ι
1769 3998 2003 4053 indicata

428 4093 644 4146 ratione
683 4091 945 4163 explicari
996 4093 1228 4147 sinunt:
1264 4091 1484 4161 perinde
1530 4105 1594 4144 ac
1660 4089 1706 4144 si
1755 4089 2002 4158 quaedam

2106 3270 2258 3323 σεταί
2281 3287 2341 3337 γε
2368 3271 2503 3340 μετὰ
2532 3270 2723 3336 ταῦτα,
2747 3271 2833 3324 ἵνα
2867 3270 2941 3340 μὴ
2973 3269 3068 3322 νῦν
3095 3269 3358 3338 διακοπὴν
3398 3271 3432 3338 ὴ
3459 3267 3663 3321 ἀκολου·

2106 3362 2197 3415 θία
2251 3362 2390 3432 λάϐῃ
2446 3363 2534 3415 τοῦ
2585 3363 2766 3429 λόγου.
2831 3363 2940 3414 Kal.
2981 3363 3088 3430 γάρ
3131 3361 3246 3412 ἐστί
3271 3378 3354 3422 τις
3385 3360 3540 3412 ἐνίων
3564 3360 3663 3418 τοίς

2105 3454 2519 3525 προειρημένοις
2552 3451 2902 3520 ἀντιλέγουσα
2921 3452 3138 3522 γνώμη,
3165 3453 3198 3521 ἡ
3219 3451 3280 3503 τὸ
3311 3452 3415 3521 μὲν
3467 3449 3663 3517 λογικὸν

2103 3546 2195 3596 καὶ
2215 3543 2399 3612 νοερὸν
2436 3545 2678 3613 μετεῖναι
2705 3545 2815 3605 τοῖς
2835 3542 3087 3610 ἀγγέλοις
3119 3539 3376 3611 εὑροῦσα,
3398 3536 3663 3609 ἀμαυροῦν

2106 3635 2349 3706 βιάζεται
2377 3637 2476 3703 τὴν
2509 3635 2768 3704 ἀλήθειαν
2803 3634 2912 3686 τῶν
2937 3635 3202 3686 εἰπόντων
3225 3632 3367 3687 κατά
3401 3649 3466 3698 γε
3499 3631 3557 3683 τὸ
3585 3629 3663 3681 λο-

2104 3727 2278 3796 γικὸν,
2325 3727 2421 3780 καὶ
2475 3726 2664 3796 νοερὸν
2686 3727 2779 3779 τὸν
2815 3724 3102 3796 ἄνθρωπον
3141 3727 3260 3778 κατ’
3317 3727 3506 3778 εἰκόνα
3541 3721 3662 3775 Θεοῦ

2104 3817 2452 3888 γεγενῆσθαι,
2481 3819 2574 3870 καί
2609 3815 3004 3887 συμπεραίνειν
3024 3815 3289 3880 δοκοῦσιν,
3316 3816 3393 3879 ὡς
3416 3818 3514 3869 οὐκ
3545 3813 3662 3869 ῐδιον

2106 3914 2172 3981 τῇ
2205 3910 2523 3982 ἀνθρωπίνῃ
2538 3910 2692 3963 τοῦτο
2721 3909 3058 3978 καθεστηκὸς
3077 3909 3256 3978 φύσει,
3287 3908 3492 3962 οὐδὲτὸ
3526 3906 3664 3960 «κατ’

2108 4003 2294 4057 εἰκότα
2319 4023 2337 4055 ι
2379 4001 2576 4054 δίδουσι
2611 4001 3066 4055 κατευθύνεσθαι·
3105 4001 3292 4071 ὥσπερ
3324 4002 3468 4065 τινος
3511 4000 3665 4066 ἀνάγ·-

2110 4112 2213 4166 κης
2255 4095 2627 4164 ἐπικειμένης,
2653 4094 2681 4146 ὃ
2708 4095 2782 4164 μὴ
2808 4094 2925 4147 κατ’
2947 4096 3145 4148 οἰκεῖον
3177 4092 3496 4159 ἐξεικονίζει
3550 4094 3663 4163 (κᾶν

429 4192 622 4254 urgeat
656 4183 973 4248 necessitas,
1032 4191 1112 4249 ut,
1157 4183 1300 4253 quod
1339 4181 1391 4236 in
1449 4181 1632 4251 aliqua
1676 4183 2001 4250 proprietate

2112 4187 2205 4257 τὴν
2227 4186 2408 4240 εἰκόνα
2427 4186 2737 4257 περιφανῶς
2759 4186 3528 4258 ἐντετυπωμένηνέμφανίζει)
3551 4181 3664 4255 μηδ’

1927 4385 2158 4444 NOTAE.

512 4568 626 4639 (83)
651 4567 919 4634 Quisnam
943 4577 1024 4639 est
1082 4566 1172 4623 hic
1199 4565 1399 4621 Pater?
1445 4564 1683 4639 Joannes
1713 4563 2004 4639 Damasce-

432 4635 561 4701 nus,
591 4635 647 4691 ιιι
671 4639 907 4691 arbitror
955 4654 968 4688 :
1009 4637 1095 4691 hic
1125 4639 1269 4691 enim
1318 4638 1574 4691 sexcentis
1634 4635 1784 4697 locis,
1831 4635 2006 4702 inquit

437 4708 629 4763 Billius
669 4708 769 4761 Vit.
805 4705 1044 4775 Gregorii
1103 4706 1263 4759 Naxi.
1317 4708 1372 4760 in
1401 4709 1570 4767 calce,
1603 4707 1677 4758 ita
1709 4721 1826 4758 eum
1858 4703 2007 4774 (Gre-

434 4779 663 4850 gorium)
689 4776 1012 4850 contpilavit,
1053 4785 1107 4827 ut
1150 4777 1340 4850 bonam
1380 4788 1580 4850 partem
1608 4776 1860 4850 libi-oram
1887 4791 2005 4827 suo-

434 4846 555 4902 rum
587 4851 656 4900 lle
687 4847 788 4899 lide
819 4847 1116 4899 orthodoxa
1138 4863 1203 4898 ex-
1231 4847 1345 4914 ejus
1383 4846 1532 4899 libris
1557 4849 1840 4903 consuerit.
1868 4855 2004 4898 totas

433 4919 740 4988 plerumque
768 4914 1007 4988 periodos
1039 4917 1199 4988 nullis
1234 4917 1394 4988 uerbis
1429 4917 1723 4988 immutatis
1765 4917 1817 4968 in
1855 4915 2006 4988 totu-

440 4981 586 5040 inina
611 4981 706 5038 sna
750 4981 1094 5054 transferens.
1131 4981 1304 5039 Verba
1348 4996 1524 5040 autem
1562 4985 1902 5050 Damasccni,
1929 4984 2006 5037 De

431 5058 540 5126 ﬁde
562 5055 770 5109 orthod.
803 5053 925 5109 Lib.
956 5071 1015 5118 ιι,
1043 5070 1166 5126 cap.
1203 5055 1288 5120 12,
1314 5056 1426 5126 haec
1454 5065 1582 5110 sunt
1611 5074 1623 5109 :
1675 5057 2009 5126 Δημιουργεί

436 5128 530 5179 τὸν
560 5127 846 5195 ἄνθρωπον
879 5129 996 5178 κατ’
1030 5125 1236 5176 οἰκείαν
1261 5125 1464 5187 εἰκόνα,
1491 5127 1586 5178 καὶ
1621 5125 1908 5195 ὁμοίωσιν·
1942 5128 2007 5195 ἐκ

436 5196 541 5266 γῆς
575 5194 674 5266 μὲν
697 5196 757 5247 τὸ
780 5195 940 5265 σῶμα
987 5195 1313 5266 διαπλάσας,
1356 5195 1532 5264 ψυχὴν
1577 5196 1631 5248 δὲ
1657 5194 1882 5263 λογικὴν
1913 5194 2007 5266 καὶ

434 5264 635 5340 νοερὰν
672 5267 762 5340 illa
809 5266 900 5340 τοῦ
956 5265 1155 5340 οἰκείου
1202 5267 1594 5340 intercipe:th
1641 5266 1773 5340 δοὺς.
1811 5264 1958 5340 αἰ)τῴ
1989 5280 2003 5292 ·

434 5333 572 5407 ὅπερ
591 5337 654 5406 δὴ
684 5336 830 5407 θείαν
854 5337 1036 5407 εἰκόνα
1065 5333 1364 5407 φαμένττὸ
1389 5333 1616 5407 μὲνμγᾲμρ
1648 5335 1774 5407 κατ’
1805 5336 2007 5387 εἰκόνα

433 5409 497 5461 τὸ
529 5403 713 5478 νοερὸν
733 5406 882 5478 δηλοῖ
906 5406 1010 5478 ,καὶ
1029 5403 1403 5478 ῌαὺτεξοῦσιον
1419 5403 1525 5478 "to
1549 5404 1613 5478 δέΔ
1640 5406 1766 5478 καθ’
1804 5407 2008 5478 ὁμοίω-

431 5494 560 5543 σιν,
608 5473 705 5545 τὴν
738 5473 837 5543 τῆς
892 5473 1114 5544 ἀρετῆς,
1144 5475 1281 5527 κατὰ
1335 5474 1397 5527 τὸ
1437 5474 1679 5538 δυνατὸν,
1728 5475 2004 5543 ὁμοίωσιν·

440 5547 682 5601 Plasmat
714 5545 972 5599 hominem
1004 5545 1071 5597 ad
1101 5560 1249 5596 suam
1288 5545 1589 5613 imaginem,
1610 5553 1660 5597 et
1699 5545 2009 5596 similitudi-

434 5632 556 5669 nem
591 5631 609 5669 :
639 5632 704 5669 ex
737 5625 879 5670 terra
911 5615 1117 5685 quidem
1140 5631 1328 5683 corpus
1362 5615 1559 5684 ﬁngens
1578 5630 1597 5678 ;
1628 5616 1863 5685 ultimam
1893 5629 2008 5669 vero

433 5685 776 5743 rationalem.
804 5684 1248 5743 clintellectivam
1283 5687 1498 5738 oronria
1534 5684 1903 5738 insnfﬂotione
1928 5685 2007 5740 illi

2106 4564 2365 4638 elargiens
2395 4580 2418 4638 :_
2443 4565 2580 4638 quod
2635 4581 2760 4620 sane
2811 4568 3044 4621 divinam
3084 4569 3367 4638 imaginem
3429 4573 3664 4625 dicimus.

2110 4635 2254 4706 Nam
2286 4635 2419 4688 illud
2456 4637 2520 4688 ad
2544 4637 2854 4706 imaginem,
2891 4635 3320 4706 spiritualitatem
3351 4644 3594 4706 ostendit,
3621 4651 3664 4694 ct

2109 4705 2329 4758 liberum
2386 4705 2674 4758 arbitrium
2719 4723 2737 4759 :
2788 4708 2881 4760 hoc
2937 4725 3111 4761 autem
3142 4710 3208 4761 ad
3246 4713 3664 4774 sunilitudincm,

2112 4775 2337 4848 ostendit
2374 4776 2837 4848 assimilationem,
2888 4795 3004 4847 qua:
3029 4785 3303 4848 (quantum
3327 4783 3526 4835 homini
3554 4799 3665 4848 pos-

2106 4845 2398 4918 sibile‘esl)
2424 4846 2484 4913 ﬁt
2511 4861 2601 4913 per
2623 4845 3068 4918 vir_tulem.Quod
3093 4847 3137 4901 si
3163 4849 3256 4902 tibi
3295 4851 3500 4918 placeat
3531 4845 3666 4905 Pho-

2108 4916 2240 4968 tium
2269 4915 2354 4988 hi_c
2392 4915 2985 4988 it_n_|_iueregNazianzcui
3031 4933 3171 4988 eum,
3205 4915 3523 4974 Caesariensi
3562 4920 3666 4988 cpi-

2113 4999 2279 5052 scopo
2308 4983 2515 5056 Basilio
2538 4986 2856 5056 amicitiam,
2879 4988 2947 5041 de
2981 5002 3088 5056 qua
3130 4987 3246 5040 vide
3275 4988 3550 5045 Socratem
3580 4983 3662 5043 lib.

2110 5070 2328 5130 iv,_cap.
2385 5053 2476 5119 21,
2504 5064 2589 5130 _et
2648 5053 3014 5130 Soaonlenuni
3052 5057 3145 5109 lib.
3176 5073 3250 5121 vi,
3304 5077 3425 5130 cap.
3459 5063 3542 5124 17,
3574 5072 3664 5128 ego

2109 5125 2328 5201 uiridem
2361 5140 2469 5201 non
2503 5125 2801 5201 intercedo.
2852 5127 3088 5201 Basili-us
3118 5129 3263 5201 enim
3293 5125 3407 5201 haec
3446 5132 3556 5201 ipsa
3577 5125 3662 5201 do-

2108 5192 2612 5268 cuit._l_)e_ltontiiiis
2672 5207 2962 5268 structura,
3015 5197 3165 5250 hom.
3210 5197 3259 5262 1,
3297 5215 3348 5268 p.
3377 5192 3500 5265 353,
3530 5199 3659 5253 Pari-

2111 5265 2230 5340 siis,
2260 5263 2416 5317 1721.
2450 5263 3390 5340 CaeterumTheodoretusquoque,
3451 5263 3667 5340 insignis

2109 5345 2164 5408 et
2193 5335 2327 5408 ipse,
2357 5346 2417 5388 ut
2444 5336 2602 5408 dot-et
2636 5337 2834 5408 Billius
2877 5339 3098 5400 ibidem,
3135 5335 3458 5394 Nazianzeni
3506 5335 3667 5408 ζτῖλωτ

2108 5405 2231 5480 τῂς,
2264 5404 2596 5480 ρυοεδι.20,
2633 5405 2684 5459 in
2710 5407 2969 5480 Genesiu,
3006 5409 3415 5480 dum‘explicat
3455 5412 3516 5463 τὸ
3560 5404 3666 5461 κατ’

2112 5474 2318 5536 εἰκόνα,
2351 5475 2625 5530 hominem
2659 5477 2863 5545 passim
2918 5485 3075 5532 vocat
3117 5474 3304 5535 εἰκόνα
3335 5480 3489 5543 Θεοῦ,
3519 5487 3570 5534 et
3601 5480 3670 5528 εἰο

2113 5545 2243 5596 κόνα
2267 5545 2575 5614 ἀρχετύπου
2612 5545 2766 5600 Θεοῦ.

2139 5613 2634 5732 I‘llet‘lMRectius,
2695 5633 2859 5686 quam
2934 5621 3408 5694 παραδεχομένους
3441 5637 3454 5651 ο
3507 5618 3667 5690 ἡδέως

2114 5700 2244 5751 ειχε.
