3830 6210
174 311 265 373 253

993 308 1094 369 AD
1142 309 1737 373 AMPHILOCHIUM
1779 313 2125 386 QUIESTIO
2155 315 2415 379 XXXVI.

3321 324 3429 390 254

175 422 434 489 εἰκονίζειν
491 421 629 483 ὅλως
685 420 973 491 ὁμολογεῖν
1032 421 1093 475 τὸ
1136 424 1537 496 εἰκονιζόμενον
1584 426 1740 481 δύνα-

1853 429 2109 498 peculiari
2162 447 2270 486 non
2312 430 2570 501 exprimit
2613 430 2904 504 imaginem
2943 436 3090 508 (licet
3136 436 3428 508 imaginem

176 517 300 572 σθαι.

242 690 501 753 Ὡσαύτως
526 688 585 743 δὲ.
616 691 712 743 καὶ
762 690 824 743 τὸ
852 691 1080 762 ἀρχικὸν
1126 691 1213 745 διὰ
1236 692 1335 762 τὴν
1355 692 1526 759 αὐτὴν
1556 694 1737 748 αἰτίαν

178 782 453 853 νομίζουσιν
490 779 921 851 ἀποδοκιμάζειν
948 800 961 813 ⁸
993 784 1086 837 καί
1110 802 1190 838 τοι
1224 802 1286 853 γε
1316 785 1540 839 καὶτῶν
1576 788 1737 857 ἱερῶν

180 874 362 942 Λογίων
394 872 582 943 σαφῶς
607 874 1039 945 ἐνδεικνυμένων
1064 880 1128 948 τῇ
1151 878 1402 948 συνεχείᾳ
1423 878 1525 948 τῆς
1555 897 1735 950 παρα-

180 966 369 1042 θέσεως,
405 965 479 1028 ὡς
498 965 559 1017 τὸ
598 984 616 1016 ι
639 965 760 1017 κατ’
784 966 968 1019 εἰκόνα
994 987 1011 1018 ι
1045 968 1104 1020 τὸ
1134 970 1361 1039 ἀρχικὸν
1395 970 1613 1039 ἀξίωμα
1644 989 1740 1042 ση-

180 1034 364 1129 μαίνειν
408 1057 676 1128 βούλεται.
735 1060 890 1129 Ἔχει
957 1061 1064 1131 γὰρ
1123 1034 1337 1131 ἐδ-τῆς
1406 1034 1735 1129 συνεπείαςο

183 1151 506 1220 ιΗοιήσωμεν
525 1149 815 1219 ἄνθρωπον
832 1153 952 1204 κατ’
979 1153 1163 1206 είκόνα
1181 1154 1479 1224 ἡμετέραν,
1501 1156 1597 1208 καὶ
1619 1158 1737 1210 καθ’

179 1242 525 1311 ὀμοίωσιν,καὶ
540 1244 867 1314 ἁρχέτωσαν
885 1244 991 1297 τῶν
1008 1244 1207 1315 ἰχθύων
1222 1248 1320 1318 τῆς
1336 1248 1739 1319 θαλάσσης,καὶ

178 1334 266 1385 τῶν
288 1333 535 1385 πετεινῶν
575 1332 668 1387 τοῦ
697 1334 953 1405 ούρανοῦ,
984 1337 1080 1389 καὶ
1112 1336 1221 1390 τῶν
1253 1342 1494 1409 κτηνῶν,
1518 1342 1613 1393 καὶ
1636 1340 1735 1395 πά-

181 1442 261 1494 an;
278 1425 367 1494 τῆς
385 1425 506 1495 γῆς.
535 1444 554 1477 ι

236 1517 289 1569 Οἱ
315 1516 367 1568 δὲ
394 1517 528 1587 μηδὲ
555 1518 716 1573 τοῦτο
743 1520 1176 1591 δυσωπηθέντες,
1205 1523 1265 1575 οὗ
1290 1542 1420 1593 φασι
1450 1524 1740 1595 δηλοῦσθαι

178 1608 248 1661 διὰ
267 1608 348 1661 τοῦ
376 1610 525 1664 «κατ’
553 1612 769 1666 εἰκόνα»
810 1614 870 1667 τὸ
921 1615 1174 1685 ἀρχικὸν,
1208 1619 1331 1670 ἐπεὶ
1375 1618 1606 1673 καὶτῶν
1641 1621 1741 1688 ἀγ-

180 1698 328 1764 γέλων
352 1701 383 1769 ὴ
418 1700 580 1766 φύσις
598 1702 775 1773 ἀρχῆς
796 1703 1129 1774 ἐπιϐέϐηκεν
1157 1707 1578 1779 ἐπιστατούσης.
1606 1710 1742 1783 Ἀρ-

1843 522 2167 592 impressam
2195 524 2474 580 evidenter
2495 524 2795 597 exhibeat),
2830 528 3077 586 dicamus
3101 532 3431 600 exemplaris

1842 615 1923 667 sui
1960 614 2251 684 imaginem
2287 616 2514 671 omnino
2534 632 2658 673 esse
2688 633 2795 673 non
2824 635 3007 688 posse.

1913 705 2178 761 Similiter
2226 708 2551 763 dominandi
2612 712 3000 781 auctoritatem
3063 715 3132 769 ob
3183 718 3430 772 eamdem

1842 812 2095 851 caussam
2127 800 2463 855 arbitrantur
2494 818 2615 857 esse
2646 803 2999 873 rcjiciendam
3033 824 3045 859 :
3083 808 3299 862 tametsi
3342 825 3431 862 sa-

1842 905 1948 944 era:
1980 888 2198 945 Littera:
2239 907 2530 962 pr0gressu
2594 904 2884 951 contextus
2915 906 3099 966 aperte
3133 899 3430 962 declarent,

1841 983 1984 1051 quod
2028 982 2157 1037 illud
2196 1003 2215 1036 ‹
2256 987 2323 1039 ad
2363 985 2654 1056 imaginem
2696 1007 2713 1039 ι
2754 989 3153 1045 dominationis
3198 993 3433 1061 dignita-

1844 1084 1951 1128 tem
1990 1076 2276 1145 significet.
2316 1077 2490 1133 Habet
2518 1082 2663 1134 enim
2699 1090 2989 1137 contextus
3028 1102 3040 1137 :
3081 1104 3098 1136 ‹
3140 1083 3433 1140 Faciamus

1843 1165 2117 1221 hominem
2145 1170 2211 1223 ad
2271 1171 2561 1240 imaginem
2602 1180 2655 1226 et
2700 1174 3113 1229 similitudinem
3163 1186 3428 1242 nostram,

1842 1267 1896 1314 et
1946 1260 2128 1329 praesit
2179 1261 2426 1331 piscibus
2474 1266 2666 1328 maris,
2716 1272 2769 1319 et
2808 1267 3128 1322 volatilibus
3184 1271 3329 1333 mali,
3380 1280 3435 1325 et

1842 1349 2053 1419 bestiis,
2087 1355 2466 1427 universazque
2505 1366 2683 1413 terra}.
2715 1376 2734 1410 ι

1915 1512 1977 1567 lli
2010 1525 2214 1585 autem,
2247 1533 2315 1573 ne
2346 1518 2450 1574 hoc
2474 1521 2692 1591 quidem
2717 1521 3013 1593 Scriptum
3038 1525 3159 1581 loco
3179 1530 3432 1598 permoti,

1843 1606 2159 1664 dominandi
2209 1619 2530 1679 potestatem
2589 1629 2685 1683 per
2737 1615 2866 1668 illud
2901 1635 2920 1666 ί
2963 1618 3031 1672 ad
3076 1619 3363 1689 imaginem
3406 1642 3426 1673 ι

1845 1695 2073 1752 indicari
2120 1714 2229 1752 non
2267 1698 2526 1764 fatentur,
2565 1702 2634 1755 ob
2672 1701 2723 1757 id
2764 1703 2997 1769 scilicet,
3040 1707 3170 1775 quia
3211 1710 3435 1778 angelo-

179 1808 322 1860 κοντα
355 1795 460 1862 γὰρ
511 1794 835 1866 Ἀσσυρίων,
879 1796 974 1848 καὶ
1029 1797 1273 1868 ἄρχοντα
1304 1800 1414 1852 τῶν
1469 1800 1740 1855 Ἰουδαίων

1853 1803 1966 1843 rum
1999 1805 2220 1858 quoque
2245 1801 2439 1845 natura
2474 1792 2773 1861 imperandi
2811 1795 3125 1851 facultatem
3167 1798 3430 1855 obtinuit.

181 1884 336 1947 ἔθνους
363 1884 633 1956 λαμπρῶς
685 1886 715 1938 ό
762 1889 1049 1960 προφήτης
1096 1891 1296 1961 Δανιηλ
1351 1892 1739 1965 ἀνακηρύττει.

181 1975 271 2028 Καί
302 1995 398 2029 που
453 1978 547 2030 καὶ
598 1978 627 2030 ὁ
681 1979 916 2049 θεόπτης
965 1982 1151 2053 φησίν·
1222 2000 1241 2033 ι
1290 1985 1559 2055 Ἔστησεν
1620 1987 1744 2057 ὅρια

180 2061 321 2121 ἐθνῶν
390 2069 513 2123 κατ’
588 2071 821 2141 ἀριθμὸν
904 2073 1152 2141 ἀγγέλων
1213 2076 1369 2128 Θεοῦ.
1431 2096 1448 2128 ι
1532 2078 1744 2132 Οὐκοῦν

181 2159 344 2231 ὥσπερ
367 2161 426 2213 τὸ
456 2161 676 2230 λογικὸν
708 2165 801 2216 καὶ
819 2165 879 2216 τὸ
900 2165 1247 2230 αὐτεξούσιον
1276 2169 1532 2237 ἀγγέλοις
1565 2188 1624 2224 τε
1651 2173 1745 2226 καὶ

181 2251 456 2323 ἀνθρώποις
501 2255 706 2320 κοινὸν,
740 2255 883 2309 οὕτω
906 2256 969 2328 δὴ
995 2259 1171 2313 καὶτὸ
1194 2260 1512 2315 δεσποτικὸν
1558 2281 1618 2317 τε
1653 2265 1745 2318 καὶ

182 2343 449 2414 βασιλικόν.

248 2609 395 2666 Ἀλλά
430 2613 485 2666 τί
516 2611 705 2681 τοῦτο;
740 2616 802 2668 ΕΞ
838 2618 938 2688 μὲν
968 2618 1080 2691 γὰρ
1115 2622 1331 2691 προσῆν
1362 2622 1440 2694 τῷ
1471 2623 1636 2695 λόγῳ,
1671 2626 1746 2689 ὡς

185 2700 321 2770 μόνος
354 2703 642 2775 ἄνθρωπος
676 2708 797 2760 κατ’
827 2709 1016 2764 εἰκόνα
1046 2711 1238 2780 γέγονε
1256 2713 1392 2767 Θεοῦ
1427 2717 1746 2788 μαχομένην

184 2790 381 2857 ἆνῑσως
443 2794 545 2864 τὴν
607 2794 719 2848 τῶν
771 2797 1022 2867 ἀγγέλων
1062 2800 1224 2871 φύσιν
1283 2799 1434 2873 εἶχε·
1481 2805 1746 2859 διότικαὶ

184 2886 294 2953 παρ’
322 2886 495 2939 αὐτῶν
523 2889 741 2959 ὁρᾶται,
773 2890 840 2944 δι’
863 2884 1049 2963 ὦνπερ
1099 2896 1157 2947 ὲν
1185 2898 1333 2967 χαρᾷ
1355 2898 1415 2950 τὸ
1474 2898 1628 2952 Θεῖον
1659 2900 1747 2952 ὲν-

185 2975 589 3045 απομάττεσθαι.
637 2980 700 3033 EE
743 2980 801 3033 δὲ
835 2983 1000 3054 μηδὲν
1020 2984 1261 3040 τοιοῦτον
1282 2987 1427 3041 ἔστιν
1454 2990 1633 3058 εὑρεῖν
1657 2992 1747 3058 ὲγ-

186 3069 564 3139 γεγραμμένον,
604 3071 666 3124 οὐ
704 3073 865 3143 μόνον
887 3077 987 3129 οὐκ
1016 3077 1332 3148 ἀφαιρεῖται
1353 3080 1461 3135 τῶν
1497 3081 1747 3151 ἀγγέλων

188 3156 217 3225 ἡ
258 3159 493 3213 κοινωνία
544 3161 651 3232 τῆς
693 3164 1043 3239 ἀνθρωπίνης
1090 3168 1305 3237 φύσεως
1360 3171 1422 3225 τὸ
1464 3174 1608 3226 κατά
1645 3174 1744 3245 τὴν

188 3248 357 3302 πλάσιν
381 3252 597 3323 ἀξίωμα
634 3270 648 3286 ο
699 3255 834 3311 ἀλλά
860 3260 956 3311 κα)⁸
1002 3263 1521 3336 παραδειγματικὴν
1585 3267 1745 3340 ἱκανὴ

190 3341 347 3395 πίστιν
391 3344 486 3414 τῆς
513 3345 779 3416 ἀληθείας
834 3350 1196 3421 παρέχεσθαι.
1260 3354 1445 3420 Οὕτως
1501 3353 1594 3413 οὖν
1622 3361 1745 3414 οὐδὲ

192 3431 304 3487 διότι
329 3436 569 3507 λογικῆς,
600 3440 695 3492 καὶ
725 3444 920 3510 νοερᾶς
939 3444 968 3495 ό
996 3444 1227 3514 ἄγγελος
1267 3447 1502 3516 φύσεως,
1540 3451 1745 3523 ταύτης

192 3524 499 3597 ὁᾶνθρωπος
528 3530 933 3607 ἀποστερηθείη
968 3535 1071 3605 τῆς
1101 3537 1406 3609 δυνάμεως.

260 3699 407 3755 Ἀλλά
444 3702 555 3772 γὰρ
590 3703 687 3768 οὓς
729 3705 841 3777 ἔχει
866 3709 1073 3781 σπουδὴ
1096 3712 1210 3777 τοῖς
1247 3711 1424 3782 ὀρθῶς
1453 3714 1744 3785 ἀντιφέρειο

195 3790 297 3844 σθαι
340 3793 726 3865 δεδογμένοις;
770 3802 871 3853 οὐκ
908 3800 973 3855 ἂν
994 3802 1184 3873 ἔμοιγε
1232 3808 1425 3876 κριτῇ,
1490 3808 1745 3861 τοσοῦτον

197 3879 391 3935 ἐκείνων
434 3888 850 3956 προσάπτεσθαι
877 3891 1152 3961 δοκοῦσιν,
1210 3894 1324 3947 ὅσοι
1359 3896 1485 3949 καθ’
1529 3886 1743 3953 ἑαυτῶν

193 3972 582 4045 ἁντιστρέιρουσι
620 3979 720 4050 τὴν
759 3985 1116 4053 κατηγορίαν.
1186 3986 1357 4039 Ἔνθα
1378 3990 1488 4060 γὰρ
1517 3989 1746 4062 ὀρθότης

192 4062 416 4133 διανοίας,
452 4070 547 4121 καὶ
578 4074 699 4135 ταῖς
733 4074 976 4144 Γραφαῖς
998 4076 1109 4148 (86)
1141 4079 1491 4150 ἁρμόττουσα
1542 4082 1744 4155 θεωρία

194 4158 397 4227 μάλιστά
416 4180 477 4231 γε
505 4165 620 4228 τοῖς
654 4167 946 4239 μακαρίοις
969 4169 1124 4239 ήμῶν
1142 4171 1503 4245 ὲφιλοπονήθη
1525 4173 1744 4247 Πατρά-

195 4267 282 4318 σιν,
322 4257 626 4328 ἐπικουρεῖν
664 4258 784 4327 μὲν,
844 4261 1002 4332 εἴπερ
1051 4280 1103 4315 τι
1158 4264 1254 4317 καὶ
1312 4265 1744 4336 παραλέλειπται

192 4345 593 4414 ταύταις,κα“ιὼς
606 4345 719 4404 οἷόν
743 4368 803 4405 τε
825 4356 1144 4426 συγκροτεῖν
1167 4355 1524 4426 εὐγνωμόνων
1546 4375 1627 4422 τε,
1651 4358 1747 4412 καὶ

1846 1877 1981 1931 Nam
2016 1879 2315 1950 principem
2339 1881 2692 1952 Assyriorum
2724 1883 2806 1948 9’;
2836 1892 2891 1937 et
2929 1883 3227 1954 principem
3256 1889 3432 1956 gentis

1846 1971 2160 2028 Judzeorum
2189 1973 2206 2003 ¹
2246 1973 2515 2043 Propheta
2556 1973 2742 2028 Daniel
2788 1985 2974 2045 aperte
3014 1987 3429 2036 commemorat.

1849 2064 1914 2119 Et
1953 2065 2152 2119 alicubi
2184 2066 2273 2120 ille
2310 2067 2496 2131 etiam,
2529 2068 2624 2137 qui
2676 2069 2810 2122 vidit
2851 2068 3024 2124 Deum
3059 2069 3201 2126 facie
3234 2072 3301 2126 ad
3346 2071 3432 2127 fa-

1848 2158 2009 2221 ciem,
2043 2158 2219 2227 inquit
2250 2177 2263 2213 :
2300 2178 2317 2210 ι
2356 2157 2656 2215 Constituit
2696 2162 2960 2215 terminos
2994 2162 3235 2232 gentium
3274 2164 3432 2233 juxta

1848 2262 2137 2301 numerum
2188 2248 2508 2318 angelorum
2568 2248 2663 2303 Dei
2710 2250 2844 2321 (85).
2898 2271 2917 2302 ι
2956 2252 3431 2318 Quemadmodum

1846 2340 2032 2411 itaque
2070 2340 2462 2409 ratiocinandi,
2516 2351 2682 2413 atque
2739 2345 2908 2399 libere
2962 2346 3155 2415 agendi
3202 2347 3435 2403 facultas

1847 2434 2073 2505 angelis,
2111 2449 2176 2490 ac
2205 2435 2520 2492 hominibus
2549 2438 2861 2493 communis
2892 2447 2998 2506 est,
3039 2441 3109 2492 ita
3139 2440 3305 2494 etiam
3330 2440 3434 2495 do~

1847 2528 2091 2583 minandi
2119 2543 2183 2583 ac
2213 2530 2474 2599 regnandi
2504 2538 2766 2600 potestas.

1920 2620 2027 2675 Sed
2058 2619 2188 2691 quid
2223 2621 2389 2690 ergo?
2428 2619 2484 2674 Si
2515 2620 2660 2675 enim
2691 2619 2971 2689 proposito
3010 2618 3237 2674 oraculo
3267 2618 3436 2674 adde-

1847 2711 2029 2776 batur,
2065 2712 2212 2782 quod
2247 2714 2400 2767 solus
2431 2711 2597 2766 homo
2643 2711 2711 2765 ad
2769 2711 3059 2781 imaginem
3116 2711 3211 2765 Dei
3254 2711 3434 2767 factus

1849 2802 2061 2871 fuisset,
2124 2816 2254 2861 tunc
2312 2804 2660 2860 obstacnlum
2716 2802 2949 2859 fortasse
3005 2805 3060 2859 in
3110 2806 3432 2872 angi-lorum

1850 2908 2043 2952 natura
2076 2899 2450 2961 inveniretur;
2495 2896 2623 2967 quia
2664 2903 2718 2949 et
2755 2896 2808 2949 in
2838 2898 2971 2965 ipsis
3008 2908 3314 2950 cernuntur
3366 2912 3431 2953 ea

1850 3007 1948 3060 per
1977 3009 2098 3062 quae
2125 2991 2311 3046 Divina
2355 2999 2551 3045 natura
2591 2990 2824 3059 exprimi
2867 3000 3071 3059 posset.
3107 2990 3175 3042 At
3215 2990 3260 3043 si
3295 2989 3431 3044 nihil

1852 3083 2160 3152 hujusmodi
2193 3084 2265 3137 ibi
2297 3084 2563 3152 scriptum
2611 3082 2911 3146 invenitur,
2944 3080 3260 3135 communio
3290 3081 3433 3135 inter

1848 3177 2068 3247 angelos
2113 3183 2168 3228 et
2207 3174 2505 3228 humanum
2541 3188 2712 3244 genus
2756 3187 2864 3225 non
2914 3170 3079 3225 modo
3108 3186 3214 3224 non
3254 3169 3480 3263 aufert.

1849 3268 2028 3322 datam
2076 3268 2232 3321 nobis
2283 3266 2559 3320 creatione
2612 3265 2970 3336 dignitatem;
3008 3263 3100 3317 sed
3147 3263 3313 3317 etiam
3360 3263 3430 3317 ad

1847 3360 2091 3415 veritatis
2140 3358 2519 3427 probationem
2580 3370 2677 3424 per
2728 3353 3035 3422 exemplum
3099 3366 3431 3419 comparau-

1847 3454 1972 3508 dam
2004 3452 2163 3505 valet.
2200 3449 2314 3503 lloc
2344 3451 2527 3518 itaque
2585 3456 2745 3516 pacto
2786 3461 2885 3498 nec
2926 3445 3055 3512 quia
3104 3440 3429 3497 ra'iionalcm

1846 3556 1899 3603 et
1948 3544 2335 3614 iutelligentem
2396 3550 2646 3595 naturam
2702 3538 2928 3605 angelus
2990 3537 3171 3601 habet,
3235 3536 3426 3589 eadem

1847 3638 2012 3693 homo
2041 3650 2229 3691 carere
2260 3634 2419 3687 debet
2450 3632 2729 3686 facultate.

1916 3730 1985 3784 At
2031 3730 2175 3783 enim
2218 3726 2311 3797 qui
2358 3726 2617 3779 veritates
2660 3724 2763 3776 rite
2815 3731 3062 3791 receptas
3110 3735 3429 3790 oppugnare

1848 3821 2088 3887 student,
2124 3836 2253 3879 non.
2288 3816 2601 3887 mejudice,
2643 3825 2851 3869 tantum
2886 3814 3004 3868 illas
3047 3821 3318 3867 attentare
3348 3812 3430 3866 vi-

1848 3916 2061 3979 dentur,
2094 3920 2360 3981 quantum
2390 3908 2443 3961 in
2478 3923 2536 3962 se
2568 3907 2671 3976 ipsi
2715 3905 3146 3961 eonfutationem
3184 3913 3424 3957 vertunt.

1848 4007 1948 4062 Hic
2001 4004 2147 4060 enim
2180 4011 2324 4057 recta
2353 4001 2624 4070 cogitandi
2655 4000 2813 4063 ratio,
2839 4008 2893 4053 et
2928 4014 3097 4052 sacra:
3127 3997 3425 4065 Scriptura:

1848 4106 2210 4153 consentanea
2242 4094 2509 4156 doctrina,
2548 4107 2577 4145 a
2629 4090 2833 4145 sanctis
2877 4088 3180 4158 praesertim
3217 4087 3423 4141 nostris

1847 4189 2099 4245 Patribus
2135 4186 2409 4241 elaborata
2457 4191 2559 4249 est,
2590 4192 2649 4236 ut
2688 4180 3003 4249 suppleatur
3041 4178 3305 4248 quidquid
3355 4179 3426 4233 ab

1846 4298 1909 4338 ea
1933 4282 2201 4335 omissum
2233 4286 2337 4343 est,
2369 4284 2424 4331 et
2452 4274 2597 4345 quod
2627 4280 2805 4342 potest
2831 4287 2952 4327 cum
2987 4271 3272 4326 sententiis
3299 4271 3421 4340 pio-

1848 4389 1970 4427 rum
2005 4369 2445 4441 sapientiumque
2501 4366 2745 4418 virorum
2779 4363 3134 4417 concordare.
3167 4361 3269 4428 Qui
3298 4379 3424 4418 ve:o

195 4436 434 4501 συνέσεως
458 4441 558 4492 οὐκ
581 4441 988 4512 ὲστερημένων.
1042 4444 1231 4507 Ὅσοις
1273 4444 1387 4517 (87)
1423 4447 1480 4499 δὲ
1518 4449 1740 4519 ἐρεσχε-

1853 4436 2123 4522 doctrinas
2186 4469 2330 4514 recte
2360 4436 2365 4437 7
2395 4464 2628 4512 statutas
2674 4455 3113 4509 cavillationibus
3173 4461 3427 4523 satagunt

192 4524 311 4591 λίαις
354 4532 417 4585 τὰ
472 4533 656 4598 καλῶς
713 4534 906 4604 ἔχοντα
968 4537 1350 4592 κατασείεσθαι
1392 4540 1611 4612 γνώμη,
1647 4541 1743 4595 κοιλ⁵

203 4622 467 4693 καινότητα
496 4626 776 4696 ἐπιζητεῖν
799 4627 1099 4699 φιλοτιμία,
1128 4624 1272 4684 οὗτοι
1295 4630 1580 4703 λελήθασιν
1614 4634 1741 4685 ἑαυ-

191 4712 293 4775 τοὺς
322 4715 375 4767 ὲν
406 4716 483 4786 τῷ
513 4717 687 4790 θηρᾷν
735 4719 1003 4792 ὑπόληψιν
1042 4723 1378 4793 ἐντρεχείας,
1430 4726 1521 4778 καὶ
1571 4727 1741 4796 αὐτῆς

189 4803 270 4873 τῆς
339 4808 735 4882 ίεροπρεποῦς,
793 4813 886 4867 καὶ
951 4813 1195 4884 ἐμφύτου
1251 4818 1738 4888 παρασυρομένους

246 4920 284 4953 ’³
316 4924 443 4979 Dan.
476 4943 529 4991 κ,
573 4928 656 4993 l5,
687 4926 779 4983 20.
858 4930 876 4959 ¹
908 4928 1042 4985 ibid.
1075 4931 1165 4984 21.

1848 4551 2190 4623 perturbare,
2235 4556 2289 4603 et
2328 4546 2624 4601 novitatem
2664 4544 2863 4599 sectari
2920 4543 3178 4609 student;
3221 4542 3271 4596 lii
3316 4558 3424 4596 non

1846 4641 2110 4701 sentiunt,
2159 4636 2330 4709 quod,
2388 4637 2518 4690 dum
2564 4637 2630 4689 de
2685 4644 2880 4703 arguto
2934 4634 3152 4703 ingenio
3202 4642 3426 4702 captant

1844 4733 2287 4796 wstimationem,
2316 4730 2418 4799 ipsi
2446 4744 2503 4784 se
2534 4743 2562 4782 a
2591 4727 2868 4795 religiosa,
2898 4741 2961 4779 ac
2983 4741 3119 4795 pura
3148 4726 3424 4796 cogitandi

1845 4829 2058 4882 ratione
2087 4824 2368 4880 divellant.
2399 4820 2463 4875 Hi
2491 4821 2638 4875 enim
2667 4820 2721 4874 in
2751 4830 2989 4889 turpem,
3034 4821 3426 4890 propriumque

1673 5027 1906 5086 NOTAE.

243 5126 341 5208 (.85)
367 5126 544 5209 Deut._
571 5148 751 5198 xxxii,
773 5134 991 5209 _8_;___sed
1028 5134 1369 5209 [fluetiushic
1400 5152 1618 5209 quoque
1645 5155 1733 5195 se-

222 5198 349 5278 uitur
404 5202 713 5278 versionem
771 5203 951 5278 ωιχ,
991 5205 1065 5278 uti
1106 5215 1159 5260 et
1212 5198 1635 5278 Chryso'stor'uus
1676 5212 1729 5265 in

232 5269 428 5349 pist._ad
454 5270 666 5349 Col_o_ss.
702 5274 889 5349 honr”.
924 5276 1017 5349 5;_
1043 5276 1308 5347 interpres
1326 5269 1633 5349 'Origenis,
1675 5283 1730 5335 in

197 5350 321 5417 itum.
347 5340 489 5396 hom.
539 5345 645 5417 28;
674 5343 763 5417 ρ.
786 5340 1090 5417 Gregorius
1122 5340 1282 5417 papa,
1342 5340 1492 5404 Ιιοιιῖ.
1524 5350 1591 5404 54
1618 5340 1632 5415 ξ
1664 5351 1725 5405 D.

198 5402 542 5490 hieronymus,
581 5402 643 5467 in.
666 5402 1016 5490 _M_iCil33_1lb.
1072 5402 1139 5490 tt:
1173 5402 1227 5490 (ξι
1274 5402 1503 5475 Rufinus
1535 5402 1728 5490 'Aqui;

200 5472 386 5559 Eiensis
415 5483 465 5559 i_n
492 5472 833 5559 eipositione
868 5472 1133 5559 Symboli.
1184 5487 1386 5559 Atvero
1422 5472 1733 5559 Ᾰξιυίῑείξὲι

201 5541 522 5631 _S_ymrna_c_hus
552 5541 1051 5631 redrliderunt:xa-r‘
1078 5541 1313 5631 ἀριθμὸν
1324 5541 1731 5631 υίῶνήῆσραῆλ,

199 5616 574 5695 ngeholiastes
610 5626 784 5695 inquit
823 5646 836 5681 :
870 5627 1028 5680 Οὕτω
1070 5616 1131 5681 οῖ’
1166 5616 1342 5682 λοιποὶ
1373 5616 1734 5685 ὲκδεδώδιασιν

200 5683 500 5770 ἑρμηνεινταί
527 5714 543 5729 ο
580 5683 724 5751 ἰηιοί·
763 5713 902 5767 quos
939 5698 1222 5770 Yersioms
1257 5698 1498 5770 Yulgata:
1520 5683 1733 5766 auctor,

200 5760 276 5823 qui
295 5760 440 5819 habet
474 5768 628 5837 juxta
668 5760 941 5822 num-erum
972 5769 1205 5837 ﬁliorum
1248 5760 1422 5827 Isra'el
1450 5760 1736 5830 recensea;

1840 5152 1945 5196 tur.
1977 5140 2136 5196 Certe
2192 5135 2410 5204 quidem
2452 5135 2716 5205 scriptum
2773 5143 2860 5189 est
2916 5135 2970 5189 in
3006 5144 3156 5189 textu
3186 5153 3199 5189 :
3226 5122 3426 5199 12:33:};

1837 5219 2024 5295 Βκηξυν
2064 5240 2151 5293 ἐξ,
2175 5226 2451 5299 Lemispar
2481 5229 2605 5284 bene
2638 5228 2832 5291 Israel,
2867 5228 2937 5282 ad
2979 5245 3253 5282 numerum
3280 5232 3425 5299 ﬁlio-

1839 5322 1955 5360 rum
1988 5304 2176 5358 Israel.

1911 5375 2023 5450 (86)
2053 5375 2129 5428 Ex
2164 5373 2382 5450 iugem.)
2414 5371 2473 5423 τὸ
2502 5371 2746 5450 Γραςραῖς
2798 5370 3064 5449 suppleri,
3109 5370 3212 5450 sed
3245 5370 3423 5450 brevt-

1838 5440 1926 5502 tas
1949 5447 2176 5503 lacunae,
2209 5444 2503 5511 insequens
2529 5440 2773 5505 verbum,
2806 5442 3075 5494 etscnsus
3107 5440 3157 5493 id
3193 5442 3418 5493 omnino

1838 5516 2157 5594 suaéebw-
2850 5581 2860 5594 ι
2931 5582 2954 5594 η
3146 5593 3151 5594 κ
3381 5579 3392 5594 ο

1868 5632 1873 5635 ,
1914 5587 2028 5654 (87)
2063 5587 2248 5647 Ὅσοις
2278 5598 2376 5652 pro
2409 5583 2550 5639 όδοῖς
2630 5581 3161 5654 xa'ra_as£e¢10_at_pro
3193 5581 3422 5654 καταεί-

1845 5650 2053 5721 νεσθαι,
2086 5666 2141 5711 et
2171 5650 2467 5721 καινότητα
2505 5666 2605 5729 pro
2632 5652 2928 5720 κρινότητα
2954 5651 3010 5703 in
3044 5650 3145 5701 hac
3202 5650 3425 5713 periodo

1842 5731 2165 5787 emendasse
2195 5739 2301 5780 non
2325 5739 2411 5778 me
2443 5730 2665 5792 premet.
