3830 6210
358 273 465 338 Ξ55

1509 267 1776 330 PHOTII
1818 266 2326 330 PATRIARCH/E
2363 267 2472 328 (ΖΡ.

3521 265 3632 329 256

359 389 563 456 animat
604 385 864 441 absurdis
899 384 1249 440 illusionibus
1282 382 1534 439 obnoxiae
1580 399 1818 439 errorem
1866 385 1942 439 in-

2056 383 2314 446 διανοίας.
2388 379 2731 452 Ὑόριστικόν
2763 395 2822 432 τε
2871 378 3001 450 γὰρ,
3047 377 3140 432 καὶ
3189 378 3401 450 ἀλόγοις
3441 379 3634 451 ψυχῆς

359 493 604 542 currere,
645 479 756 532 imo
799 476 1201 532 ineluctabilem
1243 475 1297 531 in
1332 485 1504 530 semet
1546 474 1648 546 ipsi
1690 474 1941 531 confuta-

361 571 565 626 tionem
601 569 858 626 exhibere
889 568 1163 624 videntur.
1189 567 1259 622 At
1291 567 1433 624 istos
1453 568 1675 639 quidem
1711 576 1943 638 praeter-

361 677 576 716 eamus.

437 750 711 820 Quidquid
743 742 924 804 autem
955 748 1226 818 objectum
1250 759 1336 804 est
1359 758 1550 804 contra
1591 749 1741 815 illud,
1771 749 1946 803 homi-

364 859 491 899 nem
527 842 826 898 secund‘um
857 841 1052 894 anima:
1100 841 1506 911 simplicitatem
1539 843 1606 896 ad
1639 841 1734 896 Dei
1765 841 1948 912 imagi-

364 951 489 990 nem
544 935 714 989 fuisse
752 933 1057 998 conditum,
1101 933 1347 1002 ejusdem
1387 933 1615 988 furfuris
1662 942 1780 1001 est;
1837 950 1945 988 non

368 1027 535 1080 modo
567 1028 718 1096 quia,
756 1037 815 1080 ut
837 1027 889 1080 in
918 1026 1148 1098 angelis,
1186 1027 1258 1080 ita
1281 1034 1335 1080 et
1367 1026 1420 1079 in
1456 1027 1575 1096 ipsa
1611 1029 1816 1090 anima,
1850 1041 1948 1096 per

372 1120 849 1189 participationem
870 1120 1150 1183 nobilitas,
1177 1128 1230 1172 et
1255 1119 1562 1187 praestantia
1596 1119 1948 1173 nobilissimae

370 1221 604 1275 naturas,
633 1223 687 1267 et
714 1213 1049 1281 incorporeas
1079 1211 1503 1281 pulchritudinis
1524 1211 1741 1275 divinat,
1782 1210 1948 1264 veluti

367 1304 420 1358 in
471 1306 716 1374 speculo,
763 1305 1037 1371 cernitur;
1078 1321 1270 1359 verum
1302 1285 1646 1373 etiam'quia
1694 1306 1745 1358 in
1807 1304 1949 1358 trina

367 1395 687 1451 facultatum
741 1398 1090 1468 (intellectus,
1147 1399 1466 1464 memoriae,
1517 1408 1572 1451 et
1630 1395 1948 1466 voluntatis)

368 1491 650 1544 identitate
706 1490 1081 1546 confusionem
1133 1489 1680 1561 etfugit'distinctio;
1741 1489 1850 1542 imo
1898 1499 1952 1542 ιι

365 1585 495 1654 quia
525 1587 749 1639 Verbum
781 1585 1024 1655 procedit
1047 1601 1113 1638 ex
1149 1584 1347 1638 anima:
1375 1593 1570 1637 natura
1614 1581 1745 1636 illud
1774 1578 1952 1650 profc-

365 1681 540 1739 rente,
573 1676 701 1728 dum
736 1675 805 1729 ab
837 1675 953 1743 ipsa
985 1675 1302 1729 distinctum
1335 1681 1442 1737 est,
1471 1683 1526 1726 et
1555 1687 1677 1726 cum
1706 1686 1770 1724 ea
1815 1669 1952 1723 rela-

365 1766 570 1820 tionem
605 1766 968 1836 oppositionis
1015 1774 1233 1831 servat;
1283 1764 1376 1818 sed
1434 1773 1613 1817 tamen
1665 1778 1694 1817 a
1726 1763 1946 1832 spiritus

367 1866 562 1910 natura
594 1871 772 1924 neque
799 1865 1115 1926 separatum
1143 1865 1248 1917 est,
1276 1870 1452 1924 neque
1483 1854 1770 1910 dissimile.

438 1947 569 2002 Haec
613 1959 792 2002 autem
847 1949 1032 2017 utique
1080 1959 1338 2018 poterunt
1378 1963 1561 2003 secum
1613 1946 1773 2011 ferre,
1803 1945 1948 2015 quod

366 2041 433 2094 ad
467 2040 758 2108 imaginem
805 2039 1120 2094 Conditoris
1152 2040 1317 2099 homo
1361 2041 1430 2094 ab
1482 2039 1638 2094 initio
1671 2040 1742 2093 sit
1785 2038 1948 2092 eﬂ‘or-

367 2141 569 2186 matus.
602 2131 718 2186 Tibi
757 2141 937 2188 autem
969 2134 1095 2198 alia,
1136 2141 1301 2204 atque
1348 2133 1476 2196 alia,
1529 2147 1648 2201 qua:
1693 2131 1818 2186 hinc
1861 2145 1950 2200 pe-

366 2234 579 2289 tuntur,
613 2225 733 2280 sine
768 2226 994 2296 permria
1029 2235 1319 2295 suppetunt
1359 2225 1630 2295 exempla.
1671 2223 1949 2294 Sapientia

365 2318 532 2382 enim,
557 2317 642 2372 vis
691 2317 957 2385 ell'ectrix,
1006 2318 1408 2382 inmortalitas,
1455 2327 1510 2374 et
1557 2319 1713 2388 plura
1762 2317 1951 2384 hujus-

365 2409 535 2474 modi,
566 2409 618 2462 in
649 2409 868 2464 homine
900 2424 1164 2480 expressa
1199 2426 1268 2464 ex.
1301 2411 1478 2481 prima
1503 2411 1620 2477 illa,
1658 2418 1716 2464 et.
1751 2408 1952 2465 incom-

365 2497 714 2565 prehensibili
758 2500 1042 2568 sapientia,
1088 2508 1144 2554 et
1190 2498 1460 2555 eﬁectrice
1493 2500 1564 2561 vi,
1605 2509 1768 2569 atque
1797 2511 1952 2554 aeter-

366 2591 556 2656 nitate,
577 2589 773 2644 divinas
801 2601 1006 2646 nawrze
1053 2591 1468 2647 similitudinem
1501 2592 1702 2646 ferunt.
1739 2591 1797 2646 Si
1825 2591 1950 2661 quis

362 2691 549 2734 autem
593 2681 867 2748 maluerit,
917 2682 1082 2736 veluti
1116 2697 1184 2737 ex
1223 2683 1394 2737 variis
1419 2683 1716 2749 coloribus,
1747 2682 1953 2739 similli-

365 2785 511 2824 mam
544 2771 636 2825 Dei
664 2773 956 2843 imaginem
984 2773 1248 2843 exprimi;
1281 2784 1445 2844 atque
1471 2790 1535 2829 ex
1570 2775 1657 2829 bis
1691 2775 1950 2829 omnibus

363 2861 817 2930 pulcherrimam,
845 2874 900 2918 et
921 2865 1385 2934 speciosissimam
1413 2865 1650 2921 hominis
1699 2865 1933 2919 formam

359 2953 563 3024 ellingi,
594 2963 649 3008 et
673 2956 874 3010 excudi
905 2957 1222 3023 allirmzrrit;
1260 2958 1433 3012 isnon
1465 2957 1629 3012 modo
1656 2957 1947 3027 imaginem

2044 475 2750 549 φαντασίαις-ἐνεχομὲνης
2797 474 2969 538 πάθος
3020 475 3292 538 ὑπελθεῖν,
3354 476 3450 530 καὶ
3527 476 3634 529 ἀν-

2043 567 2500 640 απόδραστοντεὸν
2537 569 2758 639 ἔλεγχον
2787 567 2908 622 καθ’
2937 567 3148 621 ἑαυτῶν
3187 567 3422 639 ὁρῶνται
3477 585 3634 638 παρ-

2046 662 2363 732 εσχημένοι.
2423 661 2585 715 Ἀλλά
2604 660 2825 724 τούτους
2859 660 2958 731 μὲν
2986 659 3189 731 ἐῶμεν.

2117 755 2228 824 Τῆς
2253 755 2421 824 αὐτῆς
2445 753 2502 808 δὲ
2517 753 2582 807 ἂν
2604 754 2689 821 εἴη
2711 752 3206 822 συστοιχείας,όσον
3222 753 3301 817 είς
3317 751 3638 821 ἀντιλογίαν

2047 845 2238 915 φθάνει
2289 845 2384 900 τοῦ
2440 845 2562 899 κατ’
2597 844 2784 898 εἰκόνα
2812 844 2946 897 Θεοῦ
2971 843 3372 898 διαπεπλάσθαι
3414 844 3512 897 τὸν
3541 845 3641 898 ἄν-

2049 937 2266 1009 θρωπον
2285 937 2428 991 κατὰ
2465 936 2576 1007 (88)
2623 936 2683 989 τὸ
2727 935 2829 1004 τῆς
2875 934 3053 1006 ψυχῆς
3084 934 3374 1006 ἀσώματον
3397 950 3412 964 ⁸
3447 936 3512 988 οὐ
3543 935 3643 1006 μόο

2048 1046 2138 1083 νον
2169 1030 2325 1096 διότι,
2381 1029 2634 1100 καθάπερ
2661 1030 2720 1083 ὲν
2761 1032 2877 1093 τοῖς
2913 1028 3167 1098 ἀγγέλοις
3197 1029 3338 1084 κατὰ
3367 1030 3640 1100 μετοχὴν,

2048 1122 2192 1176 οὕτω
2229 1122 2321 1175 καὶ
2349 1123 2408 1174 ὲν
2453 1123 2590 1192 αὐτῇ
2645 1119 2708 1173 τὸ
2743 1120 3064 1189 ὑπερούσιόν
3093 1137 3154 1173 τε
3204 1121 3301 1174 καὶ
3352 1121 3642 1191 ὑπερφυὲς

2047 1216 2146 1285 τῆς
2174 1231 2234 1266 τε
2263 1214 2589 1285 ὑπερουσίου
2620 1211 2808 1274 οὐσίας
2830 1212 3036 1267 καὶτοῦ
3065 1213 3359 1282 ἀσωμάτου
3391 1212 3641 1274 κάλλους

2049 1304 2427 1376 ὲνοπτρίζεται
2450 1321 2464 1335 ·
2524 1303 2663 1358 ἀλλά
2716 1305 2800 1357 ὅτι
2833 1305 2926 1358 καὶ
2970 1305 3028 1356 ὲν
3065 1306 3130 1375 τῇ
3158 1304 3414 1375 τριαδικῇ
3443 1303 3644 1357 ταυτό-

2050 1416 2173 1468 τητι
2204 1400 2237 1469 ἠ
2269 1398 2522 1468 ἑτερότης
2565 1397 2758 1468 δρᾶται
2799 1396 2860 1448 τὸ
2903 1396 3209 1467 ἀσύγχυτον
3258 1396 3638 1460 διασώζουσα·

2051 1495 2102 1546 εἰ
2126 1491 2303 1563 βούλει
2340 1492 2397 1546 δὲ
2455 1493 2549 1545 καὶ
2574 1491 2709 1546 διότι
2731 1492 2887 1560 λόγος
2923 1491 3172 1562 πρόεισιν
3200 1493 3264 1543 ὲκ
3310 1487 3496 1559 ψυχῆς
3537 1489 3640 1554 τῆς

2053 1586 2400 1660 προαγούσης
2420 1587 2579 1641 αὑτὸν
2605 1586 2835 1656 φύσεως,
2853 1585 2914 1640 τὸ
2936 1583 3254 1654 ἀσύστοιχόν
3284 1598 3346 1636 τε
3372 1582 3469 1634 καὶ
3497 1597 3640 1633 κατ-

2054 1678 2280 1750 άλληλον
2327 1678 2722 1746 διαφυλάττων,
2742 1695 2806 1730 συ
2814 1694 2997 1748 μπροη
3006 1675 3173 1747 μένην
3193 1673 3306 1746 (89)
3321 1673 3642 1735 ἐπιδεικνὺς

2052 1769 2146 1823 καὶ
2169 1769 2270 1840 τὴν
2299 1770 2542 1841 ὁμοταγῆ
2567 1768 2662 1823 τοῦ
2692 1769 3000 1840 πνεύματος
3027 1767 3345 1823 ὑπόστασιν.

2117 1948 2305 2005 Ταῦτα
2341 1947 2456 2019 (90)
2499 1948 2546 2001 δ’
2576 1947 2642 2002 ἂν
2682 1947 2775 2002 καὶ
2823 1945 2903 2000 ἔτι
2928 1945 3246 2010 διασώζοιτο
3295 1944 3356 1999 τὸ
3390 1945 3522 1999 κατ’
3555 1947 3639 1999 εἱ-

2050 2042 2185 2097 κόνα
2249 2039 2346 2095 τοῦ
2409 2039 2722 2104 Πλάσαντος
2770 2042 3025 2110 ἀπαρχῆς
3063 2037 3521 2110 διαμορφωθῆναι
3541 2038 3640 2091 τὸν

2049 2134 2364 2206 ἄνθρωπον.
2441 2133 2658 2187 Ἔνεστι
2703 2131 2760 2184 δέ
2812 2148 2894 2184 σοι
2940 2129 3151 2185 πολλῶν
3207 2130 3464 2185 ἐντεῦθεν
3539 2132 3640 2198 ὁρ-

2061 2226 2335 2298 μωμένων
2364 2262 2382 2292 ,
2452 2225 2546 2278 καὶ
2612 2223 2786 2278 ἄλλων
2857 2223 3316 2297 παραδειγμάτων
3376 2221 3640 2292 ἀφθονία.

2053 2317 2126 2371 To
2192 2319 2300 2388 γὰρ
2345 2315 2541 2387 σοφὸν,
2621 2316 2713 2368 καὶ
2782 2315 2843 2368 τὸ
2931 2314 3351 2386 δημιουργικὸν.
3424 2315 3528 2367 καί⁹
3579 2313 3641 2366 τὸ

2049 2409 2336 2473 ἀθάνατον,
2380 2409 2475 2462 καὶ
2525 2407 2696 2460 πολλὰ
2714 2407 2958 2471 τοιαῦτα,
2989 2409 3054 2460 ὲκ
3078 2406 3179 2476 τῆς
3211 2405 3457 2478 πρώτης,
3488 2405 3612 2458 ἐκεί
3623 2434 3641 2446 ο

2049 2518 2171 2572 νης,
2202 2502 2298 2556 καὶ
2337 2501 2479 2573 ὑπὲρ
2538 2499 2664 2553 νοῦν
2714 2500 2925 2569 σοφίας,
2987 2501 3080 2553 καὶ
3127 2499 3508 2570 δημιουργίας,
3539 2496 3640 2550 καὶ

2049 2594 2356 2664 ἀῖδιότητος
2377 2591 2822 2662 ἐντετυπωμένα,
2846 2591 2999 2662 φέρει
3029 2591 3130 2662 τῆς
3154 2590 3368 2661 φύσεως
3394 2589 3456 2642 τὸ
3470 2591 3638 2643 ἀπει-

2052 2684 2306 2752 κόνισμα.
2353 2684 2416 2736 Εἰ
2445 2683 2500 2736 δέ
2546 2699 2653 2748 τις,
2686 2683 2876 2754 ὥσπερ
2903 2683 2967 2760 εκ
2996 2681 3271 2752 διαφόρων
3293 2681 3636 2752 χρωμάτων.

2053 2774 2461 2844 θεοειδεστάτην
2519 2775 2832 2844 οἰκονομίαν
2882 2771 3290 2844 διαγράψασθαι
3339 2771 3636 2841 θελήσειε·

2053 2867 2144 2922 καὶ
2174 2865 2262 2920 διὰ
2283 2866 2488 2920 τούτων
2515 2866 2769 2921 ἁπάντων
2804 2864 3164 2936 μορφοῦσθαι,
3201 2865 3298 2918 καὶ
3341 2863 3641 2918 διατυποῦ-

2055 2958 2202 3025 σθαι,
2234 2958 2336 3030 τὴν
2363 2957 2664 3030 καλλίστην
2693 2975 2752 3011 τε
2782 2959 2876 3012 καὶ
2911 2957 3254 3029 ὡραιοτάτην
3288 2953 3504 3026 μορφὴν
3531 2955 3637 3008 τοῦ

357 3047 431 3100 ad
460 3060 708 3102 naturam
739 3059 981 3104 nostram
1015 3052 1236 3120 proprie
1279 3051 1642 3121 pertinentem
1671 3049 1941 3114 ostendet,

2056 3051 2342 3124 ἀνθρώπου
2374 3053 2676 3125 ἀποφήνειε
2699 3069 2712 3082 σ
2748 3052 2893 3122 μετὰ
2943 3049 3036 3103 τοῦ
3091 3049 3380 3114 ἰδιάζοντος
3417 3048 3512 3102 ἐπὶ
3530 3047 3638 3117 τῆς

359 3143 463 3200 sed.
507 3144 671 3197 etiam
720 3145 789 3197 ab
842 3144 1175 3214 elegantiore
1228 3159 1412 3200 causa
1458 3145 1784 3210 redditione,
1817 3159 1940 3200 meo

358 3234 582 3304 quidem
610 3235 835 3305 judicio,
875 3251 982 3290 non
1012 3235 1249 3291 excidet.

433 3409 622 3479 Itaque
655 3409 790 3469 nihil
815 3420 900 3466 est
935 3411 1078 3481 quod
1115 3427 1182 3467 ex
1220 3412 1382 3469 dictis
1419 3415 1673 3485 cperibus
1711 3415 1839 3486 quid
1873 3417 1944 3472 sit

360 3497 566 3567 imago,
597 3506 694 3552 aut
724 3499 851 3566 quid
902 3500 1279 3572 archetypum,
1321 3511 1415 3557 aut
1441 3503 1571 3574 quid
1607 3504 1760 3570 illud,
1797 3506 1943 3574 quod

362 3587 429 3641 ad
476 3588 767 3656 imaginem
823 3589 916 3643 Dei
979 3591 1260 3646 conditum
1322 3603 1439 3659 est,
1513 3597 1938 3664 excogitemus:

362 3682 576 3734 tametsi
605 3680 863 3750 imaginis
891 3685 1114 3738 nomine
1137 3685 1360 3756 intelligi
1393 3697 1576 3756 posset
1605 3690 1769 3744 etiam
1809 3705 1943 3745 una-

359 3785 595 3840 quaeque
632 3786 823 3826 earum
853 3777 1249 3843 praestantium,
1293 3778 1665 3849 nobiliumque
1696 3781 1964 3849 preprieo,

360 3870 560 3928 talum,
590 3879 727 3929 quas
768 3865 1033 3922 hactenus
1064 3870 1440 3926 recensuimus
1463 3888 1479 3937 ;
1505 3872 1670 3926 veluti
1721 3873 1941 3928 ratioci—

361 3953 527 4006 nandi
581 3953 836 4020 facultas,
894 3973 1003 4028 qua
1059 3959 1225 4015 homo
1271 3962 1456 4033 pollet,
1503 3970 1557 4018 et
1601 3979 1944 4034 quaecunque

359 4057 532 4110 nuper
562 4043 794 4100 adducta
825 4057 972 4101 sunt.
1018 4045 1146 4104 Haec
1173 4050 1317 4104 enim
1365 4051 1654 4123 imaginem
1699 4052 1939 4108 referunt

360 4132 679 4202 iueﬂ‘abilis,
732 4145 787 4190 et
847 4137 1455 4208 incomprehensibilis,
1508 4158 1674 4212 quam
1726 4145 1779 4198 in
1831 4144 1941 4200 Deo

359 4227 814 4296 contemplamur,
851 4229 1100 4293 ditionis.
1161 4233 1459 4301 sapientiae,
1507 4235 1820 4299 creationis,
1887 4245 1943 4291 et

2047 3143 2258 3214 φύσεως
2286 3144 2444 3215 ἡμῶν
2470 3142 2729 3215 παρέχειν
2769 3144 2904 3213 όρᾷν
2933 3141 3034 3215 τὴν
3061 3141 3245 3194 εἰκόνα
3277 3139 3639 3208 γλαφυρωτέ-

2045 3253 2166 3308 ραν,
2193 3237 2256 3289 οὖ
2321 3254 2412 3307 μοι
2461 3236 2616 3290 δοκεῖ
2636 3236 2914 3291 διαπεσεῖν
2953 3233 3052 3306 τῆς
3107 3234 3251 3288 κατά
3299 3232 3402 3302 τὴν
3433 3230 3630 3285 αἰτίαν

2043 3329 2368 3393 ἀποδόσεως.

2116 3418 2326 3472 Οὐκοῦν
2373 3419 2525 3473 οὐδέν
2549 3420 2696 3473 ἐστιν
2716 3419 2784 3472 ὲκ
2805 3417 2918 3471 τῶν
2937 3415 3246 3487 εἰρημένων
3295 3413 3474 3485 ἔργων
3497 3410 3634 3467 οὔτε

2043 3511 2142 3580 τὴν
2176 3510 2360 3564 εἰκόνα
2382 3511 2585 3575 λαϐεῖν,
2631 3509 2754 3563 οὔτε
2791 3509 2854 3561 τὸ
2892 3508 3200 3580 ἀρχέτυπον
3243 3506 3467 3568 ἐννοεῖν,
3515 3499 3634 3558 οὐδ’

2043 3602 2072 3656 ό
2105 3602 2224 3656 κατ’
2247 3604 2432 3657 εἰκόνα
2461 3602 2594 3656 Θεοῦ
2629 3601 3025 3657 διαπέπλασται
3047 3616 3064 3632 ο
3117 3600 3296 3655 καίτοι
3337 3595 3504 3652 εἰκὼν
3531 3590 3634 3668 μὲν

2045 3695 2111 3749 ἂν
2140 3695 2362 3767 νοηθείη
2394 3695 2530 3749 Θεοῦ
2562 3696 2657 3750 καὶ
2681 3695 2912 3749 ἕκαστον
2938 3694 3047 3748 τῶν
3087 3692 3398 3765 εἰρημένων
3442 3690 3634 3745 καλῶν

2041 3802 2103 3839 τε
2133 3788 2228 3840 καὶ
2259 3788 2457 3858 τιμίων
2481 3805 2494 3820 ·
2529 3785 2640 3841 οἷον
2677 3787 2740 3840 τὸ
2769 3787 2827 3840 ἐν
2853 3787 2932 3857 τῷ
2950 3783 3224 3856 ἀνθρώπῳ
3257 3781 3497 3852 λογικδν,
3530 3781 3630 3835 καὶ

2043 3881 2146 3934 ὅσα
2179 3881 2314 3934 ἀλλα
2345 3879 2693 3952 προείρηται.
2741 3880 2849 3934 Καὶ
2889 3879 2996 3950 γὰρ
3049 3875 3307 3940 εἰκονίζει
3339 3873 3513 3928 ταῦτα
3527 3874 3631 3945 τὴν

2045 3970 2188 4042 ὑπὲρ
2216 3970 2396 4038 λόγον,
2445 3971 2542 4025 καὶ
2587 3969 2798 4025 ἔννοιαν
2853 3971 2912 4023 ἐν
2938 3968 3017 4040 τῷ
3053 3967 3173 4038 Θεῷ
3239 3965 3630 4037 θεωρουμένην

2047 4063 2326 4134 βασιλείαν
2355 4081 2435 4130 τε,
2481 4064 2575 4118 καὶ
2603 4064 2820 4134 σοφίαν,
2853 4064 2948 4118 καὶ
2995 4060 3378 4133 δημιουργίαν,
3410 4057 3507 4111 καί⁵
3534 4057 3628 4111 τὸν

2044 4155 2345 4226 ἄρρευστόν
2375 4171 2455 4219 τε,
2489 4156 2582 4209 καὶ
2614 4154 2825 4224 ἀπαθῆ,
2847 4155 2939 4207 καὶ
2967 4151 3260 4224 όμοούσιον
3290 4150 3488 4219 Λόγον.
3515 4148 3627 4203 Καὶ

2041 4248 2072 4299 ὁ
2103 4246 2390 4318 ἄνθρωπος
2441 4245 2828 4301 διαπλάττεται
2855 4248 3002 4300 κατάη
3051 4245 3153 4316 τὴν
3191 4242 3623 4314 δημιουργικὴν,

358 4312 521 4369 Verbi
554 4316 718 4382 illius,
759 4319 906 4388 quod
940 4336 1044 4376 nec
1065 4321 1328 4387 dillluere,
1361 4338 1462 4378 nec
1495 4325 1803 4395 perturbari
1845 4343 1942 4398 po-

2056 4336 2142 4389 ιιαὶ
2206 4312 2513 4406 βασιλικὴν,
2571 4336 2666 4389 καὶ
2720 4335 2966 4405 λογικὴν,
3048 4312 3142 4388 καὶ
3227 4312 3421 4402 σοφίαξς
3499 4331 3626 4402 μέτ-

357 4415 484 4474 test,
517 4417 679 4478 atque
720 4411 868 4465 Patri
902 4423 985 4467 est
1031 4415 1516 4470 consubstantiale.
1562 4415 1625 4470 Et
1665 4426 1811 4473 certe
1856 4418 1937 4475 vis

2056 4443 2168 4497 nxov
2218 4427 2425 4489 εἰκόνα,
2455 4426 2556 4480 οὐκ
2581 4425 2745 4489 αὐτὸς
2768 4424 2843 4479 ὥν
2866 4425 3060 4497 (ταῦτα
3080 4423 3238 4486 εἴτις
3253 4422 3623 4490 λεπτολογεῖν,

355 4499 619 4566 eﬂ‘ectrix,
669 4500 1058 4557 dominationis
1092 4504 1412 4568 auctoritas,
1460 4505 1820 4562 ratiocinandi
1855 4507 1936 4563 fa-

356 4591 552 4655 cultas,
579 4600 636 4645 et
669 4593 951 4662 sapientiae
974 4596 1320 4664 participatio
1338 4612 1459 4652 esse
1477 4607 1700 4667 possent
1733 4599 1935 4671 imago,

356 4683 423 4738 ad
456 4700 621 4753 quam
663 4686 828 4740 homo
863 4685 1132 4742 formatus
1163 4697 1266 4754 est,
1303 4689 1432 4744 dum
1469 4707 1578 4745 non
1605 4699 1689 4747 est
1718 4692 1834 4762 ipse
1869 4709 1934 4748 ea

355 4771 536 4841 imago
571 4773 640 4843 (si
665 4776 792 4843 quis
827 4774 939 4830 base
979 4777 1253 4832 subtiliter
1295 4780 1623 4848 expendere,
1653 4790 1708 4835 et
1750 4783 1932 4838 nomi-

353 4879 484 4917 num
529 4875 853 4936 potestatem
903 4867 971 4921 ad
1015 4871 1251 4938 rigorem
1306 4871 1559 4941 persequi
1599 4887 1928 4941 supervaca-

353 4970 514 5010 neum
548 4972 656 5011 non
680 4959 907 5031 censet),
937 4960 1032 5014 sed
1059 4964 1362 5017 secundum
1392 4964 1564 5033 ipsam
1635 4967 1812 5024 factus
1877 4984 1960 5028 est
1985 4991 2000 5028 :

2039 4518 2135 4571 καὶ
2159 4517 2294 4587 πρὸς
2315 4517 2605 4588 ἀκρίϐειαν
2630 4515 2933 4588 ἀνιχνεύειν
2974 4516 3080 4570 τῶν
3103 4515 3387 4583 όνομάτων
3405 4515 3507 4584 τὴν
3530 4513 3625 4567 δύο

2037 4625 2204 4678 ναμιν
2221 4608 2551 4680 ἀπερίεργον
2579 4607 2834 4679 νομίζει),
2854 4608 2991 4662 ἀλλὰ
3020 4609 3160 4662 κατά
3176 4607 3377 4679 ταύτην
3427 4607 3620 4662 διαπεδ

2040 4699 2388 4769 πλασμένος·
2419 4698 2506 4752 ἵνα
2543 4701 2638 4753 καὶ
2694 4701 2728 4770 η
2770 4697 2957 4762 εἰκὼν,
3017 4699 3113 4751 καί⁵
3155 4697 3218 4751 τὸ
3267 4696 3388 4751 κατ’
3433 4697 3618 4750 εἰκόνα

2038 4787 2374 4858 σαφέστερον
2425 4786 2752 4860 θεωρηθείη,
2777 4788 2871 4842 καὶ
2899 4786 3038 4859 μηδὲ
3066 4784 3161 4840 τοῦ
3197 4783 3555 4858 πρωτοτύπου
3583 4786 3617 4856 ἠ

2036 4880 2226 4949 ἄγνοια
2252 4882 2383 4951 ημῖν
2412 4883 2649 4953 περιῄει.

2042 4985 2102 5029 ιιι
2139 4975 2304 5030 simul
2339 4983 2394 5030 et
2422 4975 2621 5044 imago,
2663 4985 2719 5032 et
2745 4975 2887 5047 quod
2927 4975 2995 5031 ad
3030 4975 3322 5048 imaginem
3361 4984 3465 5039 est,
3497 4973 3614 5044 pla'

351 5049 478 5103 nius
531 5049 923 5120 intelligantur,
973 5068 1075 5107 nec
1133 5055 1293 5110 nobis
1347 5058 1623 5127 exemplar
1678 5059 1931 5130 ignorare
1971 5067 2272 5137 contingat.

424 5140 481 5194 Si
513 5142 636 5211 quis
663 5152 844 5198 autem
872 5147 976 5204 ista
1012 5147 1177 5202 simul
1210 5149 1276 5200 ad
1315 5147 1632 5218 imaginem,
1670 5160 1724 5205 et
1752 5169 1930 5209 exem-

347 5233 467 5304 plar
497 5234 750 5290 maluerit
780 5239 1039 5295 reducere
1077 5239 1308 5310 (scilicet
1333 5255 1439 5293 non
1471 5242 1725 5312 cogitarit
1749 5244 1929 5300 homi-

348 5341 472 5381 nem
508 5329 808 5383 secundum
845 5329 982 5386 istas
1029 5331 1410 5402 proprietates,
1444 5348 1568 5404 quae
1599 5331 1694 5388 Dei
1749 5335 1930 5408 imago

2107 5161 2170 5215 Ei
2189 5162 2247 5216 δέ
2263 5179 2348 5226 τις
2396 5161 2569 5215 ταῦτα
2591 5163 2918 5230 συναγαγεῖν
2953 5159 3198 5229 ἐθελήσοι
3242 5159 3381 5231 πρὸς
3407 5157 3509 5231 τὴν
3537 5158 3608 5213 εἰ·

2037 5247 2194 5316 κόνα,
2219 5251 2315 5305 καὶ
2356 5251 2418 5304 τὸ
2451 5251 2829 5321 πρωτότυπον,
2865 5250 3020 5304 οὐδὲν
3052 5250 3161 5304 οὐδ’
3192 5243 3347 5314 οὗτος
3378 5251 3615 5321 διαμαρ-

2038 5342 2213 5398 τάνει.
2261 5343 2344 5397 Τὰ
2367 5343 2476 5416 γὰρ
2512 5345 2571 5396 ἐν
2601 5341 2719 5415 Θεῷ
2769 5344 2915 5416 μόνῳ
2973 5343 3358 5416 καθορώμενα,
3393 5343 3530 5398 Θεοῦ
3552 5343 3616 5397 ἂν

1817 5447 2054 5508 NOTAE.

420 5552 534 5635 (88)
570 5554 751 5635 Κατὰ,
771 5555 918 5626 quod
949 5557 1040 5615 hic
1069 5558 1286 5627 reﬁnxi,
1318 5559 1688 5631 ealligraphus
1715 5561 1922 5621 dormi-

349 5629 474 5676 tans
505 5628 557 5677 in
587 5628 682 5678 καὶ
711 5638 1033 5685 mutaverat.

421 5692 532 5764 (89)
564 5694 1045 5773 Συμπροημμένην
1066 5701 1111 5757 si
1141 5702 1309 5774 legas,
1343 5718 1496 5779 aeque
1550 5718 1772 5761 sensum
1819 5723 1916 5762 ex-

2031 5575 2219 5720 ωῗὲἰῗί
2238 5644 2479 5720 Sic'puto
2509 5644 2908 5705 emendandum
2936 5662 3036 5719 pro
3062 5645 3257 5719 ταύτῃ.
