3830 6210
422 256 524 321 259

1572 251 1831 313 ΡΗΟΤΞΙ
1871 247 2376 311 PATRIABCI-LE
2402 249 2509 308 (ΣΡ.

3562 245 3668 311 260

371 419 378 425 .
421 396 442 428 ‹
480 373 884 445 perimaginem
917 391 934 423 ι
967 371 1275 426 autumant.
1308 370 1442 424 Nam
1469 385 1594 425 cum
1619 370 1858 441 Spiritus
1878 385 1998 425 san-

2108 367 2193 421 Βιὰ
2225 367 2325 435 τῆς
2351 365 2582 427 εἰκόνος.
2635 363 2708 415 Τὸ
2751 362 2860 434 γὰρ
2903 359 3166 430 πανάγιον
3201 359 3443 431 Πνεῦμα,
3478 362 3669 430 φασὶν,

416 477 560 527 ctus,
587 464 758 528 aiunt,
784 462 863 516 uti
893 470 947 516 et
979 460 1150 515 Filius
1172 459 1246 514 sit
1285 478 1303 510 ι
1336 459 1593 528 splendor
1614 469 1683 514 et
1731 460 1902 529 ﬁgura
1929 460 1950 488 '
1977 499 1992 524 ,

415 566 471 610 et
493 557 669 625 imago
691 555 802 623 (95)
826 553 1181 608 immutabilis
1206 551 1420 615 Patris;
1449 570 1467 602 ι
1506 566 1738 622 cumque
1763 550 2005 604 hominis-

417 647 596 700 anima
625 661 719 715 per
738 645 1022 714 Spiritum,
1052 660 1146 698 seu
1171 642 1513 712 Spiraculum
1541 639 1848 694 immediate
1870 653 1999 692 con-

415 743 524 795 dita
559 741 630 796 sit
655 783 670 805 ,
707 741 828 810 jure
851 741 1154 808 meritoque
1183 738 1457 796 hominem
1487 754 1503 788 ι
1530 751 1624 805 per
1653 735 1945 804 imaginem
1971 751 1992 786 ιν

417 834 642 887 omnino
693 843 933 886 creatum
956 878 970 898 ,
1001 841 1054 885 et
1088 850 1106 881 ι
1146 831 1211 882 ad
1244 830 1533 899 imaginem
1567 847 1584 877 ι
1622 825 1714 880 Dei
1752 826 1951 879 factum
1977 866 1991 890 ,

419 938 514 977 seu
547 922 743 976 divinae
775 922 1028 990 imaginis
1052 936 1211 990 opus,
1239 928 1293 972 et
1336 915 1842 988 praestantissimam
1875 928 1997 978 esse

419 1025 725 1082 creaturam
755 1014 935 1068 dicere
968 1027 1299 1082 possumus;
1333 1011 1578 1078 adeoque
1633 1008 1774 1061 hanc
1826 1005 1998 1060 nomi-

424 1123 552 1161 num
628 1106 941 1174 metalepsin
1011 1106 1128 1159 sine
1201 1103 1586 1172 impedimento
1654 1099 1995 1153 adhibemus.

421 1197 784 1263 Quamobrem
809 1197 1055 1250 nonnulli
1086 1195 1404 1263 eorum,qui
1424 1192 1608 1246 sacris
1637 1189 1856 1244 Litteris
1906 1204 1999 1242 ex-

421 1290 684 1359 plicandis
704 1289 1081 1353 incubuerunt,
1103 1303 1205 1340 non
1233 1305 1249 1337 ι
1281 1287 1345 1340 ad
1367 1285 1652 1353 imaginem
1679 1301 1696 1334 ι
1726 1281 1996 1336 hominem

425 1381 594 1435 l'uisse
626 1379 826 1433 factum
851 1379 1122 1440 dixerunt,
1149 1377 1240 1432 sed
1277 1397 1293 1427 ι
1334 1377 1392 1430 in
1413 1377 1628 1446 maginc
1667 1393 1685 1425 ι
1727 1375 1997 1440 interpre-

423 1475 516 1535 tati
551 1482 699 1526 sunt.
731 1471 894 1539 Atqui
927 1472 1042 1524 haec
1071 1470 1292 1539 quidem
1339 1467 1732 1536 interpretandi
1758 1464 1998 1528 ratio,'si

420 1565 586 1617 etiam
621 1565 938 1632 acceptione
987 1564 1144 1631 digna
1188 1563 1457 1626 videatur,
1489 1559 1637 1613 nullo
1667 1566 1828 1627 pacto
1859 1555 2000 1609 veri-

423 1650 516 1703 tati
547 1649 760 1703 oliicere
811 1649 1175 1722 poterit;_imo
1204 1657 1258 1700 et
1295 1647 1520 1700 alteram
1559 1645 1697 1698 hanc
1733 1641 1996 1713 propositi

2097 457 2286 526 ὥσπερ
2312 456 2406 508 καὶ
2429 458 2456 507 6
2481 454 2628 518 Υἱὸς,
2665 452 3055 521 «ἀπαύγασμα,
3103 451 3195 504 καὶ
3235 449 3548 520 χαρακτὴρ,
3578 453 3671 502 xxi.

2097 535 2258 602 εἰκῶν
2278 547 2713 618 ἀπαράλλακτος,
2731 545 2822 599 τοῦ
2840 545 3072 614 Πατρδς,
3087 562 3104 594 ι
3132 543 3354 595 ὲπεὶδιὰ
3377 543 3470 594 τοῦ
3494 539 3671 594 Πνεύ-

2099 658 2287 712 ματος,
2335 641 2453 710 ἦτοι
2483 638 2575 692 τοῦ
2613 639 3007 708 ὲμφυσήματος
3050 636 3333 706 προσεχῶς
3376 636 3409 704 ἡ
3449 633 3548 686 τοῦ
3578 635 3674 687 άν-

2098 733 2316 804 θρώπου
2364 731 2824 801 δεδημιούργηται
2847 729 3014 799 ψυχὴ,
3055 729 3282 790 εἰκότως
3331 727 3418 780 διὰ
3445 727 3551 796 τῆς
3582 714 3671 778 ἐξ·

2097 826 2252 887 κόνος
2301 823 2496 891 λέγοιτ’
2527 822 2592 875 ἂν
2619 825 2698 882 εἰς
2730 821 2791 874 τὸ
2818 817 3109 890 ὁλόκληρον
3144 819 3172 870 ὁ
3225 818 3512 887 ἄνθρωπος
3543 819 3677 868 ἁπο-

2095 917 2434 984 τε).εσθῆναι,
2485 915 2580 967 καὶ
2631 913 2807 967 «κατ’
2850 912 3078 965 εἰκόνα»
3132 910 3458 978 γεγενῆσθαι
3510 907 3671 972 Θεοῦ,

2097 1010 2214 1080 ἦτοι
2262 1011 2361 1078 τῆς
2424 1007 2573 1070 Θείας
2632 1007 2835 1070 εἰκόνος
2895 1005 3095 1073 ἔργον,
3152 1003 3247 1058 κα)⁸
3299 1003 3676 1073 φιλοτέχνημα

2096 1099 2456 1169 χρηματίσαιο
2494 1099 2590 1152 καὶ
2622 1097 2719 1168 τὴν
2749 1097 3051 1168 μετάληψιν
3075 1096 3185 1149 τῶν
3207 1095 3486 1164 ὀνομάτων
3526 1094 3673 1146 ἀκώ-

2099 1191 2258 1245 λυτον
2291 1187 2448 1248 εἶναι.
2486 1191 2629 1244 Διότι
2660 1190 2752 1244 καί
2781 1206 2926 1252 τινες
2949 1188 3062 1260 (96)
3092 1191 3172 1247 εἰς
3201 1187 3297 1258 τὴν
3328 1186 3547 1239 ἔκθεσιν
3578 1189 3676 1256 τῆς

2102 1280 2251 1354 ἱερᾶς
2296 1281 2450 1351 ἡμῶν
2495 1281 2716 1352 Γραφῆς
2754 1281 2992 1334 στάντων
3012 1279 3130 1332 ἀντὶ
3158 1277 3249 1331 τοῦ
3272 1278 3421 1329 «κατ’
3451 1277 3668 1329 εἰκόνα»

2065 1357 2293 1440 ἐίπεῖν,
2331 1376 2388 1428 ἐν
2419 1374 2587 1426 εἰκόνι
2631 1371 2765 1426 Θεοῦ
2807 1371 3054 1425 διέλαὸον
3101 1369 3190 1422 τὸν
3234 1368 3539 1439 ἄνθρωπον.
3580 1384 3676 1418 πε-

2100 1467 2379 1536 ποιῆσθαι.
2425 1466 2564 1519 Ἀλλ’
2591 1459 2746 1541 οὗτος
2782 1464 2880 1533 μὲν
2928 1465 2955 1516 6
2988 1463 3164 1530 λόγος,
3214 1461 3306 1513 καὶ
3355 1459 3675 1529 παραδοχῆς

2099 1557 2441 1626 ἀξιούμενος,
2475 1556 2625 1609 οὐδὲν
2669 1557 2764 1625 τὴν
2797 1553 3054 1624 ἀλήθειαν
3106 1550 3548 1622 παραλυπήσειε·
3586 1548 3676 1602 καὶ

2099 1651 2196 1718 τὴν
2225 1649 2485 1718 δευτέραν
2517 1649 2624 1700 τῶν
2653 1646 2957 1717 εἰρημένων
2986 1643 3356 1714 ὑπερχόμενος
3390 1641 3551 1706 τάξιν
3578 1643 3678 1695 οὐκ
3706 1628 3710 1631 ³

420 1741 623 1794 oraculi
663 1741 1095 1794 cnucleationem
1141 1739 1382 1801 subiens,
1413 1738 1482 1790 ab
1509 1753 1593 1799 ca,
1631 1751 1755 1790 meo
1776 1733 1994 1804 quidem

2199 1710 2504 1807 ἀγαπήσει,
2544 1736 2666 1789 οὐδ’
2703 1710 3023 1804 ξπιξητήσει
3052 1710 3244 1802 ούτμεν
3273 1727 3392 1795 οὖν,
3424 1730 3581 1785 κατά
3612 1745 3676 1800 γε

393 1832 644 1900 'judicio,
681 1847 782 1885 nec
804 1831 1039 1896 amabit,
1066 1847 1165 1884 nec
1195 1839 1402 1898 quaeret
1460 1828 1641 1882 avelli.

494 1919 860 1990 lteperiuntur
895 1927 1072 1972 autem
1097 1929 1373 1982 auctores,
1414 1917 1504 1987 qui
1533 1919 1606 1986 (et
1637 1916 1739 1971 hac
1777 1899 1997 1983 Quidem

421 2011 780 2080 explicatione
812 2011 944 2064 illud
985 2029 1004 2059 ι
1052 2011 1121 2064 ad
1155 2010 1446 2080 imaginem
1484 2028 1502 2060 ι
1538 2007 1789 2078 protinus
1826 2005 1996 2072 relerf

423 2114 511 2158 tur
558 2103 623 2156 ad
677 2103 873 2157 divina:
933 2117 1182 2171 personae
1228 2103 1617 2171 proprietatem
1677 2107 2000 2154 ante'cata-

412 2195 631 2263 'lepsin)
661 2193 814 2248 aiunt
847 2213 860 2248 :
893 2203 1012 2249 esto
1070 2194 1216 2248 illud-
1253 2194 1365 2269 «ad
1419 2193 1708 2262 imaginem
1748 2212 1766 2243 ι
1799 2193 1870 2244 ita
1915 2191 2000 2269 d_i-

420 2295 568 2338 ctum
603 2285 670 2337 de
701 2283 894 2348 Verbo,
930 2295 988 2344 ut
1018 2284 1084 2336 ad
1125 2264 1287 2337 Verbi
1322 2259 1753 2350 incarnationem
1808 2280 1862 2335 et
1901 2259 1997 2334 atl-

426 2382 644 2429 ventum
664 2372 1040 2446 pertineat._Si
1069 2374 1212 2427 enim
1243 2393 1260 2424 ι
1289 2372 1548 2437 Verbum,
1573 2371 1844 2440 inquiunt,
1867 2383 1997 2422 caro

423 2467 626 2524 factum
654 2475 757 2530 est,
781 2474 835 2519 et
891 2465 1152 2520 habitavit
1201 2465 1254 2518 in
1295 2465 1454 2518 nobis
1479 2464 1530 2528 ³,
1568 2483 1586 2516 ι
1625 2472 1679 2517 et
1706 2464 1870 2516 homo
1895 2460 1997 2514 fuit

429 2583 446 2609 ι
482 2576 577 2628 per
627 2543 846 2614 omnia"
885 2578 903 2609 ι
939 2567 1301 2627 praeterquam
1337 2555 1392 2609 in
1446 2555 1750 2624 peccato“;
1805 2552 1998 2621 utique

424 2651 728 2707 secundum
781 2650 926 2704 illam
980 2658 1247 2711 sanctam,
1305 2656 1358 2703 et
1407 2657 1632 2717 peccato
1697 2655 1995 2710 carentem,

423 2747 536 2798 imo
589 2752 643 2797 et
692 2755 854 2795 omne
917 2748 1202 2808 peccatum
1273 2721 1640 2793 destruentem
1701 2737 1992 2806 imaginem

423 2837 596 2891 fuisse
625 2834 710 2887 vel
742 2835 914 2903 ipsum
972 2833 1205 2901 primum
1261 2837 1536 2900 parentem
1597 2831 1764 2884 Adam
1816 2830 1998 2886 eondi-

424 2937 540 2980 tum
580 2932 726 2979 rccte
758 2935 1008 2987 censere,
1048 2927 1101 2973 et
1145 2917 1327 2975 dicere
1359 2919 1506 2973 nulla
1547 2921 1757 2974 ratione
1806 2919 1995 2988 prohi-

425 3019 701 3070 berentur.

497 3105 574 3158 En
627 3105 791 3158 alium
829 3105 1044 3158 modum
1095 3105 1280 3167 habes,
1317 3105 1473 3172 quasi
1510 3103 1562 3156 in
1593 3104 1890 3173 porismatc
1930 3117 1998 3156 ex
2033 3103 2080 3150 '.

427 3195 738 3264 hujus-modi
771 3197 1130 3264 expliCatione
1174 3196 1576 3263 procedentem,
1608 3195 1882 3263 habesque
1923 3194 1999 3248 si-

428 3285 540 3337 mul
564 3294 616 3337 et
651 3283 1348 3352 imaginem,etexemplar,
1381 3293 1437 3338 et
1470 3284 1768 3339 secundum
1804 3299 1999 3352 quam-

427 3388 553 3426 nam
586 3372 876 3441 imaginem
902 3372 1072 3425 Adam
1103 3372 1156 3425 in
1193 3372 1429 3426 hominis
1459 3381 1650 3426 natura
1678 3361 1838 3426 fuerit
1867 3387 2000 3427 con-

427 3465 672 3518 stitutus.
691 3465 826 3517 Cum
855 3464 996 3518 enim
1019 3463 1188 3517 Filius
1205 3464 1275 3517 sit
1307 3463 1486 3532 imago
1515 3463 1999 3527 incommutabilis,

425 3565 480 3609 et
515 3553 996 3609 consubstantialis
1033 3554 1201 3615 Patri,
1231 3568 1462 3622 cutnque
1501 3551 1677 3608 factus
1712 3553 1782 3608 sit
1814 3554 1996 3619 homo,

425 3646 615 3716 quales
653 3662 753 3700 ΙΙΟὸ
787 3660 998 3711 sumus,
1043 3657 1098 3699 Cl
1130 3661 1290 3698 unam
1345 3661 1468 3699 cum
1494 3655 1772 3713 assumpta
1804 3653 2000 3698 natura

425 3729 725 3792 confecerit
772 3751 1097 3806 personam;
1137 3737 1410 3791 hominem
1457 3737 1522 3791 ad
1556 3737 1800 3792 eamdem
1843 3753 1998 3792 suam

427 3831 792 3884 tonditionem
858 3837 1110 3882 evectum
1173 3828 1452 3882 ostendit:
1485 3839 1647 3896 atque
1699 3831 2000 3883 secundum

427 3925 567 3978 hanc
601 3920 760 3976 Verbi
791 3920 1056 3974 incarnati
1089 3919 1317 3973 formam
1348 3920 1390 3983 °,
1424 3929 1478 3972 et
1503 3919 1678 3973 ideam
1704 3919 1887 3973 divina
1915 3935 2003 3973 sa-

424 4015 647 4085 pientia,
682 4027 803 4082 qua:
839 4010 1189 4082 prmvidebat,
1216 4011 1651 4080 disponebatque
1692 4009 1900 4074 futura,
1932 4011 1999 4064 ad

427 4105 659 4172 priurum
688 4102 860 4156 nostri
888 4102 1103 4172 generis
1143 4109 1420 4171 parentem
1461 4116 1616 4170 pura,
1646 4111 1700 4154 et
1737 4102 2003 4157 crcatrice

427 4211 589 4249 manu
649 4193 998 4248 formandum
1042 4208 1070 4244 a
1127 4207 1239 4247 suae
1280 4192 1628 4261 benignitatis
1672 4192 2000 4246 abundantia

425 4286 655 4339 adducta
691 4294 796 4338 est.

492 4384 670 4448 Atque
721 4379 834 4434 brec
880 4379 1134 4440 maxima,
1197 4384 1256 4430 ut
1299 4365 1539 4429 arbitror
1571 4413 1587 4438 ,
1621 4372 2004 4443 perspicuitate
2035 4395 2082 4452 ι)

423 4481 478 4526 et
510 4471 790 4539 diligentia
835 4471 1117 4524 enucleate
1164 4475 1312 4524 sunt.
1367 4465 1657 4518 Enimvero
1687 4465 2000 4534 AnthrOpo-

427 4562 821 4630 tnorphitarum
871 4561 1120 4614 tlelirium
1159 4543 1292 4614 esto.
1319 4557 1372 4611 in
1405 4572 1593 4610 eorum
1629 4557 1872 4610 animum
1915 4557 1998 4610 in-

427 4651 684 4716 ductum,
734 4651 827 4721 qui
886 4649 1055 4704 Deum
1139 4650 1333 4718 quavis
1386 4649 1590 4718 figura,
1653 4648 2001 4703 circumscri-

427 4742 631 4810 ptione,
685 4754 739 4796 et
791 4741 1277 4810 comprehensione
1325 4751 1600 4794 carentem
1644 4741 1710 4795 ad
1762 4742 2000 4796 hominis

427 4836 656 4888 formam
708 4843 870 4903 atque
915 4834 1144 4900 ﬁguram
1200 4833 1622 4902 perlrahendum
1664 4832 1997 4887 insanientes

428 4934 708 4996 putarunt.
751 4923 877 4998 lino
899 4941 1073 4995 neque
1100 4926 1225 4990 hoc,
1257 4925 1400 4994 quod
1433 4924 1588 4978 facile
1618 4925 1916 4988 intellecttt,
1946 4933 2000 4979 et

424 5019 658 5086 cuipiam
671 5005 1007 5085 obviumest,
1027 5027 1206 5083 mente
1221 5017 1496 5086 percipere
1515 5017 1836 5082 voluerunt;
1855 5016 2000 5086 quod

2102 1830 2283 1898 κρίσιν
2316 1830 2414 1897 τὴν
2448 1829 2606 1896 ἐμὴν,
2638 1827 2844 1896 ταύτης
2876 1825 3272 1895 ύπεραρθῆναι.

2174 1922 2330 1974 Ἔστι
2371 1921 2428 1972 δὲ
2458 1921 2656 1990 εὑρεῖν,
2694 1915 2774 1980 οἷς
2822 1919 3034 1987 εἴρηται
3079 1916 3166 1985 (δι’
3199 1909 3273 1969 ὧν
3315 1915 3413 1968 καὶ
3444 1913 3680 1967 αὐτόθεν

2101 2015 2180 2070 εἰς
2205 2012 2334 2065 ἴδιον
2361 2012 2421 2063 τὸ
2459 2030 2494 2072 γι
2525 2011 2644 2064 κατ’
2671 2010 2854 2062 εἰκόνα
2885 2028 2902 2059 ι
2957 2007 3388 2076 συναναφέρεται
3420 2007 3537 2076 (97)
3572 2007 3677 2074 πρὸ

2101 2105 2477 2174 καταλήψεως)
2509 2119 2522 2139 ·-
2557 2103 2793 2174 εἰρήσθω
2839 2103 2915 2172 τῷ
2940 2102 3095 2172 Λόγῳ
3139 2101 3198 2152 τὸ
3248 2100 3420 2170 ῥῆμα,
3457 2097 3676 2152 διαϐαί-

2101 2215 2211 2262 νειν
2242 2197 2386 2266 πρὸς·
2414 2196 2511 2264 τὴν
2549 2194 2642 2247 τοῦ
2665 2195 2838 2260 Λόγου
2885 2194 3158 2263 σάρκωσιν
3218 2192 3312 2243 καὶ
3353 2190 3674 2258 ἐπιδημίαν.

2101 2289 2167 2342 Εἰ
2199 2287 2309 2357 γὰρ
2343 2305 2361 2336 ι
2384 2286 2413 2337 6
2447 2286 2637 2354 Λόγος,
2675 2287 2828 2353 φασὶ,
2863 2284 2998 2353 σάρξ
3027 2283 3267 2351 ἐγένετο,
3301 2282 3395 2334 καὶ
3434 2282 3679 2351 ἐσκήνω-

2102 2395 2192 2430 σεν
2232 2378 2290 2429 ὲν
2336 2377 2489 2446 ἡμῖν,
2519 2394 2537 2426 ι
2595 2375 2692 2427 καὶ
2750 2374 3032 2443 ἄνθρωπος
3090 2371 3427 2440 ἐχρημάτισε
3487 2388 3507 2420 ι
3537 2369 3678 2423 κατὰ

2102 2469 2331 2527 πάντα.»
2373 2466 2512 2538 πλὴν
2539 2467 2636 2536 τῆς
2669 2465 2943 2534 ἁμαρτίας
2969 2481 2981 2494 ο
3016 2466 3135 2516 κατ’
3180 2465 3358 2514 ἐκεῖνο
3394 2463 3455 2513 τὸ
3508 2461 3676 2531 ἱερὸν,

2101 2561 2194 2613 καὶ
2243 2560 2625 2629 ἀναμάρτητον
2656 2557 2901 2627 ἄγαλμα,
2947 2555 3080 2608 ἀλλὰ
3127 2555 3219 2607 καὶ
3265 2552 3445 2621 πάσης
3493 2553 3674 2622 ἁμαρ-

2099 2651 2219 2713 τίας
2244 2648 2648 2720 καθαιρετικὸν,
2683 2649 2778 2700 καὶ
2810 2646 2900 2699 τὸν
2946 2645 3369 2715 πρωτόπλαστον
3404 2643 3582 2713 Ἀδὰμ
3619 2641 3673 2693 δὲ

2100 2739 2570 2811 δημιουργηθῆναι
2619 2739 2712 2792 καὶ
2763 2740 3000 2808 φρονεῖν,
3047 2737 3142 2790 καὶ
3171 2735 3348 2804 λέγειν
3397 2734 3580 2806 ὀρθῶς
3604 2732 3675 2786 ἂν

2101 2835 2252 2887 οὐδὲν
2274 2832 2644 2886 ἀποκωλύσειε
2677 2830 2856 2899 λόγος.
2997 2847 3000 2851 ‘

2173 3104 2283 3156 Καὶ
2312 3092 2455 3171 ἔχεις
2482 3099 2680 3171 τρόπον
2714 3097 2893 3162 ἄλλον,
2919 3096 2994 3159 ὡς
3026 3097 3083 3148 ἐν
3114 3094 3415 3164 πορέσματι
3447 3093 3538 3147 διὰ
3576 3093 3676 3162 τῆς

2098 3199 2352 3270 τοιαύτης
2379 3197 2617 3265 Θεωρίας
2643 3193 3067 3264 προερχόμενον,
3103 3192 3194 3244 καὶ
3219 3191 3316 3259 τὴν
3339 3192 3549 3252 εἰκόνα,
3585 3190 3675 3242 καὶ

2097 3289 2158 3341 τὸ
2196 3287 2567 3359 πρωτότυπον,
2601 3286 2693 3338 καὶ
2724 3283 2844 3338 καθ’
2875 3284 2943 3352 ἣν
2973 3283 3157 3334 εἰκόνα
3187 3282 3213 3332 6
3245 3281 3414 3349 ’Λδὰμ
3449 3281 3532 3342 εἰς
3582 3282 3674 3331 ἀν-

2099 3379 2318 3452 θρώπου
2346 3380 2509 3448 φύσιν
2541 3376 2912 3448 διεμοριρώθη.
2949 3375 3060 3427 Καὶ
3083 3374 3186 3444 γάρ
3213 3374 3246 3443 ἡ
3279 3370 3442 3424 εἰκὼν
3490 3374 3672 3442 ἀπαρ-

2101 3472 2383 3533 άλλακτος,
2426 3470 2521 3522 καὶ
2566 3466 2817 3536 συμφυὴς
2864 3468 2891 3518 6
2922 3465 3049 3526 Υἱὸς
3099 3464 3381 3532 ὑπάρχων,
3429 3460 3674 3527 γεγονὼς

2099 3563 2155 3615 δὲ.
2186 3561 2472 3632 ἄνθρωπος
2509 3559 2632 3612 καθ’
2673 3560 2840 3628 ἡμᾶς,
2874 3557 2968 3610 καὶ
2997 3557 3076 3618 εἰς
3112 3555 3221 3624 (98)
3268 3555 3396 3624 μίαν
3437 3553 3677 3605 ὑπόστα-

2103 3672 2185 3707 σιν
2234 3652 2311 3723 τῷ
2362 3651 2746 3722 προσλήμματι
2796 3646 3084 3712 συνελθὼν,
3137 3648 3397 3714 ὁμότιμον
3443 3643 3532 3700 τὸν
3585 3644 3678 3696 ἇν-

2099 3747 2316 3816 θρωπον
2351 3744 2547 3808 ἔδειξεν
2587 3741 2784 3811 ἐαυτῷ·
2815 3739 2938 3793 καθ’
2987 3740 3052 3810 ἣν
3104 3738 3340 3809 μορφὴν,
3383 3736 3477 3790 καὶ
3527 3735 3675 3790 ἰδέαν

2098 3838 2199 3905 τῆς
2253 3836 2518 3905 σωτηρίου
2573 3835 2776 3903 ταύτης
2817 3829 3144 3901 σαρκώσεως
3196 3833 3228 3899 ἡ
3277 3835 3344 3881 τὰ
3389 3830 3676 3898 μέλλοντος

2101 3927 2200 3998 ἤδη
2230 3925 2521 3995 καθορῶσά
2560 3942 2642 3986 τε,
2684 3925 2778 3976 κοι)⁸
2810 3920 3166 3991 οἰκονομοῦσα
3199 3919 3332 3972 Θεοῦ
3388 3919 3549 3986 σοφία
3587 3920 3678 3972 τὸν
3739 3927 3744 3932 “

2101 4018 2343 4090 ἀρχηγὸν
2367 4017 2463 4070 τοῦ
2496 4017 2687 4084 γένους
2723 4016 2880 4086 ἡμῶν
2913 4013 3098 4084 χερσὶν
3129 4012 3416 4082 ἀκράντοις
3461 4013 3557 4064 καὶ
3583 4012 3678 4082 δη-

2104 4114 2478 4183 μιουργικιοῖς,
2540 4109 2814 4180 ὑπερϐολῇ
2886 4107 3294 4178 φιλανθρωπίας
3359 4105 3678 4175 ὑπηγάγετο

2103 4203 2432 4258 πλάττεσθαι
2535 4238 2544 4246 -
3103 4196 3108 4200 ”

2183 4380 2348 4434 Ἀλλά
2383 4381 2550 4434 ταῦτα
2583 4380 2680 4450 μὲν
2713 4379 2853 4432 κατᾶ
2881 4379 2942 4431 τὸ
2973 4379 3330 4446 σαφέστατον,
3365 4371 3547 4447 οἶμαι,
3579 4377 3676 4430 καὶ

2107 4474 2187 4526 δι’
2221 4473 2532 4544 εύκρινείας
2576 4471 2934 4543 τεθεώρηται.
2983 4473 3044 4525 ὐ
3075 4472 3184 4542 γάρ
3222 4470 3330 4522 τῶν
3361 4463 3676 4537 Ἀνθρωπο-

2110 4567 2385 4638 μορφιτῶν
2431 4567 2596 4636 λῆρος
2628 4566 2706 4627 εἰς
2732 4564 2953 4617 ἐκείνων
3001 4562 3110 4633 (99)
3151 4561 3472 4633 ἀπερῤίφθω
3503 4578 3675 4629 κειραο

2106 4660 2224 4725 λὰς,
2270 4660 2318 4712 οἳ
2352 4646 2485 4728 πρὸς
2529 4659 2626 4727 τὴν
2664 4655 2953 4726 ἀνθρώπου
2988 4655 3199 4726 μορφὴν
3244 4653 3424 4706 καὶτὸ
3467 4654 3673 4724 σχῆμα,

2107 4750 2196 4804 τὸν
2225 4732 2738 4820 ἀσχημάτιστόντε,
2771 4751 2863 4802 καὶ
2892 4747 3293 4817 ἀπεριόριστον,
3332 4731 3428 4798 καὶ
3465 4745 3674 4798 dicatd-

2107 4836 2308 4905 ληπτον
2366 4836 2823 4903 συγκαθέλκουσιν
2892 4834 3266 4904 ἐκμεμηνότες
3315 4832 3470 4886 Θεόν.
3541 4834 3674 4886 Οὐδὲ

2104 4930 2260 4983 τοῦτο
2296 4932 2422 5000 ῥᾷον
2445 4930 2524 4991 ὃν,
2558 4931 2650 4984 καὶ
2685 4930 2970 5000 πρόχειρον
3010 4927 3279 5000 ἠθέλησαν
3308 4926 3401 4980 ἐπὶ
3433 4925 3555 4979 νοῦν
3587 4927 3677 4994 ,λα-

2109 5018 2243 5084 δεῖν,
2273 5019 2346 5083 ὡς
2378 5022 2426 5072 εἰ
2458 5020 2516 5073 τὸ
2545 5019 2699 5073 Θεῖον
2751 5019 2810 5083 ἐξ
2841 5005 3035 5082 ἁῖδίον,
3087 5019 3182 5071 καὶ
3208 5018 3328 5087 οὐχ).
3361 5017 3505 5086 λόγῳ
3549 5033 3676 5084 σύγ-

496 5157 516 5187 ²
546 5154 708 5209 llebr.
746 5169 784 5217 ι,
813 5153 868 5206 5.
945 5151 1144 5207 ’Joan.
1178 5153 1328 5216 ι,14.
1401 5155 1421 5183 ⁸
1454 5151 1612 5207 llebr.
1654 5169 1712 5218 ιι,
1748 5153 1834 5205 l7.
1906 5155 1926 5184 ⁵
1955 5152 1997 5206 li

2108 5172 2216 5222 .tv,
2239 5156 2326 5209 15.
2391 5157 2413 5188 ⁸
2443 5157 2676 5226 Philipp.
2708 5171 2767 5220 ll,
2807 5149 2858 5210 7.

1016 5273 1023 5282 ’
1463 5257 1466 5260 ’
1932 5297 2164 5356 nom.

489 5408 602 5481 (95)
647 5407 774 5481 Sap.
809 5422 906 5469 vn,
945 5405 1036 5464 26,.
1071 5404 1206 5459 Vide
1253 5417 1456 5481 tamen,
1518 5422 1586 5461 ne
1625 5405 1854 5481 Photius
1890 5408 2006 5473 hate

423 5477 622 5536 ωδε».
655 5479 864 5544 dicens,
893 5491 992 5530 suo
1024 5493 1120 5546 per
1161 5477 1446 5530 cuniculos
1480 5479 1652 5546 errori
1702 5479 1843 5531 viam
1875 5488 2006 5532 ster-

427 5559 539 5614 nat,
597 5565 662 5604 ac
702 5557 848 5616 putet
877 5562 960 5610 ea,
1010 5545 1131 5616 quae
1180 5547 1232 5598 in
1273 5546 1523 5616 adductis
1551 5545 1844 5615 Scriptura:
1870 5549 2003 5603 locis

427 5620 618 5674 litteris
679 5615 818 5673 Filio
877 5615 1212 5681 tribuuntur,
1249 5615 1520 5684 iusurpari
1588 5630 1749 5682 posse
1803 5617 1869 5671 de
1898 5618 1996 5674 SS.

429 5691 553 5760 quia
579 5688 664 5743 hic
696 5701 914 5758 quoque
947 5698 1154 5743 tantum
1188 5701 1214 5738 a
1248 5683 1417 5740 Patre
1439 5686 1695 5756 procedat

2179 5412 2288 5484 (96)
2323 5413 2433 5482 Τῆς
2456 5413 2560 5468 huc
2587 5422 2805 5484 temere
2834 5411 3102 5484 insertum
3151 5410 3492 5466 evellendum
3524 5411 3670 5468 duxi.

2177 5481 2289 5550 (9η
2325 5481 2414 5538 Sic
2443 5484 2615 5552 placet
2642 5499 2738 5552 pro
2762 5483 2858 5534 σὺν
2888 5481 3263 5548 ἀναφαίνεται.

2176 5554 2287 5621 (98)
2320 5550 2467 5608 Hanc
2496 5550 2752 5622 πρόθεσιν
2785 5567 2946 5622 sensu
2971 5555 3224 5622 ductante
3257 5550 3476 5610 refinxi.

2098 5632 2105 5637 '
2173 5620 2283 5693 (99)
2315 5623 2391 5678 ita
2423 5620 2548 5678 reor
2581 5637 2676 5690 pro
2705 5621 2926 5674 εἰκόνων
2948 5620 3322 5677 Scribendum.
