3864 6218
150 397 158 404 .
218 335 331 403 261

1230 338 1329 398 AD
1364 331 1957 397 AMPHILOCHIUM
1992 337 2340 409 QUIESTIO
2376 338 2639 401 XXXVI.

3390 339 3497 400 262

216 448 610 512 καταϐάσεως,
660 450 755 504 καὶ
783 448 1188 520 φιλανθρωπίας
1232 448 1331 519 τὴν
1379 445 1799 518 τόὖάνθρὼπου

1911 450 2131 517 scilicet,
2162 451 2207 507 si
2228 451 2372 507 Deus
2401 451 2708 506 humanam'
2720 448 2949 507 formam
2975 452 3044 508 ab
3063 460 3286 512 interno.
3303 453 3359 507 et
3386 469 3495 505 non

216 540 596 613 διεμορςροῦτο
639 543 874 613 μορφὴν,
918 544 1001 606 εἰς
1029 543 1206 613 μάτην
1253 543 1320 595 ἂν
1364 544 1606 611 ἐγεγόνει
1653 546 1686 612 ἡ
1722 539 1809 596 ὲπ⁴

216 631 473 700 ἐσχάτων
531 634 639 686 τῶν
690 636 898 703 χρόνων
943 635 1054 689 διὰ-
1080 634 1175 688 τοῦ
1213 633 1343 687 Υἱοῦ
1394 634 1488 688 τοῦ
1539 636 1809 705 ἡμετέρου

220 724 556 795 φυράματος
586 725 913 796 πρόσληψις.

296 856 433 935 Οὐδὲ
463 857 525 910 τὸ
552 820 705 911 Θεῖον
759 861 1068 931 καθαρεῦον
1115 864 1199 932 εἴη
1226 862 1291 928 (ὣ
1325 820 1519 931 φρενὸς
1564 876 1809 931 παρακο-

213 946 639 1016 πτούσηςι)τά
695 949 898 1019 ἔσχατα
951 953 1088 1005 κατά
1124 952 1182 1005 τδ
1234 954 1404 1024 ἀῤῥεν
1462 953 1646 1005 τεκαὶ
1673 952 1808 1022 θῆλυ
1858 1008 1869 1018 ,

218 1038 304 1108 μὴ
330 1038 762 1097 διαστέλλεσθαι.
797 1045 907 1097 Καὶ
954 1046 1063 1113 γὰρ
1113 1047 1175 1098 τὸ
1208 1045 1352 1116 ἱερὸν
1390 1045 1809 1115 ἀποφηνάμενον

211 1132 462 1197 Δόγίονη
497 1134 665 1185 (Κατ’
692 1136 877 1203 εἰκόνα
930 1136 1072 1199 Θεοῦ,
1125 1138 1381 1209 ἐποίησεν
1425 1137 1672 1201 αὐτούς’»
1722 1139 1812 1191 εὐ-

214 1222 324 1284 Θὺς
370 1225 672 1293 ἐπήγαγεν·
708 1230 947 1300 εἈρσεν
978 1232 1072 1284 καὶ
1100 1231 1232 1301 θῆλυ
1267 1231 1522 1300 ἐποίησεν
1552 1221 1803 1295 αὐτούςοὶ

209 1315 299 1378 ὡς
340 1318 440 1385 τῆς
472 1320 680 1383 εἰκόνος
720 1322 1135 1394 ὲπιπρεπούσης
1172 1324 1291 1394 οὐχ).
1329 1326 1475 1395 μόνῳ
1504 1324 1581 1394 τῷ
1608 1325 1804 1395 Ἀδάμ,

210 1407 339 1461 ἀλλ’
373 1410 653 1482 ὁμοτίμως
680 1414 776 1466 καὶ
802 1418 867 1485 τῇ
912 1415 1568 1489 Εὕᾳ,προσαρμοζούσης,
1598 1417 1695 1487 καὶ
1740 1419 1809 1471 δι’

209 1500 407 1553 αὐτῶν
433 1503 595 1556 παντί⁵
624 1504 703 1574 τῷ
729 1506 1055 1578 ἀνθρωπίνῳ
1082 1509 1251 1576 γένει.
1298 1511 1361 1563 El
1389 1510 1499 1582 γὰρ
1528 1510 1674 1575 καίτά
1702 1527 1810 1562 σω-

213 1594 469 1666 ματικὴν
512 1595 870 1668 ἐπιφάνειαν,
929 1600 1021 1653 καὶ
1076 1601 1289 1671 μορφὴν
1343 1602 1371 1654 δ
1402 1601 1688 1671 ἄνθρωπος
1733 1602 1810 1654 δι-

213 1683 497 1753 επλάσθη,
531 1686 625 1739 τοῦ
660 1688 795 1741 Θεοῦ
845 1692 912 1743 τά
965 1709 1025 1744 τε
1076 1694 1342 1763 εἰρημένα
1384 1693 1702 1746 συνασεϐεῖν
1743 1697 1807 1764 τῇ

210 1774 484 1843 ἀπαρχῆς
521 1776 857 1850 δυσσεϐούσῃ
891 1768 1069 1852 πλάνῃ
1115 1783 1431 1846 συνέπεται,
1467 1781 1563 1835 καὶ
1600 1783 1809 1853 ἁνθρω-
1840 1816 1881 1871 Β

209 1866 476 1931 ποπαοὲς
519 1870 617 1940 τὴν
669 1871 995 1940 ἀνύϐριστον
1049 1873 1354 1942 ἐξυϐρίζειν
1405 1874 1648 1943 Θεότητα
1678 1891 1692 1906 ⁶
1742 1874 1807 1953 τὸ

206 1960 330 2028 γὰρ
376 1962 842 2035 ἀνθρωπόμορφον
889 1968 999 2019 οὐδ’
1040 1969 1363 2040 ἀπαλλαγήν
1414 1968 1806 2025 ποθεν,παθῶν

206 2050 582 2121 ἀνθρωπίνων
619 2057 999 2129 ἐκληρώσατο.

232 2339 241 2347 .
292 2271 571 2326 Τοιούτων
611 2273 671 2327 δὲ
716 2275 810 2330 καὶ
841 2276 911 2330 τὰ
937 2278 1037 2347 τῆς
1075 2279 1286 2349 πλάνης
1322 2280 1642 2352 σεϐάσματα
1670 2298 1683 2313 ·
1712 2284 1805 2335 καὶ

207 2362 380 2415 οὐδὲν
421 2366 827 2437 πεπυρρίκασιν
862 2369 938 2439 (1)
989 2372 1240 2443 εἰδωλικῇ
1292 2374 1680 2445 δεισιδαιμονίᾳ
1705 2375 1805 2447 τὴν

208 2454 525 2527 θεοπρεπῆ,
582 2459 676 2510 καὶ
726 2458 1019 2530 σεϐάσμιον
1058 2463 1211 2532 ἡμῶν
1262 2462 1537 2530 θεολογίαν
1581 2452 1805 2519 συνανα-

208 2545 524 2617 φύροντες,
583 2552 678 2603 καὶ
737 2553 818 2615 είς
877 2553 1035 2607 τοῦτο
1086 2557 1341 2625 συνάγειν
1402 2557 1801 2629 ἐκϐιαζόμενοι.

206 2636 444 2688 Πολλῶν
485 2638 579 2703 δὲ,
632 2643 724 2693 καὶ
769 2641 946 2695 ἄλλων
995 2644 1323 2717 δυσφημιῶν
1383 2648 1800 2718 παρεπομένων,

202 2726 398 2779 ταῦτα
442 2730 641 2799 μᾶλλον
674 2734 1001 2803 προκύπτει,
1046 2738 1139 2790 καὶ
1184 2738 1283 2809 τὴν
1325 2739 1628 2809 παράνοιαν
1666 2740 1804 2810 λαμ·

206 2821 382 2890 πρῶς
403 2824 696 2896 ἀπελέγχει
722 2827 831 2880 τῶν
850 2830 929 2892 εἰς
948 2829 1151 2901 ταύτην
1170 2830 1268 2902 τὴν
1290 2832 1555 2902 ὑπόληψιν
1577 2833 1804 2898 ἑαυτοὺς

204 2914 426 2978 ἀθλίως
459 2918 965 2993 ὲναποῤῥιψάντωνε

291 3051 686 3120 Παραπλησίου
738 3055 795 3109 δὲ
848 3058 1154 3128 παρανοίας
1182 3059 1429 3131 ’ἔλεγχος
1480 3060 1546 3114 ἂν
1586 3062 1673 3132 εἴη
1708 3063 1802 3116 καὶ

1914 542 2129 597 ratione
2150 542 2448 599 descensus
2494 543 2561 598 de
2602 543 2756 598 ccelis
2795 553 2848 597 et
2867 544 3079 622 ratione
3110 542 3497 597 misericordia:

1912 648 2039 702 erga
2094 626 2368 700 homines,
2428 635 2812 699 habuisset,in
2863 651 3063 689 vanum
3110 636 3280 689 Filius
3313 634 3368 689 in
3396 650 3497 689 no-

1911 722 2149 779 vissimis
2194 727 2531 794 temporibus
2563 742 2763 798 corpus
2796 737 3043 781 nostrum
3083 727 3505 793 assumpsisset,

1978 854 2093 909 lmo
2153 870 2325 925 neque
2388 856 2529 912 Deus
2571 859 2706 912 adeo
2745 872 2915 926 purus
2968 867 3111 911 esset
3165 855 3497 926 (ementem

1912 944 2271 1001 delirantem!
2305 948 2341 1009 ),
2379 960 2437 1002 ut
2471 951 2736 1018 genitales
2774 951 2825 1003 in
2864 964 2932 1003 eo
2959 961 3141 1018 partes
3191 946 3496 1001 secundum
3542 1016 3547 1021 ι

1895 1039 2251 1092 -masculeum
2294 1039 2724 1109 fmmineumque
2752 1055 2942 1093 sexum
2971 1054 3076 1091 non
3098 1038 3499 1106 distingueren-

1913 1138 2021 1182 tur.
2060 1129 2163 1184 Ubi
2201 1132 2347 1184 enim
2376 1147 2532 1185 sacra
2563 1130 2788 1201 Eloquia
2826 1132 3083 1200 inquiunt
3126 1146 3139 1183 :
3191 1146 3207 1179 ι
3240 1128 3320 1182 Ad
3358 1129 3501 1180 ima~

1912 1224 2089 1291 ginem
2134 1224 2225 1277 Dei
2255 1226 2457 1279 creavit
2488 1225 2635 1279 illum
2661 1242 2676 1289 ;
2702 1244 2720 1276 ι
2747 1225 2996 1294 protinus
3022 1223 3299 1279 subdunt:
3334 1240 3353 1272 ι
3384 1236 3501 1274 ma-

1912 1316 2125 1370 sculum
2183 1326 2238 1371 et
2279 1317 2534 1379 feminam
2579 1319 2784 1374 creavit
2821 1319 2942 1373 illos
2967 1318 3021 1382 ";
3058 1336 3076 1369 ›
3113 1326 3301 1386 utpote
3340 1316 3500 1385 quod

1911 1404 2091 1475 imago
2113 1421 2219 1460 non
2246 1409 2423 1462 solum
2442 1409 2612 1473 Adam
2645 1410 2952 1473 decoraret,
2976 1408 3069 1462 sed
3105 1408 3231 1462 va
3256 1421 3497 1475 quoque.

1910 1508 1973 1547 ac
2008 1510 2105 1563 per
2148 1510 2243 1551 eos
2293 1498 2548 1553 universo
2598 1499 2884 1552 hominum
2924 1499 3107 1569 generi
3136 1497 3250 1567 pari
3292 1497 3500 1550 honore
3551 1499 3557 1505 '

1911 1596 2253 1654 congrueret.
2290 1584 2346 1640 Si
2374 1588 2520 1642 enim
2565 1591 2726 1642 homo
2756 1589 2823 1641 ad
2861 1602 3182 1657 corpoream
3238 1586 3328 1641 Dei
3373 1602 3498 1656 spe-

1910 1677 2046 1731 ciem
2070 1675 2122 1731 et
2145 1677 2377 1733 formam
2408 1680 2657 1734 conditus
2709 1681 2940 1747 fuisset;
2978 1681 3146 1748 impio
3187 1679 3291 1733 hoc
3314 1692 3499 1751 errore

1912 1772 2218 1841 praemisso,
2263 1782 2627 1842 sequerentur
2666 1756 2772 1829 non
2821 1775 2980 1827 modo
3018 1774 3122 1826 illae
3171 1772 3495 1841 impietates,

1910 1870 2031 1934 quae
2063 1867 2129 1919 de
2161 1865 2272 1920 Deo
2323 1867 2484 1919 dicta:
2529 1874 2675 1929 sunt,
2704 1864 2795 1920 Sed
2848 1866 3010 1919 etiam
3048 1864 3194 1934 quod
3241 1862 3493 1917 humanis

1908 1956 2413 2025 perturbationibus
2448 1958 2758 2011 veneranda
2786 1955 3049 2009 divinitas
3075 1941 3493 2023 deturparetur;

1907 2051 1960 2104 id
1992 2051 2160 2115 enim,
2197 2051 2341 2120 quod
2370 2049 2604 2119 formam
2636 2050 2932 2103 humanam
2962 2049 3143 2114 hahet,
3164 2047 3311 2101 nullo
3337 2055 3495 2118 pacto

1906 2144 2165 2209 humanis
2195 2144 2701 2214 perturbationibus
2733 2158 2921 2197 carere
2968 2150 3170 2213 potest.

1972 2278 2656 2348 AnthrOpomorphitarum
2702 2288 2881 2333 autem
2918 2292 3160 2333 errorem
3190 2285 3245 2331 et
3271 2276 3375 2331 ista
3404 2276 3499 2330 ab-

1912 2373 2079 2427 surda
2110 2380 2454 2440 sequuntur;
2485 2386 2549 2424 ac
2575 2370 2650 2423 illi
2697 2385 2821 2424 cum
2868 2369 3083 2424 etltnica
3113 2367 3501 2438 superstitious

1911 2474 2158 2518 nostram
2222 2464 2336 2518 Deo
2372 2464 2591 2534 dignam
2638 2462 3117 2531 venerandamque
3169 2461 3497 2529 theologiam

1906 2557 2284 2621 commiscere,
2315 2564 2370 2611 et
2398 2556 2607 2621 conari,
2639 2565 2697 2611 ut
2734 2556 2799 2610 ad
2842 2556 2983 2610 idem
3013 2556 3351 2625 redigantur,
3387 2568 3499 2608 non

1906 2648 2269 2703 erubuerunt.
2297 2647 2432 2703 Cum
2483 2657 2664 2703 autem
2690 2648 2831 2714 aliae,
2868 2658 3033 2719 atque
3080 2648 3200 2701 alia:
3246 2646 3499 2703 absurdi-

1908 2747 2047 2804 tates
2096 2740 2225 2805 sint,
2260 2748 2381 2809 quin
2424 2741 2548 2794 inde
2589 2749 2917 2809 sequuntur,
2959 2742 3041 2795 hae
3087 2743 3262 2811 magis
3317 2756 3497 2796 erum-

1906 2836 2064 2897 puut,
2095 2837 2149 2882 et
2194 2828 2465 2882 insaniam
2508 2844 2716 2895 eorum,
2753 2831 2843 2899 qui
2891 2830 2943 2882 in
2987 2831 3143 2884 istam
3186 2830 3496 2899 opinionem

1866 2924 1869 2927 '
1896 2920 2102 2974 misere
2138 2934 2259 2974 sese
2289 2919 2635 2988 projecer'unt
2655 2959 2672 2985 ,
2702 2919 3005 2974 luculenter
3025 2921 3305 2975 evincunt.

1978 3057 2135 3113 Paris
2162 3067 2343 3112 autem
2373 3058 2662 3120 dementize
2690 3059 2944 3133 redargui
2970 3045 3166 3128 posset
3196 3059 3328 3114 illud
3361 3075 3497 3130 quo-

204 3139 330 3232 ’τῶν
354 3142 720 3225 πολυπλάνων
741 3145 1013 3201 Ἰουδαίων
1044 3151 1070 3202 ὁ
1093 3148 1281 3220 μῦθος,
1307 3151 1367 3214 ὃς
1390 3152 1513 3205 Υίὸν
1534 3153 1595 3205 οὐ
1622 3169 1801 3224 παρα-

1911 3168 2014 3222 que
2050 3150 2365 3207 Jutlaaorum
2398 3153 2681 3208 erroribus
2732 3156 3056 3232 scatenti'um
3103 3162 3496 3216 cotumeutum,

205 3222 515 3302 δεχόμενος
568 3237 855 3306 ὁμοούσιον
885 3240 962 3311 τῷ
988 3242 1195 3313 Πατρὶ,
1236 3243 1355 3312 οὐδὲ
1403 3243 1480 3313 τῷ
1514 3222 1834 3315 Πνεύματι-

208 3326 607 3405 συνομολογεῖν
638 3330 838 3383 ἐθέλων
864 3333 925 3385 τὸ
946 3334 1085 3387 κατά
1122 3334 1284 3403 φύσιν
1312 3335 1528 3406 ἀξίωμα
1550 3339 1649 3409 τῆς
1671 3337 1801 3390 Θεό·-

204 3434 408 3487 τητος,
432 3419 519 3473 διὰ
562 3422 660 3491 μὲν
688 3416 977 3496 ἀσωμάτου
1021 3428 1305 3499 δυνάμεως
1334 3430 1470 3500 πρὸς
1513 3430 1611 3502 τὴν
1652 3431 1802 3487 θείαν

206 3510 388 3577 φύσιν
419 3512 645 3580 ἀνάγειν
691 3516 793 3569 οὐκ
832 3519 1147 3573 αἰσθάνεται
1176 3521 1533 3592 βιαζόμενοςο
1595 3522 1655 3574 τὸ
1693 3523 1803 3592 γάρ

210 3621 239 3650 α
254 3602 382 3655 κατ*
398 3604 583 3660 εἰκόνα
598 3609 899 3680 ἡμετέραν)
921 3610 1012 3665 τὸν
1034 3612 1167 3665 Θεὸν
1197 3614 1333 3682 πρὸς
1349 3613 1446 3676 τὰς
1476 3614 1803 3682 ἀσωμάτους
1839 3616 1841 3618 ’

204 3693 408 3759 τάξεις
435 3696 535 3749 οὐκ
567 3698 725 3768 ἔσχεν
758 3701 934 3754 εἰπεῖν
970 3702 1227 3773 οὐδεμίαν
1259 3703 1412 3758 αίδώ.
1456 3706 1655 3759 Εὶκόνα
1690 3707 1801 3775 γὰρ

206 3784 399 3849 διδοὺς
451 3788 600 3856 μίαν,
646 3793 741 3843 καὶ
770 3792 870 3862 τὴν
897 3788 1067 3863 αὐτὴν
1097 3795 1230 3848 Θεόν
1260 3812 1341 3863 τε,
1391 3797 1484 3850 καὶ
1506 3797 1616 3849 τῶν
1649 3798 1793 3850 ἀσω-

209 3880 413 3948 μάτων
465 3882 771 3953 δυνάμεων,
823 3882 911 3948 ei;
948 3872 1145 3939 ταυτδν
1192 3888 1456 3959 ἐκατέρου
1499 3889 1598 3957 τὴν
1634 3890 1798 3957 φύσιν

208 3972 470 4040 συνάγει,
505 3962 850 4047 Δημιουργοῦ
888 3996 979 4042 τε,
1018 3980 1113 4053 καὶ
1138 3978 1622 4051 δημιουργήματος
1653 3982 1801 4034 ἆπαν

203 4064 441 4133 ἀφελὼν
470 4068 528 4119 τὸ
570 4067 848 4140 διάφορον.
881 4065 1129 4143 ’Ὧν-γὰρ
1172 4074 1205 4142 ἡ
1240 4073 1404 4126 εἰκὼν
1434 4075 1468 4143 ή
1497 4072 1657 4144 αὑτὴ,
1704 4073 1800 4125 καὶ

204 4157 663 4227 ἀπαράλλακτος,
714 4162 919 4217 τούτων
959 4166 991 4234 ἠ
1028 4164 1187 4233 φύσις
1223 4164 1521 4236 ἑτερότητα
1566 4164 1805 4235 παραδέ-

202 4247 411 4317 χεσθαι
440 4249 659 4304 δύναται
683 4271 694 4315 ;

1908 3246 2177 3316 qui,dum
2222 3244 2420 3299 Filium
2453 3262 2561 3307 non
2619 3246 2909 3300 admittunt
2971 3247 3497 3301 consubstantialem

1906 3336 2074 3402 Patri,
2104 3337 2341 3407 dumque
2361 3338 2554 3393 nolunt
2576 3335 2803 3406 Spiritui
2837 3347 3026 3393 sancto
3046 3339 3243 3393 divinae
3289 3349 3498 3393 naturae

1909 3431 2223 3500 dignitatem
2283 3432 2542 3494 tribuere,
2594 3410 2798 3486 iuliarea
2856 3430 3031 3497 Filio,
3066 3441 3117 3485 et
3152 3431 3378 3501 Spiritui
3414 3434 3498 3486 in-

1910 3537 2236 3593 corpoream
2264 3522 2653 3595 (creatricem)
2701 3526 2998 3594 potentiam
3038 3524 3340 3580 tribuentes
3383 3541 3495 3580 non

1910 3617 2373 3684 animadvertunt,
2414 3618 2560 3687 quod
2593 3627 2861 3688 cogantur
2895 3634 2987 3673 cos
3035 3619 3101 3673 ad
3132 3618 3373 3673 divinam
3399 3635 3496 3673 na—

1915 3717 2091 3763 turam
2120 3710 2351 3765 evehere
2378 3728 2391 3764 :
2421 3711 2467 3765 si
2497 3710 2622 3780 quis
2644 3711 2791 3763 enim
2845 3721 3056 3770 asserat
3084 3709 3253 3765 Deum
3286 3711 3497 3766 dixisse

1908 3800 1973 3853 ad
1996 3800 2264 3870 angelicas
2291 3800 2511 3856 ordines
2545 3818 2558 3855 :
2600 3820 2617 3851 ι
2647 3800 2933 3856 Faciamus
2961 3801 3236 3854 hominem
3258 3801 3323 3855 ad
3355 3803 3495 3855 ima-

1908 3892 2088 3957 ginem
2127 3903 2394 3954 nostram,
2436 3913 2453 3943 ι
2491 3893 2537 3947 is
2562 3894 2755 3962 pudori
2800 3894 3052 3946 nuntium
3102 3893 3336 3947 remisit.
3388 3893 3492 3959 Qui

1908 3983 2053 4037 enim
2103 3999 2265 4039 unam
2301 3984 2417 4047 Dei,
2440 3985 2825 4054 etangelorum
2853 3986 3105 4039 concedit
3136 4001 3259 4041 esse
3300 3986 3495 4055 imagi-

1910 4088 2055 4137 nem,
2132 4075 2413 4144 ipsamque
2445 4090 2567 4129 esse
2602 4074 2790 4154 Deum,
2846 4084 2901 4129 et
2929 4076 3209 4144 prmditam
3248 4076 3494 4145 incorpo-

1912 4164 2022 4218 reis
2054 4163 2422 4231 facultatibus,
2451 4165 2497 4221 is
2528 4164 2596 4220 ad
2626 4165 2768 4219 idem
2814 4167 3021 4219 reducit
3052 4166 3163 4231 Dei,
3187 4176 3241 4222 et
3270 4168 3491 4235 angelo-

1904 4270 2022 4309 rqu
2046 4268 2331 4324 naturam;
2359 4274 2425 4313 ac
2449 4274 2611 4312 onme
2646 4259 2785 4311 inter
2805 4257 3117 4313 Creatorem
3174 4267 3227 4312 et
3270 4273 3491 4315 creatu-

202 4355 335 4395 ram
397 4343 686 4399 discrimen
708 4348 866 4403 tollit.
891 4347 964 4402 Ea
991 4350 1157 4413 enim,
1196 4328 1430 4419 quorum
1483 4351 1671 4406 eadem
1722 4358 1806 4405 est
1842 4349 2023 4421 imago
2077 4361 2132 4406 et
2193 4352 2571 4415 immutabilis,
2620 4352 2814 4406 horum
2870 4362 3067 4406 natura
3104 4362 3354 4422 potestne
3410 4352 3491 4407 di-

202 4440 531 4495 s'crsilatcm
561 4443 851 4511 excipore?

286 4582 455 4635 Ἀλλά
495 4584 587 4635 ἐπὶ
614 4584 870 4638 τοσοῦτον
913 4586 1011 4656 μὲν
1052 4586 1147 4640 καὶ
1192 4586 1387 4652 ταῦτα,
1435 4588 1530 4640 καὶ
1567 4589 1595 4640 ὁ
1638 4587 1795 4654 λόγος

1970 4585 2149 4653 Atque
2188 4585 2300 4637 haec
2325 4581 2562 4637 absurda
2608 4581 2714 4634 huc
2773 4596 2949 4651 usque
2990 4595 3376 4652 pervenerunt,
3432 4596 3486 4640 et

202 4676 316 4727 οὐκ
361 4675 431 4728 ἂν
472 4676 581 4728 οὐδ’
618 4677 793 4748 ἥψατο
820 4679 1049 4732 τούτων.
1095 4680 1233 4733 Ἀλλ’
1262 4680 1337 4743 ὡς
1368 4680 1435 4733 ἂν
1477 4680 1676 4750 μᾶλλον
1726 4681 1792 4749 τῇ

203 4768 518 4837 παραθέσει
549 4769 657 4821 τῶν
697 4770 915 4824 ἀτόπων
943 4762 1267 4843 ὑπολήψεων
1310 4775 1370 4825 τὸ
1399 4772 1501 4842 τῆς
1536 4772 1797 4842 ἀληθείας

204 4864 298 4933 εἴη
332 4862 531 4925 κάλλος
580 4864 921 4933 ἀναλάμπον,
978 4867 1185 4937 ὑπέστη
1239 4866 1488 4933 διελθεῖν,
1523 4866 1559 4921 ἃ
1611 4864 1794 4935 πολλῷ

202 4956 423 5024 βέλτιον
454 4950 524 5025 ἦν
564 4956 697 5025 μηδὲ
736 4960 847 5021 τοῖς
878 4957 1135 5028 ἀπαρχῆς
1161 4959 1298 5030 πρδς
1348 4956 1521 5011 ταῦτα
1570 4974 1793 5010 κατενε-

204 5047 411 5119 χθεῖσι,
444 5048 584 5118 μηδ’
602 5052 659 5102 ἐν
684 5047 893 5119 διανοίᾳ
909 5049 1218 5119 βάλλεσθαι.

283 5302 303 5332 '
335 5299 474 5355 Gen.
499 5302 654 5367 1,27.

1899 4684 2077 4751 tamen
2110 4675 2194 4727 vix
2215 4688 2386 4742 pauca
2418 4688 2607 4727 eorum
2634 4672 3013 4729 delibavimus.
3049 4673 3154 4729 Sed
3186 4685 3242 4730 ut
3271 4676 3484 4745 iuepta~

1896 4781 2015 4820 rum
2095 4766 2435 4833 appositione
2478 4765 2794 4833 opinionum
2847 4766 3199 4834 pulchritudo
3236 4769 3514 4825 veritatis

1897 4845 2071 4927 magis
2103 4857 2387 4927 magisque
2428 4858 2700 4927 eluceret,
2732 4873 2796 4912 ea
2821 4859 3080 4915 duximus
3120 4876 3241 4916 esse
3277 4879 3485 4919 memo-

1897 4948 2087 5013 randa,
2114 4962 2235 5017 quae
2266 4948 2435 5002 multo
2466 4947 2663 5002 melius
2709 4958 2875 5015 esset,
2906 4949 2949 5004 si
2979 4965 3156 5019 neque
3198 4951 3252 5005 in
3295 4968 3383 5008 res
3413 4957 3482 5008 ab

1895 5041 2053 5096 initio
2078 5041 2427 5107 enucleatas,
2458 5056 2637 5110 neque
2681 5043 2735 5096 in
2770 5053 3019 5099 nostrum
3054 5045 3298 5099 animum
3333 5046 3482 5102 inse-

1898 5128 2197 5188 ruissemus
2218 5132 2313 5202 (2).
2740 5125 2750 5134 ’
3272 5116 3279 5122 ’

1725 5424 1957 5484 NOTAE.

277 5578 357 5649 (Ι)
394 5580 487 5634 Sic
517 5579 636 5647 lego
667 5594 763 5649 pro
793 5578 1145 5649 πεφρίκασι.
1248 5645 1318 5649 __
1370 5622 1374 5649 ς

276 5642 357 5721 (2)
392 5649 466 5705 De
495 5642 597 5703 hac
609 5642 912 5719 quaestione
927 5642 1225 5721 sententias
1245 5645 1341 5721 SS.
1369 5642 1779 5721 Patrumprima

208 5715 386 5773 fronte
442 5715 741 5785 discordes,
796 5721 889 5774 sed
948 5718 1092 5772 facili
1133 5717 1348 5785 negotio
1408 5715 1780 5770 conciliandas

202 5789 324 5846 fuse
352 5804 505 5853 more
534 5805 636 5845 suo
663 5790 1008 5861 persequitur
1064 5788 1354 5858 Dionysius
1386 5786 1661 5851 Petavius,
1705 5787 1776 5842 De

1894 5573 2102 5650 opiﬁcio
2130 5575 2473 5650 sex'dierum,
2522 5577 2616 5650 lib.
2654 5594 2714 5650 tt,
2756 5594 2873 5650 cap.
2896 5580 2951 5646 Ξ,
2977 5583 3029 5647 5,
3064 5585 3116 5637 4.
3161 5582 3266 5634 Eas
3292 5582 3472 5650 itaque

1890 5644 1935 5718 si
1970 5659 2094 5697 cum
2126 5643 2410 5718 Rhotiauis
2438 5647 2704 5704 doctrinis
2743 5643 3024 5714 conferas,
3072 5652 3198 5718 quid
3248 5643 3467 5706 laudau-

1885 5712 2038 5841 ξιιιέρὲ
2066 5715 2305 5784 quidque
2352 5718 2778 5788 improbandum
2819 5720 2909 5783 sit,
2956 5712 3197 5790 ipsc'pcr
3232 5729 3286 5775 te
3320 5722 3465 5791 judi-

1918 5805 1942 5835 ἱΙ
2039 5824 2054 5839 ο
