3864 6218
127 363 247 430 265'

923 321 1055 449 at)
1089 361 1689 423 AMPHILOCHIUM
1723 324 2070 430 QUIESTIO
2114 343 2450 420 XXXVIII.

3261 343 3370 404 266

128 476 228 530 τῶν
255 459 588 545 Χριστιανῶν
635 469 952 541 μυστηρίων
988 472 1206 524 είδύτων
1231 489 1244 502 ·
1299 473 1346 524 εἰ
1385 469 1688 541 ἀπερίγραο

1810 477 1920 522 'unt
1960 468 2240 540 mysteria,
2295 467 2398 521 hoc
2429 464 2654 520 dubium
2709 474 3014 545 proponere
3071 472 3180 512 non
3209 454 3374 510 debe-

129 583 270 628 πτος,
307 563 400 615 καὶ
438 560 710 631 πανταχοῦ
757 563 789 630 ἠ
829 561 1040 633 θεότης,
1075 562 1303 631 πότερον
1347 563 1378 631 ὴ
1420 560 1577 631 σὰρξ,
1623 559 1689 631 ἣν

131 655 374 712 ἀνέλαϐεν
417 655 445 706 ὁ
473 655 641 718 Υἱὸς,
685 653 961 724 πανταχοῦ
1002 653 1078 729 τῷ
1124 653 1510 724 προσειληφότι
1545 671 1688 724 παρ-

131 736 492 818 εκταθήσεται,
522 747 609 800 ἵνα
746 729 1334 818 κεχωρισμέντγνοηθῇ,
1360 744 1392 816 ἢ
1422 762 1690 815 περιγρα-

134 841 325 911 φομένη
356 839 504 909 τόπῳ
529 839 626 909 τὴν
659 837 964 909 πρόσληψιν
986 835 1399 908 dirupi/ﬁcerent;
1437 837 1548 890 Kal.
1581 837 1690 908 γὰρ

130 933 290 1003 τούτῳ
331 932 391 1002 δὴ
423 929 844 1010 τῷ,γομισθέντι
888 931 1207 1000 ἀπορήματι
1252 928 1422 983 πολλὰ
1471 928 1536 983 ἂν
1579 929 1687 998 είη,

135 1022 321 1094 μᾶλλον
351 1021 406 1073 δὲ
445 1024 508 1091 τῇ
541 1020 785 1091 ἀπειρίᾳ,
816 1018 1223 1090 διαμιλλώμενοι
1250 1017 1319 1071 τὰ
1356 1014 1648 1089 ἀθύρματα
1671 1035 1686 1048 ·

131 1115 214 1168 καὶ
253 1113 337 1166 ἵνα
369 1113 441 1184 μὴ
478 1114 737 1185 περὶτῶν
768 1113 1012 1183 φρικτῶν
1041 1113 1101 1165 οὐ
1141 1113 1383 1182 φρίττειν
1425 1105 1687 1180 δόξωμεν,

131 1208 213 1276 ἐπὶ
236 1206 330 1275 τῆς
356 1206 532 1275 ψυχῆς
573 1205 796 1276 μᾶλλον,
831 1205 922 1259 καὶ
950 1205 1042 1258 τοῦ
1071 1203 1321 1275 σώματος
1348 1204 1375 1257 ὁ
1405 1203 1560 1272 λόγος
1591 1203 1690 1275 τὴν

131 1299 418 1368 γυμνασίαν
443 1297 802 1367 ἁναδεχέσθω.

191 1470 252 1524 Τί
275 1470 381 1541 γὰρ
412 1471 612 1525 κωλύει
644 1472 825 1541 λέγειν
856 1474 946 1527 τὸν
971 1453 1319 1544 βουλόμενον,
1345 1475 1462 1539 πῶς
1482 1477 1690 1548 ἥνωται

128 1564 196 1634 τῷ
225 1565 430 1634 σώματι
462 1567 496 1636 ἡ
525 1565 672 1637 ψυχὴ
701 1565 774 1636 μὴ
819 1568 1342 1639 ὲμπεριγραφομένη
1371 1570 1519 1638 τόπῳ
1546 1587 1560 1636 ;
1595 1565 1690 1634 Οἷς

129 1660 227 1731 γὰρ
253 1659 322 1730 μὴ
355 1660 894 1732 συμπεριγράφεται,
927 1661 1026 1732 τὴν
1051 1663 1244 1718 ἕνωσιν
1274 1663 1686 1734 ἁπαρνουμέντξ,

128 1753 194 1814 ὼς
222 1753 252 1821 ἠ
283 1746 873 1822 τῶνπαραληρούντων
908 1753 1160 1824 βούλεται
1195 1754 1378 1824 σοφία,
1414 1754 1690 1825 διελέγχε-

127 1861 226 1897 ται.
253 1843 356 1896 Καὶ
387 1844 506 1907 πῶς
534 1828 887 1914 (ἐγγύτερονξ
906 1845 1000 1899 καὶ
1039 1847 1176 1917 πρὸς
1215 1845 1469 1917 αἴσθησιν
1502 1847 1689 1918 φάναι)
1725 1825 1764 1879 Β

127 1935 210 1989 τοῦ
236 1935 576 2006 ἀνθρωπίνου
615 1937 1137 2009 περικεχρωσμένου
1167 1937 1442 2010 σώματος
1467 1941 1573 2016 ὅτέρ
1605 1941 1696 1994 διὰ

128 2020 394 2098 χρώματος
427 2028 506 2098 (ὃ)
534 2027 691 2096 ἀὕτη
733 2031 1042 2100 χρωμάτων
1093 2032 1242 2084 ἐστὶν
1306 2030 1691 2096 ἆνεπίδεκτοςο

129 2119 214 2170 καὶ
242 2121 330 2172 τοῦ
369 2121 472 2190 μὲν
519 2122 582 2173 ἐκ
610 2122 892 2191 τεσσάρων
925 2123 1116 2192 χυμῶν
1147 2125 1558 2194 συγκριθὲντος,
1593 2127 1692 2196 τῆς

130 2211 225 2265 ἀπὸ
245 2213 344 2266 τῶν
374 2213 568 2284 χυμῶν
602 2213 738 2286 αὕτη
789 2215 1085 2286 καθαρεύει
1135 2217 1428 2281 διαθέσεως
1453 2234 1468 2248 ⁸
1503 2218 1596 2272 καὶ
1637 2218 1696 2272 τὸ

133 2306 221 2376 μὲν
242 2305 516 2376 πλήρωσίς
543 2298 624 2372 τε,
655 2309 748 2361 καὶ
779 2308 840 2360 ού
870 2309 1101 2372 κένωσις
1129 2310 1194 2362 ἐκ
1225 2310 1475 2379 διαδοχῆς
1511 2294 1696 2382 κύκλῳ

133 2399 377 2469 προϊοῦσα
414 2387 640 2471 συνιστᾷ
667 2418 679 2432 ·
717 2402 749 2472 ἡ
780 2401 837 2452 δὲ
869 2402 1134 2471 κρείττων
1164 2402 1357 2472 ὁρᾶται
1380 2403 1487 2456 τῶν
1518 2404 1693 2456 τοιού-

131 2506 226 2543 των
255 2491 492 2545 στάσεων
520 2507 534 2521 ο
565 2492 660 2545 καὶ
694 2493 862 2562 μυρία
883 2493 1054 2558 ἄλλας

191 2744 294 2797 Καὶ
321 2744 593 2806 ἀνάπαλιν
623 2746 665 2798 δ’
694 2747 758 2801 ἄν
785 2763 870 2810 τις
900 2747 990 2800 τὸν
1041 2748 1201 2817 λόγον
1229 2751 1694 2821 μεταχειρίσαιτο.

144 2836 276 2906 Ἐρεῖ
310 2838 434 2909 γὰρ,
486 2831 640 2921 ᾧτινι
693 2840 848 2908 φίλον
906 2842 1037 2912 περ)⁵
1086 2841 1194 2894 τῶν
1253 2843 1558 2898 σπουδαίων
1622 2845 1697 2916 μὴ

135 2925 454 2989 σπουδάζειν,
487 2925 625 2981 ἀλλὰ
672 2931 794 2993 ταῖς
845 2935 1188 2999 σοφιστικαῖς
1235 2934 1696 3003 ὲπισεμνύνεσθαι

111 3019 185 3074 ,ὲν
214 3019 305 3087 ίσῳ
330 3019 434 3072 τῶν
455 3019 786 3091 ψηφολὸγων
840 3025 1251 3094 περιεργείαις,·
1290 3027 1352 3080 Εἰ
1394 3027 1599 3097 ἥνωται
1637 3028 1699 3080 τὸ

136 3106 217 3159 τοῦ
252 3108 498 3179 σώματος
546 3110 831 3186 σύγκριμα
869 3116 946 3184 ’τῇ
987 3114 1178 3186 λογικῇ
1220 3110 1390 3186 ψυχῇ,
1429 3117 1547 3179 πῶς
1598 3118 1699 3170 οὐκ

136 3201 360 3269 ἁπάρχον
382 3202 456 3271 (6)
495 3203 594 3272 τῆς
625 3204 917 3273 ἐνωθείσης
947 3206 1004 3258 ὲν
1032 3205 1206 3274 τούτῳ
1237 3207 1646 3278 γνωριζομένης
1673 3225 1688 3274 ;
1723 3205 1767 3266 (Σ

135 3291 242 3355 Πῶς
269 3293 323 3345 δὲ
351 3295 450 3347 οὐκ
496 3296 744 3364 ἀναφές;
789 3297 952 3349 Ἀλλὰ
997 3299 1111 3363 πῶς
1156 3300 1514 3370 ὑποκείμενον
1549 3301 1692 3374 χρώ-

138 3401 295 3452 μασι;
336 3387 549 3458 Βάρους
577 3387 694 3440 ’καὶ
741 3391 913 3459 ῥοπῆς
974 3390 1260 3455 κενώσεώς
1311 3410 1370 3446 τε
1437 3394 1531 3446 καὶ
1568 3396 1703 3466 πλη-

137 3475 337 3547 ρώσεων
365 3479 480 3543 πῶς
503 3482 604 3533 οὐκ
642 3481 952 3552 ἐλεύθερον,
1000 3485 1093 3536 καὶ
1134 3486 1326 3556 μυρίος
1353 3486 1516 3557 λῆρος
1542 3505 1557 3555 ;
1594 3490 1706 3540 Καὶ

93 3593 99 3600 -
139 3569 440 3641 (συλλήϐδην
464 3571 568 3642 τὴν
601 3573 937 3645 μητρόπολιν
985 3573 1080 3626 τοῦ
1135 3576 1305 3644 λήρου
1333 3577 1522 3645 φάναι,
1549 3577 1607 3642 ἐξ
1637 3573 1705 3650 ἦς

137 3663 220 3713 καὶ
246 3663 310 3715 τὰ
339 3665 610 3735 εἰρημένα
640 3668 751 3728 τοῖς
775 3665 956 3734 λόγοις
979 3667 1441 3737 ἐμπολιτεύεσθαι
1467 3671 1704 3741 πάροδον

138 3746 250 3826 εὗρε
280 3757 663 3827 νεανιεύματα)
715 3760 764 3811 εί
804 3761 1009 3832 ἥνωται
1054 3762 1087 3832 ἡ
1133 3753 1280 3832 ψυχή
1335 3763 1413 3833 τῷ
1467 3743 1706 3832 σώματι,

138 3845 241 3912 πῶς
269 3848 385 3920 οὐχὶ
417 3848 572 3928 ψυχὴ
598 3849 658 3902 τὸ
682 3841 862 3921 σῶμα,
883 3850 914 3922 ἢ
938 3852 1059 3922 οὐχὶ
1089 3852 1250 3923 σῶμα
1285 3854 1318 3924 ὴ
1341 3854 1486 3924 ψυχή
1509 3870 1524 3918 ;

202 4116 259 4171 Εἰ
280 4117 336 4171 δὲ
359 4116 535 4171 ταῦτα
557 4118 738 4188 λέγειν
771 4119 866 4171 ἐπὶ
882 4118 1078 4191 ψυχῆς,
1098 4121 1194 4174 καὶ
1233 4119 1489 4191 σώματος
1510 4121 1708 4190 γέλως,

144 4211 224 4261 καὶ
251 4209 341 4263 νῦν
375 4212 475 4281 τὴν
505 4209 666 4281 φύσιν
702 4212 802 4282 τῆς
840 4212 1074 4283 ἀπορίας
1107 4211 1167 4264 τὸ
1210 4211 1460 4282 μέγεθος,
1495 4215 1527 4283 ἡ
1555 4210 1710 4284 σοφι-

145 4301 290 4373 στικὴ
337 4303 637 4374 κατάδηλος
686 4304 886 4376 μικροῦ
927 4305 1023 4357 καὶ
1062 4307 1176 4368 τοῖς
1229 4306 1599 4376 ἀγυμνάστοις
1642 4307 1710 4360 τὰ

143 4391 354 4446 τοιαῦτα
380 4395 594 4462 γίνεται
652 4395 822 4465 λέσχη
847 4412 865 4459 '_
891 4394 1044 4463 πόσῳ
1088 4395 1288 4466 μᾶλλον
1313 4397 1408 4448 ἐπὶ
1436 4396 1707 4464 τοῦ,Θείου

91 4529 95 4532 .
145 4475 326 4552 Λόγου,
362 4486 457 4538 καὶ
486 4486 580 4538 τοῦ
609 4485 728 4538 καθ’
759 4488 906 4556 ἡμᾶς
954 4487 1384 4558 προσλήμματος
1428 4487 1610 4556 λέγειν
1640 4488 1711 4542 τὰ

1791 568 1963 614 rent:
2030 569 2214 614 utrum
2273 559 2318 614 si
2362 574 2473 612 non
2527 544 2945 622 circumscripta
2995 550 3090 606 sed
3165 547 3374 617 ubique

1790 656 1874 706 ρει
1903 647 2098 718 deitas,
2134 667 2262 726 caro
2285 691 2298 716 ,
2324 651 2489 722 quani
2537 647 2835 716 assumpsit
2859 644 3052 705 Filius,
3073 638 3374 697 assumenti

1789 744 2078 810 adlr,erens
2123 744 2195 797 sit
2227 742 2447 812 ubique,
2482 757 2554 796 ne
2586 749 2852 820 separata
2897 734 3271 812 concipiatur:
3304 746 3372 784 au

1773 834 1916 889 loco
1963 835 2381 904 circumscripta
2434 846 2494 888 se
2544 838 2886 898 assumptam
2928 841 3050 881 esse
3105 821 3375 891 negabit?

1793 923 2003 980 Etenim
2037 926 2103 999 ad
2139 926 2301 991 banc,
2335 939 2498 994 quam
2539 929 2765 978 censent
2795 918 3090 982 diiﬁeilem,
3118 913 3375 984 quaestio-

1791 1002 1916 1071 nem
1979 1016 2399 1084 enucleandam,
2460 1015 2643 1085 potius
2689 1022 2870 1066 autem
2932 1009 3000 1073 ad
3043 1005 3418 1076 imperitianr

1793 1112 2130 1182 arguendam
2193 1111 2361 1164 multa
2407 1115 2634 1179 possent
2667 1105 2879 1160 ludicra
2925 1115 3188 1170 responsa
3245 1110 3376 1167 pro-

1779 1201 1957 1256 ferri:
1993 1211 2048 1256 et
2097 1217 2166 1256 ne
2208 1200 2516 1255 veneranda
2566 1195 2829 1268 mysteria
2861 1187 3256 1247 non'venerari
3289 1184 3372 1238 vi-

1793 1295 2040 1358 deamur,
2074 1303 2266 1348 nostra
2319 1293 2432 1346 tunc
2480 1289 2655 1344 oratio
2709 1288 2774 1341 ad
2813 1285 3098 1341 hominum
3139 1280 3376 1334 animam

1791 1390 1845 1438 et
1867 1399 2068 1452 corpus
2091 1382 2516 1454 disputationem
2562 1379 2870 1435 transferat.

1869 1474 2013 1542 Quid
2049 1476 2195 1530 enim
2223 1484 2387 1540 vetat,
2422 1475 2466 1528 si
2488 1468 2673 1535 libeat,
2706 1472 2888 1526 dicere
2915 1487 2928 1524 :
2957 1465 3241 1533 Quomodo
3264 1462 3383 1518 ani-

1793 1585 1902 1631 ma,
1926 1569 2053 1622 dum
2077 1567 2198 1621 loco
2225 1582 2330 1621 non
2356 1564 2847 1628 circumscribitur,
2883 1560 3096 1631 corpori
3127 1552 3381 1628 copulata

1793 1662 1915 1718 est?
1938 1659 2073 1714 Nam
2107 1659 2430 1729 quibuscum
2451 1655 3014 1724 circumscriptionem
3034 1663 3381 1705 communem

1793 1771 1898 1809 non
1923 1752 2087 1807 habet
2120 1792 2133 1816 ,
2174 1767 2299 1806 cum
2329 1749 2397 1804 iis
2425 1747 2889 1817 conjunctionem,
2913 1740 2990 1798 uti
3022 1741 3256 1796 vultista
3283 1755 3386 1792 nu-

1793 1845 2036 1916 gantium
2063 1840 2350 1911 sapientia,
2377 1855 2484 1893 non
2518 1839 2802 1893 admittere
2830 1825 3124 1890 evincitur.
3156 1830 3224 1884 Et
3247 1843 3385 1900 quo-

1795 1938 1957 1992 modo
1987 1938 2070 2008 (ut
2110 1951 2222 1989 rem
2254 1933 2501 2004 propius,
2527 1941 2578 2010 et
2603 1947 2700 2002 per
2724 1928 3001 2009 sensibilia
3026 1919 3381 1994 attingamus)

1795 2011 1922 2076 dum
1960 2027 2156 2091 corpus
2205 2031 2289 2076 est
2313 2021 2654 2085 coloratum,
2711 2019 2828 2088 ipsa
2865 2015 2944 2072 sic
2997 2015 3140 2068 inter
3169 2011 3384 2066 colores

1795 2115 2090 2180 cxsistens,
2149 2113 2362 2167 colores
2421 2111 2701 2180 suscipere
2761 2124 2867 2162 non
2919 2115 3135 2178 potest:
3181 2114 3384 2158 etcum

1795 2222 1996 2275 corpus
2036 2221 2102 2261 ex
2138 2213 2373 2275 quatuor
2419 2204 2604 2259 succis
2631 2201 2702 2256 sit
2749 2210 3090 2263 concretum,
3139 2196 3257 2266 ipsa
3293 2196 3389 2248 liu-

1791 2298 2034 2368 jusmodi
2073 2296 2341 2350 materiali
2373 2295 2689 2351 conditione
2744 2302 2930 2347 caret:
2965 2303 3019 2346 et
3045 2305 3244 2359 corpus
3268 2286 3391 2357 qui-
3420 2284 3429 2294 ’

1796 2389 1917 2442 dem
1976 2403 2083 2442 non
2143 2387 2414 2448 vacuitas,
2449 2375 2540 2441 Sed
2591 2401 2655 2439 ex
2706 2386 2992 2438 bumorum
3045 2378 3390 2448 susceptione

1796 2480 2076 2552 plenitudo
2097 2469 2456 2547 undequaque
2481 2477 2704 2531 dilatata
2724 2475 3033 2540 constituit,
3055 2473 3236 2527 anima
3259 2482 3395 2524 vero
3425 2497 3438 2508 -

1799 2572 1881 2626 bis
1917 2553 2298 2624 aﬂ‘eetionibus
2340 2583 2449 2621 non
2482 2578 2566 2621 est
2599 2565 2836 2620 obnmtia
2869 2582 2881 2619 :
2919 2575 3083 2633 atque
3119 2561 3225 2616 alia
3261 2575 3388 2614 sex-

1800 2656 1993 2714 centa?
3107 2646 3111 2649 ’

1869 2750 1944 2805 Ac
1971 2753 2086 2805 rice
2112 2765 2270 2805 versa
2289 2749 2486 2818 poterit
2517 2747 2794 2820 quispiam
2820 2748 2916 2801 has
2935 2743 3393 2814 interrogationes

1800 2850 2120 2898 retractare.
2169 2843 2554 2916 Inquietenim
2585 2841 2649 2906 is,
2683 2841 2772 2908 qui
2809 2854 2925 2894 non
2961 2838 3106 2893 serio
3133 2838 3200 2891 de
3234 2835 3393 2891 seriis

1800 2951 1980 3006 agere,
2015 2927 2110 2991 sed
2151 2935 2448 2991 subtilibus
2478 2950 2575 3002 pro
2607 2933 3000 2987 circulatorum
3035 2944 3190 2984 more
3229 2943 3393 2994 argu-

1807 3027 1897 3080 tiis
1931 3040 2050 3079 sese
2081 3034 2355 3079 ostentare
2386 3025 2658 3089 voluerit,
2687 3025 2730 3078 si
2764 3038 2963 3093 corpus
3001 3021 3194 3100 anima:
3223 3019 3394 3073 ratio-

1802 3117 1922 3170 nali-
1959 3116 2336 3170 consociatum
2382 3123 2485 3180 est,
2515 3114 2797 3189 quomodo
2834 3124 2888 3168 et
2935 3113 3138 3183 ipsum,
3178 3111 3394 3182 (quem-

1800 3209 2093 3262 admodum)
2133 3205 2375 3278 anima),
2408 3208 2748 3269 substantiae,
2788 3221 2910 3276 quae
2939 3205 3044 3260 sibi
3080 3203 3396 3273 agnoscitur

1810 3301 2121 3369 cmijuncta,
2152 3301 2341 3369 nequit
2360 3301 2666 3370 imperare?
2691 3298 2980 3364 Quomodo
3011 3308 3062 3352 ct
3089 3297 3264 3366 ipsum
3286 3311 3397 3349 non

1806 3391 1992 3462 etfugit
2041 3401 2244 3447 tactum
2269 3391 2291 3444 ?
2319 3393 2609 3457 Quomodo
2634 3402 2716 3445 est
2749 3391 3026 3445 celeribus
3053 3385 3398 3458 subjectum?

1806 3479 2092 3547 Quomodo
2116 3474 2399 3552 gravitatis
2422 3525 2437 3549 ,
2493 3483 2775 3552 ponderis.
2819 3482 3124 3544 vacuitatis,
3159 3478 3398 3549 plenitu-

1805 3571 1949 3625 dinis
1981 3587 2089 3624 non
2121 3580 2206 3627 est
2243 3574 2519 3638 immune;
2569 3579 2623 3626 et
2659 3572 2809 3626 mille
2844 3570 3157 3642 hujusmodi
3189 3568 3402 3639 gerrae?

1758 3731 1763 3737 ᾔ
1806 3664 1981 3743 Atque
2014 3665 2225 3734 (utuno
2245 3662 2708 3720 ve'rbomatricem
2733 3681 2998 3736 nugarum
3027 3662 3397 3734 proferamus,

1805 3769 1869 3811 ex
1905 3771 2008 3826 qua
2041 3766 2094 3811 et
2129 3758 2246 3811 ista:
2273 3758 2547 3828 juveniles
2579 3758 2807 3828 argutia:
2834 3756 2901 3822 ad
2938 3771 3218 3820 set-itiones
3249 3753 3402 3806 inva-

1805 3845 2013 3898 dendos
2045 3846 2253 3900 aditum
2307 3848 2680 3912 invenerunt),
2717 3847 2760 3899 si
2798 3845 2980 3898 anima
3021 3851 3104 3898 est
3148 3843 3401 3912 copulata

1808 3936 2045 4004 corpori,
2067 3937 2347 4006 quomodo
2372 3937 2556 3991 anima
2585 3951 2698 3991 non
2731 3944 2816 3991 est
2847 3951 3068 4004 corpus,
3091 3943 3403 4002 autcorpus

1808 4041 1914 4080 non
1952 4037 2036 4082 est
2066 4029 2294 4082 anima?

1880 4118 2036 4184 Quod
2085 4121 2131 4175 si
2169 4122 2284 4175 haec
2322 4121 2390 4176 de
2441 4122 2620 4175 anima
2653 4131 2704 4176 et
2735 4135 2962 4188 corpore
2988 4119 3200 4173 effutire
3230 4116 3402 4171 risum

1809 4211 2046 4276 excitat,
2083 4219 2138 4264 et
2164 4226 2332 4277 nunc,
2364 4212 2493 4266 dum
2519 4213 2577 4265 in
2609 4212 2775 4266 rebus
2811 4209 3156 4263 naturalibus
3193 4205 3405 4278 pondus

1811 4301 2149 4359 difﬁcultatis
2181 4312 2304 4369 est,
2353 4302 2439 4358 vel
2480 4305 2552 4358 ab
2577 4305 2714 4373 ipsis
2739 4302 3133 4374 propemodum
3149 4298 3406 4380 _homini-

1811 4393 1914 4448 bus
1946 4394 2260 4450 rudioribus
2287 4396 2474 4450 istbaec
2503 4396 2797 4465 garrulitas
2825 4393 3162 4466 cavillatoria
3195 4391 3406 4462 perspi-

1815 4485 1956 4539 citur
1989 4503 2002 4538 :
2040 4497 2246 4556 quanto
2305 4488 2478 4557 magis
2516 4488 2582 4542 de
2633 4487 2818 4540 divino
2854 4485 3064 4550 Verbo,
3110 4492 3167 4539 et
3217 4492 3406 4537 nostra

147 4569 292 4648 ὃμοια
317 4581 374 4633 οὑ
402 4568 684 4643 παντελῶς
705 4580 823 4633 ἐστι
852 4557 1257 4646 καταγέλαστον
1282 4580 1377 4634 καὶ
1406 4579 1480 4652 μὴ
1500 4581 1710 4652 διακρί-

1817 4578 2098 4643 assumpta
2139 4585 2330 4630 natura
2363 4577 2680 4647 hujusmodi
2716 4591 2905 4646 geri-as
2935 4575 3148 4630 etIutire
3177 4575 3406 4628 omnino

148 4687 247 4736 νειν
289 4673 452 4724 εἰδόσι
509 4671 778 4742 φλυαρίας
839 4688 918 4735 τε,
977 4673 1068 4724 καὶ
1110 4672 1342 4741 ἀπορίας
1372 4671 1708 4742 προνόμιον;

149 4761 290 4816 Είπω
319 4764 384 4817 τὰ
417 4765 686 4835 ἡμέτερα,
733 4764 934 4833 μᾶλλον
969 4763 1016 4816 δ’
1055 4763 1092 4816 ἃ
1135 4763 1238 4832 τῆς
1295 4761 1713 4835 φιλανθρωπίας

149 4855 232 4907 τοῦ
265 4857 574 4919 Πλάσαντος
620 4857 776 4932 ἔργα,
821 4856 914 4909 καὶ
952 4855 1100 4927 πάθη
1131 4856 1469 4926 καθέστηκε.
1500 4856 1624 4920 Πῶς
1676 4857 1710 4927 ἡ

151 4945 336 5019 Θεότης
362 4950 513 5020 ἥλοις
538 4949 1022 5020 διαπερονηθέντος
1066 4946 1161 5002 τοῦ
1193 4947 1466 5018 σώματος,
1495 4948 1556 5000 οὐ
1584 4950 1711 5002 συνέ-

154 5042 427 5114 τέτρωται,
447 5045 510 5097 οὐ
531 5047 596 5115 τῇ
619 5039 786 5114 λόγχῃ
808 5044 1178 5114 διατέτρηται,
1206 5044 1306 5096 οὐκ
1340 5043 1680 5115 ἐσταύρωται
1703 5059 1718 5110 ;

1818 4667 2182 4722 deridiculum
2217 4677 2303 4722 est
2341 4683 2439 4738 pro
2474 4670 2542 4723 iis
2574 4684 2815 4738 quoque,
2847 4669 2938 4738 qui
2969 4682 3080 4722 rem
3106 4666 3406 4736 jocularem

1821 4774 1851 4813 a
1884 4757 2204 4814 difﬁcultate
2242 4762 2496 4816 nesciunt
2532 4761 2882 4816 discernere?
2917 4761 3015 4815 llic
3045 4767 3227 4814 autem
3265 4759 3412 4828 adji-

1821 4854 1965 4909 ciam
1999 4863 2188 4909 noslra
2213 4895 2227 4922 ,
2262 4855 2377 4911 sive
2422 4856 2604 4925 potius
2633 4855 2747 4919 illa,
2779 4871 2902 4926 qua:
2935 4870 3013 4909 ex-
3037 4853 3323 4923 operibus,
3355 4861 3411 4916 et

1818 4948 2268 5019 perpessionibus
2303 4948 2717 5004 clementissimi
2747 4946 3061 5003 Conditoris
3090 4945 3264 5000 nostri
3288 4944 3410 4999 erui

1825 5049 2078 5111 possunt.
2113 5043 2399 5109 Quomodo
2443 5042 2606 5097 simul
2634 5057 2759 5096 cum
2811 5054 3039 5110 corpore
3079 5037 3248 5094 clavis
3287 5053 3411 5108 per-

1669 5225 1921 5303 nor/Ia.

160 5376 438 5454 I’rodromo
492 5384 676 5454 docuit
729 5383 813 5438 CI.
861 5382 1100 5454 Joannes
1161 5376 1466 5442 Andresius
1527 5385 1714 5454 Regiae

161 5452 492 5526 bibliothecae
541 5453 848 5526 praefectus.
877 5451 978 5507 Hic
1022 5461 1204 5510 autem
1260 5457 1489 5511 adnotes
1521 5451 1709 5516 velim,

163 5523 295 5592 quod
323 5523 829 5594 ipsamjamdudum
869 5526 1276 5585 transtuleram.
1312 5526 1715 5593 nonnullasque

165 5593 524 5664 suppleveram
578 5595 883 5658 lacunulas,
939 5609 1066 5648 cum
1135 5593 1452 5650 Combeﬂsii
1512 5595 1712 5649 lacinia

167 5664 286 5718 mihi
308 5667 483 5721 oblata
512 5675 628 5722 est:
660 5666 713 5720 id
745 5675 926 5719 autem
982 5665 1064 5718 vel
1097 5665 1214 5734 ipse
1257 5667 1442 5735 itaque
1479 5680 1544 5720 ex
1590 5679 1714 5718 ver-

170 5735 326 5790 sionis
354 5739 614 5792 varietate
646 5735 962 5806 perspicies.
999 5735 1108 5806 Ego
1158 5744 1349 5790 autem
1371 5751 1468 5804 pro
1503 5746 1711 5806 renata

173 5809 390 5864 monebo
448 5817 504 5864 et
555 5804 698 5864 unde
775 5804 999 5875 incipiat
1049 5804 1457 5874 ‘Combeﬁsius,
1499 5815 1552 5860 et
1618 5804 1708 5859 ubi

1821 5385 2131 5457 abrumpat,
2163 5394 2217 5442 et
2266 5385 2358 5457 ubi
2412 5383 2667 5457 desinat,
2719 5381 2830 5433 imo
2868 5381 3082 5457 quoties
3129 5392 3160 5431 a
3213 5385 3406 5457 nostra

1823 5445 2058 5512 lectione
2118 5445 2357 5510 recedat.
2392 5485 2464 5494 —
2513 5452 2604 5508 Sic
2636 5459 2817 5507 exstat
2866 5445 2922 5504 iii
2951 5447 3154 5504 Codice
3212 5445 3408 5498 Mona-

1820 5529 1968 5580 oensi
1997 5527 2089 5582 Gr.
2125 5527 2248 5589 104,
2287 5526 2323 5587 Ι’,
2355 5525 2482 5580 282.
2719 5578 2721 5580 .

1893 5595 1966 5668 (5)
1996 5598 2196 5668 ξυιιοιιι
2222 5597 2458 5668 retingas
2488 5594 2650 5668 οὕτω,
2686 5601 2744 5646 ut
2765 5593 3252 5668 sensusconstet.~
3331 5652 3342 5663 ο

1892 5659 2270 5739 (ϐδΒθι-ὺνθνθ
2317 5659 2725 5720 interstitiolum
2777 5663 2914 5717 inter
2957 5661 3035 5712 ἀπ
3089 5665 3143 5708 et
3190 5659 3290 5723 τῆς
3331 5659 3414 5706 ita

1819 5738 2201 5810 complendum
2235 5751 2451 5794 censeo.
