3864 6218
465 243 568 306 2:37
650 226 656 234 ‘

1625 255 1892 320 ΡΗΟΤΠ
1923 261 2430 324 PATRIARCHIE
2453 266 2563 328 CP.

3601 276 3692 341 268

467 351 619 407 fosso
647 353 908 411 divinitas
963 372 1074 414 non
1127 370 1210 416 est
1263 359 1576 438 perforata,
1632 377 1807 436 neque
1862 368 2031 423 lance:

2153 369 2277 432 Πῶς
2300 371 2482 426 πάντα
2515 371 2783 437 παθόντος
2818 371 2992 428 ταῦτα
3028 373 3124 429 τοῦ
3171 375 3386 448 ἀληθῶς
3431 379 3693 446 ἑνωθέντος

465 447 784 532 transjecm,
826 463 1001 519 neque
1056 452 1205 508 cruci
1254 454 1516 511 conlixa?
1546 455 1868 524 Quomodo,
1917 476 2046 516 cum

465 547 659 592 natura
696 539 930 595 humana
959 559 1083 597 vere
1112 555 1394 617 assumpta
1423 549 1526 604 hos
1550 565 1742 605 omnes
1775 561 2049 621 pateretur

465 632 762 697 cruciatus,
795 633 1063 691 Divinitas
1107 637 1271 693 simul
1319 655 1444 695 cum
1492 643 1730 711 patiente
1765 642 1887 709 fuit,
1946 659 2050 700 nec

464 731 646 777 tamen
679 730 748 778 ab
773 725 905 794 ipsis
931 727 1123 798 attingi
1167 731 1376 797 potuit?
1409 729 1838 803 Quomodoipsa
1870 734 1924 791 in
1947 751 2046 790 sua

464 812 770 866 substantia
811 825 1044 870 mortem
1077 807 1303 889 mugit?

535 901 650 957 Etsi
675 905 927 962 Christus
960 907 1098 963 Deus
1123 921 1307 965 noster
1327 924 1543 982 propter
1573 929 1674 971 nos
1697 931 1818 973 esse
1845 917 2045 974 dicitur

463 993 751 1050 verissime
800 1004 1050 1053 mortuus
1083 1001 1304 1070 (quippe
1341 1004 1435 1072 qui
1489 1007 1763 1074 propriam
1825 1025 2042 1066 carnem

463 1099 564 1153 pro
588 1086 746 1141 nobis
779 1090 938 1143 morti
981 1092 1243 1161 tradidit),
1286 1102 1338 1148 et
1363 1097 1630 1150 mansisse
1660 1100 1712 1152 in
1754 1103 2002 1170 sepulcro
2026 1143 2045 1168 ,

465 1192 532 1232 ac
571 1178 820 1236 triduana
874 1185 1281 1239 resurrectione
1324 1190 1742 1246 resurrectionis
1785 1194 2044 1248 omnibus

464 1273 775 1328 communis
793 1273 1211 1339 dedicationem.
1235 1293 1298 1332 ac
1315 1257 1726 1336 fundamentum
1755 1287 2038 1342 statuisse:

463 1363 558 1418 sed
595 1373 772 1425 tamen
807 1367 901 1435 qui
931 1367 1136 1422 idcirco
1162 1367 1508 1426 Divinitatem
1553 1374 1867 1444 passibilem
1899 1377 2043 1433 blas-

462 1455 802 1533 phemarent,
836 1460 1191 1515 redderentur
1222 1463 1465 1533 elingues
1499 1481 1592 1534 per
1623 1482 1706 1532 ea,
1726 1485 1848 1540 qua:
1876 1470 2040 1526 modo

462 1546 885 1603 confutationem
917 1565 984 1606 ex
1017 1553 1233 1621 animm,
1264 1565 1318 1609 ct
1365 1558 1614 1625 corporis
1653 1561 2039 1629 conjunctione

459 1638 735 1719 elicientia
768 1643 909 1697 dicta
942 1654 1104 1710 sunt,
1133 1653 1188 1700 et
1219 1664 1312 1716 per
1343 1649 1478 1711 alia,
1510 1658 1675 1719 atque
1709 1652 1814 1706 alia
1843 1653 2038 1724 hujus-

2149 463 2218 531 τῇ
2249 461 2476 534 Θεότητι
2511 465 2903 537 συγκρίματος,
2956 467 3096 539 αῦτη
3128 470 3358 536 τούτοις,
3391 472 3614 528 συνοῦσα
3631 477 3693 547 τῷ

2149 554 2461 622 πεπονθότι,
2501 555 2769 631 διέμεινεν
2797 559 3070 628 ἄψαυστος
3095 579 3110 625 ;
3140 561 3264 624 Πῶς
3285 562 3343 614 δὲ
3369 550 3461 616 ὢν
3489 564 3688 620 θάνατον

2148 644 2292 697 κατὰ
2319 644 2409 698 τὸν
2438 639 2670 718 οὐσίώδη
2705 646 2861 716 λόγον
2895 647 3037 719 αῦτη
3064 650 3395 719 διαπέφευγε
3421 669 3436 715 ;

2191 915 2416 972 ’Καίτοι
2457 913 2674 984 λέγεται
2724 905 2795 968 δι’
2839 899 2988 984 ἡμᾶς
3030 915 3266 984 Χριστὸς
3298 897 3528 978 όθεὸς·
3562 917 3694 987 ήμῶν

2149 1007 2440 1063 ἀποθανεῖν
2475 1005 2802 1077 παναληθῶς
2843 1005 2901 1075 (ἃ
2939 1022 2997 1058 τε
3030 1005 3109 1079 [7]
3153 1008 3252 1076 τὴν
3287 1007 3495 1060 οἰκείαν
3545 1009 3693 1076 σάρκα

2148 1101 2290 1170 ὑπὲρ
2320 1100 2477 1171 ἡμῶν
2508 1101 2588 1162 εἰς
2612 1099 2840 1153 θάνατον
2863 1098 3159 1169 δεδωκὼς),
3177 1101 3270 1154 καὶ
3292 1099 3461 1168 τάφον
3481 1101 3691 1169 οἰκῆσαι.

2147 1195 2242 1248 καὶ
2275 1195 2562 1265 τριημέρῳ
2583 1194 2878 1247 ἀναστάσει
2911 1193 3010 1263 τὴν
3041 1182 3226 1262 κοινὴν
3271 1193 3593 1260 ὲγκαινὶσαι,
3620 1197 3695 1246 καὶ

2145 1277 2474 1353 θεμὲλιῶσαι
2520 1285 2738 1338 πάντων
2775 1285 3070 1338 ἀνάστασιν
3097 1299 3110 1314 ’
3137 1284 3277 1336 am
3313 1286 3430 1360 γὰρ.
3470 1285 3586 1347 τοὺς
3616 1285 3694 1354 μὲν

2143 1376 2390 1447 παθητὸν
2415 1375 2804 1447 ἐνυϐρίζοντας
2829 1376 2890 1428 τὸ
2919 1376 3074 1429 θεῖον
3097 1376 3448 1446 ὲπιστομίσει
3479 1377 3692 1438 πάντως,

2143 1470 2179 1523 ἃ
2210 1469 2554 1540 προείρηται,
2585 1469 2677 1523 τὸν
2703 1469 2810 1522 ἀπὸ
2839 1470 2936 1538 τῆς
2979 1467 3228 1532 ἑνὼσεως
3269 1469 3371 1539 τῆς
3399 1471 3593 1540 ψυχῆς,
3619 1475 3694 1524 καὶ

2141 1563 2236 1617 τοῦ
2269 1563 2518 1634 σώματος
2553 1563 2772 1633 ἔλεγχον
2805 1562 3242 1632 προϐαλλόμενα,
3271 1563 3532 1616 καὶ-ἄλλα
3551 1564 3693 1617 nam

2139 1655 2388 1710 τοιαῦτα.
2433 1655 2572 1718 Τοὺς
2614 1655 2672 1707 δὲ
2721 1655 2907 1726 ἐκείνῃ
2951 1654 3050 1723 μὲν
3083 1657 3148 1724 τῇ
3182 1654 3357 1724 πλάνῃ
3400 1654 3476 1724 μὴ
3507 1672 3690 1724 συμφε-

458 1730 628 1784 modi.
659 1730 762 1798 Qui
791 1744 970 1788 autem
1003 1737 1095 1789 tali
1147 1753 1254 1791 non
1289 1739 1638 1795 abducuntur
1684 1758 1901 1808 errore,
1939 1745 2031 1800 sed

2142 1749 2593 1820 ρομένους,οῦδὲν
2622 1747 2678 1801 δὲ
2705 1719 2920 1816 ὲ-ιιείντίς
2938 1719 3293 1817 ἀνεκτότερον
3313 1719 3521 1816 sie-5&3;
3549 1765 3692 1816 προσ-

457 1822 567 1877 alio
597 1823 770 1878 nihilo
808 1827 1200 1897 tolerabiliori,
1242 1848 1404 1901 quam
1448 1833 1552 1888 iste
1604 1847 2035 1892 memoratarum

457 1915 740 1971 hominum
775 1929 877 1984 est,
913 1929 967 1974 et
1022 1939 1040 1971 ι
1075 1923 1131 1975 in
1157 1924 1370 1978 Christo
1399 1944 1417 1976 ι
1446 1926 1672 1981 localem
1704 1929 1886 1984 carnis
1931 1930 2040 1984 cir-

456 2011 940 2081 cumscriptionem
999 2031 1097 2084 pro
1145 2017 1342 2071 divinae
1393 2003 1600 2084 naturae
1648 2022 2037 2091 conjunctione

458 2101 809 2156 reiieiendatn
841 2103 1220 2172 'arbitrantur,
1257 2117 1371 2163 tum
1427 2111 1517 2165 illa
1575 2133 1599 2163 ι·
1632 2113 1695 2165 de
1753 2116 1934 2166 anima
1986 2125 2037 2168 et

455 2208 692 2261 corpore,
725 2213 744 2244 ι
773 2202 884 2248 tum
913 2198 1025 2251 haec
1048 2216 1066 2248 ι
1089 2199 1152 2251 de
1169 2189 1504 2268 passionibus
1534 2203 1730 2257 Christi
1749 2204 1981 2258 absurda
2010 2224 2030 2257 ι

456 2299 610 2355 atque
648 2302 712 2339 ex
756 2301 946 2340 eorum
1008 2292 1474 2361 propositionibus
1524 2293 1843 2364 procedere,
1878 2307 1932 2351 et
1966 2297 2034 2351 ad

425 2380 604 2447 .ipsos
638 2377 960 2435 rel'ellcndos
988 2392 1136 2436 recta
1162 2383 1382 2439 tendere
1417 2386 1689 2444 videntur.

529 2470 632 2535 Qui
659 2473 942 2539 concedit,
977 2474 1170 2540 amice,
1198 2491 1330 2531 esse
1352 2477 1552 2547 ubique
1588 2480 1844 2545 Deitatem
1864 2522 1879 2546 ,
1903 2495 2034 2550 quo-

416 2567 618 2619 'modo
658 2568 820 2621 simul
874 2585 980 2623 non
1030 2571 1290 2625 concedet
1341 2580 1507 2625 totam
1558 2573 1752 2627 adesse
1792 2574 2034 2645 ubique?

453 2653 571 2710 lloc
599 2657 744 2711 enim
776 2673 884 2712 non
914 2660 1114 2733 minus,
1156 2676 1318 2730 quam
1353 2662 1504 2726 illud,
1535 2664 1602 2716 ad
1627 2663 1866 2718 divinam
1905 2681 2033 2734 per-

453 2749 591 2806 tinet
618 2751 958 2820 dignitatem.
990 2751 1146 2818 Quod
1196 2755 1242 2807 si
1277 2763 1385 2817 tota
1421 2762 1645 2824 prorsus
1675 2765 1759 2812 est
1804 2757 2031 2828 ubique,

450 2852 506 2897 et
533 2857 656 2896 cum
676 2854 957 2913 assumpta
985 2853 1310 2899 carnetotus
1340 2845 1511 2900 Filius
1540 2862 1703 2900 unam
1730 2843 2034 2904 habetsub-

451 2935 791 3001 sistentiam;
818 2939 1033 2991 etiamsi
1071 2938 1160 2992 hic
1190 2938 1392 3007 ubique
1434 2941 1596 3005 adsit,
1637 2941 1871 2995 humana
1903 2955 2030 2996 vero

452 3037 647 3081 natura
683 3027 827 3092 loco,
871 3043 935 3082 ac
960 3036 1225 3097 tempore,
1267 3031 1578 3100 principio,
1615 3047 1678 3115 ac
1711 3031 1838 3097 line,
1863 3042 1914 3087 et
1936 3033 2028 3090 .in-
2057 3066 2103 3128 Ο

452 3122 698 3176 ntnneris
728 3122 851 3176 aliis
879 3121 1099 3177 definita
1126 3125 1226 3188 sit;
1259 3124 1442 3178 nullus
1474 3133 1652 3178 tamen
1699 3128 2029 3194 separationi

453 3213 617 3266 simul
647 3215 1018 3283 concipienda:
1047 3217 1202 3282 locus
1222 3216 1404 3270 datur.
1427 3217 1520 3271 Ille
1540 3232 1666 3270 Vero
1687 3218 2030 3273 divinitatem

452 3304 617 3357 etiam
641 3305 758 3358 sine
789 3316 1070 3374 assumpta
1097 3321 1262 3360 carne
1293 3306 1412 3360 loco
1441 3308 1908 3378 circumscriptam
1928 3310 2031 3365 sibi

455 3394 700 3463 lingeret,
733 3397 824 3465 qui
869 3397 1038 3451 Deum
1085 3398 1386 3452 secundum
1437 3408 1618 3468 partes
1663 3416 1784 3455 esse
1831 3401 2033 3470 ubique

453 3486 786 3555 conciperet,
835 3503 944 3542 non
980 3498 1164 3542 autem
1219 3497 1426 3551 totum,
1462 3489 1554 3543 ubi
1602 3489 1778 3555 adest,
1819 3493 2028 3546 adesse.

452 3581 617 3650 Atqui
652 3581 727 3644 id,
759 3581 884 3634 licet
932 3597 1038 3636 non
1084 3583 1167 3636 his
1196 3583 1487 3651 ipsissimis
1517 3585 1722 3650 verbis,
1763 3587 1850 3640 ille
1877 3589 2029 3654 dicit,

453 3673 548 3742 qui
579 3675 655 3728 ait
691 3693 703 3728 :
737 3673 855 3727 Nisi
889 3689 1012 3728 cum
1049 3673 1231 3727 divina
1255 3672 1415 3728 Verbi
1445 3675 1802 3731 subsistentia
1834 3677 2029 3731 huma-

455 3766 622 3820 nitas
671 3766 1014 3832 tlilataretur,
1074 3767 1175 3836 ipsi
1232 3768 1524 3837 conjuncta
1571 3783 1692 3822 esse
1760 3770 2028 3837 nequiret.

453 3858 743 3923 Enimvero
769 3858 1037 3923 dilatatio,
1069 3874 1162 3914 seu
1194 3860 1461 3926 extensio,
1500 3876 1595 3916 seu
1646 3862 1788 3915 aliud
1838 3852 2032 3931 hujus-

453 3951 617 4015 modi,
643 3958 697 4004 et
726 3967 792 4005 ne
822 3952 905 4005 his
932 3951 1149 4020 quidem
1181 3952 1344 4007 rebus
1371 3967 1434 4007 ex
1462 3961 1575 4007 toto
1591 3955 1802 4018 adesse,
1828 3955 2028 4024 quibus

449 4043 656 4112 liquido
689 4043 883 4112 aliquis
913 4045 1149 4101 assistit:
1181 4046 1294 4122 haec
1327 4046 1512 4099 omnia
1558 4046 1736 4101 locum
1783 4047 2031 4102 obtinent

448 4135 502 4189 in
538 4137 877 4200 substantiis.
907 4153 1029 4207 qua:
1051 4138 1374 4192 divisionem
1408 4139 1726 4206 admittunt;
1750 4154 1813 4194 ac
1841 4140 2028 4194 eadem

447 4227 630 4280 omnia
660 4228 984 4296 simplicem,
1023 4229 1517 4299 indivisibilemque
1541 4229 1631 4286 Dei
1664 4232 2030 4286 substantiam

446 4311 846 4386 dispesce'rent.

2138 1841 2556 1910 ανακειμένους,
2598 1841 2692 1892 καὶ
2741 1839 2842 1908 τὴν
2890 1839 2949 1890 ἐν
2992 1839 3143 1908 τόπῳ
3189 1835 3538 1908 περιγραφὴν
3575 1841 3692 1891 κατὰ

2138 1933 2238 2004 τῆς
2257 1933 2406 1995 θεΐας
2432 1931 2678 1991 ὲνώσεως
2699 1931 3060 2002 ἁπορῤίπτειν
3077 1929 3517 1999 διανοουμένους,
3533 1931 3700 1981 ἐκεῖ-κά.

2135 2025 2345 2091 15,2111
2374 2025 2440 2078 τὰ
2466 2026 2584 2079 νυνὶ
2616 2023 2850 2094 ρηθέντα
2873 2025 3019 2092 ὅμως
3060 2022 3174 2075 ἔστι
3217 2021 3310 2074 καὶ
3343 2024 3412 2074 ὲκ
3440 2021 3555 2101 ,τῶν
3591 2021 3690 2074 καθ’

2137 2117 2364 2182 ἑαυτοὺς
2396 2115 2754 2188 προαγαγεῖν,
2787 2105 2882 2169 καῖ
2911 2114 2998 2168 ἐπ’
3021 2113 3235 2177 εὐθείας
3265 2113 3421 2184 ἄγειν
3441 2114 3531 2167 τὸν
3560 2114 3689 2179 ἐλεγ-

2137 2230 2233 2286 κοι
2261 2212 2359 2284 (8)-

2217 2479 2274 2533 ’0
2305 2478 2502 2543 διδοὺς,
2521 2472 2580 2544 ,ὦ
2612 2477 2809 2546 ἀγαθὲ,
2854 2475 3126 2546 πανταχοῦ
3166 2474 3227 2528 τὸ
3271 2473 3453 2536 Θεῖον,
3507 2473 3613 2533 πῶς
3637 2471 3685 2522 οὐ

2133 2567 2294 2621 δώσει
2321 2569 2417 2621 καὶ
2450 2567 2568 2622 ὅλον
2601 2565 2876 2636 πανταχοῦ
2908 2569 3192 2635 παρεῖναι;
3239 2566 3314 2616 Οὐ
3348 2564 3462 2632 γὰρ
3492 2563 3686 2614 ἔλαττον

2134 2661 2214 2722 εἰς
2250 2640 2422 2727 ’λόγον
2475 2659 2631 2712 τοῦτο
2667 2658 3010 2728 θεοπρεποῦς
3065 2656 3396 2725 ἀξιώματος.
3427 2655 3561 2708 Εἱδὲ
3587 2655 3686 2706 ὅλον

2133 2751 2328 2813 ὁλικῶς
2363 2751 2665 2820 πανταχοῦ,
2695 2752 2789 2802 καὶ
2816 2752 2882 2819 τῇ
2937 2747 3185 2820 ὲνωμένῃ
3237 2740 3406 2817 σαρκὶ
3444 2747 3558 2808 ὅλος
3611 2747 3684 2797 ἐν·

2134 2844 2396 2914 υπάρχων
2420 2845 2447 2895 ὀ
2466 2843 2613 2906 Υἱὸς,
2638 2844 2686 2892 εἰ
2712 2840 2808 2893 καὶ
2833 2843 3064 2910 πάρεστι
3093 2840 3189 2908 μὲν
3216 2840 3380 2902 αὐτὸς
3410 2836 3686 2907 πανταχοῦ,

2133 2937 2166 3004 ἡ
2197 2936 2241 2987 δ’
2270 2933 2584 3002 ἀνθρωπίνη
2610 2931 2770 2999 φύσις
2802 2930 3158 3002 περιὼρισται
3192 2931 3368 3000 τόπῳ,
3396 2931 3492 2982 καὶ
3510 2930 3682 3000 χρόνῳ,

2135 3027 2276 3097 ἀρχῇ
2307 3042 2390 3090 τε,
2411 3025 2502 3076 καὶ
2530 3024 2781 3094 τελευτῇ,
2813 3025 2906 3075 καὶ
2931 3007 3146 3092 μυρίοις
3168 3021 3244 3093 (9)
3269 3022 3487 3084 ἄλλοις·
3519 3022 3576 3074 οὐ
3602 3021 3681 3089 μὲν

2134 3117 2227 3174 οῦν
2261 3119 2518 3188 οὐδεμίαν
2549 3117 2783 3188 πάροδον
2831 3115 2908 3185 τῷ
2942 3113 3208 3185 χωρισμῷ
3255 3113 3685 3183 συνεπινοηθῆναι

2134 3213 2558 3284 παραχωρήσειε
2575 3207 2707 3279 (10).
2739 3207 2978 3270 Ἐκεῖνος
2999 3207 3054 3259 δέ
3082 3207 3201 3259 ποτ’
3228 3205 3408 3276 ἂνεῖη
3428 3206 3458 3256 ὁ
3476 3206 3536 3258 τὸ
3553 3205 3682 3256 Θείον

2132 3307 2225 3359 καὶ
2278 3304 2449 3374 χωρὶς
2510 3302 2611 3372 τῆς
2660 3299 3108 3372 προσληφθεῖσης
3159 3298 3364 3367 σαρκὸς
3421 3296 3684 3368 περιγενό-

2135 3415 2293 3468 μενον
2325 3398 2369 3466 (l
2389 3397 2434 3466 l)
2471 3396 2621 3464 τόπῳ
2651 3392 3075 3463 φανταζόμενος,
3111 3390 3170 3453 ὃς
3196 3391 3337 3443 κατὰ
3369 3390 3515 3459 μέρη
3544 3405 3685 3458 τερα-

2130 3490 2350 3541 τεύεται
2392 3484 2670 3554 πανταχοῦ
2713 3485 2968 3553 παρεῖναι
2993 3521 3008 3542 ,
3035 3478 3172 3533 ἀλλά
3219 3480 3293 3550 μὴ
3333 3480 3589 3540 καθόλου,
3621 3474 3686 3537 οἷς

2129 3579 2194 3634 ἂν
2247 3579 2357 3649 (ιε)
2400 3577 2587 3637 τόποις
2631 3574 2866 3643 πάρεστι
2903 3571 2962 3624 τὺ
2984 3572 3161 3624 Θεῖον.
3196 3571 3358 3638 Λέγοι
3391 3570 3442 3622 δ’
3473 3568 3538 3621 ἂν
3565 3566 3685 3621 κατὰ

2132 3672 2297 3743 μέρη,
2312 3667 2415 3721 κᾶν
2432 3667 2508 3738 μὴ
2524 3666 2692 3734 λέγοι,
2709 3667 2736 3718 ὁ
2756 3665 2998 3733 φάσκιηψ
3020 3663 3066 3715 εὶ
3088 3661 3162 3732 μὴ
3183 3679 3244 3713 συ
3253 3661 3686 3730 μπαρεκτείνοιτο

2138 3767 2204 3832 τῇ
2229 3763 2385 3830 θεῖκῇ
2419 3759 2514 3812 τοῦ
2545 3759 2719 3824 Λόγου
2756 3755 3074 3816 ὑποστάσει,
3107 3753 3229 3822 μηδ’
3266 3753 3548 3822 ἡνωμένον
3569 3751 3682 3819 αὐτῇ

2128 3858 2188 3911 τὸ
2201 3855 2533 3926 πρόσλημμα
2555 3848 2714 3904 εἶναι.
2813 3847 2880 3916 γὰ
2888 3865 2917 3917 ρ
2931 3847 3256 3916 παράτασις(
3269 3847 3286 3898 l
3299 3847 3353 3913 5)
3365 3844 3422 3915 ,ἢ
3438 3844 3686 3913 παρέκτα-

2132 3970 2234 4014 σις,
2271 3953 2304 4020 ἡ
2335 3952 2404 4003 τὰ
2439 3947 2666 4000 τοιαῦτα
2692 3943 2867 3999 καὶτὸ
2901 3943 2974 4012 μὴ
3006 3940 3235 3994 καθόλου
3261 3941 3375 4001 τοῖς
3411 3935 3551 4001 οὖσι,
3581 3931 3684 4005 μηδ’

2128 4039 2208 4105 οἷς
2239 4031 2540 4109 ἐπιλάμπει
2571 4037 2848 4107 παρεῖναι,
2880 4034 2986 4086 τῶν
3039 4029 3448 4099 ὲπιδεχομένων
3482 4028 3593 4107 εστὶ
3610 4025 3684 4076 τὸν

2132 4133 2400 4205 μερισμόν
2423 4147 2437 4162 ο
2467 4130 2561 4183 καὶ
2592 4128 2802 4189 τούτοις
2825 4124 2886 4178 τὸ
2930 4125 3130 4176 ἐνιαῐον
3169 4119 3356 4185 αὑτοῦ,
3409 4119 3502 4173 καὶ
3527 4118 3682 4186 ἄτμη-

2127 4244 2216 4281 τον
2244 4241 2443 4278 κατατε
2453 4218 2736 4292 μνομὲνων
2767 4217 2899 4287 (Li).

501 4409 576 4465 .Si
613 4409 774 4475 Deus,
813 4421 1000 4482 utpote
1051 4414 1274 4484 ubique
1303 4429 1574 4484 praesens,
1633 4422 1688 4469 et
1733 4414 2019 4470 continens

2194 4407 2256 4458 Ei
2305 4399 2633 4473 μεμέρισται
2678 4397 2739 4450 τὸ
2800 4393 2955 4447 Θεῖον
2991 4388 3286 4459 ’πανταχοῦ
3338 4385 3564 4457 φοιτῶν,
3603 4381 3682 4462 και

443 4504 650 4569 omnia,
681 4505 891 4559 divisus
929 4513 1032 4570 est,
1072 4506 1319 4575 profecto
1349 4508 1402 4561 in
1433 4521 1498 4561 eo
1529 4508 1926 4568 extensionem,
1957 4505 2023 4558 il'-

444 4581 660 4662 iamque
691 4610 816 4648 cum
849 4596 972 4652 aliis
995 4605 1407 4668 congruentem,
1436 4609 1601 4668 atque
1621 4597 1760 4651 adeo
1781 4597 2019 4652 circum-

442 4687 816 4756 scriptionem,
845 4697 900 4744 et
929 4689 1098 4756 ipsam
1127 4706 1250 4745 cum
1275 4691 1396 4746 aliis
1419 4705 1762 4744 communem
1782 4689 2018 4758 require.

443 4779 600 4852 Quod
616 4779 664 4834 si
681 4779 784 4835 hoc
814 4789 1073 4850 tanquam
1095 4781 1205 4837 Deo
1221 4782 1506 4853 injurium,
1525 4791 1686 4851 atque
1714 4781 2017 4850 indignum,

2128 4499 2306 4553 πάντα
2335 4493 2586 4563 κατέχον,
2615 4489 2708 4543 καὶ
2734 4487 3044 4558 παράτασιν
3087 4484 3172 4535 ἐπ’
3203 4479 3370 4534 αὑτοῦ
3403 4481 3573 4553 ζητεῖ,
3603 4476 3682 4529 καὶ

2125 4591 2199 4644 τδ-
2219 4585 2815 4660 συμπαρατεινόμενον,
2848 4580 2943 4632 καὶ
2979 4579 3045 4648 δὴ
3073 4572 3674 4670 καιπεριγραφὴνζκαί

2126 4681 2186 4735 τὸ
2215 4671 2786 4747 συμπεριγράφεσθαι.
2812 4669 2876 4721 Εἰ
2915 4667 2970 4719 δὲ
3003 4667 3063 4719 τὸ
3084 4661 3087 4663 ’
3105 4664 3423 4734 δύσφημον,
3447 4661 3541 4714 καὶ
3568 4661 3671 4744 ἀνεξ-

2127 4774 2236 4840 ξιον
2285 4771 2380 4825 τοῦ
2447 4766 2582 4822 Θεοῦ
2649 4759 3017 4834 φαντάζεσθαι
3062 4759 3284 4828 φεύγοις
3341 4753 3600 4827 (φεύγοις
3644 4748 3677 4796 ἱ·

1963 4998 2190 5056 ΝΟΤᾸΣ.

512 5125 590 5195 (7)
615 5124 747 5179 Erat
775 5125 825 5178 in
858 5133 1046 5181 nostro
1073 5124 1262 5180 codice
1288 5124 1324 5178 ἆ
1347 5141 1408 5195 τε
1434 5123 1479 5176 δ’
1510 5125 1544 5194 ή
1577 5124 1678 5193 τήν
1711 5141 1724 5156 ’
1747 5137 1847 5192 ego
1871 5121 2009 5176 duas

439 5194 651 5253 tantum
683 5197 950 5252 litterulas
978 5197 1220 5265 spongiae
1248 5194 1478 5263 subieci.

509 5268 586 5336 (8)
610 5265 739 5330 Quae
769 5268 874 5320 huc
915 5261 1090 5335 usq—ue
1114 5261 1406 5336 edidimus,
1429 5263 1698 5336 ignoravit
1721 5261 2010 5336 ‘Combeti-

436 5333 554 5392 sius
593 5336 870 5392 :l'ortasse
908 5333 1027 5404 ejus
1057 5335 1299 5402 excerpti
1348 5333 1647 5404 exscriptor
1679 5333 1763 5388 his
1815 5333 2008 5402 προλε-

437 5408 690 5476 γομένοις
713 5407 1001 5460 commode
1030 5407 1088 5460 se
1122 5419 1282 5476 posse
1310 5419 1494 5459 carere
1516 5405 1790 5460 censebat.

504 5475 581 5548 (9)
610 5477 832 5550 Μορίοις
867 5478 996 5547 legit
1025 5475 1408 5542 Combeﬁsius,
1464 5476 1558 5532 sed
1610 5476 1790 5534 minus
1813 5491 2010 5549 oppor-

441 5557 595 5605 tune.
983 5574 992 5582 ·

503 5619 613 5686 (ιο)
647 5617 745 5690 [ta
776 5617 999 5690 rectius,
1029 5631 1193 5684 quam
1252 5619 1679 5690 παραχωρήσαι-
1709 5621 1786 5687 ὼς
1805 5619 1866 5674 οὗ
1898 5614 2014 5672 ποτ’

445 5687 531 5754 ἄν,
561 5689 702 5754 quod
737 5689 898 5743 habet
927 5696 1174 5743 nostrum
1215 5703 1318 5742 ms.

2191 5112 2300 5182 (ll)
2349 5108 2408 5163 Si
2463 5107 2514 5160 id
2549 5104 2640 5158 tibi
2691 5116 2798 5156 non
2841 5097 3064 5182 arridet,
3117 5094 3298 5149 scribe
3351 5106 3476 5145 cum
3509 5099 3672 5145 nostm

2117 5167 2308 5240 codice
2337 5182 2394 5249 ἐν
2433 5170 2938 5249 περιγεγραμμένοι)
2971 5167 3141 5234 τόπῳ·
3214 5233 3225 5249 ,

2191 5233 2301 5319 (di)
2334 5233 2591 5310 Voculam
2632 5233 2878 5319 sanata?
2904 5233 3067 5319 sensu
3095 5233 3673 5294 ’rcclamatammmise-

2116 5310 2207 5376 rat
2233 5310 2662 5375 (Zombeﬁsianus
2688 5310 3010 5388 exscriplgl‘.
3060 5375 3074 5388 ‘
3133 5374 3158 5388 η
3201 5373 3212 5385 ,
3348 5387 3351 5388 ν
3467 5375 3479 5388 _
3568 5349 3582 5388 ;

2151 5374 2296 5461 ῗ⁷(15)
2328 5387 2682 5459 Παράστασιν
2713 5374 2884 5435 habet
2921 5374 3308 5438 Combei‘tsius,
3337 5375 3479 5442 quod
3510 5377 3672 5432 minus

2117 5461 2312 5602 ριειδθῖᾔ
2337 5529 2825 5602 [lientemoratum
2849 5527 3165 5602 excerptum
3206 5515 3566 5602 abrumpitur,
3591 5532 3669 5602 ne-

2126 5585 2381 5656 riu‘de'ac
2417 5599 2466 5655 si
2489 5601 2782 5667 insequens
2805 5585 3166 5664 παράγραφος
3199 5587 3264 5642 ad
3307 5585 3419 5643 reni
3452 5604 3557 5644 non
3603 5585 3668 5641 ia-

2123 5683 2288 5728 ceret.
2853 5703 2856 5705 ’
