3864 6218
184 302 279 367 263

1051 310 1151 371 AD
1188 310 1782 375 AMPHILOCHIUM
1815 310 2162 384 QU/ESTIO
2206 265 2541 376 ‘xxxvm.

3313 309 3420 374 2'10

184 424 260 484 ἂν,
289 420 387 474 κᾶν
418 421 490 492 μὴ
527 421 764 491 φεύγων,
799 422 904 489 ἕως
929 425 995 480 ἂν
1032 427 1144 481 τῶν
1184 427 1386 500 νοερῶν
1413 432 1554 486 κατὰ
1579 431 1731 499 κίνηο

1841 429 2022 484 animo
2050 427 2252 498 ﬁngere
2275 428 2537 483 abhorres
2561 425 2778 500 (quippe
2795 426 2952 483 malis
2971 427 3112 483 nolis
3126 427 3422 504 abhorrere

185 536 259 569 σιν
286 516 589 588 ἐνεργειῶν,
611 519 658 570 εἰ
685 518 864 588 βούλει
902 521 982 588 δὲ,
1007 523 1102 576 καὶ
1135 524 1253 579 τῶν
1296 545 1490 581 κοινων
1517 529 1740 582 ἐννοιῶν

183 609 207 658 ό
231 605 343 668 νοῦς
372 607 470 659 ούκ
499 608 580 679 είη
614 610 1072 682 ἀπεληλαμένος),
1095 606 1197 670 ’ἐπὶ
1233 619 1494 687 μεγάλοις
1515 622 1740 686 ἀτόποις

182 698 429 770 αἰσχύνην
470 701 687 770 δφλοις,
720 707 848 775 ῥᾷον
879 705 944 759 ἂν
990 703 1244 778 αἴσθησιν
1287 710 1491 772 λάϐοις,
1525 714 1759 785 ἀπορη--

185 791 354 858 μάτων
393 791 649 846 τοιούτων
694 795 991 865 προδολεὺς
1038 802 1456 872 καθιστάμενος.
1494 805 1654 858 Ὥστε
1679 808 1740 860 τὸ

180 881 360 932 οἰκεῖον
394 881 582 946 πάθος,
625 884 719 937 καὶ
755 887 1009 958 ἀγνόημα
1062 885 1368 962 προσάπτει
1419 893 1497 966 τῷ
1540 896 1682 969 λόγῳ
1712 900 1740 953 ό

183 975 522 1066 ρεγαςορονῶν
578 978 636 1030 ἐν
678 979 757 1050 τῷ
814 981 1028 1050 λέγειν’
1067 986 1127 1039 Εἰ
1167 987 1371 1057 ἥνωται
1416 993 1448 1061 ἠ
1494 992 1631 1063 σὰρξ
1662 994 1739 1066 τῷ

181 1061 299 1154 Υξῷ,
332 1063 360 1132 ἡ
392 1067 691 1136 πανταχοῦ,
724 1071 819 1124 καὶ
847 1073 984 1143 πρὸς
1030 1076 1091 1129 τὸ
1125 1078 1544 1152 ἀπερίγραπτον
1567 1061 1740 1154 ἡμεταλ

182 1153 422 1258 θέθληται
450 1173 462 1186 ’
495 1159 883 1232 ῆηκεχὼρισται
907 1165 1009 1237 τῆς
1054 1168 1317 1242 Θεότητος
1355 1173 1430 1247 μὴ
1463 1177 1737 1250 δυναμένη

180 1255 335 1320 ταύτῃ
367 1255 954 1322 συμπαρεκτείνεσθαι.
1456 1261 1465 1272 ’

238 1427 421 1481 Καίτοι
471 1447 536 1496 γε
590 1432 742 1504 τόπῳ
789 1437 989 1505 μᾶλλον
1039 1441 1334 1498 ἀκόλουθον
1389 1446 1612 1513 ἐννοεῖν,
1663 1452 1738 1517 ὡς

177 1516 321 1614 εἴπερ
346 1521 410 1571 τὰ
426 1521 554 1614 ῌτῆς.
575 1523 755 1598 ψυχῆς
783 1527 1050 1599 ἰδιώματα
1071 1533 1149 1604 τῷ
1197 1536 1410 1614 σώματι
1448 1541 1734 1614 πάρεστιν,

179 1604 200 1622 θ

175 1608 202 1675 ἦ
229 1609 332 1694 τοῖς
362 1608 452 1662 τοῦ
489 1611 742 1681 σώματος
771 1617 965 1690 ἡψυχὴ
1004 1611 1472 1698 χαρακτηρίζεται
1501 1648 1512 1659 ⁸
1538 1634 1636 1686 ούκ
1673 1635 1738 1688 ἂν

176 1698 342 1761 αὐτοῖς
373 1703 595 1774 ποθενή
628 1707 829 1773 ἓνωσις
857 1715 1219 1782 περιγένοιτο,
1256 1720 1371 1772 ἀλλ’
1405 1723 1546 1782 οὐδὲ,
1583 1727 1702 1779 εἴτι

1532 1765 1546 1788 ,
1583 1746 1736 1791 ειτις
1769 1771 1810 1826 Β

173 1787 296 1856 δοίη,
344 1792 452 1846 τῶν
484 1797 780 1866 ήνωμὲνων
821 1804 852 1870 ὴ
897 1804 1112 1870 σύνοδος
1155 1809 1510 1878 διασώζοιτο;
1543 1818 1728 1882 ,Μετα-

319 1883 421 1979 γᾳάρ
442 1885 559 1979 ave
572 1888 624 1958 ίη
658 1892 815 1946 τοῦτο
849 1892 1083 1968 θατέρου
1107 1901 1245 1971 πρὸς
1270 1900 1496 1979 θάτερον
1518 1880 1730 1979 ’.μετα-

173 1967 304 2069 δρλη
337 1971 582 2069 δὲ-πρὸς
628 1979 727 2050 τήν
776 1967 1218 2056 κυρίωςὲνωσιν,
1253 1967 1732 2069 τοπαροιιλιῶδες

171 2061 349 2158 εἰπεῖν,
375 2065 526 2119 οὐδὲν
565 2069 803 2138 ἔλαττον,
835 2075 864 2145 ἤ
908 2077 975 2130 τά
997 2081 1221 2148 Μυσῶν,
1252 2085 1345 2138 καὶ
1386 2061 1616 2158 Φρυγῶν
1653 2061 1731 2149 διζ

173 2149 382 2224 ἔστηκεν
413 2156 558 2228 ὅρια.
596 2163 704 2215 Καὶ
733 2167 760 2218 ὁ
783 2165 879 2235 τὴν
900 2167 1092 2224 ἕνωσιν
1118 2175 1607 2250 πολυπραγμονῶν,
1636 2189 1732 2240 καὶ

173 2247 684 2320 μορμολυττόμενος,
703 2259 794 2310 καὶ
815 2259 1141 2328 ἀκολούθους
1157 2267 1400 2334 ἐπινοίας
1421 2247 1732 2332 ἀποσπευα-

170 2335 399 2436 ξάμενος,
435 2339 659 2436 λέληθεν
688 2348 882 2404 ἑαυτὸν
928 2356 1228 2423 μετάϐασιν
1262 2363 1400 2432 πρὸς
1426 2365 1526 2436 τὴν
1551 2370 1731 2436 σάρκα

170 2429 704 2505 καταψηφιιζόμενος⁸
739 2444 832 2494 καὶ
883 2447 962 2508 είς
1011 2448 1101 2500 τὸν
1149 2452 1342 2506 ἐνύλου
1389 2459 1612 2528 σαρκὸς,
1635 2464 1732 2516 καὶ

169 2522 515 2624 παρατάσεως
563 2531 656 2580 καὶ
699 2531 914 2598 παντὸς
966 2538 1194 2606 πάθους,
1257 2546 1349 2598 καὶ
1412 2551 1731 2624 προσθήκης

167 2609 550 2686 ἀπαράδεκτον,
577 2624 667 2674 καὶ
687 2626 1014 2684 Δεσποτικδν
1029 2632 1469 2707 ύποπτευόμενος
1485 2642 1581 2715 τὴν
1605 2609 1731 2700 ἀνάο

168 2715 226 2767 χυ
236 2717 311 2754 σιν
331 2704 463 2774 (15).

191 2906 199 2914 -
228 2878 332 2932 Καὶ
358 2879 512 2937 οὔπω
541 2881 696 2941 εἷπον
721 2891 780 2943 τὸ
808 2897 1060 2962 παρεῖναι
1082 2899 1180 2969 τὴν
1199 2901 1444 2976 Θεότητα
1468 2913 1609 2964 κατά
1633 2913 1731 2984 τὴν

165 2968 343 3069 ἕνωσιν
366 2977 428 3046 τῇ
461 2981 650 3049 σαρκὶ,
686 2983 778 3036 καὶ
826 2985 886 3039 τὸ
926 2991 1178 3058 παρεῖναι
1225 3001 1524 3069 πανταχοῦ,
1557 3006 1604 3056 εί
1636 2968 1730 3059 κᾶι

1845 520 1948 574 hoc
1964 519 2153 583 debes,
2173 520 2218 575 si
2244 529 2423 575 tamen
2441 527 2535 574 tua
2563 520 2718 574 mens
2734 519 2800 573 ab
2824 519 3251 589 intelligibilibus
3275 520 3422 574 circa

1844 623 2053 668 motum
2082 612 2516 682 operationibus,
2546 612 2656 666 imo
2683 612 2846 666 etiam
2883 627 2913 666 a
2937 613 3249 668 nationibus
3273 627 3423 666 com-

1844 700 2102 755 munibus
2133 687 2241 754 non
2274 702 2346 756 sit
2374 704 2629 764 remota),
2664 702 2976 770 seposuisse
2997 711 3050 755 te
3077 701 3130 754 in
3156 689 3424 774 vimm’ani-

1842 791 1946 847 bus
1998 793 2434 847 absurditatibus
2480 793 2740 861 pudorem
2806 791 3021 846 facilius
3075 792 3262 860 utique
3308 791 3422 860 ipse

1844 886 2046 941 sentire
2075 885 2296 955 poteris,
2345 885 2437 954 qui
2487 884 2799 953 lmjusmodi
2852 883 3200 938 difficultates
3230 892 3422 951 protu-

1842 975 1992 1030 leris.
2025 975 2210 1042 Quare
2250 975 2486 1046 propria:
2534 975 2732 1035 mentis
2783 976 2974 1028 vitium
3011 984 3174 1044 atque
3195 973 3423 1040 imperi-

1793 1063 1809 1079 ⁸
1844 1070 1972 1124 tiam
2006 1085 2258 1124 sermone
2285 1085 2384 1122 suo
2413 1070 2603 1139 prodet
2640 1071 2801 1124 homo
2825 1069 2912 1123 ille
2951 1069 3298 1132 temerarius,
3325 1071 3421 1138 qui

1842 1161 1921 1214 ait
1952 1178 1964 1214 :
1999 1161 2054 1214 Si
2083 1176 2209 1216 caro
2249 1161 2388 1216 Filio
2416 1162 2706 1232 conjuncta
2736 1171 2838 1225 est,
2881 1171 2974 1214 aut
2998 1170 3082 1216 est
3108 1161 3326 1230 ubique,
3359 1176 3423 1216 ac

1841 1254 2069 1323 proinde
2099 1241 2307 1308 infinita
2342 1256 2549 1322 evasit;
2573 1264 2665 1309 aut
2691 1271 2719 1309 a
2747 1255 3039 1309 Divinitate
3065 1255 3280 1309 divulsa
3312 1264 3416 1319 est,

1839 1343 1885 1398 si
1920 1343 1985 1397 ad
2017 1354 2224 1398 tantam
2257 1361 2364 1399 non
2393 1346 2642 1415 pervenit
2665 1345 3105 1399 immensitatem.
3185 1409 3189 1414 ν

1912 1433 2074 1503 Atqui
2126 1443 2333 1500 quanto
2372 1436 2543 1504 magis
2576 1444 3007 1506 conseptaneum
3043 1442 3123 1488 est
3156 1434 3416 1503 cogitare.
3499 1484 3506 1490 .

1840 1523 1986 1592 quod
2015 1524 2060 1576 si
2092 1523 2288 1577 animae
2315 1525 2684 1592 proprietates
2737 1525 2954 1594 corpori
2987 1525 3256 1587 adessent,
3287 1541 3348 1577 ac
3374 1527 3418 1579 si

1839 1615 2286 1668 attributionibus
2309 1616 2587 1684 corporeis
2617 1616 2796 1680 anima
2819 1615 3155 1678 afﬁceretur;
3175 1615 3419 1683 profecto

1841 1704 1988 1760 hisce
2011 1705 2224 1760 duabus
2265 1705 2587 1760 substantiis
2617 1705 2931 1774 conjunctio
2976 1719 3081 1776 non
3114 1705 3415 1766 obveniret,

1838 1807 1952 1862 aut,
1979 1798 2024 1852 si
2065 1813 2126 1852 ea
2159 1797 2396 1861 daretur,
2447 1809 2595 1853 certe
2639 1799 2868 1868 quidem
2920 1799 3060 1852 inter
3103 1798 3251 1867 ipsas
3282 1812 3426 1870 con-5

1832 1888 2057 1957 junctas
2088 1903 2396 1944 consensus
2428 1889 2723 1958 perdurare
2752 1904 2859 1941 non
2889 1889 3102 1956 posset?
3135 1889 3238 1942 Ista
3270 1889 3414 1940 enim

1834 1980 2391 2057 alterius_substanti:e
2416 1981 2468 2034 in
2492 1981 2715 2034 alteram
2736 1980 2962 2034 mutatio
2986 1978 3123 2032 foret
3150 1997 3164 2032 :
3187 1979 3416 2033 mutatio

1833 2081 2011 2126 autem
2043 2080 2252 2126 tantum
2277 2088 2306 2126 a
2340 2088 2466 2126 vera
2489 2072 2900 2141 conjunctione,
2927 2078 3192 2139 quantum
3213 2070 3410 2141 Mysia,

1833 2173 1893 2217 ut
1929 2161 2035 2217 fert
2068 2166 2440 2233 proverbium,
2475 2181 2502 2216 a
2528 2164 2759 2234 Phrygia
2790 2164 2977 2217 distat.
3017 2165 3196 2231 Atque
3227 2163 3296 2224 is,
3321 2162 3417 2232 qui

1834 2254 2232 2324 hypostaticam
2279 2255 2726 2324 conjunctionem
2780 2253 3006 2308 nimium
3039 2260 3335 2315 scrutatur,
3364 2261 3416 2307 et

1833 2359 2229 2404 consentaneas
2263 2341 2518 2402 notiones
2535 2346 2768 2415 repellit,
2791 2345 3177 2413 amoliturque,
3199 2345 3416 2412 ignorat

1834 2441 2024 2509 utique
2073 2455 2133 2494 se
2186 2440 2288 2494 ista
2335 2437 2610 2504 cogitandi
2651 2438 2862 2490 ratione
2897 2435 3091 2490 Filium
3126 2435 3178 2488 in
3229 2435 3414 2488 carnis

1834 2532 2196 2587 substantiam
2229 2530 2548 2586 vertendum
2581 2543 2838 2592 censere;
2872 2542 2936 2580 ac
2966 2525 3032 2580 de
3061 2541 3146 2590 eo,
3179 2526 3271 2594 qui
3301 2540 3417 2588 ma-

1834 2623 2041 2678 terialis
2065 2623 2248 2677 carnis
2277 2622 2650 2676 extensionetu
2677 2659 2691 2683 ,
2733 2619 3043 2688 passionem
3091 2605 3412 2685 quamlibet.

1834 2721 1887 2766 et
1915 2713 2346 2767 additamentum
2381 2711 2570 2780 nequit
2609 2710 2894 2775 excipere,
2929 2707 3282 2777 divinamque
3314 2707 3414 2760 lla-

1832 2807 1922 2859 bet
1952 2814 2221 2867 naturam,
2251 2801 2631 2858 confusionem
2662 2801 2950 2869 suspicari.

1827 2939 1840 2955 .
1906 2893 2156 2949 Nondum
2181 2908 2308 2948 vero
2339 2894 2478 2948 dixi-
2503 2892 2854 2946 Dirinitatem
2903 2891 3051 2945 carni
3083 2889 3274 2944 adesse
3317 2904 3416 2958 per

1837 2988 2234 3059 ltypostaticam
2303 2985 2784 3052 conjunctionem,
2837 2990 2888 3036 et
2939 2983 3129 3036 adesse
3187 2981 3410 3049 ubique,

165 3063 291 3158 πρὸς
337 3066 598 3142 διάφορον
657 3076 991 3150 ἀναφέρεται
1038 3087 1131 3138 καὶ
1176 3090 1320 3155 νοῦν,
1369 3063 1461 3146 κᾶι
1494 3063 1730 3153 διάνοιαν

1841 3075 2052 3130 tametsi
2078 3075 2144 3129 ad
2162 3074 2434 3128 diversum
2471 3086 2692 3136 sensum
2727 3070 3109 3136 diversamque
3135 3069 3412 3122 notionem

166 3156 270 3261 ςιιαὶ
283 3160 403 3261 ’γὰρ
493 3165 595 3261 μεν
621 3168 681 3220 τὸ
716 3167 995 3245 πανταχοῦ
1025 3176 1331 3249 γινώσκων,
1362 3188 1456 3240 καὶ
1479 3189 1732 3261 διορίζων

163 3247 327 3347 λόγος,
351 3255 473 3333 οὐδὲ
499 3257 605 3328 τῆς
654 3266 840 3336 κοινῆς
876 3267 1278 3342 ἐπιφοιτήσεως
1310 3279 1406 3347 τὴν
1439 3247 1732 3338 ἑνωθεῖσαν

166 3341 463 3417 ὑπερορίζει
495 3350 662 3420 φύσιν
685 3371 699 3382 '
737 3358 913 3412 πάντα
930 3362 1057 3432 γὰρ,
1087 3341 1160 3418 ὧν
1183 3369 1210 3419 ὁ
1241 3341 1373 3433 Θεὸς
1395 3372 1595 3441 ἠξίωσε
1619 3377 1734 3431 κτί-

165 3451 287 3535 στης
313 3442 594 3510 γενέσθαι,
651 3446 773 3500 οὐδὲ
817 3451 918 3520 τῆς
959 3455 1103 3508 κατά
1145 3460 1400 3528 πρόνοιαν
1430 3463 1734 3535 παρουσίας

163 3526 444 3586 ἀπολαύειν
471 3535 649 3591 ταῦτα
697 3540 1011 3613 διατειχίζει
1040 3565 1052 3577 ο
1086 3550 1112 3600 ό
1139 3526 1199 3603 δέ
1238 3552 1338 3622 τὴν
1380 3526 1734 3614 καθ”ἓνωσιν

165 3621 470 3722 πρεσδεύων
504 3632 807 3722 παρουσίαν
831 3635 944 3704 (16)
965 3639 1040 3708 τῷ
1075 3621 1323 3698 morm
1358 3647 1504 3718 μόνῳ
1529 3651 1734 3722 ταύτην

163 3711 423 3786 ἀφορίζει)
451 3735 464 3749 °
518 3721 656 3788 ἀλλά
683 3722 776 3778 οῦν
803 3729 851 3780 εί
912 3729 1006 3781 καὶ
1037 3732 1178 3785 κατά
1233 3734 1490 3805 διάφορον
1525 3711 1733 3794 ἔννοιαν

162 3805 406 3882 ἑκάτερον
428 3807 571 3876 εἶδος
593 3815 842 3887 ἀφορίζει
863 3821 963 3891 τῆς
984 3825 1306 3892 παρουσίας,
1344 3829 1486 3900 πλὴν
1522 3833 1549 3882 ὸ
1573 3832 1734 3884 θατέ-

165 3913 256 3966 ραν
283 3899 684 3976 θρασυνόμενος
709 3910 1205 3983 πολυπραγμονεῖν,
1255 3919 1350 3970 καὶ
1398 3920 1728 3987 διαϐάλλειν,

162 3987 272 4044 οὐδὲ
297 3990 536 4065 θατέρας
587 3998 900 4076 φειδόμενος
932 4001 1258 4074 ἐξελέγχοιτ’
1291 4005 1356 4059 ἄν
1385 4007 1518 4078 (l7).

223 4253 345 4319 Τοῖς
387 4255 500 4329 γὰρ
544 4259 729 4324 αὐτοῖς
774 4261 1094 4326 διαδουλίοις
1135 4265 1436 4336 χρώμενος,
1497 4269 1632 4333 πῶς,
1669 4270 1734 4323 ἂν

163 4347 307 4420 φαίη,
351 4350 650 4422 παρέσοιτο
703 4355 976 4426 πανταχοῦ
1013 4357 1075 4410 τὸ
1122 4357 1277 4412 Θείον
1317 4359 1546 4430 μηδενὸς
1583 4363 1734 4434 αύτῷ

1840 3167 2151 3222 referantur
2193 3165 2343 3236 (dum
2379 3164 2526 3219 enim
2571 3163 2870 3235 cogilatur,
2912 3171 2965 3215 et
2991 3161 3169 3230 agitur
3221 3161 3286 3213 de
3319 3158 3412 3212 Dei

1835 3255 2123 3328 prasentia
2192 3255 2422 3325 ubique,
2478 3263 2606 3308 tunc
2651 3268 2752 3306 nec
2789 3259 3070 3320 assumpta
3114 3259 3306 3305 natura
3376 3265 3409 3305 a

1837 3349 2116 3404 communi
2147 3347 2241 3401 Dei
2295 3346 2584 3415 prmsentia
2632 3343 2972 3410 excluditur;
3007 3352 3200 3401 cuncta
3228 3330 3412 3406 enim,

1837 3454 2067 3508 quorum
2107 3438 2250 3493 Deus
2297 3453 2421 3492 esse
2473 3435 2646 3490 voluit
2701 3436 2972 3501 conditor,
3035 3451 3063 3488 a
3125 3433 3411 3504 praesentia

1834 3533 1996 3587 etiam
2019 3531 2376 3600 providentiae
2413 3542 2525 3583 suae
2559 3527 2782 3583 minime
2812 3527 3054 3598 seponit:
3078 3530 3202 3580 dum
3229 3535 3411 3579 autem
3462 3595 3477 3610 ο

1837 3626 2018 3695 agitur
2049 3625 2117 3679 de
2151 3625 2237 3677 illa
2277 3621 2604 3692 praesentia,
2647 3637 2769 3690 qua:
2808 3636 2874 3675 ex
2913 3621 3251 3692 hypostatica
3280 3635 3411 3672 cou-

1832 3715 2116 3785 junctione
2146 3714 2340 3778 oritur,
2375 3721 2504 3766 tunc
2549 3713 2845 3781 peculiaris
2883 3711 3185 3782 praesentiat
3218 3711 3412 3764 modus

1835 3813 2130 3874 assumptae
2194 3803 2574 3857 tantummodo
2639 3812 2847 3856 natum
2897 3803 3276 3872 assignatur):
3332 3811 3415 3866 ta~

1838 3897 2016 3961 metsi,
2035 3897 2276 3967 inquam,
2291 3899 2395 3951 duo
2421 3895 2533 3948 lucc
2553 3894 2620 3946 ad
2641 3895 2852 3948 diversa
2873 3894 3416 3963 'praesentizegcnera

1837 3991 2162 4059 pertineant,
2195 3999 2375 4048 tamen
2403 3991 2495 4059 qni
2526 3991 2752 4044 alteram
2779 3988 3013 4042 scrutari
3035 4025 3050 4049 ,
3084 3997 3136 4038 et
3169 3985 3414 4039 cavillari

1837 4081 2099 4146 auderet,
2142 4083 2189 4135 is
2223 4084 2408 4150 utique
2439 4097 2506 4135 ne
2535 4081 2602 4135 ab
2637 4080 2811 4134 altera
2860 4079 3079 4145 quidem
3139 4074 3414 4130 abstinere

1837 4183 2181 4241 argueretur.

1909 4266 2009 4333 Qui
2050 4267 2197 4321 enim
2223 4265 2338 4334 ipsa
2361 4263 2634 4334 cogitandi
2661 4261 2869 4315 ratione
2891 4259 3084 4324 utitur,
3111 4259 3412 4328 quomodo,

1841 4361 2065 4430 inquiet,
2108 4359 2300 4414 adesse
2349 4359 2547 4427 poterit
2603 4357 2806 4424 ubique
2859 4353 3038 4418 Deus,
3085 4366 3210 4407 cum
3263 4352 3413 4406 nulla

126 4439 278 4505 .τῶν,
330 4437 413 4506 οἷς
469 4445 724 4514 πάρεστι,
771 4448 1075 4516 πεφυκότος
1117 4453 1728 4523 συμπαρεκτείνεσθαι;

1842 4467 2044 4515 rerum,
2075 4449 2277 4520 quibus
2302 4449 2474 4511 adest,
2501 4447 2669 4516 possit
2708 4460 2830 4500 cum
2864 4458 2931 4496 eo
2965 4444 3230 4498 immensa
3263 4443 3432 4516 fieri?‘

162 4526 250 4596 οἷς
298 4535 405 4604 γὰρ
455 4536 722 4607 παρόντος
775 4539 983 4611 ἐκείνου
1029 4540 1140 4592 τῶν
1175 4540 1346 4593 ὄντων
1376 4543 1614 4614 ἑκάστῳ,
1651 4548 1727 4618 μὴ

162 4628 533 4708 συμπάρεστιν
581 4630 831 4697 ἕκαστον,
867 4631 987 4683 ἀλλ’
1019 4633 1114 4685 ἐπὶ
1156 4633 1258 4701 τῆς
1289 4633 1424 4697 ίδίας
1455 4651 1731 4706 περιγρα-

161 4717 258 4783 Ῥῆς
299 4719 473 4787 μένει,
523 4721 618 4772 καὶ
661 4721 878 4788 φύσεως
918 4721 1018 4791 τῆς
1055 4721 1194 4792 πρὸς
1225 4725 1402 4776 ἐκεῖνο
1433 4727 1731 4794 συναφείας

159 4809 527 4882 ἀποτέτμηται
554 4829 565 4842 ·
601 4813 694 4865 καὶ
740 4813 802 4866 τὸ
854 4813 1134 4884 πανταχοῦ
1177 4818 1431 4886 παρεῖναι
1471 4819 1607 4870 πᾶσι
1655 4821 1730 4888 μὴ

164 4901 398 4971 πέφυκε,
452 4906 587 4976 μηδὲ
635 4905 697 4958 τὸ
744 4905 1134 4976 δημιούργημα
1199 4907 1420 4961 δύναται
1472 4926 1729 4980 συμπαρ-

164 4997 492 5050 εκτείνεσθαι
516 4997 591 5066 τῷ
621 5000 1117 5069 Δημιουργήσαντι.
1157 5001 1444 5072 Ἐπιφοιτᾷ
1487 5006 1599 5065 τοῖς
1627 5007 1730 5073 ὲμ-

161 5089 346 5160 ψύχοις
371 5092 433 5144 τὸ
463 5092 635 5156 Θεῑον,
686 5094 746 5145 ού
791 5092 1040 5145 σύνεστιν
1071 5093 1256 5156 αύτοις
1296 5095 1390 5147 καὶ
1421 5095 1492 5148 τὰ
1521 5095 1725 5164 ἄψυχα.

163 5181 362 5235 Οὐκοῦν
425 5184 702 5253 ἀφέστηκε
763 5183 866 5252 τῆς
912 5184 1004 5236 ὲπλ⁵
1059 5183 1232 5237 ταῦτα
1280 5187 1720 5256 ἑπιφοιτήσεως;

173 5270 326 5327 Ἀλλὰ
351 5276 461 5346 γὰρ
492 5277 726 5347 πάρεστι
755 5278 868 5339 τοῖς
893 5276 1144 5347 ἀψύχοις,
1177 5277 1300 5331 οὐδὲ
1331 5277 1542 5341 τούτοις
1561 5279 1726 5334 πάλιν

1837 4541 1973 4594 Dum
2005 4541 2150 4595 enim
2182 4540 2271 4594 ille
2299 4540 2525 4608 singulis
2556 4540 2718 4592 rebus
2748 4537 2923 4601 adest,
2957 4536 3186 4602 singula;
3221 4550 3308 4589 res
3339 4535 3415 4590 si-

1839 4633 1950 4686 mul
1973 4647 2095 4686 cum
2120 4621 2238 4700 ipso
2257 4632 2466 4685 caeteris
2493 4645 2596 4684 non
2624 4629 2851 4695 adsunt;
2877 4629 2968 4684 sed
2999 4631 3139 4682 inter
3163 4629 3416 4698 preprios

1838 4723 2188 4779 continentur
2219 4722 2542 4796 limitesuac
2581 4729 2771 4790 suapte
2807 4729 3022 4781 natura,
3073 4736 3141 4772 ne
3186 4702 3414 4773 ulterius

1835 4816 2162 4886 pertingant,
2192 4814 2552 4884 prohibentur
2583 4831 2594 4866 :
2623 4823 2790 4882 atque
2819 4812 2893 4866 ita
2933 4812 3178 4866 omnium
3229 4827 3426 4865 rerum.

1839 4925 1953 4962 non
1992 4917 2075 4963 est
2097 4907 2312 4977 ubique
2341 4907 2554 4970 adesse,
2596 4920 2775 4975 neque
2819 4913 2998 4975 potest
3046 4914 3293 4960 creatura
3328 4920 3413 4967 eo,

1836 5016 1945 5072 quo
1975 4999 2218 5065 Creator,
2247 5000 2548 5069 pervenire.
2578 4998 2802 5063 Assistit
2836 4997 2980 5054 Deus
3027 4997 3191 5053 rebus
3231 4997 3415 5052 anima

1836 5093 2099 5163 praeditis,
2132 5093 2226 5148 sed
2261 5107 2344 5146 res
2373 5108 2436 5146 ea
2460 5101 2707 5147 carentes
2733 5106 2840 5145 una
2873 5107 2998 5146 cum
3028 5090 3148 5161 ipso
3174 5090 3281 5146 illis
3308 5105 3415 5144 non

1835 5185 2120 5241 assiStunt.
2179 5182 2316 5238 Num
2385 5178 2587 5239 idcirco
2648 5184 2763 5238 haec
2811 5184 3184 5238 destituuntur
3230 5182 3414 5236 divina

1834 5277 2164 5348 praesentia?
2186 5279 2256 5332 At
2285 5277 2430 5331 enim
2458 5277 2623 5334 rebus
2646 5277 2735 5332 ille
2757 5261 3016 5330 inanimis
3042 5276 3215 5342 adest,
3241 5290 3415 5341 neque

1648 5431 1880 5492 ΝΟΤίΕ.

149 5584 153 5588 .
229 5526 340 5602 (l5)
392 5526 491 5583 llic
534 5531 762 5585 resumit
814 5529 1178 5587 Combefisius
1227 5533 1429 5598 laudati
1481 5532 1726 5602 excerpti

165 5599 460 5669 versionem
487 5613 504 5654 :
533 5611 799 5669 quantum
849 5605 1033 5656 autem
1065 5601 1179 5656 haec
1201 5617 1230 5657 a
1263 5605 1376 5657 veri
1411 5617 1607 5657 sensus
1641 5599 1728 5659 as-

167 5668 435 5742 scctttiune
450 5668 641 5734 'distet,
664 5671 868 5739 judicct
901 5673 1085 5742 lector,

236 5738 343 5808 (ιο)
368 5739 464 5809 Τὸ,
492 5738 797 5812 παρουσίαν
820 5758 883 5799 ex
913 5738 1245 5799 Combctisio
1281 5743 1475 5814 adjeci.

1914 5529 2026 5602 (17)
2046 5529 2204 5602 Quod
2242 5529 2512 5602 reliquum
2561 5536 2643 5582 cst
2677 5527 2848 5602 ltujus
2888 5526 3225 5602 quaestionis,
3255 5524 3414 5602 plane

1834 5606 1884 5658 in
1911 5596 2247 5657 Cotubelisio
2273 5599 2631 5654 desideratur.
2677 5597 2792 5652 Huc
2816 5613 3015 5667 .usque
3053 5596 3265 5667 Monac,
3316 5596 3414 5646 illi

1831 5691 1962 5735 saec,
2021 5667 2478 5739 sv1,f.‘28‘2.V.
2533 5670 2593 5722 D.
2656 5663 2866 5734 llardt.,
2921 5663 3084 5720 Beitr.
3142 5663 3277 5733 fasc.
3318 5679 3428 5729 vn;

1832 5744 1972 5816 μκή.
