3830 6210
370 266 475 348 2'19

1531 270 1794 332 PHOTII
1831 263 2338 330 PATRIARCHIE
2369 263 2478 322 (ΣΡ.

3546 249 3658 313 280

374 395 569 465 Aquila
622 408 754 451 vero
781 408 846 450 ac
874 364 1176 449 Theodotio
1200 387 1545 445 reddiderunt
1573 404 1586 440 :
1615 382 1943 438 Fluvialium
1973 433 1976 439 .

2089 377 2241 438 δατος
2266 374 2358 428 τοῦ
2388 367 2636 440 ποταμοῦ
2658 383 2671 399 ⁸
2712 387 2730 419 ι
2779 368 2878 421 καὶ
2926 366 3153 430 ’Λκύλας
3190 366 3269 429 δὲ,
3305 364 3410 420 καὶ
3457 363 3656 417 Θεοδο-

374 500 638 553 aquarum
669 500 700 538 a
739 483 888 540 Mose
944 483 1228 540 etAarone
1252 479 1394 535 facta
1412 476 1604 533 eratin
1629 475 1948 544 sanguinem

378 576 690 637 conversio.
715 595 736 629 ι
816 563 824 569 ”

453 757 578 811 Haec
607 723 754 811 enim
783 755 1028 828 apposita
1063 751 1468 808 animadversio
1500 749 1770 818 adjicitur,
1808 748 1954 817 quod

382 849 592 904 scilicet
632 848 966 907 immundus,
999 836 1308 913 corruptus,
1357 859 1421 896 ac
1449 843 1594 910 potui
1642 841 1856 907 ineptus
1887 839 1989 892 sit.

384 937 563 992 factus
596 938 683 991 ille
717 939 913 991 uarius
936 976 950 1001 ,
988 951 1148 1005 quem
1185 934 1562 1005 Egyptiorum
1612 947 1743 1000 gens
1792 931 1958 984 Deum

387 1031 768 1098 nunctupabat',
807 1038 970 1097 atque
1003 1028 1075 1080 uti
1102 1026 1400 1092 fructuum,
1438 1007 1666 1091 vitzeque
1714 1021 1958 1073 datorem

389 1124 620 1187 colebat,
649 1132 701 1176 et
729 1122 780 1175 in
813 1137 974 1190 quem
999 1120 1346 1173 Ilebra'orum
1377 1116 1682 1170 enecandos
1709 1113 1961 1182 projicie-

391 1215 483 1266 bat
513 1211 767 1265 infantes.
801 1211 1081 1264 Clamabat
1109 1210 1251 1263 enim
1302 1209 1464 1262 etiam
1505 1222 1690 1260 eorum
1740 1203 1962 1272 sanguis

391 1304 457 1356 de
490 1301 666 1370 aquis,
699 1309 756 1354 ut
784 1301 1005 1370 sanguis
1019 1301 1150 1353 Abel
1171 1301 1237 1354 de
1261 1308 1405 1352 terra
1427 1301 1492 1350 "'.
1517 1294 1811 1364 Oportebat
1835 1309 1964 1362 ergo

392 1396 678 1468 Egyptios
704 1397 883 1462 impiae
916 1396 1341 1463 superstitionis,
1364 1408 1467 1462 qua
1493 1377 1632 1460 aqua
1660 1387 1965 1442 innumeris

395 1497 506 1542 tum
546 1487 1062 1554 perturlmtionibns,
1111 1497 1222 1538 tum
1260 1482 1698 1559 corruptionibus
1730 1478 1966 1532 obnoxia

393 1564 706 1648 dignitatem
742 1589 991 1642 :eterpae,
1025 1575 1465 1646 imperturbataa,
1507 1581 1566 1626 et
1613 1569 1966 1626 immutabilis

393 1679 602 1723 naturae
641 1669 742 1722 sibi
771 1656 1098 1730 vindicabat,
1128 1670 1256 1721 dare
1297 1663 1814 1734 pmnas,etqnidem
1835 1660 1964 1723 illis,

394 1760 595 1828 quibus
631 1776 723 1828 per
754 1759 1067 1814 eorumdem
1109 1761 1468 1812 innocuorum
1516 1755 1802 1818 infantium
1825 1764 1967 1808 stra-

394 1867 514 1921 gem
550 1853 845 1905 intulerant
875 1853 1129 1920 injuriam
1164 1871 1176 1904 :
1205 1852 1405 1920 quippe
1444 1849 1498 1903 hi
1528 1849 1579 1902 in
1617 1850 1787 1901 lucem
1839 1847 1969 1900 editi

396 1955 562 2007 sunt,
625 1946 750 1996 dum
794 1955 983 1998 contra
1027 1954 1232 1998 natura:
1274 1945 1443 2011 legem
1494 1943 1631 1996 lucis
1667 1941 1970 2008 privatione

396 2033 790 2088 nmltabantnr.
824 2033 1028 2087 Interea
1061 2033 1395 2101 picntissima
1446 2025 1536 2082 Dei
1585 2039 1776 2083 natura
1813 2027 1972 2095 puni-

401 2119 603 2172 tioncm
634 2118 907 2189 Aigyptiis
941 2120 1285 2189 inlligcndam
1321 2117 1499 2171 diﬂert
1533 2135 1546 2169 :
1580 2117 1685 2169 alia
1715 2132 1842 2170 vero
1877 2130 1971 2168 ra-

401 2213 545 2265 tione
569 2213 819 2281 castigat,
844 2223 894 2265 et
914 2213 1162 2280 corripit,
1200 2212 1326 2263 dum
1359 2225 1471 2262 rem
1508 2207 1802 2276 inanimem
1841 2205 1971 2274 (sci-

397 2303 525 2357 liCet
569 2304 790 2373 Nilum)
853 2305 1201 2372 corrumpit,
1260 2317 1324 2355 ac
1369 2300 1643 2369 percutit:
1674 2313 1767 2365 per
1809 2310 1972 2365 quam

397 2393 616 2463 quidem
653 2393 728 2447 illi
774 2404 828 2448 et
870 2395 1034 2449 caedis
1085 2405 1137 2447 et
1186 2391 1476 2461 impietatis
1511 2390 1562 2442 iu
1597 2387 1765 2441 Deum
1797 2389 1974 2442 scelus

398 2495 802 2553 perpetrarunt.

475 2577 530 2629 Si
570 2577 695 2646 quis
729 2586 908 2631 autem
945 2592 1112 2646 aquas
1150 2591 1244 2645 per
1276 2576 1582 2629 universam
1613 2573 1829 2644 Egypti
1869 2581 1976 2625 ler-

402 2655 518 2720 ram
554 2669 605 2720 in
630 2668 912 2736 sanguinis
932 2667 1291 2721 substantiam
1317 2681 1610 2719 conversas
1632 2663 1974 2725 concederet,

399 2773 470 2812 ne
509 2758 613 2811 hoc
648 2742 866 2828 quidem
917 2768 1075 2829 pacto
1123 2758 1337 2812 difﬁcile
1378 2756 1550 2810 fuisse
1581 2756 1861 2825 arguitur,
1921 2761 1978 2806 ut

400 2837 777 2921 ngyptiorum
813 2854 1238 2921 praestigiatores
1289 2866 1386 2920 per
1439 2865 1599 2904 suum
1653 2849 1977 2902 malelicium

399 2928 716 3003 viderentur
738 2946 974 2998 divinam
1009 2945 1378 3014 operationem
1407 2943 1674 2997 annulati.
1707 2941 1977 3006 Quoniam

2049 469 2180 520 τίων
2225 463 2588 518 ὲκὸεδώκασι*
2631 481 2650 514 ι
2685 462 2806 515 Τῶν
2836 459 3122 530 ποταμίων
3171 458 3388 511 ὑδάτων
3427 457 3464 525 ή
3515 455 3656 521 πρὸς

2053 553 2192 628 αἷμα
2256 557 2406 626 παρὰ
2455 555 2699 618 Μωσέως
2770 555 2864 607 καὶ
2914 552 3125 622 Ἀαρὼν
3171 551 3428 619 ἐγεγόνει
3489 565 3660 617 μετα-

2059 650 2214 719 σολή.
2248 667 2269 700 ι
2743 630 2750 637 ’

2127 755 2297 808 Τοῦτο
2340 755 2446 824 γὰρ
2483 754 2543 806 τὸ
2585 751 2806 822 εΰλογον
2851 751 3235 818 συνεπάγεται,
3265 749 3361 802 τὸν
3398 747 3654 818 ποταμὸν

2062 847 2347 919 βδελυκτὸν
2377 846 2651 914 γενέσθαι,
2680 847 2772 898 καὶ
2794 843 3220 912 λελυμασμένον,
3248 843 3344 894 καὶ
3370 843 3657 911 ἄχρηστον

2060 938 2287 1000 ἐκεῖνον,
2324 939 2382 990 ὃν
2422 938 2483 991 τὸ
2526 937 2840 1005 Αἰγυπτίων
2889 936 3039 998 ἔθνος
3081 936 3213 987 Θεὸν
3262 932 3655 1002 ὲπωνόμαζον,

2066 1031 2427 1101 καρποδότην,
2465 1030 2560 1082 καὶ
2610 1028 2872 1097 ζωοδότην
2910 1026 3241 1090 θειάζοντες,
3280 1026 3380 1078 κοῦ⁸
3411 1027 3474 1075 ὲν
3503 1016 3551 1089 ᾧ
3591 1023 3659 1075 τὰ

2061 1123 2170 1177 τῶν
2223 1121 2574 1193 Ἰσραηλιτῶν
2625 1120 2799 1190 βρέφη
2865 1120 3265 1190 ὲναπέρριπτον
3317 1115 3662 1169 ἀποκτίννυο

2067 1215 2212 1269 σθαι.
2259 1215 2416 1268 Ἐὁόα
2448 1214 2556 1281 γὰρ
2589 1213 2862 1290 κᾴκείνων
2890 1211 2950 1263 τὸ
2983 1207 3119 1280 αἷμα
3144 1210 3251 1263 ἀπὸ
3280 1209 3396 1261 τῶν
3425 1209 3660 1272 ὑδάτων,
3713 1211 3716 1215 ’

2064 1305 2254 1376 ὥσπερ
2284 1308 2378 1360 καὶ
2406 1303 2498 1357 τοῦ
2531 1302 2697 1356 Ἀὅελ
2733 1301 2841 1354 ἀπὸ
2879 1300 2982 1370 τῆς
3024 1301 3149 1368 γῆς.
3187 1300 3334 1351 Ἔδει
3373 1297 3495 1367 γὰρ
3534 1297 3660 1359 τοὺς

2065 1395 2399 1463 Αἰγυπτίους
2430 1395 2620 1456 ποινὰς
2649 1392 2828 1445 δοῦναι
2868 1392 2967 1460 τῆς
3002 1407 3060 1443 τε
3098 1388 3483 1457 δυσσεὸοὑσης
3539 1387 3659 1440 θεο-

2069 1487 2356 1550 πλαστίας,
2387 1487 2456 1543 ,δι’
2490 1481 2558 1557 ἧς
2605 1485 2666 1537 τὸ
2726 1484 2868 1553 ὕδωρ
2903 1483 3005 1534 καὶ
3047 1481 3263 1551 μυρίοις
3307 1479 3522 1532 πάθεσι
3569 1479 3661 1532 καὶ

2069 1580 2298 1650 φθοραῖς
2351 1567 2730 1648 ὑποκείμενον,
2761 1576 2858 1645 τῆς
2903 1575 3072 1629 ἀϊδίου
3113 1575 3208 1626 καὶ
3271 1571 3530 1634 ἀπαθοῦς
3570 1574 3660 1625 καὶ

2069 1661 2372 1742 ἀρῥεύστου
2411 1669 2626 1736 φύσεως
2659 1665 2980 1751 παρετίθετο
3006 1664 3116 1733 (51)
3156 1662 3400 1732 ἀξίωμα,
3441 1663 3538 1714 καὶ
3583 1658 3662 1723 οἷς
3755 1713 3776 1730 _.

2069 1763 2135 1814 δι’
2170 1760 2350 1813 αὐτῶν
2394 1759 2504 1811 τῶν
2546 1757 2855 1811 ἀνευθύνων
2897 1755 3115 1826 βρεφῶν
3143 1754 3522 1824 ἐπαλαμῶντο
3565 1754 3662 1821 τὴν

2073 1851 2387 1922 μιαιφονίαν
2407 1868 2420 1882 ο
2471 1850 2552 1902 ὅτι
2596 1848 2862 1919 προῆλθον
2893 1849 2973 1910 εἰς
3013 1846 3149 1915 φῶς,
3182 1847 3324 1898 κατὰ
3356 1843 3466 1897 τοῦ
3498 1846 3660 1914 νόμου

2069 1945 2168 2012 τῆς
2200 1942 2416 2011 φύσεως
2445 1941 2609 1994 αὐτοῦ
2649 1939 2743 1994 τοῦ
2777 1939 2955 2014 φωτὸς
2996 1941 3094 2010 τὴν
3125 1939 3506 2008 ἀποστέρησιν
3553 1941 3660 1989 είσ-

2071 2035 2437 2105 πραττόμενοι
2484 2033 2663 2103 δίκην.
2708 2033 2772 2084 Ἠ
2811 2032 2868 2084 δὲ
2904 2031 3282 2101 φιλάνθρωπος
3320 2032 3495 2099 φύσις
3532 2030 3663 2092 τέως

2076 2129 2172 2198 μὲν
2207 2126 2566 2179 ἀναϐάλλεται
2593 2124 2690 2195 τὴν
2714 2126 2790 2186 είς
2825 2121 3146 2194 ἀνθρώπους
3168 2123 3472 2192 τιμωρίαν’
3507 2121 3661 2173 κολα-

2074 2222 2154 2285 ζει
2182 2220 2258 2278 δὲ,
2295 2220 2389 2272 καὶ
2416 2217 2662 2271 παιδεύει
2688 2217 2886 2285 τρόπον
2913 2215 3088 2278 ἄλλον,
3120 2214 3547 2282 λυμαινόμενος,
3571 2211 3660 2262 καὶ

2078 2311 2353 2382 μαστίζων
2382 2311 2444 2364 τὸ
2489 2301 2698 2380 ’ἄψυχον
2730 2325 2743 2339 ·
2774 2306 2842 2360 δι’
2865 2302 3033 2376 οὗπερ
3063 2308 3310 2368 ἐκείνοις,
3342 2307 3445 2358 καὶ
3476 2305 3539 2357 τὸ
3566 2305 3660 2372 τῆς

2077 2405 2391 2474 μιαιφονίας
2419 2403 2572 2470 ἄγος,
2603 2404 2697 2455 καὶ
2729 2401 2828 2472 τῆς
2868 2401 2948 2465 είς
2982 2400 3114 2454 Θεὸν
3148 2395 3662 2460 δυσσεϐείαςὲτολ-

2079 2497 2225 2568 μήθη
2258 2497 2319 2549 τὸ
2341 2495 2668 2566 ἁνοσιούργη
2681 2510 2773 2564 μα.

2149 2589 2210 2641 Εἰ
2256 2589 2313 2640 δὲ
2360 2590 2632 2666 συγχωροῖ
2674 2603 2761 2649 τις
2796 2586 2866 2639 τὰ
2897 2584 3000 2640 ἀνὰ
3028 2586 3209 2637 πᾶσαν
3247 2582 3351 2652 γῆν
3379 2578 3658 2647 Αἰγύπτου

2079 2679 2250 2732 ὕδατα
2295 2682 2372 2742 εἰς
2419 2679 2608 2732 οὐσίαν
2656 2678 2889 2747 αἵματος
2932 2675 3518 2745 μεταστοιχειωθῆναι,
3557 2669 3660 2723 οὐδ’

2078 2773 2220 2827 οὕτω
2247 2774 2537 2827 δείκνυται·
2556 2773 2759 2842 ἄπορον
2780 2771 2840 2823 τὸ
2867 2771 3104 2832 καὶτοὺς
3132 2770 3332 2838 γόητας
3361 2766 3477 2818 τῶν
3501 2766 3660 2830 Αἰγυ-

2081 2867 2252 2918 πτίων
2293 2865 2392 2936 τὴν
2441 2863 2728 2932 θεουργίαν
2778 2860 3193 2932 ἐκμιμήσασθαι
3233 2859 3381 2922 δόξαι
3428 2858 3519 2909 διὰ
3567 2856 3658 2921 τῆς

2081 2958 2438 3026 κακουργίας.
2480 2956 2633 3008 Ἐπεὶ
2659 2956 2768 3026 γὰρ
2798 2955 3092 3024 προείρητο
3143 2954 3240 3023 μὲν
3271 2951 3347 3020 τῷ
3383 2951 3577 3005 Μωσεῖ
3602 2947 3657 2998 τὸ

397 3037 543 3091 enim
582 3037 884 3105 prodigium
914 3033 1524 3105 przeuunliaratllloses,
1551 3033 1761 3086 Pharao
1791 3043 1971 3086 autem

2089 3049 2285 3118 θαῦμα,
2322 3048 2683 3119 ᾐσθάνετο-δὲ
2723 3049 2750 3101 ὃ
2790 3048 2848 3100 τε
2878 3046 3098 3116 Φαραὼ,
3129 3046 3222 3098 καὶ
3259 3045 3308 3096 οἱ
3346 3044 3464 3097 τῶν
3497 3043 3658 3115 Λίγυ-

399 3139 656 3197 expertus
697 3129 911 3191 fuerat,
959 3137 1013 3182 et
1054 3126 1430 3197 Egyptiormn
1492 3126 1860 3178 incantatores
1909 3138 1977 3176 ex

400 3222 568 3290 virgae
604 3221 655 3273 in
684 3231 993 3290 serpentem
1016 3220 1317 3272 mutatione
1341 3218 1385 3247 “
1417 3229 1804 3286 cognoverant,
1835 3216 1978 3283 quod

401 3313 755 3366 comminatio
803 3313 866 3364 ad
915 3321 1169 3365 eventum
1208 3311 1607 3365 essetomnino
1640 3309 1980 3375 proxchcnda

404 3402 574 3472 (quod
603 3405 746 3457 cnim
775 3405 887 3472 jam
919 3404 1119 3456 factum
1159 3412 1294 3468 erat,
1328 3403 1403 3475 rei
1445 3401 1705 3455 faciendae
1740 3403 1983 3455 testimo-

405 3495 552 3548 niuzu
586 3495 902 3562 perhibebat
929 3513 942 3548 :
975 3494 1262 3548 studebant
1293 3505 1471 3548 autem
1497 3495 1531 3547 ii
1563 3509 1669 3547 non
1696 3494 1862 3547 videri
1889 3499 1984 3562 per

405 3601 534 3639 suas
569 3585 1000 3638 machinationes
1050 3583 1337 3654 minores)
1371 3604 1384 3639 :
1423 3601 1546 3639 cum
1629 3585 1982 3654 probabiliter

404 3685 649 3738 nossent,
684 3677 826 3743 quod
864 3677 953 3729 illc
979 3692 1150 3743 aquas
1183 3678 1285 3730 sub
1314 3677 1428 3738 dio,
1480 3677 1807 3745 ubicumque
1839 3676 1984 3730 exsi-

407 3774 646 3823 sterent.
679 3775 825 3820 esset
877 3777 1322 3836 permutaturus;
1365 3767 1528 3820 simul
1561 3783 1623 3820 ac
1659 3767 1982 3821 miraculum

406 3859 623 3927 quidem
655 3859 1076 3927 praenuntiatum
1107 3869 1244 3923 erat,
1296 3860 1388 3914 sed
1437 3859 1528 3912 Dei
1565 3861 1810 3928 operatio
1845 3875 1984 3912 non-

408 3941 532 4002 dum
564 3950 876 4020 prodierat;
921 3961 1123 4005 tantam
1157 3967 1314 4019 aqua:
1337 3951 1694 4022 quantitatem
1729 3945 1986 4005 haurien-

409 4053 509 4106 tes,
540 4053 741 4112 quanta
761 4045 1051 4099 obicienda:
1084 4044 1326 4098 illusioni
1359 4045 1493 4098 satis
1511 4056 1650 4108 erat,
1673 4059 1792 4097 eam
1816 4052 1868 4097 et
1888 4059 1986 4112 ap-

337 4168 342 4174 -
407 4144 690 4203 pararunt,
717 4143 772 4189 et
800 4145 1164 4205 seposuerunt
1194 4153 1208 4190 :
1237 4146 1292 4190 ut
1321 4153 1444 4190 eum
1469 4151 1607 4204 opus
1636 4121 1800 4198 e'sset,
1830 4136 1988 4204 aquis

409 4223 689 4278 abundare
744 4224 1097 4285 viderentur,
1155 4225 1355 4292 quibus
1407 4225 1644 4279 colorem
1703 4225 1987 4292 sanguinis

409 4315 740 4370 asciscenles
767 4358 782 4381 ,
828 4316 1201 4370 incredibilem
1262 4316 1459 4370 divinze
1500 4315 1836 4385 operationis
1864 4316 1985 4386 glo-

411 4408 545 4458 riam
579 4423 674 4475 per
709 4408 853 4462 falsa
885 4409 1191 4467 illusionem
1234 4409 1638 4463 imminuerent.

480 4497 736 4570 Nonnulli
769 4509 948 4553 autem
983 4501 1357 4564 allirmaruut,
1406 4501 1552 4569 quod
1587 4515 1696 4570 quo
1743 4510 1986 4570 tempore

413 4589 587 4644 Moses
627 4591 868 4645 ﬂuviales
918 4607 1090 4660 aquas
1145 4593 1198 4645 in
1239 4593 1561 4659 sanguinem
1609 4596 1983 4659 convertebat,

414 4682 576 4734 simul
603 4682 925 4735 adessentet
957 4682 1059 4749 ipsi
1098 4683 1358 4738 falsitatis
1389 4685 1672 4738 molitores
1700 4700 1799 4739 sua
1827 4684 1987 4738 adhi-

416 4771 605 4824 bentes
635 4772 931 4834 maleficia;
983 4782 1038 4826 et
1092 4775 1236 4844 quod
1286 4775 1520 4829 maxima
1561 4776 1778 4845 quidem
1836 4791 1989 4843 aqua

418 4878 542 4930 pars
573 4863 738 4918 Mosis
769 4866 1017 4935 prodigio
1045 4866 1334 4922 inserviret
1359 4907 1372 4929 ,
1422 4882 1531 4920 non
1585 4882 1746 4936 parva
1807 4876 1987 4924 autem

415 4954 484 5006 ad
517 4969 794 5020 magorum
831 4972 983 5010 nsum
1009 4967 1155 5011 esset
1189 4969 1491 5029 segregata.
1518 4958 1585 5012 At
1615 4973 1742 5012 vero
1781 4960 1881 5013 hoc
1908 4969 1991 5014 est

417 5052 470 5095 et
507 5045 745 5097 historia:
775 5036 1142 5113 contrarium;
1166 5057 1221 5102 et
1273 5049 1501 5102 tnirilica
1558 5051 1992 5118 sapientissima-

418 5147 524 5201 que
547 5119 715 5188 Mos‘is
745 5136 1031 5204 prudentia
1054 5124 1360 5214 indignum
1387 5155 1401 5204 ;
1439 5139 1565 5207 quia
1604 5149 1657 5194 et
1689 5139 1994 5196 infcnsissi-

419 5241 569 5279 mum
601 5227 972 5283 adversarium
1004 5226 1332 5286 reddidisset
1365 5231 1582 5284 virtutis
1614 5246 1729 5285 suae
1761 5248 1993 5287 consor-

421 5321 552 5381 tem,
595 5334 657 5374 ac
682 5322 1039 5392 participem,
1095 5333 1154 5395 et.
1205 5339 1330 5378 cum
1385 5323 1824 5378 irreconciliabili
1870 5339 1993 5380 sese

492 5454 536 5482 "
571 5453 705 5507 Gen.
734 5471 806 5522 τι,
841 5456 930 5512 l0.

2081 3140 2253 3193 πτίων
2309 3140 2550 3212 ἐπαοιδοὶ
2603 3141 2666 3192 ἐκ
2706 3141 2804 3210 τῆς
2847 3138 2991 3192 κατὰ
3033 3138 3133 3207 τὴν
3174 3136 3368 3206 ῥάϐδον
3419 3136 3502 3196 εἰς
3543 3134 3658 3200 ὅφιν

2084 3231 2387 3303 μεταϐολῆς
2415 3231 2654 3302 ᾔδεισαν,
2693 3233 2770 3294 ὡς
2815 3233 2896 3294 είς
2938 3223 3100 3302 ἔργον
3133 3232 3165 3299 ἡ
3202 3229 3406 3298 ἀπειλὴ
3449 3214 3660 3285 πάντως

2080 3329 2430 3398 προχωρήσει
2463 3326 2544 3394 (τὸ
2573 3325 2681 3396 γὰρ
2723 3325 2822 3396 ἤδη
2857 3323 3194 3393 προγεγονὸς
3233 3321 3326 3375 τοῦ
3357 3315 3656 3388 γενησομέ-

2081 3437 2172 3474 νου
2221 3418 2495 3489 μαρτυρία
2527 3414 2594 3487 ἦν
2617 3435 2632 3450 ο
2669 3417 2926 3470 ἔσπευδον
2963 3416 3020 3469 δὲ
3047 3415 3289 3468 κάκεῖνοι
3323 3413 3400 3484 μὴ
3431 3410 3658 3479 φανῆναι

2080 3513 2199 3573 ταῖς
2237 3509 2663 3579 μηχανουργίαις
2711 3509 3010 3575 ἐλάττους),
3057 3507 3283 3568 εἰκότως
3317 3506 3540 3566 εἰδότες,
3588 3500 3656 3561 ὡς

2081 3603 2148 3654 τὰ
2186 3601 2462 3668 πανταχοῦ
2493 3601 2595 3668 τῆς
2622 3602 2724 3669 γῆς
2756 3601 2924 3654 ὕδατα
2948 3599 3191 3670 ὕπαιθρα
3219 3600 3298 3660 εἰς
3327 3591 3472 3668 αἷμα
3506 3609 3659 3665 μετα-

2084 3692 2268 3745 ϐάλλει
2292 3709 2306 3722 ο
2339 3691 2432 3744 τοῦ
2484 3690 2760 3753 θαύματος
2799 3691 2896 3760 μὲν
2921 3691 3021 3761 ἠδη
3051 3688 3368 3758 λεγομένου,
3424 3685 3572 3740 οὔπω
3604 3681 3656 3733 δὲ

2082 3783 2180 3851 τῆς
2213 3781 2504 3852 θεουργίας
2534 3780 2920 3851 προελθούσης,
2944 3779 3246 3850 τηνικαῦτα
3269 3777 3442 3832 ὕδατα
3468 3773 3658 3846 ἀρυσάο

2089 3889 2260 3941 μενοι,
2289 3873 2390 3925 ὅσα
2420 3871 2622 3925 δυνατὰ
2648 3871 2969 3942 παραδεῖξαι
2997 3871 3096 3942 τὴν
3125 3869 3428 3939 φαντασίαν
3455 3865 3549 3919 τοῦ
3575 3879 3656 3915 σο-

2087 3964 2376 4034 φίσματος,
2413 3962 2949 4034 προπαρασκεύασάν
2971 3980 3050 4026 τε,
3081 3963 3175 4015 καὶ
3207 3960 3556 4014 ὲναπέθεντο’
3589 3953 3657 4014 ὡς

2089 4055 2155 4109 ἂν
2182 4059 2239 4109 ἐν
2264 4055 2343 4126 τῷ
2366 4055 2545 4126 καιρῷ
2569 4057 2669 4125 τῆς
2695 4057 2885 4127 χρείας
2913 4053 3272 4124 εὐποροῦντες
3303 4053 3522 4120 ὀφθεῖεν
3547 4047 3658 4100 ὑδά-

2089 4163 2220 4210 των,
2272 4142 2353 4210 οἷς
2405 4147 2466 4199 τὸ
2513 4149 2710 4217 χρῶμα
2757 4147 2851 4200 τοῦ
2901 4147 3133 4215 αἵματος
3182 4144 3555 4215 περιθέμενοι,
3601 4136 3660 4188 τὸ

2092 4238 2397 4308 παράδοξον
2441 4239 2538 4309 τῆς
2567 4238 2856 4309 θεουργίας
2891 4241 2958 4309 τῇ
3004 4227 3274 4308 φαντασίᾳ
3316 4236 3414 4289 τοῦ
3448 4230 3658 4304 ψεύδους

2094 4327 2478 4382 ἐλαττώσουσι.
2531 4346 2536 4350 ·

2159 4504 2282 4556 Τισὶ
2309 4503 2365 4557 δὲ
2395 4505 2631 4574 εἴρηται,
2669 4504 2745 4566 ὡς
2769 4503 2863 4556 τοῦ
2903 4502 3152 4565 Μωσέως
3181 4493 3655 4577 παραδοξοποιοῦν-

2087 4609 2180 4656 τος
2201 4592 2262 4645 τὸ
2293 4593 2559 4662 ποτάμιον
2591 4583 2746 4660 ὕδωρ
2768 4584 2846 4655 είς
2885 4587 3025 4662 αἷμα
3058 4593 3200 4645 κατὰ
3239 4592 3330 4644 τὸν
3359 4590 3522 4643 αὑτὸν
3545 4599 3654 4638 και-

2092 4684 2182 4754 ρὸν
2221 4685 2591 4754 συμπαρῆσαν
2637 4685 2730 4736 καὶ
2775 4685 2824 4735 οί
2863 4683 2957 4735 τοῦ
2986 4683 3216 4752 ψεύδους
3268 4681 3518 4751 σοφισταὶ
3549 4675 3655 4734 ταῖς

2089 4775 2317 4837 οἰκείαις
2343 4775 2617 4845 χρώμενοι
2648 4773 3056 4843 κακοτεχνίαις·
3089 4773 3184 4826 καὶ
3210 4772 3271 4825 τὸ
3299 4772 3403 4841 μὲν
3429 4771 3656 4824 πλεῖστον

2094 4867 2188 4919 τοῦ
2205 4857 2207 4861 ’
2227 4866 2418 4930 ὓδατος
2443 4866 2536 4920 τοῦ
2556 4857 2803 4929 ’Μωσέως
2829 4866 3155 4934 ὑπηρετεῖτο
3177 4865 3254 4934 τῷ
3286 4864 3540 4933 θαύματι.
3569 4855 3654 4908 οὒκ

2034 5023 2039 5027 ι
2096 4958 2274 5027 ὀλίγον
2303 4959 2360 5011 δὲ
2399 4958 2592 5012 τούτου
2635 4959 2727 5010 καὶ
2759 4960 2824 5027 τῇ
2868 4957 2975 5009 τῶν
3015 4958 3205 5027 μάγων
3245 4956 3406 5026 χρείᾳ
3441 4960 3655 5020 συγκατ-

2090 5053 2398 5126 εμερίζετο.
2441 5052 2599 5106 Ἀλλὰ
2647 5051 2758 5122 γὰρ
2801 5049 2958 5103 τοῦτο
3004 5050 3135 5122 παρ’
3170 5049 3412 5117 ἱστορίαν
3451 5046 3518 5101 τέ’
3549 5043 3651 5093 ἔστι

2091 5145 2290 5212 λέγειν.
2322 5144 2419 5198 καὶ
2445 5145 2555 5214 τῆς
2576 5145 2634 5196 ἐν
2665 5141 2740 5212 τῷ
2769 5142 2956 5212 Minas?
2983 5139 3383 5212 μεγαλουργοῧ,
3415 5138 3506 5193 καὶ
3529 5147 3651 5185 παν·

2095 5235 2260 5302 σόφου
2292 5235 2544 5306 προνοίας
2571 5232 2811 5298 ἀνάξιον,
2843 5233 2939 5285 καὶ
2965 5233 3250 5302 δυνάμεως
3274 5229 3542 5288 κοινωνὸν,
3571 5219 3651 5275 καὶ

2097 5327 2325 5398 μεσίτην
2360 5329 2532 5381 ποιεῖν
2589 5308 2680 5379 τὸν
2729 5323 3160 5395 πολεμιώτατον,
3213 5326 3309 5378 καὶ
3350 5315 3651 5394 ὁμόσπονδον

1925 5551 2162 5609 NOTAE.

509 5697 620 5767 (3|)
655 5699 1025 5770 Παρατίθεντο
1072 5701 1328 5774 legeram,
1363 5703 1455 5758 sed
1499 5700 1716 5772 patebat
1754 5718 1924 5757 error.
