3864 6218
420 264 528 327 233

1585 218 1851 316 Pno'rn
1891 253 2396 314 PA'l'R'tAhCIl/E
2426 253 2536 313 cr.

3604 261 3697 326 ω

423 370 730 429 Pharaonis
759 385 856 426 eor
891 367 1186 434 indurare,
1239 364 1386 436 quod
1417 404 1433 430 ,
1474 364 1605 421 dum
1651 364 2013 421 contumaciae

2124 362 2344 431 καρδίαν
2373 360 2597 434 Φαρατὶ),
2628 360 2710 415 ὅτι
2739 363 3126 434 μακροθυμῶν.
3148 366 3236 418 ἐπ’
3266 365 3426 438 αὖτῷ
3446 369 3597 438 κατά
3619 375 3698 423 τὸν

427 462 674 535 tempore
704 477 828 516 eum
868 460 1139 531 patienter
1169 457 1553 528 exspectabat,
1587 467 1642 511 et
1674 471 1778 512 nec
1807 455 2006 524 ipsum,

427 573 530 612 nec
579 555 752 625 ipsius
797 561 1014 624 gentem
1047 565 1201 619 aeque
1226 550 1566 620 pervicacem
1611 548 1858 602 funditus
1887 563 2010 625 per-

427 624 628 710 debat,
687 660 879 716 poenas
917 652 1100 698 autem
1144 642 1423 712 irrogabat
1473 642 1743 705 leniores;
1801 624 2008 693 tantam

427 742 479 795 ei
518 754 708 795 ansam
743 735 1095 806 su’perbieudi
1128 735 1452 804 praebuerit,
1481 743 1540 788 ut
1570 733 1824 787 mandata
1874 738 2012 786 con-

380 881 387 886 .
430 838 719 886 temneret.
739 828 876 882 Cum
899 827 1044 880 enim
1069 825 1160 880 ille
1187 836 1240 879 et
1262 824 1354 879 Dei
1377 825 1637 894 patientia
1664 823 2012 878 occasionem

431 910 698 989 augendae
737 935 849 973 sua:
877 916 1268 971 obstinationis
1323 927 1377 970 et
1404 916 1676 971 vecordiae
1724 915 2011 985 arriperet,

433 1029 463 1066 a
493 1014 604 1066 Deo
626 1012 830 1064 dicitur
856 1009 1028 1063 fuisse
1060 1009 1386 1074 obduratus;
1418 1009 1642 1078 perinde
1671 1023 1735 1063 ac
1759 1008 2012 1062 si‘divina

434 1105 723 1159 clementia
749 1103 1082 1172 pertinacem
1122 1101 1220 1169 ipsi
1245 1101 1512 1165 animum,
1545 1112 1597 1155 et
1625 1101 1902 1155 crudelem
1933 1101 2016 1154 itt-

432 1201 623 1259 deret.
657 1209 710 1251 et
739 1193 1154 1266 quodammodo
1188 1209 1341 1247 suam
1370 1193 1438 1248 ad
1468 1195 1570 1249 hoc
1605 1209 1828 1264 operam
1884 1208 2018 1248 con-

434 1290 625 1345 ferret.

504 1387 572 1436 At
612 1382 755 1435 enim
788 1382 946 1434 istam
978 1380 1082 1435 loci
1125 1377 1288 1442 bujus
1317 1377 1824 1446 interpretationem
1857 1375 2015 1430 multi

434 1476 653 1539 quidem
689 1472 968 1528 inoﬂ‘ensis
999 1473 1227 1525 auribus
1253 1472 1576 1540 excipiunt,
1628 1484 1857 1538 eamque
1894 1483 2017 1523 ver-

433 1569 628 1621 borum
660 1565 1081 1634 explicationem
1127 1564 1202 1617 uti
1242 1563 1387 1632 piam
1416 1563 1822 1630 amplectuntur
1853 1579 1867 1614 :
1899 1560 2016 1615 for.-

431 1671 576 1713 tasse
607 1673 733 1712 vero
766 1659 818 1710 in
855 1659 998 1710 bane
1045 1672 1152 1709 non
1206 1656 1420 1725 planam
1470 1654 1623 1708 dubii
1678 1653 2009 1710 solutionem

2114 453 2304 522 καιρὸν
2329 455 2428 524 τῆς
2455 454 2758 518 ἀπειθείας,
2793 455 2889 508 καὶ
2912 457 3050 528 μήτ’
3071 458 3256 523 αὐτὸν,
3291 462 3533 532 μήτειτδ
3561 461 3696 528 ἔθνος

2115 547 2538 610 συναπείθοντας
2579 547 2929 620 πανωλεθρίᾳ
2979 550 3328 620 παραδιδοὺς,
3391 551 3696 624 φιλανθρωο

2114 639 2342 711 πότερον
2383 639 2584 703 sane;
2615 639 2885 710 τιμωρίας
2931 641 3178 709 ἀπάγων,
3227 645 3526 715 παρέσχεν
3558 646 3694 716 αὐτῷ

2113 733 2298 788 ἄδειαν
2325 733 2626 811 ὑπεροψίας
2646 774 2660 799 ,
2695 733 2839 788 ὥστε
2867 735 2978 789 τῶν
3007 738 3516 808 προσταττομένων
3563 742 3698 809 ὀλιγ-

2113 829 2298 898 ωρεῖν.
2321 828 2364 878 Τ
2368 829 2568 899 ὴν·γὰρ
2587 826 2680 880 τοῦ
2705 826 2841 880 Θεοῦ
2871 829 3256 900 μακροθυμίαν
3284 831 3556 901 ἀφορμὴν
3578 833 3698 886 ἐκεῖ·

2097 936 2204 982 ¹νος
2238 918 2563 989 ποιούμενος
2591 919 2838 987 μείζονος
2859 911 3140 984 ἀπειθείας
3168 939 3249 985 τε,
3289 923 3387 974 καὶ
3417 923 3695 989 ἀπονοίας,

2117 1009 2521 1080 σκληρυνθῆναι
2551 1011 2768 1078 λέγεται
2800 1012 2950 1082 παρά
2977 1012 3115 1065 Θεοῦ
3150 1027 3166 1043 ο
3192 1009 3284 1066 οἷα
3316 1013 3376 1066 δέ
3415 1014 3521 1083 τῆς
3556 1013 3696 1078 θείας

2116 1101 2525 1173 φιλανθρωπίας
2573 1104 2634 1157 τὸ
2679 1104 2904 1167 ἀπειθὲς
2942 1103 3114 1176 αὐτῷ,
3169 1105 3266 1159 καὶ
3311 1105 3698 1176 μισάνθρωπον

2117 1190 2547 1267 συνενδιδούσης,
2575 1198 2669 1252 καὶ
2694 1198 2901 1252 τοόπον
2927 1197 3050 1252 τινὰ
3078 1199 3694 1270 συγκατεργαζομὲνης.

2187 1378 2348 1431 Ἀλλά
2379 1378 2488 1449 γὰρ
2533 1379 2736 1450 ⁴ταύτην
2772 1380 2869 1450 τὴν
2915 1380 3139 1452 ἐκδοχὴν
3177 1381 3274 1435 τοῦ
3310 1381 3488 1450 λόγου
3521 1381 3698 1435 πολλοὶ

2120 1470 2218 1542 μὲν
2252 1471 2386 1540 ἀκοῇ
2422 1470 2623 1540 ἀλύπῳ·
2653 1471 3062 1540 προσδέχονται,
3117 1472 3210 1524 καὶ
3251 1471 3326 1535 ὡς
3364 1472 3696 1524 εὐσεϐοῦσιν

2119 1563 2589 1632 περιπτύσσονται
2630 1563 2729 1633 τὴν
2779 1563 2887 1616 τῶν
2919 1565 3182 1634 ῥημάτων
3216 1562 3533 1627 ἀνάπτυξιν
3556 1579 3570 1594 ·
3611 1565 3697 1616 οὐκ

2118 1653 2351 1724 εθπορον
2376 1652 2420 1706 δ’
2439 1654 2504 1707 ἄν
2527 1669 2610 1716 τις
2637 1651 2768 1715 ἴσως
2783 1652 3181 1722 ἀνθυποφέρειν
3204 1653 3513 1722 παρέχεται
3533 1652 3692 1706 λύσιν.

429 1749 702 1816 quispiam
737 1756 916 1814 potest
945 1719 1249 1816 insurgere.
1281 1746 1348 1800 Et
1397 1745 1616 1814 quidem
1653 1743 1794 1798 Deus
1825 1746 2012 1814 plagas

2124 1748 2229 1798 Καὶ
2259 1719 2392 1816 ’μὴν
2419 1748 2446 1798 ὁ
2485 1745 2616 1808 Θεὸς
2663 1747 2756 1809 τὰς
2783 1719 3077 1815 τιμωρίας-
3097 1719 3305 1813 ἐπῆγεν
3328 1719 3492 1813 ,Ποὺχ
3531 1744 3618 1797 ἶνα
3645 1744 3698 1797 τὸ
3750 1751 3754 1754 ’

430 1839 666 1909 Egypto
697 1857 810 1893 sua:
842 1838 1144 1910 inﬂigebat,
1183 1853 1291 1893 non
1340 1848 1397 1891 ut
1431 1838 1702 1906 patientia:
1747 1853 1861 1892 sua:
1894 1853 2010 1907 spe-

430 1935 608 1987 cimen
652 1933 942 2000 praeberet.
974 1931 1067 1985 sed
1103 1939 1162 1983 ut
1191 1929 1523 1994 Pharaonis,
1573 1930 1802 1999 ejusque
1845 1930 2010 1983 mini-

429 2031 681 2078 Strorum'
720 2022 1039 2094 retunderet
1071 2022 1344 2087 furorem,
1382 2031 1548 2090 atque
1599 2033 1660 2074 ut
1719 2022 2013 2076 intoleran-

430 2119 556 2170 dam
589 2119 891 2186 duramque
923 2115 1293 2172 lsraelitarum
1313 2118 1651 2171 vexationem
1673 2116 2011 2186 reprimeret.

430 2208 618 2278 Neque
667 2209 810 2264 Deus
857 2209 964 2263 sibi
1010 2217 1375 2279 proposuerat
1423 2207 1736 2280 Egyptiam
1793 2219 2010 2280 gentem

430 2308 696 2362 evertere,
737 2299 829 2354 sed
855 2297 1251 2362 aerum'narum,
1281 2308 1334 2354 ct
1358 2301 1780 2369 castigationum
1815 2301 2013 2356 timore

430 2388 661 2460 efﬁcere,
704 2399 760 2442 ut
799 2389 890 2442 iila
913 2404 1038 2458 erga
1071 2388 1328 2444 Hebraeos
1357 2390 1763 2445 misericordior
1820 2391 2015 2445 huma-

433 2482 668 2554 niorque
710 2483 882 2545 lieret,
911 2493 1073 2551 atque
1098 2482 1161 2536 ad
1189 2497 1285 2536 eos
1317 2479 1346 2535 a
1374 2485 1632 2536 servitute
1653 2521 1668 2546 ,
1701 2491 1756 2536 et
1787 2484 2016 2538 calami-

432 2581 543 2626 tate
571 2573 882 2627 liberandos
921 2572 1154 2638 facilius,
1185 2574 2012 2643 clementiusqueinduceretur.

431 2655 551 2716 Non
591 2678 721 2732 ergo
751 2663 868 2716 haec
896 2667 947 2716 in
979 2665 1204 2717 exordio
1237 2664 1506 2720 orationis
1543 2658 1707 2718 allata
1742 2665 2012 2734 interpre-

431 2754 568 2808 tatio
595 2755 717 2807 loco
749 2758 1028 2824 ιιι-(ηιοείιο
1064 2756 1323 2824 quadrat,
1358 2772 1533 2825 neque
1560 2757 1850 2811 verborum
1889 2773 2014 2813 sen-

433 2863 556 2901 sum
611 2863 713 2901 acu
763 2857 991 2921 tangens
1048 2849 1429 2904 inconcussam
1483 2849 1697 2905 obtinet
1737 2852 2012 2906 stabilita-

431 2949 540 2994 tem
572 2939 706 3008 (20).

502 3035 574 3086 At
605 3032 712 3086 diei
747 3033 954 3106 nequit,
983 3033 1126 3102 quod
1156 3022 1618 3102 rectiorejudicio
1643 3036 2005 3106 indigeamus,

433 3123 478 3178 si
513 3124 644 3177 illud
677 3141 690 3176 :
733 3143 750 3174 ι
788 3121 900 3192 Ego
949 3123 1221 3180 iudurabo
1254 3139 1350 3179 eor
1391 3116 1692 3182 Pharaonis
1744 3127 2012 3196 interpre-

435 3226 614 3269 temur
654 3218 755 3269 ltoe
787 3226 947 3284 pacto
983 3233 996 3269 :
1027 3230 1122 3268 cor
1146 3216 1259 3283 jam
1296 3217 1514 3279 durum,
1567 3227 1728 3287 atquc
1775 3220 2014 3274 indomi-

437 3317 553 3358 tum
608 3321 709 3384 ego
756 3306 927 3375 magis
989 3306 1339 3376 patefaciant,
1411 3309 1516 3362 isto
1569 3309 1704 3363 allici
1758 3311 1912 3375 vitio,
1962 3319 2018 3365 et

435 3413 610 3465 neque
643 3405 840 3476 morte,
878 3413 1054 3467 neque
1077 3399 1364 3468 sutipliciis
1396 3401 1812 3456 imminentibus
1847 3403 2020 3457 emol-

439 3487 548 3541 iiri.
586 3508 603 3538 δ
657 3489 960 3544 Enimvero
987 3490 1191 3546 duritia
1236 3492 1417 3546 cordis
1448 3493 1752 3549 Pharaonis
1791 3487 2019 3552 caetero-

439 3592 691 3647 rumque,
746 3579 837 3647 qui
889 3577 1012 3647 ejus
1050 3579 1294 3633 animum
1331 3580 1566 3633 aemulati
1627 3581 2018 3635 humanitatem

439 3684 564 3721 cum
627 3667 841 3722 feritate
895 3679 1320 3735 eonnnutarunt,
1371 3671 1626 3725 omnibus
1696 3681 2022 3727 ostensa.ct

437 3757 762 3812 denuntiata
804 3768 924 3824 est;
975 3760 1105 3812 dum
1166 3774 1236 3813 ne
1285 3766 1447 3820 tanta:
1480 3757 1723 3827 quidem,
1774 3760 2022 3828 talesque

438 3850 782 3906 calamitates
842 3850 1102 3905 duritiam
1158 3866 1390 3915 eorum,
1461 3859 1514 3904 et
1579 3850 2020 3919 oblirmationem

437 3943 711 4006 emollire,-
735 3949 900 4012 atque
924 3938 1310 4008 obcaecatiouis
1334 3947 1442 3996 vim
1466 3941 1680 3996 solvere
1703 3951 2020 4012 potuerunt.

439 4032 618 4102 Atque
664 4035 984 4102 priusquam
1035 4034 1243 4090 saevitie
1318 4045 1372 4089 et
1410 4034 1812 4089 inhumanitate
1851 4050 2024 4088 excae-

437 4135 661 4180 caretur
693 4124 999 4180 Pharaonis
1055 4128 1291 4192 animus,
1347 4127 1566 4197 patebat
1604 4127 1843 4197 quidem.
1877 4126 2024 4196 quod

440 4220 510 4272 ad
560 4218 892 4273 induendum
947 4220 1292 4274 clementiam
1339 4236 1443 4274 non
1494 4220 1879 4284 induceretur;
1930 4218 2024 4274 sed

442 4320 624 4364 tamen
699 4327 804 4364 non
864 4313 1126 4381 patebat,
1199 4312 1364 4380 quod.
1408 4311 1544 4366 adeo
1614 4311 1829 4377 durus,
1889 4314 2024 4366 adeo

2119 1841 2473 1910 μακρότῑυμον
2491 1837 2656 1912 αὐτοῦ
2683 1841 2959 1906 παραστῇ,
2987 1835 3104 1890 ἀλλ’
3131 1836 3218 1889 ἵνα
3238 1838 3336 1905 τὴν
3359 1835 3466 1888 τοῦ
3511 1835 3694 1906 Φαραὶ)
3725 1850 3739 1909 ς

2116 1933 2210 1984 καὶ
2237 1931 2344 1984 τῶν
2387 1930 2737 2001 θεραπόντων
2768 1928 3103 2000 αὑτοῦ-θραύ
3117 1945 3183 2003 σῃ
3221 1929 3449 1999 μανίαν,
3485 1929 3582 1981 καὶ
3607 1929 3692 1997 τὴν

2114 2023 2342 2092 ἄσχετον
2367 2024 2510 2075 κατὰ
2529 2022 2638 2073 τῶν
2661 2019 3035 2090 Ἰσραηλιτῶν,
3061 2021 3154 2072 καὶ
3177 2019 3386 2092 πικρὰν
3411 2017 3691 2087 diva-arsiin

2114 2111 2438 2182 κακουχίαν.’
2465 2112 2599 2165 Οὐδὲ
2624 2105 3136 2182 προηγούμενονῆν
3179 2109 3256 2180 τῷ
3306 2109 3433 2179 Θεῷ
3462 2109 3526 2160 τὸ
3545 2095 3693 2176 Αἱγύὲ

2117 2221 2272 2256 πτιον
2308 2201 2690 2258 καταναλῶσαι
2722 2202 2897 2269 γένος,
2934 2200 3068 2254 ἀλλά
3092 2199 3170 2270 τῷ
3200 2201 3351 2269 φόϐῳ
3383 2199 3502 2251 τῶν
3533 2215 3689 2268 τιμω-

2118 2294 2272 2364 ριῶν,
2309 2290 2402 2346 καὶ
2437 2292 2712 2354 κολάσεως
2751 2291 3224 2361 συμπαθέστερόν,
3258 2292 3353 2342 καὶ
3389 2288 3689 2359 φιλανθρω-

2117 2385 2346 2455 πότερον
2377 2383 2800 2455 παρασκευάσαι
2823 2382 3156 2436 διατίθεσθαι
3186 2381 3323 2452 πρδς
3344 2382 3443 2456 τὸν
3465 2379 3685 2449 Ἰσραὴλ,

2117 2479 2210 2530 καὶ
2235 2479 2332 2546 τῆς
2352 2477 2731 2547 αἰχμαλωσίας
2759 2475 2946 2539 αὐτοῦ,
2981 2476 3076 2527 καὶ
3113 2475 3501 2545 ταλαιπωρίας
3526 2471 3685 2526 ἀπαλ-

2116 2570 2286 2639 λαγὴν
2337 2569 2754 2637 εὐπειθέστερον
2785 2567 2992 2630 αὐτοῖς,
3044 2566 3138 2620 καὶ
3186 2565 3689 2635 φιλανθρωπότερον

2116 2661 2392 2726 δέξασθαι.
2425 2661 2634 2714 Οὐκοῦν
2662 2664 2689 2713 ὁ
2724 2661 2782 2726 ἐξ
2816 2661 2992 2732 ἀρχῆς
3026 2661 3128 2729 τῆς
3152 2658 3520 2725 ἀναπτύξεως
3546 2655 3684 2724 λόγος

2115 2754 2214 2822 τὴν
2243 2753 2448 2804 οἰκείαν
2493 2751 2762 2821 λαμϐάνει
2796 2751 2973 2816 τάξιν,
3011 2750 3106 2802 καὶ
3133 2752 3193 2802 τὸ
3227 2750 3416 2813 καλῶς
3475 2747 3686 2815 ἐστοχάδ

2117 2843 2242 2896 σθαι
2285 2845 2383 2913 τῆς
2429 2843 2536 2896 τῶν
2562 2843 2744 2914 ῥητῶν
2792 2843 3028 2906 διανοίας
3073 2843 3456 2896 ἀναπόϐλητον
3490 2840 3597 2911 ἔχει
3634 2837 3684 2889 τὸ

2118 2937 2543 3006 ἀπερίτρεπτον.
2835 2971 2841 2976 -

2195 3029 2308 3082 Οὐκ
2337 3027 2401 3080 ἂν
2432 3027 2488 3079 δὲ
2517 3027 2692 3095 λέγειν
2721 3027 2803 3095 εἴη
2850 3025 3086 3097 κρίσεως
3116 3024 3285 3096 ὀρθῆς
3318 3025 3680 3091 ἐνδεέστερον,

2114 3122 2190 3185 ώς
2217 3120 2298 3184 τὸ,
2334 3137 2351 3169 t
2394 3118 2535 3185 Ἐγὼ
2567 3118 2853 3188 σκληρυνῶ
2882 3118 2978 3187 τὴν
3015 3118 3244 3188 καρδίαν
3275 3116 3502 3193 (Papam,
3536 3136 3552 3166 ι
3583 3112 3684 3166 ἀντὶ
3710 3137 3712 3140 ·

2117 3213 2209 3266 τοῦ
2237 3229 2252 3245 ο
2280 3209 2530 3281 Σκληράν
2552 3205 2741 3274 οὖσαν,
2772 3209 2866 3261 κα⁴ι
2891 3209 3227 3278 ἀτεράμονα,
3263 3207 3472 3279 μᾶλλον
3503 3204 3682 3258 ἐπιδεί-

2119 3303 2194 3369 ξω
2217 3301 2376 3354 τοῦτο
2404 3300 2722 3369 πάσχουσαν
2749 3339 2764 3361 ,
2789 3299 2885 3351 καὶ
2908 3300 3045 3373 μῄτε
3071 3297 3325 3362 θανάτου,
3359 3299 3506 3368 μήτε
3536 3311 3685 3364 τιμω-

2123 3393 2253 3465 ριῶν
2309 3393 2585 3463 παρουσίᾳ
2634 3382 3080 3462 μαλασσομένην.
3136 3390 3400 3461 Καὶ,γὰρ
3455 3385 3681 3457 ἐπίδηλος

2122 3486 2322 3557 μᾶλλον
2359 3489 2391 3557 ἡ
2429 3486 2734 3555 σκληρότης
2765 3485 2863 3553 τῆς
2889 3484 3291 3555 Φαραωνίτιδος
3325 3484 3575 3553 καρδίας,
3604 3479 3682 3532 καὶ

2119 3580 2251 3643 τῶν,
2285 3581 2400 3632 ὅσοι
2447 3580 2584 3650 πρὶς
2623 3577 2721 3648 τὴν
2762 3577 2928 3630 αὑτοῦ
2972 3577 3200 3648 γνώμην
3238 3576 3603 3646 ἁμιλλώμενοι
3634 3571 3681 3624 τὸ

2120 3671 2464 3743 ἀνθρώπινον
2510 3670 2942 3741 ἀπεθηριοῦντο,
2995 3672 3165 3724 πᾶσιν
3221 3671 3553 3740 ἐπεδείχθη,
3603 3667 3681 3719 καὶ

2120 3764 2412 3836 διηγγέλθη
2446 3779 2460 3794 ⁶
2512 3763 2608 3816 ἆτε
2646 3764 2702 3815 δὲ
2746 3749 2884 3834 μήτε
2927 3763 3035 3816 τῶν
3079 3755 3237 3816 τοσόὺ
3252 3781 3387 3827 των,
3427 3759 3680 3830 καὶτηλι-

2122 3858 2333 3928 κούτων
2363 3857 2471 3910 τῶν
2495 3857 2720 3927 πληγῶν
2750 3857 2810 3910 τὸ
2836 3857 3072 3928 σκληρὸν
3109 3857 3288 3909 αὐτῶν
3308 3898 3322 3921 ,
3362 3860 3463 3910 καὶ
3509 3854 3678 3923 ἁτέρα-

2127 3967 2258 4022 μνον
2319 3949 2787 4020 ὑπομαλαξάντων
2812 3990 2826 4015 ,
2892 3951 3031 4020 μήτε
3107 3949 3206 4018 τῆς
3267 3949 3574 4018 πωρώσεως
3632 3941 3681 3994 τὸ

2124 4047 2360 4116 ἀκμαῖον
2387 4043 2877 4112 ὑπεκλυσαμένων.
2921 4043 3031 4097 Καὶ
3062 4043 3194 4113 πρὶν
3216 4045 3282 4112 τῇ
3311 4043 3576 4112 ὠμότητι,
3601 4037 3679 4089 καὶ

2128 4137 2516 4208 μισανθρωπία
2551 4137 2906 4206 ἐπεπώρωτο,
2929 4133 3364 4206 μεταϐάλλεσθαι
3394 4135 3460 4186 οὐ
3492 4144 3680 4201 προσιε-

2129 4231 2268 4302 μένη
2302 4229 2436 4300 πρὸς
2467 4229 2804 4300 ἡμερότητα,
2833 4228 2973 4282 ἀλλά
3008 4224 3102 4280 οὖν
3131 4228 3229 4298 οὐχ
3272 4218 3452 4289 οὕτως
3481 4218 3678 4292 ἐγνωρί-

2128 4321 2252 4385 ζετο
2282 4320 2515 4392 σκληρὰ,
2545 4320 2640 4373 καὶ
2673 4320 2936 4388 αὐθάδης,
2963 4319 3059 4373 καὶ
3080 4319 3398 4389 ἀμείλικτος
3432 4321 3465 4387 ή
3483 4318 3677 4384 Φαραωε
3731 4353 3736 4358 .

441 4403 736 4473 superbus,
783 4411 837 4457 et
867 4404 1002 4457 adeo
1054 4402 1369 4456 inﬂexibiiis
1410 4412 1591 4457 esset:
1626 4419 1802 4472 neque
1833 4404 1877 4458 is
1913 4403 2016 4457 ulle

2129 4417 2262 4476 νῑτις
2291 4413 2481 4484 ψυχή’
2527 4411 2649 4466 οὐδὲ
2696 4411 2806 4464 τῶν
2849 4411 3026 4465 ἄλλων
3063 4411 3238 4467 οὐδενὶ
3269 4409 3414 4464 οὕτω
3455 4402 3578 4464 πάσι
3616 4405 3676 4457 δι-

443 4497 750 4551 facinorum
782 4511 1008 4550 suorum
1043 4496 1123 4550 sic
1152 4496 1403 4549 omnibus
1438 4496 1696 4560 innotuit,
1735 4505 1789 4550 et
1817 4496 2021 4548 indele-

444 4588 553 4642 bile
605 4587 708 4643 sibi
763 4597 1180 4642 monumentum
1219 4588 1626 4658 .comparavit;
1683 4599 1742 4641 ut
1800 4588 2021 4656 quando

447 4695 542 4748 per
600 4669 938 4732 incredibilia
981 4678 1251 4748 prodigia
1308 4678 1652 4747 ﬁagellatus,
1721 4679 1774 4732 in
1831 4680 2020 4733 eadem

451 4781 630 4822 tamen
677 4768 1039 4832 immanitate,
1079 4783 1133 4822 et
1171 4768 1319 4821 rabie
1352 4768 1522 4822 ferina
1563 4770 1878 4838 permansit.

516 4859 574 4915 Si
619 4863 744 4931 quis
800 4868 984 4914 autem
1032 4862 1250 4930 planius
1297 4878 1515 4931 quoque
1569 4861 1698 4916 velit
1748 4877 1811 4916 ea
1862 4863 2025 4917 verba

450 4953 823 5023 interpretari,
895 4962 951 5008 et
985 4953 1118 5008 illud
1153 4971 1165 5005 :
1213 4973 1232 5004 ι
1261 4942 1377 5024 Ego
1411 4954 1679 5010 indurabo
1708 4973 1726 5004 ι
1765 4955 2029 5022 intelligat

448 5060 547 5114 pro
571 5062 588 5095 ι
617 5059 716 5116 ego
749 5046 924 5099 sinam
972 5055 1026 5099 et
1071 5044 1377 5114 permittam
1413 5045 1610 5100 durum
1642 5044 1757 5099 ﬁeri
1783 5063 1848 5111 ς.»
1883 5056 2028 5099 certe

450 5135 672 5204 quidem
709 5152 739 5191 a
777 5136 1032 5208 religiosa
1070 5135 1344 5206 cogitandi
1381 5136 1599 5191 ratione
1625 5150 1803 5204 neque
1835 5136 2026 5192 istbaec
2067 5213 2076 5222 .

450 5229 842 5284 commentatio
863 5228 1128 5286 aberrarit
1153 5247 1167 5284 :
1193 5245 1300 5285 non
1333 5228 1647 5300 aggreditur
1679 5239 1858 5283 autem
1895 5245 2022 5300 pro-

2127 4500 2407 4570 εόεδὸητο,
2444 4499 2540 4554 καὶ
2579 4499 2942 4571 ἀνεστηλοῦτο
2968 4500 3106 4569 πρὸς
3134 4491 3412 4576 θρίαμϐον
3445 4496 3678 4562 ἀνεξάλειν

2132 4609 2264 4646 πτον
2298 4609 2312 4622 ·
2338 4592 2410 4655 ὡς
2438 4594 2552 4655 τοῖς
2596 4592 2748 4663 παρά
2774 4581 2931 4660 δόξης
2954 4591 3138 4662 ἔργοις
3186 4589 3573 4662 μαστιζομένη,
3601 4583 3675 4638 καὶ

2129 4684 2222 4738 ἐπὶ
2251 4684 2351 4754 τῆς
2375 4684 2544 4753 αὐτῆς
2571 4684 2918 4753 ἀγριότητος,
2955 4685 3048 4737 καὶ
3075 4683 3372 4754 θηριώδους
3391 4683 3565 4753 ὁρμῆς
3581 4679 3675 4730 δια-

2132 4773 2294 4843 μένου
2305 4790 2392 4828 σα.

2203 4862 2264 4915 Εἰ
2289 4863 2346 4915 δέ
2381 4880 2464 4926 τις
2507 4863 2604 4916 καὶ
2652 4863 3027 4935 ἁπλούστερον
3069 4865 3243 4920 ἐθέλοι
3281 4851 3594 4934 μεταλαϐεῖν
3630 4857 3675 4909 τδ

2127 4953 2331 5023 λόγιον,
2352 4957 2442 5008 καὶ
2466 4955 2528 5008 τό
2552 4970 2566 4985 ⁸
2593 4975 2608 5007 ι
2634 4955 2776 5024 Ἐγὼ
2805 4957 3118 5028 σκληρυνῶ,
3143 4977 3160 5008 ι
3192 4959 3314 5011 ἀντὶ¹
3336 4957 3455 5022 τοῦ,
3475 4977 3490 5008 ι
3514 4953 3670 5009 Ἐάσω,

2129 5050 2226 5102 καὶ
2259 5051 2651 5120 παραχωρήσω
2703 5051 2948 5120 σκληρὰν
3000 5051 3274 5118 γενέσθαι,
3334 5055 3517 5120 νοήσει
3550 5064 3562 5077 ’
3597 5041 3673 5109 τῆς

2133 5139 2233 5210 μέν
2270 5140 2602 5211 εὐσεϐούσης
2640 5141 2800 5211 δόξης
2828 5141 2934 5195 οὐδ’
2962 5135 3116 5207 οὗτος
3146 5145 3176 5195 ὁ
3205 5141 3360 5211 λόγος
3389 5125 3673 5209 διέστηκεν

2129 5231 2230 5302 τῆς
2263 5232 2569 5303 μεταϐολῆς
2604 5233 2662 5286 δὲ
2692 5233 2801 5287 τῶν
2835 5236 3102 5304 ῥημάτων
3127 5235 3228 5288 οὐκ
3265 5235 3564 5300 ἰδιάζουσαν
3585 5227 3674 5296 ἔχει

1980 5412 2212 5469 nom}.
2256 5395 2263 5404 '

519 5557 632 5631 (54)
664 5558 732 5612 At
763 5559 920 5616 istam
952 5555 1576 5631 ego,_interpt‘etationem
1611 5554 2021 5631 mi_nime_dam-

450 5626 652 5699 narini,
681 5631 879 5699 «iuippe'
905 5643 1027 5696 qua:
1059 5627 1302 5699 fautor_es
1347 5628 1505 5699 lia-bet
1536 5626 2018 5699 praeclarissimas:

444 5695 735 5770 Origeneui
761 5695 966 5753 Pliiloe.
1005 5712 1053 5751 c.
1077 5698 1149 5751 20
1171 5735 1185 5762 ,
1215 5696 1640 5765 Theodoretum,
1665 5697 1719 5752 in
1751 5695 1923 5767 Epist.
1953 5701 2021 5749 ad

2130 5557 2400 5682 Ronéhtx.
2438 5558 2536 5628 17;
2568 5575 2633 5615 ac
2665 5558 2952 5630 Basilium,
2981 5558 3158 5644 Schol.
3179 5557 3233 5612 in
3258 5556 3433 5626 Epist.
3458 5557 3523 5612 ad
3553 5549 3668 5604 ίῖοιη·

2130 5645 2204 5682 ηε.
2315 5668 2326 5682 .

2129 5645 2204 5696 ηε,
2239 5645 2326 5686 κδ.

2482 5806 2489 5818 Ι
