3864 6218
130 275 246 340 ¹285

1041 272 1142 332 AD
1173 271 1772 332 AMPHILOCHIUM
1803 273 2150 344 QUIESTIU
2214 267 2378 335 XLI.

3283 288 3389 354 286

139 395 233 466 τὴν
274 390 680 464 μεταχείρησιν,
717 375 854 449 ἀλλά
890 389 968 452 είς
1003 389 1100 460 τὴν
1149 389 1336 459 κοινὴν
1368 388 1699 457 καταφεύγει

1809 391 1982 460 prium
2021 391 2122 446 loci
2158 391 2321 461 hujus
2351 393 2878 462 interpretationem,
2913 399 3004 454 sed
3043 403 3108 456 ad
3140 421 3389 463 rommu-

139 488 306 546 λύσιν,
338 484 407 538 δι’
436 477 504 554 ἦς
540 483 636 536 καὶ
671 482 806 537 ἄλλα
823 482 1002 534 πλείω
1040 482 1100 534 τὸ
1137 479 1231 552 τῆς
1270 481 1494 550 μεθόδου
1529 481 1704 533 κοινὸν

138 577 414 630 ἐπιλύεται
445 590 459 604 ·
510 575 586 637 ὼς
619 575 681 627 τὸ
706 615 718 637 ,
753 594 782 629 .1
826 573 1154 644 Παρέδωκεν
1191 575 1388 636 αὐτοὺς
1427 575 1506 635 είς
1555 571 1704 640 πάοη

137 667 350 736 ἀτιμίας
379 682 394 696 ο
435 684 453 716 ι
485 664 601 729 καὶ,
635 683 653 715 1
695 646 1020 734 Παρὲδωκεν
1050 666 1078 730 ό
1108 663 1240 726 Θεὸς
1271 665 1328 714 ἐν
1356 665 1474 725 ταῖς
1511 661 1704 714 ἐπιθυ-

142 759 286 828 μίαις
320 757 419 826 τῆς
452 757 681 826 καρδίας
711 756 893 810 αὐτῶν
914 774 927 786 ·
977 776 996 808 ι
1028 757 1144 820 καὶ,
1181 775 1199 806 1
1237 755 1433 817 Καθὼς
1459 754 1559 806 οὐκ
1589 754 1704 806 ἐδο-

138 852 364 921 κίμασαν
411 851 502 900 τὸν
541 850 672 902 Θεὸν
709 848 854 919 ἔχειν
903 850 961 901 ἐν
1010 847 1324 916 ἐπιγνώσει,
1383 847 1702 916 παρέδωκεν

137 943 321 1004 αὐτοὺς
345 944 374 994 ὁ
403 941 533 1003 Θεὸς
561 943 640 1004 είς
675 942 935 1011 ἀδόκιμον
963 939 1086 992 νοῦν
1112 958 1124 972 ο
1156 959 1175 991 ι
1205 941 1320 1002 καὶ,
1352 959 1369 990 ι
1393 939 1701 1008 Ἐτύφλωσε

133 1033 197 1086 τὰ
229 1034 474 1102 νοήματα
507 1032 614 1084 τῶν
641 1031 890 1083 ἀπίστων
922 1034 1002 1094 είς
1034 1031 1094 1084 τὸ
1131 1029 1205 1100 μὴ
1245 1031 1485 1097 αὐγάσαι
1517 1029 1702 1091 αὐτοῖς

134 1128 217 1178 τὶν
254 1125 530 1193 φωτισμὸν
562 1125 656 1176 τοῦ
689 1123 1044 1192 Εὐαγγελίου·
1084 1142 1101 1174 ι
1131 1123 1246 1188 καὶ,
1282 1140 1300 1172 1
1332 1123 1572 1175 Ἔδωκεν
1603 1121 1702 1173 αὐτ·

134 1220 236 1278 τοῖς
274 1218 301 1268 ὁ
330 1215 463 1277 Θεὸς
500 1214 720 1283 πνεῦμα
749 1212 1120 1283 κατανύξεως,
1151 1211 1466 1282 ὀφθαλμοὺς
1493 1210 1588 1262 τοῦ
1627 1210 1701 1280 μὴ

135 1307 367 1376 βλέπειν,
402 1305 495 1357 καὶ
520 1298 636 1357 ὦτα
663 1304 756 1357 τοῦ
787 1305 861 1374 μὴ
888 1301 1126 1369 ἀκούειν·
1162 1319 1182 1351 ›
1210 1301 1325 1363 καὶ,
1366 1321 1384 1353 1
1417 1300 1700 1368 Πεπώρω-

133 1389 221 1448 κεν
252 1393 429 1446 αὐτῶν
457 1395 484 1444 ὁ
514 1393 645 1455 Θεὸς
675 1391 774 1462 τὴν
804 1390 1032 1457 καρδίαν
1057 1407 1070 1422 ο
1115 1407 1133 1439 ι
1167 1388 1280 1448 καὶ,
1321 1406 1339 1438 1
1393 1386 1700 1450 Ἐξὲκλινας

131 1487 224 1549 τὰς
250 1485 469 1556 τρίϐους
493 1485 648 1556 ἡμῶν
671 1484 780 1537 ἀπὸ
797 1483 899 1552 τῆς
923 1475 1044 1535 όδοῦ
1071 1497 1165 1533 σου
1185 1479 1318 1552 (55),
1352 1499 1370 1530 ›
1406 1481 1501 1532 καὶ
1531 1479 1700 1548 μυρία

130 1579 276 1632 ἄλλα.

195 1670 254 1722 Ei
279 1670 384 1739 γὰρ
409 1668 506 1721 καὶ
535 1667 744 1738 ἐτὲροις
768 1666 981 1734 ἐφόδοις
1006 1665 1235 1718 ἕκαστον
1258 1663 1367 1718 τῶν
1393 1663 1698 1735 εἰρημένων

132 1763 282 1833 ἱερῶν
337 1763 549 1830 Λογίων
581 1767 661 1824 εις
706 1760 768 1812 τὸ
809 1759 1148 1828 σαφέστατόν
1203 1776 1262 1811 τε
1309 1759 1404 1812 καὶ
1435 1758 1700 1817 ἀστασία-

131 1870 245 1906 στον
279 1849 793 1922 καταρῤυθμίζεται
821 1866 834 1879 ·
869 1849 982 1902 ἀλλ’
1017 1849 1109 1903 οὖν
1138 1850 1274 1920 αὕτη
1324 1851 1357 1919 ἡ
1392 1841 1564 1919 κοινὴ,
1604 1848 1700 1902 καὶ

85 1975 87 1978 ι
128 1945 260 1996 κατά
307 1943 528 1996 πάντων
574 1943 683 2013 τῶν
723 1942 922 2012 ὁμοίων
969 1941 1240 2011 μεταϐολὴ
1287 1942 1437 1996 οὐδὲν
1480 1942 1698 1993 ἔλαττον

129 2037 216 2088 καὶ
247 2035 338 2087 τοῦ
367 2035 756 2094 ἐπιϐολοῦντος
803 2035 933 2097 τοὺς
980 2033 1277 2103 λογισμούς
1318 2034 1467 2084 ἐστιν
1498 2034 1701 2086 ἀνακά-

130 2127 329 2197 Θαρσις,
355 2129 455 2180 καὶ
480 2129 541 2179 οὐ
581 2126 670 2178 διὰ
703 2127 1060 2198 μακροτέρων
1089 2127 1190 2196 τὴν
1233 2125 1538 2196 μεταϐολὴν
1577 2127 1699 2178 ἐπι-

125 2220 406 2274 δείκνυται.
433 2221 512 2273 Τὸ
541 2221 648 2292 γὰρ
679 2219 982 2288 παρέδωκε
1005 2220 1096 2272 καὶ
1113 2219 1316 2282 ἔδωκε,
1347 2221 1438 2270 καὶ
1469 2219 1697 2270 ἕκαστον

126 2313 225 2364 τῶν
263 2313 573 2384 εἰρημένων
607 2313 726 2365 ἀντὶ
754 2311 849 2365 τοῦ
890 2310 1344 2379 συνεχώρησεν,
1383 2310 1696 2374 ἐνέδωκεν,

128 2405 286 2473 εἴασε
310 2404 728 2475 λαμϐανόμενον
767 2403 828 2455 οὐ
866 2401 1003 2472 πρὸς
1029 2401 1337 2455 τούναντίον
1376 2401 1474 2469 τῆς
1519 2401 1698 2469 ὁρμῆς

129 2495 434 2559 ὲξεϐιὰσατο
465 2495 530 2548 τὸ
578 2495 939 2566 ἀπροαίρετον
971 2493 1267 2562 κατάρχειν
1290 2491 1389 2560 τῆς
1424 2492 1698 2562 προαιρέ-

131 2588 589 2658 σεως-ἠνάγκασε,
614 2586 707 2639 καὶ
733 2583 827 2636 τοῦ
858 2583 1210 2647 αὐτεξουσίου
1250 2582 1377 2646 τοὺς
1400 2581 1697 2651 λογισμοὺς

127 2680 495 2750 ἀπεστέρησεν
539 2677 672 2747 (⁸56),
723 2679 780 2728 ἐν
822 2677 960 2738 ἴσοις
1005 2679 1149 2746 ὅροις
1196 2675 1460 2728 ἐκκλείων
1510 2676 1571 2727 τὸ
1611 2675 1696 2742 ἐφ’

129 2771 271 2838 ἡμῖν,
311 2773 403 2824 καὶ
436 2771 502 2822 τὸ
538 2770 613 2840 μὴ
643 2769 727 2838 ἐφ’
750 2771 902 2839 ἡμῖν,
933 2768 1248 2838 διωρίσατο,
1271 2767 1380 2819 οὐδ’
1405 2766 1697 2829 ἀκουσίους

128 2862 254 2932 πρὸς
302 2863 362 2914 τὸ
387 2861 1015 2930 καλὺνμεθειλκύσατο,
1063 2859 1183 2912 οὐδὲ
1233 2860 1306 2929 μὴ
1341 2858 1698 2928 βουλομένους

127 2953 220 3021 τῆς
249 2954 568 3025 προθέσεως
595 2954 921 3022 ἀνεχαίτισε.
959 2953 1032 3004 Τὸ
1059 2951 1200 3004 οὕτω
1233 2951 1585 3021 μεταϐάλλειν
1617 2951 1694 3013 εἰς

1808 499 1930 535 neut
1956 483 2217 552 confugit
2246 485 2600 551 solutionem,
2643 504 2738 556 per
2762 506 2925 559 quam
2967 503 3020 552 et
3055 496 3236 563 plures
3267 501 3387 555 alia:

1805 573 2149 629 difficultates
2195 579 2377 645 regula
2425 581 2704 632 communi
2757 585 3115 639 enucleantur
3146 605 3160 641 :
3193 605 3386 658 quem-

1805 665 2098 720 admodum
2136 686 2146 720 :
2179 669 2305 722 illud
2338 689 2356 719 1
2392 669 2641 724 Tradidit
2677 672 2796 727 illos
2832 676 2883 727 in
2919 679 3202 744 passiones
3228 697 3386 751 igno-

1804 757 2089 822 minize";
2130 777 2148 808 ι
2183 769 2232 812 et
2271 778 2290 809 1
2324 758 2570 815 Tradidit
2617 765 2754 818 licus
2792 765 2843 817 in
2877 758 3150 822 desideria
3197 772 3383 828 cordis

1803 863 1990 902 eorum
2015 850 2094 915 a°;
2133 869 2151 900 ›
2207 861 2464 920 prtelerea
2513 865 2534 906 ἰ
2584 873 2603 904 1
2641 855 2794 908 Sicut
2845 873 2949 911 nou
2991 861 3384 927 probaverunt

1807 939 1972 994 Deum
2041 940 2242 997 habere
2303 945 2354 998 in
2409 945 2631 1010 notitia,
2690 949 2908 1002 tradidit
2961 952 3081 1006 ill<s
3136 945 3274 1010 Deus
3325 957 3379 1010 in

1803 1037 2096 1100 reprohum
2143 1051 2364 1091 sensum
2391 1037 2467 1103 31~;
2501 1057 2520 1088 ι
2578 1039 2707 1102 ἱιιιο,
2767 1059 2785 1092 1
2819 1041 3124 1098 Excaecavit
3173 1059 3384 1103 mentes

1804 1127 2127 1190 inlidelium,
2170 1137 2232 1182 ut
2279 1144 2386 1182 non
2427 1129 2632 1199 fulgeat
2680 1131 2784 1185 illis
2835 1133 3161 1191 illuminatio
3205 1114 3383 1194 Evan-

1802 1220 2025 1286 gelii”;
2060 1240 2078 1272 ι
2119 1229 2234 1274 tum
2269 1240 2282 1273 :
2320 1240 2338 1272 1
2370 1215 2529 1276 Dedit
2573 1223 2678 1276 illis
2704 1224 2900 1297 (Deus).
2939 1229 3191 1296 spiritum
3228 1246 3382 1284 com-

1803 1312 2133 1380 punctionis,
2181 1314 2390 1380 oculos,
2433 1324 2491 1368 ut
2545 1330 2652 1368 non
2700 1317 2940 1381 videant,
2993 1328 3046 1372 et
3094 1336 3275 1387 aures,
3323 1331 3381 1376 ut

1801 1417 1908 1455 non
1941 1404 2165 1456 audiant
2189 1404 2265 1470 '3;
2309 1423 2327 1455 ι
2401 1406 2635 1475 deniqtte
2668 1423 2695 1471 ι,
2725 1423 2743 1457 1
2787 1406 3067 1462 lndurawt
3123 1426 3219 1464 cor
3284 1428 3380 1467 eo-

1800 1505 1918 1542 rum
1943 1490 2022 1554 “;
2054 1509 2072 1540 ›
2113 1503 2391 1559 postremo
2424 1511 2436 1545 :
2468 1514 2484 1545 1
2517 1495 2809 1551 Declinasti
2844 1499 3067 1563 semitas
3094 1512 3314 1558 nostras
3346 1519 3379 1559 a

1802 1579 1889 1633 via
1924 1590 2016 1634 tua
2042 1580 2107 1645 ⁸⁵,
2143 1599 2160 1631 ι
2193 1591 2359 1650 atque
2399 1583 2503 1636 alia
2536 1595 2818 1639 sescenta.
3202 1603 3206 1608 ·

1810 1692 1815 1698 ·
1873 1670 1989 1726 Etsi
2035 1673 2178 1726 enim
2229 1674 2350 1728 aliis
2384 1676 2692 1744 explicandi
2725 1679 2901 1734 modis
2945 1661 3380 1754 unumquodque

1803 1779 2091 1818 sacrorum
2125 1767 2500 1829 oraculorum,
2534 1783 2655 1836 qua:
2692 1785 2867 1838 nuper
2899 1788 3196 1828 memorata
3226 1785 3376 1838 sunt,

1803 1857 2299 1912 luculentissimum
2358 1867 2412 1912 et
2448 1862 2836 1915 inconcussum
2879 1864 3085 1917 obtinet
3117 1881 3373 1932 sensum;
3405 1878 3408 1880 ‘
3446 1890 3454 1896 -

1754 2011 1758 2014 ν
1801 1957 1981 2004 tamen
2011 1951 2316 2004 communis
2355 1939 2561 2017 isthme,
2605 1962 2656 2006 et
2707 1955 2774 2006 ad
2823 1968 3012 2009 omnes
3060 1955 3376 2024 hujusmodi

1799 2040 2105 2094 locutiones
2140 2041 2422 2108 pertinens
2466 2041 2735 2109 expositio
2769 2044 3130 2100 nihilominus
3179 2045 3379 2102 sullicit

1800 2130 1865 2184 ad
1894 2128 2216 2183 refellendas
2246 2130 2484 2184 hominis
2517 2133 2799 2202 veritatem
2825 2135 3177 2192 obscurantis
3211 2137 3380 2190 cavil-

1800 2222 2055 2285 lationes,
2089 2237 2187 2275 nec
2221 2237 2317 2290 per
2347 2223 2623 2292 longiores
2653 2225 2911 2294 ambages
2947 2227 3167 2282 exhibet
3209 2230 3380 2283 inter-

1801 2311 2182 2378 pretationem.
2245 2311 2384 2364 lllttd
2441 2314 2585 2366 enim
2641 2317 2905 2380 tradidit,
2967 2327 3022 2370 et
3077 2318 3264 2385 dedit,
3305 2297 3380 2374 iet
3437 2325 3444 2331 ’

1801 2403 2032 2469 quodvis
2076 2403 2362 2456 exverbis
2397 2403 2667 2467 adductis,
2719 2407 2766 2458 si
2815 2413 2915 2475 pro
2962 2410 3224 2476 permisit,
3273 2426 3376 2462 nor

1802 2492 2093 2558 impedivit,
2156 2493 2278 2544 sivit
2339 2493 2638 2561 accipitur;
2701 2510 2811 2547 non
2879 2497 3167 2565 significat,
3232 2499 3377 2567 qum]

1800 2582 1944 2636 Deus
1963 2582 2069 2635 vim
2101 2584 2346 2636 intulerit
2365 2585 2651 2650 voluntati,
2680 2596 2736 2639 ut
2755 2597 2944 2640 contra
2973 2589 3376 2643 inclinationem

1799 2676 1990 2744 egerit,
2035 2685 2130 2728 aut
2187 2677 2426 2745 coegerit
2475 2679 2812 2734 voluntarias
2860 2680 3178 2744 electiones,
3220 2683 3382 2738 iuvo-é

1801 2768 2055 2820 luntario-
2104 2769 2275 2820 motui
2349 2769 2772 2837 obtemperare,
2843 2777 2896 2822 et
2956 2761 3380 2827 deliberationes

1802 2859 1970 2912 libero
1998 2860 2206 2912 orbarit
2248 2860 2519 2924 arbitrio;
2566 2861 2660 2915 sed
2698 2862 2997 2931 significat,
3031 2865 3173 2932 quod
3208 2865 3380 2934 mquis

1803 2950 2052 3018 terminis
2099 2950 2411 3013 secludens,
2462 2966 2584 3020 qua:
2636 2953 2945 3021 subjacent,
2994 2962 3048 3007 et
3095 2970 3216 3023 quae
3269 2969 3381 3008 non

126 3047 216 3107 τὰς
244 3047 618 3115 όμοδυνὰμους
654 3085 667 3110 ,
713 3048 804 3097 καὶ
835 3045 1170 3113 ἀμφιϐόλους
1201 3044 1406 3111 φωνὰς,
1448 3043 1548 3105 τὰς
1573 3045 1694 3094 ὅσαι

1806 3042 2083 3110 subjacent
2136 3051 2337 3095 nostrae
2384 3045 2668 3111 potestati,
2723 3061 2786 3098 ea
2837 3047 3141 3114 separaris,
3205 3062 3383 3116 neque

127 3139 230 3199 τοῖς
263 3139 474 3208 πολλοῖς
512 3139 727 3191 ἐδόκουν
758 3138 991 3207 ἀπορίαν
1017 3137 1282 3208 παρέχειν
1314 3135 1391 3206 τῷ
1420 3136 1517 3204 τῆς
1552 3137 1693 3205 ὁμω-

127 3230 313 3298 νυμίας
352 3230 670 3301 ἀμερίστως
699 3219 1070 3299 συνεχόμεναι,
1090 3232 1187 3298 τῆς
1211 3245 1270 3279 τε
1303 3226 1578 3295 ἀσφαλοῦς
1612 3227 1715 3297 εἴη·

129 3319 187 3372 ἂν
218 3321 559 3393 ὑπολήψεως,
594 3322 687 3373 καὶ
716 3323 782 3391 τῇ
829 3321 927 3391 μιᾷ
955 3319 1157 3391 Θεωρία
1191 3318 1364 3386 πλείω
1406 3318 1695 3388 διαλυομέο

127 3429 216 3478 γης
249 3411 546 3484 ζητήματα
582 3413 719 3482 (57).
882 3405 888 3410 ’
1281 3410 1285 3413 ’

1761 3133 2001 3188 ίὶιιγὶιοε
2052 3133 2120 3186 ad
2171 3134 2374 3187 bonum
2422 3136 2770 3204 pertraxerit,
2827 3153 3004 3206 neque
3052 3139 3294 3208 volentes
3349 3153 3380 3192 a

1801 3225 2080 3294 propOsito
2141 3227 2498 3279 revocaverit.
2560 3226 2664 3291 Qui
2737 3227 2841 3282 hoc
2887 3239 3045 3298 pacto
3113 3231 3166 3282 in
3230 3245 3383 3300 atque

1805 3318 2093 3385 pollentes,
2129 3328 2194 3372 ct.
2219 3319 2507 3394 ambiguas
2533 3334 2698 3374 voces
2731 3329 3060 3374 transmutat
3091 3322 3231 3385 illas,
3258 3334 3384 3391 qua}
3410 3323 3416 3331 ’

1804 3411 1989 3464 multis
2035 3411 2312 3479 negetium
2354 3408 2627 3465 facessere
2666 3411 2992 3465 videbantur
3021 3414 3090 3466 ob
3141 3415 3383 3483 requiro-

126 3503 378 3557 eationem
429 3503 539 3557 sibi
582 3499 1020 3574 inseparabiliter
1084 3500 1470 3571 coniunctam;
1537 3501 1584 3554 is
1624 3501 1948 3555 sententiam
2005 3517 2115 3556 non
2207 3501 2370 3556 modo
2421 3511 2614 3568 tutam,
2666 3503 2762 3557 sed
2827 3513 2882 3559 et
2945 3506 3106 3560 unica
3195 3506 3382 3576 regula

129 3596 414 3650 solventem
446 3595 1078 3671 plurescontroversias
1108 3603 1295 3648 tenere
1334 3603 1531 3664 potest.

190 3691 308 3752 Πῶς
331 3686 424 3743 οὖν
454 3690 582 3742 ἀντὶ
624 3687 716 3741 τοῦ
751 3687 1076 3756 παρέδωκε,
1105 3688 1200 3740 καὶ
1227 3685 1565 3755 πεπώρωκε,
1601 3687 1695 3740 καὶ

125 3780 224 3834 τῶν
254 3780 514 3833 τοιούτων
545 3779 605 3832 τὸ
633 3778 1091 3847 συνεχιέξρησεν,
1123 3781 1233 3832 οὐκ
1260 3778 1596 3842 ἐκώλυσεν,
1623 3779 1694 3830 οὐ

127 3862 413 3940 κατέσχεν
432 3914 447 3940 ,
483 3873 556 3925 οὐ
587 3871 737 3940 πρὸς
771 3873 922 3936 ,βίαν
946 3870 1322 3942 μετέστησεν
1353 3869 1695 3940 ἐκληφϐήσε-

125 3982 229 4027 ται,
282 3967 375 4019 καὶ
427 3964 502 4018 τὰ
539 3964 794 4018 τοιαῦτα·
845 3964 926 4016 ὅτι
969 3964 1062 4015 ἐπὶ
1111 3963 1220 4016 τῶν
1265 3962 1621 4032 ἀνθρωπίνων
1651 3951 1695 4027 ᾧ

128 4055 376 4126 πρόσεστι
431 4055 805 4126 παρανομίαν,
859 4056 890 4124 ἦ
935 4071 1055 4106 τινα
1096 4053 1264 4122 ἄλλην
1315 4051 1694 4121 πλημμέλειαν

129 4149 427 4222 ἐκκόπτειν,
457 4150 487 4201 ό
515 4148 574 4199 δὲ
604 4146 694 4206 τὸν
737 4141 964 4216 πλησίον
991 4146 1329 4215 ἁμαρτάνειν
1358 4145 1457 4196 οὐκ
1487 4142 1694 4196 ἐκώλυ-

130 4254 213 4289 σεν
239 4254 254 4268 ο
288 4233 442 4302 οὗτος
478 4237 579 4308 τὴν
611 4236 791 4290 αἰτίαν
823 4238 922 4289 οὐκ
953 4235 1210 4304 ἐκφεύγει
1239 4235 1314 4304 μὴ
1359 4233 1696 4304 συνεργάσα-

1874 3684 2162 3750 Quomodo
2209 3684 2393 3750 itaque
2433 3700 2532 3754 pro
2557 3685 2742 3740 verbis
2781 3685 2886 3739 illis
2927 3687 3172 3753 tradidit,
3217 3702 3384 3741 exta:-

1802 3781 1956 3844 carit,
2011 3789 2175 3846 atque
2233 3778 2356 3833 aliis
2408 3779 2750 3847 hujusmodi,
2799 3781 3166 3850 intelligentur
3218 3781 3382 3833 verba

1803 3873 1918 3927 haec
1948 3870 2210 3939 permisit,
2244 3878 2346 3923 no‘n
2385 3870 2676 3937 iittpedivit,
2720 3887 2822 3924 non
2865 3871 3110 3934 detinuit,
3154 3886 3258 3924 non
3288 3882 3386 3938 per

1801 3963 1906 4016 vim
1936 3963 2242 4026 transtulit,
2272 3972 2326 4016 et
2356 3972 2548 4016 czetera
2589 3963 2640 4017 id
2673 3979 2845 4032 genus
2876 3979 2888 4014 :
2919 3978 3044 4017 cum
3087 3963 3140 4015 in
3183 3964 3381 4014 huma-

1803 4056 1889 4108 nis
1916 4053 2080 4108 rebus
2112 4054 2156 4107 si
2185 4054 2310 4122 quis
2333 4054 2561 4123 ﬂagitio,
2595 4056 2677 4107 vel
2707 4055 2946 4124 cuipiam
2976 4055 3147 4122 culpa:
3171 4053 3382 4122 poterat

1808 4162 2142 4213 occurrere,
2217 4156 2272 4198 et
2318 4156 2524 4200 tamen
2613 4145 2847 4214 proximi
2916 4153 3195 4214 peccatum
3271 4161 3380 4200 non

1802 4239 2153 4310 prmpcdivit;
2188 4238 2235 4294 is
2252 4253 2555 4293 *crnsuram
2591 4253 2696 4292 non
2730 4237 2937 4306 eﬂttgit,
2984 4237 3129 4306 quod
3165 4237 3381 4318 culpant

131 4329 246 4380 σοαι
295 4335 374 4400 τῷ
417 4331 768 4400 ἡμαρτηκότι
802 4328 863 4380 τὸ
914 4328 1196 4397 ἀτόπημα,
1232 4328 1326 4380 καὶ
1363 4326 1696 4398 παραδοῦναι

1806 4348 1927 4385 cum
1961 4332 2081 4402 ejus
2112 4340 2387 4400 patratore
2414 4331 2857 4396 communicarit,
2884 4339 2936 4384 et
2957 4329 3082 4399 jure
3107 4313 3383 4385 diceretur
3445 4332 3449 4336 ’

127 4419 328 4488 λέγοιτ’
360 4421 427 4474 ἂν
459 4421 553 4474 τὸν
609 4422 998 4492 παραπεσόντα
1036 4424 1147 4485 τοῖς
1185 4422 1420 4487 πάΟεσι;
1470 4422 1561 4474 Σοὶ
1594 4423 1702 4492 γὰρ

129 4512 239 4584 ἐξὸν
293 4513 698 4584 ἀσφαλίζεσοαιτ
753 4514 842 4566 τὸν
894 4513 1102 4580 πέλας·
1158 4513 1221 4565 σὺ
1266 4513 1322 4566 δὲ
1369 4511 1561 4566 τοῦτον
1603 4514 1705 4567 οὐκ

129 4604 324 4676 ἀνέχων
382 4607 523 4676 πρὸς
574 4605 643 4659 τὰ
695 4605 844 4675 πάθη
903 4597 1227 4667 συνῶϐισας.
1274 4605 1543 4670 Ἐξὲτεινε
1603 4606 1704 4676 τὴν

129 4696 280 4763 χεῖρα
309 4696 497 4750 λαϐεῖν
524 4698 591 4750 τὰ
622 4696 879 4766 ἀλλότρια
913 4712 926 4724 ·
955 4695 1116 4758 αὐτὸς
1142 4695 1352 4760 παρὼν,
1379 4696 1473 4748 καὶ
1504 4695 1704 4766 ἰσχύων

133 4785 473 4852 μεθέλκυσον.
511 4787 594 4839 Τὰ
629 4787 852 4858 ὄμματα
891 4788 1002 4850 τοῖς
1036 4787 1135 4857 τῆς
1170 4785 1464 4848 ἀκολασίας
1495 4801 1705 4856 προπυ-

197 4929 238 4960 te
265 4928 420 4982 nom.
456 4945 492 4984 ι.
530 4928 622 4982 26.
722 4902 919 4982 "una.
954 4928 1044 4982 ει.
1147 4928 1190 4959 ιι
1216 4928 1344 4982 una.
1380 4929 1472 4982 es.

133 5011 244 5065 χιιι,
274 4999 362 5056 14.
437 4997 659 5052 “Joau.
747 5015 847 5061 xu,
891 4998 978 5052 40.
1059 4998 1270 5053 “Psal.
1301 5015 1453 5066 xutt,
1485 5000 1572 5054 19.

1582 4931 1626 4962 “
1651 4931 1698 4985 ll
1720 4928 1849 4985 Cor.
1882 4946 1956 4997 ιν,
1997 4931 2051 4985 4.

1802 4426 2082 4479 hominem
2138 4426 2454 4495 prolapsum
2500 4424 2662 4478 tnalis
2718 4423 3044 4478 tradidisse?
3098 4421 3180 4477 Tu
3236 4423 3383 4476 enim

1801 4523 2019 4581 poteras
2057 4516 2369 4584 proximum
2399 4516 2568 4568 tutari
2599 4532 2612 4567 :
2645 4523 2700 4568 tu
2739 4530 2865 4575 eum
2897 4530 3002 4567 non
3037 4524 3299 4567 eocrceus
3329 4513 3384 4564 in

1799 4621 1930 4660 suas
1962 4609 2293 4677 cupiditates
2336 4608 2673 4678 compulisti.
2716 4606 2975 4662 Extendit
3022 4605 3112 4659 ille
3160 4620 3384 4658 manum

1800 4697 1866 4750 ad
1915 4698 2094 4752 aliena
2130 4699 2488 4768 usurpanda;
2538 4707 2617 4764 tu,
2657 4700 2700 4753 si
2747 4699 2916 4761 adsis,
2950 4706 3005 4751 et
3053 4696 3260 4761 valeas,
3305 4698 3390 4748 Iac

1813 4789 2144 4844 retrahatur.
2200 4788 2399 4846 Oculos
2451 4793 2506 4843 in
2555 4790 2786 4844 luxurize
2831 4788 3114 4843 illecebras
3163 4786 3389 4857 injecit;

2187 4929 2416 4997 “Rom.
2449 4945 2526 4996 ιιι,
2558 4929 2610 4984 8.
2664 4931 2782 5013 _Isa.
2818 4945 2895 4992 Vl,
2957 4927 3025 4992 9;
3076 4937 3130 4983 et
3193 4926 3388 4984 Matth.

1635 5119 1872 5176 NOTAE.

201 5205 307 5284 (δῦ)
337 5207 538 5284 Pagina
597 5209 941 5282 αὒτογράφου
969 5211 1199 5279 inferne,
1229 5215 1312 5270 vel
1362 5230 1615 5284 superne,
1643 5223 1704 5269 ut

136 5277 380 5356 arbitror,
418 5277 697 5356 'abscissa
743 5277 1067 5356 'dttnlicenr
1098 5277 1354 5356 utrinque
1393 5277 1703 5353 patiebatur

137 5346 394 5421 lacunam.
458 5349 639 5415 Quare
694 5355 998 5421 exscriptor
1059 5355 1139 5407 bis
1202 5346 1703 5409 in'uos'trocodicc

136 5417 414 5483 spatiolum
494 5421 796 5489 ittterjecit,
875 5417 1188 5493 addiditque
1233 5425 1293 5476 τὸ
1337 5425 1535 5477 λείπει.
1591 5424 1702 5480 Nos

136 5496 305 5565 autem
342 5503 408 5542 ne
443 5493 1134 5565 mutilatnexltiberemus
1191 5496 1331 5549 hanc
1379 5495 1700 5564 quaestionis

137 5557 474 5638 solutionem,
509 5577 572 5638 ex
598 5559 873 5638 .Yaticano
921 5564 1122 5638 codice
1157 5581 1276 5638 eam
1315 5557 1696 5638 complendum

139 5632 478 5704 ettravim'us._
503 5633 655 5697 Quod
689 5632 853 5704 igitu't'
879 5649 943 5687 ex
977 5634 1158 5688 verbis
1185 5637 1291 5688 ἀπὸ
1324 5635 1425 5704 τῆς
1445 5632 1571 5687 όδοῦ
1606 5653 1699 5687 σου

138 5708 297 5763 usque
338 5697 405 5751 ad
431 5700 492 5752 τὸ
517 5697 876 5773 ἀπροαίρετον
907 5705 1223 5772 κατάρχειν,
1254 5715 1307 5762 et
1335 5697 1477 5775 quod
1510 5721 1704 5762 rursus

1810 5213 1878 5266 ab
1918 5210 2090 5273 οὕτως
2148 5213 2175 5264 ό
2225 5209 2523 5278 δυνάμενος
2572 5223 2751 5279 usque
2805 5208 2872 5279 ad
2906 5207 2999 5279 καὶ
3031 5205 3130 5279 τὴν
3158 5205 3392 5277 δύναμιν

1812 5283 1901 5336 hic.
1936 5281 2286 5334 iuterscrtum
2353 5275 2522 5340 vides.
2581 5275 2754 5333 totum
2809 5278 2859 5332 id
2890 5275 2971 5332 Cl.
3027 5275 3394 5348 Hieronymus

1808 5351 2056 5405 Atnatius
2091 5349 2365 5404 Vaticana}
2419 5350 2761 5403 bibliothecae
2820 5349 3054 5418 scriptor
3103 5349 3388 5402 nobiscum

1809 5422 2202 5475 benignissime
2235 5420 2682 5474 communicavit.
2787 5445 2789 5447 ι

1885 5463 2820 5564 isis}'iii'ii'i‘éu‘iiiii'fSilvé'}s§tivam
2868 5487 3030 5564 aiter
3056 5485 3124 5564 _ad
3191 5497 3389 5564 sensus

1807 5555 2253 5632 perspicuitatem
2287 5561 2425 5614 adde
2460 5561 2660 5624 lector;
2698 5573 2820 5621 nos,
2861 5559 2936 5609 uti
2985 5555 3154 5615 vides,
3191 5555 3244 5606 in
3268 5566 3390 5606 ver-

1809 5631 1964 5688 Sione
1992 5631 2311 5701 adjecimus.

1886 5703 1998 5772 (57)
2027 5699 2118 5756 Sic
2149 5703 2431 5771 legendum
2462 5714 2560 5772 pro
2587 5699 2924 5768 ζητήματοςο
