3864 6218
171 259 275 325 269

1040 325 1047 331 _
1154 253 1253 314 AD
1274 253 1870 316 'AMPHILOCHIU‘M
1911 252 2255 340 QUIBSTIO
2291 254 2479 317 XLII.

3320 258 3427 325 290

172 370 298 426 καίο
344 383 363 420 t
415 364 540 420 Ἐάν
584 366 663 438 μὴ
708 363 914 434 Κύριος
965 361 1181 434 φυλάξῃ
1221 363 1399 430 πόλιν,
1453 365 1534 429 είς
1578 365 1755 435 μάτην

1860 373 2009 430 runt,
2039 365 2135 435 qui
2157 364 2429 420 aediﬁcant
2450 364 2530 430 ";
2561 382 2583 418 θ
2614 373 2875 435 praeterea
2909 383 2924 420 :
2963 383 2998 437 (ι
3017 365 3135 422 Nisi
3162 365 3427 425 Dominus

169 459 518 532 ὴγρύπνησεν
575 458 605 510 ὁ
640 455 933 526 φυλάσσων
967 471 1043 528 ’,ι
1077 455 1171 510 καὶ
1224 455 1286 508 τό
1307 471 1323 489 ο
1384 472 1405 507 ι
1447 457 1561 511 Οὐκ
1590 459 1647 510 ὲν
1674 459 1741 528 τῇ

171 550 458 620 δυναστεία
492 546 585 602 τοῦ
632 548 801 603 ἵππου
851 546 1091 617 θελήσει,
1124 546 1243 601 οὐδὲ
1270 548 1328 600 έν
1347 550 1468 610 ταῖς
1505 548 1745 618 κνήμαις

170 642 263 697 τοῦ
288 642 485 711 ἀνδρὸς
533 640 785 694 εὐδοκεῖ·
831 659 851 693 ›
887 639 982 694 καί
1007 656 1022 671 θ
1058 657 1076 691 ι
1129 639 1195 696 Oi
1236 640 1433 711 βουλὴν
1464 640 1745 704 ποιοῦντες

173 730 597 802 ὲμϐαθυνόμενοι
646 730 759 791 τοῖς
797 728 1166 797 διαλογισμοῖς
1203 728 1403 794 αὐτῶν,
1439 729 1532 781 καὶ
1569 729 1631 781 οὐ
1658 727 1745 782 διὰ

174 823 375 893 κυρίου
402 838 417 851 ·
456 841 475 873 ι
503 821 727 891 καὶγὰρ
757 819 853 873 καὶ
888 813 1055 881 οὗτοι,
1091 819 1212 872 ἀντὶ
1244 819 1337 871 τοῦ
1371 818 1446 890 μὴ
1469 819 1745 873 διαπεσεῖν

174 912 263 965 τοῦ
296 910 735 979 σπουδάσματος,
768 909 830 962 οὐ
858 908 1017 979 μόνον
1042 908 1365 980 διήμαρτον,
1401 909 1538 962 ἀλλὰ
1564 911 1659 964 xui.
1686 910 1746 965 τδ

172 1004 304 1058 οὐαί
332 1002 848 1074 προεπεσπάσαντο.
884 1001 1274 1072 Παραπλήσιον
1303 1002 1361 1055 δὲ
1388 1003 1489 1056 καὶ
1512 1003 1573 1056 τὸ
1606 1005 1748 1073 εἰρη-

178 1094 332 1163 μένον
370 1092 506 1163 προς
530 1091 658 1153 τοὺς
685 1089 1011 1153 πεποιθότας
1032 1091 1118 1141 ἐπ’
1142 1091 1414 1159 Αἴγυπτον
1434 1108 1447 1120 ·
1480 1110 1499 1143 ι
1524 1093 1745 1162 Ἐποιή-

178 1202 301 1239 σατε
337 1171 535 1254 βουλὴν
570 1184 628 1236 οὐ
669 1183 738 1237 δι’
782 1182 918 1252 ἐμοῦ
944 1198 959 1213 ⁸
999 1183 1094 1235 καὶ
1123 1182 1395 1255 συνθήκας
1439 1185 1501 1237 οὐ
1530 1183 1618 1237 διὰ
1649 1183 1743 1238 τοῦ

177 1276 483 1346 πνεύματός
516 1292 615 1345 μου
648 1274 969 1347 προσθεῖναι
1018 1275 1293 1346 ἁμαρτίαν
1322 1275 1409 1347 ἐφ’
1440 1277 1744 1348 ἁμαρτίας,

176 1370 223 1422 οἱ
254 1368 608 1439 πορευόμενοι
654 1367 965 1436 καταϐῆναι
1010 1369 1091 1430 είς
1134 1367 1407 1435 Αἴγυπτον
1432 1384 1446 1398 ·
1486 1388 1506 1421 ι
1544 1365 1625 1431 οἷζ
1655 1368 1749 1422 καὶ

177 1463 209 1529 ή
233 1460 545 1529 καταφυγὴ,
574 1458 670 1513 καὶ
698 1459 799 1529 τῆς
822 1458 1071 1529 βοηθείας
1096 1460 1129 1528 ὴ
1154 1458 1309 1523 ὲλπίς
1338 1458 1427 1521 εἰς’
1443 1459 1707 1530 αἰσχύνην
1729 1498 1745 1525 ,

178 1552 267 1604 καὶ
311 1551 516 1614 ὄνειδος
562 1550 982 1622 περιτρέπεται.
1041 1549 1153 1603 Καὶ
1214 1549 1322 1621 γὰρ
1381 1550 1584 1620 ἑκάστη
1638 1550 1748 1602 τῶν

178 1642 499 1713 εἰρημένων,
521 1642 616 1695 καὶ
642 1640 853 1694 πολλῶν
865 1641 1038 1696 ἄλλων
1055 1641 1452 1713 παραπλησίων
1474 1641 1743 1707 πράξεων,

1851 456 2173 512 custodierit
2222 456 2525 521 civitatem,
2588 454 2791 511 frustra
2836 457 3028 528 vigilat
3086 458 3182 529 qui
3233 468 3426 516 custo-

1852 549 1929 604 dit
1952 549 2030 615 '3;
2064 568 2084 602 ι
2127 558 2182 605 et
2218 565 2412 607 rursus
2444 569 2458 605 :
2492 568 2512 602 ι
2544 549 2659 605 Νοιι
2713 551 2769 605 in
2804 549 3124 607 fortitudine
3159 554 3288 623 equi
3334 568 3431 608 vo-

1851 642 2117 697 luntatem
2163 641 2401 707 habebit,
2452 659 2552 698 nec
2596 644 2650 717 in
2698 644 2845 699 tibiis
2884 644 2988 698 viri
3026 644 3425 715 beneplacitum

1850 734 1959 789 erit
2016 734 2172 800 ei”;
2204 753 2223 786 ι
2286 751 2533 790 rursus:
2586 734 2742 800 «Qui
2805 735 3099 790 consilium
3163 736 3421 791 faciunt:

1853 826 2106 896 profundi
2178 827 2233 881 in
2295 826 2715 897 cogitationibus
2777 826 2933 890 suis,
2998 845 3017 879 ι
3060 835 3115 882 et
3166 842 3274 880 non
3330 842 3427 896 per

1855 918 2145 972 Dominum
2176 937 2193 972 :
2229 937 2248 970 ι
2282 926 2337 972 et
2373 919 2632 973 nimirum
2656 918 2708 973 hi
2737 932 2838 989 pro
2874 932 2939 973 eo
2969 932 3035 972 ac
3078 933 3107 971 a
3145 906 3426 988 proposito

1853 1009 2349 1073 non'exciderent,
2380 1024 2489 1063 non
2537 1010 2714 1064 solum
2758 1008 2886 1064 inde
2933 1009 3281 1075 aberrarunt,
3329 1007 3427 1063 sed
3470 1026 3473 1027 '

1852 1099 2017 1154 etiam
2049 1098 2181 1180 illud
2214 1114 2290 1153 va:
2340 1097 2444 1152 sibi
2476 1106 2915 1165 promeruerunt.
2968 1095 3300 1166 Huiusmodi
3342 1104 3429 1152 est

1850 1199 1906 1245 et
1957 1191 2114 1255 illud,
2159 1188 2307 1260 quod
2346 1190 2551 1244 dictum
2604 1199 2689 1243 est
2734 1186 2978 1245 Hebraeis
3028 1189 3083 1243 in
3130 1188 3427 1261 Egyptum

1851 1280 2074 1336 conlisis
2105 1298 2119 1334 :
2154 1299 2173 1331 ι
2204 1278 2433 1335 Fecistis
2474 1279 2789 1346 consilium,
2831 1288 2885 1334 et
2935 1294 3045 1334 non
3098 1295 3167 1336 ex
3208 1294 3323 1346 me,
3374 1288 3430 1334 et

1855 1371 2060 1427 foedera
2096 1386 2206 1426 non
2243 1386 2341 1442 per
2376 1372 2630 1441 spiritum
2667 1386 2873 1434 meum,
2914 1379 2974 1426 ut
3004 1370 3278 1426 adderetis
3303 1386 3429 1441 pec-

1854 1471 2037 1517 catum
2074 1477 2236 1532 super
2274 1471 2578 1531 peccatum,
2614 1463 2707 1532 qui
2734 1463 3051 1528 ambulatis,
3096 1470 3158 1516 ut
3195 1462 3428 1517 descen-

1854 1554 2000 1620 datis
2031 1555 2086 1607 in
2128 1551 2421 1621 Egyptum
2454 1570 2467 1606 :
2505 1571 2524 1604 ι
2576 1535 2778 1621 quist
2828 1550 3114 1620 efiugium,
3157 1559 3213 1606 et
3240 1550 3429 1605 auxilii

1856 1660 1978 1714 spes
2008 1662 2026 1695 ι
2058 1644 2111 1696 in
2153 1642 2553 1707 confusionem,
2608 1650 2661 1697 et
2699 1644 3054 1713 ignominiam
3089 1661 3107 1694 υ
3154 1642 3430 1697 converti-

177 1733 270 1802 τῆς
298 1731 407 1785 άνω
436 1731 801 1801 κεχωρημένη
835 1730 1027 1800 ῥοπῆς,
1062 1731 1162 1804 οὐκ
1186 1730 1251 1785 ἂν
1273 1730 1366 1785 τοῦ
1400 1730 1751 1802 προτεθέντος

1859 1744 1943 1791 tur
1974 1734 2206 1807 (42-28).
2241 1732 2463 1804 Singula
2480 1733 2622 1788 enim
2649 1736 2761 1801 jam
2797 1733 2939 1788 dicta
2964 1743 3220 1804 cpera,et
3238 1732 3343 1789 alia
3372 1731 3429 1788 id

178 1825 355 1887 τέλους
383 1823 630 1892 ἐφίκοιτο
652 1840 666 1852 ⁸
697 1821 806 1897 οὐδ’
840 1825 873 1893 ὴ
900 1824 1095 1894 μελέτη
1125 1822 1262 1894 πρὸς
1297 1822 1455 1893 ἔργον
1484 1824 1749 1893 χωρήσει,

1859 1838 2029 1893 genus
2077 1824 2256 1891 plura,
2306 1834 2430 1875 cum
2469 1834 2707 1887 superna
2742 1814 3059 1875 directione
3107 1830 3293 1875 essent
3336 1821 3431 1875 de-

183 1914 251 1982 μὴ
300 1913 397 1984 τῆς
446 1911 657 1966 ἄνωθεν
711 1913 1302 1983 προκαταϐαλ).ομένης
1354 1913 1643 1983 εὐμενείας
1690 1914 1753 1967 τὺ

1859 1913 2068 1977 stituta,
2111 1912 2179 1967 ad
2211 1911 2552 1982 propositum
2587 1910 2693 1965 sibi
2730 1910 2893 1966 tinem
2927 1912 3115 1980 utique
3141 1913 3430 1981 pervenire

180 2004 425 2058 πλούσιον
460 2005 630 2069 ἔλεος.
664 2005 726 2058 Εἰ
762 2004 818 2058 δὲ
850 2006 942 2058 καὶ
981 1986 1286 2076 όργίζοιτο,
1322 1999 1403 2066 οἷς
1426 2004 1492 2057 ἄν
1520 2020 1605 2067 τις
1641 2005 1754 2067 τοῖς

1859 2017 1967 2056 non
2021 2008 2301 2070 poterant;
2364 2014 2542 2069 neque
2586 1999 2653 2053 ad
2702 2014 2840 2068 opus
2881 2000 3225 2071 designatum
3276 2002 3433 2057 indu—

178 2098 393 2161 οἰκείοις
469 2097 797 2161 διαϐουλίοις
846 2095 1159 2167 ἐρείδηται·
1214 2096 1330 2160 πῶς
1385 2095 1484 2149 οὐκ
1540 2097 1752 2166 ἀνάγκη

1859 2096 1992 2150 stria
2028 2094 2326 2164 perveniet,
2366 2093 2471 2147 nisi
2514 2094 2698 2148 divina
2744 2094 3034 2149 clementia
3078 2110 3215 2164 opus
3252 2094 3431 2163 ipsum

184 2189 389 2251 πάντως
434 2188 758 2259 διαμαρτεῖν
812 2186 908 2241 τοῦ
947 2186 1156 2253 τέλους,
1191 2186 1285 2239 καὶ
1322 2185 1549 2257 μηδενὸς
1572 2188 1754 2255 τυχεῖν

1862 2185 2182 2239 redundanti
2204 2185 2517 2253 auspicetur
2543 2184 2940 2240 misericordia.
2984 2184 3040 2239 Si
3069 2192 3250 2239 autem
3286 2183 3430 2239 Deus

184 2280 421 2333 ἑκάστων
480 2280 591 2333 τῶν
618 2281 698 2344 εἰς
728 2279 884 2334 τοῦτο
912 2277 1423 2352 παρενηνεγμένων,
1452 2269 1527 2331 ὧν
1550 2278 1584 2348 ἡ
1616 2274 1755 2345 γνώ-

1861 2276 2024 2328 etiam
2058 2275 2335 2338 irascitur,
2362 2290 2425 2330 eo
2457 2276 2600 2344 quod
2628 2275 2860 2344 propriis
2883 2276 3131 2330 consiliis
3154 2274 3432 2345 quispiam

185 2388 255 2442 μη
283 2370 581 2441 ἠγωνίζετο
605 2389 623 2439 ;

1866 2366 2159 2431 innitatur,
2201 2366 2481 2436 quomodo
2531 2366 2844 2421 necessario
2890 2381 2999 2421 non
3056 2367 3325 2437 sequitur,
3372 2370 3436 2419 ut

186 2468 279 2521 istc
324 2482 354 2521 a
403 2466 513 2522 fine
568 2467 819 2532 aberret,
876 2473 931 2522 et
986 2465 1192 2521 nullam
1238 2478 1421 2519 rerum
1474 2462 1543 2518 ad
1586 2461 1749 2517 linem
1788 2468 2253 2530 comparatarum,
2290 2461 2357 2515 ad
2428 2476 2568 2531 quas
2639 2458 2858 2513 animus
2895 2460 3274 2525 contendebat,
3305 2474 3435 2515 con—

188 2558 382 2617 (intrat?

262 2649 398 2701 Ἀλλ’
448 2647 613 2719 αὕτη.
655 2649 755 2719 μὲν
801 2649 900 2719 τῆς
950 2646 1185 2719 θεωρίας
1239 2649 1274 2719 ἡ
1328 2646 1559 2719 ἐπιϐολὴ
1615 2646 1754 2717 πρὸς

187 2740 280 2808 μὲν
311 2740 379 2793 τά
408 2740 797 2810 παραταθέντα
823 2741 985 2812 ῥητὰ,
1021 2739 1113 2795 καὶ
1137 2740 1190 2794 εί
1212 2757 1264 2793 τι
1295 2739 1505 2803 τούτοις
1531 2738 1755 2818 ἐνάμιλ-

185 2831 290 2898 λον,
304 2832 361 2886 τὸ
388 2831 760 2905 ἡρμοσμένον,
783 2836 875 2886 καὶ
900 2834 1234 2904 κατάλληλον
1258 2832 1629 2907 ἐπιδείκνυται
1660 2828 1753 2882 τοῦ

189 2925 447 2994 νοήματος
473 2938 487 2952 ⁶
524 2925 586 2977 οὐ
628 2926 734 2996 μήν
760 2941 824 2991 γε
846 2924 946 2994 τὴν
970 2923 1139 2995 αὐτὴν
1180 2923 1475 2977 ἀποδίδωσι
1536 2918 1748 2990 χρείαν,

189 3018 278 3067 καὶ
299 3015 393 3086 τὴν
448 3014 689 3085 ὲξαρχῆς
747 3014 1003 3067 ὑπόθεσιν
1040 3012 1461 3085 εὐμαράσασθαι
1503 3009 1616 3081 (29)
1645 3023 1658 3036 ⁶
1687 3008 1778 3081 τά,

189 3122 243 3156 τε
271 3107 373 3177 γάρ
396 3106 488 3159 τοῦ
511 3107 673 3173 λόγου
705 3098 1115 3176 προηγούμενα,
1154 3106 1245 3157 καὶ
1272 3105 1305 3174 ἡ
1332 3102 1466 3172 ἄλλη
1511 3101 1619 3153 τῶν
1659 3102 1755 3170 ρη-

1871 2660 1880 2667 ·
1923 2646 1992 2698 At
2027 2646 2139 2699 haec
2172 2642 2406 2697 indicata
2449 2642 2553 2695 loci
2593 2640 2859 2711 propositi
2891 2640 3167 2710 expositio
3201 2655 3428 2697 sensum

1850 2733 1970 2802 ejus
2021 2731 2259 2787 ostendit
2303 2745 2428 2785 cum
2485 2730 2732 2785 adductis
2785 2744 3068 2784 sacrarum
3100 2728 3433 2784 Litterarum

1853 2824 2109 2886 oraculis,
2139 2834 2192 2878 et
2223 2838 2348 2877 cum
2377 2822 2594 2876 caeteris
2626 2822 2941 2891 hujusmodi
2969 2836 3093 2884 esse
3119 2836 3433 2891 congruen-

1854 2922 1985 2974 tem,
2019 2920 2072 2963 et
2100 2917 2569 2975 consentaneum;
2601 2925 2789 2963 verum
2822 2909 2955 2979 quid
2994 2908 3097 2963 sibi
3142 2909 3294 2971 velit,
3322 2923 3432 2963 non

1861 3002 2066 3067 definit,
2096 3016 2271 3070 neque
2318 3001 2690 3055 difficultatem
2719 3016 2751 3055 a
2781 3001 3050 3071 principio
3098 3000 3433 3070 propositam

1860 3095 2021 3162 pL-ine
2053 3093 2210 3146 diluit
2246 3110 2260 3146 :
2305 3092 2576 3161 siquidem
2626 3101 2742 3147 tum
2790 3108 2854 3147 ea
2908 3092 3096 3159 verba,
3136 3107 3259 3163 qua:
3304 3101 3435 3147 sunt

194 3196 366 3264 μάτων
394 3196 656 3257 διασκευὴ
706 3195 843 3266 πρὸς
894 3196 1085 3265 ἑτέραν
1139 3193 1338 3264 μᾶλλον
1387 3191 1753 3263 προτρέπεται

1859 3184 2101 3238 diatribae
2122 3180 2283 3252 hujus
2300 3190 2701 3252 argumentum,
2730 3191 2843 3236 tum
2867 3182 3151 3253 appositus
3180 3183 3429 3237 locorum

190 3247 413 3339 διάνοιαν
432 3247 868 3341 νάῗπευθύνεσθαι.
904 3247 1207 3338 Τίηιοῦνδεῖ
1229 3247 1484 3354 λέγεινίῆ
1517 3247 1597 3336 τά
1635 3299 1653 3331 ι
1680 3280 1752 3333 Σύ

1861 3288 2029 3327 sacra:
2058 3247 2681 3341 Scripturaz'apparatus
2713 3273 2780 3326 ad
2802 3247 2966 3327 aliam
2998 3274 3178 3343 potius
3209 3281 3433 3328 senten-

192 3378 480 3448 ὼργίσθης,
514 3380 610 3431 καὶ
651 3381 811 3447 ἡμεῖς
841 3378 1219 3448 ἡμάρτομεν,›
1254 3377 1375 3446 οὐχὶ
1390 3376 1547 3428 τοῦτο
1568 3372 1750 3443 φησίν·

198 3488 213 3519 ι
237 3470 319 3533 Ὧς
329 3474 425 3541 τῆς
445 3473 548 3540 σῆς
575 3471 742 3540 ὀργῆς
763 3468 1129 3540 προελθούσης
1148 3465 1611 3539 ήάμαρτίαήμῶν
1628 3467 1754 3517 ἐκυ-

195 3561 363 3628 ρίευσε
390 3578 406 3625 ;
435 3582 452 3612 ι
492 3562 666 3614 Τοῦτο
688 3561 795 3629 γὰρ
812 3560 930 3612 οὐδὲ
950 3564 1051 3630 τὴν
1074 3561 1226 3614 θείαν
1246 3560 1334 3629 εἴη
1355 3557 1755 3628 δικαιοκρισίαν

193 3636 703 3715 διασώζοντος-οὐδ’
735 3650 907 3703 αἴτιον
940 3650 1153 3716 εἰσάγει
1178 3651 1270 3703 τὸν
1306 3650 1614 3718 ἄνθρωπον,
1646 3645 1755 3699 οὐδ’

195 3740 247 3790 ὲν
276 3733 352 3801 οἷς
374 3740 482 3792 άπὸ
540 3739 765 3808 γνώμης
794 3743 1185 3809 πονηρεύεται·
1223 3736 1361 3789 ἀλλὰ
1416 3736 1507 3787 τὸν
1574 3734 1754 3802 πάσης

194 3830 382 3893 κακίας
418 3830 685 3893 ἀναίτιον,
716 3830 905 3882 τοῦτον
936 3828 1299 3892 καταϐιϐάζει
1332 3830 1398 3898 τῇ
1433 3825 1755 3897 βλασφημίᾳ.

194 3921 321 3988 πρὸς
341 3921 398 3973 τὸ
427 3920 710 3973 ὑπαίτιονο
747 3920 839 3971 καὶ
864 3920 927 3989 δὴ
968 3921 1063 3973 καὶ
1092 3920 1152 3971 τὸ
1197 3917 1545 3982 αὐτεξούσιον
1602 3914 1755 3985 παρὰ

193 4012 284 4083 τὴν
316 4012 551 4083 ἐξαρχῆς
603 4011 819 4076 πλάσιν,
852 4014 947 4066 καὶ
972 4011 1181 4083 δωρεὰν
1203 4013 1294 4088 ἐίς
1318 4009 1378 4063 τὸ
1403 4009 1609 4074 δοῦλον,
1662 4006 1759 4061 καὶ
1790 4014 1807 4028 ⁸

196 4104 507 4170 ὐπεξούσιον
528 4106 994 4176 μεταπλάττοντα.
1025 4106 1088 4157 ΕΞ
1122 4103 1248 4175 γὰρ,
1272 4103 1403 4156 διότι
1442 4120 1461 4153 ι
1483 4099 1781 4171 ὠργίσθην

198 4197 524 4268 ἡμάρτομεν,
549 4216 569 4249 ›
609 4199 641 4267 ἡ
671 4199 807 4269 ὀργὴ
837 4197 935 4267 τὴν
969 4195 1241 4267 ἁμαρτίαν
1265 4194 1449 4249 ἔτεκεν
1468 4209 1482 4223 °
1512 4191 1682 4263 ὀργῆς
1711 4190 1757 4245 δ’

197 4288 402 4358 ἀμάχου
430 4289 776 4360 συνωθούσης
818 4292 899 4353 είς
956 4289 1333 4359 παράπτωμα,
1379 4284 1465 4349 τίς
1507 4282 1759 4352 ἀντιστή⁶

202 4394 343 4432 σεται
362 4396 379 4446 ;
666 4421 672 4427 .
1273 4394 1291 4405 ο

186 4696 189 4699 λ
267 4640 460 4712 Διόπερ
490 4642 571 4705 είς
598 4641 761 4695 τοῦτο
797 4642 896 4713 μὲν
923 4641 1292 4711 διαλογισμῶν
1325 4642 1649 4709 ἀπενεγκεῖν
1666 4639 1765 4703 τὰς

205 4729 346 4798 ἱεράς
379 4733 584 4801 φωνάς,
633 4733 858 4803 οὐδεμία
890 4733 1266 4803 παρείσδυσις,
1295 4733 1529 4802 μάλιστα
1560 4731 1769 4784 πολλῶν

202 4818 367 4874 ἄλλων
399 4823 743 4893 διδαγμάτων
772 4826 866 4877 καὶ
902 4822 1177 4893 πανταχοῦ
1210 4824 1310 4892 τῆς
1347 4824 1496 4893 ἱερᾶς
1523 4822 1765 4892 Γραφῆς,

203 4912 291 4962 καὶ
315 4912 377 4980 δὴ
405 4914 500 4966 καὶ
529 4916 584 4966 ὲν
614 4914 766 4984 αὐτῷ
797 4913 875 4984 τῷ
913 4916 1170 4986 προφήτῃ
1201 4913 1461 4966 τάναντία
1497 4912 1594 4964 καὶ
1619 4927 1766 4979 μαρ-

204 5004 525 5072 τυρομένων,
576 5007 669 5057 καὶ
724 5006 1120 5075 κρατυνόντων.
1191 5004 1330 5076 (Μὴ
1376 5005 1519 5074 γὰρ,
1576 5003 1763 5073 φησὶν.

205 5094 424 5164 ἐθάρυνε
470 5096 673 5168 Κύριος
702 5096 763 5150 τὸ
811 5092 903 5159 οὖς
955 5094 1120 5148 αὑτοῦ
1159 5093 1255 5147 τοῦ
1312 5095 1388 5165 μὴ
1418 5094 1759 5147 είσακοῦσαιο

272 5244 312 5275 ³⁷
342 5244 485 5302 Psal.
516 5264 697 5315 cxxvr,
736 5251 789 5305 1.
866 5250 912 5282 ³⁸
934 5248 1069 5303 ibid.
1103 5251 1159 5304 2.
1236 5250 1279 5284 ³⁹
1302 5250 1450 5306 Psal.
1476 5266 1661 5316 cum,
1697 5251 1783 5309 ιθ.

1854 3366 1981 3421 tiam
2013 3366 2174 3436 dirigi
2223 3367 2557 3422 desiderant.
2610 3364 2754 3431 Quid
2803 3380 2932 3435 ergo
2977 3366 3290 3428 dicendum,
3325 3364 3431 3420 nisi

1853 3457 1997 3525 quod
2028 3456 2120 3509 illo
2142 3442 2200 3506 ε’(
2232 3455 2310 3509 Tu
2342 3456 2511 3511 iratus
2535 3464 2690 3517 es,et
2710 3454 3154 3521 mserravimus,
3189 3474 3210 3507 ι
3238 3469 3434 3525 nequa-

1853 3563 2018 3617 quam
2047 3548 2151 3602 boc
2180 3548 2443 3602 innuatur
2474 3565 2488 3602 :
2520 3566 2540 3599 ι
2578 3546 2659 3602 0b
2689 3548 2827 3603 iram
2861 3557 3009 3603 tuam
3036 3550 3431 3618 praecedentem

1854 3652 2133 3711 peccatum
2184 3640 2241 3695 in
2289 3640 2444 3697 nobis
2475 3640 2816 3695 dominatum
2866 3640 2989 3697 est?
3037 3658 3057 3693 ι
3095 3639 3330 3695 Idenim
3372 3648 3434 3693 et

1854 3732 2092 3787 divinam
2130 3733 2666 3802 ltederetjustitiam,
2706 3742 2761 3787 et
2806 3734 3106 3793 hominem.
3139 3748 3207 3786 ne
3236 3746 3427 3786 eorum

1855 3825 2073 3893 quidem
2123 3825 2177 3879 in
2215 3826 2415 3895 quibus
2444 3841 2507 3880 ex
2536 3826 2703 3879 animi
2735 3826 3006 3881 sententia
3048 3832 3271 3895 peccat,
3300 3838 3433 3879 cau-

1854 3932 1972 3971 sam
2036 3917 2320 3981 redderet;
2379 3918 2475 3972 sed
2529 3920 2585 3973 in
2632 3918 2840 3981 Deum;
2906 3917 2999 3986 qui
3056 3916 3435 3985 cujuscunque

1854 4009 2026 4076 Culpa:
2073 4024 2238 4063 causa
2281 4024 2404 4064 esse
2456 4026 2561 4064 non
2588 4018 2784 4079 potest,
2816 4010 3029 4075 culpam
3062 4022 3156 4076 per
3185 4006 3435 4073 blasphe—

1856 4099 2022 4152 miam
2047 4098 2374 4154 transferret
2398 4118 2411 4153 :
2444 4103 2572 4170 quin
2607 4100 2769 4154 etiam
2798 4101 2964 4153 Deum
2990 4096 3274 4151 induceret
3293 4093 3437 4149 redi-

1857 4199 2070 4260 gentem
2101 4191 2341 4247 hominis
2374 4192 2678 4246 libertatem
2708 4198 2903 4245 contra
2933 4188 3263 4259 primitivum
3290 4199 3438 4241 crea—
3517 4204 3521 4210 ·

1856 4282 2083 4345 tionem,
2116 4282 2456 4353 gratiamque
2486 4283 2542 4335 in
2575 4282 2917 4345 servitutem,
2942 4289 2997 4334 et
3018 4274 3432 4347 subiectionem.

1860 4371 1917 4427 Si
1950 4373 2115 4437 enim,
2151 4373 2278 4442 quia
2308 4373 2451 4428 Deus
2482 4392 2503 4426 ι
2531 4374 2704 4427 iratus
2728 4382 2829 4435 est,
2862 4387 2963 4427 nos
2995 4370 3375 4441 peccavimus;
3410 4387 3430 4420 ι

1861 4464 1943 4517 ira
1972 4472 2255 4530 peccatum
2284 4464 2496 4533 peperit
2528 4480 2541 4516 :
2570 4462 2699 4515 dum
2732 4470 2913 4515 autem
2956 4462 3034 4513 ira
3074 4456 3437 4513 ineluctabilis

1794 4586 1841 4641 η
1870 4553 1935 4608 ad
1962 4563 2242 4624 peccatum
2274 4554 2566 4623 compellit,
2591 4554 2846 4623 quisnam
2875 4551 3130 4608 resistet?

1938 4644 2301 4710 Quamobrem
2336 4646 2483 4700 nulla
2514 4646 2599 4699 via
2642 4654 2750 4707 est,
2786 4659 2893 4713 qua
2919 4658 3083 4699 sacra
3114 4640 3337 4696 oracula
3370 4639 3441 4694 ad

1866 4734 2182 4805 huiusmodi
2231 4734 2423 4790 deliria
2480 4735 2695 4804 possint
2736 4733 3085 4803 detorqueri;
3136 4731 3437 4802 praesertim

1864 4840 1987 4879 cum
2024 4826 2129 4879 alia
2162 4833 2327 4894 atque
2354 4825 2459 4879 alia
2483 4826 2594 4880 sint
2622 4825 2950 4880 documenta
2972 4832 3107 4888 .tum
3145 4823 3348 4892 ubique
3384 4822 3437 4875 in

1863 4916 2037 4971 sacris
2059 4913 2297 4981 Litteris,
2326 4923 2437 4969 tum
2465 4914 2629 4969 etiam
2656 4914 2800 4985 apud
2825 4914 3075 4969 eumdem
3092 4911 3436 4983 prephetam.

1863 5022 1987 5078 qua:
2032 5006 2369 5063 contrarium
2420 5016 2476 5063 et
2515 5016 2782 5062 testantur
2833 5016 2888 5062 et
2940 5007 3215 5062 evincunt.
3260 5003 3442 5072 lnquit

1862 5099 2007 5153 enim
2045 5114 2060 5151 :
2092 5096 2213 5153 Non
2240 5108 2532 5169 aggravata
2567 5109 2651 5155 est
2686 5097 2837 5155 auris
2866 5098 3011 5169 ejus,
3040 5106 3104 5153 ut
3128 5111 3239 5153 non
3266 5110 3433 5151 exau.

1692 5403 1924 5461 ΝΟΤᾸΞ.

274 5509 477 5593 (42-28)
510 5512 778 5593 lsa..xxx,
808 5516 864 5579 1,
911 5518 965 5581 2,
997 5518 1186 5593 5._Sed
1222 5520 1310 5573 hic
1360 5519 1587 5593 [’hotius
1622 5520 1773 5577 Isaiae

210 5590 377 5658 potius
407 5589 739 5658 sententiam
772 5603 934 5654 quam
970 5590 1129 5641 verba
1164 5590 1215 5641 in
1255 5589 1431 5643 medio
1464 5592 1634 5658 ponit.

272 5649 378 5716 (29)
420 5651 491 5704 Ex
525 5649 819 5708 Barberino
861 5657 1270 5725 corrrigendnm
1319 5649 1542 5714 omni-no
1593 5661 1761 5730 εὐμαε

551 5748 827 5809 Ρηῑιοι..
867 5750 985 5809 (in.
1070 5751 1166 5812 CI.

1884 5524 2158 5601 ρίσασθαι,
2197 5525 2397 5601 Supple
2432 5528 2674 5595 δύναται,
2717 5542 2809 5585 aut
2836 5532 3037 5601 aliquid
3072 5530 3288 5593 simile;
3318 5528 3437 5601 nisi

1878 5596 2036 5670 malis
2069 5596 2424 5670 infinitivum,
2455 5610 2702 5659 contOrIa
2748 5596 3138 5670 aliquantulum
3171 5598 3440 5664 cuvtdisz,

1877 5663 1943 5716 ad
1968 5665 2261 5718 ἀποδίδωσι
2304 5666 2526 5721 referre.

3125 5760 3201 5817 10
