3864 6218
418 245 508 309 ξρι
1562 224 1837 308 PHO'I‘II
1870 222 2372 286 PATRIARCHA!
2407 222 2516 283 CP.
2555 219 2564 228 ·
3576 217 3670 280 ere

410 363 522 415 dial
576 374 590 412 :
634 355 730 412 sed
766 354 1084 425 iniquitates
1127 357 1328 407 vestrae
1361 347 1668 403 diviserunt
1697 342 1847 396 inter
1885 354 1936 394 vc

2147 336 2245 390 λλά
2273 335 2346 389 τὰ
2376 335 2754 408 ἁμαρτήματα
2805 331 2963 404 ὑμῶν
3014 328 3293 386 διῖστῶσιν
3356 334 3470 382 avo.
3530 333 3673 397 μέσον

407 465 465 507 et
496 450 665 503 Deum
697 455 977 512 vestrum;
1016 455 1070 500 et
1116 449 1340 514 peccata
1367 447 1551 494 vestra
1584 432 1929 489 absconderu

2148 427 2281 500 μῶν,
2311 429 2407 482 καὶ
2445 427 2551 481 ἀνὰ
2587 425 2752 496 μέσον
2784 423 2880 480 τοῦ
2911 423 3047 477 Θεοῦ
3079 440 3092 454 ·
3124 423 3221 476 καὶ
3259 421 3345 475 διὰ
3373 421 3483 483 τὰς
3514 421 3674 489 ἀμαρ-

405 539 615 596 faciem.
629 537 750 608 ejus
779 553 810 592 a
838 510 1012 602 vobis,
1042 510 1423 589 ne—exaudiret
1451 527 1647 600 (30).»)
1673 523 1857 592 Quare
1883 539 1931 576 nl

2149 521 2223 582 ῐας
2266 520 2420 590 ὑμῶν
2483 517 2794 588 ἀπέστρεψε
2824 515 2887 570 τὸ
2920 517 3214 588 πρόσωπον
3250 510 3423 568 αὐτοῦ
3492 511 3584 564 τοῦ
3616 513 3675 583 μὴ

406 632 537 703 quia
571 632 714 686 Deus
767 644 825 684 se
855 628 1084 688 avertit,
1113 639 1214 679 nos
1243 634 1573 692 peccamus:
1603 630 1702 670 nec
1743 613 1874 682 quia
1906 612 1932 664 il

2150 613 2342 682 ιεῆσαι.
2376 631 2395 665 ι
2442 612 2603 664 Ὥστε
2649 610 2751 664 οὐκ
2782 613 2847 663 ὲκ
2872 608 2976 678 τῆς
3039 608 3208 670 θείας
3241 604 3602 676 ἀποστροφῆς
3629 605 3676 658 τὸ

408 697 671 793 praeterit,
699 731 753 776 et
783 735 892 774 non
921 717 1168 782 exaudit,
1192 721 1414 785 peccata
1443 712 1496 766 in
1523 707 1684 764 nobis
1715 704 1934 760 domina

2151 703 2440 774 μαρτάνειν
2498 704 2682 772 ἡμᾶς⁸
2735 701 2858 754 οὐδὲ
2886 701 2951 754 ἐκ
2977 700 3071 752 τοῦ
3132 699 3423 769 παρορᾷν,
3475 697 3569 748 καὶ
3617 698 3677 764 μὴ

414 782 500 868 tur
529 831 544 867 :
579 782 674 867 sed
705 811 836 882 quia
872 782 1272 879 peccamusiet
1300 800 1692 872 delinquimus.
1748 794 1890 850 Deus

2153 795 2357 863 κούειν,
2412 794 2521 848 τῶν
2572 787 2986 864 ἁμαρτημάτων
3018 791 3265 862 ὴίσχύς’
3320 788 3445 843 ἀλλ’
3505 788 3566 853 ἐξ
3617 782 3679 841 ὧν

415 904 613 962 avertit
637 880 805 970 se,_et
830 902 1111 964 irascitur,
1141 909 1196 954 et
1229 912 1330 952 nos
1371 889 1722 961 derelinquit.
1774 887 1840 941 Et
1879 903 1940 941 ru

2150 888 2514 958 μαρτάνομεν,
2549 885 2645 939 καὶ
2677 884 3130 955 πλημμελοῦμεν,
3159 882 3308 952 καὶὴ
3341 880 3676 950 ἀποστροφὴ,

417 1012 514 1054 sus
549 1015 564 1052 :
600 993 1055 1066 Exspectavimus
1079 989 1371 1061 judicium,
1399 993 1578 1040 etnon
1605 991 1721 1046 est;
1746 978 1943 1033 saluter

2149 981 2246 1050 αὶὴ
2272 980 2432 1052 ὀργὴ,
2454 980 2550 1032 καὶ
2575 980 2609 1050 η
2641 976 3028 1046 ὲγκατάλειψις
3052 975 3148 1028 τοῦ
3172 974 3333 1029 Θεοῦ.
3369 973 3491 1028 Καὶ
3513 974 3675 1028 πάλιν·

419 1096 475 1142 et
515 1086 768 1156 elongata
818 1091 902 1139 est
938 1097 968 1136 a
998 1080 1181 1136 nobis.
1233 1095 1252 1128 ι
1298 1075 1438 1141 Quid
1475 1072 1593 1128 ita?
1632 1069 1945 1156 Multiplicat

2149 1071 2556 1143 η’Δνεμείναμεν
2603 1071 2808 1141 κρίσιν,
2846 1071 2942 1124 καὶ
2973 1069 3074 1122 οὒκ
3104 1067 3220 1121 ἔστι
3262 1067 3540 1136 σωτηρία,
3585 1084 3675 1135 μα-

420 1186 553 1236 sunt
585 1155 732 1233 enim
769 1174 1084 1245 iniquitates
1109 1177 1315 1226 nostrae
1355 1180 1540 1222 coram
1577 1171 1652 1228 te,
1693 1155 1748 1217 et
1779 1175 1944 1232 pecca

2155 1164 2246 1237 ρὰν
2310 1165 2621 1238 ἀφέστηκεν
2668 1163 2971 1239 ἀφ’-ήμῶν.
2999 1181 3019 1214 ι
3067 1161 3166 1215 Διά
3197 1161 3250 1215 τί
3272 1177 3287 1226 ;
3333 1180 3350 1213 ι
3380 1160 3563 1228 Πολλὴ
3593 1161 3681 1232 γὰρ

421 1280 614 1326 nostra
643 1267 1046 1339 responderunt
1068 1262 1259 1328 nobis;
1286 1258 1414 1331 quia
1446 1256 1655 1314 scelera
1685 1263 1873 1309 nostra
1903 1268 1947 1306 nt

2154 1259 2266 1330 μῶν
2291 1260 2326 1330 ἡ
2353 1255 2828 1329 ἀνομίαὲναντίον
2861 1272 2979 1319 σου,
3009 1256 3106 1308 καὶ
3137 1256 3195 1308 αἱ
3223 1253 3507 1324 ἁμαρτίαι
3549 1254 3680 1320 ἡμῶν

421 1364 661 1428 hiscum,
718 1369 773 1415 et
807 1357 1124 1427 iniquitates
1171 1363 1394 1409 nostras
1447 1348 1804 1421 cognovimus
1835 1366 1848 1402 :
1883 1359 1947 1415 pe

2152 1352 2446 1430 ντέστησαν
2495 1351 2660 1420 ἡμῖν·
2689 1349 2742 1402 αἱ
2777 1347 2887 1417 γὰρ
2950 1347 3173 1417 ἀνομίαι
3228 1345 3393 1416 ἡμῶν
3420 1347 3482 1397 ὲν
3545 1346 3678 1413 ἡμῖν,

423 1469 572 1521 care,
601 1461 655 1508 et
688 1449 909 1506 mentiri
932 1457 1122 1503 contra
1143 1445 1479 1511 Dominum;
1510 1451 1564 1496 et
1585 1438 1764 1495 aversi
1794 1452 1949 1494 sumu

2153 1443 2207 1497 αὶ
2258 1443 2330 1497 τὰ
2380 1443 2695 1512 ἀδικήματα
2755 1439 2912 1512 ἡμῶν
2973 1439 3258 1508 ἔγνωμενο
3312 1437 3679 1507 ἠσεϐήσαμεν.

425 1559 496 1599 ne
525 1543 730 1598 iremus
764 1547 884 1610 post
915 1547 1132 1606 tergum
1169 1534 1263 1591 Dei
1293 1532 1468 1590 nostri
1497 1531 1566 1585 ⁸ο.
1602 1549 1621 1583 ι

2156 1536 2209 1589 αὶ
2261 1527 2613 1605 ὲψευσάμεθα
2639 1550 2652 1564 ·
2689 1533 2787 1587 καὶ
2836 1531 3160 1603 ἀπέστημεν
3204 1531 3313 1585 ἀπὸ
3356 1527 3586 1583 ὄπισθεν
3608 1528 3682 1582 τοῦ

2113 1623 2253 1678 Θεοῦ
2281 1625 2459 1695 ἡμῶν.
2484 1644 2502 1677 ι

500 1720 676 1791 Atque
719 1715 1038 1789 huiusmodi
1097 1713 1359 1784 loquendi
1401 1711 1583 1767 modis
1640 1716 1848 1766 scatent
1894 1714 2009 1761 tum

2183 1717 2294 1770 Καὶ
2341 1705 2523 1787 πλήρη
2550 1714 2656 1768 τῶν
2709 1713 2971 1768 τοιούτων
3020 1713 3274 1784 χρήσεων
3297 1712 3370 1766 τά
3396 1729 3461 1765 τε
3485 1711 3677 1766 Παλαιὰ

427 1812 642 1870 Veteris
689 1807 1032 1867 Testamenti
1081 1805 1366 1871 doctrinae,
1418 1811 1536 1858 tum
1589 1816 1688 1868 eae,
1728 1800 1784 1854 in
1815 1797 1953 1869 quib]

2155 1809 2450 1879 [αθήματα,
2501 1808 2594 1861 καὶ
2614 1808 2672 1860 ὲν
2699 1802 2782 1872 οἷς
2815 1808 2848 1877 ή
2883 1807 3042 1876 χάρις
3093 1805 3535 1869 ἀνακαινίζεται.
3593 1801 3681 1857 Ποῦ

431 1901 603 1972 gratia
645 1901 963 1955 innovatur.
993 1895 1101 1951 Ubi
1127 1909 1258 1965 ergo
1288 1900 1434 1950 esset
1465 1890 1754 1961 sapientia,
1781 1898 1835 1944 et
1857 1887 1957 1942 inte

2152 1896 2296 1950 οίνυν
2329 1896 2541 1964 σοφίας,
2603 1895 2699 1950 καὶ
2763 1894 3058 1958 συνέσεως,
3119 1897 3219 1959 τῆς
3260 1894 3436 1962 αὐτῆς
3466 1893 3560 1946 νῦν
3601 1893 3678 1961 μὲν

432 1991 688 2064 ligentia,
741 1991 789 2045 si
833 1989 952 2059 ipsa
981 1986 1145 2043 modo
1175 1985 1394 2056 quidem
1425 1985 1666 2048 doceret,
1700 1981 1848 2051 quod
1893 1993 1958 2048 pe

2158 1985 2496 2058 ιδασκούσης,
2539 1987 2614 2050 ὡς
2643 1985 2729 2056 είη
2754 1984 2856 2055 τῆς
2889 1982 3190 2056 ἁμαρτίας,
3228 1986 3324 2036 καὶ
3358 1983 3684 2052 ἀποστροφῆς

434 2085 540 2139 cati
571 2081 770 2145 nostri,
798 2092 855 2136 et
879 2079 1202 2135 aversiones
1223 2077 1424 2132 divinae
1456 2089 1622 2131 causa
1666 2074 1738 2128 sit
1773 2071 1868 2127 Dei
1898 2071 1960 2125 ir:

2153 2081 2291 2134 ,ίτιον
2313 2081 2347 2150 ὴ
2370 2079 2508 2148 ὀργή
2535 2093 2549 2107 ⁸
2591 2077 2686 2132 νῦν
2711 2077 2768 2131 δὲ
2801 2077 2900 2148 τὴν
2932 2076 3311 2149 ἀποστροφὴν,
3344 2075 3448 2130 καὶ
3479 2076 3574 2145 τὴν
3603 2075 3679 2144 ὀρ-

435 2174 600 2230 modo
625 2184 833 2240 autem,
868 2171 1011 2242 quod
1050 2176 1335 2242 peccatum
1378 2167 1555 2237 pariat
1585 2163 1930 2221 aversionem

1461 2167 1555 2221 ria!
1585 2163 1930 2221 aversione!"
1965 2168 2022 2216 ει
2121 2171 2225 2242 γὴν
2250 2169 2352 2244 τὴν
2384 2171 2660 2242 ἁμαρτίαν
2684 2169 2987 2224 ἀποτελεῖν.

438 2261 625 2316 iram?

508 2351 580 2407 At
612 2351 805 2406 istbaec
825 2347 1238 2413 commentatio,
1262 2353 1316 2402 et
1329 2343 1834 2400 considerationum
1862 2341 2024 2396 indu-

2208 2350 2350 2404 Ἀλλ’
2399 2349 2542 2421 αὕτη
2605 2350 2704 2422 μὲν
2736 2352 2770 2422 ἡ
2797 2350 3162 2418 συνεξέτασις,
3215 2349 3312 2403 καὶ
3384 2348 3579 2420 μελέτη
3601 2346 3686 2399 τῶν

440 2444 574 2499 stria
605 2442 911 2497 luculenter
943 2440 1162 2511 quidem
1193 2438 1448 2522 exposuit
1494 2435 1781 2492 oraculum
1822 2448 1966 2504 propr

2155 2443 2428 2514 07:69.5»),
2453 2444 2536 2497 ὅτι
2565 2443 2663 2514 μὲν
2696 2444 2758 2497 οὐ
2788 2443 2940 2513 δηλοῖ
2960 2443 3022 2496 τὸ
3048 2442 3247 2510 Λόγιον
3274 2441 3681 2516 κατάρχειν,τῆς

442 2537 608 2590 situm
636 2549 746 2588 non
774 2532 1086 2596 ostendere,
1121 2531 1266 2601 quod
1298 2530 1378 2584 ira
1405 2535 1690 2600 peccatum
1723 2525 1964 2596 produca

2158 2534 2404 2605 ιμαρτίας
2435 2534 2536 2604 τὴν
2561 2536 2753 2605 ὀργὴν,
2800 2535 3116 2604 παρέστησε
3150 2532 3468 2604 τηλαυγῶς·
3497 2533 3547 2584 τί
3581 2547 3684 2584 ποτε

441 2627 576 2698 quid
621 2634 803 2681 autem
841 2624 1020 2695 ipsum
1053 2624 1343 2679 oraculum
1391 2622 1604 2685 innuat,
1638 2619 1879 2673 nondum
1907 2631 1967 2686 pe

2161 2626 2323 2680 έὲστι
2348 2627 2409 2679 τὸ
2436 2625 2764 2698 δηλούμενον
2793 2628 2883 2680 ὑπ’
2915 2627 3106 2692 αὑτοῦ,
3155 2627 3343 2679 οὐκέτι
3391 2625 3584 2694 ὁμοίως
3608 2624 3685 2676 ὑπ-

454 2721 634 2789 spicue
665 2718 984 2773 declaravit.
1017 2717 1206 2771 Altero
1239 2716 1424 2784 itaque
1466 2709 1824 2781 expositionis
1866 2707 1980 2762 mod

2159 2717 2330 2784 δειξεν
2376 2719 2655 2788 ἐμφανῶς
2705 2718 2917 2772 Οὐκοῦν
2968 2719 3070 2787 τῆς
3131 2717 3326 2789 ἑτέρας
3375 2715 3685 2784 ἐπισκέψεως

449 2818 691 2872 utamur,
731 2814 967 2878 oportet,
1004 2821 1068 2861 ac
1101 2805 1338 2861 fortasse
1365 2817 1428 2858 ea
1461 2802 1627 2857 verba
1656 2800 1760 2855 hoc
1789 2799 1896 2855 sibi
1931 2815 1975 2854 v4

2158 2808 2333 2877 τρόπον
2363 2811 2396 2878 ἡ
2431 2809 2590 2880 χρεία
2637 2809 2968 2880 παρακαλεῖ,
3002 2807 3125 2862 θεαὶ
3184 2809 3313 2872 ἴσως
3348 2809 3418 2862 ἂν
3451 2806 3611 2860 ἐθέλοι
3634 2805 3684 2857 τὰ

449 2905 568 2956 Ιιιηι
603 2918 618 2956 :
660 2919 679 2952 ι
714 2900 833 2955 lras
887 2899 1112 2970 quidem
1156 2896 1376 2952 aliunde
1399 2895 1454 2949 in
1500 2909 1603 2950 nos
1647 2893 1911 2949 excitatas
1941 2903 1975 2946 ll

2159 2897 2289 2964 ,όγια
2337 2896 2561 2966 δηλοῦνο
2594 2897 2725 2962 «Ὣς
2755 2898 2854 2962 τὰς
2903 2899 3002 2968 μὲν
3058 2897 3356 2969 ἀλλαχόθεν
3397 2897 3685 2966 κινουμένας

447 2993 783 3064 propulsavit
811 2990 1099 3048 clementia
1140 3003 1206 3045 ac
1243 2986 1621 3044 misericordia
1656 3000 1869 3056 :quare
1899 2983 1970 3037 du

2158 2989 2306 3060 ιργάς
2334 2991 2368 3060 ή
2400 2989 2468 3062 σὴ
2525 2989 2789 3055 πολλάκις
2841 2990 3074 3061 ἀνέκοψε
3135 2990 3560 3062 φιλανθρωπία,
3613 2989 3684 3041 καὶ

446 3084 608 3139 nobis
659 3098 819 3138 error
857 3080 1227 3151 impendebat,
1261 3079 1503 3148 dumque
1537 3076 1887 3145 insurgentes
1935 3075 1972 3128 Ir

2158 3081 2491 3152 ςυμπάθεια·
2551 3083 2631 3136 διὸ
2665 3083 2762 3138 καὶ
2805 3082 3075 3154 ἁμαρτεῖν
3131 3083 3290 3154 ἡμῶν
3342 3082 3684 3155 προθεμένων.

449 3187 560 3231 stes
587 3176 870 3230 irruebant
899 3173 953 3227 in
987 3187 1110 3236 nos,
1146 3181 1205 3225 ut
1231 3170 1310 3225 eis
1346 3178 1535 3225 nostra
1564 3167 1702 3221 ultio
1725 3167 1972 3220 committ

2157 3175 2232 3228 (αἱ
2257 3175 2358 3244 τὴν
2401 3175 2615 3245 ἄμυναν
2669 3176 2991 3246 ἐπιτρέπειν
3050 3177 3288 3242 ἑαυτοῖς,
3341 3177 3403 3228 ἐν
3467 3175 3538 3244 τῷ
3585 3175 3683 3232 τοὺς

473 3275 630 3331 'etur;
686 3264 1026 3334 praeveniens
1061 3272 1155 3317 tua
1195 3261 1389 3331 gratia,
1427 3269 1590 3329 atque
1634 3257 1942 3326 benignitas
1985 3272 1999 3310 ε

2158 3267 2602 3336 ιπανισταμένους
2615 3266 2737 3321 καθ’
2757 3267 2914 3338 ἡμῶν
2926 3267 3060 3338 φέρε
3068 3267 3210 3331 σθαι,
3225 3269 3257 3337 ἡ
3276 3268 3340 3337 σὴ
3361 3267 3684 3338 προφθάσασα

492 3360 674 3430 isjecit
708 3360 924 3413 illorum
963 3356 1280 3420 consilium,
1314 3362 1366 3408 ct
1398 3369 1501 3408 nos
1547 3361 1656 3406 tam
1690 3352 1759 3428 ab
1791 3352 2018 3420 ipsorun

2159 3359 2321 3428 ίὰρις,
2373 3358 2469 3410 καὶ
2518 3358 2779 3428 εὐμένεια
2807 3359 2903 3411 καὶ
2936 3358 3037 3429 τὴν
3100 3357 3324 3410 ἐκείνων
3376 3357 3607 3411 ἐπίνοιαν
3630 3354 3685 3406 δι-

479 3459 685 3518 mpetu,
713 3461 875 3516 quam
898 3462 928 3500 a
957 3451 1150 3500 nostr!
1181 3459 1370 3499 errore
1393 3442 1616 3512 eripuit.
1640 3439 1800 3499 Nunc
1830 3449 2005 3493 autem

2159 3449 2424 3515 :cxéGaaa,
2472 3451 2568 3504 καὶ
2588 3452 2739 3521 ἡμᾶς
2768 3450 3040 3521 ἑκατέρας
3067 3450 3268 3520 ὁρμῆς,
3320 3451 3421 3503 καὶ
3455 3445 3685 3516 ἁμαρτίας

463 3547 752 3608 postquam
785 3537 922 3591 nihil
950 3534 1261 3606 hujusmodi
1291 3549 1321 3587 a
1357 3543 1448 3587 tua
1487 3531 1826 3602 providentia
1863 3530 1989 3599 disp

2159 3539 2439 3612 ιξήρπασε.
2458 3539 2573 3592 Νῦν
2595 3539 2652 3593 δὲ
2679 3540 2869 3610 ἐπειδὴ
2910 3540 3078 3611 μηδὲν
3097 3542 3292 3610 ὁρᾶται
3308 3538 3548 3593 τοιοῦτον
3571 3535 3685 3604 παρὰ

464 3632 632 3685 situm
663 3628 1023 3696 conspicitur,
1064 3627 1160 3682 sed
1191 3641 1290 3696 pro
1333 3634 1425 3680 tua
1461 3625 1796 3694 benignitate
1845 3631 1899 3677 et
1931 3623 1990 3678 ch

2158 3630 2240 3701 τῆς
2271 3631 2371 3701 σῆς
2405 3631 2665 3702 προνοίας
2694 3631 2979 3701 οίκονομού
2989 3647 3170 3700 μενον·
3197 3631 3314 3684 ἀλλ’
3342 3631 3454 3684 ἀπὸ
3477 3629 3568 3697 τῆς
3612 3627 3684 3694 σῆς

461 3723 666 3777 mentia
696 3721 930 3792 insurgit
964 3721 1081 3786 ira;
1116 3719 1236 3773 sine
1277 3717 1687 3787 impedimento,
1725 3723 1914 3785 utpote
1946 3731 1987 3766 nl

2159 3722 2497 3794 ἱιγαθότητος,
2525 3723 2619 3776 καὶ
2645 3722 3057 3794 φιλανθρωπίας
3073 3725 3106 3791 ὴ
3139 3723 3276 3793 ὀργή
3304 3737 3317 3752 ·
3341 3722 3442 3775 καὶ
3464 3721 3520 3773 τὺ
3542 3721 3685 3787 ἁμαρ-

460 3815 606 3868 mine
641 3813 988 3882 prohibente,
1043 3809 1316 3879 sequitur,
1359 3816 1420 3862 ut
1475 3822 1578 3861 nos
1611 3821 1880 3861 erremus.
1925 3805 1986 3860 Ill

2159 3817 2256 3868 ξεῖν
2298 3816 2468 3886 ἡμᾶς,
2514 3815 2590 3879 ὡς
2641 3815 2868 3886 μηδενὸς
2903 3813 3373 3878 ἀναστέλλοντος,
3437 3809 3685 3869 ἀκωλύτως

459 3905 606 3959 enim
639 3905 810 3958 multa
834 3914 992 3958 erant
1019 3903 1214 3957 salutis
1243 3908 1448 3954 nostra:
1477 3897 1747 3968 perfugia,
1789 3897 1918 3966 quia
1949 3907 1985 3950 ιι

2159 3904 2355 3960 ίπεται.
2421 3905 2569 3957 Ἐκεῖ
2607 3905 2706 3976 μὲν
2732 3905 2841 3975 γὰρ
2876 3904 3072 3958 πολλαὶ
3110 3904 3210 3973 τῆς
3251 3904 3530 3973 ἡμετέρας
3551 3895 3685 3964 σωτηλ

462 3997 742 4052 miseratio
783 4004 837 4049 et
875 3993 1216 4065 providentia
1262 3999 1505 4046 nostram
1547 3989 1771 4058 regebat
1797 3986 1988 4042 imbeci

2157 3995 2268 4065 pta;
2297 3998 2353 4049 αἱ
2385 3997 2654 4066 ἀφορμαὶ,
2690 3997 2788 4065 τῆς
2812 3996 2912 4066 σῆς
2943 3994 3305 4065 συμπαθείας,
3342 3995 3439 4046 καὶ
3476 3988 3683 4060 προνοίας

461 4090 665 4142 litatcm
701 4104 715 4140 :
752 4087 839 4141 hic
889 4099 1094 4151 autem,
1154 4083 1282 4154 quia
1332 4083 1414 4136 ira
1459 4095 1558 4151 per
1611 4088 1864 4135 nostrum
1913 4094 1987 4146 erg

2158 4087 2479 4158 συνεχούσης
2499 4089 2532 4159 ἠ
2541 4088 2657 4158 μῶν
2687 4088 2748 4141 τὸ
2772 4087 3048 4141 εὐόλισθον
3070 4102 3083 4116 ⁸
3104 4084 3341 4140 ἐνταῦθα
3354 4085 3416 4139 δὲ
3430 4087 3524 4154 τῆς
3552 4077 3684 4149 ὀργῆς

464 4179 877 4246 νίιίαθιιιοινοηι
910 4179 1135 4233 incensa
1165 4185 1270 4242 est,
1303 4182 1359 4230 et
1389 4188 1553 4228 nemo
1594 4173 1858 4242 impetum
1890 4185 1988 4225 coe

2160 4182 2212 4232 ὲκ
2235 4177 2338 4248 τῆς
2365 4178 2524 4248 ἡμῶν
2557 4179 2695 4249 πρὸς
2715 4179 2786 4232 τὰ
2809 4177 2956 4249 πάθη
2987 4176 3291 4249 πυρώσεως
3322 4167 3686 4248 ἀναρῤιπισθεί·

463 4277 571 4331 cet,
619 4269 721 4337 ipsi
773 4269 978 4323 nostris
1007 4266 1256 4323 consiliis
1288 4265 1344 4320 in
1386 4263 1561 4333 ipsam
1594 4262 1802 4334 peccati
1831 4259 1987 4316 fovea

2159 4285 2270 4338 ⁵ηςν
2337 4270 2432 4322 καὶ
2483 4268 2711 4340 μηδενὸς
2742 4270 2839 4340 τὴν
2867 4268 3042 4340 φορὰν
3077 4269 3389 4338 ἐπέχοντος,
3445 4264 3606 4322 αὐτοῖς
3623 4260 3685 4309 λο-

466 4359 706 4430 prolapsi
733 4373 946 4416 sumus.
993 4377 1013 4410 ι

2158 4357 2372 4429 γισμοῖς
2404 4360 2484 4422 εἰς
2518 4357 2680 4414 αὑτὸν
2701 4358 2791 4413 τὸν
2820 4360 2920 4431 τῆς
2949 4359 3226 4431 ἁμαρτίας
3254 4359 3476 4430 βόθυνον
3502 4348 3684 4414 ὡλισθή⁴

2156 4465 2353 4518 σαμεν.
2376 4467 2396 4500 ι
2465 4483 2468 4487 .

535 4541 807 4595 Caeterum
857 4547 1149 4609 postquam
1188 4531 1302 4602 ille,
1357 4535 1450 4605 qui
1485 4539 1705 4598 cuncta,
1737 4540 1792 4588 et
1833 4529 2052 4600 quidem

2229 4540 2442 4604 Ἀλλως
2492 4558 2552 4594 τε
2606 4541 2665 4596 δὲ
2716 4539 2938 4594 ἐπειδὰν
2983 4541 3015 4594 ὁ
3055 4541 3238 4598 πάντα
3294 4536 3566 4610 προειδὼς,
3617 4527 3683 4584 κειξ

471 4631 668 4686 melius
699 4641 825 4685 ante
872 4632 1232 4693 creationem,
1268 4642 1434 4697 quam
1471 4627 1515 4680 si
1564 4633 1748 4679 creata
1799 4621 1921 4676 ruis:

2158 4635 2424 4702 κρεῖττον,
2458 4634 2491 4704 ἧ
2517 4633 2593 4696 ὡς
2619 4633 2902 4702 γεγονότα,
2936 4634 3043 4703 πρὸ
3077 4633 3366 4702 γενέσεως,
3392 4635 3452 4688 τὸ
3477 4629 3566 4697 τῆς
3586 4620 3684 4692 γνά»

473 4723 742 4792 praevidit,
793 4723 1046 4776 animi—et
1099 4720 1318 4776 consilii
1372 4718 1546 4773 nostri
1600 4717 1921 4787 pravitatem
1973 4719 1999 4769 i1

2158 4739 2266 4793 μης
2297 4724 2524 4792 φαῦλον,
2553 4725 2650 4778 κα)⁵
2676 4725 2772 4795 τῆς
2815 4724 3048 4798 μελέτης
3079 4727 3143 4795 τῇ
3167 4724 3450 4795 ἁδεκάστῳ
3468 4721 3681 4785 ζυγοστα-

470 4823 728 4883 corrupta
761 4812 1351 4883 expenderitjustitia,
1402 4811 1654 4879 iramque
1696 4824 1820 4864 cum
1847 4807 1996 4878 judic

2155 4814 2296 4884 τήσῃ
2317 4813 2462 4887 δίκῃ,
2493 4816 2588 4868 καὶ
2613 4815 2710 4886 τὴν
2734 4806 2903 4886 ὀργὴν
2940 4815 3152 4886 συνάψῃ
3184 4817 3250 4886 τῇ
3285 4815 3484 4886 κρίσει,
3512 4810 3590 4862 καὶ
3613 4801 3681 4870 τὴν

473 4906 842 4976 coniunxerit,
893 4914 950 4960 et
999 4905 1209 4975 peccati
1247 4917 1466 4974 pmnam
1506 4901 1887 4967 constituerit;
1924 4900 1994 4954 du

2158 4903 2391 4974 ἀμοιϐὴν
2438 4905 2596 4978 ὁρίσῃ
2627 4905 2721 4958 τοῦ
2759 4907 3155 4978 ἁμαρτήματος
3176 4923 3189 4936 ο
3222 4906 3366 4959 οὕτω
3424 4905 3514 4973 τῆς
3544 4897 3684 4967 φιλᾶν

471 4997 655 5050 divina
693 4997 980 5053 clementia
1021 5013 1086 5052 ac
1116 4995 1425 5066 benignitas
1451 4996 1526 5049 ita
1559 4995 1614 5048 in
1646 5009 1744 5047 nos
1773 5008 1832 5048 se
1870 4992 1997 5046 habt

2157 4993 2425 5064 θρωπίας,
2481 5001 2577 5050 καὶ
2636 4998 2976 5072 ἀγαθότητος
3022 5000 3155 5068 περὶ
3189 5000 3334 5068 ἡμᾶς
3369 4990 3679 5060 διακειμένηῇ

472 5087 599 5156 quis
652 5088 935 5144 decretum
984 5101 1265 5153 revocare,
1317 5084 1441 5155 quis
1491 5083 1781 5138 adversam
1837 5089 1998 5136 sentel

2155 5085 2239 5148 τίς
2269 5087 2368 5156 μὲν
2415 5090 2731 5144 ἀναστεῖλαι
2761 5091 2860 5162 τὴν
2888 5091 3090 5162 ψῆφον,
3128 5090 3212 5154 τίς
3235 5090 3293 5144 δὲ
3325 5089 3423 5161 τὴν
3467 5084 3681 5149 ἀπόφασιν

475 5181 603 5234 tiam
635 5190 878 5253 tempore
905 5182 1077 5237 lenire
1112 5178 1354 5252 poterit?
1378 5175 1526 5247 quod
1553 5174 1773 5245 quidem
1800 5173 1874 5229 ibi
1923 5188 2001 5229 co:

2157 5178 2338 5249 Χρόνῳ
2363 5181 2606 5252 πραῧναι
2633 5183 2944 5256 δυνήσεται’
2979 5185 3118 5250 ὅπερ
3145 5183 3335 5237 εἴωθεν
3359 5177 3601 5248 ἀπαντᾷν.
3621 5163 3678 5234 ἔφ’

537 5315 584 5347 ⁸⁰
624 5317 728 5371 lsa.
762 5334 871 5384 le,
908 5319 993 5382 11,
1033 5319 1232 5382 12,15.

1993 5454 2227 5511 NOTAE.

506 5640 520 5693 ἰ
526 5572 682 5694 £31)"
703 5571 975 5694 Ιᾰέ.“ἰ,ιίιὲ
999 5571 1034 5694 si
1059 5581 1126 5694 (ξι
1154 5573 1211 5626 2,
1258 5572 1316 5624 1η
1353 5571 1458 5625 hoc
1497 5577 1677 5624 autem
1724 5579 1776 5624 et
1815 5569 2062 5636 sequenti
2106 5568 2261 5625 Isaiae
2301 5571 2421 5626 loco
2452 5571 2681 5626 Photius
2743 5570 3149 5639 LXXviralem,
3179 5583 3280 5640 ego
3320 5568 3675 5639 Vulgalaznver'

878 5657 941 5694 θ’
1029 5659 1055 5692 t3
1101 5657 1216 5694 llill‘.

475 5655 682 5696 810116111
724 5655 789 5696 σε
820 5657 975 5696 1110ὶέ
999 5656 1216 5718 sequar.
