3830 6210
196 312 285 375 293
368 350 377 360 .
1002 300 1005 301 ί
1129 304 1228 362 AD
1265 294 1851 361 AMPHILOCHIUM
1889 292 2232 367 QUIESTIO
2289 292 2475 353 XLII.
3284 289 3390 351 est

195 415 256 473 ὢν
290 412 468 487 tam
494 410 871 482 προλαμϐάνει
923 409 1015 462 τὸν
1075 409 1262 478 χρόνον
1319 407 1418 476 τῆς
1450 406 1707 479 κρίσεωςῖ

1876 416 2033 472 ngere
2078 402 2254 464 solet,
2313 399 2402 454 ubi
2440 395 2631 468 judicii
2692 404 2903 466 tempus
2955 396 3035 451 ira
3080 400 3388 454 antevertit.

196 482 491 576 Οὐκοῦν-τήν
522 505 620 574 μὲν
655 504 870 572 κίνησιν
890 505 987 572 τῆς
1006 501 1172 571 ὀργῆς
1210 500 1306 552 καὶ
1343 497 1484 553 κατὰ
1507 496 1708 568 σχολὴν.

1879 509 2008 564 aque
2021 482 2213 547 divinae
2240 494 2332 546 ira:
2373 499 2582 545 motum
2609 489 2849 544 incendit
2877 489 3248 558 improbarnm
3286 504 3391 544 no-

196 602 271 655 καὶ
285 597 497 669 μελέτην
518 596 629 648 τῶν
662 612 796 664 πονη
808 594 913 664 ρῶν
939 592 1094 663 ἡμῶν
1122 592 1470 661 ἐνθυμήσεων
1498 607 1571 641 πα
1581 588 1708 659 ροξύ

1884 600 2061 639 rarum
2093 585 2455 654 cupiditatum
2500 582 2813 652 progressio
2852 581 2998 635 facta
3040 591 3092 636 et
3116 596 3211 652 per
3244 581 3396 637 dele-

196 709 261 743 νει
287 666 519 757 ’πρόοδος
546 701 561 715 ’
595 687 630 755 ή
668 685 725 737 δὲ
753 684 960 735 ἐκεῖθεν
1013 680 1344 751 τολμηθείσα
1396 678 1593 749 πρᾶξις
1626 680 1708 741 τὰς

1884 680 2114 732 ationem
2160 690 2435 730 morosam
2488 682 2543 728 et
2582 688 2678 743 per
2719 666 3161 728 deliberationem
3204 692 3217 727 :
3257 689 3396 743 opus

197 787 247 836 ἐκ
279 781 365 848 τῆς
406 777 573 846 ὀργῆς
627 774 1005 845 τιμωρητικὰς
1033 774 1246 843 ψήφους
1294 771 1704 841 προύκαλέσατο

1884 784 2004 825 item
2053 769 2177 824 inde
2202 776 2570 838 perpetratum
2597 766 2870 820 decretum
2912 766 3211 833 punitionis
3239 767 3307 819 ab
3333 779 3396 818 ea

197 872 287 925 Kal
332 868 500 937 δῆλον,
532 868 605 928 ὡς
634 868 694 919 τὺ
717 865 1069 935 ἀδυσώπητον
1107 864 1203 932 τῆς
1248 864 1437 933 ὀργῆς,
1468 863 1563 915 καὶ
1594 864 1709 931 άμε

1888 876 1906 912 a
1937 860 1990 913 in
2014 874 2113 913 nos
2152 856 2468 912 concitavit.
2505 858 2583 910 Ac
2610 864 2754 925 patet
2784 855 2951 924 quod,
2996 864 3055 908 ut
3096 855 3232 907 iram
3260 854 3400 907 divi-

196 964 479 1028 τάτρεπτον,
508 958 605 1010 καὶ
630 956 903 1009 ἀκώλυτον
931 956 959 1007 ό
989 952 1337 1022 Ίεροφάντης
1372 952 1702 1019 παραστῆσα

1888 966 1954 1003 im
2006 965 2136 1003 non-
2165 964 2328 1018 posse
2372 949 2612 1013 exorari,
2644 947 2810 1012 ﬂecti,
2844 962 2906 1001 ac
2941 946 3190 1015 impediri
3228 946 3400 1014 signi-

199 1052 499 1122 βουλόμενος,
543 1048 618 1110 ὡς
651 1047 965 1116 σύνδρομον,
1014 1045 1110 1098 καὶ
1145 1043 1453 1114 προφθάνον
1480 1042 1557 1113 τῷ
1585 1043 1711 1113 λόγιε

1889 1049 2018 1096 :aret
2047 1041 2329 1110 propheta,
2357 1039 2414 1093 in
2448 1039 2697 1093 adductis
2714 1038 2896 1093 verbis
2911 1053 3028 1091 eam
3060 1037 3216 1106 quasi
3246 1036 3401 1103 operi

197 1142 423 1197 διέλαϐεν.
467 1140 531 1193 Ἠ
559 1139 669 1209 γὰρ
726 1138 835 1190 τῶν
891 1136 1213 1205 φθασάντων
1275 1134 1574 1200 κολάσεων,
1635 1136 1709 1187 κα

1893 1141 2271 1194 incurrentem,
2322 1138 2378 1184 et
2424 1131 2842 1199 praevenientem
2898 1129 3188 1198 acceperit.
3234 1126 3405 1182 Casti-

197 1234 459 1305 τιμωριῶν,
482 1218 571 1300 ἔφ’
598 1228 679 1294 οἷς
712 1230 1054 1301 ἡμάρτομεν,
1104 1227 1307 1299 κρίσις,
1342 1226 1437 1278 καὶ
1489 1224 1626 1295 ὀργὴ
1655 1223 1709 1293 τι]

1893 1224 2111 1276 itionum
2153 1220 2298 1275 enim
2342 1220 2743 1289 ultionumque,
2776 1236 2897 1289 quae
2924 1221 2993 1273 ob
3041 1229 3222 1273 nostra
3282 1233 3405 1288 pec-

198 1327 447 1395 ἁκωλύτῳ,
479 1326 572 1378 καὶ
601 1323 880 1394 ἀτρέπτῳ,
910 1322 1007 1374 καὶ
1029 1320 1373 1391 ἀδυσωπήτῳ
1398 1316 1710 1386 συναπαρτί-

1892 1324 1952 1366 ita
1985 1317 2386 1382 processerunt,
2412 1309 2679 1379 judicium
2719 1320 2773 1363 et
2813 1310 2891 1363 ira
2919 1309 2968 1363 vi
2998 1308 3258 1379 quadam,
3282 1322 3404 1377 quae

200 1419 325 1483 ςεται
356 1417 448 1471 καὶ
476 1415 818 1487 περαίνεται.

1894 1402 2105 1467 ipediri,
2150 1396 2291 1454 ﬂecti
2334 1405 2389 1449 et
2420 1400 2635 1452 exorari
2664 1398 2871 1467 nequit,
2906 1399 3214 1468 explentur,
3244 1407 3406 1464 atque

1835 1490 1901 1544 ad
1928 1492 2132 1547 exitum
2159 1498 2550 1563 perducuntur.
2600 1508 2601 1511 ‘

254 1594 310 1649 El
331 1593 501 1664 βούλει
525 1593 605 1659 δὲ,
663 1592 762 1647 καὶ
812 1592 947 1645 διότι
978 1590 1039 1644 τὸ
1063 1590 1163 1661 τῆς
1207 1588 1377 1661 ὀργῆς
1431 1586 1649 1647 πάντως
1677 1586 1737 1638 ὲν

1908 1583 1965 1636 Si
1991 1585 2072 1638 vis
2097 1597 2301 1651 autem,
2330 1586 2457 1655 quia
2491 1587 2569 1639 ira
2607 1585 2769 1640 modo
2799 1585 3016 1655 quidem
3050 1585 3167 1639 solo
3194 1583 3403 1652 judicio

198 1688 349 1756 κρίσει
371 1684 461 1738 νῦν
492 1685 592 1754 μὲν
626 1682 889 1755 ὁρίζεται,
928 1682 1023 1735 νῦν
1048 1681 1105 1734 δὲ
1126 1681 1236 1734 τῶν
1281 1680 1475 1749 ψήφων
1531 1676 1710 1746 ὲξενεχ

1894 1675 2060 1728 nnino
2084 1676 2431 1741 terminatur,
2488 1675 2652 1729 modo
2699 1685 2879 1729 autem
2912 1676 3056 1729 edito
3085 1675 3304 1729 decreto
3340 1676 3406 1727 ad

200 1741 369 1829 θέντων
407 1741 673 1843 είς“έργον
703 1741 1024 1841 repetierant,
1055 1769 1115 1821 τὸ
1146 1768 1244 1839 μὲν
1290 1741 1634 1835 κινουμένης,

1897 1766 2241 1821 :secutionem
2279 1765 2659 1834 progreditur;
2701 1775 2864 1834 atque
2901 1764 3031 1818 illud
3059 1764 3277 1833 quidem
3324 1772 3409 1818 est

198 1870 245 1923 δὲ
272 1868 651 1939 πεπραγμένης
669 1865 770 1934 τῆς
792 1862 1086 1934 ἁμαρτίας,
1111 1860 1277 1930 φησίν
1309 1874 1324 1889 ε
1358 1877 1377 1908 ι
1420 1853 1710 1926 Ὠργίσθης

1896 1869 1936 1908 Ὀ
1964 1855 2179 1909 interno
2205 1854 2416 1924 peccati
2444 1865 2619 1918 motu,
2645 1855 2748 1909 hoc
2768 1871 2897 1909 vero
2919 1869 3019 1924 pro
3041 1864 3263 1909 externa
3288 1860 3408 1923 ejus

198 1962 275 2013 καὶ
296 1961 446 2029 ἡμεῖς
498 1956 840 2026 ἡμάρτομεν.
875 1973 894 2007 ι
950 1949 1443 2021 Ἐπιμεριξομένης
1483 1947 1591 2018 γὰρ
1632 1946 1710 2015 cfp

1900 1946 2274 2014 :rpetratione;
2328 1944 2534 2000 idcirco
2587 1946 2851 2015 propheta
2886 1962 2900 1999 :
2935 1962 2953 1996 ‹
2991 1943 3166 1999 Iratus
3204 1959 3287 2008 es,
3335 1946 3412 1997 in-

198 2051 356 2121 ὀργῆς,
406 2049 498 2101 καὶ
531 2048 670 2117 πρὸς
694 2046 753 2099 τὸ
778 2046 953 2098 διττὸν
1011 2039 1468 2110 διατυπουμένης,
1518 2037 1612 2089 καὶ
1636 2035 1705 2104 τῆ

1900 2034 1977 2099 tit,
2018 2046 2072 2088 et
2099 2050 2196 2088 nos
2238 2035 2603 2104 peccavimus.
2639 2052 2657 2083 ι
2692 2032 2829 2088 Cum
2860 2033 3005 2087 enim
3037 2034 3119 2086 ira
3151 2032 3241 2086 hic
3272 2031 3412 2086 divi-

202 2142 283 2211 μὲν
300 2144 350 2193 ὲν
368 2141 443 2210 τῷ
472 2138 739 2192 κινεῖσθαι
758 2139 856 2208 τὴν
881 2134 1179 2205 ἁμαρτίαν,
1205 2133 1304 2202 τῆς
1332 2130 1388 2183 δὲ
1418 2131 1475 2183 ὲν
1507 2129 1586 2198 τῷ
1614 2126 1714 2180 τολ·

1900 2126 2594 2196 itur,distinguaturque'in
2626 2125 2761 2179 duas
2795 2134 3015 2194 partes;
3050 2132 3214 2194 atque
3242 2125 3412 2177 altera

204 2231 374 2302 μᾶσθαι
427 2230 883 2301 θεωρουμένης,ή
920 2228 1016 2298 μὲν
1066 2224 1310 2296 προτέρα
1368 2220 1623 2290 φανερὸν,
1654 2219 1714 2271 ὅτ

1904 2220 2059 2272 iidem
2091 2218 2367 2271 internum
2424 2216 2632 2287 peccati
2676 2225 2906 2281 motum,
2953 2217 3124 2270 altera
3158 2230 3285 2268 vero
3324 2230 3416 2267 ex-

200 2322 281 2393 τὴν
304 2322 559 2391 ἔκθεσμον
616 2319 918 2391 προφθάνει
957 2316 1155 2387 πρᾶξιν
1176 2331 1189 2345 ⁸
1220 2316 1252 2384 ή
1278 2313 1509 2383 δευτέρα
1530 2311 1587 2363 δὲ
1622 2326 1712 2362 συν

1901 2324 2051 2363 rnam
2089 2310 2208 2378 ejus
2247 2309 2703 2379 perpetrationem
2741 2308 3035 2385 respiciat;
3079 2316 3227 2377 patet
3268 2306 3413 2376 quod

202 2380 472 2477 ακολουθεῖ,
493 2415 587 2467 καὶ
616 2380 1137 2481 συγκαταϐάλλεται.
1174 2380 1341 2459 Ὥστε
1369 2380 1469 2477 τὴν
1499 2419 1714 2473 κακουρι

1902 2403 1992 2455 ’ἰοτ
2026 2402 2114 2455 illa
2145 2402 2452 2471 improbum
2488 2380 2980 2470 pratveniatopus;
3018 2400 3208 2454 istheec
3231 2408 3414 2453 autem

202 2506 306 2572 γίαν
348 2504 441 2574 μὲν
468 2506 501 2574 ή
530 2505 674 2556 κατὰ
720 2502 818 2571 τὴν
866 2500 1094 2570 μελέτην
1124 2498 1262 2567 ὀργὴ
1314 2493 1687 2565 προλαμϐάνει

1906 2493 2114 2548 ιδιθτίοι·
2145 2507 2536 2563 consequatur,
2571 2493 2847 2562 simulque
2878 2492 3188 2546 descendat.
3236 2493 3418 2555 Quare

204 2599 317 2669 ἢνδ⁹
354 2599 553 2668 ἀνῆψεν
583 2601 615 2668 ή
643 2597 841 2666 τόλμα,
897 2594 1357 2666 συμπαρομαρτεῖ
1398 2590 1592 2661 ταύτῃ,
1647 2605 1716 2641 κα

1907 2581 2105 2634 :lictum
2137 2579 2355 2648 quidem
2391 2596 2454 2634 ea
2481 2580 2559 2634 ira
2590 2579 2886 2649 praevertit,
2916 2594 3038 2649 qua:
3060 2579 3130 2661 ob
3155 2578 3419 2632 delibera-

206 2654 583 2761 συνεπιφύεται.
604 2654 615 2668 ⁸
648 2654 756 2742 Διὸ¹
790 2654 884 2743 καὶ
912 2654 1053 2742 χοὶτά
1200 2654 1298 2755 τήν
1328 2654 1601 2755 προτέραν
1625 2681 1718 2735 διάη

1905 2688 2047 2727 )nem
2108 2681 2221 2738 est;
2272 2687 2337 2726 ca
2394 2687 2544 2733 vero,
2597 2687 2716 2741 quae
2761 2673 2830 2725 ob
2874 2687 3012 2740 opus
3046 2654 3417 2740 perpetratum

203 2799 329 2836 νοιαν
350 2781 516 2845 ἔξεστι
539 2782 720 2849 λέγειν
747 2779 1080 2840 ἁδιστάκτως
1095 2795 1177 2839 τε,
1199 2774 1295 2827 καὶ
1314 2772 1715 2841 εὐσεὸοφρὸνως

1908 2762 2188 2824 cenditur,
2220 2761 2351 2814 illud
2387 2762 2677 2815 comitatur
2725 2771 2889 2830 atque
2922 2760 3181 2813 adhaeret.
3214 2758 3420 2824 Quam-

203 2873 311 2936 ὥςι
344 2873 647 2944 Ὠργισθης,
715 2873 810 2926 καὶ
866 2871 1027 2940 ἡμεῖς
1082 2866 1408 2942 ἡμάρτομεν
1438 2880 1497 2914 ἰ
1551 2864 1587 2931 ἡ
1638 2860 1709 2929 γὰ

1908 2868 2032 2906 irem
2065 2853 2112 2906 si
2153 2853 2301 2921 prior
2340 2853 2420 2907 ira
2453 2853 2799 2920 respiciatur,
2834 2851 2952 2905 sine
2982 2850 3172 2915 dubio,
3212 2864 3279 2905 ac
3315 2849 3420 2901 itu-

207 2966 325 3017 κατὰ
353 2942 742 3035 μελέτηνόργὴ
786 2961 1127 3031 προϋπάρχει
1182 2956 1273 3010 τοῦ
1328 2954 1719 3026 ἁμαρτήματος

1911 2944 2067 2999 etatis
2120 2955 2248 2997 nata
2299 2943 2482 2997 dicere
2529 2942 2612 2997 fas
2658 2950 2793 2997 est:
2848 2960 2867 2992 ι
2918 2942 3095 2996 iratus
3121 2956 3203 3004 es,
3237 2952 3289 2994 et
3321 2952 3423 2993 nos

208 3033 363 3109 {1:262
388 3058 480 3125 τῆς
519 3057 801 3125 δευτέρας,
833 3052 956 3105 οὔτε
986 3049 1253 3122 θεοφιλὲς,
1283 3046 1408 3102 οὔτε
1432 3044 1720 3100 ἀκόλουθον

1914 3033 2236 3100 :ccavimus;
2282 3054 2301 3086 ι
2341 3036 2609 3102 siquidem
2640 3036 2719 3089 ira
2746 3035 2815 3089 ob
2841 3033 3290 3088 deliberationem
3332 3046 3426 3084 ex-

207 3149 260 3200 οὑ
280 3152 372 3220 γὰρ
398 3122 459 3202 ὲκ
485 3149 585 3218 τῆς
613 3122 784 3216 ὀρνῆς
811 3144 1221 3216 ἁμαρτάνομεν,
1246 3140 1381 3197 ἀλλὰ
1405 3138 1539 3193 διότι
1570 3138 1719 3208 ἁμαρ

1914 3139 2021 3181 tata
2074 3127 2330 3196 praecedit
2367 3125 2823 3196 perpetrationem
2860 3122 3071 3194 peccati
3113 3135 3127 3175 :
3165 3123 3211 3175 si
3254 3122 3426 3175 altera

209 3210 434 3312 τάνομεν,
453 3210 554 3312 τὴν
779 3210 1165 3307 ἐπίσπώμεθα.

1912 3226 2035 3270 Item
2075 3224 2369 3284 spectetur,
2401 3215 2507 3269 hoc
2535 3215 2715 3268 dicere
2757 3226 2936 3282 neque
2968 3210 3279 3281 religiosum
3319 3218 3424 3271 est,

1854 3323 2032 3377 neque
2059 3315 2510 3361 consentaneum.
2538 3306 2653 3359 Non
2676 3305 2826 3359 enim
2854 3303 2924 3358 ob
2944 3302 3081 3356 iram
3111 3315 3426 3371 peccamus.

1855 3399 1948 3453 sed
1983 3399 2109 3467 quia
2143 3411 2453 3468 peccamus,
2483 3396 2618 3449 iram
2648 3394 2701 3447 in
2731 3408 2833 3448 nos
2866 3392 3224 3446 concitamus.

270 3504 638 3577 Παραπλήσιον
666 3504 710 3557 δ’
750 3502 816 3556 ἃν
872 3500 957 3573 εἴη
1016 3501 1131 3567 καὶ,
1156 3499 1207 3553 εί
1233 3516 1315 3560 τις
1359 3497 1607 3553 ἐντεῦθεν
1655 3497 1755 3566 τὴν

1926 3489 2113 3560 Neque
2163 3506 2290 3544 vero
2322 3489 2479 3557 longe
2531 3486 2971 3546 abscederemus,
3004 3483 3047 3537 si
3101 3483 3246 3552 quis,
3302 3481 3431 3536 hinc

215 3574 364 3667 ὁρμὴν
412 3597 488 3666 τῷ
534 3597 680 3667 λόγῳ
734 3595 1082 3665 βαλλόμενος,
1145 3591 1236 3644 διὰ
1290 3590 1602 3660 λειοτέρου,
1660 3605 1727 3641 κα

1920 3583 2189 3651 iucipium
2244 3577 2680 3649 interpretationi
2748 3576 3025 3646 prmbens,
3100 3574 3305 3627 mitiori
3377 3582 3432 3627 et

217 3664 558 3760 οἰκτιζομένου
608 3664 879 3757 νοήματος
908 3664 1188 3749 έπιδείξει
1243 3683 1568 3753 φερόμενον
1606 3682 1729 3734 «Οὑε

1918 3673 2394 3727 ιηὶιιὶίεθνῆῐὶοιιθιη
2442 3669 2713 3723 excitante
2758 3680 2923 3720 sensu
2970 3664 3148 3719 locum
3180 3664 3430 3734 proposi-

220 3751 418 3850 ὲπέσέες
447 3783 544 3849 τὴν
587 3751 764 3850 ὁρμήν
814 3777 1129 3847 κινηθείσης
1184 3751 1341 3846 ἡμῶν
1379 3751 1479 3844 τῆς
1532 3772 1732 3842 γνώμηη

1920 3780 1969 3817 m
1996 3762 2295 3817 ostenderit
2334 3757 2629 3828 procedere
2656 3771 2670 3807 :
2710 3773 2729 3805 ί
2766 3752 2971 3821 Nempe
3000 3768 3107 3806 non
3135 3751 3431 3806 cohibuisti

220 3869 300 3923 ἐπὶ
336 3846 427 3933 τὰς
490 3846 733 3941 πράξεις-
767 3869 866 3931 τὰς
916 3846 1156 3937 πονηράς
1179 3883 1194 3898 ο
1227 3865 1362 3917 ἀλλὰ
1422 3860 1732 3941 προορῶν-τ

1920 3866 2119 3926 ιρειυω
2154 3853 2323 3907 animi
2348 3850 2518 3907 nostri
2560 3848 2626 3901 ad
2659 3862 2824 3916 prava
2853 3862 3017 3916 opera
3051 3846 3299 3900 incitati:
3338 3849 3432 3898 sed

221 3932 574 4032 ἐκδησάμενον,
596 3932 672 4021 ως
696 3958 995 4027 ὲκῦεϐηκδς
1032 3932 1144 4028 (καὶ
1174 3955 1281 4024 γὰρ
1316 3955 1408 4006 καὶ
1424 3954 1484 4005 τὸ
1517 3932 1733 4019 ἁκατξρι

1917 3947 2163 4001 'aevidens
2188 3934 2399 4003 lutura,‘
2423 3941 2498 3996 uti
2531 3940 2800 4009 praeterita
2834 3938 3054 4004 (etenim
3104 3937 3157 3990 id
3192 3949 3429 4005 quoque,

222 4027 409 4118 γαστον-
429 4053 586 4124 ήμῶν
613 4052 673 4103 τὸ
702 4051 793 4103 σὺν
827 4050 1234 4101 πανεπίσκοπον
1274 4045 1426 4115 ὄμμα
1451 4044 1665 4113 ἐφορᾷ),
1692 4043 1734 4110 τῇ

1920 4040 2009 4092 Iod
2039 4038 2272 4090 necdum
2308 4034 2540 4102 egimus,
2571 4029 2765 4085 oculus
2801 4038 2927 4082 tuus
2962 4027 3209 4081 omnium
3252 4027 3432 4093 inspe-

227 4142 392 4214 μελέτῃ
411 4118 515 4196 των
576 4141 795 4211 φαύλων
824 4140 919 4191 καὶ
967 4138 1064 4209 τὴν
1111 4138 1279 4208 ὀργὴν
1340 4136 1525 4187 λαόεῖν
1586 4131 1739 4207 ἁρχὴ·

1918 4146 1979 4184 or
2002 4126 2299 4195 observat),
2321 4126 2389 4179 ob
2427 4125 2597 4193 ipsam
2618 4123 2884 4174 malorum
2916 4132 3142 4186 operum
3164 4118 3430 4169 delibera-

225 4205 463 4301 παρέσνες
507 4205 799 4301 κινήσεως.
856 4205 1073 4295 Ταύτης
1123 4205 1181 4278 δὲ
1236 4225 1357 4277 καθ’
1395 4223 1551 4293 ἡμῶν
1582 4206 1657 4275 ἐν
1683 4222 1737 4290 τῷ

1922 4236 2064 4274 mem
2096 4216 2339 4279 effecisti,
2391 4222 2451 4267 ut
2478 4222 2531 4265 et
2578 4211 2657 4264 ira
2689 4216 2923 4263 sumeret
2949 4205 3293 4261 excitatiouis
3321 4220 3434 4258 sua:

229 4299 456 4393 μετεώρῳ
518 4299 887 4391 φερομένης.ἠ
916 4316 1163 4387 ἁμαρτία
1216 4313 1553 4383 θρασύτερον
1604 4311 1741 4383 ήμῶε

1922 4312 2214 4379 ιὶηείρὶιιιη.
2245 4307 2358 4361 Hac
2387 4315 2565 4361 autem
2609 4304 2871 4357 adversus
2896 4301 3016 4370 [nos
3049 4299 3154 4353 alte
3202 4300 3434 4351 ellerve-

492 4386 809 4483 κᾷτ’ρᾲδίαὲι
844 4386 1084 4481 εδρίσκει
1136 4408 1232 4476 τὴν
1264 4405 1513 4474 πάροδον·
1547 4404 1626 4472 Τῇ
1648 4403 1741 4473 γάε

1925 4412 2065 4466 ente,
2100 4408 2378 4469 peccatum
2417 4393 2614 4449 acriori
2663 4391 2893 4445 audacia
2923 4390 2975 4441 in
3026 4404 3127 4441 nos
3164 4386 3351 4448 insilit,
3383 4395 3437 4438 et

234 4477 559 4576 μισοπονηρία
782 4503 878 4569 σῆς
913 4477 1073 4569 -περὶ
1141 4498 1288 4566 ἡμᾶς
1353 4494 1746 4563 φιλανθρωπίας

1924 4492 2081 4545 cilem
2104 4488 2309 4542 invenit
2331 4487 2560 4540 aditum.
2590 4483 2725 4536 Cum
2756 4480 2902 4535 enim
2932 4488 3023 4531 tua
3045 4493 3169 4545 erga
3195 4492 3294 4530 nos
3320 4477 3435 4530 cle-

233 4567 605 4664 bmvotﬁoiisqg,
662 4567 756 4647 καὶ
780 4567 862 4663 τῷ
884 4567 1078 4660 δικαίῳ
1099 4589 1197 4659 τῆς
1224 4584 1568 4656 συμπαθείας
1629 4585 1745 4636 ὑπο·

1926 4584 2069 4638 entia
2103 4580 2245 4634 cedit
2286 4580 2411 4632 odio
2455 4574 2684 4646 peccati,
2720 4587 2782 4626 ac
2814 4569 3187 4624 misericordia
3231 4568 3321 4620 dat
3348 4567 3438 4635 ju-

234 4685 477 4755 χωρούσης
537 4656 813 4751 εὗάλωτον
933 4656 1112 4750 ἐχθρῷ
1142 4656 1201 4731 τὸ
1254 4677 1478 4747 θήραμα
1533 4674 1744 4742 γίνεται

1923 4672 2034 4725 itiae
2069 4671 2288 4734 locum;
2334 4665 2477 4719 facili
2510 4664 2727 4732 negotio
2775 4674 2876 4713 nos
2905 4666 3132 4712 venatur
3165 4656 3432 4710 inimicus.

246 4751 533 4849 Ἐπεὶεῖπερ
549 4774 618 4849 ἦν
638 4778 771 4845 ἡμῖν
804 4774 967 4827 πόθεν
996 4772 1097 4842 τὴν
1129 4771 1225 4841 σὴν
1250 4770 1417 4839 ὀργὴν
1440 4767 1758 4834 κινουμένην

1927 4762 2136 4816 uoniam
2171 4760 2214 4812 si
2243 4759 2396 4812 nobis
2426 4755 2774 4824 contingebat
2798 4753 2930 4805 iram
2956 4759 3098 4804 tuam
3116 4751 3439 4804 concitatam

241 4868 301 4928 εἰς
330 4844 596 4936 εὐμένειαν
621 4844 891 4929 διαλῦσαι,
920 4865 1014 4917 καὶ
1037 4865 1070 4933 ή
1100 4861 1344 4931 ἁμαρτία
1366 4858 1431 4912 ἂν
1463 4859 1540 4919 εἰς
1569 4857 1753 4910 δειλίαι

1930 4852 2306 4909 Iclementiam
2339 4850 2590 4913 ﬂectere;
2626 4846 2815 4914 utique
2840 4860 2946 4896 non
2971 4844 3132 4898 modo
3162 4853 3442 4912 peccatum

243 4958 292 5010 τὸ
315 4930 493 5029 θράσος
522 4958 867 5015 συνέστελλε,
894 4956 987 5008 καὶ
1020 4930 1080 5006 eo
1108 4930 1376 5022 ἡμέτερον
1408 4947 1755 5020 βοηθούμενόπ

1930 4941 2161 4995 Idaciam
2192 4953 2347 4993 suam
2376 4936 2441 4989 ad
2491 4935 2742 4988 timorem
2782 4940 3113 4994 revocasset,
3154 4932 3246 4984 sed
3278 4930 3442 4983 etiam

245 5063 310 5113 τε,
327 5018 411 5103 καὶ
426 5018 929 5121 ἄναρρωννύμενον,
952 5018 1160 5112 μᾶλλον
1187 5042 1253 5095 ἂν
1281 5018 1448 5110 αὐτῆς
1481 5018 1579 5109 τὴν
1612 5054 1757 5107 προσ-

1936 5032 2092 5083 iimus
2124 5035 2309 5080 noster
2336 5023 2507 5094 gratia
2546 5021 2789 5089 adjutus,
2819 5035 2884 5072 ac
2921 5018 3235 5079 roboratus,
3268 5018 3448 5085 potius

252 5107 381 5211 εελὴν
424 5107 774 5205 ἀπεσείσατο,
810 5139 845 5210 ἢ
894 5107 1008 5199 τοὶς
1035 5136 1237 5207 ταύτης
1267 5107 1558 5205 θηράτροις
1592 5130 1764 5185 ἐνέπε-

1937 5122 2051 5172 sius
2078 5116 2283 5186 peccati
2326 5113 2682 5177 irruptiouem
2732 5109 2924 5163 fuisset
2966 5107 3242 5171 amolitus,
3282 5122 3447 5176 quam

254 5243 339 5283 σεν.
363 5248 380 5280 ι
1326 5204 1331 5205 7

1194 5204 1203 5207 ⁷
1326 5204 1331 5205 ί
1881 5212 1934 5263 in
1967 5209 2086 5277 ejus
2119 5208 2252 5261 retia
2289 5204 2590 5258 incidisset.
2624 5220 2641 5252 ι

309 5321 448 5383 Ἴσως
467 5322 508 5374 δ’
542 5322 605 5376 ἂν
634 5320 831 5388 ὲγγύτε
841 5334 934 5389 ρον
968 5317 1052 5387 εἴη
1077 5312 1471 5385 θεωρούμενον,
1499 5311 1547 5362 εί
1571 5309 1663 5362 καὶ
1707 5307 1781 5377 μὴ

1952 5293 2207 5351 Fortasse
2223 5307 2352 5346 vero
2377 5290 2444 5345 ad
2469 5291 2752 5344 veritatem
2786 5286 3013 5358 propius
3042 5286 3451 5346 accederemus,

255 5412 351 5473 ταῖς
378 5381 725 5485 ὑψηλοτέραις
756 5381 1021 5471 ὲπίνοίαις
1042 5381 1052 5387 ’
1076 5381 1466 5475 συνεπαίρεται
1497 5401 1577 5466 τὸ,
1617 5417 1634 5450 ι
1658 5400 1767 5466 Ὡρ-

1944 5388 2097 5442 metsi
2127 5384 2539 5441 sublimioribus
2582 5382 2781 5436 mentis
2816 5381 3171 5447 conccptibus
3216 5391 3325 5430 non
3368 5386 3451 5427 at-

258 5466 434 5572 γίσῦηςξ
465 5466 577 5557 Ικαὶ
601 5466 1157 5574 ’ἡμεῖςὴμάρτομεη
1184 5514 1202 5546 ι
1228 5466 1323 5557 είς-
1354 5494 1435 5558 τὸ,
1473 5489 1770 5562 Ὦργίσθης.

1946 5483 2238 5543 lleremur;
2293 5478 2337 5533 si
2382 5476 2513 5530 illud
2556 5494 2569 5529 :
2607 5493 2624 5525 ι
2664 5473 2840 5527 Iratus
2877 5488 2957 5536 es,
2990 5483 3043 5524 et
3077 5484 3179 5524 nos
3210 5466 3455 5535 peccavi-

260 5557 568 5662 διότινήμεῖς
635 5557 980 5663 ῖήμάρτομεν,
1035 5557 1609 5656 μεταλαμϐανόμενονο
1667 5580 1772 5633 καὶ.

1946 5591 2046 5637 us,
2084 5591 2102 5623 ι
2143 5578 2484 5625 mutaremus
2541 5568 2594 5621 in
2653 5566 2778 5629 hoc,
2827 5561 3003 5615 Iratus
3049 5575 3129 5623 es,
3174 5557 3299 5626 quia
3362 5571 3458 5609 nos

267 5676 385 5730 Αιέοτι
418 5651 775 5753 quiante-sv,-
804 5651 901 5749 τήν
954 5651 1076 5733 καθ’
1112 5651 1270 5747 ἡμῶν
1305 5674 1406 5724 οὐκ
1434 5651 1666 5739 ἐπέσχες
1692 5668 1779 5738 ὀρ-

1945 5665 2267 5725 :ccavimus;
2291 5671 2344 5714 et
2372 5661 2497 5730 quia
2542 5656 2915 5727 peccavimus,
2948 5651 3082 5703 iram
3114 5656 3299 5703 contra
3360 5661 3457 5701 nus

271 5766 377 5837 τήν·
438 5750 464 5752 Π
526 5750 536 5753 ⁷
626 5750 636 5753 ’

1896 5754 2039 5809 haud
2072 5750 2382 5805 cohibuisti.
