3830 6210
434 268 544 330 295

1590 259 1849 320 PHOTII
1887 261 2390 321 PATRIARCHx‘E
2419 260 2508 320 (ΣΡ

3560 260 3653 326 296

496 368 830 425 Particulam
860 369 1006 422 enim
1037 367 1437 437 conjunctivam
1459 366 1773 432 verborum,
1796 375 1850 420 et
1876 381 1996 421 sen«

2181 368 2286 421 Τὸν
2313 368 2424 437 γὰρ
2444 365 2725 421 συνδέοντα
2746 366 2815 421 τά
2836 368 2895 421 ἑν
2929 366 3192 433 διανοίαις
3227 367 3448 440 ῥήματά
3469 387 3546 438 τε,
3573 376 3653 428 καὶ

427 457 744 520 teutiarum,
772 469 896 524 qua:
921 462 1051 508 sunt
1101 455 1156 507 in
1188 453 1437 522 pluribus
1465 454 1736 512 orationis
1770 467 2000 522 concep-

426 548 599 614 tibus,
630 547 748 602 sive
780 545 1104 616 particulam
1135 554 1206 606 et,
1249 553 1364 599 tum
1397 558 1569 599 sacra:
1614 543 1854 607 Litterae,
1885 551 2001 597 tum

425 638 592 694 Attici
621 637 894 694 ser'monis
919 637 1186 706 elegantia
1220 651 1362 704 saepe
1391 634 1595 691 causali
1620 651 1781 690 sensu
1818 643 2005 690 amant

427 733 678 800 accipere
731 745 746 784 :
799 745 864 784 ae
910 729 1158 797 exempla
1215 728 1470 783 omnibus
1522 735 1797 795 comperta
1853 733 2000 782 sunt.

433 821 818 875 Verumtamen
850 819 915 874 ad
951 819 1282 873 recensenda
1323 818 1624 873 Atticorum
1675 818 2000 887 scriptorum

269 951 275 955 η
309 985 312 988 ῃ
425 913 750 967 documenta
777 911 946 964 otium
979 909 1112 964 mihi
1148 908 1334 974 deest,
1365 908 1599 962 duorum
1631 917 1814 962 autem
1844 906 1994 962 Seri-

429 1012 602 1072 pturae
629 1002 872 1056 locorum
901 1001 1240 1067 recordatus,
1272 1009 1614 1066 caeterorum,
1648 1000 1696 1054 si
1735 998 1873 1055 forte
1903 999 2002 1056 tibi

428 1092 580 1147 cordi
639 1100 753 1158 est,
803 1090 1185 1146 collectionem
1232 1091 1530 1146 curandam
1587 1090 1859 1160 relinquo.
1912 1090 2004 1145 Ait

434 1184 626 1253 itaque
655 1198 812 1238 sacer
833 1181 1063 1246 Psaltes,
1097 1191 1149 1236 et
1182 1190 1336 1250 pater
1367 1180 1460 1236 Dei
1488 1181 1756 1236 incarnati
1793 1179 1999 1235 David:

433 1293 453 1325 ‹
497 1273 574 1326 Da
604 1273 766 1328 nobis
795 1271 1056 1325 auxilium
1087 1270 1154 1325 de
1185 1271 1557 1346 tribulatione,
1592 1280 1647 1326 et
1675 1285 1809 1326 vana
1853 1269 2002 1325 salus

426 1363 664 1418 hominis
701 1362 833 1432 (3t).
871 1380 891 1412 ι
932 1360 1030 1414 llic
1078 1361 1223 1414 enim
1276 1361 1410 1416 illud
1451 1370 1524 1427 et,
1584 1376 1687 1431 pro
1730 1360 2003 1416 sexcentis

425 1453 548 1507 aliis
567 1452 851 1521 exemplis,
899 1452 1032 1507 satis
1061 1453 1278 1518 evincit,
1313 1453 1458 1523 quod
1501 1454 1573 1508 sit
1602 1453 1808 1508 causali
1839 1467 2001 1508 sensu

428 1542 764 1598 reddendum
786 1583 801 1609 ,
832 1542 1001 1597 veluti
1037 1561 1051 1599 :
1090 1561 1109 1594 ι
1147 1541 1224 1597 Da
1258 1545 1418 1598 nobis
1454 1544 1718 1610 auxilium
1742 1543 1809 1599 de
1833 1544 2004 1598 tribu-

425 1628 651 1695 latione,
683 1627 813 1698 quia
841 1643 980 1682 vana
1008 1629 1158 1684 salus
1188 1629 1450 1686 hominis.
1484 1649 1505 1683 ι
1540 1632 1716 1700 Atque
1733 1645 1862 1685 vero
1884 1629 2002 1700 ipse

424 1719 595 1775 lsaias
642 1720 1032 1791 (opportunius
1077 1732 1258 1774 autem
1291 1736 1413 1776 esse
1447 1722 1634 1792 utique
1662 1725 1861 1792 poterit
1907 1738 2002 1792 per

423 1810 670 1863 eamdem
690 1823 902 1873 vocem,
921 1811 1284 1878 eumdemque
1305 1811 1504 1885 librum
1533 1812 1844 1878 ostendere,
1860 1811 2006 1882 quod

425 1901 636 1955 causali
693 1901 856 1955 modo
915 1901 1234 1970 conjunctio
1290 1911 1341 1956 et
1403 1903 1752 1973 accipiatur),
1809 1922 1828 1955 ι
1883 1901 2004 1969 Vae,

427 1992 622 2060 inquit,
650 1991 742 2059 qui
769 1995 820 2044 in
853 1991 1066 2045 occulto
1095 1993 1383 2046 consilium
1415 1991 1646 2060 faciunt,
1675 2003 1730 2049 et
1751 2003 1911 2048 erunt
1948 2000 2006 2048 tn

433 2083 676 2136 tenebris
706 2096 868 2150 Opera
889 2097 1077 2136 eorum
1111 2083 1222 2152 (52)
1250 2099 1264 2149 ;
1293 2101 1310 2133 ι
1350 2085 1454 2138 hoc
1475 2085 1617 2137 enim
1647 2101 1665 2134 ι
1694 2094 1748 2139 et
1769 2093 1950 2150 erunt,
1977 2103 1996 2137 ι

427 2187 592 2226 nemo
625 2175 811 2242 utique
839 2174 1125 2236 dubitarit,
1168 2177 1300 2244 quin
1336 2176 1541 2230 causali
1577 2155 1740 2232 sensu
1777 2193 2006 2248 usurpa-

428 2274 542 2319 tttm
571 2265 675 2332 sit;
711 2255 1081 2336 prapterea'in
1107 2281 1201 2320 eos
1230 2267 1358 2320 illud
1392 2282 1465 2321 me
1494 2268 1773 2337 inﬂigitur.

491 2356 584 2412 Sic
612 2358 776 2428 igitur
801 2365 856 2411 et
881 2356 984 2412 hac
1011 2357 1243 2412 :«lratus
1269 2373 1350 2423 es,
1379 2365 1433 2411 et
1459 2372 1562 2413 nos
1592 2359 1955 2429 peccavimus,
1978 2376 1999 2411 ι

426 2449 572 2505 nullo
605 2450 789 2504 labore
821 2464 885 2505 ac
917 2450 1115 2503 mentis
1143 2449 1458 2504 incitatione
1482 2451 1810 2521 intelligetur
1838 2468 1853 2519 ;
1879 2467 2001 2506 cum

425 2555 706 2594 sacrarum
751 2538 1077 2592 Litterarum
1124 2538 1464 2592 consuetudo
1499 2540 1656 2595 nobis
1703 2540 1846 2592 viam
1878 2554 2005 2608 ape-

425 2629 553 2691 riat,
588 2644 695 2698 qua
729 2627 795 2682 ad
819 2638 1030 2682 rectum
1056 2643 1277 2682 sensum
1315 2639 1582 2698 prompte,
1619 2645 1682 2684 ac
1721 2630 2004 2689 iuoﬂ‘ensis

423 2722 1078 2792 auribus-perveniamus,
1110 2731 1164 2776 et
1193 2721 1313 2777 loco
1347 2724 1639 2793 proposita:
1667 2723 2002 2795 difﬁcultatis

425 2811 822 2880 professionem
854 2812 1208 2875 catholicam,
1241 2814 1464 2881 Deoque
1499 2821 1776 2882 acceptam
1813 2827 2000 2867 serve-

426 2918 547 2957 mus
582 2904 934 2958 incolumem.
995 2902 1209 2957 Etenim
1243 2904 1552 2958 communis
1589 2905 1854 2958 sententia
1897 2912 2004 2970 est,

2069 635 2411 705 -λαμϐἀνειν
2465 634 2716 705 βούλεται
2763 652 2778 666 °

2106 456 2376 528 νοήματα,
2409 457 2528 527 ἤτοι
2556 455 2646 509 τὸν
2679 457 2799 524 καὶ,
2830 457 2901 511 τά
2920 474 2981 511 τε
3013 457 3132 530 ιερά
3166 458 3326 529 ἡμῶν
3359 460 3544 529 Λόγια,
3573 465 3653 517 καὶ

2103 549 2138 618 ἡ
2180 547 2558 612 Ἀττικίζουσα
2585 547 2788 615 σπουδὴ
2807 548 3182 618 αἰτιολογικῶς
3209 549 3469 621 πολλάκις
3494 570 3652 623 παραο

2831 640 2927 691 καὶ
2952 637 3023 690 τά
3070 638 3488 710 παραδείγματα
3537 642 3654 696 πᾶσι

2103 725 2378 797 γνώριμα.
2418 726 2565 798 Πλήν
2593 743 2656 795 γε
2695 726 2792 789 τὰς
2847 726 2947 796 μὲν
2985 726 3304 798 Ἑλληνικὰς
3355 729 3573 798 χρήσεις
3588 729 3652 783 ὀὔ

2107 831 2196 886 μοι
2221 814 2384 886 σχολὴ
2433 815 2791 884 καταλέγεινο
2817 816 2961 869 δυοῖν
2993 816 3050 870 δὲ
3079 817 3186 871 τῶν
3213 819 3494 889 ἡμετέρων
3543 822 3652 873 ὲπι-

2107 905 2388 976 μνησθεὶς,
2419 906 2527 961 τῶν
2581 906 2782 972 ἄλλων,
2815 906 2881 960 ἂν
2927 907 3035 975 ἄρα
3066 925 3148 962 σοι
3196 909 3544 980 καταθύμιον,
3571 911 3655 982 τὴν

2105 995 2369 1068 συλλογὴν
2427 997 2832 1068 φιλοτιμεῖσθαι
2876 998 3097 1068 ἀφίημι.
3129 999 3294 1067 Λέγει
3340 1001 3657 1072 τοιγαροῦνὸ

2116 1087 2479 1160 Ἰεροψάλτης,
2537 1090 2631 1144 καὶ
2656 1089 2952 1161 Θεοπάτωρ
2974 1090 3164 1144 Δαϐίδο
3203 1109 3220 1142 ι
3245 1091 3345 1154 Δὸς
3387 1093 3514 1162 ἡμῖν
3543 1092 3656 1163 βοή-

2103 1180 2251 1236 θειαν
2273 1183 2336 1236 ὲκ
2365 1181 2616 1251 θλίψεως,
2640 1181 2738 1236 καὶ
2792 1182 2996 1252 ματαία
3035 1183 3278 1252 σωτηρία
3311 1183 3610 1254 ἀνθρώπου.
3632 1205 3650 1238 ι

2115 1271 2379 1326 Ἐνταῦθα
2423 1273 2532 1343 γὰρ
2591 1273 2652 1326 τὸ
2693 1271 2814 1336 καὶ,
2867 1273 2987 1325 ἀντὶ
3033 1274 3241 1344 μυρίων
3274 1272 3450 1326 ἄλλων
3492 1291 3653 1346 παρα-

2102 1363 2410 1434 δειγμάτων
2437 1403 2453 1428 ,
2505 1365 2668 1434 ἀρκεῖ
2729 1365 3120 1435 παραστῆσαι,
3177 1365 3252 1428 ὼς
3302 1365 3654 1434 αὶτιολογικῶς

2103 1454 2431 1508 ἀποδίδοται·
2470 1453 2600 1519 οἷον,
2637 1474 2656 1506 ς
2681 1454 2778 1518 Δὸς
2829 1457 2960 1525 ἡμῖν
3001 1455 3255 1525 βοήθειαν
3315 1457 3382 1509 ὲκ
3425 1455 3655 1524 θλίψεως

2105 1546 2315 1616 ματαία
2357 1546 2468 1617 γὰρ
2508 1547 2754 1618 σωτηρία
2805 1547 3116 1618 ἀνθρώπου.
3153 1567 3173 1600 ι
3209 1547 3318 1602 Καὶ
3374 1549 3532 1612 αὐτὸς
3560 1548 3657 1601 δὲό

2117 1637 2340 1701 Ἡσαΐας
2372 1637 2720 1709 (οἰκειότερον
2739 1637 2783 1691 δ’
2807 1638 2990 1709 ἂνεῖη
3022 1639 3110 1694 διὰ
3137 1643 3234 1712 τῆς
3265 1641 3434 1711 αὐτῆς
3466 1643 3654 1711 φωνῆς,

2107 1728 2200 1781 καὶ
2234 1727 2328 1781 τοῦ
2358 1727 2524 1781 αὐτοῦ
2546 1729 2777 1796 ἐδάφους
2809 1729 2890 1794 εἰς
2923 1730 2982 1782 τὸ
3004 1729 3368 1799 αἰτιολογικὸν
3388 1727 3525 1794 εἶδος
3553 1735 3653 1786 ὲπιο

2106 1817 2277 1884 δεῖξαι
2309 1819 2402 1874 τὸν
2444 1819 2542 1874 καὶ
2587 1820 2884 1892 σύνδεσμον
2925 1821 3496 1892 μεταλαμϐανόμενον)
3527 1823 3619 1895 ἔφη
3641 1841 3656 1854 θ

2114 1928 2132 1960 ι
2154 1910 2287 1962 Οὐαὶ
2311 1911 2360 1962 οἱ
2393 1912 2451 1963 ὲν
2479 1913 2660 1980 κρυφῇ
2708 1909 2902 1982 βουλὴν
2959 1909 3260 1975 ποιοῦντες,
3317 1914 3409 1966 καὶ
3434 1913 3582 1966 ἔσται
3609 1914 3657 1965 ὲν

2109 1999 2298 2071 σκοτία
2319 2000 2387 2054 τὰ
2409 2001 2545 2072 ἔργα
2592 2001 2795 2054 αὐτῶν·
2822 2020 2842 2052 ι
2873 2001 2934 2054 τὸ
2971 2002 3080 2072 γὰρ
3134 2002 3233 2056 καὶ
3289 2003 3463 2057 ἔσται
3501 2003 3658 2065 οὐδεὶς

2107 2092 2174 2146 ἂν
2199 2091 2637 2163 ἀμφισϐητήσειε
2692 2094 2766 2162 μὴ
2790 2093 2911 2162 οὐχὶ
2967 2092 3345 2162 αίτιολογικῶς
3400 2095 3656 2166 εἰρῆσθαιο

2105 2184 2194 2238 διὰ
2211 2185 2373 2239 τοῦτο
2397 2186 2580 2249 αὐτοῖς
2616 2186 2712 2239 καὶ
2733 2188 2794 2238 τὸ
2821 2184 2956 2238 οὐαὶ
2987 2185 3300 2254 ὲπαφίεται.

2187 2361 2377 2427 Οὕτως
2407 2359 2501 2416 οὖν
2527 2362 2622 2428 κα).
2649 2362 2732 2425 τὸ,
2773 2382 2791 2414 ι
2815 2362 3125 2434 Ὠργίσθης,
3177 2365 3273 2418 καὶ
3309 2364 3474 2434 ἡμεῖς
3496 2364 3661 2435 ἡμάρ-

2103 2469 2290 2524 τομεν,
2319 2470 2339 2504 ι
2379 2450 2799 2520 ἀταλαιπώρως,
2859 2454 2954 2506 καὶ
2999 2451 3169 2523 χωρίς
3201 2469 3345 2516 τινος
3385 2452 3662 2522 ἐπιδρομῆς

2102 2544 2522 2613 κατανοήσεται,
2552 2544 2651 2613 τῆς
2697 2544 2977 2615 Γραφικῆς
3005 2543 3295 2614 συνηθείας
3323 2544 3385 2596 τὸ
3443 2543 3661 2613 ἕτοιμον,

2103 2636 2201 2690 καὶ
2223 2637 2292 2690 δι’
2335 2637 2508 2705 ἀκοῆς
2556 2634 2764 2689 ἀλύπου
2805 2633 3179 2706 παραδύεσθαι
3213 2634 3349 2705 πρὸς
3381 2634 3483 2704 τὴν
3515 2631 3663 2706 ὀρθὴν

2102 2728 2342 2782 διάνοιαν
2373 2727 2776 2798 παρεχομένης,
2807 2725 2903 2778 καὶ
2929 2724 2990 2776 τὸ
3020 2724 3198 2777 κοινὸν
3221 2724 3558 2793 ὁμολόγημα,
3581 2723 3664 2776 καὶ

2103 2809 2346 2885 θεοφιλὲς
2379 2817 2500 2870 ἀντὶ
2529 2816 2630 2886 τῆς
2658 2814 2719 2877 ἐξ
2738 2816 2912 2886 ἀρχῆς
2938 2815 3171 2886 ἀπορίας
3193 2815 3662 2884 συνδιασωζούσης.

2106 2911 2325 2962 Ἐννοια
2349 2908 2458 2980 γὰρ
2489 2911 2665 2978 κοινὴ,
2685 2907 2782 2960 καὶ
2802 2906 3038 2976 μάλιστά
3057 2922 3119 2974 γε
3138 2907 3251 2969 τοῖς
3280 2906 3577 2970 εὐσεϐέσιν,
3601 2904 3665 2966 ὼς

423 2993 716 3060 etquidem
750 2994 854 3062 piis
898 2996 1199 3064 praesertim
1252 2995 1405 3060 viris,
1457 2995 1602 3064 quod
1645 2994 1996 3064 peccantibus

2107 2999 2534 3071 ἁμαρτανόντων
2563 2999 2719 3068 ἡμῶν
2745 2997 2805 3050 τὸ
2850 2996 3005 3049 Θείον
3054 2995 3352 3067 ὀργίζεται,
3409 2996 3518 3048 Καὶ
3547 2996 3666 3065 ὁρᾷν

425 3083 583 3137 nobis
618 3082 756 3137 Deus
790 3083 1082 3138 irascatur.
1115 3087 1294 3154 Atque
1334 3085 1872 3140 animadvertendum
1916 3093 1996 3140 est

2103 3091 2271 3155 ἔστιν,
2307 3091 2379 3152 ὡς
2404 3093 2433 3143 ὁ
2457 3089 2646 3160 παρὼν
2676 3090 2855 3157 λόγος,
2883 3090 3006 3142 ὅσον
3032 3086 3400 3158 μετριώτερον
3443 3087 3534 3141 τοῦ
3583 3088 3661 3140 ἀν-

423 3171 571 3240 quod
626 3171 960 3239 huiusmodi
997 3173 1417 3237 commentatio,
1488 3183 1692 3242 quanto
1751 3173 2001 3227 adductis

423 3265 546 3319 aliis
581 3263 915 3317 moderatius
943 3263 1208 3330 procedit,
1241 3271 1390 3317 tanto
1423 3263 1605 3317 minus
1641 3262 1822 3317 verbis
1863 3263 2003 3316 indi~

425 3366 550 3426 geat
577 3355 785 3410 circulo
825 3355 1023 3408 vitioso
1065 3354 1464 3416 laborantibus,
1513 3354 2002 3423 torquentibusque

425 3453 658 3500 mentem
681 3456 780 3514 per
806 3443 1158 3508 subtilitates,
1189 3458 1368 3513 neque
1393 3444 1508 3512 ipsa
1537 3444 1806 3512 quispiam
1831 3444 2003 3512 possit

427 3539 602 3593 abuﬁ.

493 3626 564 3679 At
588 3640 656 3679 ne
684 3626 864 3696 pigeat
898 3623 1128 3679 ulterius
1152 3638 1262 3677 rem
1292 3621 1623 3693 perpendere
1655 3639 1668 3675 :
1699 3621 1820 3675 fons
1853 3621 1997 3676 enim
2031 3685 2035 3688 ,

422 3730 690 3786 aquarum
741 3716 936 3770 animae
967 3713 1180 3766 utilium
1213 3729 1278 3768 ac
1307 3712 1630 3766 salutarium
1680 3725 1836 3764 sacra
1884 3710 2002 3764 Elo-

421 3809 549 3877 quia
584 3814 749 3870 sunt;
787 3813 1066 3873 etquanto
1094 3804 1265 3872 magis
1289 3801 1817 3857 eamcditationibus
1856 3800 1998 3856 l‘odi-

422 3913 566 3962 mus,
601 3907 756 3950 tanto
787 3896 1126 3961 copiosiores
1158 3896 1446 3949 veritatum
1490 3893 1677 3964 gratiae
1709 3893 1834 3946 inde
1856 3908 1998 3963 ,εοε-

418 3992 650 4046 turiunt.
681 3988 904 4044 Dillicile
935 3989 1122 4059 itaque
1156 3989 1441 4043 videbatur
1467 3988 1596 4041 illud
1633 3985 1784 4040 :tTu
1822 3986 1996 4040 iratus

415 4096 496 4144 es,
535 4087 591 4133 et
631 4095 733 4134 nos
770 4078 1134 4147 peccavimus,
1182 4077 1309 4132 dum
1360 4075 1612 4130 absolute
1654 4074 1783 4138 dici,
1812 4088 1876 4128 ac
1928 4075 1996 4128 de

417 4171 675 4224 universo
697 4170 980 4224 hominum
1005 4183 1202 4238 genere
1231 4167 1527 4238 putabatur
1566 4165 1811 4233 intelligi.
1847 4163 1994 4229 Quo-

417 4262 579 4314 modo
605 4261 750 4315 enim
795 4260 1067 4330 quispiam
1112 4269 1296 4328 posset
1335 4260 1511 4314 vitare
1561 4266 1867 4326 peccatum,
1901 4256 1993 4310 ubi

2103 3183 2346 3252 ηγμένου
2393 3181 2640 3250 φέρεται,
2696 3180 2949 3234 τοσοῦτον
2981 3178 3092 3232 τῶν
3151 3178 3336 3248 κύκλῳ
3383 3179 3681 3250 περιόντων.

2104 3275 2388 3344 ῥημάτων,
2451 3272 2548 3325 καὶ
2593 3273 2711 3334 ταῖς
2788 3270 3093 3341 περινοίαις
3151 3267 3559 3323 ἀποθλιδόντων
3613 3266 3666 3318 τὸ

2101 3364 2281 3434 νόημα
2303 3363 2558 3432 ἀνενδεὴς
2587 3361 2846 3433 ὑπάρχει,
2880 3361 2977 3414 καὶ
3037 3359 3327 3431 κρείττων,
3360 3359 3394 3431 ἢ
3431 3358 3664 3430 ἀποχρή·

2103 3456 2318 3512 σασθαι.

2183 3630 2533 3684 Ἐπισκοπεῖν
2557 3629 2602 3684 δ’
2625 3630 2727 3683 οὐκ
2757 3629 3094 3700 ἀποκνητέον
3117 3647 3133 3662 ⁸
3164 3629 3320 3702 πηγὴ
3363 3631 3475 3700 γὰρ
3504 3629 3665 3700 ὑπάρο

2100 3733 2185 3786 χει
2215 3717 2575 3787 ψυχωφελῶν,
2629 3717 2724 3770 καὶ
2783 3717 3071 3787 σωτηρίων
3120 3719 3380 3788 ναμάτων
3439 3717 3512 3771 τὰ
3553 3715 3666 3788 ἱερά

2101 3809 2134 3877 ή
2143 3807 2258 3877 μῶν
2286 3807 2457 3874 Λόγια
2479 3807 2610 3880 ’.καὶ
2631 3808 2756 3860 ὅσον
2773 3809 2837 3861 ἂν
2860 3807 2997 3861 αὑτά
3020 3811 3128 3871 τοῖς
3147 3807 3428 3879 λογισμοῖς
3454 3807 3665 3878 ἀνορύτ-

2099 3909 2303 3969 τωμεν,
2332 3897 2588 3952 τοσοῦτον
2619 3898 2684 3952 ἂν
2713 3898 2981 3967 ἀφθόνους
3010 3899 3250 3968 πηγάξει
3275 3892 3410 3952 ’τῶν
3469 3900 3663 3969 νοημά-

2096 4005 2206 4042 των
2231 3987 2331 4051 τὰς
2364 3987 2612 4058 χάριτας.
2651 3989 2891 4058 ’Δπορον
2938 3987 3031 4043 οὖν
3059 3990 3236 4043 ἐδόκει
3271 3990 3334 4043 τό
3357 4010 3369 4023 ·
3409 4008 3427 4042 ι
3468 3991 3537 4043 Σὺ
3561 3991 3661 4060 ὠρ-

2096 4076 2313 4147 γίσθης,
2349 4078 2442 4130 καὶ
2475 4079 2636 4148 ἡμεῖς
2666 4077 3006 4149 ἡμάρτομεν,
3038 4096 3058 4129 ›
3085 4078 3273 4142 ἀπλῶς
3287 4095 3348 4131 τε
3361 4078 3659 4148 λεγόμενον,

2097 4169 2192 4222 καὶ
2222 4168 2306 4236 ἐφ’
2339 4168 2468 4236 ὅλης
2497 4168 2595 4238 τῆς
2616 4168 2965 4239 ἀνθρωπίνης
3008 4169 3406 4240 ὲξακουόμενον
3436 4170 3659 4238 «possm.

2097 4257 2208 4312 Ποῦ
2232 4259 2340 4328 γὰρ
2373 4257 2502 4326 ἐνῆν
2529 4274 2652 4310 τινα
2698 4261 2900 4326 φυγεῖν
2930 4259 3030 4327 τὴν
3060 4259 3365 4328 ἁμαρτίαν,
3396 4261 3493 4328 τῆς
3524 4256 3660 4319 θείας

413 4348 593 4416 ipsum
657 4349 840 4404 divina
889 4348 1119 4403 immisit
1157 4347 1276 4400 ira?
1313 4345 1576 4412 Quaenam
1617 4356 1797 4398 autem
1842 4345 1990 4413 justa

2103 4345 2267 4417 ὀργῆς
2300 4343 2504 4415 ταύτην
2535 4347 2898 4414 ὲπαφιείσης;
2926 4340 3022 4408 Τίς
3059 4344 3118 4398 δὲ
3149 4345 3335 4400 δικαία
3363 4345 3471 4398 τῶν
3488 4345 3658 4415 ἀμαρ-

413 4439 651 4508 peccatis
701 4454 861 4508 paena
903 4439 1259 4507 irrOgaretur,
1311 4437 1359 4492 si
1407 4437 1473 4489 ad
1515 4434 1670 4490 nefas
1708 4435 1860 4489 inviti
1892 4450 1989 4504 per

2103 4436 2359 4507 τημάτων
2411 4435 2720 4506 εῐσπραξις,
2757 4436 2999 4489 ἀκόντων
3049 4435 3359 4505 ἑλκομένων
3406 4437 3487 4500 είς
3519 4434 3553 4488 ἀ
3591 4432 3659 4505 μὴ

410 4532 520 4584 vim
571 4530 953 4585 traherentur?
1008 4527 1112 4584 Ubi
1169 4528 1400 4583 liberum
1450 4527 1775 4581 consisteret
1841 4527 1986 4580 arbi-

412 4621 624 4676 trium?
659 4622 838 4691 Atque
883 4621 988 4674 alia
1029 4629 1289 4676 sexcenta
1339 4625 1689 4688 erumperent
1727 4618 1982 4682 absurda,

410 4725 642 4778 quorum
671 4726 836 4766 causa
869 4726 1051 4765 nonne
1083 4712 1264 4780 potius
1313 4713 1654 4781 propositum
1693 4709 1980 4764 oraculum

2093 4527 2272 4597 θέμις,
2302 4526 2411 4580 τῶν
2437 4525 2933 4598 ὲπηρεαζομένων;
2967 4525 3040 4579 Τὸ
3061 4526 3120 4580 δὲ
3153 4526 3501 4592 αὐτεξούσιον
3527 4524 3654 4588 ποῦς

2092 4617 2202 4670 Καὶ
2235 4616 2405 4688 μυρία
2443 4616 2602 4682 ἄλλα,
2641 4608 2716 4669 ὧν
2765 4616 2886 4686 οὐχὶ
2942 4616 3004 4669 τὸ
3055 4616 3220 4689 ῥητὸν
3252 4616 3450 4686 μᾶλλον
3496 4618 3654 4669 αῐτιον

2089 4708 2314 4777 opimi;
2360 4707 2500 4761 Ἀλλ’
2545 4707 2600 4759 εί
2649 4723 2733 4769 τις
2768 4707 2902 4761 αὐτὸ
2949 4708 3085 4779 πρὸς
3129 4706 3191 4761 τδ
3221 4709 3401 4763 κοινὸν
3447 4707 3654 4778 ἀξίωμα

1920 4865 2151 4923 ΝΟΤᾹΞ.

477 5021 593 5142 gl)
627 5021 766 5102 Psal.
817 5037 946 5082 cvu.
991 5020 1074 5102 ιε.
1124 5021 1278 5102 Legit
1319 5031 1502 5102 autem
1557 5019 1786 5089 Vulgata
1836 5036 1850 5072 :
1901 5017 1986 5072 Da

409 5107 472 5142 na
511 5107 554 5142 is
594 5094 854 5142 auxilium
886 5094 950 5142 de
982 5091 1341 5142 tribulatione.
1378 5107 1502 5142 auia
1533 5106 1667 5142 uana
1706 5089 1854 5142 salus
1891 5089 1985 5141 Iw-

511 5092 554 5143 is
577 5089 854 5160 auxilium
886 5094 950 5144 de
982 5089 1341 5153 tribulatione,
1378 5089 1854 5160 quiainana‘salus
1891 5089 1985 5160 ίιυ-

408 5161 586 5213 minis.
608 5159 864 5216 Hebraeus
895 5171 1076 5216 autem
1141 5157 1716 5215 versioni’LXXvirali
1759 5159 1982 5227 propius

403 5249 671 5321 accedens
698 5249 858 5321 habet
885 5266 898 5303 :
931 5261 1048 5308 mn
1077 5259 1252 5313 nsum
1279 5259 1417 5309 mm
1441 5254 1748 5321 axon-iw
1767 5228 1851 5321 1:5
1873 5256 1980 5321 nan

404 5317 605 5371 hachab
634 5318 760 5370 lanu
782 5318 1025 5373 hbezralh
1050 5312 1297 5373 ntitztzar
1326 5321 1537 5374 rescaub
1569 5319 1748 5370 Iidem.
1781 5312 1970 5367 Nemi.

407 5403 526 5442 Item
600 5401 780 5441 autem
839 5390 916 5442 vel
981 5391 1206 5444 tironem
1264 5392 1317 5443 in
1378 5389 1642 5443 chraica
1722 5385 1970 5451 palaestra

409 5459 640 5520 praeterit
668 5459 944 5526 prazlixum
967 5469 990 5518 Ἰ
1017 5462 1286 5515 interdum
1320 5475 1426 5514 non
1459 5456 1839 5525 conjunctivae,
1878 5456 1971 5526 sed

405 5527 640 5601 causalis
668 5523 958 5601 particulae
990 5531 1160 5584 vicem
1204 5547 1410 5601 gerere.
1449 5523 1582 5580 Vide
1597 5538 1724 5601 pro:
1759 5523 1971 5577 eteteris

405 5594 878 5664 GlassiuttrGrant.
909 5601 946 5652 Ι.
986 5616 1058 5664 tv,
1085 5594 1240 5654 tractv.
1271 5601 1320 5662 ί,
1350 5602 1563 5652 observ.
1597 5597 1647 5648 7.

475 5663 584 5732 (52)
612 5666 714 5720 lsa.
753 5684 899 5734 xxix,
934 5669 1020 5723 15.
1047 5663 1146 5723 Vlla
1191 5680 1320 5725 sunt
1385 5663 1761 5721 transferenda
1822 5675 1966 5713 Lxxu

2091 5019 2366 5092 seniorum
2408 5020 2605 5092 verba.
2637 5019 2741 5075 Sed
2777 5020 2837 5074 ι).
2872 5017 3186 5092 Hieronymi
3218 5020 3404 5092 νει-εἷο
3442 5019 3638 5092 habet:

2103 5087 2212 5148 Vw,
2243 5091 2333 5158 qui
2377 5090 2630 5157 profundi
2653 5092 2780 5144 estis
2808 5091 2984 5156 corde,
3024 5084 3146 5146 ut'a
3185 5084 3410 5144 Domina
3440 5090 3647 5144 abscon-

2088 5159 2230 5210 dalis
2283 5161 2588 5222 consilium,
2643 5177 2866 5225 quarunt
2917 5172 3039 5213 sunt
3092 5165 3146 5214 in
3202 5162 3428 5213 tenebris
3479 5175 3646 5226 opera.

2085 5244 2156 5297 At
2185 5253 2404 5331 quinm
2438 5253 2592 5308 nim
2617 5255 2766 5309 rm:
2791 5231 2948 5305 ano“)
2975 5255 3182 5308 rum:
3212 5256 3542 5330 Diptmm
3575 5253 3651 5304 nn

2083 5340 2360 5393 armis
2421 5332 2508 5399 hoj
2557 5332 3066 5392 Itannualthamikim
3123 5334 3424 5387 meiehovah
3479 5331 3646 5385 Laslir

2075 5401 2324 5462 hhelzah,
2370 5402 2581 5454 veltaieh
2637 5403 3012 5454 bemachscach
3065 5405 3455 5466 mahhasehem,
3523 5402 3649 5469 legit

2073 5469 2332 5540 llebrtt-us
2352 5471 2493 5540 quod
2529 5472 2670 5524 κατὰ
2685 5470 2828 5535 λέξιν
2853 5470 3038 5526 Latine
3055 5483 3309 5527 sonaret:
3337 5471 3646 5540 prrafun-

2071 5539 2326 5610 ditatibus
2351 5558 2381 5591 a
2401 5539 2624 5593 Domino
2646 5541 2714 5592 ad
2763 5542 3154 5596 absconsioncm
3181 5543 3412 5610 consilii,
3436 5539 3483 5597 et
3503 5554 3643 5595 eruit.

2070 5609 2130 5662 in
2161 5609 2381 5662 tenebris
2409 5625 2565 5677 opera
2595 5626 2798 5664 eorum.
