3864 6218
196 307 299 372 297

1158 314 1258 374 ΑΙ)
1286 314 1876 375 AMPHILOCHIUM
1936 315 2281 388 QUIESTIO
2311 316 2497 376 XLII.

3362 308 3471 371 298

195 418 443 486 ἐπαίρει,
478 434 570 471 και
607 418 748 473 κατά
804 419 987 490 πάσης
1036 420 1137 491 τῆς
1192 420 1542 491 ἀνθρωπίνης
1571 420 1821 489 φύσεωςί

1904 422 2243 493 ignoscitur?
2265 425 2334 476 At
2368 422 2441 476 ita
2472 422 2596 488 erit,
2631 422 2675 475 si
2708 420 2833 489 quis
2863 420 2995 474 illud
3019 419 3088 473 ad
3119 432 3469 473 communem

200 509 457 582 εἰρῆσθαι
489 510 714 580 νομίζειο
748 510 890 575 ἐπεὶ,
919 510 1082 574 εἷ’τις
1112 527 1175 578 γε
1193 510 1327 564 αὐτὸ
1354 512 1493 583 πρὸς
1510 512 1613 583 τὴν
1647 511 1784 565 καθ-

200 603 388 672 ολικὴν
455 603 533 673 μὴ
563 601 871 667 ὲκϐιάξοιτο
891 601 1122 669 ἔννοιαν,
1152 602 1289 657 ἀλλά
1312 606 1425 666 τοῖς
1461 604 1613 668 ἰδίοις
1637 605 1787 675 ὅροις

206 695 417 764 συνέχει
439 693 949 765 περιστελλόμενον,
980 694 1091 749 τῶν
1119 696 1384 749 πλειόνων
1417 695 1790 766 ἀτοπημάτων

204 786 499 840 ἀνεύθυνον
544 787 896 858 ὀραθήσεται.

273 965 340 1017 Τί
364 964 463 1018 οὖν
490 966 658 1027 ἐστιν,
700 964 730 1018 δ
760 965 934 1034 λέγως
966 964 1089 1017 Ὀτι
1120 980 1226 1034 περ
1256 962 1352 1017 τοῦ
1392 961 1791 1035 Ἰσραηλιτικοῦ

209 1058 397 1122 ἐθνους
430 1059 829 1129 προενήνεκται
859 1057 939 1127 τῷ
968 1056 1233 1129 Προφήτῃ
1276 1055 1339 1108 τὸ
1372 1058 1546 1126 ρἦα,
1588 1053 1703 1109 ἀλλ’
1730 1054 1793 1106 οὐ

210 1151 335 1219 περὶ
364 1150 588 1203 πάντων
623 1147 811 1210 ἁπλῶς
845 1145 1148 1218 ἀνθρώπων
1170 1162 1183 1176 ’
1223 1146 1319 1199 καὶ
1364 1145 1447 1198 ὅτι
1490 1145 1666 1198 οὐδενὶ⁸
1694 1161 1796 1197 κα-

209 1243 457 1296 ταλείπει
488 1239 927 1311 ἀμφισϐήτησιν,
978 1238 1117 1308 αὐτή
1150 1254 1213 1307 γε
1241 1239 1276 1308 ή
1319 1238 1421 1306 τῆς
1456 1235 1797 1309 προφητείας

211 1332 495 1404 ἐπιγραφὴ
532 1333 822 1401 μαρτυρεῖ’
861 1350 880 1382 ι
910 1320 1140 1401 ’Ὅρασις
1168 1330 1297 1400 γὰρ,
1322 1328 1506 1399 φησὶν,
1542 1328 1610 1398 ἣν
1656 1321 1798 1380 εἶδεν

224 1426 451 1487 Ἡσαΐας
475 1424 591 1487 υίδς
632 1421 833 1492 Ἀμὼς,
865 1422 933 1491 ἢν
959 1418 1065 1475 εἶδε
1093 1420 1235 1475 κατά
1261 1420 1361 1490 τῆς
1399 1418 1680 1480 Ἰουδαίας,
1703 1417 1799 1470 καὶ

214 1518 351 1573 κατά
392 1515 750 1588 Ἰερουσαλὴμ
778 1516 838 1569 ἐν
889 1515 1133 1585 βασιλεία
1178 1512 1378 1577 Ὀζίου,
1408 1512 1505 1566 καὶ
1538 1510 1798 1581 ’ῐωαθάμ,

215 1610 309 1662 καὶ
340 1607 543 1677 Ἀχαζ,
574 1608 670 1661 καὶ
698 1608 963 1672 Ἐζεκίου.
995 1626 1013 1659 ι
1050 1607 1162 1661 Καὶ
1189 1608 1320 1676 γὰρ,
1353 1604 1449 1659 καὶ
1470 1606 1529 1658 ἐν
1569 1599 1652 1667 οἷς
1678 1602 1799 1657 ἐτέ-

1890 514 2172 568 hominum
2210 513 2578 569 conditionem
2634 513 2845 577 evehat,
2893 520 2950 567 et
2978 511 3046 566 de
3078 520 3188 565 tota
3229 511 3471 564 humana

1889 615 2083 661 natura
2134 606 2338 661 dictum
2378 620 2501 661 esse
2540 604 2845 675 upinetur:
2903 602 3164 672 quoniam
3219 599 3471 669 pluribus

1890 697 2321 754 absurditatibus
2350 698 2596 752 immune
2614 695 3012 765 conspicietur,
3044 692 3087 746 si
3125 692 3253 761 quis
3291 691 3471 759 ipsum

1891 791 1959 846 ad
1992 791 2357 847 universalem
2395 805 2618 845 sensum
2656 804 2761 841 non
2804 786 3146 853 detorqueat,
3193 782 3290 837 sed
3324 781 3471 836 intra

1892 880 2142 951 proprios
2172 880 2434 934 terminos
2459 878 2776 934 conclusum
2808 875 3070 931 detineat.

1964 971 2107 1038 Quid
2141 972 2306 1042 igitur
2347 970 2565 1027 dicam?
2602 967 2808 1038 Nempe
2858 968 3003 1037 quod
3045 965 3114 1021 de
3169 964 3473 1021 Israelitica

1895 1074 2075 1136 gente,
2102 1079 2210 1119 non
2246 1072 2427 1119 autem
2454 1062 2523 1118 de
2547 1060 2803 1116 omnibus
2832 1059 3058 1115 omnino
3100 1058 3418 1112 hominibus
3443 1072 3474 1109 a

1896 1155 2155 1225 propheta
2176 1170 2240 1209 ea
2263 1155 2427 1210 verba
2455 1154 2663 1223 prolata
2695 1154 2807 1207 sint
2837 1167 2850 1199 :
2881 1150 3135 1220 quodque
3164 1147 3372 1205 nemini
3410 1148 3479 1200 de

1898 1247 2004 1301 hoc
2032 1246 2337 1317 ambigendi
2371 1246 2708 1312 relinquatur
2748 1243 2921 1304 locus,
2971 1241 3085 1311 ipsa
3124 1240 3320 1310 utique
3350 1253 3479 1304 pro-

1898 1333 2094 1402 phetiae
2145 1332 2426 1401 inscriptio
2488 1339 2740 1386 testatur.
2792 1328 2978 1398 Inquit
3029 1328 3176 1381 enim
3215 1343 3230 1379 :
3266 1345 3286 1377 ι
3323 1323 3475 1379 Visio

1899 1422 2051 1478 Isaia;
2086 1423 2180 1477 filii
2202 1428 2391 1483 Amos,
2422 1439 2582 1492 quam
2611 1421 2747 1476 vidit
2787 1436 2952 1489 super
2990 1418 3186 1474 Judam
3222 1429 3276 1473 et
3323 1416 3482 1471 Jeru-

1900 1515 2071 1570 salem
2123 1514 2177 1568 in
2234 1515 2427 1570 diebus
2462 1514 2629 1580 Ozize,
2678 1512 2954 1578 Joatham,
2993 1513 3199 1577 Achaz,
3237 1519 3293 1566 et
3342 1508 3481 1563 Eze-

1902 1602 2126 1659 chias".
2164 1623 2184 1656 ι
2209 1604 2415 1659 Revera
2447 1605 2531 1659 vel
2567 1605 2657 1659 ubi
2696 1604 2927 1658 aliarum
2973 1603 3212 1673 gentium
3248 1600 3478 1655 mentio-

216 1719 322 1771 ρων
338 1701 513 1754 ἐθνῶν
545 1702 769 1770 μνήμην
813 1701 1069 1763 ποιεῖται,
1108 1699 1202 1753 καὶ
1259 1698 1478 1769 ὁράσεις
1531 1695 1802 1751 ἀνακαλύο

1904 1709 2028 1749 nem
2058 1694 2207 1761 facit,
2244 1697 2557 1766 revelatque
2597 1696 2858 1762 visiones,
2907 1703 3055 1749 certe
3082 1694 3279 1748 horum
3311 1692 3479 1747 etiam

218 1805 359 1852 πτει,
397 1787 542 1841 ἀλλά
571 1788 680 1858 γάρ
713 1788 808 1842 καὶ
839 1787 1045 1841 τούτων
1071 1790 1104 1858 ή
1155 1788 1431 1858 διήγησις,
1470 1787 1544 1851 ὡς
1568 1786 1794 1853 ἐπίπαν,

1904 1787 2172 1842 enarratio
2202 1786 2586 1849 Israeliticum,
2631 1795 2691 1841 ut
2738 1787 3056 1856 plurimum,
3094 1785 3356 1854 populum
3394 1798 3483 1837 re-

216 1878 292 1937 είς
315 1877 406 1929 τὸν
444 1876 789 1949 Ἰσραηλίτην
833 1876 961 1930 λαὸν
1015 1878 1229 1948 ἀφορᾷ·
1261 1875 1357 1931 νῦν
1386 1878 1484 1947 μὲν
1530 1876 1795 1948 μάστιγος

1909 1877 2124 1947 spicit:
2162 1878 2363 1948 quippe
2417 1878 2578 1932 modo
2630 1877 2852 1947 quidem
2907 1877 3230 1945 alienigenae
3285 1873 3480 1944 ﬂagelli

216 1968 394 2029 αὐτοῖς
422 1967 887 2040 ἀναπληρούντων
912 1954 1102 2038 χρείαν
1136 1967 1243 2020 τῶν
1273 1966 1607 2037 ἀλλοφύλων,
1642 1965 1796 2038 παρά

1907 1979 2090 2039 partes
2139 1970 2437 2039 implebant
2483 1971 2538 2023 in
2597 1984 2722 2023 eum
2796 1978 2990 2024 contra
3061 1964 3483 2036 justiﬁcationes

216 2059 283 2112 τὰ
318 2058 410 2112 τοῦ
460 2060 669 2129 Κυρίου
720 2058 1067 2129 δικαιώματα
1118 2058 1531 2129 πορευομένοις·
1583 2058 1682 2113 νῦν
1740 2058 1798 2111 δὲ

1904 2062 2119 2117 Domini
2167 2063 2569 2129 ambulantem;
2612 2061 2775 2116 modo
2819 2070 2999 2116 autem
3050 2060 3155 2129 ipsi
3200 2058 3484 2112 Dominica

219 2154 415 2215 κράτος
460 2152 781 2222 αὐτῶνετῆς
814 2151 964 2215 θείας
1007 2151 1179 2222 ῥοπῆς
1233 2150 1671 2222 ἐγχειριζούσης,
1708 2151 1801 2204 καὶ

218 2242 388 2311 νίκην,
415 2241 526 2295 τῶν
567 2241 913 2295 Δεσποτικῶν
936 2242 1169 2295 ἐντολῶν
1195 2242 1684 2311 ἀντιποιουμένοις.

280 2332 386 2383 Ναὶ
408 2331 472 2400 δὴ
506 2331 604 2384 καὶ
654 2330 763 2401 πρό
797 2348 861 2399 γε
900 2330 1150 2401 βραχέως
1174 2329 1269 2383 τοῦ
1298 2331 1665 2402 προκειμένου
1703 2334 1803 2403 ρη-

218 2422 328 2486 τοῦ,
362 2422 449 2474 ἵνα
478 2422 551 2475 τὰ
581 2422 717 2475 ἄλλα
747 2422 916 2489 ἐάσω,
946 2423 1437 2495 ἀναμφισϐήτητον
1467 2426 1602 2478 πᾶσι
1626 2426 1799 2480 ποιῶν

219 2517 246 2568 ὁ
290 2516 601 2585 προφήτης,
661 2515 744 2568 ὅτι
803 2515 931 2585 περὶ
990 2514 1085 2568 τοῦ
1157 2515 1552 2587 Ἰσραηλιτικοῦ
1605 2515 1800 2585 γένους

220 2606 413 2677 ἐρρἐη
447 2607 531 2674 τὸ,
572 2626 590 2658 ι
614 2608 689 2660 Σὺ
722 2607 1025 2679 ὠργίσθης,
1053 2609 1149 2661 καὶ⁵
1176 2609 1340 2678 ἡμεῖς
1372 2608 1693 2679 ἡμάρτομεν
1713 2625 1729 2642 ο
1771 2629 1790 2663 ι

219 2697 354 2752 οὕτω
383 2715 501 2762 πως
541 2698 647 2768 ἔφη
674 2716 689 2730 ο
746 2717 764 2750 ι
791 2699 902 2751 Ποῦ
950 2701 1168 2753 ἐστιν...
1213 2699 1242 2750 ό
1291 2699 1515 2769 ἀγαγὼν
1558 2703 1623 2771 τῇ
1648 2699 1799 2769 δεξιᾷ

219 2793 471 2863 Μωῦσῆν,
505 2794 537 2845 ὁ
568 2790 809 2867 βραχίων
831 2791 932 2860 τῆς
963 2791 1122 2862 δόξης
1159 2790 1396 2846 αὑτοῦ...
1434 2792 1545 2846 Καὶ
1588 2793 1797 2863 ήγαγεν

218 2885 403 2949 αὐτοὺς
431 2884 520 2938 διὰ
558 2885 658 2955 τῆς
689 2883 951 2947 ἀϐύσσου,
994 2883 1071 2947 ὡς
1120 2884 1288 2938 ἵππον
1318 2884 1385 2937 δι’
1418 2885 1651 2955 ἐρήμου,
1698 2886 1796 2938 καὶ

217 2977 310 3028 οὐκ
329 2975 699 3029 ἐκοπίασαν...
730 2973 917 3039 Οὕτως
943 2975 1150 3045 ήγαγες
1170 2974 1261 3027 τὸν
1286 2974 1415 3028 λαόν
1449 2992 1541 3028 σου
1566 2975 1795 3045 ποιῆσαι

221 3067 420 3138 σεαυτῷ
468 3067 845 3138 δνομαδόξης.
894 3066 1252 3137 Ἐπίστρεψον
1283 3066 1348 3120 ἐκ
1381 3066 1475 3119 τοῦ
1537 3066 1791 3139 ούρανοῦ,

1904 2154 2160 2221 mandata
2207 2154 2513 2223 capessenti
2597 2153 3027 2223 alienigenarum
3080 2148 3376 2219 potentiam
3421 2162 3486 2201 ac

1904 2245 2185 2299 victoriam
2220 2246 2464 2300 divinum
2493 2246 2760 2300 auxilium
2794 2246 2849 2299 in
2886 2259 3083 2298 manus
3119 2240 3397 2296 tradebat.

1972 2335 2112 2402 Quin
2146 2339 2311 2391 etiam
2345 2342 2507 2406 paulo
2538 2346 2666 2390 ante
2703 2336 3044 2406 propositum
3081 2334 3395 2393 oraculum,
3428 2340 3488 2385 ut

1899 2433 2092 2481 caetera
2131 2437 2469 2495 praeteream,
2522 2428 2810 2497 propheta,
2862 2441 2973 2496 quo
3019 2425 3278 2480 omnibus
3330 2431 3485 2477 extra

1899 2516 2256 2572 dubitationis
2303 2518 2475 2571 aleam
2511 2528 2761 2586 poneret.
2792 2533 2850 2572 se
2883 2519 2951 2570 de
2985 2516 3288 2571 Israelitica
3325 2525 3485 2585 gente

1898 2607 2101 2663 dixisse
2130 2608 2261 2663 illud
2292 2625 2305 2661 :
2337 2628 2355 2661 ι
2387 2605 2472 2662 Tu
2514 2610 2691 2664 iratus
2719 2626 2799 2673 es,
2833 2619 2888 2664 et
2910 2622 3011 2662 nos
3045 2608 3427 2677 peccavimus;
3461 2623 3479 2657 ι

1898 2698 1979 2752 sic
2009 2696 2302 2767 aliquando
2352 2697 2531 2767 inquit
2564 2714 2576 2749 :
2609 2715 2628 2749 ι
2673 2696 2775 2751 Ubi
2806 2707 2890 2752 est
3034 2697 3127 2767 qui
3176 2696 3368 2750 eduxit
3417 2694 3486 2749 ad

1896 2790 2177 2844 dexteram
2230 2789 2452 2859 Moysen
2500 2790 2726 2845 brachio
2788 2789 3093 2859 majestatis
3156 2804 3272 2843 suae
3422 2787 3490 2841 Et

1896 2882 2085 2937 eduxit
2120 2896 2216 2937 eos
2259 2896 2355 2950 per
2397 2882 2647 2951 abyssos,
2699 2881 2858 2951 quasi
2911 2896 3111 2950 equum
3173 2881 3227 2934 in
3270 2880 3489 2934 deserto

1896 2988 2006 3028 non
2040 2974 2503 3045 impingentem...
2550 2972 2641 3028 Sic
2697 2966 2974 3028 adduxisti
3004 2976 3269 3041 populum
3306 2984 3485 3036 tuum,

1897 3071 1958 3116 ut
1989 3061 2201 3118 faceres
2239 3064 2331 3118 tibi
2363 3079 2561 3119 nomen
2611 3063 2817 3133 gloriae.
2870 3064 3103 3119 Attende
3134 3065 3200 3118 de
3231 3066 3397 3124 caelo.
3436 3073 3491 3118 et

218 3161 304 3212 καὶ
340 3160 412 3213 ἴδε
443 3163 508 3214 ἐκ
540 3159 637 3213 τοῦ
667 3160 818 3212 οἴκου
845 3156 941 3211 τοῦ
974 3158 1133 3224 ἁγίου
1168 3174 1285 3223 σου,
1321 3160 1418 3212 καὶ⁵
1453 3158 1681 3230 δόξης...
1717 3160 1790 3212 Σὺ

1904 3150 2025 3208 vide
2046 3154 2116 3209 de
2132 3155 2449 3210 'habitaculo
2474 3162 2666 3210 sancto
2701 3164 2813 3217 tuo,
2836 3163 2888 3208 et
2919 3156 3197 3224 gloriae...
3233 3154 3313 3208 Tu
3343 3156 3488 3209 enim

190 3304 193 3309 λ
219 3251 318 3320 γαρ
346 3251 501 3322 ήμῶν
576 3249 627 3305 εί
671 3252 875 3322 πατὴρ,
896 3252 978 3305 ὅτι
1010 3249 1269 3321 Ἀϐραάμ
1290 3251 1391 3303 οὐκ
1432 3250 1574 3319 ἔγνω
1626 3252 1797 3322 ἡμᾶς,

218 3344 305 3394 καὶ
340 3342 559 3414 Ἰσραὴλ
585 3344 684 3397 οὐκ
713 3344 929 3410 ἐπέγνω
960 3342 1130 3412 ἡμᾶς.
1171 3360 1191 3393 ι
1245 3341 1358 3394 Καὶ
1384 3341 1616 3413 ὀχληρὸν
1663 3344 1797 3405 ἴσως

220 3429 384 3483 πάντα
408 3430 759 3496 καταλέγειν.

295 3522 442 3574 Ἐπεὶ
471 3517 571 3575 οὖν
617 3520 1092 3594 περιφανέστατον
1122 3522 1370 3588 γέγονεν,
1408 3522 1483 3584 ὡς
1510 3523 1641 3591 περὶ
1703 3523 1798 3576 τοῦ

231 3610 620 3681 Ἱσραηλιτικοῦ
676 3611 866 3679 γένους
894 3611 980 3664 τό⁸
1053 3630 1070 3661 ι
1115 3612 1249 3664 Ἰδοὺ
1316 3611 1639 3681 ὠργίσθης,
1699 3612 1798 3666 καὶ

223 3703 763 3775 ἡμεῖςήμᾶρτομενμ
787 3705 1001 3774 εἴρηται
1021 3718 1035 3731 °
1056 3703 1335 3775 ἐπιζητεῖν
1358 3706 1476 3756 ἐστι
1493 3704 1801 3767 λοιπὸν,καὶ

222 3793 348 3845 διότι
384 3796 621 3863 εἴρηται.
654 3794 870 3848 Πολλῶν
898 3793 1301 3854 ἀπολαύσαντες
1328 3793 1668 3863 παραδόξων,
1707 3794 1801 3846 καὶ

226 3884 507 3954 ὑπερφυῶν
548 3885 747 3956 ἔργων’
813 3885 972 3938 τοῦτο
1010 3886 1107 3954 μὲν
1146 3883 1553 3955 μαστιζομένην
1576 3884 1676 3952 τὴν
1714 3884 1801 3935 Αἴ-

226 3991 420 4041 γυπτον
448 3977 515 4029 δι’
549 3978 747 4039 αὐτοὺς
769 3976 901 4029 δέκα
928 3976 1163 4046 πληγαῖς
1187 3976 1493 4047 ἑωρακότες
1518 3992 1531 4005 υ
1562 3973 1718 4028 τοῦτο
1741 3975 1799 4028 δέ

226 4066 341 4124 τοὺς
367 4064 661 4134 πολεμίους
710 4067 1101 4127 ἐπιδιώκοντας
1146 4064 1277 4117 ἄνευ
1321 4063 1529 4135 χειρὸς,
1558 4064 1655 4119 καὶ
1711 4064 1801 4118 66-

230 4170 378 4222 ριτος
409 4156 1177 4228 πανωλεθρίᾳδιαφθαρέντας
1199 4171 1212 4184 ⁸
1242 4155 1403 4209 τοῦτο
1420 4156 1477 4209 δὲ
1509 4157 1607 4226 τὴν
1628 4156 1802 4227 ὑγράν

230 4246 379 4313 φύσιν
396 4247 534 4319 ξηρά
563 4250 629 4303 τά
657 4249 800 4302 νῶτα
831 4250 1160 4318 πεζοπορεῖν
1183 4250 1613 4318 παρασχομένην
1632 4266 1646 4280 ο
1672 4247 1803 4301 στύ-

228 4331 311 4384 λον
334 4338 501 4405 πυρὸς
542 4339 603 4390 ἐν
626 4338 781 4390 νυκτὶ
838 4338 1181 4409 πυρσεύοντα
1213 4341 1348 4406 πρὸς
1379 4338 1496 4392 ὁδὸν
1538 4338 1752 4394 εὐθεῖαν
1784 4355 1798 4368 ·

1900 3254 2053 3314 pater
2076 3255 2284 3311 noster,
2320 3256 2375 3301 et
2424 3246 2703 3300 Abraham
2766 3248 3002 3301 nescivit
3061 3263 3181 3313 nos,
3225 3257 3280 3302 et
3327 3247 3494 3302 Israel

1902 3335 2174 3405 ignoravit
2199 3336 2384 3393 nos".
2420 3355 2438 3388 ι
2462 3338 2538 3391 Ac
2570 3336 2861 3392 molestum
2888 3336 3122 3393 fortasse
3151 3339 3493 3391 foretomnia

1902 3442 2249 3498 percensere.

1972 3522 2111 3577 Cum
2145 3522 2313 3591 igitur
2364 3522 2805 3578 luculentissime
2835 3533 3050 3579 constet
3083 3522 3149 3576 de
3189 3522 3493 3577 Israelitica

1901 3624 2060 3681 gente
2093 3614 2197 3668 hoc
2226 3630 2240 3666 :
2279 3632 2299 3666 ι
2330 3612 2471 3669 Ecce
2508 3615 2685 3669 iratus
2714 3630 2793 3680 es,
2829 3625 2883 3668 et
2909 3630 3008 3668 nos
3051 3615 3420 3683 peccavimus,
3470 3634 3487 3662 ι

1903 3700 2075 3755 fuisse
2102 3702 2341 3767 dictum;
2387 3703 2660 3770 reliquum
2685 3712 2769 3757 est
2815 3712 2894 3767 ut,
2930 3712 2983 3756 et
3014 3717 3115 3755 cur
3152 3702 3358 3755 dictum
3398 3702 3492 3765 sit,

1904 3794 2268 3862 inquiramus.
2301 3792 2484 3848 Multis
2518 3793 2726 3848 Hebraei
2758 3792 3194 3851 incredibilibus.
3227 3810 3290 3846 ac
3334 3805 3496 3845 natu-

1906 3901 1980 3940 ra:
2009 3887 2152 3939 vires
2182 3885 2574 3940 excedentibus
2605 3886 2868 3955 prodigiis
2896 3886 3086 3951 ditati;
3146 3900 3272 3937 cum
3325 3886 3494 3937 vidis-

1906 3984 2028 4032 sent
2091 3976 2254 4030 tnodo
2333 3974 2632 4046 Egyptum
2682 3977 2869 4031 decem
2930 3976 3107 4045 plagis
3164 3985 3387 4043 propter
3435 3991 3495 4028 se

1903 4064 2231 4133 ﬂagellatam
2295 4064 2375 4130 “;
2435 4066 2598 4119 modo
2671 4074 3066 4135 persequentes
3122 4065 3310 4117 hostes
3372 4064 3494 4117 sine

1905 4172 2068 4211 manu
2102 4168 2155 4210 et
2214 4156 2372 4210 hasta
2426 4156 2668 4224 perditos
2714 4170 2778 4208 ac
2826 4154 3144 4225 proﬂigalos
3186 4154 3271 4217 ‘i;
3330 4154 3495 4207 modo

1906 4249 2186 4304 humidam
2225 4250 2509 4302 materiam
2542 4247 2621 4301 eis
2652 4247 2883 4309 siccum,
2912 4256 2972 4299 ut
3006 4246 3235 4314 pedibus
3272 4245 3496 4299 incede-

1905 4351 2048 4404 rent,
2078 4343 2253 4396 solum
2294 4342 2622 4411 praebentem
2658 4338 2744 4401 M‘;
2787 4338 3096 4392 columnam
3137 4338 3276 4405 ignis
3335 4345 3495 4390 nocte

230 4426 315 4477 καὶ
332 4428 557 4499 νεφέλην
587 4430 761 4499 φωτὸς
817 4430 915 4494 τὰς
938 4431 1047 4483 ἀπὸ
1096 4430 1191 4483 τοῦ
1232 4430 1448 4493 Ἠλίου,
1500 4431 1802 4499 στέγουσαν

1906 4436 2313 4505 praelucentem,
2347 4442 2408 4487 ut
2440 4443 2639 4487 rectam
2680 4437 2939 4500 caperent
2971 4431 3151 4493 viam;
3190 4435 3243 4481 ct
3285 4430 3487 4481 nubem

231 4514 460 4583 ἀκτῖνας,
491 4496 569 4581 ῶς
601 4496 939 4592 ἀλυπότερον
993 4522 1241 4589 γίνεσθαι
1268 4516 1368 4594 τὴν
1421 4496 1738 4593 ὁδοιπορίαν
1775 4539 1789 4553 ·

1905 4528 2046 4582 lucis
2068 4526 2252 4581 radios
2278 4541 2307 4578 a
2336 4525 2452 4579 sole
2497 4525 2730 4577 emissos
2769 4531 3060 4590 tegentem,
3096 4530 3155 4573 ut
3190 4518 3493 4588 jucundius

231 4604 383 4675 ἄρτον
425 4611 716 4681 οὐρανόθεν
741 4604 1034 4689 ’Μωσαῖκῇ
1074 4613 1299 4687 γλώσσῃ
1338 4614 1759 4686 γεωργούμενον
1782 4632 1796 4647 ⁸

236 4699 319 4750 λαὶ
348 4699 620 4757 θάλασσαν
653 4705 749 4759 καὶ
785 4706 889 4776 γῆν
937 4706 1302 4777 αὐτοσχεδίων
1344 4706 1607 4777 θυμάτων
1656 4707 1800 4779 τρά-

235 4788 388 4853 πεζαν
413 4794 596 4859 αὐτοῖς
625 4798 1155 4869 παρασκευάζουσαν
1179 4800 1321 4870 (55)°
1360 4799 1502 4869 ὕδωρ
1540 4800 1599 4867 ἐξ
1630 4802 1797 4873 ἀκρο-

295 4967 338 5001 ⁸¹
367 4970 470 5047 lsa.
500 4989 538 5038 ι,
570 4973 623 5027 1.
702 4974 747 5006 δ’
781 4972 882 5047 _l_sa.
913 4991 1067 5041 Lxm,
1104 4977 1350 5047 llgseqq.

1427 4978 1473 5009 ⁸³
1503 4977 1672 5033 Exod.
1702 4994 1798 5038 vn,
1832 4993 1948 5040 VIII,
1988 4992 2064 5042 ιε,
2098 4992 2150 5040 x,
2185 4991 2261 5030 χι.
2338 4975 2384 5006 ⁸⁸
2418 4973 2589 5029 Exod.
2623 4988 2735 5041 xw,
2771 4975 2804 5029 6
2844 4988 2997 5043 seqq.

1908 4617 2010 4672 iter
2038 4617 2399 4672 conficeretur
2427 4614 2506 4678 ‘°;
2542 4627 2735 4683 panem
2775 4611 2992 4666 coalitus
3040 4610 3277 4665 Mosaica
3309 4610 3494 4679 lingua

1907 4718 2157 4779 paratum
2185 4708 2263 4773 ‘7;
2311 4717 2422 4759 tum
2472 4719 2645 4768 mare,
2707 4712 2819 4759 tum
2864 4711 3063 4757 terram
3120 4700 3493 4755 tumultuariis

1906 4801 2100 4856 hostiis
2137 4815 2355 4855 mensas
2382 4811 2573 4853 eorum
2601 4802 2987 4853 exstruentem
3024 4794 3162 4863 (34);
3198 4808 3397 4863 aquam
3420 4807 3491 4847 ex

3076 4970 3121 5002 “
3144 4970 3276 5027 ibid.
3311 4986 3431 5037 XL,
3460 4971 3487 5025 1

235 5041 607 5111 seqq.;Josue,
635 5044 810 5109 "1,15
837 5062 989 5115 seqq.
1018 5078 1027 5086 -
1067 5048 1113 5078 ⁸³
1166 5041 1337 5103 Exod.
1372 5064 1488 5112 xm,
1514 5048 1575 5100 2|
1612 5066 1729 5118 seq.
1806 5048 1851 5078 ⁸⁷
1886 5047 2060 5101 Exod.
2101 5062 2213 5112 xu,
2250 5045 2318 5100 l3
2352 5060 2506 5116 seqq.

1734 5179 1966 5236 ΝΟΤΛΕ.

304 5314 410 5385 (33)
437 5318 988 5397 IlapamfeuaCouca;
1024 5338 1253 5397 numero
1308 5324 1675 5397 πληθνντικοῦ
1728 5328 1795 5380 ad

239 5381 599 5468 elega'llli‘fil'tlln
642 5381 874 5468 fortasse
929 5381 1187 5468 qiivraétv
1236 5381 1417 5448 habet.
1444 5395 1794 5450 Barberinus.

304 5454 419 5534 (3Q
526 5459 773 5536 hoc‘loco
825 5462 1092 5532 intelligas
1112 5454 1281 5536 icibos
1305 5480 1333 5517 a
1376 5474 1518 5519 terra
1575 5475 1629 5520 et
1659 5468 1795 5519 mari

238 5530 591 5604 conquisitos;
624 5530 863 5604 fortasse
886 5536 951 5604 ad
981 5530 1067 5586 {es
1105 5548 1171 5585 ex
1217 5532 1597 5604 [Egyptiorum
1653 5547 1794 5589 terra

242 5602 526 5671 φροιμίῳ-ε
554 5609 611 5671 et
635 5600 704 5653 ad
729 5603 1041 5671 coturnices
1068 5613 1228 5656 vento
1250 5600 1427 5657 valido
1451 5620 1616 5671 supra
1647 5621 1795 5657 mare

1897 5325 1988 5379 hic
2007 5323 2157 5378 innui
2181 5322 2446 5393 Opinaris,
2470 5322 2637 5377 habes
2654 5336 2748 5376 eas
2761 5338 2883 5396 qua:
2911 5336 2977 5396 ex
2996 5318 3467 5396 Egyptiorumca
3481 5345 3494 5352 -

1895 5396 2190 5449 daveribus
2216 5387 2411 5461 capere
2439 5402 2753 5461 potuerunt,
2780 5387 2959 5444 Exod.
3006 5387 3214 5461 ικξξδί,
3255 5397 3310 5441 et
3334 5387 3490 5461 alias,

1896 5481 2017 5533 qua:
2075 5479 2140 5533 ex
2184 5454 2368 5518 multis
2412 5454 2588 5530 captis
2637 5454 2999 5533 direptisque,
3032 5459 3267 5533 urbibus
3312 5454 3496 5507 relata:

1895 5525 2042 5589 sunt.
2074 5531 2229 5597 Vide,
2256 5525 2611 5604 praecazteris
2643 5525 3002 5604 Peptatenchi
3030 5529 3188 5588 locis,
3231 5525 3495 5604 Dentero-

1895 5606 2163 5669 nomium,
2218 5594 2423 5665 vlt-.95,
2487 5613 2542 5656 et
2574 5616 2655 5666 ιιι,
2712 5601 2762 5656 7.
2820 5600 2929 5651 lino
2978 5608 3032 5651 et
3064 5604 3253 5669 aperte
3287 5594 3492 5648 dicitur

244 5658 454 5744 delatas,
474 5665 776 5744 Exod.xvt,
808 5672 877 5725 1⁸5
899 5669 1128 5744 etNum.
1157 5675 1342 5738 M,5I,
1378 5674 1427 5744 id
1450 5658 1791 5728 referendum
1892 5658 2073 5744 capite.
2122 5658 2213 5740 εἷς,
2272 5658 2359 5739 l4,
2411 5658 2665 5727 Camertes
2723 5673 2786 5723 de
2841 5669 3026 5737 spoliis
3084 5658 3320 5719 hostium
3375 5670 3495 5715 luo-

246 5736 337 5780 est.
362 5733 414 5785 Si
442 5746 615 5792 autem
642 5740 813 5808 spolia
840 5756 907 5797 ex
948 5733 1246 5807 profligatis
1273 5743 1520 5798 hostibus
1554 5745 1792 5799 detracm

1897 5761 2033 5798 rum.
