3864 6218
438 255 543 321 23$

1554 315 1560 322 .
1591 264 1852 331 PHOTII
1889 268 2392 330 PATRIARCH/E
2418 271 2526 332 (ΖΡ.

3555 277 3642 342 300

439 377 712 438 praerupta
735 370 1252 440 rupeinexbaustos
1277 377 1525 434 edentem
1562 380 1738 436 fontes
1767 382 1812 414 ιθ
1836 397 1850 432 :
1883 395 1998 436 cum

2114 379 2280 448 τόμου
2323 381 2529 450 πέτρας
2583 380 2765 449 πηγὰς
2807 377 3114 444 ἀκενιδτους
3157 377 3454 444 άναδλύζον
3479 396 3496 414 ο
3537 386 3642 439 τού-

441 460 527 516 his
556 461 832 529 omnibus,
880 477 1003 532 quae
1054 480 1153 520 nec
1191 469 1446 536 exprimi,
1492 485 1590 526 nec
1619 473 1841 542 intelligi
1879 487 2010 542 pos-

441 561 590 616 sunt,
637 554 914 610 beneﬁciis
965 569 1029 610 ac
1071 555 1230 612 donis
1298 557 1610 617 fruerentur
1671 564 1912 631 llebrazi;
1956 574 2012 619 et

440 645 843 715 quodammodo
895 663 1236 718 quaecunque
1275 651 1338 704 ad
1379 668 1475 709 eos
1508 655 1871 723 pertinebant,
1920 671 2009 710 es—

439 743 562 788 sent
594 735 850 801 peculiari
883 747 1031 792 sorte
1055 740 1272 802 selecta,
1301 757 1365 797 ac
1400 744 1502 797 sub
1541 745 1815 799 communi
1844 756 2008 800 caete-

440 823 516 878 ris
567 824 880 881 hominibus
921 829 1253 894 providentia
1290 843 1342 886 et
1372 835 1648 904 vigilantia
1695 852 1800 890 non
1841 838 2011 892 conti-

440 923 736 982 uerentur;
793 917 1166 987 hujuscemodi
1229 923 1390 976 verba
1440 925 1731 980 emittunt:
1773 945 1792 976 ‹
1842 926 2003 993 Deus,

438 1007 534 1072 qui
572 1007 686 1060 haec
731 1008 912 1062 omnia
966 1011 1345 1080 gratis,.atque
1394 1027 1457 1065 ex
1504 1014 1617 1067 sola
1677 1015 2008 1084 benignitate

437 1094 599 1150 nobis
627 1095 1054 1164 impertiebatur,
1081 1115 1186 1152 non
1216 1101 1551 1168 permisisset
1580 1119 1683 1156 nos
1716 1120 2004 1173 peccasse;

441 1185 544 1240 nisi
575 1187 800 1241 nimiam
844 1204 999 1243 suam
1043 1206 1106 1244 ac
1133 1191 1458 1246 im-ﬂ‘abilem
1487 1209 1614 1264 erga
1650 1210 1749 1251 nos
1793 1212 2003 1265 curam,

437 1281 493 1326 ct
522 1275 853 1343 vigilantiam
883 1277 936 1330 in
962 1279 1097 1331 iram
1126 1279 1342 1335 sivisset
1379 1287 1699 1350 pcrmutari.
1739 1303 1759 1335 ι

508 1365 685 1433 Atque
713 1367 826 1421 haec
857 1369 1039 1422 dicere
1073 1382 1126 1423 et
1157 1372 1397 1441 cogitare
1437 1385 1621 1442 posset
1651 1377 1816 1433 Israel
1848 1378 2006 1434 obse—

436 1455 662 1518 orando,
694 1471 799 1510 non
835 1456 1186 1527 allirmando;
1223 1477 1399 1531 neque
1427 1464 1754 1532 proferendo
1785 1466 2001 1536 dogma,

435 1546 527 1599 sed
556 1546 877 1602 concitando
909 1549 1312 1607 miserationem
1337 1572 1351 1620 ;
1380 1569 1556 1623 neque
1583 1564 1643 1610 ut
1683 1573 1805 1612 sese
1836 1571 2003 1626 nega-

434 1639 519 1684 ret
569 1647 692 1687 esse
745 1635 948 1702 peccati
1005 1652 1251 1704 causam,
1310 1640 1404 1694 sed
1451 1651 1508 1696 ut
1557 1642 2001 1698 lamentationem

2110 488 2219 524 των
2243 471 2498 524 ἁπάντων
2524 471 2632 524 τῶν
2656 471 2794 542 ὑπὲρ
2841 471 3018 540 λόγον,
3059 472 3157 526 καὶ
3201 471 3410 526 ἔννοιαν
3449 473 3644 544 εὐεργεο

2114 560 2267 626 σιῶν,
2331 562 2428 615 καὶ
2471 562 2690 633 δωρεῶν
2744 561 3062 617 ἀπολαύων.
3091 565 3121 616 ὁ
3153 565 3389 634 Ἰσραὴλ,
3451 567 3538 620 καὶ
3585 569 3646 633 ὡς

2112 653 2373 707 πάντατὰ
2405 654 2534 722 περὶ
2555 654 2751 717 αὐτοὺς
2776 654 2861 724 εῐη
2925 654 3062 724 πρδς
3107 654 3169 706 τὸ
3217 653 3490 726 ἐξαίρετον
3535 658 3648 710 ﬁm-

2111 743 2525 813 κεκληρωμένα,
2552 743 2646 796 καὶ
2673 743 2732 796 οὐ
2759 745 2900 796 κατὰ
2929 745 3028 814 τὴν
3052 743 3216 814 ἄλλην
3239 745 3349 797 τῶν
3376 747 3648 817 ἀνθρώπων

2110 835 2367 906 πρόνοιάν
2393 852 2474 900 τε,
2507 836 2600 888 καὶ
2639 835 2989 904 κηδεμονίαν,
3029 836 3223 907 ἀφίησι
3261 837 3447 905 φωνὴν
3492 838 3646 892 couti-

2107 942 2228 994 την,
2267 945 2284 976 ι
2325 926 2410 988 Ὡς
2434 927 2463 977 ὁ
2498 925 2672 979 ταῦτα
2695 927 2914 996 προῖκα,
2940 926 3035 978 καὶ
3060 926 3146 978 διὰ
3178 926 3346 998 μόνην
3371 927 3650 997 ἀγαθότητα

2109 1015 2408 1086 παρασχὼν
2433 1018 2588 1085 ἡμῖν,
2611 1017 2718 1069 οὐδ’
2738 1017 2806 1070 ἂν
2839 1017 3318 1087 ἁμαρτεῖν-εἴασεν
3340 1033 3355 1048 ο
3399 1019 3448 1069 εί
3473 1019 3541 1089 μὴ
3571 1019 3651 1089 τὴν

2107 1109 2304 1179 πολλὴν
2333 1107 2518 1174 αὐτοῦ,
2551 1110 2646 1162 καὶ
2666 1109 3056 1179 άνεκδιήγητον
3101 1111 3231 1180 περὶ
3264 1112 3417 1180 ἡμᾶς
3465 1112 3652 1179 φροντί-

2105 1201 2191 1266 δα,
2237 1203 2333 1254 καὶ
2387 1200 2718 1270 κηδεμονίαν
2757 1201 2838 1264 είς
2866 1200 3035 1274 ὀργήν
3099 1197 3284 1272 ἀφῆκέ
3336 1201 3653 1270 περιτραπῆ·

2106 1309 2214 1346 ναι.
2257 1310 2275 1342 ι
3541 1323 3550 1330 '

2176 1383 2286 1436 Καὶ
2381 1380 2554 1434 ταῦτα
2643 1380 3010 1452 ποτνιώμενος
3099 1382 3186 1453 εῐη
3260 1381 3350 1446 ἂν,
3400 1382 3493 1434 καὶ
3573 1382 3652 1434 λέ-

2103 1488 2236 1538 γων,
2291 1471 2386 1523 καὶ
2423 1470 2801 1540 διανοούμενος
2862 1473 2891 1526 ό
2935 1471 3181 1543 Ἰσραὴλ,
3226 1471 3344 1525 ἀλλ’
3399 1473 3499 1525 οὐκ
3541 1473 3653 1525 ἁπο-

2106 1563 2431 1633 φαινόμενος
2462 1578 2478 1593 ·
2539 1563 2659 1616 οὐδὲ
2707 1563 3070 1632 δογματίζων,
3125 1565 3239 1617 ἀλλ’
3288 1564 3651 1630 ὲλεεινολογού-

2108 1670 2285 1724 μενος·
2323 1655 2442 1707 οὐδὲ
2479 1654 2576 1726 τὴν
2597 1654 2774 1708 αἰτίαν
2791 1655 2885 1708 τοῦ
2905 1655 3237 1725 ἁμαρτάνειν
3287 1656 3648 1725 ἀπολυόμενος,

430 1719 655 1784 faceret,
699 1738 964 1793 suamque
1014 1728 1363 1783 deliberatam
1407 1731 1808 1801 improbitatem
1855 1734 1998 1789 incu~

2109 1719 2245 1794 άλλὰ
2267 1719 2629 1810 θρηνολογῶν,
2661 1744 2755 1794 καὶ
2777 1743 2878 1814 τὴν
2938 1719 3074 1795 ίδίαν
3105 1741 3462 1795 ὲθελοκακίαν
3489 1719 3652 1795 καταιέ

429 1821 595 1866 saret.
615 1811 794 1876 Quare
820 1830 884 1868 ea
911 1831 1129 1886 quoque
1155 1833 1277 1888 qua:
1318 1830 1604 1889 paternum
1637 1823 1730 1877 Dei
1762 1839 1998 1879 amorem

2108 1828 2382 1897 τιὼμενος.
2412 1828 2504 1881 Διὸ
2547 1828 2662 1891 καὶ,
2693 1827 2730 1882 δι
2761 1811 3014 1900 στοργήν,
3078 1832 3174 1882 καὶ
3200 1829 3348 1881 ἔλεον
3405 1831 3652 1882 ἀνακινεῖν

428 1910 485 1956 et
511 1903 943 1960 misericordiam
979 1922 1195 1962 movere
1229 1920 1465 1978 possent,
1496 1912 1619 1968 aliis
1659 1914 1849 1968 attexit
1879 1929 1998 1969 ver-

2108 1912 2234 1976 οῐδε,
2256 1916 2370 1976 τοῖς
2397 1911 2585 1978 ’ἄλλοις
2616 1915 2895 1970 διαπλέκει
2920 1917 3177 1986 ῥήμασιν·
3213 1934 3232 1968 t
3275 1916 3467 1987 Πατὴρ
3520 1917 3651 1984 ἡμῶν

429 1991 517 2046 bis
545 2007 590 2044 τι
619 1990 696 2045 Tu
725 2002 878 2062 pater
903 2005 1108 2062 noster,
1131 1997 1407 2053 Abraham
1439 2002 1668 2056 nescivit
1693 2018 1792 2059 nos

2108 1998 2152 2055 εἴ
2177 2002 2262 2055 σύ·
2304 2001 2553 2071 Ἀϐραὰμ
2611 2002 2711 2054 οὐκ
2766 2001 2907 2069 ἔγνω
2961 2003 3198 2071 ήμᾶς....
3252 2003 3350 2054 ἀπ’
3391 2003 3561 2074 ἀρχῆς
3601 2001 3651 2054 τὸ

429 2097 460 2135 a
494 2084 694 2137 saeculo
723 2101 919 2140 nomen
958 2095 1109 2141 tuum
1143 2103 1305 2158 super
1328 2106 1427 2147 nos
1450 2091 1528 2156 η,
1572 2111 1592 2144 ι
1653 2101 1709 2148 et
1745 2110 1998 2164 quaecun-

2108 2093 2270 2164 Βνομά
2302 2109 2395 2146 σου
2429 2095 2514 2162 ἐφ’
2543 2094 2707 2163 ἡμᾶς·
2737 2111 2756 2144 ι
2788 2094 2880 2146 καὶ
2902 2093 3001 2146 ὅσα
3033 2093 3166 2146 ἄλλα
3197 2094 3513 2164 συνείρηται
3537 2112 3651 2163 συμ-

430 2187 536 2245 que
575 2171 680 2226 alia
734 2173 802 2228 ad
859 2175 1254 2231 miserationem
1312 2187 1365 2233 et
1416 2180 1761 2236 clementiam
1817 2173 1998 2239 conci-

2108 2183 2353 2246 πάθειαν,
2377 2184 2471 2235 καὶ
2502 2183 2787 2252 εὐμένειαν
2843 2183 3022 2245 ἕλκειν
3047 2173 3340 2254 δυνάμενα,
3395 2185 3652 2255 μονονουχὶ

429 2260 666 2316 liandam
696 2263 901 2332 adjecta
928 2275 1091 2331 sunt;
1125 2277 1184 2321 ut
1211 2270 1605 2338 propemodum
1641 2273 1786 2327 dicat
1810 2291 1852 2328 ει
1895 2275 1998 2329 Pro

2108 2272 2293 2340 λέγων·
2335 2292 2353 2324 t
2401 2273 2491 2335 Ὠς
2517 2272 2633 2325 ἀνθ’
2687 2273 2799 2325 οἴου
2831 2272 3060 2325 πλούτου
3090 2273 3330 2343 δωρεῶν,
3360 2276 3418 2327 οῐ
3442 2292 3545 2344 μοι,
3573 2277 3650 2327 καὶ

427 2354 573 2420 quali
598 2354 705 2422 (hei
735 2354 865 2410 mihi
885 2357 922 2422 !)
947 2357 1102 2426 conia
1134 2358 1426 2425 donorum,
1458 2370 1512 2414 et
1542 2362 1727 2430 gloria:
1768 2381 1866 2433 per
1890 2367 1998 2420 uni-

2108 2363 2258 2433 δόξης
2277 2365 2356 2427 είς
2383 2363 2480 2434 τὴν
2509 2365 2829 2433 οἰκουμένην
2875 2363 3278 2436 διαϐοηθείσης,
3318 2367 3456 2430 οἵοις
3498 2368 3652 2436 ἁμαρ-

427 2458 646 2498 versum
673 2445 859 2499 orbem
897 2457 1219 2517 pervagatae,
1255 2451 1509 2519 qualibus
1545 2455 1785 2521 peccatis
1821 2457 1998 2526 impli-

2108 2457 2332 2526 τήμασιν
2356 2456 2632 2520 ἑαλωκὼς,
2669 2457 2762 2510 καὶ
2799 2457 3021 2524 ὄνειδος,
3052 2460 3146 2512 καὶ
3177 2460 3554 2532 μυκτηρισμὸς
3572 2475 3650 2527 γε·

427 2541 609 2599 catus,
662 2541 716 2588 et
763 2535 942 2591 factus
986 2536 1372 2609 [opprobrium
1423 2548 1480 2595 et
1523 2542 1916 2618 subsannatio]
1952 2548 1998 2580 ⁸⁸

2108 2543 2271 2614 γονὼς
2300 2543 2672 2616 ἐξελέγχομαι.
2705 2564 2723 2597 ›

426 2625 804 2693 deprehendor
828 2630 840 2680 !
879 2646 898 2678 ι

495 2714 650 2782 Quod
682 2718 729 2773 si
765 2719 819 2772 in
850 2719 984 2773 duas
1020 2733 1205 2789 partes
1257 2723 1459 2792 ubique
1502 2723 1739 2794 'dispesci
1783 2729 2000 2798 conspi-

426 2809 650 2862 ciuntur
679 2805 888 2863 Hebraei
917 2823 931 2861 :
968 2811 1214 2864 nonnulli
1240 2814 1384 2866 enim
1411 2829 1600 2869 eorum
1637 2817 1866 2873 vitulum
1893 2820 1997 2875 sibi

2108 2816 2458 2886 μεριζόμενος
2485 2819 2514 2868 ὁ
2553 2815 2789 2886 Ἰσραήλ·
2825 2817 2877 2869 οί
2903 2817 3000 2886 μὲν
3025 2817 3133 2886 γὰρ
3157 2817 3337 2870 αὐτῶν
3387 2832 3652 2887 μοσχοποι-

423 2899 662 2954 conﬂant
695 2899 1136 2971 derelinquentes
1168 2903 1334 2958 Deum
1362 2907 1440 2973 5‘;
1477 2918 1641 2978 atque
1681 2911 1731 2964 hi
1771 2920 1825 2967 et
1854 2913 1998 2970 caede

2108 2904 2250 2959 οῦσιν
2274 2905 2843 2976 ὲγκαταλιμπάνοντες
2863 2906 2994 2958 Θεόν
3023 2923 3036 2938 ·
3065 2907 3114 2958 ot
3142 2906 3198 2958 δὲ
3230 2907 3402 2976 φόνῳ,
3451 2905 3542 2959 καὶ
3562 2904 3653 2957 θα-

422 2993 477 3038 et
501 2995 674 3039 morte
705 3001 898 3054 pmnas
920 2987 1180 3046 facinoris
1206 2993 1387 3058 luunt,
1418 2993 1670 3052 Mosaicae
1694 3004 1994 3068 sententiae,

2108 2997 2244 3067 νάτῳ
2294 2997 2393 3066 τὴν
2449 2996 2652 3066 τόλμαν
2717 2997 3016 3061 δικάζουσι,
3067 3001 3132 3067 τῇ
3171 2999 3444 3066 Μωσαῖκῇ
3489 2997 3652 3065 ψήφῳ,

421 3085 516 3130 aut
545 3077 726 3144 potius
752 3078 902 3147 justo
945 3079 1040 3134 Dei
1078 3081 1288 3149 judicio
1334 3056 1564 3155 subjecti
1601 3089 1646 3119 ⁵³
1689 3107 1702 3143 :
1752 3056 1996 3148 nonnulli

2108 3056 2304 3161 μᾶλλον
2333 3056 2390 3142 δὲ
2421 3091 2486 3160 τῇ
2509 3056 2603 3141 τοῦ
2626 3087 2760 3141 Θεοῦ
2785 3056 3152 3161 δικαιοκρισία
3197 3056 3650 3158 ὑπηρετόύμενοίε

425 3175 682 3232 praeterea
735 3168 1015 3224 incensum
1050 3171 1285 3228 oﬂ‘erunt
1333 3175 1440 3230 Deo
1467 3217 1482 3242 ,
1515 3179 1599 3234 his
1629 3189 1810 3236 autem
1842 3192 1998 3240 terra:

2108 3182 2196 3235 καὶ
2227 3179 2276 3234 οἱ
2317 3179 2416 3249 μὲν
2473 3179 2811 3251 ίερατεύουσι
2858 3179 2934 3250 τῷ
2999 3179 3138 3248 Θεῷ,
3168 3184 3280 3264 τοῖς
3323 3180 3384 3232 δὲ
3420 3181 3652 3251 χάσματα

429 3258 609 3314 hiatus
665 3269 1147 3330 extemporaneum
1199 3267 1332 3320 ﬁunt
1366 3270 1672 3338 sepulcrum
1716 3274 1789 3340 5’;
1837 3290 1998 3344 porro

2108 3271 2207 3341 γῆς
2239 3269 2583 3339 αὐτοσχέδιος
2609 3271 2778 3338 τάφος
2801 3269 3008 3350 γίνεται
3035 3285 3048 3298 ·
3086 3258 3325 3332 καὶτοὺς
3356 3273 3456 3339 μὲν
3483 3269 3680 3337 φλόγες·

425 3349 718 3405 nonnullos
765 3351 998 3408 ﬂammae
1037 3369 1068 3409 a
1110 3355 1221 3411 Deo
1275 3359 1537 3416 immissze
1605 3363 1888 3432 devorant,
1938 3379 1998 3424 ut

2108 3360 2351 3431 θεήλατοι
2399 3361 2798 3428 κατανέμονται
2841 3349 2951 3412 τοῦ
2979 3359 3296 3429 γογγυσμοῦ
3350 3360 3506 3421 δίκας
3557 3360 3652 3410 εἰσ-

423 3441 868 3496 murmurationis
913 3443 1118 3499 crimen
1168 3447 1504 3504 ulciscantur
1549 3452 1628 3518 ⁸⁶;
1675 3453 1763 3507 alii
1808 3466 1996 3511 contra

2108 3451 2474 3526 πραττόμεναι
2497 3466 2511 3480 ο
2547 3451 2597 3502 οἱ
2618 3450 2674 3502 δὲ
2700 3450 2837 3520 πρὸς
2870 3451 2960 3502 τὸν
2991 3450 3160 3511 ἔλεον,
3206 3451 3301 3504 καὶ
3349 3451 3451 3519 τὴν
3474 3451 3654 3516 εὐγνω-

424 3529 478 3581 in
516 3528 605 3584 Dei
639 3531 1070 3589 misericordiam
1111 3545 1165 3591 et
1196 3539 1249 3592 in
1291 3539 1487 3613 bonam
1519 3541 1728 3614 frugem
1761 3561 1820 3600 se
1861 3548 1998 3602 reci-

2108 3539 2341 3610 μοσύνην
2367 3539 2824 3608 καταφεύγοντες,
2858 3540 3067 3604 Θεαταὶ,
3119 3541 3214 3592 καὶ
3255 3541 3531 3610 μάρτυρες
3576 3539 3654 3591 τοῦ

421 3615 657 3683 pientes,
693 3621 1031 3679 incredibilis
1076 3625 1224 3683 illius
1267 3632 1502 3699 portenti
1545 3644 1878 3701 spectatores
1933 3651 1997 3692 ac

425 3715 590 3762 testes
639 3707 777 3762 ﬁunt
833 3710 913 3779 ³⁵;
965 3727 1030 3769 ac
1070 3714 1284 3771 illorum
1347 3720 1563 3788 quidem
1640 3723 1880 3778 membra
1940 3726 1995 3784 in

423 3797 639 3852 deserto
671 3801 891 3867 cadunt,
925 3813 1188 3877 terraeque
1217 3812 1500 3878 promissae
1547 3812 1860 3880 judicantur
1911 3818 1996 3872 in-

421 3890 568 3958 digni
595 3890 674 3958 “;
701 3893 754 3946 hi
783 3905 965 3949 autem
995 3897 1064 3952 ab
1109 3902 1596 3969 repromissionum
1650 3908 1995 3965 assecutione

423 3997 527 4036 non
558 3984 818 4043 excidunt
847 3988 931 4054 ⁸⁷;
982 3999 1146 4060 atque
1185 3993 1290 4048 alia
1339 3993 1626 4052 innumera
1659 4015 1673 4052 :
1707 4014 1830 4053 cum
1892 4001 1996 4056 ita-

419 4086 523 4141 que
575 4072 872 4131 Israelitica
927 4081 1076 4135 natio
1134 4082 1206 4136 ita
1267 4083 1320 4137 in
1373 4084 1511 4141 duas
1566 4088 1994 4158 distingueretur

2108 4095 2289 4158 λίτιδος
2312 4072 2486 4166 φυλῆς
2519 4072 2927 4168 διαιρουμένης,
2954 4072 3123 4178 obob/.-
3136 4099 3335 4151 κωλύει
3366 4072 3650 4168 λέγειν-τῶν

416 4173 622 4232 partes,
654 4182 886 4236 quarum
932 4171 1100 4227 altera
1134 4175 1540 4244 resipiscentes,
1576 4179 1745 4235 altera
1777 4196 1994 4251 perver-

2108 4188 2198 4256 μὲν
2228 4187 2587 4257 εὐγνωμόνων
2637 4189 2998 4260 διανοήματα,
3033 4171 3126 4242 καὶ
3187 4194 3483 4261 ὁμολογίας
3533 4189 3651 4244 εἶναι

418 4270 512 4309 sos
540 4259 954 4326 complectitur;
989 4262 1148 4316 nihil;
1164 4265 1432 4332 prohibet,
1466 4269 1762 4335 quominus
1797 4272 1991 4342 resipi-

2108 4280 2187 4333 τό*
2229 4298 2246 4330 ι
2285 4279 2739 4352 Πολλὴήάνομία
2782 4259 2938 4352 ήμῶν
2991 4259 3232 4338 ἐναντίον
3268 4301 3365 4337 σου
3393 4301 3407 4316 ·
3460 4285 3549 4338 καὶ
3606 4283 3650 4334 αί

415 4345 681 4400 scentium
711 4350 1067 4419 cogitationes
1092 4354 1576 4426 confessionesque
1603 4359 1849 4416 dicamus
1866 4379 1986 4418 esse

2108 4371 2353 4441 ιμαρτίαι
2381 4345 2537 4442 ἡμῶν
2575 4345 2911 4445 ἀντέστη-σαν
2941 4377 3070 4446 ἡμῖν
3097 4393 3108 4405 ·
3139 4377 3233 4430 καὶ
3251 4378 3346 4430 ὅτι·
3370 4379 3427 4431 αἱ
3455 4375 3650 4446 ἀνομίαι

413 4437 545 4492 illud
576 4457 592 4493 :
618 4459 637 4492 ι
674 4439 1044 4514 Multiplicatae
1072 4455 1200 4502 sunt
1231 4448 1546 4518 iniquitates
1576 4462 1776 4509 nostra:
1800 4469 1984 4510 coram

2108 4437 2252 4534 ήμῶν
2290 4466 2346 4516 ἐν
2370 4437 2522 4534 ἡμῖν,
2554 4465 2648 4518 καὶ
2705 4437 3130 4537 τὰνάὸικήματα
3188 4471 3346 4539 ήμῶν
3402 4437 3648 4538 ἐγνωμεψ

409 4537 482 4592 te,
535 4540 590 4583 et
642 4544 864 4600 peccata
921 4544 1109 4590 nostra
1160 4540 1558 4608 responderunt
1619 4543 1799 4610 nobis,
1858 4546 1986 4615 quia

410 4620 618 4673 scelera
672 4632 863 4678 nostra
913 4627 1238 4691 nobiscum,
1293 4640 1346 4683 et
1398 4630 1717 4700 iniquitates
1771 4646 1986 4692 nostras

409 4710 791 4779 cognovimus;
851 4729 1099 4783 peccare,
1158 4726 1212 4770 et
1267 4720 1480 4774 mentiri
1697 4732 1751 4778 et
1809 4727 1986 4782 aversi

409 4814 622 4864 sumus,
671 4818 739 4857 ne
779 4805 984 4885 iremus
1012 4816 1134 4876 post
1166 4818 1374 4880 tergum
1413 4811 1506 4866 Dei
1552 4816 1724 4868 nostri
1769 4817 1850 4881 ⁵⁸;
1879 4836 1899 4869 ι
1933 4827 1988 4871 et

410 4905 748 4962 quaecunque
801 4895 907 4951 alia
959 4898 1028 4951 ad
1077 4900 1322 4954 eamdem
1349 4903 1785 4973 (confessionem,
1841 4923 1988 4963 com-

411 4982 868 5056 punctionemque
919 4989 1194 5058 pertinent
1242 5007 1254 5042 :

2172 2722 2236 2778 Εί
2259 2725 2315 2778 δὲ
2342 2725 2435 2778 καί¹
2464 2723 2599 2794 πρὸς
2621 2723 2814 2794 διπλῆν
2834 2727 3029 2796 μοῖραν
3061 2723 3338 2794 πανταχοῦ
3374 2724 3651 2794 καθορᾶται

2099 3645 2402 3714 παραδόξου
2435 3645 2706 3714 θεάματος
2732 3645 2970 3713 γίνονται
3001 3660 3016 3676 ο
3057 3644 3152 3696 καὶ
3187 3644 3294 3697 τῶν
3325 3645 3429 3713 μὲν
3471 3646 3535 3697 τά
3563 3642 3654 3695 κῶ-

2097 3736 2166 3790 λα
2213 3738 2270 3788 ὲν
2331 3736 2524 3805 ἐρήμῳ
2568 3735 2778 3800 πίπτει,
2810 3737 2904 3788 καὶ
2948 3735 3048 3803 τῆς
3100 3735 3520 3805 ἐπηγγελμένης
3567 3734 3654 3800 γῆς

2097 3823 2306 3888 ἀνάξιοι
2335 3823 2611 3894 κρίνονται
2645 3838 2660 3854 ⁸
2690 3826 2737 3876 οἱ
2765 3824 2821 3875 δὲ
2841 3824 2949 3876 τῶν
2973 3823 3315 3890 ἐπαγγελιῶν
3386 3826 3486 3877 οὐκ
3517 3822 3652 3876 ἐκπί-

2099 3931 2290 3968 πτουσι
2311 3931 2323 3944 °
2358 3915 2452 3966 καὶ
2483 3914 2652 3984 μυρία
2679 3913 2815 3968 ἄλλα
2845 3931 2856 3944 ·
2888 3914 3063 3978 οὕτως
3097 3911 3188 3968 οῦν
3219 3918 3299 3976 είς
3327 3914 3426 3968 δύο
3459 3916 3650 3985 μοίρας,

2096 4006 2178 4068 εἷς
2215 4022 2272 4057 τε
2307 4005 2404 4074 τὴν
2437 4005 2778 4075 εὐγνώμονα,
2811 4007 2906 4059 καὶ
2954 4005 3265 4076 ἀγνώμονα,
3304 4007 3412 4076 τῆς
3466 4008 3653 4074 Ἰσραη-

2100 4553 2474 4624 ἠσεὸήσαμεν,
2505 4556 2600 4608 καὶ
2627 4555 3003 4626 ὲψευσάμεθα.
3032 4597 3047 4611 .
3090 4598 3104 4613 .
3142 4597 3157 4611 .
3214 4561 3310 4610 καὶ
3356 4560 3649 4627 ἀπέστημεν

2093 4645 2200 4698 άπὸ
2233 4644 2457 4698 ὄπισθεν
2495 4643 2590 4704 τοῦ
2639 4645 2774 4698 Θεοῦ
2809 4647 2968 4718 ήμῶν
3007 4661 3021 4676 ·
3084 4667 3102 4699 ι
3137 4649 3231 4702 καὶ
3258 4649 3362 4701 ὅσα
3388 4648 3521 4702 ἄλλα
3569 4646 3648 4712 τῆς

2092 4735 2263 4805 αὐτῆς
2292 4735 2672 4805 ὁμολογήσειας
2710 4737 2967 4807 ὑπάρχει,
2999 4738 3094 4791 καὶ
3135 4736 3512 4801 κατανύξεως·
3559 4734 3649 4784 τῶν

2090 4823 2148 4877 δὲ
2172 4824 2512 4892 γογγυστῶν,
2543 4826 2638 4879 καὶ
2667 4827 2996 4897 ἀχαρίστων,
3029 4829 3123 4880 καὶ
3177 4829 3515 4898 ἀγνωμόνων
3544 4827 3648 4877 δυσ-

2093 4915 2304 4984 φημίας
2337 4911 2476 4968 εἶναι
2514 4916 2594 4968 τό·
2633 4935 2652 4967 ι
2700 4918 2829 4970 Ἰδοὺ
2855 4917 3154 4988 ὠργῑσοης,
3178 4919 3275 4971 καὶ
3307 4920 3469 4988 ἡμεῖς
3494 4915 3650 4984 ἡμάρ-

1319 4996 1779 5051 murmurantium
1830 5014 1983 5065 vero,

2108 5021 2256 5075 τομεν
2284 5021 2299 5037 ο
2339 5023 2358 5057 ι
2386 5008 2434 5058 εί
2457 5005 2636 5076 βούλει
2665 5007 2744 5073 δὲ,
2780 5009 2875 5062 καὶ
2907 5010 2967 5062 τό
2996 5026 3008 5040 ο
3040 5027 3058 5059 ι
3089 5009 3154 5060 Τί
3187 5009 3501 5079 ὲπλάνησας
3526 5004 3648 5075 ἡμᾶς

477 5095 522 5127 ’⁵⁸
555 5095 886 5189 ΕΣοιξλχςιῖ
913 5099 1008 5189 6ης..
1027 5100 1186 5189 Num.
1209 5119 1316 5189 ιιι-ζ
1508 5107 1554 5139 ⁸⁸
1588 5108 1880 5189 Ιεολωιιιι,
1933 5115 2001 5189 if}
2029 5133 2144 5189 seq.
2211 5119 2267 5189 7”
2302 5116 2448 5175 Psal.
2479 5136 2634 5184 XLIII,
2668 5121 2768 5189 l4;
2801 5139 3026 5186 Lxxvm,
3053 5123 3107 5176 4.
3181 5124 3224 5154 ⁸³
3264 5123 3438 5179 Exod.
3494 5130 3645 5189 xuii,

407 5166 642 5264 iffﬁl‘li,
938 5171 1231 5264 ἳείηεσξᾳξι.⁵
1355 5173 1523 5264 Pigra:
1550 5194 1662 5244 ενι,
1693 5179 1725 5233 6
1754 5166 1906 5254 seqq.
1938 5166 2172 5242 vi‘ib‘i'd.
2199 5188 2269 5242 23
2302 5166 2768 5260 Séii,‘."~3'ii;}6&.’
3199 5166 3438 5249 “
3469 5166 3648 5254 xiiii

406 5249 521 5305 ειη.
595 5236 642 5268 ⁸⁷
679 5237 810 5292 ibid.
835 5239 925 5295 50.
1003 5241 1049 5274 ⁸⁸³
1080 5236 1180 5296 Ιεὶί.
1214 5259 1325 5311 th,
1368 5245 1435 5298 l2
1469 5261 1624 5317 seqq.

1947 5369 2180 5426 ΝΟΤᾸΕ.

475 5484 588 5584 ἷῖῗξξ
621 5485 1374 5584 Ἶῗῗέηίῖηῗίῗὲ.ἷῗδῖθῖἓὲὼηῖἒ.
1407 5509 1556 5584 Pu”:
1594 5501 1687 5571 ‘1‘“
1733 5504 1976 5584 ,δίηεμιίε
2083 5511 2238 5584 Plaga
2270 5511 2586 5584 huiusmodi
2617 5513 2763 5570 viros
2792 5515 2961 5573 fuisse
2993 5525 3232 5574 constat.
3280 5516 3451 5575 Exod.
3488 5529 3638 5582 mm

405 5557 1086 5641 populicastigationibus
1124 5557 1441 5641 superstite-5
1492 5557 1562 5625 ob
1603 5557 1976 5641 pasniten't’iam
2081 5557 2170 5633 ‘56:

407 5627 644 5681 luerunt.
703 5627 967 5686 Nimirum
1020 5634 1070 5688 in
1141 5627 1315 5705 prima
1357 5655 1574 5710 quoque
1604 5627 1977 5700 'llebrzeorunt
