3830 6210
340 288 449 352 303

1502 283 1764 344 PHOI‘II
1793 263 2305 343 PATRIARCH/E
2338 284 2447 343 CP.

3503 278 3620 342 30¢

339 391 640 466 proferant,
661 391 864 462 quibus
891 391 1270 448 controversia
1319 391 1572 459 solvitur,
1610 393 1703 448 sed
1734 369 1799 447 ea
1824 406 1920 461 po-

2087 411 2132 454 t,
2161 393 2298 447 ἀλλὰ
2323 393 2392 446 δι’
2415 387 2490 448 ὧν
2513 391 2815 462 συγγνώμη
2839 390 2952 453 τοῖς
2984 387 3059 458 μὴ
3080 367 3404 458 δυναμένοις
3437 388 3621 457 φυλὰ-

334 487 447 542 tius
473 484 678 555 quibus
699 484 916 539 veniam
966 483 1257 554 impetrent
1303 483 1370 538 iis
1401 484 1498 554 qui
1538 484 1796 538 mandato
1818 483 1916 536 ob-

337 586 647 648 temperare
674 593 785 632 non
825 585 1145 648 potuerunt,
1193 577 1528 648 eosdemque
1561 576 1795 632 crimine
1821 575 1918 630 ab-

336 671 574 728 solvant.
605 670 816 741 Quippe
858 669 1096 726 fatentur
1125 670 1426 740 discipulos
1473 684 1580 724 non
1627 669 1721 724 illo
1753 667 1920 722 modo

334 777 445 831 quo
467 761 668 816 eruditi
704 761 924 817 fuerant
949 761 1330 832 baptizavissc,
1363 761 1455 816 sed
1484 762 1537 815 in
1566 760 1786 815 nomine
1810 759 1920 813 Do-

336 851 474 906 mini
522 850 698 905 nostri
738 849 866 906 Jesu
901 849 1108 907 Christi
1152 851 1485 921 baptismum
1527 849 1916 919 impertivisse,

337 941 640 998 secundum
678 943 1044 998 oeconomiam
1089 943 1380 1013 quamdam
1413 957 1477 996 ac
1519 940 1918 1011 providentiam

341 1037 442 1089 hac
475 1034 709 1091 formula
742 1045 960 1093 utentes
992 1054 1006 1090 :
1054 1035 1397 1106 temporique
1426 1045 1478 1088 et
1512 1035 1565 1088 in
1604 1033 1796 1101 primis
1835 1033 1916 1086 in-

321 1128 504 1200 stanti
540 1128 856 1184 necessitati
889 1128 1214 1183 sententiam
1239 1125 1762 1190 accommodavisse,
1789 1125 1920 1178 dum

341 1236 407 1274 ex
432 1219 663 1275 utilitate
685 1229 739 1276 et
777 1221 980 1288 placito
1017 1221 1416 1290 neophytorum
1443 1219 1736 1289 mysticum
1774 1217 1922 1270 hunc

341 1325 667 1383 sacrumque
719 1313 881 1367 ritum
922 1310 1400 1366 administrabant.
1446 1309 1582 1364 Nam
1623 1309 1769 1378 quod
1814 1322 1923 1377 prae

343 1401 558 1457 caneris
611 1401 909 1456 cernebant
950 1401 1006 1455 in
1048 1400 1199 1471 vulgi
1244 1401 1444 1455 animis
1487 1408 1781 1464 antestare,
1827 1412 1922 1452 eo-

345 1506 578 1561 rumque
601 1492 1022 1563 cogitationibus
1037 1492 1505 1564 perturbationem
1533 1490 1778 1560 injicere,
1821 1489 1925 1544 hoc

346 1585 594 1654 apprime
648 1585 1085 1657 procurandum.
1131 1584 1237 1640 sibi
1289 1583 1643 1653 studioseque
1691 1597 1926 1652 praenm-

346 1674 606 1728 niendum
636 1676 922 1745 putabant.
971 1675 1226 1730 Jamvero
1265 1674 1573 1729 antestabat
1616 1681 1780 1742 atque
1810 1688 1930 1726 om-

351 1766 502 1821 nium
528 1765 850 1821 difﬁcillima
879 1765 1167 1821 videbatur
1190 1767 1307 1821 haec
1324 1766 1631 1830 affirmatio,
1668 1766 1928 1820 Servato-
1954 1747 2002 1806 Β

350 1873 465 1915 rem
497 1857 705 1914 scilicet
723 1873 847 1914 esse
869 1857 1172 1922 Christum,
1203 1858 1583 1928 praecipueque
1613 1856 1708 1913 Dei
1729 1856 1929 1911 Filium

355 1958 411 2003 ct
452 1948 620 2004 Deum
646 1949 876 2018 ejusque
908 1949 1180 2004 mandatis
1210 1964 1331 2004 esse
1357 1947 1745 2004 obedientium.
1776 1946 1931 2013 Quod

352 2041 538 2110 itaque
558 2041 729 2109 magis
751 2041 993 2110 indigum
1015 2041 1311 2111 magisterii
1335 2042 1611 2101 videbant.
1641 2041 1692 2094 id
1720 2041 1932 2095 caeteris

354 2129 770 2198 praevertebant,
795 2137 962 2199 atque
987 2144 1053 2183 ex
1079 2129 1244 2198 hujus
1274 2144 1462 2182 norma
1492 2128 1812 2183 initiandam
1844 2144 1933 2183 sa-

353 2221 466 2276 cris
483 2221 888 2275 multitudinem
907 2221 1307 2291 proselytorum
1325 2220 1737 2274 existimabant.
1753 2219 1934 2286 Quare

357 2311 686 2382 baptismum
711 2311 857 2366 haud
886 2312 940 2365 in
972 2310 1150 2367 Patris
1175 2320 1229 2366 et
1247 2309 1370 2364 Filii
1400 2320 1454 2364 et
1493 2309 1732 2380 Spiritus
1756 2309 1932 2364 sancti

356 2403 578 2458 nomine
599 2401 1003 2470 impertiebant,
1038 2417 1224 2455 verum
1259 2399 1490 2454 Domino
1507 2398 1634 2454 Jesu
1657 2399 1928 2463 invocato,

355 2495 788 2566 regenerationis
822 2495 1041 2548 lavacro
1086 2495 1223 2548 lotos
1250 2493 1426 2561 culpis
1449 2492 1758 2562 purgabant
1788 2508 1801 2544 :
1836 2492 1933 2544 ad-

358 2586 736 2641 ministrantcs
756 2585 979 2654 quidem
1004 2600 1126 2640 cum
1160 2583 1376 2638 Domini
1398 2584 1745 2639 invocatione
1766 2593 1819 2636 et
1839 2598 1934 2652 ap-

357 2678 650 2746 pellatione
685 2693 906 2733 sacrum
952 2692 1177 2740 munus,
1219 2676 1494 2746 simulque
1537 2677 1796 2731 docentes
1841 2675 1936 2741 qui

357 2768 510 2839 digni
545 2770 648 2825 hac
683 2769 1005 2838 purgatione
1046 2767 1301 2831 fuissent,
1339 2781 1436 2822 eos
1467 2781 1565 2836 per
1607 2767 1760 2820 illum
1805 2767 1936 2842 ado-

360 2859 600 2929 ptionem
620 2859 880 2929 consequi
901 2875 915 2912 :
937 2859 1138 2928 quippe
1153 2857 1296 2911 ﬁlios
1325 2855 1421 2910 Dei
1443 2871 1538 2925 per
1557 2856 1785 2924 gratiam
1809 2871 1935 2910 eum

361 2947 741 3003 tantummodo
771 2962 932 3016 posse
961 2961 1243 3016 arrogare,
1280 2945 1370 3000 cui
1404 2945 1728 2999 naturaliter
1773 2955 1938 3015 atque

2025 483 2115 550 ξαι
2138 484 2204 538 τὰ
2230 483 2683 555 προστεταγμένα
2706 481 2823 551 λύει
2859 481 2919 536 τὸ
2950 480 3206 550 ἔγκλημα
3232 497 3246 512 ο
3281 479 3620 550 ὁμολογοῦσι

2029 577 2128 649 μὲν
2149 575 2259 646 γὰρ
2287 566 2715 647 τοὺςμαθητὰς,
2751 573 2826 644 μὴ
2854 573 2979 627 καθ’
3009 572 3068 626 ὃν
3091 572 3456 642 ἐδιδάχθησαν
3493 573 3624 644 τρό-

2023 688 2128 726 πον
2148 670 2450 741 βαπτίζεινο
2473 669 2756 739 βαπτίζειν
2774 667 2833 722 δὲ
2864 669 2922 721 ἐν
2937 656 3016 738 τῷ
3032 667 3257 738 ὀνόματι
3284 665 3378 719 τοῦ
3404 664 3624 736 Κυρίου

2028 763 2186 834 ἡμῶν
2205 745 2208 748 ’
2227 746 2400 832 Ἰησοῦ
2419 759 2678 832 Χριστοῦ,
2711 759 3028 830 οἰκονομίας
3057 758 3203 823 τινος
3235 759 3331 813 καὶ
3354 758 3628 829 προνοίας

2027 856 2172 927 λόγῳ
2201 856 2518 926 χρωμένους
2541 872 2556 886 ο
2591 855 2683 906 καὶ
2709 852 2787 924 τῷ
2805 851 2987 924 καιρῷ
3005 852 3098 926 καὶ
3122 850 3201 922 τῷ
3227 851 3627 918 κατεπείγοντι

2028 948 2109 1001 ἐτι
2140 947 2339 1018 μᾶλλον
2361 947 2458 1016 τὴν
2488 945 2714 1016 γνώμην
2741 943 3028 1016 ἁρμόζειν,
3062 942 3201 1012 πρὸς
3226 942 3288 994 τὸ
3331 940 3630 1012 συμφέρον

2025 1042 2121 1094 καὶ
2152 1038 2560 1110 εύπαράδεκτον
2588 1039 2701 1102 τοῖς
2742 1036 2821 1108 τῷ
2850 1035 3169 1107 κηρύγματι
3197 1033 3490 1104 προσιοῦσι
3523 1030 3633 1100 τὴν

2031 1131 2300 1205 μυστικὴν
2326 1130 2531 1199 ταύτην
2575 1132 2668 1183 καὶ
2717 1128 2867 1201 ίερὰν
2903 1127 3103 1197 πρᾶξιν
3131 1125 3530 1196 μεθοδεύοντας
3560 1141 3576 1155 ·
3599 1123 3632 1176 δ

2027 1226 2135 1295 γὰρ
2163 1224 2274 1277 τῶν
2302 1223 2476 1278 ἄλλων
2505 1221 2705 1293 μᾶλλον
2735 1219 2921 1292 ἐώρων
2951 1222 3064 1282 τοῖς
3099 1217 3331 1289 πλήθεσι
3355 1216 3635 1283 προϊστά-

2033 1329 2193 1384 μενον
2223 1311 2318 1366 καὶ
2345 1309 2571 1380 θόρυϐον
2601 1310 2714 1372 τοῖς
2759 1307 3044 1376 λογισμοῖς
3073 1304 3255 1360 αὐτῶν
3294 1302 3632 1374 παρεχόμε-

2029 1420 2140 1469 νον,
2167 1402 2325 1456 τοῦτο
2352 1403 2439 1472 δὴ,
2461 1401 2621 1455 τοῦτο
2637 1398 3074 1471 προθεραπεύειν
3099 1414 3160 1450 τε
3190 1398 3283 1449 καὶ
3302 1410 3638 1468 προκαταρ-

2028 1495 2202 1561 τίζειν
2229 1494 2506 1550 ποιεῖσθαι
2551 1493 2873 1563 σπούδασμα
2895 1507 2910 1523 ο
2937 1491 3236 1562 προῖστατο
3263 1489 3322 1541 δὲ
3366 1487 3462 1540 καὶ
3492 1486 3636 1538 δυσ-

2031 1589 2371 1660 παράδεκτον
2394 1586 2675 1657 ἐνομιζετο
2695 1585 2978 1654 ὁμολογεῖν
3004 1600 3062 1636 τε
3086 1582 3316 1650 Σωτῆρα
3347 1579 3440 1632 τὸν
3484 1578 3639 1644 Χρι-

2033 1682 2156 1736 στὸν
2181 1682 2276 1751 καὶ
2311 1681 2545 1752 μάλιστα
2572 1679 2701 1732 Υίὺν
2734 1676 2870 1730 Θεοῦ
2897 1674 3168 1737 καῖ’Θεον,
3203 1672 3296 1727 καὶ
3322 1673 3440 1735 τοῖς
3473 1669 3638 1723 ἐκεί-

2029 1790 2122 1829 νου
2150 1771 2466 1843 πειθαρχεῖν
2501 1768 2958 1840 παραγγέλμασιν
2983 1781 2997 1796 °
3025 1766 3054 1818 δ
3090 1763 3271 1818 τοίνυν
3294 1763 3486 1833 ἐώρων
3524 1761 3638 1830 μά-

2031 1864 2188 1917 λιστα
2215 1860 2561 1923 διδασκαλίας
2589 1857 2866 1929 δεόμενον,
2894 1857 3072 1909 ἐκεῖνο
3095 1854 3206 1908 τῶν
3236 1852 3413 1908 ἄλλων
3445 1867 3488 1902 π
3498 1849 3638 1917 ρούς

2029 1956 2262 2018 τίθεντο,
2295 1954 2392 2006 καὶ
2435 1950 2570 2004 κατ’
2602 1951 2779 2002 ἐκεῖνο
2810 1947 3197 2019 μυσταγωγεῖν
3224 1943 3334 1996 τῶν
3362 1939 3638 2011 προσιόν-

2029 2064 2140 2100 των
2161 2045 2222 2098 τὸ
2254 2044 2460 2114 πλῆθος
2484 2038 2830 2108 ἐδοκίμαζον.
2875 2037 2968 2090 Διὸ
2999 2036 3095 2089 καὶ
3131 2032 3493 2105 βαπτίζοντες
3527 2030 3641 2082 οὐκ

2033 2139 2111 2198 είς
2137 2137 2378 2207 Πατέρα,
2417 2133 2512 2187 καὶ
2543 2132 2692 2195 Υίδν,
2725 2130 2822 2185 καὶ
2854 2128 3081 2198 Πνεῦμα
3114 2127 3271 2196 ἆγιον
3303 2122 3638 2187 ἐὸἁπτιζον,

2033 2230 2168 2284 ἀλλὰ
2193 2229 2284 2281 τὸν
2310 2225 2515 2296 Κύριον
2555 2221 2760 2294 Ἰησοῦν
2799 2219 3248 2290 ἐπικαλούμενοι,
3279 2217 3355 2287 τῷ
3404 2212 3640 2285 λουτρῷ

2032 2321 2129 2392 τὴς
2152 2315 2571 2387 παλιγγενεσίας
2599 2313 2707 2367 τῶν
2730 2313 3093 2384 μολυσμάτων
3119 2310 3243 2372 τοὺς
3265 2308 3642 2377 λελουμένους

2034 2413 2368 2482 ἐκάθαιρον
2420 2406 2832 2481 ἱερουργοῦντες
2877 2406 2980 2476 μὲν
3033 2408 3099 2475 τῇ
3141 2403 3236 2456 τοῦ
3287 2400 3644 2455 Διδασκὰλου

2035 2503 2227 2572 κλήσει
2270 2501 2362 2553 καὶ
2384 2499 2654 2568 ὀνομασίᾳ¹
2686 2498 2747 2550 τὸ
2778 2495 2950 2567 δῶρον
2975 2511 2990 2526 ⁸
3017 2494 3084 2548 δι’
3114 2493 3278 2548 αὑτοῦ
3311 2493 3368 2545 δὲ
3402 2492 3484 2554 είς
3519 2492 3643 2543 υἱο-

2035 2594 2224 2647 θεσίαν
2262 2593 2391 2655 τοὺς
2435 2589 2792 2658 ἀξιουμένους
2819 2589 2918 2657 τῆς
2968 2585 3289 2655 καθάρσεως
3339 2583 3642 2636 διδάσκον-

2034 2701 2126 2749 τες
2159 2681 2592 2751 καταλέγεσθαι’
2624 2681 2774 2743 υἱοὺς
2799 2679 2856 2732 δὲ
2876 2678 3012 2732 Θεοῦ
3056 2678 3199 2731 κατὰ
3219 2676 3380 2748 χάριν
3413 2678 3645 2729 ἐκεῖνον

2039 2777 2200 2848 μόνον
2232 2774 2494 2830 δύνασθαι
2530 2774 2728 2838 ποιεῖν,
2760 2764 2804 2839 ᾧ
2837 2770 2981 2824 κατὰ
3008 2769 3172 2838 φύσιν
3224 2785 3285 2821 τε
3319 2768 3415 2822 καί
3446 2767 3506 2831 ἐξ
3549 2767 3643 2818 ἀί·

2035 2867 2147 2920 δίου
2172 2866 2232 2919 τὸ
2265 2865 2363 2935 τῆς
2391 2863 2640 2933 υίότητος
2678 2861 2774 2915 καί¹
2817 2859 3073 2928 θεότητος
3130 2858 3440 2926 ἐνυπῆρχεν
3460 2856 3645 2921 ἀξίω-

2041 2975 2119 3028 μα
2137 2973 2151 2987 ο
2183 2955 2249 3009 δι’
2273 2948 2334 3008 οὗ
2376 2953 2556 3008 καὶτὸ
2587 2951 2848 3022 ὁμογενὲς
2885 2950 3061 3020 Πατρὶ
3090 2951 3186 3001 καὶ
3209 2945 3325 3017 Υίῴ
3357 2947 3454 3000 καὶ
3483 2946 3642 3014 ἁγίῳ

359 3042 428 3098 ab
462 3049 667 3096 azterno
693 3039 816 3093 Filii
843 3050 1007 3109 atque
1031 3038 1122 3094 Dei
1144 3039 1380 3109 dignitas
1403 3039 1549 3093 inest
1585 3057 1598 3091 :
1631 3053 1738 3106 qua
1781 3053 1849 3092 cx
1880 3053 1936 3092 re

2091 3049 2320 3118 νεύματι
2363 3045 2752 3117 συνθεωρεῖται
2791 3044 2884 3096 καὶ
2916 3036 3392 3111 συναναφαίνεται.
3424 3041 3487 3092 0i
3522 3040 3646 3092 τοί-

359 3142 569 3187 naturae
611 3147 831 3200 quoque
873 3132 1054 3185 unitas
1105 3129 1284 3185 Patris
1339 3137 1392 3184 et
1426 3127 1548 3182 Filii
1592 3143 1657 3181 ac
1702 3126 1938 3197 Spiritus

2087 3163 2139 3199 tv
2164 3144 2266 3215 τὴν
2298 3141 2573 3196 υἱοθεσίαν
2609 3139 2700 3193 διὰ
2741 3133 2836 3190 τοῦ
2889 3134 3444 3215 Υίοῦοπιστεύσαντες
3479 3133 3650 3198 δέξα-

363 3224 538 3279 sancti
570 3222 912 3291 conspicitur
947 3231 1110 3291 atque
1130 3221 1380 3291 patescit.
1411 3219 1532 3274 Jam
1563 3219 1656 3288 qui
1695 3219 1944 3289 ad0ptio-

363 3329 491 3368 nem
513 3328 572 3368 se
617 3328 712 3382 per
748 3311 946 3366 Filium
976 3319 1300 3366 consecutos
1351 3309 1664 3375 credebant,
1707 3324 1806 3364 eos
1847 3324 1945 3378 par

365 3414 484 3460 erat
513 3405 579 3460 de
597 3405 718 3474 ejus
746 3417 968 3474 quoque
1016 3403 1320 3467 divinitate,
1352 3404 1446 3471 qui
1486 3403 1540 3456 id
1575 3403 1779 3458 donum
1812 3417 1945 3457 con-

369 3496 588 3562 tulerat,
611 3495 754 3548 haud
784 3501 1004 3565 gravate
1023 3493 1302 3548 assentiri.
1323 3490 1419 3546 Sic
1446 3492 1632 3561 itaque
1662 3492 1943 3547 nonnullis

368 3588 546 3642 visum
580 3593 664 3641 est
683 3584 1111 3640 controversiam
1140 3584 1281 3639 hanc
1307 3583 1585 3640 dirimere.

363 3720 365 3722 -
439 3678 496 3734 2.
522 3676 637 3748 Ego
657 3691 787 3731 vero
802 3675 948 3730 haud
979 3676 1122 3746 petis
1151 3690 1274 3730 sum
1302 3675 1624 3744 intelligere,
1645 3675 1947 3746 quidquam

373 3771 555 3842 aptius
587 3784 709 3826 esse
748 3768 921 3834 aliud,
949 3768 1094 3838 quod
1126 3769 1326 3823 nedum
1372 3769 1574 3823 nodum
1607 3769 1751 3824 haud
1786 3784 1950 3838 expev

373 3865 510 3928 diat,
563 3863 658 3918 sed
702 3863 886 3932 potius
920 3861 1176 3932 laqueum
1226 3862 1465 3932 injiciat.‘
1499 3871 1554 3917 et
1581 3862 1800 3932 quidem
1841 3878 1950 3917 non

374 3957 752 4018 infirmiorem,
786 3969 852 4010 eo
881 3955 975 4024 qui
1006 3971 1169 4024 supra
1204 3963 1540 4009 memoratus
1569 3964 1670 4016 est,
1719 3957 1782 4008 ad
1817 3970 1954 4008 con-

376 4047 746 4118 stringendam
781 4045 1170 4099 controversia:
1212 4041 1610 4097 dill‘teultatem.
1659 4043 1775 4096 Imo
1823 4059 1953 4096 vero

375 4137 771 4195 demonstratio
805 4137 922 4192 haec
951 4136 1053 4190 erit
1074 4146 1238 4204 atque
1265 4136 1540 4190 accusatio
1568 4135 1952 4188 dissidentium

374 4245 438 4284 ac
480 4230 741 4300 magistro
779 4227 1196 4297 discipulorum.
1238 4224 1376 4279 Nam
1427 4241 1595 4280 causa
1644 4225 1952 4281 dissidendi

379 4320 525 4382 haud
557 4329 642 4374 est
671 4319 923 4388 equidem
951 4317 1309 4372 dissonantia:
1338 4317 1645 4387 abrogatio,
1687 4316 1780 4370 sed
1808 4315 1956 4384 judi-

2047 3237 2192 3300 σθαι,
2217 3204 2327 3289 οὐδ’
2345 3235 2426 3288 ὅτι
2452 3233 2584 3294 Θεός
2612 3233 2758 3284 ἐστιν
2779 3231 2806 3283 ὀ
2824 3204 3034 3300 ταύτην
3046 3227 3218 3298 δωροῦ
3229 3204 3648 3296 μενοξβραδεῖς

1995 3389 1997 3392 ς
2047 3328 2114 3382 ἂν
2166 3326 2381 3396 ὀφθεῖεν
2400 3320 2914 3394 συγκατατίθεσθαι.
2964 3319 3122 3374 Οῦτω
3173 3319 3271 3390 μὲν
3299 3313 3396 3372 οῦν
3425 3314 3647 3386 ἐπῆλθέ

2046 3433 2155 3472 τισι
2180 3415 2276 3486 τὴν
2308 3414 2546 3485 ἀπορίαν
2578 3409 2920 3465 ἐπιλύεσθαι.

2122 3687 2174 3756 β.
2216 3684 2357 3752 Ἐγὼ
2383 3683 2440 3737 δὲ
2465 3683 2565 3736 οὐκ
2604 3681 2724 3753 είμὶ
2765 3681 2990 3746 δυνατὸς
3021 3671 3253 3750 συνορᾷν
3297 3678 3413 3743 πῶς
3457 3677 3527 3731 ἄν
3557 3695 3654 3742 τις

2055 3776 2256 3849 μᾶλλον
2294 3775 2360 3828 δι’
2395 3775 2602 3843 ἐτέρων
2627 3773 2660 3844 ἢ
2689 3773 2779 3827 διὰ
2813 3771 3020 3825 τούτων
3051 3772 3174 3826 ἀντὶ
3228 3769 3323 3822 τοῦ
3355 3769 3529 3833 λύειν,
3565 3769 3654 3822 δε-

2055 3866 2190 3937 σμὸν
2213 3863 2528 3919 ἐπιϐάλλειν
2547 3863 2857 3933 πειραθείη,
2870 3863 2970 3915 ούκ
2986 3861 3274 3914 ἀσθενέστε
3286 3877 3375 3930 ρον
3390 3859 3485 3912 τοῦ
3504 3857 3655 3927 πρά-

2051 3957 2215 4028 τὲρου
2260 3955 2595 4025 συμπλέκειν
2621 3954 2680 4008 τὸ
2728 3954 2933 4024 ἄπορον
2968 3953 3104 4024 (59).
3147 3951 3483 4021 Κατασκευὴ
3531 3951 3653 4021 γὰρ

2059 4050 2260 4121 μᾶλλον
2287 4047 2353 4102 ἂν
2380 4047 2466 4117 είη
2493 4047 2652 4103 τοῦτο
2675 4047 2771 4100 καὶ
2795 4047 2945 4101 αίτία
2970 4047 3072 4114 τῆς
3091 4046 3202 4098 τῶν
3235 4043 3498 4114 μαθητῶν
3529 4043 3656 4097 δια-

2058 4139 2262 4208 φωνίας
2292 4137 2427 4208 πρὸς
2454 4136 2544 4192 τὸν
2569 4137 2923 4206 διδάσκαλον..
2955 4137 3018 4189 Ἦ
3056 4135 3168 4206 γὰρ
3205 4136 3357 4189 αἰτία
3395 4132 3490 4187 τοῦ
3525 4135 3655 4188 δια-

2059 4232 2277 4302 φωνεῖν,
2301 4230 2360 4282 ού
2401 4230 2500 4298 μὲν
2529 4225 2622 4281 οῦν
2671 4230 2771 4282 ούκ
2802 4227 2918 4282 ἐστι
2949 4227 3051 4298 τῆς
3081 4227 3381 4296 διαφωνίας
3409 4227 3652 4297 ἀναίρε-

2059 4341 2163 4390 σις,
2189 4322 2324 4376 ἀλλὰ
2351 4321 2446 4374 καὶ
2476 4320 2658 4390 κρίσιν
2686 4320 2862 4391 ταύτῃ
2895 4320 3214 4378 συνάπτειν,
3247 4321 3341 4372 καὶ
3381 4317 3480 4370 τοῦ
3548 4323 3621 4370 Δε
3640 4349 3658 4360 ο

375 4412 522 4470 cium
547 4412 614 4466 de
630 4427 690 4466 re
709 4409 1113 4480 interpositum,
1131 4417 1185 4463 et
1197 4409 1402 4479 proprii
1425 4409 1635 4463 arbitrii
1659 4408 1939 4463 Dominica

2087 4412 2320 4468 ποτικοῦ
2349 4413 2696 4482 φρονήματος
2724 4412 2811 4464 διὰ
2857 4410 3088 4481 μελέτης
3117 4411 3178 4464 τὸ
3222 4412 3418 4462 οἰκεῖον
3453 4409 3658 4462 ἀνθαι-

375 4502 647 4559 voluntati
700 4500 1074 4571 praemeditata
1126 4499 1392 4570 praalatio.
1457 4499 1719 4565 Quaenam
1768 4508 1951 4554 autem

375 4595 596 4668 gravior
617 4594 916 4648 necessitas
937 4601 1044 4658 est,
1085 4606 1251 4662 quam
1277 4602 1337 4646 ut
1363 4607 1518 4646 sacra
1553 4593 1783 4648 scientia
1836 4608 1958 4645 ma-

379 4683 690 4747 nifestetur,
734 4691 899 4750 atque
947 4690 1009 4734 ut
1057 4679 1349 4735 Trinitatis
1393 4691 1589 4734 natura
1633 4695 1741 4734 una
1767 4680 1957 4750 visque

383 4790 488 4828 una
539 4772 851 4842 conjunctis
896 4771 1213 4825 nominibus
1255 4770 1570 4825 reveletur?
1629 4769 1695 4823 Et
1735 4770 1955 4840 quidem

381 4863 634 4933 discipuli
657 4861 802 4917 haud
836 4872 1086 4916 recenter
1128 4861 1326 4914 initiati
1362 4859 1604 4926 fuerant,
1639 4876 1817 4931 neque
1858 4846 1960 4915 im:

383 4951 622 5023 perfecta
657 4952 840 5007 adhuc
873 4951 1186 5005 conditione
1215 4959 1391 5014 erant,
1441 4967 1618 5022 neque
1650 4952 1961 5009 voluntaria

385 5043 694 5098 Servatoris
718 5043 903 5113 passio
958 5057 1068 5097 non
1127 5042 1300 5097 literat
1354 5053 1595 5112 peracta,
1644 5059 1820 5113 neque
1855 5044 1960 5113 tegi

389 5152 564 5205 usque
598 5137 666 5191 ad
699 5146 912 5207 tempus
934 5136 1188 5191 idoneum
1215 5153 1427 5192 summa
1459 5144 1828 5192 controversae
1866 5137 1963 5193 do-

388 5227 580 5284 ctrinae
621 5229 815 5286 notitia
865 5227 976 5298 jam
1017 5229 1334 5299 postulabat
1367 5247 1380 5283 :
1417 5229 1509 5284 sed
1545 5242 1672 5298 post
1715 5246 1959 5297 crucem,

387 5325 508 5387 post
546 5333 761 5384 necem,
801 5327 923 5389 post
951 5320 1312 5390 sepulturam,
1346 5331 1471 5390 post
1500 5318 1804 5376 inferorum
1839 5338 1962 5393 reg--

2064 4503 2292 4574 ρεῖσθαι.
2325 4503 2391 4556 Τί
2412 4503 2456 4556 δ’
2489 4502 2555 4556 ἂν
2573 4501 2670 4555 καὶ
2698 4492 2886 4573 ἕτερον
2906 4501 3014 4555 τῶν
3032 4502 3474 4570 κατεπειγόντων
3505 4505 3653 4569 μᾶὶο

2060 4595 2150 4648 λον
2178 4593 2264 4662 εἴη
2302 4591 2405 4662 τῆς
2451 4593 2808 4665 θεολογούσης
2856 4595 3223 4664 ἐκφαντορίας
3279 4583 3375 4646 καὶ
3431 4593 3492 4646 τὸ
3546 4596 3656 4666 τῆς

2063 4687 2292 4759 Τριάδος
2337 4687 2579 4756 όμοφυὲς
2626 4689 2720 4738 καὶ
2773 4685 3116 4756 όμοδύναμον
3173 4687 3653 4755 συνεπτυγμένοις

2064 4776 2551 4847 ἀνακαλυπτούσης
2575 4777 2662 4829 όνό
2671 4793 2832 4847 μασι;
2865 4776 2978 4830 Καὶ
3006 4776 3125 4829 τότε
3164 4777 3655 4845 μυσταγωγουμέ-

2055 4885 2168 4932 νοις
2189 4869 2290 4921 οὐκ
2318 4869 2374 4920 ἐν
2406 4869 2572 4938 ἀρχῇ,
2595 4869 2657 4919 οὐ
2686 4867 2794 4920 τῶν
2827 4867 3089 4937 μαθητῶν
3116 4870 3175 4921 ἐν
3205 4867 3280 4936 τῷ
3311 4868 3496 4920 ἀτελεῖ
3524 4867 3652 4920 δια-

2057 4959 2330 5031 κειμένων
2356 4959 2459 5023 ἐτι,
2490 4959 2612 5012 οὐδὲ
2647 4959 2758 5011 τῶν
2799 4959 3064 5012 ἑκουσίων
3096 4960 3190 5012 καὶ
3222 4959 3510 5028 σωτηρίων
3540 4976 3655 5012 πα-

2059 5050 2168 5104 θῶν
2214 5050 2583 5104 ἐπιτελεῖσθαι
2627 5049 2952 5118 μελλόντων,
3004 5050 3101 5101 καὶ
3131 5049 3529 5112 συσκιάζεσθαι
3569 5049 3656 5118 τῷ

2068 5141 2246 5212 καιρῷ
2271 5141 2370 5211 τῆς
2395 5139 2684 5211 ἀκριϐείας
2704 5141 2800 5210 τῆς
2825 5142 2884 5193 ἐν
2905 5140 3083 5209 κρίσει
3109 5140 3462 5203 διδασκαλίας
3481 5142 3658 5193 ἀπαι-

2067 5234 2292 5305 τούσηςο
2345 5232 2483 5287 ἀλλὰ
2537 5233 2675 5304 μετὰ
2701 5233 2791 5287 τὸν
2825 5233 3078 5303 σταυρὸν,
3121 5233 3262 5303 μετὰ
3304 5233 3405 5301 τὴν
3438 5232 3650 5304 ταφὴν,

2074 5323 2215 5394 μετὰ
2245 5325 2306 5378 τὸ
2338 5323 2699 5396 σκυλευθῆναι
2741 5325 2812 5379 τὰ
2835 5323 2928 5379 τοῦ
2967 5324 3098 5397 ᾆδον
3130 5323 3400 5396 βασίλεια,
3437 5322 3536 5376 καὶ
3566 5323 3654 5376 δεο

1891 5498 2124 5554 ΝΟΤΑΕ.

381 5716 385 5720 ν
466 5677 575 5748 (59)
609 5675 716 5736 Nos
740 5678 856 5734 Itali
884 5674 1122 5731 dicimus
1151 5691 1305 5729 scuta
1340 5675 1577 5744 peggiore
1609 5675 1749 5729 delia
1785 5677 1954 5745 colpa.
