  <div class='ocr_page' id='page_1' title='image "/cluster/home/n/w/nwhite01/storage/ocr_20150623/101 pt.1/mdp.39015061955830/174.png"; bbox 0 0 3864 6218; ppageno 0'>
   <div class='ocr_carea' id='block_1_1' title="bbox 157 364 258 426">
    <p class='ocr_par' dir='ltr' id='par_1_1' title="bbox 157 364 258 426">
     <span class='ocr_line' id='line_1_1' title="bbox 157 364 258 426; baseline 0 0"><span class='ocrx_word' id='word_1_1' title='bbox 157 364 258 426; x_wconf 74' lang='grc'><strong>365</strong></span> 
     </span>
    </p>
   </div>
   <div class='ocr_carea' id='block_1_2' title="bbox 1118 365 2468 438">
    <p class='ocr_par' dir='ltr' id='par_1_2' title="bbox 1118 365 2468 438">
     <span class='ocr_line' id='line_1_2' title="bbox 1118 365 2468 438; baseline 0.005 -15"><span class='ocrx_word' id='word_1_2' title='bbox 1118 365 1220 423; x_wconf 89' lang='lat' dir='ltr'><strong>AD</strong></span> <span class='ocrx_word' id='word_1_3' title='bbox 1246 365 1835 429; x_wconf 79' lang='lat' dir='ltr'><strong>AMPIIILOCHIUM</strong></span> <span class='ocrx_word' id='word_1_4' title='bbox 1864 367 2211 438; x_wconf 63' lang='lat' dir='ltr'><strong>QUIESTIO</strong></span> <span class='ocrx_word' id='word_1_5' title='bbox 2250 370 2468 432; x_wconf 79' lang='lat' dir='ltr'><strong>XLIII.</strong></span> 
     </span>
    </p>
   </div>
   <div class='ocr_carea' id='block_1_3' title="bbox 3304 375 3411 439">
    <p class='ocr_par' dir='ltr' id='par_1_3' title="bbox 3304 375 3411 439">
     <span class='ocr_line' id='line_1_3' title="bbox 3304 375 3411 439; baseline 0.009 -1"><span class='ocrx_word' id='word_1_6' title='bbox 3304 375 3411 439; x_wconf 85' lang='lat'><strong>306</strong></span> 
     </span>
    </p>
   </div>
   <div class='ocr_carea' id='block_1_4' title="bbox 163 471 1718 551">
    <p class='ocr_par' dir='ltr' id='par_1_4' title="bbox 163 471 1718 546">
     <span class='ocr_line' id='line_1_4' title="bbox 163 471 1718 546; baseline 0.001 -17"><span class='ocrx_word' id='word_1_7' title='bbox 163 476 315 545; x_wconf 83' lang='grc' dir='ltr'><strong>σμοῖς</strong></span> <span class='ocrx_word' id='word_1_8' title='bbox 341 471 557 536; x_wconf 80' lang='grc' dir='ltr'><strong>ἀλύτοις</strong></span> <span class='ocrx_word' id='word_1_9' title='bbox 611 471 985 543; x_wconf 78' lang='grc' dir='ltr'><strong>παραδοθῆναι</strong></span> <span class='ocrx_word' id='word_1_10' title='bbox 1011 472 1103 526; x_wconf 80' lang='grc' dir='ltr'>τὸν</span> <span class='ocrx_word' id='word_1_11' title='bbox 1130 475 1502 545; x_wconf 87' lang='grc' dir='ltr'>πολέμιοντοῦ</span> <span class='ocrx_word' id='word_1_12' title='bbox 1536 478 1718 546; x_wconf 84' lang='grc' dir='ltr'><strong>γένους</strong></span> 
     </span>
    </p>
   </div>
   <div class='ocr_carea' id='block_1_5' title="bbox 1823 471 3410 551">
    <p class='ocr_par' dir='ltr' id='par_1_5' title="bbox 1827 479 3410 551">
     <span class='ocr_line' id='line_1_5' title="bbox 1827 479 3410 551; baseline 0.006 -20"><span class='ocrx_word' id='word_1_13' title='bbox 1827 493 1995 548; x_wconf 79' lang='lat' dir='ltr'><strong>gnum</strong></span> <span class='ocrx_word' id='word_1_14' title='bbox 2016 479 2309 549; x_wconf 87' lang='lat' dir='ltr'><strong>direptum,</strong></span> <span class='ocrx_word' id='word_1_15' title='bbox 2334 490 2456 551; x_wconf 92' lang='lat' dir='ltr'><strong>post</strong></span> <span class='ocrx_word' id='word_1_16' title='bbox 2479 484 2691 551; x_wconf 80' lang='lat' dir='ltr'><strong>generis</strong></span> <span class='ocrx_word' id='word_1_17' title='bbox 2712 482 2888 537; x_wconf 80' lang='lat' dir='ltr'><strong>nostri</strong></span> <span class='ocrx_word' id='word_1_18' title='bbox 2912 483 3123 539; x_wconf 81' lang='lat' dir='ltr'><strong>hostem</strong></span> <span class='ocrx_word' id='word_1_19' title='bbox 3145 484 3410 542; x_wconf 86' lang='lat' dir='ltr'><strong>insolubi-</strong></span> 
     </span>
    </p>
   </div>
   <div class='ocr_carea' id='block_1_6' title="bbox 157 562 1729 640">
    <p class='ocr_par' dir='ltr' id='par_1_6' title="bbox 157 562 1729 640">
     <span class='ocr_line' id='line_1_6' title="bbox 157 562 1729 640; baseline 0.004 -24"><span class='ocrx_word' id='word_1_20' title='bbox 157 566 326 637; x_wconf 71' lang='grc' dir='ltr'>ἡμῶν,</span> <span class='ocrx_word' id='word_1_21' title='bbox 385 563 547 635; x_wconf 85' lang='grc' dir='ltr'>ὴνίκα</span> <span class='ocrx_word' id='word_1_22' title='bbox 581 562 675 616; x_wconf 83' lang='grc' dir='ltr'>τοῦ</span> <span class='ocrx_word' id='word_1_23' title='bbox 743 563 916 633; x_wconf 81' lang='grc' dir='ltr'><strong>τάφου</strong></span> <span class='ocrx_word' id='word_1_24' title='bbox 965 563 1163 635; x_wconf 83' lang='grc' dir='ltr'><strong>ἀνέστη</strong></span> <span class='ocrx_word' id='word_1_25' title='bbox 1215 566 1311 618; x_wconf 56' lang='grc' dir='ltr'><strong>καὶ⁹</strong></span> <span class='ocrx_word' id='word_1_26' title='bbox 1362 568 1461 637; x_wconf 81' lang='grc' dir='ltr'>τὴν</span> <span class='ocrx_word' id='word_1_27' title='bbox 1540 568 1729 640; x_wconf 80' lang='grc' dir='ltr'>κοινὴν</span> 
     </span>
    </p>
   </div>
   <div class='ocr_carea' id='block_1_7' title="bbox 160 652 1730 729">
    <p class='ocr_par' dir='ltr' id='par_1_7' title="bbox 160 652 1730 729">
     <span class='ocr_line' id='line_1_7' title="bbox 160 652 1730 729; baseline 0.003 -19"><span class='ocrx_word' id='word_1_28' title='bbox 160 654 447 710; x_wconf 72' lang='grc' dir='ltr'><strong>ἀνάστασιν</strong></span> <span class='ocrx_word' id='word_1_29' title='bbox 491 652 815 717; x_wconf 78' lang='grc' dir='ltr'>ἐνεκαίνισε,</span> <span class='ocrx_word' id='word_1_30' title='bbox 867 652 988 706; x_wconf 91' lang='grc' dir='ltr'>τότε</span> <span class='ocrx_word' id='word_1_31' title='bbox 1039 653 1103 726; x_wconf 81' lang='grc' dir='ltr'>δὴ</span> <span class='ocrx_word' id='word_1_32' title='bbox 1158 655 1281 709; x_wconf 87' lang='grc' dir='ltr'>τότε</span> <span class='ocrx_word' id='word_1_33' title='bbox 1319 657 1418 729; x_wconf 83' lang='grc' dir='ltr'>τὴν</span> <span class='ocrx_word' id='word_1_34' title='bbox 1478 658 1730 724; x_wconf 75' lang='grc' dir='ltr'>ἐξουσίαν</span> 
     </span>
    </p>
   </div>
   <div class='ocr_carea' id='block_1_8' title="bbox 161 744 1728 821">
    <p class='ocr_par' dir='ltr' id='par_1_8' title="bbox 161 744 1728 821">
     <span class='ocr_line' id='line_1_8' title="bbox 161 744 1728 821; baseline 0.004 -22"><span class='ocrx_word' id='word_1_35' title='bbox 161 745 408 799; x_wconf 83' lang='grc' dir='ltr'>ἁπάντων</span> <span class='ocrx_word' id='word_1_36' title='bbox 435 744 544 797; x_wconf 88' lang='grc' dir='ltr'><strong>τῶν</strong></span> <span class='ocrx_word' id='word_1_37' title='bbox 588 744 849 812; x_wconf 79' lang='grc' dir='ltr'><strong>ἐπιγείων</strong></span> <span class='ocrx_word' id='word_1_38' title='bbox 900 745 1133 800; x_wconf 74' lang='grc' dir='ltr'>καὶτῶν</span> <span class='ocrx_word' id='word_1_39' title='bbox 1187 748 1454 818; x_wconf 78' lang='grc' dir='ltr'>οὐρανίων</span> <span class='ocrx_word' id='word_1_40' title='bbox 1498 752 1527 803; x_wconf 87' lang='grc' dir='ltr'>ὁ</span> <span class='ocrx_word' id='word_1_41' title='bbox 1569 752 1728 821; x_wconf 87' lang='grc' dir='ltr'>φύσει</span> 
     </span>
    </p>
   </div>
   <div class='ocr_carea' id='block_1_9' title="bbox 136 830 1728 909">
    <p class='ocr_par' dir='ltr' id='par_1_9' title="bbox 136 830 1728 909">
     <span class='ocr_line' id='line_1_9' title="bbox 136 830 1728 909; baseline 0.006 -26"><span class='ocrx_word' id='word_1_42' title='bbox 136 832 352 902; x_wconf 64' lang='grc' dir='ltr'>,ταύτην</span> <span class='ocrx_word' id='word_1_43' title='bbox 380 830 521 900; x_wconf 76' lang='grc' dir='ltr'>ἔχων</span> <span class='ocrx_word' id='word_1_44' title='bbox 550 834 615 901; x_wconf 82' lang='grc' dir='ltr'>τῇ</span> <span class='ocrx_word' id='word_1_45' title='bbox 649 833 800 902; x_wconf 81' lang='grc' dir='ltr'>θεῖκῇ</span> <span class='ocrx_word' id='word_1_46' title='bbox 842 832 937 886; x_wconf 74' lang='grc' dir='ltr'>καὶ</span> <span class='ocrx_word' id='word_1_47' title='bbox 972 833 1114 887; x_wconf 80' lang='grc' dir='ltr'>κατὰ</span> <span class='ocrx_word' id='word_1_48' title='bbox 1135 836 1196 888; x_wconf 85' lang='grc' dir='ltr'>τὸ</span> <span class='ocrx_word' id='word_1_49' title='bbox 1226 836 1566 909; x_wconf 85' lang='grc' dir='ltr'>ἀνθρώπινον</span> <span class='ocrx_word' id='word_1_50' title='bbox 1594 842 1728 894; x_wconf 88' lang='grc' dir='ltr'>ἀνα-</span> 
     </span>
    </p>
   </div>
   <div class='ocr_carea' id='block_1_10' title="bbox 158 924 1727 1004">
    <p class='ocr_par' dir='ltr' id='par_1_10' title="bbox 158 924 1727 1004">
     <span class='ocr_line' id='line_1_10' title="bbox 158 924 1727 1004; baseline 0.008 -29"><span class='ocrx_word' id='word_1_51' title='bbox 158 924 435 993; x_wconf 82' lang='grc' dir='ltr'><strong>δεξάμενος</strong></span> <span class='ocrx_word' id='word_1_52' title='bbox 459 964 473 988; x_wconf 91' lang='grc'><strong>,</strong></span> <span class='ocrx_word' id='word_1_53' title='bbox 500 924 621 977; x_wconf 87' lang='grc' dir='ltr'>τότε</span> <span class='ocrx_word' id='word_1_54' title='bbox 654 924 747 976; x_wconf 82' lang='grc' dir='ltr'>τὸν</span> <span class='ocrx_word' id='word_1_55' title='bbox 785 924 1066 993; x_wconf 72' lang='grc' dir='ltr'>βασιλικὸν</span> <span class='ocrx_word' id='word_1_56' title='bbox 1096 926 1284 983; x_wconf 80' lang='grc' dir='ltr'>τοῦτον</span> <span class='ocrx_word' id='word_1_57' title='bbox 1325 932 1419 985; x_wconf 75' lang='grc' dir='ltr'>καὶ</span> <span class='ocrx_word' id='word_1_58' title='bbox 1462 935 1727 1004; x_wconf 80' lang='grc' dir='ltr'>σωτήριον</span> 
     </span>
    </p>
   </div>
   <div class='ocr_carea' id='block_1_11' title="bbox 161 1014 1727 1094">
    <p class='ocr_par' dir='ltr' id='par_1_11' title="bbox 161 1014 1727 1094">
     <span class='ocr_line' id='line_1_11' title="bbox 161 1014 1727 1094; baseline 0.008 -27"><span class='ocrx_word' id='word_1_59' title='bbox 161 1014 335 1083; x_wconf 88' lang='grc' dir='ltr'>νόμον,</span> <span class='ocrx_word' id='word_1_60' title='bbox 367 1016 471 1067; x_wconf 91' lang='grc' dir='ltr'><strong>οὐκ</strong></span> <span class='ocrx_word' id='word_1_61' title='bbox 502 1017 560 1067; x_wconf 84' lang='grc' dir='ltr'><strong>ἐν</strong></span> <span class='ocrx_word' id='word_1_62' title='bbox 586 1015 746 1080; x_wconf 75' lang='grc' dir='ltr'>πλαξὶ</span> <span class='ocrx_word' id='word_1_63' title='bbox 768 1016 1018 1083; x_wconf 83' lang='grc' dir='ltr'>λιθίναις,</span> <span class='ocrx_word' id='word_1_64' title='bbox 1056 1019 1168 1072; x_wconf 81' lang='grc' dir='ltr'>ἀλλ’</span> <span class='ocrx_word' id='word_1_65' title='bbox 1203 1023 1262 1074; x_wconf 92' lang='grc' dir='ltr'><strong>ἐν</strong></span> <span class='ocrx_word' id='word_1_66' title='bbox 1286 1022 1451 1086; x_wconf 75' lang='grc' dir='ltr'>πλαξὶ</span> <span class='ocrx_word' id='word_1_67' title='bbox 1477 1025 1727 1094; x_wconf 86' lang='grc' dir='ltr'>κρείττο-</span> 
     </span>
    </p>
   </div>
   <div class='ocr_carea' id='block_1_12' title="bbox 160 1103 1727 1176">
    <p class='ocr_par' dir='ltr' id='par_1_12' title="bbox 160 1103 1727 1176">
     <span class='ocr_line' id='line_1_12' title="bbox 160 1103 1727 1176; baseline 0.008 -20"><span class='ocrx_word' id='word_1_68' title='bbox 160 1105 296 1175; x_wconf 85' lang='grc' dir='ltr'>σινῆ</span> <span class='ocrx_word' id='word_1_69' title='bbox 332 1103 585 1174; x_wconf 80' lang='grc' dir='ltr'><strong>μετέχειν</strong></span> <span class='ocrx_word' id='word_1_70' title='bbox 630 1105 763 1176; x_wconf 81' lang='grc' dir='ltr'>ὕλης</span> <span class='ocrx_word' id='word_1_71' title='bbox 802 1108 1209 1176; x_wconf 84' lang='grc' dir='ltr'>ἐπιγείου,ταῖς</span> <span class='ocrx_word' id='word_1_72' title='bbox 1255 1111 1365 1165; x_wconf 90' lang='grc' dir='ltr'><strong>τῶν</strong></span> <span class='ocrx_word' id='word_1_73' title='bbox 1410 1113 1727 1169; x_wconf 79' lang='grc' dir='ltr'>ἀποστόλων</span> 
     </span>
    </p>
   </div>
   <div class='ocr_carea' id='block_1_13' title="bbox 156 1195 1725 1272">
    <p class='ocr_par' dir='ltr' id='par_1_13' title="bbox 156 1195 1725 1272">
     <span class='ocr_line' id='line_1_13' title="bbox 156 1195 1725 1272; baseline 0.009 -25"><span class='ocrx_word' id='word_1_74' title='bbox 156 1195 405 1259; x_wconf 82' lang='grc' dir='ltr'>διανοίαις</span> <span class='ocrx_word' id='word_1_75' title='bbox 435 1198 765 1267; x_wconf 79' lang='grc' dir='ltr'><strong>ἐνεχάραξεν</strong></span> <span class='ocrx_word' id='word_1_76' title='bbox 792 1215 806 1230; x_wconf 88' lang='grc'><strong>·</strong></span> <span class='ocrx_word' id='word_1_77' title='bbox 841 1200 1004 1253; x_wconf 79' lang='grc' dir='ltr'>οίονεὶ</span> <span class='ocrx_word' id='word_1_78' title='bbox 1037 1201 1358 1272; x_wconf 86' lang='grc' dir='ltr'>προθέματά</span> <span class='ocrx_word' id='word_1_79' title='bbox 1381 1222 1504 1258; x_wconf 88' lang='grc' dir='ltr'>τινα</span> <span class='ocrx_word' id='word_1_80' title='bbox 1523 1206 1591 1259; x_wconf 88' lang='grc' dir='ltr'><strong>δι’</strong></span> <span class='ocrx_word' id='word_1_81' title='bbox 1624 1209 1725 1262; x_wconf 85' lang='grc' dir='ltr'>αὐ-</span> 
     </span>
    </p>
   </div>
   <div class='ocr_carea' id='block_1_14' title="bbox 154 1278 1721 1368">
    <p class='ocr_par' dir='ltr' id='par_1_14' title="bbox 154 1278 1721 1368">
     <span class='ocr_line' id='line_1_14' title="bbox 154 1278 1721 1368; baseline 0.009 -30"><span class='ocrx_word' id='word_1_82' title='bbox 154 1285 257 1339; x_wconf 89' lang='grc' dir='ltr'><strong>τῶν</strong></span> <span class='ocrx_word' id='word_1_83' title='bbox 284 1287 373 1339; x_wconf 73' lang='grc' dir='ltr'>καὶ</span> <span class='ocrx_word' id='word_1_84' title='bbox 404 1290 818 1359; x_wconf 75' lang='grc' dir='ltr'><strong>προγράμματα</strong></span> <span class='ocrx_word' id='word_1_85' title='bbox 847 1290 952 1345; x_wconf 84' lang='grc' dir='ltr'><strong>ἀνά</strong></span> <span class='ocrx_word' id='word_1_86' title='bbox 985 1278 1177 1346; x_wconf 57' lang='grc' dir='ltr'>’πᾶσαν</span> <span class='ocrx_word' id='word_1_87' title='bbox 1205 1294 1468 1360; x_wconf 81' lang='grc' dir='ltr'>ἀπλώσας</span> <span class='ocrx_word' id='word_1_88' title='bbox 1494 1297 1593 1368; x_wconf 78' lang='grc' dir='ltr'>τὴν</span> <span class='ocrx_word' id='word_1_89' title='bbox 1648 1300 1721 1352; x_wconf 75' lang='lat' dir='ltr'><strong>ol-</strong></span> 
     </span>
    </p>
   </div>
   <div class='ocr_carea' id='block_1_15' title="bbox 156 1378 1722 1455">
    <p class='ocr_par' dir='ltr' id='par_1_15' title="bbox 156 1378 1722 1455">
     <span class='ocr_line' id='line_1_15' title="bbox 156 1378 1722 1455; baseline 0.01 -26"><span class='ocrx_word' id='word_1_90' title='bbox 156 1378 433 1448; x_wconf 88' lang='grc' dir='ltr'>κουμένην,</span> <span class='ocrx_word' id='word_1_91' title='bbox 462 1380 587 1432; x_wconf 90' lang='grc' dir='ltr'>καθ’</span> <span class='ocrx_word' id='word_1_92' title='bbox 607 1380 644 1433; x_wconf 70' lang='grc' dir='ltr'><strong>ἃ.</strong></span> <span class='ocrx_word' id='word_1_93' title='bbox 672 1383 766 1435; x_wconf 60' lang='grc' dir='ltr'><strong>καί⁷</strong></span> <span class='ocrx_word' id='word_1_94' title='bbox 798 1383 1053 1452; x_wconf 79' lang='grc' dir='ltr'>μυεῖσθαι</span> <span class='ocrx_word' id='word_1_95' title='bbox 1086 1385 1179 1437; x_wconf 78' lang='grc' dir='ltr'>καὶ</span> <span class='ocrx_word' id='word_1_96' title='bbox 1217 1386 1563 1442; x_wconf 81' lang='grc' dir='ltr'>τελειοῦσθαι</span> <span class='ocrx_word' id='word_1_97' title='bbox 1594 1393 1722 1455; x_wconf 74' lang='grc' dir='ltr'>τοὺς</span> 
     </span>
    </p>
   </div>
   <div class='ocr_carea' id='block_1_16' title="bbox 154 1469 1720 1552">
    <p class='ocr_par' dir='ltr' id='par_1_16' title="bbox 154 1469 1720 1552">
     <span class='ocr_line' id='line_1_16' title="bbox 154 1469 1720 1552; baseline 0.009 -32"><span class='ocrx_word' id='word_1_98' title='bbox 154 1469 468 1538; x_wconf 82' lang='grc' dir='ltr'>προσιόντας</span> <span class='ocrx_word' id='word_1_99' title='bbox 496 1470 605 1525; x_wconf 83' lang='grc' dir='ltr'>ἔδει</span> <span class='ocrx_word' id='word_1_100' title='bbox 630 1472 729 1543; x_wconf 80' lang='grc' dir='ltr'>τὴν</span> <span class='ocrx_word' id='word_1_101' title='bbox 762 1473 1067 1527; x_wconf 85' lang='grc' dir='ltr'>εὐσέϐειαν·</span> <span class='ocrx_word' id='word_1_102' title='bbox 1115 1493 1133 1526; x_wconf 86' lang='grc' dir='ltr'><strong>ι</strong></span> <span class='ocrx_word' id='word_1_103' title='bbox 1180 1476 1552 1547; x_wconf 82' lang='grc' dir='ltr'>Πορευθέντες</span> <span class='ocrx_word' id='word_1_104' title='bbox 1589 1482 1720 1552; x_wconf 77' lang='grc' dir='ltr'>γάρ,</span> 
     </span>
    </p>
   </div>
   <div class='ocr_carea' id='block_1_17' title="bbox 153 1560 1720 1635">
    <p class='ocr_par' dir='ltr' id='par_1_17' title="bbox 153 1560 1720 1635">
     <span class='ocr_line' id='line_1_17' title="bbox 153 1560 1720 1635; baseline 0.006 -23"><span class='ocrx_word' id='word_1_105' title='bbox 153 1560 293 1630; x_wconf 69' lang='grc' dir='ltr'>φησι,</span> <span class='ocrx_word' id='word_1_106' title='bbox 332 1560 715 1628; x_wconf 85' lang='grc' dir='ltr'>μαθητεύσατε</span> <span class='ocrx_word' id='word_1_107' title='bbox 750 1564 926 1618; x_wconf 91' lang='grc' dir='ltr'>πάντα</span> <span class='ocrx_word' id='word_1_108' title='bbox 948 1565 1016 1618; x_wconf 82' lang='grc' dir='ltr'><strong>τὰ</strong></span> <span class='ocrx_word' id='word_1_109' title='bbox 1046 1565 1196 1635; x_wconf 86' lang='grc' dir='ltr'>έθνη,</span> <span class='ocrx_word' id='word_1_110' title='bbox 1232 1565 1596 1635; x_wconf 87' lang='grc' dir='ltr'>βαπτίσαντες</span> <span class='ocrx_word' id='word_1_111' title='bbox 1617 1573 1720 1624; x_wconf 84' lang='grc' dir='ltr'>αὐ-</span> 
     </span>
    </p>
   </div>
   <div class='ocr_carea' id='block_1_18' title="bbox 152 1651 1719 1726">
    <p class='ocr_par' dir='ltr' id='par_1_18' title="bbox 152 1651 1719 1726">
     <span class='ocr_line' id='line_1_18' title="bbox 152 1651 1719 1726; baseline 0.008 -24"><span class='ocrx_word' id='word_1_112' title='bbox 152 1651 269 1714; x_wconf 83' lang='grc' dir='ltr'>τοὺς</span> <span class='ocrx_word' id='word_1_113' title='bbox 288 1653 365 1714; x_wconf 87' lang='grc' dir='ltr'><strong>είς</strong></span> <span class='ocrx_word' id='word_1_114' title='bbox 389 1651 451 1704; x_wconf 86' lang='grc' dir='ltr'>τὸ</span> <span class='ocrx_word' id='word_1_115' title='bbox 476 1652 647 1723; x_wconf 75' lang='grc' dir='ltr'>ὄνομα</span> <span class='ocrx_word' id='word_1_116' title='bbox 676 1654 769 1708; x_wconf 77' lang='grc' dir='ltr'>τοῦ</span> <span class='ocrx_word' id='word_1_117' title='bbox 817 1656 1030 1726; x_wconf 81' lang='grc' dir='ltr'>Πατρὸς</span> <span class='ocrx_word' id='word_1_118' title='bbox 1070 1658 1163 1710; x_wconf 74' lang='grc' dir='ltr'>καὶ</span> <span class='ocrx_word' id='word_1_119' title='bbox 1189 1655 1284 1710; x_wconf 81' lang='grc' dir='ltr'>τοῦ</span> <span class='ocrx_word' id='word_1_120' title='bbox 1319 1658 1451 1711; x_wconf 81' lang='grc' dir='ltr'>Υίοῦ</span> <span class='ocrx_word' id='word_1_121' title='bbox 1492 1663 1587 1714; x_wconf 77' lang='grc' dir='ltr'>καὶ</span> <span class='ocrx_word' id='word_1_122' title='bbox 1625 1664 1719 1715; x_wconf 78' lang='grc' dir='ltr'><strong>τοῦ</strong></span> 
     </span>
    </p>
   </div>
   <div class='ocr_carea' id='block_1_19' title="bbox 150 1741 1717 1817">
    <p class='ocr_par' dir='ltr' id='par_1_19' title="bbox 150 1741 1717 1817">
     <span class='ocr_line' id='line_1_19' title="bbox 150 1741 1717 1817; baseline 0.004 -25"><span class='ocrx_word' id='word_1_123' title='bbox 150 1741 297 1808; x_wconf 84' lang='grc' dir='ltr'>ἁγίου</span> <span class='ocrx_word' id='word_1_124' title='bbox 331 1741 472 1793; x_wconf 81' lang='grc' dir='ltr'>Πνεύ</span> <span class='ocrx_word' id='word_1_125' title='bbox 485 1759 656 1810; x_wconf 90' lang='grc' dir='ltr'>ματος</span> <span class='ocrx_word' id='word_1_126' title='bbox 670 1758 683 1773; x_wconf 86' lang='lat'><strong><em>°</em></strong></span> <span class='ocrx_word' id='word_1_127' title='bbox 701 1742 1049 1806; x_wconf 86' lang='grc' dir='ltr'>διδάσκοντες</span> <span class='ocrx_word' id='word_1_128' title='bbox 1075 1744 1273 1808; x_wconf 79' lang='grc' dir='ltr'>αὐτοὺς</span> <span class='ocrx_word' id='word_1_129' title='bbox 1292 1748 1480 1817; x_wconf 85' lang='grc' dir='ltr'>τηρεῖν</span> <span class='ocrx_word' id='word_1_130' title='bbox 1509 1745 1717 1817; x_wconf 88' lang='grc' dir='ltr'>(δηλον-</span> 
     </span>
    </p>
   </div>
   <div class='ocr_carea' id='block_1_20' title="bbox 150 1828 1719 1905">
    <p class='ocr_par' dir='ltr' id='par_1_20' title="bbox 150 1828 1719 1905">
     <span class='ocr_line' id='line_1_20' title="bbox 150 1828 1719 1905; baseline 0.006 -25"><span class='ocrx_word' id='word_1_131' title='bbox 150 1828 224 1881; x_wconf 90' lang='grc' dir='ltr'><strong>ότι</strong></span> <span class='ocrx_word' id='word_1_132' title='bbox 277 1830 370 1882; x_wconf 82' lang='grc' dir='ltr'>καὶ</span> <span class='ocrx_word' id='word_1_133' title='bbox 396 1830 509 1898; x_wconf 81' lang='grc' dir='ltr'>πρὸ</span> <span class='ocrx_word' id='word_1_134' title='bbox 534 1830 641 1883; x_wconf 91' lang='grc' dir='ltr'><strong>τῶν</strong></span> <span class='ocrx_word' id='word_1_135' title='bbox 673 1831 851 1885; x_wconf 84' lang='grc' dir='ltr'>ἄλλων</span> <span class='ocrx_word' id='word_1_136' title='bbox 876 1832 938 1885; x_wconf 80' lang='grc' dir='ltr'>τὸ</span> <span class='ocrx_word' id='word_1_137' title='bbox 968 1832 1063 1886; x_wconf 83' lang='grc' dir='ltr'>νῦν</span> <span class='ocrx_word' id='word_1_138' title='bbox 1085 1834 1504 1905; x_wconf 84' lang='grc' dir='ltr'>είσφερόμενον)</span> <span class='ocrx_word' id='word_1_139' title='bbox 1538 1836 1719 1889; x_wconf 88' lang='grc' dir='ltr'>πάντα</span> 
     </span>
    </p>
   </div>
   <div class='ocr_carea' id='block_1_21' title="bbox 148 1920 1201 1991">
    <p class='ocr_par' dir='ltr' id='par_1_21' title="bbox 148 1920 1201 1991">
     <span class='ocr_line' id='line_1_21' title="bbox 148 1920 1201 1991; baseline 0.002 -18"><span class='ocrx_word' id='word_1_140' title='bbox 148 1921 239 1973; x_wconf 83' lang='grc' dir='ltr'>ὅσα</span> <span class='ocrx_word' id='word_1_141' title='bbox 264 1920 619 1991; x_wconf 77' lang='grc' dir='ltr'>ἐνετειλάμην</span> <span class='ocrx_word' id='word_1_142' title='bbox 655 1923 810 1991; x_wconf 84' lang='grc' dir='ltr'>ύμῖν.</span> <span class='ocrx_word' id='word_1_143' title='bbox 848 1941 865 1974; x_wconf 77' lang='grc' dir='ltr'><strong>ι</strong></span> <span class='ocrx_word' id='word_1_144' title='bbox 1187 1935 1201 1946; x_wconf 90' lang='grc'><strong>·</strong></span> 
     </span>
    </p>
   </div>
   <div class='ocr_carea' id='block_1_22' title="bbox 209 2008 1711 2087">
    <p class='ocr_par' dir='ltr' id='par_1_22' title="bbox 209 2008 1711 2087">
     <span class='ocr_line' id='line_1_22' title="bbox 209 2008 1711 2087; baseline 0.005 -22"><span class='ocrx_word' id='word_1_145' title='bbox 209 2008 273 2079; x_wconf 86' lang='grc' dir='ltr'><strong>γ’.</strong></span> <span class='ocrx_word' id='word_1_146' title='bbox 306 2010 511 2064; x_wconf 86' lang='grc' dir='ltr'>Τούτου</span> <span class='ocrx_word' id='word_1_147' title='bbox 539 2013 605 2083; x_wconf 81' lang='grc' dir='ltr'>δὴ</span> <span class='ocrx_word' id='word_1_148' title='bbox 630 2013 724 2065; x_wconf 84' lang='grc' dir='ltr'>τοῦ</span> <span class='ocrx_word' id='word_1_149' title='bbox 756 2012 903 2083; x_wconf 84' lang='grc' dir='ltr'>ίεροῦ</span> <span class='ocrx_word' id='word_1_150' title='bbox 927 2014 1023 2067; x_wconf 74' lang='grc' dir='ltr'>καὶ</span> <span class='ocrx_word' id='word_1_151' title='bbox 1047 2016 1320 2087; x_wconf 87' lang='grc' dir='ltr'>σωτηρίου</span> <span class='ocrx_word' id='word_1_152' title='bbox 1351 2018 1711 2085; x_wconf 84' lang='grc' dir='ltr'>προστάγμα-</span> 
     </span>
    </p>
   </div>
   <div class='ocr_carea' id='block_1_23' title="bbox 145 2102 1719 2178">
    <p class='ocr_par' dir='ltr' id='par_1_23' title="bbox 145 2102 1719 2178">
     <span class='ocr_line' id='line_1_23' title="bbox 145 2102 1719 2178; baseline 0.003 -24"><span class='ocrx_word' id='word_1_153' title='bbox 145 2118 249 2165; x_wconf 86' lang='grc' dir='ltr'>τος,</span> <span class='ocrx_word' id='word_1_154' title='bbox 278 2102 330 2154; x_wconf 85' lang='grc' dir='ltr'><strong>τί</strong></span> <span class='ocrx_word' id='word_1_155' title='bbox 380 2103 447 2155; x_wconf 84' lang='grc' dir='ltr'>ἂν</span> <span class='ocrx_word' id='word_1_156' title='bbox 496 2102 582 2172; x_wconf 85' lang='grc' dir='ltr'><strong>εῖη</strong></span> <span class='ocrx_word' id='word_1_157' title='bbox 642 2106 971 2170; x_wconf 85' lang='grc' dir='ltr'>κατεπεῖγον</span> <span class='ocrx_word' id='word_1_158' title='bbox 1037 2104 1273 2173; x_wconf 74' lang='grc' dir='ltr'>μᾶλλον;</span> <span class='ocrx_word' id='word_1_159' title='bbox 1308 2106 1446 2160; x_wconf 83' lang='grc' dir='ltr'>τίδὲ</span> <span class='ocrx_word' id='word_1_160' title='bbox 1481 2108 1719 2178; x_wconf 86' lang='grc' dir='ltr'>κρίσεως</span> 
     </span>
    </p>
   </div>
   <div class='ocr_carea' id='block_1_24' title="bbox 148 2192 1719 2268">
    <p class='ocr_par' dir='ltr' id='par_1_24' title="bbox 148 2192 1719 2268">
     <span class='ocr_line' id='line_1_24' title="bbox 148 2192 1719 2268; baseline 0.004 -25"><span class='ocrx_word' id='word_1_161' title='bbox 148 2192 483 2263; x_wconf 84' lang='grc' dir='ltr'>ἀνθρωπίνης</span> <span class='ocrx_word' id='word_1_162' title='bbox 512 2193 793 2262; x_wconf 78' lang='grc' dir='ltr'>δεόμενον,</span> <span class='ocrx_word' id='word_1_163' title='bbox 837 2194 939 2265; x_wconf 85' lang='grc' dir='ltr'>τῆς</span> <span class='ocrx_word' id='word_1_164' title='bbox 983 2197 1321 2266; x_wconf 87' lang='grc' dir='ltr'>Δεσποτικῆς</span> <span class='ocrx_word' id='word_1_165' title='bbox 1365 2198 1549 2265; x_wconf 82' lang='grc' dir='ltr'>φωνῆς</span> <span class='ocrx_word' id='word_1_166' title='bbox 1581 2198 1719 2268; x_wconf 78' lang='grc' dir='ltr'>ἱερο-</span> 
     </span>
    </p>
   </div>
   <div class='ocr_carea' id='block_1_25' title="bbox 148 2285 1718 2359">
    <p class='ocr_par' dir='ltr' id='par_1_25' title="bbox 148 2285 1718 2359">
     <span class='ocr_line' id='line_1_25' title="bbox 148 2285 1718 2359; baseline 0.003 -21"><span class='ocrx_word' id='word_1_167' title='bbox 148 2285 397 2355; x_wconf 78' lang='grc' dir='ltr'>λογούσης</span> <span class='ocrx_word' id='word_1_168' title='bbox 442 2285 505 2339; x_wconf 87' lang='grc' dir='ltr'>τὸ</span> <span class='ocrx_word' id='word_1_169' title='bbox 545 2285 743 2355; x_wconf 80' lang='grc' dir='ltr'>δόγμα,</span> <span class='ocrx_word' id='word_1_170' title='bbox 781 2286 875 2339; x_wconf 74' lang='grc' dir='ltr'>καὶ</span> <span class='ocrx_word' id='word_1_171' title='bbox 908 2288 1209 2356; x_wconf 82' lang='grc' dir='ltr'>σφραγῖδος</span> <span class='ocrx_word' id='word_1_172' title='bbox 1257 2289 1439 2357; x_wconf 85' lang='grc' dir='ltr'>πάσης</span> <span class='ocrx_word' id='word_1_173' title='bbox 1474 2291 1718 2359; x_wconf 86' lang='grc' dir='ltr'>ἀσφαλέ-</span> 
     </span>
    </p>
   </div>
   <div class='ocr_carea' id='block_1_26' title="bbox 151 2375 1718 2450">
    <p class='ocr_par' dir='ltr' id='par_1_26' title="bbox 151 2375 1718 2450">
     <span class='ocr_line' id='line_1_26' title="bbox 151 2375 1718 2450; baseline 0.005 -23"><span class='ocrx_word' id='word_1_174' title='bbox 151 2391 328 2445; x_wconf 87' lang='grc' dir='ltr'>στερον</span> <span class='ocrx_word' id='word_1_175' title='bbox 369 2378 469 2446; x_wconf 86' lang='grc' dir='ltr'>τὴν</span> <span class='ocrx_word' id='word_1_176' title='bbox 510 2375 695 2447; x_wconf 70' lang='grc' dir='ltr'>ψῆφον</span> <span class='ocrx_word' id='word_1_177' title='bbox 739 2376 887 2447; x_wconf 89' lang='grc' dir='ltr'><strong>αὐτῷ</strong></span> <span class='ocrx_word' id='word_1_178' title='bbox 917 2379 1376 2449; x_wconf 85' lang='grc' dir='ltr'>περιτιθεμένης;</span> <span class='ocrx_word' id='word_1_179' title='bbox 1406 2381 1515 2434; x_wconf 84' lang='grc' dir='ltr'>Καί</span> <span class='ocrx_word' id='word_1_180' title='bbox 1548 2398 1629 2434; x_wconf 92' lang='grc' dir='ltr'><strong>τοι</strong></span> <span class='ocrx_word' id='word_1_181' title='bbox 1653 2399 1718 2450; x_wconf 83' lang='grc' dir='ltr'><strong>γε</strong></span> 
     </span>
    </p>
   </div>
   <div class='ocr_carea' id='block_1_27' title="bbox 148 2464 1718 2540">
    <p class='ocr_par' dir='ltr' id='par_1_27' title="bbox 148 2464 1718 2540">
     <span class='ocr_line' id='line_1_27' title="bbox 148 2464 1718 2540; baseline 0.003 -23"><span class='ocrx_word' id='word_1_182' title='bbox 148 2465 192 2517; x_wconf 83' lang='grc' dir='ltr'><strong>εί</strong></span> <span class='ocrx_word' id='word_1_183' title='bbox 216 2465 305 2518; x_wconf 80' lang='grc' dir='ltr'>καὶ</span> <span class='ocrx_word' id='word_1_184' title='bbox 335 2465 504 2534; x_wconf 81' lang='grc' dir='ltr'>ἄμφω</span> <span class='ocrx_word' id='word_1_185' title='bbox 531 2464 593 2518; x_wconf 80' lang='grc' dir='ltr'>τὸ</span> <span class='ocrx_word' id='word_1_186' title='bbox 623 2468 953 2534; x_wconf 85' lang='grc' dir='ltr'>κατεπεῖγον</span> <span class='ocrx_word' id='word_1_187' title='bbox 982 2467 1074 2519; x_wconf 78' lang='grc' dir='ltr'>ἐπὶ</span> <span class='ocrx_word' id='word_1_188' title='bbox 1105 2470 1171 2537; x_wconf 80' lang='grc' dir='ltr'><strong>τῇ</strong></span> <span class='ocrx_word' id='word_1_189' title='bbox 1204 2468 1296 2538; x_wconf 83' lang='grc' dir='ltr'><strong>ῐσῃ</strong></span> <span class='ocrx_word' id='word_1_190' title='bbox 1328 2468 1425 2520; x_wconf 74' lang='grc' dir='ltr'>καὶ</span> <span class='ocrx_word' id='word_1_191' title='bbox 1456 2469 1620 2540; x_wconf 74' lang='grc' dir='ltr'>ὁμοίᾳ</span> <span class='ocrx_word' id='word_1_192' title='bbox 1642 2470 1718 2521; x_wconf 84' lang='grc' dir='ltr'>δι-</span> 
     </span>
    </p>
   </div>
   <div class='ocr_carea' id='block_1_28' title="bbox 150 2555 1717 2629">
    <p class='ocr_par' dir='ltr' id='par_1_28' title="bbox 150 2555 1717 2629">
     <span class='ocr_line' id='line_1_28' title="bbox 150 2555 1717 2629; baseline 0.003 -21"><span class='ocrx_word' id='word_1_193' title='bbox 150 2555 388 2625; x_wconf 90' lang='grc' dir='ltr'>ενέμοντο</span> <span class='ocrx_word' id='word_1_194' title='bbox 414 2556 599 2625; x_wconf 74' lang='grc' dir='ltr'>χρείᾳ,</span> <span class='ocrx_word' id='word_1_195' title='bbox 624 2559 652 2609; x_wconf 85' lang='grc' dir='ltr'><strong>ὃ</strong></span> <span class='ocrx_word' id='word_1_196' title='bbox 679 2574 739 2609; x_wconf 90' lang='grc' dir='ltr'><strong>τε</strong></span> <span class='ocrx_word' id='word_1_197' title='bbox 792 2562 1059 2628; x_wconf 82' lang='grc' dir='ltr'>σωτήριος</span> <span class='ocrx_word' id='word_1_198' title='bbox 1090 2559 1235 2627; x_wconf 54' lang='grc' dir='ltr'><strong>φημί¹</strong></span> <span class='ocrx_word' id='word_1_199' title='bbox 1270 2558 1455 2629; x_wconf 85' lang='grc' dir='ltr'>νόμος,</span> <span class='ocrx_word' id='word_1_200' title='bbox 1486 2562 1578 2613; x_wconf 72' lang='grc' dir='ltr'>καὶ</span> <span class='ocrx_word' id='word_1_201' title='bbox 1608 2560 1717 2613; x_wconf 89' lang='grc' dir='ltr'><strong>τῶν</strong></span> 
     </span>
    </p>
   </div>
   <div class='ocr_carea' id='block_1_29' title="bbox 153 2647 1713 2719">
    <p class='ocr_par' dir='ltr' id='par_1_29' title="bbox 153 2647 1713 2719">
     <span class='ocr_line' id='line_1_29' title="bbox 153 2647 1713 2719; baseline 0.001 -18"><span class='ocrx_word' id='word_1_202' title='bbox 153 2647 395 2717; x_wconf 82' lang='grc' dir='ltr'>μαθητῶν</span> <span class='ocrx_word' id='word_1_203' title='bbox 412 2650 446 2719; x_wconf 83' lang='grc' dir='ltr'>ὴ</span> <span class='ocrx_word' id='word_1_204' title='bbox 474 2647 698 2717; x_wconf 85' lang='grc' dir='ltr'>γνώμη,</span> <span class='ocrx_word' id='word_1_205' title='bbox 724 2648 1043 2717; x_wconf 74' lang='grc' dir='ltr'>οὐδ”έτερον</span> <span class='ocrx_word' id='word_1_206' title='bbox 1066 2648 1346 2719; x_wconf 83' lang='grc' dir='ltr'>διεφέρετο</span> <span class='ocrx_word' id='word_1_207' title='bbox 1369 2649 1570 2719; x_wconf 86' lang='grc' dir='ltr'>νόημα,</span> <span class='ocrx_word' id='word_1_208' title='bbox 1603 2651 1713 2703; x_wconf 84' lang='grc' dir='ltr'>οὐδ’</span> 
     </span>
    </p>
   </div>
   <div class='ocr_carea' id='block_1_30' title="bbox 149 2736 1718 2811">
    <p class='ocr_par' dir='ltr' id='par_1_30' title="bbox 149 2736 1718 2811">
     <span class='ocr_line' id='line_1_30' title="bbox 149 2736 1718 2811; baseline 0.001 -19"><span class='ocrx_word' id='word_1_209' title='bbox 149 2740 309 2803; x_wconf 79' lang='grc' dir='ltr'>οὕτως</span> <span class='ocrx_word' id='word_1_210' title='bbox 339 2736 407 2811; x_wconf 79' lang='grc' dir='ltr'>ἥν</span> <span class='ocrx_word' id='word_1_211' title='bbox 428 2741 661 2795; x_wconf 84' lang='grc' dir='ltr'>ἀνεκτὸν</span> <span class='ocrx_word' id='word_1_212' title='bbox 687 2741 787 2807; x_wconf 83' lang='grc' dir='ltr'>τῆς</span> <span class='ocrx_word' id='word_1_213' title='bbox 823 2741 1156 2809; x_wconf 84' lang='grc' dir='ltr'>δεσποτικῆς</span> <span class='ocrx_word' id='word_1_214' title='bbox 1199 2742 1591 2810; x_wconf 84' lang='grc' dir='ltr'>μυσταγωγίας</span> <span class='ocrx_word' id='word_1_215' title='bbox 1620 2742 1718 2811; x_wconf 83' lang='grc' dir='ltr'>τὴν</span> 
     </span>
    </p>
   </div>
   <div class='ocr_carea' id='block_1_31' title="bbox 150 2831 1715 2903">
    <p class='ocr_par' dir='ltr' id='par_1_31' title="bbox 150 2831 1715 2903">
     <span class='ocr_line' id='line_1_31' title="bbox 150 2831 1715 2903; baseline 0.001 -20"><span class='ocrx_word' id='word_1_216' title='bbox 150 2831 516 2901; x_wconf 79' lang='grc' dir='ltr'>ὑπηρετοῦσαν</span> <span class='ocrx_word' id='word_1_217' title='bbox 565 2832 821 2900; x_wconf 90' lang='grc' dir='ltr'>γλῶσσαν</span> <span class='ocrx_word' id='word_1_218' title='bbox 877 2832 1193 2903; x_wconf 77' lang='grc' dir='ltr'>ἔμπροσθεν</span> <span class='ocrx_word' id='word_1_219' title='bbox 1237 2834 1434 2885; x_wconf 85' lang='grc' dir='ltr'>ποιεῖν.</span> <span class='ocrx_word' id='word_1_220' title='bbox 1468 2834 1529 2886; x_wconf 77' lang='grc' dir='ltr'><strong>Εἰ</strong></span> <span class='ocrx_word' id='word_1_221' title='bbox 1560 2833 1617 2886; x_wconf 81' lang='grc' dir='ltr'>δὲ</span> <span class='ocrx_word' id='word_1_222' title='bbox 1649 2835 1715 2902; x_wconf 81' lang='grc' dir='ltr'><strong>τῇ</strong></span> 
     </span>
    </p>
   </div>
   <div class='ocr_carea' id='block_1_32' title="bbox 152 2920 1719 2993">
    <p class='ocr_par' dir='ltr' id='par_1_32' title="bbox 152 2920 1719 2993">
     <span class='ocr_line' id='line_1_32' title="bbox 152 2920 1719 2993; baseline 0.002 -21"><span class='ocrx_word' id='word_1_223' title='bbox 152 2920 286 2973; x_wconf 87' lang='grc' dir='ltr'>θέσει</span> <span class='ocrx_word' id='word_1_224' title='bbox 341 2921 456 2975; x_wconf 87' lang='grc' dir='ltr'><strong>τῶν</strong></span> <span class='ocrx_word' id='word_1_225' title='bbox 516 2922 776 2992; x_wconf 85' lang='grc' dir='ltr'>μαθητῶν</span> <span class='ocrx_word' id='word_1_226' title='bbox 821 2924 853 2992; x_wconf 83' lang='grc' dir='ltr'><strong>ἠ</strong></span> <span class='ocrx_word' id='word_1_227' title='bbox 907 2922 1000 2974; x_wconf 84' lang='grc' dir='ltr'>τοῦ</span> <span class='ocrx_word' id='word_1_228' title='bbox 1054 2922 1378 2975; x_wconf 70' lang='grc' dir='ltr'>διδασκάλου</span> <span class='ocrx_word' id='word_1_229' title='bbox 1437 2924 1719 2993; x_wconf 89' lang='grc' dir='ltr'>ἀναίρεσις</span> 
     </span>
    </p>
   </div>
   <div class='ocr_carea' id='block_1_33' title="bbox 150 3010 1718 3087">
    <p class='ocr_par' dir='ltr' id='par_1_33' title="bbox 150 3010 1718 3087">
     <span class='ocr_line' id='line_1_33' title="bbox 150 3010 1718 3087; baseline 0.003 -23"><span class='ocrx_word' id='word_1_230' title='bbox 150 3012 342 3077; x_wconf 71' lang='grc' dir='ltr'>ἕπεται,</span> <span class='ocrx_word' id='word_1_231' title='bbox 369 3013 488 3076; x_wconf 89' lang='grc' dir='ltr'><strong>πῶς</strong></span> <span class='ocrx_word' id='word_1_232' title='bbox 521 3016 624 3068; x_wconf 89' lang='grc' dir='ltr'><strong>οὐκ</strong></span> <span class='ocrx_word' id='word_1_233' title='bbox 647 3016 727 3078; x_wconf 88' lang='grc' dir='ltr'><strong>είς</strong></span> <span class='ocrx_word' id='word_1_234' title='bbox 757 3014 963 3083; x_wconf 89' lang='grc' dir='ltr'>τόλμαν</span> <span class='ocrx_word' id='word_1_235' title='bbox 986 3013 1111 3083; x_wconf 78' lang='grc' dir='ltr'>ἥκει</span> <span class='ocrx_word' id='word_1_236' title='bbox 1132 3014 1199 3067; x_wconf 86' lang='grc' dir='ltr'><strong>δι’</strong></span> <span class='ocrx_word' id='word_1_237' title='bbox 1224 3010 1290 3086; x_wconf 87' lang='grc' dir='ltr'>ἦς</span> <span class='ocrx_word' id='word_1_238' title='bbox 1315 3015 1596 3087; x_wconf 76' lang='grc' dir='ltr'>ὑϐρίζεται</span> <span class='ocrx_word' id='word_1_239' title='bbox 1619 3016 1718 3084; x_wconf 79' lang='grc' dir='ltr'>τῆς</span> 
     </span>
    </p>
   </div>
   <div class='ocr_carea' id='block_1_34' title="bbox 154 3104 1791 3200">
    <p class='ocr_par' dir='ltr' id='par_1_34' title="bbox 154 3104 1791 3200">
     <span class='ocr_line' id='line_1_34' title="bbox 154 3104 1791 3200; baseline 0.003 -46"><span class='ocrx_word' id='word_1_240' title='bbox 154 3104 476 3200; x_wconf 66' lang='grc' dir='ltr'>συγγνώμης</span> <span class='ocrx_word' id='word_1_241' title='bbox 507 3107 734 3200; x_wconf 39' lang='grc' dir='ltr'>ἠ-χάρις</span> <span class='ocrx_word' id='word_1_242' title='bbox 756 3104 906 3200; x_wconf 34' lang='grc' dir='ltr'>ςκτὴν</span> <span class='ocrx_word' id='word_1_243' title='bbox 943 3105 1044 3176; x_wconf 78' lang='grc' dir='ltr'>μὲν</span> <span class='ocrx_word' id='word_1_244' title='bbox 1060 3107 1399 3177; x_wconf 80' lang='grc' dir='ltr'>Δεσποτικὴν</span> <span class='ocrx_word' id='word_1_245' title='bbox 1434 3107 1614 3177; x_wconf 87' lang='grc' dir='ltr'>κρίσιν</span> <span class='ocrx_word' id='word_1_246' title='bbox 1643 3107 1717 3176; x_wconf 86' lang='grc' dir='ltr'>μὴ</span> <span class='ocrx_word' id='word_1_247' title='bbox 1749 3142 1791 3200; x_wconf 73' lang='lat' dir='ltr'>c</span> 
     </span>
    </p>
   </div>
   <div class='ocr_carea' id='block_1_35' title="bbox 150 3192 1720 3268">
    <p class='ocr_par' dir='ltr' id='par_1_35' title="bbox 150 3192 1720 3268">
     <span class='ocr_line' id='line_1_35' title="bbox 150 3192 1720 3268; baseline 0.003 -22"><span class='ocrx_word' id='word_1_248' title='bbox 150 3194 249 3247; x_wconf 86' lang='grc' dir='ltr'><strong>τῶν</strong></span> <span class='ocrx_word' id='word_1_249' title='bbox 272 3195 709 3263; x_wconf 84' lang='grc' dir='ltr'>κατεπειγόντων</span> <span class='ocrx_word' id='word_1_250' title='bbox 751 3192 893 3250; x_wconf 78' lang='grc' dir='ltr'>εἶναι</span> <span class='ocrx_word' id='word_1_251' title='bbox 940 3198 1205 3268; x_wconf 78' lang='grc' dir='ltr'>νομίζειν,</span> <span class='ocrx_word' id='word_1_252' title='bbox 1244 3200 1345 3267; x_wconf 85' lang='grc' dir='ltr'>τὴν</span> <span class='ocrx_word' id='word_1_253' title='bbox 1378 3198 1435 3251; x_wconf 83' lang='grc' dir='ltr'>δὲ</span> <span class='ocrx_word' id='word_1_254' title='bbox 1461 3198 1569 3251; x_wconf 84' lang='grc' dir='ltr'><strong>τῶν</strong></span> <span class='ocrx_word' id='word_1_255' title='bbox 1597 3197 1720 3251; x_wconf 77' lang='grc' dir='ltr'>δούσ-</span> 
     </span>
    </p>
   </div>
   <div class='ocr_carea' id='block_1_36' title="bbox 152 3285 1721 3357">
    <p class='ocr_par' dir='ltr' id='par_1_36' title="bbox 152 3285 1721 3357">
     <span class='ocr_line' id='line_1_36' title="bbox 152 3285 1721 3357; baseline 0.002 -20"><span class='ocrx_word' id='word_1_256' title='bbox 152 3288 247 3339; x_wconf 89' lang='grc' dir='ltr'><strong>λων</strong></span> <span class='ocrx_word' id='word_1_257' title='bbox 270 3286 515 3339; x_wconf 89' lang='grc' dir='ltr'>ἐπίνοιαν</span> <span class='ocrx_word' id='word_1_258' title='bbox 553 3285 661 3338; x_wconf 89' lang='grc' dir='ltr'><strong>τῶν</strong></span> <span class='ocrx_word' id='word_1_259' title='bbox 703 3287 1141 3355; x_wconf 85' lang='grc' dir='ltr'>κατεπειγόντων</span> <span class='ocrx_word' id='word_1_260' title='bbox 1168 3302 1181 3316; x_wconf 89' lang='grc'><strong>·</strong></span> <span class='ocrx_word' id='word_1_261' title='bbox 1215 3288 1310 3341; x_wconf 77' lang='grc' dir='ltr'>καὶ</span> <span class='ocrx_word' id='word_1_262' title='bbox 1342 3288 1589 3357; x_wconf 79' lang='grc' dir='ltr'>παρορᾷν</span> <span class='ocrx_word' id='word_1_263' title='bbox 1621 3287 1721 3356; x_wconf 78' lang='grc' dir='ltr'>μὲν</span> 
     </span>
    </p>
   </div>
   <div class='ocr_carea' id='block_1_37' title="bbox 151 3368 1719 3450">
    <p class='ocr_par' dir='ltr' id='par_1_37' title="bbox 151 3368 1719 3450">
     <span class='ocr_line' id='line_1_37' title="bbox 151 3368 1719 3450; baseline 0.002 -23"><span class='ocrx_word' id='word_1_264' title='bbox 151 3368 206 3427; x_wconf 72' lang='grc' dir='ltr'><strong>οὐ</strong></span> <span class='ocrx_word' id='word_1_265' title='bbox 237 3373 309 3445; x_wconf 79' lang='grc' dir='ltr'>μὴ</span> <span class='ocrx_word' id='word_1_266' title='bbox 326 3375 441 3429; x_wconf 81' lang='grc' dir='ltr'>ἐστι</span> <span class='ocrx_word' id='word_1_267' title='bbox 468 3375 644 3445; x_wconf 81' lang='grc' dir='ltr'>χωρὶς</span> <span class='ocrx_word' id='word_1_268' title='bbox 672 3376 932 3439; x_wconf 86' lang='grc' dir='ltr'>ἀπονοίας</span> <span class='ocrx_word' id='word_1_269' title='bbox 960 3377 1246 3446; x_wconf 85' lang='grc' dir='ltr'>ὁμολογεῖν</span> <span class='ocrx_word' id='word_1_270' title='bbox 1266 3377 1365 3446; x_wconf 83' lang='grc' dir='ltr'>τὴν</span> <span class='ocrx_word' id='word_1_271' title='bbox 1389 3378 1719 3450; x_wconf 86' lang='grc' dir='ltr'>παρόρασιν,</span> 
     </span>
    </p>
   </div>
   <div class='ocr_carea' id='block_1_38' title="bbox 154 3463 1759 3540">
    <p class='ocr_par' dir='ltr' id='par_1_38' title="bbox 154 3463 1759 3540">
     <span class='ocr_line' id='line_1_38' title="bbox 154 3463 1759 3540; baseline 0.003 -21"><span class='ocrx_word' id='word_1_272' title='bbox 154 3467 387 3537; x_wconf 78' lang='grc' dir='ltr'>στέργειν</span> <span class='ocrx_word' id='word_1_273' title='bbox 407 3466 465 3520; x_wconf 71' lang='grc' dir='ltr'>δὲ</span> <span class='ocrx_word' id='word_1_274' title='bbox 485 3468 584 3519; x_wconf 76' lang='grc' dir='ltr'>καὶ</span> <span class='ocrx_word' id='word_1_275' title='bbox 610 3466 951 3537; x_wconf 85' lang='grc' dir='ltr'>προτιθέναι,</span> <span class='ocrx_word' id='word_1_276' title='bbox 969 3463 1081 3539; x_wconf 82' lang='grc' dir='ltr'><strong>ἦςή</strong></span> <span class='ocrx_word' id='word_1_277' title='bbox 1114 3470 1293 3535; x_wconf 86' lang='grc' dir='ltr'>κρίσις</span> <span class='ocrx_word' id='word_1_278' title='bbox 1323 3470 1447 3540; x_wconf 88' lang='grc' dir='ltr'>δίκη</span> <span class='ocrx_word' id='word_1_279' title='bbox 1476 3470 1571 3523; x_wconf 82' lang='grc' dir='ltr'>τοῦ</span> <span class='ocrx_word' id='word_1_280' title='bbox 1601 3472 1714 3539; x_wconf 83' lang='grc' dir='ltr'>κρί-</span> <span class='ocrx_word' id='word_1_281' title='bbox 1748 3528 1759 3537; x_wconf 55' lang='grc'><em>,</em></span> 
     </span>
    </p>
   </div>
   <div class='ocr_carea' id='block_1_39' title="bbox 154 3558 1720 3630">
    <p class='ocr_par' dir='ltr' id='par_1_39' title="bbox 154 3558 1720 3630">
     <span class='ocr_line' id='line_1_39' title="bbox 154 3558 1720 3630; baseline 0.002 -19"><span class='ocrx_word' id='word_1_282' title='bbox 154 3575 348 3622; x_wconf 87' lang='grc' dir='ltr'>ναντος.</span> <span class='ocrx_word' id='word_1_283' title='bbox 392 3558 560 3613; x_wconf 77' lang='grc' dir='ltr'>Ἀλλὰ</span> <span class='ocrx_word' id='word_1_284' title='bbox 581 3560 691 3630; x_wconf 81' lang='grc' dir='ltr'><strong>γάρ</strong></span> <span class='ocrx_word' id='word_1_285' title='bbox 718 3559 873 3613; x_wconf 84' lang='grc' dir='ltr'>αὐτοί</span> <span class='ocrx_word' id='word_1_286' title='bbox 902 3578 967 3628; x_wconf 90' lang='grc' dir='ltr'><strong>γε</strong></span> <span class='ocrx_word' id='word_1_287' title='bbox 1002 3562 1320 3630; x_wconf 87' lang='grc' dir='ltr'>περιφανῶς</span> <span class='ocrx_word' id='word_1_288' title='bbox 1350 3561 1494 3614; x_wconf 75' lang='grc' dir='ltr'>οὓτω</span> <span class='ocrx_word' id='word_1_289' title='bbox 1520 3565 1720 3614; x_wconf 83' lang='grc' dir='ltr'>τοσαύ-</span> 
     </span>
    </p>
   </div>
   <div class='ocr_carea' id='block_1_40' title="bbox 154 3649 1720 3723">
    <p class='ocr_par' dir='ltr' id='par_1_40' title="bbox 154 3649 1720 3723">
     <span class='ocr_line' id='line_1_40' title="bbox 154 3649 1720 3723; baseline 0.002 -23"><span class='ocrx_word' id='word_1_290' title='bbox 154 3663 242 3719; x_wconf 88' lang='grc' dir='ltr'><strong>της</strong></span> <span class='ocrx_word' id='word_1_291' title='bbox 272 3651 363 3703; x_wconf 70' lang='grc' dir='ltr'>καὶ</span> <span class='ocrx_word' id='word_1_292' title='bbox 390 3649 731 3721; x_wconf 86' lang='grc' dir='ltr'>τηλικαύτης</span> <span class='ocrx_word' id='word_1_293' title='bbox 776 3651 996 3722; x_wconf 76' lang='grc' dir='ltr'>ἐντολῆς</span> <span class='ocrx_word' id='word_1_294' title='bbox 1034 3652 1187 3720; x_wconf 80' lang='grc' dir='ltr'>ἰσχὺν</span> <span class='ocrx_word' id='word_1_295' title='bbox 1231 3654 1580 3723; x_wconf 88' lang='grc' dir='ltr'>παρορῶντες</span> <span class='ocrx_word' id='word_1_296' title='bbox 1624 3653 1720 3706; x_wconf 71' lang='grc' dir='ltr'>καὶ</span> 
     </span>
    </p>
   </div>
   <div class='ocr_carea' id='block_1_41' title="bbox 156 3736 1717 3812">
    <p class='ocr_par' dir='ltr' id='par_1_41' title="bbox 156 3736 1717 3812">
     <span class='ocr_line' id='line_1_41' title="bbox 156 3736 1717 3812; baseline 0 -21"><span class='ocrx_word' id='word_1_297' title='bbox 156 3739 593 3809; x_wconf 87' lang='grc' dir='ltr'>παραϐαίνοντες,</span> <span class='ocrx_word' id='word_1_298' title='bbox 629 3742 678 3793; x_wconf 80' lang='grc' dir='ltr'>εἰ</span> <span class='ocrx_word' id='word_1_299' title='bbox 702 3742 779 3803; x_wconf 85' lang='grc' dir='ltr'>ὠς</span> <span class='ocrx_word' id='word_1_300' title='bbox 800 3740 1017 3812; x_wconf 87' lang='grc' dir='ltr'>ἀληθῶς</span> <span class='ocrx_word' id='word_1_301' title='bbox 1042 3736 1181 3811; x_wconf 77' lang='grc' dir='ltr'>ἦσαν</span> <span class='ocrx_word' id='word_1_302' title='bbox 1201 3742 1301 3809; x_wconf 78' lang='grc' dir='ltr'>τῆς</span> <span class='ocrx_word' id='word_1_303' title='bbox 1326 3742 1717 3812; x_wconf 81' lang='grc' dir='ltr'>παραϐάσεως,</span> 
     </span>
    </p>
   </div>
   <div class='ocr_carea' id='block_1_42' title="bbox 120 3820 1721 3903">
    <p class='ocr_par' dir='ltr' id='par_1_42' title="bbox 120 3820 1721 3903">
     <span class='ocr_line' id='line_1_42' title="bbox 120 3820 1721 3903; baseline 0.004 -22"><span class='ocrx_word' id='word_1_304' title='bbox 120 3820 123 3823; x_wconf 50' lang='grc'><em>’</em></span> <span class='ocrx_word' id='word_1_305' title='bbox 157 3829 261 3894; x_wconf 88' lang='grc' dir='ltr'><strong>πῶς</strong></span> <span class='ocrx_word' id='word_1_306' title='bbox 292 3831 356 3885; x_wconf 80' lang='grc' dir='ltr'>ἂν</span> <span class='ocrx_word' id='word_1_307' title='bbox 385 3830 652 3902; x_wconf 77' lang='grc' dir='ltr'>ἠδύναντο</span> <span class='ocrx_word' id='word_1_308' title='bbox 680 3833 805 3894; x_wconf 80' lang='grc' dir='ltr'>τοὺς</span> <span class='ocrx_word' id='word_1_309' title='bbox 830 3831 939 3884; x_wconf 90' lang='grc' dir='ltr'><strong>τῶν</strong></span> <span class='ocrx_word' id='word_1_310' title='bbox 968 3831 1129 3902; x_wconf 89' lang='grc' dir='ltr'>ίερῶν</span> <span class='ocrx_word' id='word_1_311' title='bbox 1157 3831 1501 3901; x_wconf 86' lang='grc' dir='ltr'>μαθημάτων</span> <span class='ocrx_word' id='word_1_312' title='bbox 1522 3834 1721 3903; x_wconf 81' lang='grc' dir='ltr'>ἀκροα-</span> 
     </span>
    </p>
   </div>
   <div class='ocr_carea' id='block_1_43' title="bbox 154 3919 1720 3995">
    <p class='ocr_par' dir='ltr' id='par_1_43' title="bbox 154 3919 1720 3995">
     <span class='ocr_line' id='line_1_43' title="bbox 154 3919 1720 3995; baseline 0.003 -23"><span class='ocrx_word' id='word_1_313' title='bbox 154 3919 244 3981; x_wconf 81' lang='grc' dir='ltr'><strong>τὰς</strong></span> <span class='ocrx_word' id='word_1_314' title='bbox 274 3923 566 3991; x_wconf 87' lang='grc' dir='ltr'>παραινεῖν</span> <span class='ocrx_word' id='word_1_315' title='bbox 596 3924 714 3985; x_wconf 82' lang='grc' dir='ltr'>ταῖς</span> <span class='ocrx_word' id='word_1_316' title='bbox 751 3925 1111 3986; x_wconf 85' lang='grc' dir='ltr'>Δεσποτικαῖς</span> <span class='ocrx_word' id='word_1_317' title='bbox 1134 3924 1376 3987; x_wconf 80' lang='grc' dir='ltr'>ἐντολαῖς</span> <span class='ocrx_word' id='word_1_318' title='bbox 1406 3924 1720 3995; x_wconf 74' lang='grc' dir='ltr'>πειθαρχεῖν</span> 
     </span>
    </p>
   </div>
   <div class='ocr_carea' id='block_1_44' title="bbox 155 4011 1721 4084">
    <p class='ocr_par' dir='ltr' id='par_1_44' title="bbox 155 4011 1721 4084">
     <span class='ocr_line' id='line_1_44' title="bbox 155 4011 1721 4084; baseline 0.004 -21"><span class='ocrx_word' id='word_1_319' title='bbox 155 4011 239 4063; x_wconf 76' lang='grc' dir='ltr'>καὶ</span> <span class='ocrx_word' id='word_1_320' title='bbox 284 4012 853 4083; x_wconf 77' lang='grc' dir='ltr'>καθαρῤυθμίζεσθαι,</span> <span class='ocrx_word' id='word_1_321' title='bbox 883 4077 889 4081; x_wconf 27' lang='grc' dir='ltr'>η</span> <span class='ocrx_word' id='word_1_322' title='bbox 916 4014 1012 4067; x_wconf 76' lang='grc' dir='ltr'>καὶ</span> <span class='ocrx_word' id='word_1_323' title='bbox 1051 4014 1153 4084; x_wconf 79' lang='grc' dir='ltr'>τῆς</span> <span class='ocrx_word' id='word_1_324' title='bbox 1202 4014 1410 4077; x_wconf 78' lang='grc' dir='ltr'>οἰκείας</span> <span class='ocrx_word' id='word_1_325' title='bbox 1444 4016 1721 4080; x_wconf 90' lang='grc' dir='ltr'>πολιτείας</span> 
     </span>
    </p>
   </div>
   <div class='ocr_carea' id='block_1_45' title="bbox 154 4097 1721 4177">
    <p class='ocr_par' dir='ltr' id='par_1_45' title="bbox 154 4097 1721 4177">
     <span class='ocr_line' id='line_1_45' title="bbox 154 4097 1721 4177; baseline 0.007 -28"><span class='ocrx_word' id='word_1_326' title='bbox 154 4097 499 4167; x_wconf 71' lang='grc' dir='ltr'>κατάταύτας</span> <span class='ocrx_word' id='word_1_327' title='bbox 526 4102 798 4155; x_wconf 87' lang='grc' dir='ltr'>ποιεῖσθαι</span> <span class='ocrx_word' id='word_1_328' title='bbox 823 4102 923 4174; x_wconf 82' lang='grc' dir='ltr'>τὴν</span> <span class='ocrx_word' id='word_1_329' title='bbox 947 4103 1268 4173; x_wconf 82' lang='grc' dir='ltr'>ἐπιμέλειαν</span> <span class='ocrx_word' id='word_1_330' title='bbox 1289 4122 1304 4171; x_wconf 89' lang='grc'>;</span> <span class='ocrx_word' id='word_1_331' title='bbox 1332 4106 1446 4158; x_wconf 83' lang='grc' dir='ltr'>ἴσον</span> <span class='ocrx_word' id='word_1_332' title='bbox 1471 4106 1581 4177; x_wconf 87' lang='grc' dir='ltr'><strong>γάρ</strong></span> <span class='ocrx_word' id='word_1_333' title='bbox 1605 4109 1721 4161; x_wconf 81' lang='grc' dir='ltr'>ἐστι</span> 
     </span>
    </p>
   </div>
   <div class='ocr_carea' id='block_1_46' title="bbox 152 4190 1721 4271">
    <p class='ocr_par' dir='ltr' id='par_1_46' title="bbox 152 4190 1721 4271">
     <span class='ocr_line' id='line_1_46' title="bbox 152 4190 1721 4271; baseline 0.008 -29"><span class='ocrx_word' id='word_1_334' title='bbox 152 4190 231 4245; x_wconf 81' lang='grc' dir='ltr'><strong>διὰ</strong></span> <span class='ocrx_word' id='word_1_335' title='bbox 252 4193 346 4263; x_wconf 81' lang='grc' dir='ltr'>τῆς</span> <span class='ocrx_word' id='word_1_336' title='bbox 378 4195 489 4248; x_wconf 86' lang='grc' dir='ltr'><strong>τῶν</strong></span> <span class='ocrx_word' id='word_1_337' title='bbox 535 4196 767 4248; x_wconf 79' lang='grc' dir='ltr'>ἐντολῶν</span> <span class='ocrx_word' id='word_1_338' title='bbox 794 4198 1109 4269; x_wconf 81' lang='grc' dir='ltr'>ἀθετήσεως</span> <span class='ocrx_word' id='word_1_339' title='bbox 1146 4199 1443 4270; x_wconf 83' lang='grc' dir='ltr'>πειρᾶσθαι</span> <span class='ocrx_word' id='word_1_340' title='bbox 1474 4201 1721 4271; x_wconf 87' lang='grc' dir='ltr'>φύλακας</span> 
     </span>
    </p>
   </div>
   <div class='ocr_carea' id='block_1_47' title="bbox 150 4282 1721 4356">
    <p class='ocr_par' dir='ltr' id='par_1_47' title="bbox 150 4282 1721 4356">
     <span class='ocr_line' id='line_1_47' title="bbox 150 4282 1721 4356; baseline 0.01 -23"><span class='ocrx_word' id='word_1_341' title='bbox 150 4282 249 4335; x_wconf 85' lang='grc' dir='ltr'><strong>τῶν</strong></span> <span class='ocrx_word' id='word_1_342' title='bbox 270 4287 715 4356; x_wconf 82' lang='grc' dir='ltr'>προσταγμάτων</span> <span class='ocrx_word' id='word_1_343' title='bbox 746 4290 944 4353; x_wconf 89' lang='grc' dir='ltr'>ποιεῖν,</span> <span class='ocrx_word' id='word_1_344' title='bbox 974 4289 1067 4342; x_wconf 77' lang='grc' dir='ltr'>καὶ</span> <span class='ocrx_word' id='word_1_345' title='bbox 1095 4290 1312 4344; x_wconf 86' lang='grc' dir='ltr'>ἀθετεῖν</span> <span class='ocrx_word' id='word_1_346' title='bbox 1339 4292 1537 4356; x_wconf 83' lang='grc' dir='ltr'>αὐτοὺς</span> <span class='ocrx_word' id='word_1_347' title='bbox 1565 4295 1721 4348; x_wconf 71' lang='grc' dir='ltr'>ἀπαιι</span> 
     </span>
    </p>
   </div>
   <div class='ocr_carea' id='block_1_48' title="bbox 152 4374 1718 4453">
    <p class='ocr_par' dir='ltr' id='par_1_48' title="bbox 152 4374 1718 4453">
     <span class='ocr_line' id='line_1_48' title="bbox 152 4374 1718 4453; baseline 0.01 -33"><span class='ocrx_word' id='word_1_348' title='bbox 152 4374 248 4423; x_wconf 89' lang='grc' dir='ltr'>τεῖν</span> <span class='ocrx_word' id='word_1_349' title='bbox 270 4374 327 4425; x_wconf 76' lang='grc' dir='ltr'>τὸ</span> <span class='ocrx_word' id='word_1_350' title='bbox 349 4378 406 4428; x_wconf 88' lang='grc' dir='ltr'><strong>ἐν</strong></span> <span class='ocrx_word' id='word_1_351' title='bbox 438 4377 750 4447; x_wconf 84' lang='grc' dir='ltr'>παραϐάσει</span> <span class='ocrx_word' id='word_1_352' title='bbox 785 4379 1167 4449; x_wconf 82' lang='grc' dir='ltr'>ἀπαράϐατον.</span> <span class='ocrx_word' id='word_1_353' title='bbox 1202 4376 1278 4435; x_wconf 75' lang='grc' dir='ltr'>Οὐ</span> <span class='ocrx_word' id='word_1_354' title='bbox 1307 4382 1359 4435; x_wconf 88' lang='grc' dir='ltr'><strong>τί</strong></span> <span class='ocrx_word' id='word_1_355' title='bbox 1381 4382 1447 4436; x_wconf 84' lang='grc' dir='ltr'>ἂν</span> <span class='ocrx_word' id='word_1_356' title='bbox 1479 4383 1718 4453; x_wconf 79' lang='grc' dir='ltr'>ὁέχθρὸς</span> 
     </span>
    </p>
   </div>
   <div class='ocr_carea' id='block_1_49' title="bbox 1832 568 3410 645">
    <p class='ocr_par' dir='ltr' id='par_1_49' title="bbox 1832 568 3410 645">
     <span class='ocr_line' id='line_1_49' title="bbox 1832 568 3410 645; baseline 0.004 -22"><span class='ocrx_word' id='word_1_357' title='bbox 1832 568 1976 625; x_wconf 84' lang='lat' dir='ltr'><strong>libus</strong></span> <span class='ocrx_word' id='word_1_358' title='bbox 2002 570 2238 626; x_wconf 85' lang='lat' dir='ltr'><strong>vinculis</strong></span> <span class='ocrx_word' id='word_1_359' title='bbox 2262 572 2545 637; x_wconf 89' lang='lat' dir='ltr'><strong>traditum,</strong></span> <span class='ocrx_word' id='word_1_360' title='bbox 2574 580 2863 641; x_wconf 84' lang='lat' dir='ltr'><strong>postquam</strong></span> <span class='ocrx_word' id='word_1_361' title='bbox 2888 574 3140 630; x_wconf 77' lang='lat' dir='ltr'><strong>Christus</strong></span> <span class='ocrx_word' id='word_1_362' title='bbox 3158 577 3410 645; x_wconf 79' lang='lat' dir='ltr'><strong>sepulcro</strong></span> 
     </span>
    </p>
   </div>
   <div class='ocr_carea' id='block_1_50' title="bbox 1828 664 3409 736">
    <p class='ocr_par' dir='ltr' id='par_1_50' title="bbox 1828 664 3409 736">
     <span class='ocr_line' id='line_1_50' title="bbox 1828 664 3409 736; baseline 0.004 -21"><span class='ocrx_word' id='word_1_363' title='bbox 1828 671 2113 725; x_wconf 83' lang='lat' dir='ltr'><strong>evaserat,</strong></span> <span class='ocrx_word' id='word_1_364' title='bbox 2168 664 2590 733; x_wconf 90' lang='lat' dir='ltr'><strong>communisque</strong></span> <span class='ocrx_word' id='word_1_365' title='bbox 2634 666 3052 721; x_wconf 79' lang='lat' dir='ltr'><strong>resurrectionis</strong></span> <span class='ocrx_word' id='word_1_366' title='bbox 3104 668 3409 736; x_wconf 80' lang='lat' dir='ltr'><strong>au5picium</strong></span> 
     </span>
    </p>
   </div>
   <div class='ocr_carea' id='block_1_51' title="bbox 1827 750 3409 826">
    <p class='ocr_par' dir='ltr' id='par_1_51' title="bbox 1827 750 3409 826">
     <span class='ocr_line' id='line_1_51' title="bbox 1827 750 3409 826; baseline 0.005 -23"><span class='ocrx_word' id='word_1_367' title='bbox 1827 750 2079 817; x_wconf 83' lang='lat' dir='ltr'><strong>dederat;</strong></span> <span class='ocrx_word' id='word_1_368' title='bbox 2135 760 2250 805; x_wconf 92' lang='lat' dir='ltr'><strong>tum</strong></span> <span class='ocrx_word' id='word_1_369' title='bbox 2291 752 2509 805; x_wconf 90' lang='lat' dir='ltr'><strong>demum</strong></span> <span class='ocrx_word' id='word_1_370' title='bbox 2564 753 2905 807; x_wconf 88' lang='lat' dir='ltr'><strong>terrestrium</strong></span> <span class='ocrx_word' id='word_1_371' title='bbox 2955 756 3201 809; x_wconf 91' lang='lat' dir='ltr'><strong>omnium</strong></span> <span class='ocrx_word' id='word_1_372' title='bbox 3248 766 3409 826; x_wconf 92' lang='lat' dir='ltr'><strong>atque</strong></span> 
     </span>
    </p>
   </div>
   <div class='ocr_carea' id='block_1_52' title="bbox 1827 841 3405 915">
    <p class='ocr_par' dir='ltr' id='par_1_52' title="bbox 1827 841 3405 915">
     <span class='ocr_line' id='line_1_52' title="bbox 1827 841 3405 915; baseline 0.004 -20"><span class='ocrx_word' id='word_1_373' title='bbox 1827 841 2129 896; x_wconf 75' lang='lat' dir='ltr'><strong>cmlestium</strong></span> <span class='ocrx_word' id='word_1_374' title='bbox 2172 852 2531 912; x_wconf 88' lang='lat' dir='ltr'><strong>potestatem,</strong></span> <span class='ocrx_word' id='word_1_375' title='bbox 2591 844 2636 898; x_wconf 82' lang='lat' dir='ltr'><strong>is</strong></span> <span class='ocrx_word' id='word_1_376' title='bbox 2684 845 2777 914; x_wconf 87' lang='lat' dir='ltr'><strong>qui</strong></span> <span class='ocrx_word' id='word_1_377' title='bbox 2826 845 3011 899; x_wconf 89' lang='lat' dir='ltr'><strong>divina</strong></span> <span class='ocrx_word' id='word_1_378' title='bbox 3064 856 3256 900; x_wconf 88' lang='lat' dir='ltr'><strong>natura</strong></span> <span class='ocrx_word' id='word_1_379' title='bbox 3289 849 3405 915; x_wconf 88' lang='lat' dir='ltr'><strong>jam</strong></span> 
     </span>
    </p>
   </div>
   <div class='ocr_carea' id='block_1_53' title="bbox 1826 928 3407 1002">
    <p class='ocr_par' dir='ltr' id='par_1_53' title="bbox 1826 928 3407 1002">
     <span class='ocr_line' id='line_1_53' title="bbox 1826 928 3407 1002; baseline 0.004 -20"><span class='ocrx_word' id='word_1_380' title='bbox 1826 942 1948 982; x_wconf 90' lang='lat' dir='ltr'><strong>eam</strong></span> <span class='ocrx_word' id='word_1_381' title='bbox 1997 928 2238 994; x_wconf 85' lang='lat' dir='ltr'><strong>tenebat,</strong></span> <span class='ocrx_word' id='word_1_382' title='bbox 2296 930 2531 983; x_wconf 90' lang='lat' dir='ltr'><strong>humana</strong></span> <span class='ocrx_word' id='word_1_383' title='bbox 2581 946 2797 999; x_wconf 89' lang='lat' dir='ltr'><strong>quoque</strong></span> <span class='ocrx_word' id='word_1_384' title='bbox 2839 940 3038 986; x_wconf 86' lang='lat' dir='ltr'><strong>natura</strong></span> <span class='ocrx_word' id='word_1_385' title='bbox 3094 935 3407 1002; x_wconf 79' lang='lat' dir='ltr'><strong>recipiens;</strong></span> 
     </span>
    </p>
   </div>
   <div class='ocr_carea' id='block_1_54' title="bbox 1827 1010 3405 1092">
    <p class='ocr_par' dir='ltr' id='par_1_54' title="bbox 1827 1010 3405 1092">
     <span class='ocr_line' id='line_1_54' title="bbox 1827 1010 3405 1092; baseline 0.003 -20"><span class='ocrx_word' id='word_1_386' title='bbox 1827 1027 1978 1083; x_wconf 92' lang='lat' dir='ltr'><strong>tunc,</strong></span> <span class='ocrx_word' id='word_1_387' title='bbox 2011 1018 2263 1087; x_wconf 92' lang='lat' dir='ltr'><strong>inquam,</strong></span> <span class='ocrx_word' id='word_1_388' title='bbox 2308 1020 2549 1088; x_wconf 80' lang='lat' dir='ltr'><strong>regalem</strong></span> <span class='ocrx_word' id='word_1_389' title='bbox 2602 1021 2743 1074; x_wconf 90' lang='lat' dir='ltr'><strong>hanc</strong></span> <span class='ocrx_word' id='word_1_390' title='bbox 2794 1010 3203 1091; x_wconf 80' lang='lat' dir='ltr'><strong>salutaremque</strong></span> <span class='ocrx_word' id='word_1_391' title='bbox 3235 1024 3405 1092; x_wconf 79' lang='lat' dir='ltr'><strong>legem</strong></span> 
     </span>
    </p>
   </div>
   <div class='ocr_carea' id='block_1_55' title="bbox 1826 1108 3409 1179">
    <p class='ocr_par' dir='ltr' id='par_1_55' title="bbox 1826 1108 3409 1179">
     <span class='ocr_line' id='line_1_55' title="bbox 1826 1108 3409 1179; baseline 0.001 -16"><span class='ocrx_word' id='word_1_392' title='bbox 1826 1108 1971 1163; x_wconf 84' lang='lat' dir='ltr'><strong>haud</strong></span> <span class='ocrx_word' id='word_1_393' title='bbox 2006 1111 2060 1163; x_wconf 89' lang='lat' dir='ltr'><strong>in</strong></span> <span class='ocrx_word' id='word_1_394' title='bbox 2095 1110 2296 1163; x_wconf 90' lang='lat' dir='ltr'><strong>tabulis</strong></span> <span class='ocrx_word' id='word_1_395' title='bbox 2324 1108 2576 1179; x_wconf 82' lang='lat' dir='ltr'><strong>lapideis,</strong></span> <span class='ocrx_word' id='word_1_396' title='bbox 2626 1114 2717 1166; x_wconf 86' lang='lat' dir='ltr'><strong>sed</strong></span> <span class='ocrx_word' id='word_1_397' title='bbox 2755 1113 2809 1166; x_wconf 92' lang='lat' dir='ltr'><strong>in</strong></span> <span class='ocrx_word' id='word_1_398' title='bbox 2837 1113 2957 1165; x_wconf 87' lang='lat' dir='ltr'><strong>aliis</strong></span> <span class='ocrx_word' id='word_1_399' title='bbox 3009 1123 3240 1167; x_wconf 76' lang='lat' dir='ltr'><strong>terrena:</strong></span> <span class='ocrx_word' id='word_1_400' title='bbox 3294 1130 3409 1166; x_wconf 87' lang='lat' dir='ltr'><strong>ma-</strong></span> 
     </span>
    </p>
   </div>
   <div class='ocr_carea' id='block_1_56' title="bbox 1824 1199 3536 1271">
    <p class='ocr_par' dir='ltr' id='par_1_56' title="bbox 1824 1199 3536 1271">
     <span class='ocr_line' id='line_1_56' title="bbox 1824 1199 3536 1271; baseline -0.001 -17"><span class='ocrx_word' id='word_1_401' title='bbox 1824 1199 1977 1254; x_wconf 81' lang='lat' dir='ltr'><strong>teriae</strong></span> <span class='ocrx_word' id='word_1_402' title='bbox 2024 1199 2288 1252; x_wconf 72' lang='lat' dir='ltr'><strong>vilitatem</strong></span> <span class='ocrx_word' id='word_1_403' title='bbox 2338 1200 2751 1264; x_wconf 83' lang='lat' dir='ltr'><strong>excedentibus,</strong></span> <span class='ocrx_word' id='word_1_404' title='bbox 2799 1217 2995 1270; x_wconf 88' lang='lat' dir='ltr'><strong>nempe</strong></span> <span class='ocrx_word' id='word_1_405' title='bbox 3040 1200 3092 1254; x_wconf 93' lang='lat' dir='ltr'><strong>in</strong></span> <span class='ocrx_word' id='word_1_406' title='bbox 3134 1202 3408 1271; x_wconf 83' lang='lat' dir='ltr'><strong>apostolo-</strong></span> <span class='ocrx_word' id='word_1_407' title='bbox 3516 1250 3536 1265; x_wconf 81' lang='grc'><strong>,</strong></span> 
     </span>
    </p>
   </div>
   <div class='ocr_carea' id='block_1_57' title="bbox 1826 1288 3405 1360">
    <p class='ocr_par' dir='ltr' id='par_1_57' title="bbox 1826 1288 3405 1360">
     <span class='ocr_line' id='line_1_57' title="bbox 1826 1288 3405 1360; baseline 0.001 -19"><span class='ocrx_word' id='word_1_408' title='bbox 1826 1305 1945 1341; x_wconf 90' lang='lat' dir='ltr'><strong>rum</strong></span> <span class='ocrx_word' id='word_1_409' title='bbox 1978 1290 2254 1343; x_wconf 87' lang='lat' dir='ltr'><strong>mentibus</strong></span> <span class='ocrx_word' id='word_1_410' title='bbox 2288 1288 2547 1358; x_wconf 86' lang='lat' dir='ltr'><strong>scripsit:</strong></span> <span class='ocrx_word' id='word_1_411' title='bbox 2580 1291 2759 1343; x_wconf 90' lang='lat' dir='ltr'><strong>edicto</strong></span> <span class='ocrx_word' id='word_1_412' title='bbox 2791 1290 2959 1343; x_wconf 88' lang='lat' dir='ltr'><strong>veluti</strong></span> <span class='ocrx_word' id='word_1_413' title='bbox 2982 1292 3216 1359; x_wconf 89' lang='lat' dir='ltr'><strong>quodam</strong></span> <span class='ocrx_word' id='word_1_414' title='bbox 3243 1303 3405 1360; x_wconf 85' lang='lat' dir='ltr'><strong>atque</strong></span> 
     </span>
    </p>
   </div>
   <div class='ocr_carea' id='block_1_58' title="bbox 1824 1382 3405 1451">
    <p class='ocr_par' dir='ltr' id='par_1_58' title="bbox 1824 1382 3405 1451">
     <span class='ocr_line' id='line_1_58' title="bbox 1824 1382 3405 1451; baseline 0.002 -19"><span class='ocrx_word' id='word_1_415' title='bbox 1824 1393 2230 1450; x_wconf 80' lang='lat' dir='ltr'><strong>programmate</strong></span> <span class='ocrx_word' id='word_1_416' title='bbox 2272 1382 2529 1436; x_wconf 87' lang='lat' dir='ltr'><strong>universo</strong></span> <span class='ocrx_word' id='word_1_417' title='bbox 2552 1382 2669 1435; x_wconf 80' lang='lat' dir='ltr'><strong>orbi</strong></span> <span class='ocrx_word' id='word_1_418' title='bbox 2703 1382 3006 1451; x_wconf 89' lang='lat' dir='ltr'><strong>proposito,</strong></span> <span class='ocrx_word' id='word_1_419' title='bbox 3038 1383 3196 1451; x_wconf 88' lang='lat' dir='ltr'><strong>cujus</strong></span> <span class='ocrx_word' id='word_1_420' title='bbox 3223 1383 3405 1435; x_wconf 77' lang='lat' dir='ltr'><strong>Verbis</strong></span> 
     </span>
    </p>
   </div>
   <div class='ocr_carea' id='block_1_59' title="bbox 1824 1472 3404 1541">
    <p class='ocr_par' dir='ltr' id='par_1_59' title="bbox 1824 1472 3404 1541">
     <span class='ocr_line' id='line_1_59' title="bbox 1824 1472 3404 1541; baseline -0.001 -16"><span class='ocrx_word' id='word_1_421' title='bbox 1824 1472 2025 1525; x_wconf 90' lang='lat' dir='ltr'><strong>initiari</strong></span> <span class='ocrx_word' id='word_1_422' title='bbox 2057 1481 2113 1526; x_wconf 89' lang='lat' dir='ltr'><strong>et</strong></span> <span class='ocrx_word' id='word_1_423' title='bbox 2141 1472 2453 1527; x_wconf 87' lang='lat' dir='ltr'><strong>consecrari</strong></span> <span class='ocrx_word' id='word_1_424' title='bbox 2480 1472 2765 1541; x_wconf 84' lang='lat' dir='ltr'><strong>oportebat</strong></span> <span class='ocrx_word' id='word_1_425' title='bbox 2797 1472 3117 1541; x_wconf 77' lang='lat' dir='ltr'><strong>quicunque</strong></span> <span class='ocrx_word' id='word_1_426' title='bbox 3164 1472 3233 1525; x_wconf 89' lang='lat' dir='ltr'><strong>ad</strong></span> <span class='ocrx_word' id='word_1_427' title='bbox 3266 1473 3404 1525; x_wconf 90' lang='lat' dir='ltr'><strong>reli-</strong></span> 
     </span>
    </p>
   </div>
   <div class='ocr_carea' id='block_1_60' title="bbox 1821 1562 3405 1633">
    <p class='ocr_par' dir='ltr' id='par_1_60' title="bbox 1821 1562 3405 1633">
     <span class='ocr_line' id='line_1_60' title="bbox 1821 1562 3405 1633; baseline 0.001 -18"><span class='ocrx_word' id='word_1_428' title='bbox 1821 1562 2038 1632; x_wconf 84' lang='lat' dir='ltr'><strong>gionem</strong></span> <span class='ocrx_word' id='word_1_429' title='bbox 2071 1565 2440 1631; x_wconf 84' lang='lat' dir='ltr'><strong>accederent;</strong></span> <span class='ocrx_word' id='word_1_430' title='bbox 2512 1580 2674 1629; x_wconf 89' lang='lat' dir='ltr'><strong>nam;</strong></span> <span class='ocrx_word' id='word_1_431' title='bbox 2724 1583 2742 1615; x_wconf 81' lang='grc' dir='ltr'><strong>ι</strong></span> <span class='ocrx_word' id='word_1_432' title='bbox 2792 1564 3019 1627; x_wconf 85' lang='lat' dir='ltr'><strong>Euntes,</strong></span> <span class='ocrx_word' id='word_1_433' title='bbox 3067 1564 3266 1633; x_wconf 87' lang='lat' dir='ltr'><strong>inquit,</strong></span> <span class='ocrx_word' id='word_1_434' title='bbox 3304 1565 3405 1617; x_wconf 86' lang='lat' dir='ltr'><strong>do-</strong></span> 
     </span>
    </p>
   </div>
   <div class='ocr_carea' id='block_1_61' title="bbox 1822 1653 3406 1738">
    <p class='ocr_par' dir='ltr' id='par_1_61' title="bbox 1822 1653 3406 1738">
     <span class='ocr_line' id='line_1_61' title="bbox 1822 1653 3406 1738; baseline 0 -33"><span class='ocrx_word' id='word_1_435' title='bbox 1822 1663 1941 1706; x_wconf 86' lang='lat' dir='ltr'><strong>cete</strong></span> <span class='ocrx_word' id='word_1_436' title='bbox 1992 1668 2185 1706; x_wconf 89' lang='lat' dir='ltr'><strong>omnes</strong></span> <span class='ocrx_word' id='word_1_437' title='bbox 2244 1663 2456 1722; x_wconf 80' lang='lat' dir='ltr'><strong>gentes,</strong></span> <span class='ocrx_word' id='word_1_438' title='bbox 2519 1654 2858 1721; x_wconf 83' lang='lat' dir='ltr'><strong>baptizantes</strong></span> <span class='ocrx_word' id='word_1_439' title='bbox 2910 1668 3007 1738; x_wconf 62' lang='lat' dir='ltr'><strong>eas</strong></span> <span class='ocrx_word' id='word_1_440' title='bbox 3063 1653 3118 1706; x_wconf 90' lang='lat' dir='ltr'><strong>in</strong></span> <span class='ocrx_word' id='word_1_441' title='bbox 3180 1654 3406 1705; x_wconf 84' lang='lat' dir='ltr'><strong>nomine</strong></span> 
     </span>
    </p>
   </div>
   <div class='ocr_carea' id='block_1_62' title="bbox 1821 1741 3407 1812">
    <p class='ocr_par' dir='ltr' id='par_1_62' title="bbox 1821 1741 3407 1812">
     <span class='ocr_line' id='line_1_62' title="bbox 1821 1741 3407 1812; baseline -0.001 -17"><span class='ocrx_word' id='word_1_442' title='bbox 1821 1741 2000 1798; x_wconf 87' lang='lat' dir='ltr'><strong>Patris</strong></span> <span class='ocrx_word' id='word_1_443' title='bbox 2030 1755 2081 1807; x_wconf 83' lang='lat' dir='ltr'><strong>et</strong></span> <span class='ocrx_word' id='word_1_444' title='bbox 2110 1742 2233 1797; x_wconf 81' lang='lat' dir='ltr'><strong>Filii</strong></span> <span class='ocrx_word' id='word_1_445' title='bbox 2261 1752 2315 1797; x_wconf 90' lang='lat' dir='ltr'><strong>et</strong></span> <span class='ocrx_word' id='word_1_446' title='bbox 2348 1745 2522 1798; x_wconf 90' lang='lat' dir='ltr'><strong>sancti</strong></span> <span class='ocrx_word' id='word_1_447' title='bbox 2556 1744 2795 1812; x_wconf 86' lang='lat' dir='ltr'><strong>Spiritus</strong></span> <span class='ocrx_word' id='word_1_448' title='bbox 2820 1762 2833 1796; x_wconf 91' lang='lat'><strong>:</strong></span> <span class='ocrx_word' id='word_1_449' title='bbox 2856 1743 3168 1797; x_wconf 88' lang='lat' dir='ltr'><strong>erudientes</strong></span> <span class='ocrx_word' id='word_1_450' title='bbox 3198 1752 3258 1796; x_wconf 93' lang='lat' dir='ltr'><strong>ut</strong></span> <span class='ocrx_word' id='word_1_451' title='bbox 3286 1757 3407 1795; x_wconf 89' lang='lat' dir='ltr'><strong>om-</strong></span> 
     </span>
    </p>
   </div>
   <div class='ocr_carea' id='block_1_63' title="bbox 1754 1817 3403 1905">
    <p class='ocr_par' dir='ltr' id='par_1_63' title="bbox 1754 1817 3403 1905">
     <span class='ocr_line' id='line_1_63' title="bbox 1754 1817 3403 1905; baseline -0.002 -17"><span class='ocrx_word' id='word_1_452' title='bbox 1754 1817 1794 1875; x_wconf 80' lang='grc' dir='ltr'><strong><em>Β</em></strong></span> <span class='ocrx_word' id='word_1_453' title='bbox 1824 1835 1915 1888; x_wconf 88' lang='lat' dir='ltr'><strong>nia</strong></span> <span class='ocrx_word' id='word_1_454' title='bbox 1939 1834 2157 1905; x_wconf 87' lang='lat' dir='ltr'><strong>(nempe</strong></span> <span class='ocrx_word' id='word_1_455' title='bbox 2186 1834 2239 1888; x_wconf 90' lang='lat' dir='ltr'><strong>in</strong></span> <span class='ocrx_word' id='word_1_456' title='bbox 2270 1834 2461 1903; x_wconf 89' lang='lat' dir='ltr'><strong>primis</strong></span> <span class='ocrx_word' id='word_1_457' title='bbox 2488 1835 2633 1903; x_wconf 89' lang='lat' dir='ltr'><strong>quod</strong></span> <span class='ocrx_word' id='word_1_458' title='bbox 2666 1834 2718 1887; x_wconf 90' lang='lat' dir='ltr'><strong>in</strong></span> <span class='ocrx_word' id='word_1_459' title='bbox 2744 1835 2999 1904; x_wconf 67' lang='lat' dir='ltr'><strong>praesenti</strong></span> <span class='ocrx_word' id='word_1_460' title='bbox 3030 1831 3403 1902; x_wconf 79' lang='lat' dir='ltr'><strong>mandaverat)</strong></span> 
     </span>
    </p>
   </div>
   <div class='ocr_carea' id='block_1_64' title="bbox 1818 1926 3319 1997">
    <p class='ocr_par' dir='ltr' id='par_1_64' title="bbox 1818 1926 3319 1997">
     <span class='ocr_line' id='line_1_64' title="bbox 1818 1926 3319 1997; baseline -0.003 -15"><span class='ocrx_word' id='word_1_461' title='bbox 1818 1943 2158 1997; x_wconf 81' lang='lat' dir='ltr'><strong>quaecunque</strong></span> <span class='ocrx_word' id='word_1_462' title='bbox 2192 1928 2419 1997; x_wconf 85' lang='lat' dir='ltr'><strong>praecepi</strong></span> <span class='ocrx_word' id='word_1_463' title='bbox 2460 1928 2615 1981; x_wconf 80' lang='lat' dir='ltr'><strong>vobis</strong></span> <span class='ocrx_word' id='word_1_464' title='bbox 2644 1928 2938 1982; x_wconf 88' lang='lat' dir='ltr'><strong>observent</strong></span> <span class='ocrx_word' id='word_1_465' title='bbox 2966 1926 3066 1979; x_wconf 62' lang='grc'><strong>⁵⁸⁸.</strong></span> <span class='ocrx_word' id='word_1_466' title='bbox 3101 1945 3120 1977; x_wconf 72' lang='grc' dir='ltr'><strong>ι</strong></span> <span class='ocrx_word' id='word_1_467' title='bbox 3293 1980 3319 1997; x_wconf 47' lang='grc' dir='ltr'><strong>ο</strong></span> 
     </span>
    </p>
   </div>
   <div class='ocr_carea' id='block_1_65' title="bbox 1889 2015 3401 2086">
    <p class='ocr_par' dir='ltr' id='par_1_65' title="bbox 1889 2015 3401 2086">
     <span class='ocr_line' id='line_1_65' title="bbox 1889 2015 3401 2086; baseline -0.003 -15"><span class='ocrx_word' id='word_1_468' title='bbox 1889 2019 1943 2072; x_wconf 78' lang='grc'><strong>5.</strong></span> <span class='ocrx_word' id='word_1_469' title='bbox 1984 2017 2128 2072; x_wconf 83' lang='lat' dir='ltr'><strong>Sane</strong></span> <span class='ocrx_word' id='word_1_470' title='bbox 2158 2018 2260 2071; x_wconf 92' lang='lat' dir='ltr'><strong>hoc</strong></span> <span class='ocrx_word' id='word_1_471' title='bbox 2293 2034 2452 2071; x_wconf 86' lang='lat' dir='ltr'><strong>sacro</strong></span> <span class='ocrx_word' id='word_1_472' title='bbox 2488 2019 2797 2072; x_wconf 85' lang='lat' dir='ltr'><strong>Servatoris</strong></span> <span class='ocrx_word' id='word_1_473' title='bbox 2836 2025 3110 2086; x_wconf 61' lang='lat' dir='ltr'><strong>praerepto</strong></span> <span class='ocrx_word' id='word_1_474' title='bbox 3142 2015 3401 2084; x_wconf 90' lang='lat' dir='ltr'><strong>quidnam</strong></span> 
     </span>
    </p>
   </div>
   <div class='ocr_carea' id='block_1_66' title="bbox 1817 2106 3406 2180">
    <p class='ocr_par' dir='ltr' id='par_1_66' title="bbox 1817 2106 3406 2180">
     <span class='ocr_line' id='line_1_66' title="bbox 1817 2106 3406 2180; baseline -0.002 -18"><span class='ocrx_word' id='word_1_475' title='bbox 1817 2110 2105 2180; x_wconf 77' lang='lat' dir='ltr'><strong>urgentius</strong></span> <span class='ocrx_word' id='word_1_476' title='bbox 2139 2124 2262 2163; x_wconf 83' lang='lat' dir='ltr'><strong>esse</strong></span> <span class='ocrx_word' id='word_1_477' title='bbox 2313 2110 2531 2177; x_wconf 86' lang='lat' dir='ltr'><strong>potest?</strong></span> <span class='ocrx_word' id='word_1_478' title='bbox 2567 2123 2805 2177; x_wconf 89' lang='lat' dir='ltr'><strong>quonam</strong></span> <span class='ocrx_word' id='word_1_479' title='bbox 2838 2119 3019 2160; x_wconf 89' lang='lat' dir='ltr'><strong>autem</strong></span> <span class='ocrx_word' id='word_1_480' title='bbox 3070 2106 3280 2175; x_wconf 90' lang='lat' dir='ltr'><strong>judicio</strong></span> <span class='ocrx_word' id='word_1_481' title='bbox 3306 2107 3406 2159; x_wconf 88' lang='lat' dir='ltr'><strong>ho-</strong></span> 
     </span>
    </p>
   </div>
   <div class='ocr_carea' id='block_1_67' title="bbox 1820 2194 3405 2267">
    <p class='ocr_par' dir='ltr' id='par_1_67' title="bbox 1820 2194 3405 2267">
     <span class='ocr_line' id='line_1_67' title="bbox 1820 2194 3405 2267; baseline -0.003 -16"><span class='ocrx_word' id='word_1_482' title='bbox 1820 2201 2029 2251; x_wconf 91' lang='lat' dir='ltr'><strong>minum</strong></span> <span class='ocrx_word' id='word_1_483' title='bbox 2054 2213 2191 2267; x_wconf 92' lang='lat' dir='ltr'><strong>opus</strong></span> <span class='ocrx_word' id='word_1_484' title='bbox 2217 2208 2321 2261; x_wconf 89' lang='lat' dir='ltr'><strong>est,</strong></span> <span class='ocrx_word' id='word_1_485' title='bbox 2356 2197 2800 2265; x_wconf 82' lang='lat' dir='ltr'><strong>quandoquidem</strong></span> <span class='ocrx_word' id='word_1_486' title='bbox 2832 2212 2933 2249; x_wconf 80' lang='lat' dir='ltr'><strong>vox</strong></span> <span class='ocrx_word' id='word_1_487' title='bbox 2969 2195 3255 2251; x_wconf 87' lang='lat' dir='ltr'><strong>Dominica</strong></span> <span class='ocrx_word' id='word_1_488' title='bbox 3305 2194 3405 2248; x_wconf 87' lang='lat' dir='ltr'><strong>do-</strong></span> 
     </span>
    </p>
   </div>
   <div class='ocr_carea' id='block_1_68' title="bbox 1824 2288 3404 2357">
    <p class='ocr_par' dir='ltr' id='par_1_68' title="bbox 1824 2288 3404 2357">
     <span class='ocr_line' id='line_1_68' title="bbox 1824 2288 3404 2357; baseline -0.003 -14"><span class='ocrx_word' id='word_1_489' title='bbox 1824 2288 2059 2343; x_wconf 88' lang='lat' dir='ltr'><strong>ctrinam</strong></span> <span class='ocrx_word' id='word_1_490' title='bbox 2092 2290 2231 2343; x_wconf 88' lang='lat' dir='ltr'><strong>hanc</strong></span> <span class='ocrx_word' id='word_1_491' title='bbox 2265 2289 2737 2357; x_wconf 89' lang='lat' dir='ltr'><strong>lradit,omnique</strong></span> <span class='ocrx_word' id='word_1_492' title='bbox 2775 2289 2955 2356; x_wconf 78' lang='lat' dir='ltr'><strong>sigillo</strong></span> <span class='ocrx_word' id='word_1_493' title='bbox 2978 2288 3236 2340; x_wconf 77' lang='lat' dir='ltr'><strong>tutiorem</strong></span> <span class='ocrx_word' id='word_1_494' title='bbox 3273 2301 3404 2340; x_wconf 56' lang='lat' dir='ltr'><strong>seu-</strong></span> 
     </span>
    </p>
   </div>
   <div class='ocr_carea' id='block_1_69' title="bbox 1820 2376 3403 2447">
    <p class='ocr_par' dir='ltr' id='par_1_69' title="bbox 1820 2376 3403 2447">
     <span class='ocr_line' id='line_1_69' title="bbox 1820 2376 3403 2447; baseline -0.001 -17"><span class='ocrx_word' id='word_1_495' title='bbox 1820 2377 2046 2430; x_wconf 83' lang='lat' dir='ltr'><strong>tentiam</strong></span> <span class='ocrx_word' id='word_1_496' title='bbox 2099 2392 2254 2432; x_wconf 91' lang='lat' dir='ltr'><strong>suam</strong></span> <span class='ocrx_word' id='word_1_497' title='bbox 2286 2378 2358 2431; x_wconf 91' lang='lat' dir='ltr'><strong>illi</strong></span> <span class='ocrx_word' id='word_1_498' title='bbox 2397 2379 2807 2447; x_wconf 86' lang='lat' dir='ltr'><strong>circumponit?</strong></span> <span class='ocrx_word' id='word_1_499' title='bbox 2833 2379 2997 2447; x_wconf 82' lang='lat' dir='ltr'><strong>Atqui</strong></span> <span class='ocrx_word' id='word_1_500' title='bbox 3049 2378 3095 2432; x_wconf 88' lang='lat' dir='ltr'><strong>si</strong></span> <span class='ocrx_word' id='word_1_501' title='bbox 3143 2378 3283 2431; x_wconf 85' lang='lat' dir='ltr'><strong>forte</strong></span> <span class='ocrx_word' id='word_1_502' title='bbox 3314 2376 3403 2429; x_wconf 83' lang='lat' dir='ltr'><strong>lex</strong></span> 
     </span>
    </p>
   </div>
   <div class='ocr_carea' id='block_1_70' title="bbox 1821 2466 3402 2538">
    <p class='ocr_par' dir='ltr' id='par_1_70' title="bbox 1821 2466 3402 2538">
     <span class='ocr_line' id='line_1_70' title="bbox 1821 2466 3402 2538; baseline -0.001 -18"><span class='ocrx_word' id='word_1_503' title='bbox 1821 2466 2129 2535; x_wconf 84' lang='lat' dir='ltr'><strong>Servatoris</strong></span> <span class='ocrx_word' id='word_1_504' title='bbox 2164 2476 2216 2521; x_wconf 89' lang='lat' dir='ltr'><strong>et</strong></span> <span class='ocrx_word' id='word_1_505' title='bbox 2255 2468 2647 2538; x_wconf 89' lang='lat' dir='ltr'><strong>discipulorum</strong></span> <span class='ocrx_word' id='word_1_506' title='bbox 2700 2469 2886 2538; x_wconf 92' lang='lat' dir='ltr'><strong>opinio</strong></span> <span class='ocrx_word' id='word_1_507' title='bbox 2936 2469 3167 2522; x_wconf 83' lang='lat' dir='ltr'><strong>formula</strong></span> <span class='ocrx_word' id='word_1_508' title='bbox 3220 2468 3402 2537; x_wconf 82' lang='lat' dir='ltr'><strong>aliqua</strong></span> 
     </span>
    </p>
   </div>
   <div class='ocr_carea' id='block_1_71' title="bbox 1820 2558 3404 2628">
    <p class='ocr_par' dir='ltr' id='par_1_71' title="bbox 1820 2558 3404 2628">
     <span class='ocr_line' id='line_1_71' title="bbox 1820 2558 3404 2628; baseline -0.001 -16"><span class='ocrx_word' id='word_1_509' title='bbox 1820 2559 2133 2613; x_wconf 86' lang='lat' dir='ltr'><strong>necessaria</strong></span> <span class='ocrx_word' id='word_1_510' title='bbox 2174 2558 2239 2611; x_wconf 91' lang='lat' dir='ltr'><strong>ad</strong></span> <span class='ocrx_word' id='word_1_511' title='bbox 2272 2575 2371 2628; x_wconf 89' lang='lat' dir='ltr'><strong>par</strong></span> <span class='ocrx_word' id='word_1_512' title='bbox 2399 2576 2463 2613; x_wconf 83' lang='lat' dir='ltr'><strong>ac</strong></span> <span class='ocrx_word' id='word_1_513' title='bbox 2509 2561 2686 2614; x_wconf 88' lang='lat' dir='ltr'><strong>simile</strong></span> <span class='ocrx_word' id='word_1_514' title='bbox 2715 2562 2951 2614; x_wconf 78' lang='lat' dir='ltr'><strong>ollicium</strong></span> <span class='ocrx_word' id='word_1_515' title='bbox 3006 2570 3269 2623; x_wconf 82' lang='lat' dir='ltr'><strong>uteretur,</strong></span> <span class='ocrx_word' id='word_1_516' title='bbox 3304 2574 3404 2611; x_wconf 89' lang='lat' dir='ltr'><strong>ne—</strong></span> 
     </span>
    </p>
   </div>
   <div class='ocr_carea' id='block_1_72' title="bbox 1818 2648 3404 2718">
    <p class='ocr_par' dir='ltr' id='par_1_72' title="bbox 1818 2648 3404 2718">
     <span class='ocr_line' id='line_1_72' title="bbox 1818 2648 3404 2718; baseline -0.002 -16"><span class='ocrx_word' id='word_1_517' title='bbox 1818 2663 1926 2718; x_wconf 91' lang='lat' dir='ltr'><strong>que</strong></span> <span class='ocrx_word' id='word_1_518' title='bbox 1965 2648 2069 2701; x_wconf 72' lang='lat' dir='ltr'><strong>illa:</strong></span> <span class='ocrx_word' id='word_1_519' title='bbox 2114 2648 2233 2703; x_wconf 61' lang='lat' dir='ltr'><strong>dua:</strong></span> <span class='ocrx_word' id='word_1_520' title='bbox 2280 2650 2564 2703; x_wconf 69' lang='lat' dir='ltr'><strong>sententiae</strong></span> <span class='ocrx_word' id='word_1_521' title='bbox 2596 2650 2737 2703; x_wconf 90' lang='lat' dir='ltr'><strong>inter</strong></span> <span class='ocrx_word' id='word_1_522' title='bbox 2776 2666 2835 2703; x_wconf 88' lang='lat' dir='ltr'><strong>se</strong></span> <span class='ocrx_word' id='word_1_523' title='bbox 2866 2650 3219 2711; x_wconf 90' lang='lat' dir='ltr'><strong>dissiderenl,</strong></span> <span class='ocrx_word' id='word_1_524' title='bbox 3266 2656 3404 2702; x_wconf 79' lang='lat' dir='ltr'><strong>alta.-</strong></span> 
     </span>
    </p>
   </div>
   <div class='ocr_carea' id='block_1_73' title="bbox 1820 2737 3400 2807">
    <p class='ocr_par' dir='ltr' id='par_1_73' title="bbox 1820 2737 3400 2807">
     <span class='ocr_line' id='line_1_73' title="bbox 1820 2737 3400 2807; baseline -0.003 -15"><span class='ocrx_word' id='word_1_525' title='bbox 1820 2754 1941 2792; x_wconf 91' lang='lat' dir='ltr'><strong>men</strong></span> <span class='ocrx_word' id='word_1_526' title='bbox 1970 2754 2040 2792; x_wconf 89' lang='lat' dir='ltr'><strong>nc</strong></span> <span class='ocrx_word' id='word_1_527' title='bbox 2072 2747 2184 2791; x_wconf 91' lang='lat' dir='ltr'><strong>tum</strong></span> <span class='ocrx_word' id='word_1_528' title='bbox 2223 2739 2441 2807; x_wconf 85' lang='lat' dir='ltr'><strong>quidem</strong></span> <span class='ocrx_word' id='word_1_529' title='bbox 2489 2739 2771 2793; x_wconf 79' lang='lat' dir='ltr'><strong>ferendum</strong></span> <span class='ocrx_word' id='word_1_530' title='bbox 2806 2739 3107 2799; x_wconf 82' lang='lat' dir='ltr'><strong>videretur,</strong></span> <span class='ocrx_word' id='word_1_531' title='bbox 3149 2737 3400 2791; x_wconf 82' lang='lat' dir='ltr'><strong>servilem</strong></span> 
     </span>
    </p>
   </div>
   <div class='ocr_carea' id='block_1_74' title="bbox 1818 2826 3402 2899">
    <p class='ocr_par' dir='ltr' id='par_1_74' title="bbox 1818 2826 3402 2899">
     <span class='ocr_line' id='line_1_74' title="bbox 1818 2826 3402 2899; baseline -0.002 -16"><span class='ocrx_word' id='word_1_532' title='bbox 1818 2831 2058 2899; x_wconf 74' lang='lat' dir='ltr'><strong>linguam</strong></span> <span class='ocrx_word' id='word_1_533' title='bbox 2090 2830 2247 2884; x_wconf 90' lang='lat' dir='ltr'><strong>herili</strong></span> <span class='ocrx_word' id='word_1_534' title='bbox 2280 2832 2345 2884; x_wconf 90' lang='lat' dir='ltr'><strong>de</strong></span> <span class='ocrx_word' id='word_1_535' title='bbox 2370 2846 2429 2883; x_wconf 91' lang='lat' dir='ltr'><strong>re</strong></span> <span class='ocrx_word' id='word_1_536' title='bbox 2452 2846 2609 2884; x_wconf 89' lang='lat' dir='ltr'><strong>sacra</strong></span> <span class='ocrx_word' id='word_1_537' title='bbox 2645 2830 2906 2883; x_wconf 69' lang='lat' dir='ltr'><strong>doctrina:</strong></span> <span class='ocrx_word' id='word_1_538' title='bbox 2937 2829 3215 2896; x_wconf 88' lang='lat' dir='ltr'><strong>anteponi.</strong></span> <span class='ocrx_word' id='word_1_539' title='bbox 3243 2826 3402 2892; x_wconf 82' lang='lat' dir='ltr'><strong>Quod</strong></span> 
     </span>
    </p>
   </div>
   <div class='ocr_carea' id='block_1_75' title="bbox 1821 2919 3401 2989">
    <p class='ocr_par' dir='ltr' id='par_1_75' title="bbox 1821 2919 3401 2989">
     <span class='ocr_line' id='line_1_75' title="bbox 1821 2919 3401 2989; baseline -0.004 -13"><span class='ocrx_word' id='word_1_540' title='bbox 1821 2922 1868 2976; x_wconf 90' lang='lat' dir='ltr'><strong>si</strong></span> <span class='ocrx_word' id='word_1_541' title='bbox 1909 2936 2102 2989; x_wconf 85' lang='lat' dir='ltr'><strong>reapse</strong></span> <span class='ocrx_word' id='word_1_542' title='bbox 2142 2922 2537 2989; x_wconf 88' lang='lat' dir='ltr'><strong>discipulorum</strong></span> <span class='ocrx_word' id='word_1_543' title='bbox 2583 2921 2804 2974; x_wconf 89' lang='lat' dir='ltr'><strong>decreto</strong></span> <span class='ocrx_word' id='word_1_544' title='bbox 2849 2919 3162 2988; x_wconf 79' lang='lat' dir='ltr'><strong>magistrale</strong></span> <span class='ocrx_word' id='word_1_545' title='bbox 3219 2919 3401 2986; x_wconf 86' lang='lat' dir='ltr'><strong>ipsum</strong></span> 
     </span>
    </p>
   </div>
   <div class='ocr_carea' id='block_1_76' title="bbox 1818 3008 3401 3078">
    <p class='ocr_par' dir='ltr' id='par_1_76' title="bbox 1818 3008 3401 3078">
     <span class='ocr_line' id='line_1_76' title="bbox 1818 3008 3401 3078; baseline -0.003 -16"><span class='ocrx_word' id='word_1_546' title='bbox 1818 3008 2157 3078; x_wconf 87' lang='lat' dir='ltr'><strong>antiquatur,</strong></span> <span class='ocrx_word' id='word_1_547' title='bbox 2189 3024 2371 3063; x_wconf 91' lang='lat' dir='ltr'><strong>nonne</strong></span> <span class='ocrx_word' id='word_1_548' title='bbox 2398 3009 2513 3062; x_wconf 69' lang='lat' dir='ltr'><strong>base</strong></span> <span class='ocrx_word' id='word_1_549' title='bbox 2544 3008 2726 3075; x_wconf 76' lang='lat' dir='ltr'><strong>gravis</strong></span> <span class='ocrx_word' id='word_1_550' title='bbox 2762 3008 2994 3060; x_wconf 86' lang='lat' dir='ltr'><strong>audacia</strong></span> <span class='ocrx_word' id='word_1_551' title='bbox 3025 3016 3128 3069; x_wconf 87' lang='lat' dir='ltr'><strong>est,</strong></span> <span class='ocrx_word' id='word_1_552' title='bbox 3160 3021 3281 3074; x_wconf 63' lang='lat' dir='ltr'><strong>quae</strong></span> <span class='ocrx_word' id='word_1_553' title='bbox 3304 3020 3401 3057; x_wconf 91' lang='lat' dir='ltr'><strong>ve-</strong></span> 
     </span>
    </p>
   </div>
   <div class='ocr_carea' id='block_1_77' title="bbox 1824 3098 3399 3170">
    <p class='ocr_par' dir='ltr' id='par_1_77' title="bbox 1824 3098 3399 3170">
     <span class='ocr_line' id='line_1_77' title="bbox 1824 3098 3399 3170; baseline -0.005 -15"><span class='ocrx_word' id='word_1_554' title='bbox 1824 3101 1927 3156; x_wconf 68' lang='lat' dir='ltr'><strong>niae</strong></span> <span class='ocrx_word' id='word_1_555' title='bbox 1966 3102 2191 3170; x_wconf 76' lang='lat' dir='ltr'><strong>gratiam</strong></span> <span class='ocrx_word' id='word_1_556' title='bbox 2224 3103 2553 3156; x_wconf 86' lang='lat' dir='ltr'><strong>contumelia</strong></span> <span class='ocrx_word' id='word_1_557' title='bbox 2596 3099 2808 3154; x_wconf 83' lang='lat' dir='ltr'><strong>allicit?</strong></span> <span class='ocrx_word' id='word_1_558' title='bbox 2841 3114 3036 3168; x_wconf 85' lang='lat' dir='ltr'><strong>nempe</strong></span> <span class='ocrx_word' id='word_1_559' title='bbox 3062 3098 3110 3152; x_wconf 82' lang='lat' dir='ltr'><strong>si</strong></span> <span class='ocrx_word' id='word_1_560' title='bbox 3136 3098 3399 3167; x_wconf 85' lang='lat' dir='ltr'><strong>judicium</strong></span> 
     </span>
    </p>
   </div>
   <div class='ocr_carea' id='block_1_78' title="bbox 1821 3192 3403 3267">
    <p class='ocr_par' dir='ltr' id='par_1_78' title="bbox 1821 3192 3403 3267">
     <span class='ocr_line' id='line_1_78' title="bbox 1821 3192 3403 3267; baseline -0.004 -21"><span class='ocrx_word' id='word_1_561' title='bbox 1821 3192 2164 3248; x_wconf 89' lang='lat' dir='ltr'><strong>Dominicum</strong></span> <span class='ocrx_word' id='word_1_562' title='bbox 2194 3196 2247 3247; x_wconf 88' lang='lat' dir='ltr'><strong>in</strong></span> <span class='ocrx_word' id='word_1_563' title='bbox 2280 3208 2463 3247; x_wconf 87' lang='lat' dir='ltr'><strong>rerum</strong></span> <span class='ocrx_word' id='word_1_564' title='bbox 2490 3192 2926 3267; x_wconf 83' lang='lat' dir='ltr'><strong>necessariarum</strong></span> <span class='ocrx_word' id='word_1_565' title='bbox 2949 3204 3181 3243; x_wconf 90' lang='lat' dir='ltr'><strong>numero</strong></span> <span class='ocrx_word' id='word_1_566' title='bbox 3201 3202 3403 3256; x_wconf 88' lang='lat' dir='ltr'><strong>nequa-</strong></span> 
     </span>
    </p>
   </div>
   <div class='ocr_carea' id='block_1_79' title="bbox 1821 3281 3403 3359">
    <p class='ocr_par' dir='ltr' id='par_1_79' title="bbox 1821 3281 3403 3359">
     <span class='ocr_line' id='line_1_79' title="bbox 1821 3281 3403 3359; baseline -0.004 -18"><span class='ocrx_word' id='word_1_567' title='bbox 1821 3302 1986 3359; x_wconf 90' lang='lat' dir='ltr'><strong>quam</strong></span> <span class='ocrx_word' id='word_1_568' title='bbox 2036 3286 2336 3351; x_wconf 83' lang='lat' dir='ltr'><strong>habeatur;</strong></span> <span class='ocrx_word' id='word_1_569' title='bbox 2397 3300 2685 3340; x_wconf 82' lang='lat' dir='ltr'><strong>servorum</strong></span> <span class='ocrx_word' id='word_1_570' title='bbox 2733 3292 2914 3338; x_wconf 88' lang='lat' dir='ltr'><strong>autem</strong></span> <span class='ocrx_word' id='word_1_571' title='bbox 2969 3281 3403 3351; x_wconf 79' lang='lat' dir='ltr'><strong>echgitationes</strong></span> 
     </span>
    </p>
   </div>
   <div class='ocr_carea' id='block_1_80' title="bbox 1822 3369 3400 3448">
    <p class='ocr_par' dir='ltr' id='par_1_80' title="bbox 1822 3369 3400 3448">
     <span class='ocr_line' id='line_1_80' title="bbox 1822 3369 3400 3448; baseline -0.006 -15"><span class='ocrx_word' id='word_1_572' title='bbox 1822 3380 1878 3433; x_wconf 93' lang='lat' dir='ltr'><strong>in</strong></span> <span class='ocrx_word' id='word_1_573' title='bbox 1925 3376 2254 3431; x_wconf 87' lang='lat' dir='ltr'><strong>necessariis</strong></span> <span class='ocrx_word' id='word_1_574' title='bbox 2305 3383 2627 3444; x_wconf 85' lang='lat' dir='ltr'><strong>reputcntur</strong></span> <span class='ocrx_word' id='word_1_575' title='bbox 2666 3390 2679 3426; x_wconf 91' lang='lat'><strong>:</strong></span> <span class='ocrx_word' id='word_1_576' title='bbox 2728 3376 2884 3443; x_wconf 86' lang='lat' dir='ltr'><strong>sique</strong></span> <span class='ocrx_word' id='word_1_577' title='bbox 2936 3373 3247 3448; x_wconf 75' lang='lat' dir='ltr'><strong>negligatur</strong></span> <span class='ocrx_word' id='word_1_578' title='bbox 3301 3369 3354 3423; x_wconf 92' lang='lat' dir='ltr'><strong>id</strong></span> <span class='ocrx_word' id='word_1_579' title='bbox 3383 3407 3400 3432; x_wconf 91' lang='lat'><strong>,</strong></span> 
     </span>
    </p>
   </div>
   <div class='ocr_carea' id='block_1_81' title="bbox 1822 3464 3401 3539">
    <p class='ocr_par' dir='ltr' id='par_1_81' title="bbox 1822 3464 3401 3539">
     <span class='ocr_line' id='line_1_81' title="bbox 1822 3464 3401 3539; baseline -0.007 -15"><span class='ocrx_word' id='word_1_580' title='bbox 1822 3469 1983 3539; x_wconf 87' lang='lat' dir='ltr'><strong>cujus</strong></span> <span class='ocrx_word' id='word_1_581' title='bbox 2019 3468 2323 3537; x_wconf 84' lang='lat' dir='ltr'><strong>neglectum</strong></span> <span class='ocrx_word' id='word_1_582' title='bbox 2355 3467 2475 3520; x_wconf 88' lang='lat' dir='ltr'><strong>sine</strong></span> <span class='ocrx_word' id='word_1_583' title='bbox 2500 3466 2719 3520; x_wconf 85' lang='lat' dir='ltr'><strong>vesania</strong></span> <span class='ocrx_word' id='word_1_584' title='bbox 2757 3464 2912 3519; x_wconf 80' lang='lat' dir='ltr'><strong>fateri</strong></span> <span class='ocrx_word' id='word_1_585' title='bbox 2947 3480 3053 3519; x_wconf 91' lang='lat' dir='ltr'><strong>non</strong></span> <span class='ocrx_word' id='word_1_586' title='bbox 3082 3475 3401 3532; x_wconf 84' lang='lat' dir='ltr'><strong>possumus,</strong></span> 
     </span>
    </p>
   </div>
   <div class='ocr_carea' id='block_1_82' title="bbox 1822 3552 3405 3627">
    <p class='ocr_par' dir='ltr' id='par_1_82' title="bbox 1822 3552 3405 3627">
     <span class='ocr_line' id='line_1_82' title="bbox 1822 3552 3405 3627; baseline -0.007 -12"><span class='ocrx_word' id='word_1_587' title='bbox 1822 3569 2037 3615; x_wconf 88' lang='lat' dir='ltr'><strong>ametur</strong></span> <span class='ocrx_word' id='word_1_588' title='bbox 2066 3568 2249 3613; x_wconf 86' lang='lat' dir='ltr'><strong>autem</strong></span> <span class='ocrx_word' id='word_1_589' title='bbox 2283 3568 2447 3627; x_wconf 88' lang='lat' dir='ltr'><strong>atque</strong></span> <span class='ocrx_word' id='word_1_590' title='bbox 2476 3566 2840 3626; x_wconf 83' lang='lat' dir='ltr'><strong>anteponatur</strong></span> <span class='ocrx_word' id='word_1_591' title='bbox 2884 3555 2959 3621; x_wconf 91' lang='lat' dir='ltr'><strong>id,</strong></span> <span class='ocrx_word' id='word_1_592' title='bbox 3005 3556 3165 3623; x_wconf 78' lang='lat' dir='ltr'><strong>cuius</strong></span> <span class='ocrx_word' id='word_1_593' title='bbox 3206 3552 3405 3607; x_wconf 88' lang='lat' dir='ltr'><strong>electio</strong></span> 
     </span>
    </p>
   </div>
   <div class='ocr_carea' id='block_1_83' title="bbox 1822 3644 3407 3717">
    <p class='ocr_par' dir='ltr' id='par_1_83' title="bbox 1822 3644 3407 3717">
     <span class='ocr_line' id='line_1_83' title="bbox 1822 3644 3407 3717; baseline -0.006 -11"><span class='ocrx_word' id='word_1_594' title='bbox 1822 3652 2104 3706; x_wconf 87' lang='lat' dir='ltr'><strong>daumatio</strong></span> <span class='ocrx_word' id='word_1_595' title='bbox 2137 3650 2389 3717; x_wconf 77' lang='lat' dir='ltr'><strong>eligentis</strong></span> <span class='ocrx_word' id='word_1_596' title='bbox 2426 3658 2529 3702; x_wconf 84' lang='lat' dir='ltr'><strong>est.</strong></span> <span class='ocrx_word' id='word_1_597' title='bbox 2575 3648 2695 3702; x_wconf 81' lang='lat' dir='ltr'><strong>Jam</strong></span> <span class='ocrx_word' id='word_1_598' title='bbox 2740 3664 2871 3703; x_wconf 81' lang='lat' dir='ltr'><strong>vero</strong></span> <span class='ocrx_word' id='word_1_599' title='bbox 2919 3647 3167 3715; x_wconf 90' lang='lat' dir='ltr'><strong>discipuli</strong></span> <span class='ocrx_word' id='word_1_600' title='bbox 3202 3645 3245 3700; x_wconf 91' lang='lat' dir='ltr'><strong>si</strong></span> <span class='ocrx_word' id='word_1_601' title='bbox 3279 3644 3407 3698; x_wconf 89' lang='lat' dir='ltr'><strong>talis</strong></span> 
     </span>
    </p>
   </div>
   <div class='ocr_carea' id='block_1_84' title="bbox 1822 3739 3409 3811">
    <p class='ocr_par' dir='ltr' id='par_1_84' title="bbox 1822 3739 3409 3811">
     <span class='ocr_line' id='line_1_84' title="bbox 1822 3739 3409 3811; baseline -0.006 -13"><span class='ocrx_word' id='word_1_602' title='bbox 1822 3745 2071 3811; x_wconf 88' lang='lat' dir='ltr'><strong>tantique</strong></span> <span class='ocrx_word' id='word_1_603' title='bbox 2102 3741 2354 3811; x_wconf 62' lang='lat' dir='ltr'><strong>praécepti</strong></span> <span class='ocrx_word' id='word_1_604' title='bbox 2393 3742 2501 3794; x_wconf 91' lang='lat' dir='ltr'><strong>vim</strong></span> <span class='ocrx_word' id='word_1_605' title='bbox 2540 3742 2908 3810; x_wconf 68' lang='lat' dir='ltr'><strong>neglexissent</strong></span> <span class='ocrx_word' id='word_1_606' title='bbox 2935 3754 2999 3793; x_wconf 88' lang='lat' dir='ltr'><strong>ac</strong></span> <span class='ocrx_word' id='word_1_607' title='bbox 3030 3739 3409 3801; x_wconf 74' lang='lat' dir='ltr'><strong>violavissent,</strong></span> 
     </span>
    </p>
   </div>
   <div class='ocr_carea' id='block_1_85' title="bbox 1820 3826 3405 3899">
    <p class='ocr_par' dir='ltr' id='par_1_85' title="bbox 1820 3826 3405 3899">
     <span class='ocr_line' id='line_1_85' title="bbox 1820 3826 3405 3899; baseline -0.008 -11"><span class='ocrx_word' id='word_1_608' title='bbox 1820 3848 1945 3888; x_wconf 91' lang='lat' dir='ltr'><strong>cum</strong></span> <span class='ocrx_word' id='word_1_609' title='bbox 1976 3848 2034 3887; x_wconf 91' lang='lat' dir='ltr'><strong>se</strong></span> <span class='ocrx_word' id='word_1_610' title='bbox 2065 3845 2257 3899; x_wconf 88' lang='lat' dir='ltr'><strong>reapse</strong></span> <span class='ocrx_word' id='word_1_611' title='bbox 2285 3829 2647 3884; x_wconf 68' lang='lat' dir='ltr'><strong>contumaciae</strong></span> <span class='ocrx_word' id='word_1_612' title='bbox 2695 3830 2813 3892; x_wconf 89' lang='lat' dir='ltr'><strong>ejus</strong></span> <span class='ocrx_word' id='word_1_613' title='bbox 2844 3844 2964 3881; x_wconf 74' lang='lat' dir='ltr'><strong>reos</strong></span> <span class='ocrx_word' id='word_1_614' title='bbox 2998 3826 3405 3896; x_wconf 66' lang='lat' dir='ltr'><strong>praestitissent,</strong></span> 
     </span>
    </p>
   </div>
   <div class='ocr_carea' id='block_1_86' title="bbox 1821 3918 3405 3985">
    <p class='ocr_par' dir='ltr' id='par_1_86' title="bbox 1821 3918 3405 3985">
     <span class='ocr_line' id='line_1_86' title="bbox 1821 3918 3405 3985; baseline -0.006 -8"><span class='ocrx_word' id='word_1_615' title='bbox 1821 3940 1951 3978; x_wconf 93' lang='lat' dir='ltr'><strong>num</strong></span> <span class='ocrx_word' id='word_1_616' title='bbox 1985 3938 2153 3976; x_wconf 66' lang='lat' dir='ltr'><strong>sacra:</strong></span> <span class='ocrx_word' id='word_1_617' title='bbox 2181 3922 2446 3974; x_wconf 62' lang='lat' dir='ltr'><strong>doctrinae</strong></span> <span class='ocrx_word' id='word_1_618' title='bbox 2499 3921 2736 3974; x_wconf 82' lang='lat' dir='ltr'><strong>asseclas</strong></span> <span class='ocrx_word' id='word_1_619' title='bbox 2786 3918 2996 3973; x_wconf 90' lang='lat' dir='ltr'><strong>hortari</strong></span> <span class='ocrx_word' id='word_1_620' title='bbox 3049 3927 3295 3985; x_wconf 89' lang='lat' dir='ltr'><strong>poterant</strong></span> <span class='ocrx_word' id='word_1_621' title='bbox 3344 3924 3405 3967; x_wconf 91' lang='lat' dir='ltr'><strong>ut</strong></span> 
     </span>
    </p>
   </div>
   <div class='ocr_carea' id='block_1_87' title="bbox 1820 4005 3402 4077">
    <p class='ocr_par' dir='ltr' id='par_1_87' title="bbox 1820 4005 3402 4077">
     <span class='ocr_line' id='line_1_87' title="bbox 1820 4005 3402 4077; baseline -0.009 -7"><span class='ocrx_word' id='word_1_622' title='bbox 1820 4013 2097 4070; x_wconf 87' lang='lat' dir='ltr'><strong>mandatis</strong></span> <span class='ocrx_word' id='word_1_623' title='bbox 2129 4010 2429 4065; x_wconf 87' lang='lat' dir='ltr'><strong>Dominicis</strong></span> <span class='ocrx_word' id='word_1_624' title='bbox 2461 4011 2767 4073; x_wconf 89' lang='lat' dir='ltr'><strong>obedirent,</strong></span> <span class='ocrx_word' id='word_1_625' title='bbox 2799 4011 2863 4061; x_wconf 88' lang='lat' dir='ltr'><strong>ad</strong></span> <span class='ocrx_word' id='word_1_626' title='bbox 2893 4024 3066 4077; x_wconf 86' lang='lat' dir='ltr'><strong>eaque</strong></span> <span class='ocrx_word' id='word_1_627' title='bbox 3094 4022 3152 4062; x_wconf 90' lang='lat' dir='ltr'><strong>se</strong></span> <span class='ocrx_word' id='word_1_628' title='bbox 3184 4005 3402 4060; x_wconf 79' lang='lat' dir='ltr'><strong>confor-</strong></span> 
     </span>
    </p>
   </div>
   <div class='ocr_carea' id='block_1_88' title="bbox 1822 4100 3405 4175">
    <p class='ocr_par' dir='ltr' id='par_1_88' title="bbox 1822 4100 3405 4175">
     <span class='ocr_line' id='line_1_88' title="bbox 1822 4100 3405 4175; baseline -0.006 -16"><span class='ocrx_word' id='word_1_629' title='bbox 1822 4115 2055 4167; x_wconf 89' lang='lat' dir='ltr'><strong>marent,</strong></span> <span class='ocrx_word' id='word_1_630' title='bbox 2087 4119 2354 4175; x_wconf 82' lang='lat' dir='ltr'><strong>suamque</strong></span> <span class='ocrx_word' id='word_1_631' title='bbox 2384 4104 2549 4156; x_wconf 90' lang='lat' dir='ltr'><strong>vitam</strong></span> <span class='ocrx_word' id='word_1_632' title='bbox 2573 4119 2637 4155; x_wconf 85' lang='lat' dir='ltr'><strong>ex</strong></span> <span class='ocrx_word' id='word_1_633' title='bbox 2665 4103 2860 4155; x_wconf 89' lang='lat' dir='ltr'><strong>horum</strong></span> <span class='ocrx_word' id='word_1_634' title='bbox 2891 4100 3209 4170; x_wconf 63' lang='lat' dir='ltr'><strong>praescripto</strong></span> <span class='ocrx_word' id='word_1_635' title='bbox 3244 4113 3405 4166; x_wconf 78' lang='lat' dir='ltr'><strong>rege-</strong></span> 
     </span>
    </p>
   </div>
   <div class='ocr_carea' id='block_1_89' title="bbox 1820 4175 3399 4263">
    <p class='ocr_par' dir='ltr' id='par_1_89' title="bbox 1820 4175 3399 4263">
     <span class='ocr_line' id='line_1_89' title="bbox 1820 4175 3399 4263; baseline -0.006 -13"><span class='ocrx_word' id='word_1_636' title='bbox 1820 4196 1996 4250; x_wconf 80' lang='lat' dir='ltr'><strong>rent?</strong></span> <span class='ocrx_word' id='word_1_637' title='bbox 2054 4194 2187 4249; x_wconf 82' lang='lat' dir='ltr'><strong>Nam</strong></span> <span class='ocrx_word' id='word_1_638' title='bbox 2248 4195 2341 4263; x_wconf 93' lang='lat' dir='ltr'><strong>qui</strong></span> <span class='ocrx_word' id='word_1_639' title='bbox 2396 4210 2492 4263; x_wconf 78' lang='lat' dir='ltr'><strong>per</strong></span> <span class='ocrx_word' id='word_1_640' title='bbox 2544 4194 2717 4261; x_wconf 88' lang='lat' dir='ltr'><strong>ipsam</strong></span> <span class='ocrx_word' id='word_1_641' title='bbox 2780 4175 3194 4260; x_wconf 79' lang='lat' dir='ltr'><strong>praeceptorum</strong></span> <span class='ocrx_word' id='word_1_642' title='bbox 3227 4189 3399 4241; x_wconf 88' lang='lat' dir='ltr'><strong>viola-</strong></span> 
     </span>
    </p>
   </div>
   <div class='ocr_carea' id='block_1_90' title="bbox 1823 4281 3398 4350">
    <p class='ocr_par' dir='ltr' id='par_1_90' title="bbox 1823 4281 3398 4350">
     <span class='ocr_line' id='line_1_90' title="bbox 1823 4281 3398 4350; baseline -0.006 -8"><span class='ocrx_word' id='word_1_643' title='bbox 1823 4290 2045 4350; x_wconf 88' lang='lat' dir='ltr'><strong>tionetn,</strong></span> <span class='ocrx_word' id='word_1_644' title='bbox 2071 4287 2388 4341; x_wconf 89' lang='lat' dir='ltr'><strong>obedientes</strong></span> <span class='ocrx_word' id='word_1_645' title='bbox 2413 4286 2689 4339; x_wconf 88' lang='lat' dir='ltr'><strong>mandatis</strong></span> <span class='ocrx_word' id='word_1_646' title='bbox 2717 4282 2962 4337; x_wconf 80' lang='lat' dir='ltr'><strong>homines</strong></span> <span class='ocrx_word' id='word_1_647' title='bbox 2986 4281 3163 4334; x_wconf 82' lang='lat' dir='ltr'><strong>facere</strong></span> <span class='ocrx_word' id='word_1_648' title='bbox 3186 4281 3398 4344; x_wconf 88' lang='lat' dir='ltr'><strong>nititur,</strong></span> 
     </span>
    </p>
   </div>
   <div class='ocr_carea' id='block_1_91' title="bbox 1822 4372 3400 4445">
    <p class='ocr_par' dir='ltr' id='par_1_91' title="bbox 1822 4372 3400 4445">
     <span class='ocr_line' id='line_1_91' title="bbox 1822 4372 3400 4445; baseline -0.007 -11"><span class='ocrx_word' id='word_1_649' title='bbox 1822 4380 1964 4434; x_wconf 89' lang='lat' dir='ltr'><strong>idem</strong></span> <span class='ocrx_word' id='word_1_650' title='bbox 2005 4379 2109 4434; x_wconf 90' lang='lat' dir='ltr'><strong>sibi</strong></span> <span class='ocrx_word' id='word_1_651' title='bbox 2166 4378 2438 4433; x_wconf 90' lang='lat' dir='ltr'><strong>licentiam</strong></span> <span class='ocrx_word' id='word_1_652' title='bbox 2482 4376 2663 4431; x_wconf 81' lang='lat' dir='ltr'><strong>aufert</strong></span> <span class='ocrx_word' id='word_1_653' title='bbox 2709 4373 3020 4445; x_wconf 88' lang='lat' dir='ltr'><strong>postulandi</strong></span> <span class='ocrx_word' id='word_1_654' title='bbox 3073 4373 3141 4425; x_wconf 90' lang='lat' dir='ltr'><strong>ab</strong></span> <span class='ocrx_word' id='word_1_655' title='bbox 3171 4372 3292 4425; x_wconf 91' lang='lat' dir='ltr'><strong>aliis</strong></span> <span class='ocrx_word' id='word_1_656' title='bbox 3333 4388 3400 4424; x_wconf 87' lang='lat' dir='ltr'><strong>ne</strong></span> 
     </span>
    </p>
   </div>
   <div class='ocr_carea' id='block_1_92' title="bbox 152 4463 1718 4547">
    <p class='ocr_par' dir='ltr' id='par_1_92' title="bbox 152 4463 1716 4547">
     <span class='ocr_line' id='line_1_92' title="bbox 152 4463 1716 4547; baseline 0.01 -34"><span class='ocrx_word' id='word_1_657' title='bbox 152 4463 359 4534; x_wconf 78' lang='grc' dir='ltr'>εὑρήσει</span> <span class='ocrx_word' id='word_1_658' title='bbox 392 4468 619 4537; x_wconf 82' lang='grc' dir='ltr'>μᾶλλον,</span> <span class='ocrx_word' id='word_1_659' title='bbox 653 4470 718 4523; x_wconf 85' lang='grc' dir='ltr'>δι’</span> <span class='ocrx_word' id='word_1_660' title='bbox 743 4463 804 4523; x_wconf 78' lang='grc' dir='ltr'><strong>οὗ</strong></span> <span class='ocrx_word' id='word_1_661' title='bbox 835 4471 933 4524; x_wconf 77' lang='grc' dir='ltr'>καὶ</span> <span class='ocrx_word' id='word_1_662' title='bbox 959 4473 1059 4543; x_wconf 80' lang='grc' dir='ltr'>τὴν</span> <span class='ocrx_word' id='word_1_663' title='bbox 1087 4472 1440 4527; x_wconf 87' lang='grc' dir='ltr'>διδασκαλίαν</span> <span class='ocrx_word' id='word_1_664' title='bbox 1470 4476 1716 4547; x_wconf 86' lang='grc' dir='ltr'>ἐπαρθή-</span> 
     </span>
    </p>
   </div>
   <div class='ocr_carea' id='block_1_93' title="bbox 1823 4463 3397 4547">
    <p class='ocr_par' dir='ltr' id='par_1_93' title="bbox 1823 4464 3397 4541">
     <span class='ocr_line' id='line_1_93' title="bbox 1823 4464 3397 4541; baseline -0.006 -16"><span class='ocrx_word' id='word_1_665' title='bbox 1823 4472 1965 4540; x_wconf 91' lang='lat' dir='ltr'><strong>quod</strong></span> <span class='ocrx_word' id='word_1_666' title='bbox 2010 4471 2123 4540; x_wconf 89' lang='lat' dir='ltr'><strong>jam</strong></span> <span class='ocrx_word' id='word_1_667' title='bbox 2169 4464 2453 4541; x_wconf 85' lang='lat' dir='ltr'><strong>peccatum</strong></span> <span class='ocrx_word' id='word_1_668' title='bbox 2502 4467 2666 4522; x_wconf 81' lang='lat' dir='ltr'><strong>fuerit</strong></span> <span class='ocrx_word' id='word_1_669' title='bbox 2709 4477 2952 4535; x_wconf 88' lang='lat' dir='ltr'><strong>peccent.</strong></span> <span class='ocrx_word' id='word_1_670' title='bbox 2990 4464 3106 4530; x_wconf 86' lang='lat' dir='ltr'><strong>Quo</strong></span> <span class='ocrx_word' id='word_1_671' title='bbox 3137 4464 3397 4532; x_wconf 88' lang='lat' dir='ltr'><strong>quidnam</strong></span> 
     </span>
    </p>
   </div>
   <div class='ocr_carea' id='block_1_94' title="bbox 152 4557 1715 4655">
    <p class='ocr_par' dir='ltr' id='par_1_94' title="bbox 152 4557 1715 4655">
     <span class='ocr_line' id='line_1_94' title="bbox 152 4557 1715 4655; baseline 0.01 -52"><span class='ocrx_word' id='word_1_672' title='bbox 152 4566 288 4655; x_wconf 63' lang='grc' dir='ltr'>σεται</span> <span class='ocrx_word' id='word_1_673' title='bbox 320 4557 583 4635; x_wconf 82' lang='grc' dir='ltr'>νοθεύειν,</span> <span class='ocrx_word' id='word_1_674' title='bbox 617 4561 708 4612; x_wconf 76' lang='grc' dir='ltr'>καὶ</span> <span class='ocrx_word' id='word_1_675' title='bbox 739 4560 839 4630; x_wconf 82' lang='grc' dir='ltr'>τὴν</span> <span class='ocrx_word' id='word_1_676' title='bbox 862 4561 1102 4634; x_wconf 85' lang='grc' dir='ltr'>ἐσχάτην</span> <span class='ocrx_word' id='word_1_677' title='bbox 1140 4560 1298 4635; x_wconf 79' lang='grc' dir='ltr'>ὓϐριν</span> <span class='ocrx_word' id='word_1_678' title='bbox 1328 4564 1715 4635; x_wconf 82' lang='grc' dir='ltr'>προσάψασθαι</span> 
     </span>
    </p>
   </div>
   <div class='ocr_carea' id='block_1_95' title="bbox 151 4647 599 4717">
    <p class='ocr_par' dir='ltr' id='par_1_95' title="bbox 151 4647 599 4717">
     <span class='ocr_line' id='line_1_95' title="bbox 151 4647 599 4717; baseline 0.009 -6"><span class='ocrx_word' id='word_1_679' title='bbox 151 4647 219 4711; x_wconf 77' lang='grc' dir='ltr'>τῷ</span> <span class='ocrx_word' id='word_1_680' title='bbox 242 4647 557 4717; x_wconf 76' lang='grc' dir='ltr'>κηρύγματι</span> <span class='ocrx_word' id='word_1_681' title='bbox 584 4666 599 4715; x_wconf 87' lang='grc'>;</span> 
     </span>
    </p>
   </div>
   <div class='ocr_carea' id='block_1_96' title="bbox 210 4818 1714 4900">
    <p class='ocr_par' dir='ltr' id='par_1_96' title="bbox 210 4818 1714 4900">
     <span class='ocr_line' id='line_1_96' title="bbox 210 4818 1714 4900; baseline 0.008 -28"><span class='ocrx_word' id='word_1_682' title='bbox 210 4818 268 4873; x_wconf 83' lang='grc' dir='ltr'><strong>δ’.</strong></span> <span class='ocrx_word' id='word_1_683' title='bbox 298 4820 485 4876; x_wconf 76' lang='grc' dir='ltr'>Ταῦτα</span> <span class='ocrx_word' id='word_1_684' title='bbox 517 4824 697 4877; x_wconf 88' lang='grc' dir='ltr'>τοίνυν</span> <span class='ocrx_word' id='word_1_685' title='bbox 727 4826 1018 4881; x_wconf 77' lang='grc' dir='ltr'>καὶπολλὰ</span> <span class='ocrx_word' id='word_1_686' title='bbox 1056 4827 1264 4882; x_wconf 83' lang='grc' dir='ltr'>τοιαῦθ’</span> <span class='ocrx_word' id='word_1_687' title='bbox 1290 4828 1454 4900; x_wconf 73' lang='grc' dir='ltr'>ἕτερα</span> <span class='ocrx_word' id='word_1_688' title='bbox 1496 4829 1583 4883; x_wconf 85' lang='grc' dir='ltr'><strong>διά</strong></span> <span class='ocrx_word' id='word_1_689' title='bbox 1605 4830 1714 4884; x_wconf 89' lang='grc' dir='ltr'><strong>τῶν</strong></span> 
     </span>
    </p>
   </div>
   <div class='ocr_carea' id='block_1_97' title="bbox 150 4908 1714 4994">
    <p class='ocr_par' dir='ltr' id='par_1_97' title="bbox 150 4908 1714 4994">
     <span class='ocr_line' id='line_1_97' title="bbox 150 4908 1714 4994; baseline 0.011 -34"><span class='ocrx_word' id='word_1_690' title='bbox 150 4908 370 4966; x_wconf 83' lang='grc' dir='ltr'>εὐσεϐῶν</span> <span class='ocrx_word' id='word_1_691' title='bbox 396 4917 492 4968; x_wconf 76' lang='grc' dir='ltr'>καὶ</span> <span class='ocrx_word' id='word_1_692' title='bbox 527 4916 838 4971; x_wconf 81' lang='grc' dir='ltr'>ἀδεκάστων</span> <span class='ocrx_word' id='word_1_693' title='bbox 865 4919 1124 4989; x_wconf 85' lang='grc' dir='ltr'>προϊόντα</span> <span class='ocrx_word' id='word_1_694' title='bbox 1168 4920 1462 4991; x_wconf 88' lang='grc' dir='ltr'>λογισμῶν,</span> <span class='ocrx_word' id='word_1_695' title='bbox 1492 4924 1589 4977; x_wconf 76' lang='grc' dir='ltr'>καὶ</span> <span class='ocrx_word' id='word_1_696' title='bbox 1616 4924 1714 4994; x_wconf 78' lang='grc' dir='ltr'>τὴν</span> 
     </span>
    </p>
   </div>
   <div class='ocr_carea' id='block_1_98' title="bbox 148 5004 1714 5085">
    <p class='ocr_par' dir='ltr' id='par_1_98' title="bbox 148 5004 1714 5085">
     <span class='ocr_line' id='line_1_98' title="bbox 148 5004 1714 5085; baseline 0.011 -33"><span class='ocrx_word' id='word_1_697' title='bbox 148 5004 479 5071; x_wconf 85' lang='grc' dir='ltr'>νομισθεῖσαν</span> <span class='ocrx_word' id='word_1_698' title='bbox 532 5007 684 5062; x_wconf 88' lang='grc' dir='ltr'>λύσιν</span> <span class='ocrx_word' id='word_1_699' title='bbox 743 5011 1047 5081; x_wconf 79' lang='grc' dir='ltr'>αἰτιώμενα</span> <span class='ocrx_word' id='word_1_700' title='bbox 1091 5012 1256 5083; x_wconf 82' lang='grc' dir='ltr'>ἀλλην</span> <span class='ocrx_word' id='word_1_701' title='bbox 1300 5014 1423 5068; x_wconf 77' lang='grc' dir='ltr'>τινὰ</span> <span class='ocrx_word' id='word_1_702' title='bbox 1480 5015 1714 5085; x_wconf 88' lang='grc' dir='ltr'>θεωρίαν</span> 
     </span>
    </p>
   </div>
   <div class='ocr_carea' id='block_1_99' title="bbox 149 5092 1714 5177">
    <p class='ocr_par' dir='ltr' id='par_1_99' title="bbox 149 5092 1714 5177">
     <span class='ocr_line' id='line_1_99' title="bbox 149 5092 1714 5177; baseline 0.011 -36"><span class='ocrx_word' id='word_1_703' title='bbox 149 5092 231 5144; x_wconf 75' lang='grc' dir='ltr'>τοῦ</span> <span class='ocrx_word' id='word_1_704' title='bbox 263 5094 574 5166; x_wconf 80' lang='grc' dir='ltr'>ζητήματος</span> <span class='ocrx_word' id='word_1_705' title='bbox 617 5100 925 5170; x_wconf 85' lang='grc' dir='ltr'>ἀνιχνεύειν</span> <span class='ocrx_word' id='word_1_706' title='bbox 975 5103 1310 5172; x_wconf 88' lang='grc' dir='ltr'>ὑποτίθεται,</span> <span class='ocrx_word' id='word_1_707' title='bbox 1337 5104 1405 5158; x_wconf 86' lang='grc' dir='ltr'><strong>δι’</strong></span> <span class='ocrx_word' id='word_1_708' title='bbox 1436 5100 1505 5177; x_wconf 78' lang='grc' dir='ltr'>ἧς</span> <span class='ocrx_word' id='word_1_709' title='bbox 1533 5106 1714 5159; x_wconf 75' lang='grc' dir='ltr'>καὶτὸ</span> 
     </span>
    </p>
   </div>
   <div class='ocr_carea' id='block_1_100' title="bbox 148 5181 1713 5265">
    <p class='ocr_par' dir='ltr' id='par_1_100' title="bbox 148 5181 1713 5265">
     <span class='ocr_line' id='line_1_100' title="bbox 148 5181 1713 5265; baseline 0.006 -26"><span class='ocrx_word' id='word_1_710' title='bbox 148 5181 234 5250; x_wconf 84' lang='grc' dir='ltr'>τῆς</span> <span class='ocrx_word' id='word_1_711' title='bbox 280 5187 513 5257; x_wconf 85' lang='grc' dir='ltr'>ἀπορίας</span> <span class='ocrx_word' id='word_1_712' title='bbox 564 5190 925 5261; x_wconf 82' lang='grc' dir='ltr'>δυσπρόσοδον</span> <span class='ocrx_word' id='word_1_713' title='bbox 968 5195 1063 5248; x_wconf 74' lang='grc' dir='ltr'>ἐπὶ</span> <span class='ocrx_word' id='word_1_714' title='bbox 1111 5196 1170 5248; x_wconf 82' lang='grc' dir='ltr'>τὸ</span> <span class='ocrx_word' id='word_1_715' title='bbox 1205 5195 1345 5249; x_wconf 88' lang='grc' dir='ltr'>λεῖον</span> <span class='ocrx_word' id='word_1_716' title='bbox 1382 5199 1478 5249; x_wconf 81' lang='grc' dir='ltr'>καὶ</span> <span class='ocrx_word' id='word_1_717' title='bbox 1510 5198 1713 5265; x_wconf 73' lang='grc' dir='ltr'>ὁμαλὸν</span> 
     </span>
    </p>
   </div>
   <div class='ocr_carea' id='block_1_101' title="bbox 151 5272 1713 5355">
    <p class='ocr_par' dir='ltr' id='par_1_101' title="bbox 151 5272 1713 5355">
     <span class='ocr_line' id='line_1_101' title="bbox 151 5272 1713 5355; baseline 0.002 -17"><span class='ocrx_word' id='word_1_718' title='bbox 151 5272 241 5341; x_wconf 83' lang='grc' dir='ltr'><strong>τῆς</strong></span> <span class='ocrx_word' id='word_1_719' title='bbox 264 5279 616 5351; x_wconf 76' lang='grc' dir='ltr'>καταλήψεως</span> <span class='ocrx_word' id='word_1_720' title='bbox 660 5284 1038 5355; x_wconf 88' lang='grc' dir='ltr'>ἀνευρύνεται,</span> <span class='ocrx_word' id='word_1_721' title='bbox 1070 5287 1165 5341; x_wconf 73' lang='grc' dir='ltr'>καὶ</span> <span class='ocrx_word' id='word_1_722' title='bbox 1195 5289 1221 5340; x_wconf 88' lang='grc' dir='ltr'><strong>ό</strong></span> <span class='ocrx_word' id='word_1_723' title='bbox 1252 5288 1359 5341; x_wconf 91' lang='grc' dir='ltr'><strong>τῶν</strong></span> <span class='ocrx_word' id='word_1_724' title='bbox 1388 5288 1713 5341; x_wconf 88' lang='grc' dir='ltr'>διαϐουλίων</span> 
     </span>
    </p>
   </div>
   <div class='ocr_carea' id='block_1_102' title="bbox 149 5361 1712 5449">
    <p class='ocr_par' dir='ltr' id='par_1_102' title="bbox 149 5361 1712 5449">
     <span class='ocr_line' id='line_1_102' title="bbox 149 5361 1712 5449; baseline 0.012 -34"><span class='ocrx_word' id='word_1_725' title='bbox 149 5361 290 5431; x_wconf 68' lang='grc' dir='ltr'>ὄχλος</span> <span class='ocrx_word' id='word_1_726' title='bbox 343 5366 883 5443; x_wconf 85' lang='grc' dir='ltr'>διασκεδασθήσεται.</span> <span class='ocrx_word' id='word_1_727' title='bbox 931 5376 1053 5429; x_wconf 87' lang='grc' dir='ltr'>’Ὀτι</span> <span class='ocrx_word' id='word_1_728' title='bbox 1091 5378 1190 5447; x_wconf 78' lang='grc' dir='ltr'>μὲν</span> <span class='ocrx_word' id='word_1_729' title='bbox 1231 5377 1340 5449; x_wconf 82' lang='grc' dir='ltr'><strong>γὰρ</strong></span> <span class='ocrx_word' id='word_1_730' title='bbox 1393 5378 1503 5431; x_wconf 92' lang='grc' dir='ltr'><strong>τῶν</strong></span> <span class='ocrx_word' id='word_1_731' title='bbox 1534 5378 1712 5447; x_wconf 72' lang='grc' dir='ltr'>,ἱερῶν</span> 
     </span>
    </p>
   </div>
   <div class='ocr_carea' id='block_1_103' title="bbox 151 5450 1710 5537">
    <p class='ocr_par' dir='ltr' id='par_1_103' title="bbox 151 5450 1710 5537">
     <span class='ocr_line' id='line_1_103' title="bbox 151 5450 1710 5537; baseline 0.013 -35"><span class='ocrx_word' id='word_1_732' title='bbox 151 5450 449 5511; x_wconf 82' lang='grc' dir='ltr'>ἀποστόλων</span> <span class='ocrx_word' id='word_1_733' title='bbox 474 5461 530 5513; x_wconf 83' lang='grc' dir='ltr'>αἱ</span> <span class='ocrx_word' id='word_1_734' title='bbox 553 5466 817 5532; x_wconf 86' lang='grc' dir='ltr'>παναγεῖς</span> <span class='ocrx_word' id='word_1_735' title='bbox 841 5467 934 5519; x_wconf 77' lang='grc' dir='ltr'>καὶ</span> <span class='ocrx_word' id='word_1_736' title='bbox 958 5467 1269 5521; x_wconf 84' lang='grc' dir='ltr'>τελεστικαὶ</span> <span class='ocrx_word' id='word_1_737' title='bbox 1289 5469 1391 5537; x_wconf 78' lang='grc' dir='ltr'>τῆς</span> <span class='ocrx_word' id='word_1_738' title='bbox 1424 5468 1710 5532; x_wconf 84' lang='grc' dir='ltr'>εὐσεϐείας</span> 
     </span>
    </p>
   </div>
   <div class='ocr_carea' id='block_1_104' title="bbox 153 5541 1708 5631">
    <p class='ocr_par' dir='ltr' id='par_1_104' title="bbox 153 5541 1708 5631">
     <span class='ocr_line' id='line_1_104' title="bbox 153 5541 1708 5631; baseline 0.008 -30"><span class='ocrx_word' id='word_1_739' title='bbox 153 5541 367 5621; x_wconf 71' lang='grc' dir='ltr'>Πράξεις</span> <span class='ocrx_word' id='word_1_740' title='bbox 412 5552 791 5623; x_wconf 74' lang='grc' dir='ltr'>ἱερουργοῦσαι</span> <span class='ocrx_word' id='word_1_741' title='bbox 835 5562 896 5611; x_wconf 83' lang='grc' dir='ltr'><strong>τδ</strong></span> <span class='ocrx_word' id='word_1_742' title='bbox 935 5558 1218 5630; x_wconf 84' lang='grc' dir='ltr'>βάπτισμα</span> <span class='ocrx_word' id='word_1_743' title='bbox 1257 5561 1481 5631; x_wconf 87' lang='grc' dir='ltr'>ὀνόματι</span> <span class='ocrx_word' id='word_1_744' title='bbox 1535 5559 1708 5631; x_wconf 88' lang='grc' dir='ltr'><strong>Ἰησοῦ</strong></span> 
     </span>
    </p>
   </div>
   <div class='ocr_carea' id='block_1_105' title="bbox 150 5632 1711 5722">
    <p class='ocr_par' dir='ltr' id='par_1_105' title="bbox 150 5632 1711 5722">
     <span class='ocr_line' id='line_1_105' title="bbox 150 5632 1711 5722; baseline 0.014 -38"><span class='ocrx_word' id='word_1_745' title='bbox 150 5632 371 5702; x_wconf 82' lang='grc' dir='ltr'>Χριστοῦ</span> <span class='ocrx_word' id='word_1_746' title='bbox 414 5640 663 5708; x_wconf 84' lang='grc' dir='ltr'>λέγονται</span> <span class='ocrx_word' id='word_1_747' title='bbox 714 5647 872 5701; x_wconf 79' lang='grc' dir='ltr'>τοῦτο</span> <span class='ocrx_word' id='word_1_748' title='bbox 913 5650 1333 5722; x_wconf 85' lang='grc' dir='ltr'>τελεσιουργεῖν,</span> <span class='ocrx_word' id='word_1_749' title='bbox 1378 5652 1552 5715; x_wconf 74' lang='grc' dir='ltr'>οὐδεὶς</span> <span class='ocrx_word' id='word_1_750' title='bbox 1598 5650 1711 5705; x_wconf 84' lang='grc' dir='ltr'><strong>τῶν</strong></span> 
     </span>
    </p>
   </div>
   <div class='ocr_carea' id='block_1_106' title="bbox 216 5747 967 5831">
    <p class='ocr_par' dir='ltr' id='par_1_106' title="bbox 216 5747 967 5831">
     <span class='ocr_line' id='line_1_106' title="bbox 216 5747 967 5831; baseline 0.019 -26"><span class='ocrx_word' id='word_1_751' title='bbox 216 5747 293 5781; x_wconf 68' lang='grc'><strong>⁸⁸⁸</strong></span> <span class='ocrx_word' id='word_1_752' title='bbox 317 5749 506 5810; x_wconf 81' lang='lat' dir='ltr'><strong>Matth.</strong></span> <span class='ocrx_word' id='word_1_753' title='bbox 536 5774 727 5828; x_wconf 83' lang='lat' dir='ltr'><strong>xxvnt,</strong></span> <span class='ocrx_word' id='word_1_754' title='bbox 760 5762 845 5831; x_wconf 84' lang='lat' dir='ltr'><strong>l9,</strong></span> <span class='ocrx_word' id='word_1_755' title='bbox 874 5764 967 5819; x_wconf 69' lang='lat'><strong>20.</strong></span> 
     </span>
    </p>
   </div>
   <div class='ocr_carea' id='block_1_107' title="bbox 1821 4553 3397 4632">
    <p class='ocr_par' dir='ltr' id='par_1_107' title="bbox 1821 4553 3397 4632">
     <span class='ocr_line' id='line_1_107' title="bbox 1821 4553 3397 4632; baseline -0.008 -15"><span class='ocrx_word' id='word_1_756' title='bbox 1821 4562 2182 4632; x_wconf 89' lang='lat' dir='ltr'><strong>opportunius</strong></span> <span class='ocrx_word' id='word_1_757' title='bbox 2216 4560 2456 4615; x_wconf 92' lang='lat' dir='ltr'><strong>inveniet</strong></span> <span class='ocrx_word' id='word_1_758' title='bbox 2500 4557 2696 4619; x_wconf 88' lang='lat' dir='ltr'><strong>hostis,</strong></span> <span class='ocrx_word' id='word_1_759' title='bbox 2738 4557 2883 4610; x_wconf 86' lang='lat' dir='ltr'><strong>unde</strong></span> <span class='ocrx_word' id='word_1_760' title='bbox 2931 4564 2984 4609; x_wconf 92' lang='lat' dir='ltr'><strong>et</strong></span> <span class='ocrx_word' id='word_1_761' title='bbox 3027 4553 3397 4621; x_wconf 79' lang='lat' dir='ltr'><strong>magisterium</strong></span> 
     </span>
    </p>
   </div>
   <div class='ocr_carea' id='block_1_108' title="bbox 1820 4644 3403 4719">
    <p class='ocr_par' dir='ltr' id='par_1_108' title="bbox 1820 4644 3403 4719">
     <span class='ocr_line' id='line_1_108' title="bbox 1820 4644 3403 4719; baseline -0.008 -11"><span class='ocrx_word' id='word_1_762' title='bbox 1820 4655 2130 4709; x_wconf 87' lang='lat' dir='ltr'><strong>adulterare</strong></span> <span class='ocrx_word' id='word_1_763' title='bbox 2170 4654 2334 4719; x_wconf 88' lang='lat' dir='ltr'><strong>ausit,</strong></span> <span class='ocrx_word' id='word_1_764' title='bbox 2370 4661 2424 4706; x_wconf 89' lang='lat' dir='ltr'><strong>et</strong></span> <span class='ocrx_word' id='word_1_765' title='bbox 2470 4660 2770 4705; x_wconf 81' lang='lat' dir='ltr'><strong>extremam</strong></span> <span class='ocrx_word' id='word_1_766' title='bbox 2819 4647 3173 4718; x_wconf 79' lang='lat' dir='ltr'><strong>ignominiam</strong></span> <span class='ocrx_word' id='word_1_767' title='bbox 3221 4644 3403 4698; x_wconf 77' lang='lat' dir='ltr'><strong>Evan-</strong></span> 
     </span>
    </p>
   </div>
   <div class='ocr_carea' id='block_1_109' title="bbox 1820 4736 2323 4816">
    <p class='ocr_par' dir='ltr' id='par_1_109' title="bbox 1820 4736 2323 4816">
     <span class='ocr_line' id='line_1_109' title="bbox 1820 4736 2323 4816; baseline -0.008 -17"><span class='ocrx_word' id='word_1_768' title='bbox 1820 4746 1961 4816; x_wconf 77' lang='lat' dir='ltr'><strong>gelio</strong></span> <span class='ocrx_word' id='word_1_769' title='bbox 1990 4736 2323 4814; x_wconf 83' lang='lat' dir='ltr'><strong>aspergere?</strong></span> 
     </span>
    </p>
   </div>
   <div class='ocr_carea' id='block_1_110' title="bbox 1894 4827 3398 4905">
    <p class='ocr_par' dir='ltr' id='par_1_110' title="bbox 1894 4827 3398 4905">
     <span class='ocr_line' id='line_1_110' title="bbox 1894 4827 3398 4905; baseline -0.007 -15"><span class='ocrx_word' id='word_1_770' title='bbox 1894 4838 1949 4891; x_wconf 70' lang='grc' dir='ltr'>ι.</span> <span class='ocrx_word' id='word_1_771' title='bbox 1994 4836 2085 4889; x_wconf 69' lang='lat' dir='ltr'><strong>Hae</strong></span> <span class='ocrx_word' id='word_1_772' title='bbox 2141 4845 2306 4905; x_wconf 89' lang='lat' dir='ltr'><strong>atque</strong></span> <span class='ocrx_word' id='word_1_773' title='bbox 2365 4834 2487 4888; x_wconf 77' lang='lat' dir='ltr'><strong>alia:</strong></span> <span class='ocrx_word' id='word_1_774' title='bbox 2536 4830 2851 4901; x_wconf 88' lang='lat' dir='ltr'><strong>hujusmodi</strong></span> <span class='ocrx_word' id='word_1_775' title='bbox 2900 4844 2930 4883; x_wconf 90' lang='lat' dir='ltr'><strong>a</strong></span> <span class='ocrx_word' id='word_1_776' title='bbox 2984 4829 3088 4899; x_wconf 92' lang='lat' dir='ltr'><strong>piis</strong></span> <span class='ocrx_word' id='word_1_777' title='bbox 3141 4827 3398 4898; x_wconf 71' lang='lat' dir='ltr'><strong>profecta:</strong></span> 
     </span>
    </p>
   </div>
   <div class='ocr_carea' id='block_1_111' title="bbox 1822 4917 3399 4996">
    <p class='ocr_par' dir='ltr' id='par_1_111' title="bbox 1822 4917 3399 4996">
     <span class='ocr_line' id='line_1_111' title="bbox 1822 4917 3399 4996; baseline -0.008 -13"><span class='ocrx_word' id='word_1_778' title='bbox 1822 4927 2263 4996; x_wconf 89' lang='lat' dir='ltr'><strong>incorruptisque</strong></span> <span class='ocrx_word' id='word_1_779' title='bbox 2319 4925 2550 4995; x_wconf 79' lang='lat' dir='ltr'><strong>ingeniis</strong></span> <span class='ocrx_word' id='word_1_780' title='bbox 2586 4921 3088 4985; x_wconf 85' lang='lat' dir='ltr'><strong>contradictiones,</strong></span> <span class='ocrx_word' id='word_1_781' title='bbox 3136 4934 3258 4987; x_wconf 71' lang='lat' dir='ltr'><strong>qua:</strong></span> <span class='ocrx_word' id='word_1_782' title='bbox 3306 4917 3399 4986; x_wconf 88' lang='lat' dir='ltr'><strong>ju-</strong></span> 
     </span>
    </p>
   </div>
   <div class='ocr_carea' id='block_1_112' title="bbox 1820 5002 3398 5085">
    <p class='ocr_par' dir='ltr' id='par_1_112' title="bbox 1820 5002 3398 5085">
     <span class='ocr_line' id='line_1_112' title="bbox 1820 5002 3398 5085; baseline -0.01 -13"><span class='ocrx_word' id='word_1_783' title='bbox 1820 5026 1959 5073; x_wconf 91' lang='lat' dir='ltr'><strong>stam</strong></span> <span class='ocrx_word' id='word_1_784' title='bbox 2011 5015 2291 5085; x_wconf 88' lang='lat' dir='ltr'><strong>postulant</strong></span> <span class='ocrx_word' id='word_1_785' title='bbox 2331 5012 2689 5074; x_wconf 89' lang='lat' dir='ltr'><strong>solutionem,</strong></span> <span class='ocrx_word' id='word_1_786' title='bbox 2740 5008 3025 5076; x_wconf 87' lang='lat' dir='ltr'><strong>impellunt</strong></span> <span class='ocrx_word' id='word_1_787' title='bbox 3068 5020 3169 5059; x_wconf 94' lang='lat' dir='ltr'><strong>nos</strong></span> <span class='ocrx_word' id='word_1_788' title='bbox 3208 5003 3275 5057; x_wconf 89' lang='lat' dir='ltr'><strong>ad</strong></span> <span class='ocrx_word' id='word_1_789' title='bbox 3309 5002 3398 5057; x_wconf 90' lang='lat' dir='ltr'><strong>in-</strong></span> 
     </span>
    </p>
   </div>
   <div class='ocr_carea' id='block_1_113' title="bbox 1817 5098 3399 5177">
    <p class='ocr_par' dir='ltr' id='par_1_113' title="bbox 1817 5098 3399 5177">
     <span class='ocr_line' id='line_1_113' title="bbox 1817 5098 3399 5177; baseline -0.009 -15"><span class='ocrx_word' id='word_1_790' title='bbox 1817 5108 2119 5177; x_wconf 83' lang='lat' dir='ltr'><strong>dagandani</strong></span> <span class='ocrx_word' id='word_1_791' title='bbox 2185 5106 2347 5159; x_wconf 84' lang='lat' dir='ltr'><strong>aliam</strong></span> <span class='ocrx_word' id='word_1_792' title='bbox 2402 5102 2724 5172; x_wconf 59' lang='lat' dir='ltr'><strong>quaestionis</strong></span> <span class='ocrx_word' id='word_1_793' title='bbox 2778 5098 3241 5168; x_wconf 80' lang='lat' dir='ltr'><strong>explanationem,</strong></span> <span class='ocrx_word' id='word_1_794' title='bbox 3291 5109 3399 5164; x_wconf 85' lang='lat' dir='ltr'><strong>qua</strong></span> 
     </span>
    </p>
   </div>
   <div class='ocr_carea' id='block_1_114' title="bbox 1816 5185 3400 5266">
    <p class='ocr_par' dir='ltr' id='par_1_114' title="bbox 1816 5185 3400 5266">
     <span class='ocr_line' id='line_1_114' title="bbox 1816 5185 3400 5266; baseline -0.011 -10"><span class='ocrx_word' id='word_1_795' title='bbox 1816 5200 1967 5256; x_wconf 89' lang='lat' dir='ltr'><strong>dubii</strong></span> <span class='ocrx_word' id='word_1_796' title='bbox 1995 5198 2265 5266; x_wconf 82' lang='lat' dir='ltr'><strong>asperitas</strong></span> <span class='ocrx_word' id='word_1_797' title='bbox 2287 5197 2352 5249; x_wconf 85' lang='lat' dir='ltr'><strong>ad</strong></span> <span class='ocrx_word' id='word_1_798' title='bbox 2378 5193 2748 5263; x_wconf 66' lang='lat' dir='ltr'><strong>intelligentia:</strong></span> <span class='ocrx_word' id='word_1_799' title='bbox 2774 5191 3064 5245; x_wconf 72' lang='lat' dir='ltr'><strong>lrevitatem</strong></span> <span class='ocrx_word' id='word_1_800' title='bbox 3089 5197 3252 5256; x_wconf 88' lang='lat' dir='ltr'><strong>atque</strong></span> <span class='ocrx_word' id='word_1_801' title='bbox 3282 5185 3400 5255; x_wconf 85' lang='lat' dir='ltr'><strong>pla-</strong></span> 
     </span>
    </p>
   </div>
   <div class='ocr_carea' id='block_1_115' title="bbox 1816 5274 3398 5353">
    <p class='ocr_par' dir='ltr' id='par_1_115' title="bbox 1816 5274 3398 5353">
     <span class='ocr_line' id='line_1_115' title="bbox 1816 5274 3398 5353; baseline -0.011 -9"><span class='ocrx_word' id='word_1_802' title='bbox 1816 5289 2000 5343; x_wconf 89' lang='lat' dir='ltr'><strong>nitiem</strong></span> <span class='ocrx_word' id='word_1_803' title='bbox 2027 5288 2306 5351; x_wconf 88' lang='lat' dir='ltr'><strong>dilatetur,</strong></span> <span class='ocrx_word' id='word_1_804' title='bbox 2354 5295 2409 5340; x_wconf 88' lang='lat' dir='ltr'><strong>et</strong></span> <span class='ocrx_word' id='word_1_805' title='bbox 2437 5282 2854 5353; x_wconf 77' lang='lat' dir='ltr'><strong>ambiguitatum</strong></span> <span class='ocrx_word' id='word_1_806' title='bbox 2904 5278 3154 5333; x_wconf 89' lang='lat' dir='ltr'><strong>molestia</strong></span> <span class='ocrx_word' id='word_1_807' title='bbox 3200 5274 3398 5344; x_wconf 69' lang='lat' dir='ltr'><strong>dispel~</strong></span> 
     </span>
    </p>
   </div>
   <div class='ocr_carea' id='block_1_116' title="bbox 1812 5370 3397 5447">
    <p class='ocr_par' dir='ltr' id='par_1_116' title="bbox 1812 5370 3397 5447">
     <span class='ocr_line' id='line_1_116' title="bbox 1812 5370 3397 5447; baseline -0.013 -11"><span class='ocrx_word' id='word_1_808' title='bbox 1812 5384 1974 5438; x_wconf 92' lang='lat' dir='ltr'><strong>latur.</strong></span> <span class='ocrx_word' id='word_1_809' title='bbox 2021 5381 2271 5435; x_wconf 86' lang='lat' dir='ltr'><strong>Proiecto</strong></span> <span class='ocrx_word' id='word_1_810' title='bbox 2303 5378 2447 5447; x_wconf 89' lang='lat' dir='ltr'><strong>quod</strong></span> <span class='ocrx_word' id='word_1_811' title='bbox 2484 5375 2661 5430; x_wconf 91' lang='lat' dir='ltr'><strong>sancti</strong></span> <span class='ocrx_word' id='word_1_812' title='bbox 2697 5370 3087 5442; x_wconf 82' lang='lat' dir='ltr'><strong>religionisque</strong></span> <span class='ocrx_word' id='word_1_813' title='bbox 3140 5379 3397 5423; x_wconf 89' lang='lat' dir='ltr'><strong>suasores</strong></span> 
     </span>
    </p>
   </div>
   <div class='ocr_carea' id='block_1_117' title="bbox 1816 5450 3394 5540">
    <p class='ocr_par' dir='ltr' id='par_1_117' title="bbox 1816 5450 3394 5540">
     <span class='ocr_line' id='line_1_117' title="bbox 1816 5450 3394 5540; baseline -0.014 -13"><span class='ocrx_word' id='word_1_814' title='bbox 1816 5474 2068 5527; x_wconf 89' lang='lat' dir='ltr'><strong>divorum</strong></span> <span class='ocrx_word' id='word_1_815' title='bbox 2091 5450 2465 5540; x_wconf 83' lang='lat' dir='ltr'><strong>apostolorum</strong></span> <span class='ocrx_word' id='word_1_816' title='bbox 2506 5467 2675 5521; x_wconf 87' lang='lat' dir='ltr'><strong>Actus</strong></span> <span class='ocrx_word' id='word_1_817' title='bbox 2722 5463 3052 5532; x_wconf 88' lang='lat' dir='ltr'><strong>baptismum</strong></span> <span class='ocrx_word' id='word_1_818' title='bbox 3108 5457 3161 5511; x_wconf 90' lang='lat' dir='ltr'><strong>in</strong></span> <span class='ocrx_word' id='word_1_819' title='bbox 3190 5453 3394 5509; x_wconf 87' lang='lat' dir='ltr'><strong>Christi</strong></span> 
     </span>
    </p>
   </div>
   <div class='ocr_carea' id='block_1_118' title="bbox 1818 5540 3392 5617">
    <p class='ocr_par' dir='ltr' id='par_1_118' title="bbox 1818 5540 3392 5617">
     <span class='ocr_line' id='line_1_118' title="bbox 1818 5540 3392 5617; baseline -0.015 0"><span class='ocrx_word' id='word_1_820' title='bbox 1818 5563 2037 5617; x_wconf 87' lang='lat' dir='ltr'><strong>nomine</strong></span> <span class='ocrx_word' id='word_1_821' title='bbox 2068 5560 2506 5615; x_wconf 88' lang='lat' dir='ltr'><strong>administratum</strong></span> <span class='ocrx_word' id='word_1_822' title='bbox 2538 5556 2722 5609; x_wconf 90' lang='lat' dir='ltr'><strong>dicant</strong></span> <span class='ocrx_word' id='word_1_823' title='bbox 2776 5566 2938 5607; x_wconf 85' lang='lat' dir='ltr'><strong>nemo</strong></span> <span class='ocrx_word' id='word_1_824' title='bbox 2970 5563 3101 5605; x_wconf 88' lang='lat' dir='ltr'><strong>sana</strong></span> <span class='ocrx_word' id='word_1_825' title='bbox 3137 5540 3392 5597; x_wconf 87' lang='lat' dir='ltr'><strong>audiendi</strong></span> 
     </span>
    </p>
   </div>
   <div class='ocr_carea' id='block_1_119' title="bbox 1814 5633 3392 5724">
    <p class='ocr_par' dir='ltr' id='par_1_119' title="bbox 1814 5633 3392 5724">
     <span class='ocr_line' id='line_1_119' title="bbox 1814 5633 3392 5724; baseline -0.015 -16"><span class='ocrx_word' id='word_1_826' title='bbox 1814 5648 1875 5707; x_wconf 84' lang='lat' dir='ltr'><strong>vi</strong></span> <span class='ocrx_word' id='word_1_827' title='bbox 1916 5652 2173 5724; x_wconf 72' lang='lat' dir='ltr'><strong>praeditus</strong></span> <span class='ocrx_word' id='word_1_828' title='bbox 2193 5690 2207 5719; x_wconf 91' lang='lat'><strong>,</strong></span> <span class='ocrx_word' id='word_1_829' title='bbox 2236 5663 2435 5720; x_wconf 76' lang='lat' dir='ltr'><strong>negare</strong></span> <span class='ocrx_word' id='word_1_830' title='bbox 2468 5644 2723 5702; x_wconf 84' lang='lat' dir='ltr'><strong>audebit&#39;</strong></span> <span class='ocrx_word' id='word_1_831' title='bbox 2755 5648 3127 5699; x_wconf 82' lang='lat' dir='ltr'><strong>verumtamen</strong></span> <span class='ocrx_word' id='word_1_832' title='bbox 3168 5633 3392 5704; x_wconf 86' lang='lat' dir='ltr'><strong>quinam</strong></span> 
     </span>
    </p>
   </div>
  </div>
