3830 6210
398 335 501 396 307

1458 403 1460 405 ς
1549 333 1812 395 ΡΗΟΤΙΙ
1838 331 2343 394 PATRIARCH/E
2382 328 2490 394 ΟΡ.

3523 321 3646 390 '3'.8

404 445 593 499 horum
634 441 927 497 verborum
958 456 1024 497 ac
1065 441 1344 496 nominum
1396 456 1591 498 sensus
1640 441 1977 512 signiﬁcatus

2105 440 2247 510 ικοὴν
2276 437 2626 506 ὑγιαίνουσαν
2668 436 2899 506 ἑχόντων
2927 435 3228 504 ἀντιλέγειν
3259 433 3646 504 ὑποστήσεται·

401 537 495 601 sit,
519 535 661 589 haud
686 548 842 603 mque
863 548 1054 588 omnes
1086 533 1413 602 intelligunt.
1440 534 1529 588 Ait
1547 535 1710 605 igitur
1728 535 1976 602 princeps

405 626 778 697 apOstolorum
810 623 1026 687 Petrus,
1062 624 1190 677 dum
1231 623 1449 678 Judaeos
1507 624 1572 677 ad
1602 623 1976 693 paenitentiam

411 722 741 780 hortaretur.
787 717 1112 784 veniamque
1145 717 1208 770 iis
1243 725 1469 784 patratae
1514 715 1676 770 caedis
1716 715 1974 769 oﬂ‘erret:

414 829 431 862 ι
464 810 776 878 Baptizetur
805 808 1184 877 unusquisque
1211 818 1447 861 vestrum
1494 807 1548 860 in
1597 807 1817 859 nomine
1849 803 1979 860 Jesu

409 903 610 955 Christi
628 903 679 954 in
699 902 1071 954 remissionem
1091 909 1430 969 peccatorum
1449 899 1584 952 ’ωλι
1600 916 1616 949 ο
1636 897 1982 970 Rursumque

412 990 598 1043 divino
632 989 809 1043 afﬂatu
851 989 916 1042 ad
960 989 1339 1057 baptizandum
1386 990 1758 1042 centurionem
1784 989 1982 1044 instin-

416 1089 558 1141 ctus,
577 1080 888 1134 Cornelium
909 1079 1085 1148 ipsum
1105 1088 1157 1133 et
1181 1079 1272 1148 qui
1296 1094 1418 1132 cum
1439 1093 1504 1133 eo
1527 1087 1685 1133 erant
1701 1079 1985 1148 regenera;

418 1168 564 1220 tione
597 1167 848 1236 dignatus
867 1168 1196 1232 est,.donum
1219 1169 1297 1220 eis
1320 1168 1656 1223 remissionis
1684 1169 1739 1222 in
1764 1170 1985 1224 nomine

415 1255 628 1309 Domini
652 1248 1010 1325 impertiens.
1042 1256 1307 1310 Praeterea
1336 1257 1530 1327 Ephesi
1560 1259 1782 1326 quidam
1830 1269 1986 1313 erant

413 1347 683 1415 discipuli,
717 1348 808 1416 qui
832 1346 1056 1402 Joannis
1080 1357 1287 1402 tantum
1312 1349 1584 1418 baptismo
1609 1351 1702 1404 loti
1735 1352 1982 1405 fuerant:

413 1446 575 1506 atque
615 1437 668 1490 hi
721 1447 841 1508 po_st
869 1438 1110 1492 auditam
1160 1439 1312 1494 Pauli
1347 1441 1807 1510 praedicationem,
1861 1457 1986 1496 cum

414 1529 482 1582 iis
513 1529 813 1597 piaculares
842 1529 910 1584 ab
934 1531 1196 1599 Apostolo
1217 1548 1409 1587 manus
1435 1532 1489 1586 in
1522 1534 1741 1587 nomine
1773 1532 1988 1587 Domini

412 1618 538 1675 Jesu
569 1620 771 1674 Christi
805 1620 1038 1675 fuissent
1071 1623 1340 1690 impositae
1362 1665 1376 1686 ,
1421 1624 1645 1677 caeleste
1682 1624 1989 1693 adoptionis

413 1713 613 1764 donum
639 1694 1000 1782 exceperunt,
1033 1723 1086 1767 et
1109 1714 1441 1768 sanctissimi
1482 1713 1718 1783 Spiritus
1750 1714 1986 1779 amatum

2083 530 2217 582 Τίνα
2261 529 2318 582 δὲ
2363 529 2601 582 διάνοιαν
2644 529 2711 582 τὰ
2753 528 2977 582 τοιαῦτα
3017 529 3235 599 ῥήματα
3283 527 3376 580 καὶ
3413 529 3650 596 ὀνόματα

2084 621 2416 674 ἀναπτύσσει
2443 621 2538 674 καὶ
2564 621 2927 690 διερμηνεύει,
2955 620 3137 672 οὐκέτι
3158 619 3362 682 παντός
3381 622 3501 672 ἐστι
3537 636 3653 671 συν-

2089 711 2245 764 ιέναι.
2281 711 2443 778 Λέγει
2485 705 2582 781 μὲν
2621 709 2713 763 οῦν
2742 712 2792 778 ιὸ
2831 713 3126 779 κορυφαῖος
3161 711 3363 778 Πέτρος
3385 713 3467 773 είς
3496 713 3628 780 μετά

2086 818 2234 855 νοιαν
2281 801 2408 865 τοὺς
2479 800 2759 864 Ἰουδαίους
2813 800 3123 868 ὲπαλείφων
3184 802 3279 853 καὶ
3328 801 3643 868 συγγνώμη.

2087 892 2570 963 εὐαγγελιζόμενος
2599 892 2694 961 τῆς
2725 892 3058 961 μιαιφονίαςο
3095 910 3112 943 ι
3145 892 3513 962 Βαπτισθήτω
3535 892 3652 944 ’έκαο

2091 1003 2213 1049 στος
2239 986 2390 1056 ὑμῶν
2421 988 2479 1039 έν
2515 985 2592 1055 τῷ
2616 985 2840 1054 ὀνόματι
2885 984 3062 1055 Ἰησοῦ
3094 983 3327 1053 Χριστοῦ
3349 985 3431 1045 είς
3469 983 3648 1048 ἂφεσιι

2040 1135 2044 1138 ,
2089 1074 2395 1144 ἁμαρτιῶν.
2433 1094 2452 1126 ›
2484 1074 2594 1127 Kal.
2615 1073 2776 1127 πάλιν
2811 1075 2874 1125 ὲκ
2907 1072 3057 1136 θείας
3095 1071 3383 1134 ἐπιπνοίας
3411 1070 3506 1123 τὸν
3534 1071 3654 1122 ἑκα-

2089 1170 2382 1240 τόνταρχον
2407 1168 2768 1239 βαπτίσασθαι
2799 1168 3152 1239 προτραπεὶς,
3175 1166 3336 1219 αὐτόν
3359 1182 3421 1218 τε
3455 1166 3657 1234 Κορνη-

2090 1259 2203 1312 λιον
2233 1259 2327 1313 καὶ
2373 1260 2498 1320 τοὺς
2537 1259 2654 1328 μετ’
2689 1258 2854 1312 αὐτοῦ
2889 1259 2986 1326 τῆς
3033 1255 3456 1324 παλιγγενεσίας
3501 1253 3655 1318 ἀξιοῖ,

2092 1351 2152 1404 τὸ
2171 1351 2341 1419 δῶρον
2372 1352 2553 1414 αὐτοῖς
2579 1351 2679 1420 τῆς
2714 1351 2960 1417 ἀφέσεως
2992 1350 3048 1402 ἐν
3073 1347 3149 1417 τῷ
3178 1347 3401 1416 ὀνόματι
3425 1333 3520 1397 τοῦ
3551 1346 3657 1396 Ku-

2094 1443 2210 1512 ρίου
2241 1440 2562 1510 ἱερουργῶν.
2593 1443 2701 1494 Καὶ
2727 1439 2868 1494 κατὰ
2889 1438 2987 1509 τὴν
3029 1439 3261 1506 Ἔφεσον
3287 1436 3346 1490 δὲ
3381 1431 3524 1506 ἦσαν
3565 1451 3660 1502 μα-

2095 1531 2255 1601 θηταὶ
2276 1531 2325 1584 οἳ
2358 1532 2518 1600 μόνον
2550 1532 2627 1601 τῷ
2653 1530 2748 1583 τοῦ
2783 1531 3026 1584 Ἰωάννου
3064 1529 3400 1599 βαπτίσματι
3440 1526 3659 1580 ἐϐαπτί-

2096 1643 2284 1679 σαντο·
2303 1626 2394 1689 οὒς
2428 1626 2522 1678 καὶ
2550 1624 2845 1687 ἀκούοντας
2874 1623 2968 1677 τοῦ
2997 1623 3210 1676 Παύλου
3224 1621 3594 1683 διδάσκοντος,
3629 1621 3658 1688 ἠ

2102 1720 2312 1789 ἱστορία
2341 1718 2644 1789 ἀναγράφει
2677 1717 2956 1781 ἐπιθέντος
2981 1717 3165 1780 αὐτοῖς
3197 1716 3293 1768 τοῦ
3340 1712 3659 1766 Ἀποστόλου

413 1802 618 1868 experti
662 1803 881 1857 sunt”.
921 1800 1307 1871 Saepenumero
1347 1804 1484 1858 alias
1515 1805 1814 1858 secundum
1843 1805 1995 1860 -hanc

2105 1811 2190 1874 τὰς
2227 1810 2568 1880 ἱλαστηρίους
2599 1812 2786 1879 χεῖρας
2809 1810 2888 1871 είς
2917 1808 2978 1861 τὸ
3010 1808 3178 1877 δνομα
3199 1805 3292 1860 τὸῦ
3321 1805 3528 1874 Κυρίου
3565 1804 3661 1875 Ἰη-

416 1893 704 1947 formulam
735 1894 1065 1962 baptismum
1097 1895 1536 1948 administratum
1573 1896 1717 1950 haud
1745 1911 1886 1966 aegre
1908 1895 1991 1950 in-

413 1966 622 2038 venies.
672 1981 1055 2039 Verumtamen
1087 2027 1103 2052 ,
1164 1987 1241 2039 uti
1265 1984 1379 2054 jam
1425 1986 1634 2040 dictum
1677 1995 1781 2051 est,
1850 2001 1992 2055 saepe

416 2074 593 2129 facilis
628 2074 1072 2144 interpretatioin
1096 2091 1262 2132 sacras
1287 2076 1482 2130 ment-is
1515 2076 1726 2130 sinibus
1755 2077 1988 2143 condita,

420 2165 525 2218 nisi
554 2167 827 2220 eruditum
859 2168 1126 2237 judicium
1160 2183 1224 2222 ac
1271 2169 1682 2222 meditationem
1712 2169 1995 2223 nancisca-

420 2264 531 2320 tur,
555 2273 734 2326 neque
757 2260 1093 2315 obscuritate
1120 2275 1294 2329 neque
1312 2269 1608 2330 appareute
1637 2260 1994 2329 repugnantia

420 2347 762 2404 liberabitur.
792 2346 1040 2418 Namque
1091 2350 1432 2406 inconsultus
1481 2349 1709 2404 vocibus
1740 2349 1876 2418 ipsis
1905 2366 1996 2404 as-

419 2451 634 2503 sensus,
663 2453 727 2492 ac
751 2438 1041 2492 verborum
1065 2448 1224 2508 prout
1253 2447 1450 2494 sonant
1477 2439 1758 2503 admissio,
1781 2448 1835 2492 et
1863 2439 1999 2503 alias

2090 1901 2184 1957 σοῦ
2211 1901 2470 1974 Χριστοῦ,
2504 1901 2567 1954 τὸ
2598 1895 2850 1972 οὐράνιον
2874 1899 2973 1968 τῆς
3018 1898 3288 1960 υἱοθεσίας
3315 1897 3494 1968 δῶρον
3518 1893 3662 1959 δέξα-

2091 1997 2234 2060 σθαι,
2259 1995 2354 2048 καλ⁹
2379 1993 2480 2064 τῆς
2503 1995 2898 2062 ὲπιφοιτήσεως
2928 1989 3233 2044 ἀπολαῦσαι
3270 1988 3364 2042 τοῦ
3405 1987 3662 2056 παναγίου

2092 2084 2432 2156 Πνεύματος.
2486 2083 2596 2138 Kal
2638 2083 2808 2154 μυρία
2844 2083 2902 2135 δὲ
2950 2081 3084 2135 ἄλλα
3133 2078 3361 2152 τοιαῦτα
3404 2078 3547 2131 κατὰ
3583 2077 3663 2128 τὸν

2092 2179 2276 2248 ὅμοιον
2299 2177 2408 2230 τῶν
2444 2175 2704 2246 ῥημάτων
2742 2172 2910 2225 τύπον
2951 2171 3045 2224 τοῦ
3079 2171 3457 2241 βαπτίσματος
3491 2167 3663 2236 ἐξενη-

2093 2267 2330 2336 νεγμένα
2361 2265 2757 2335 ἀταλαιπώρως
2815 2264 2930 2316 ἐστὶ
2982 2251 3441 2330 καταλαμΰάνειν.
3502 2257 3658 2325 Πλὴν,

2095 2359 2171 2422 ὡς
2196 2354 2432 2428 εἴρηται,
2462 2356 2722 2420 πολλάκις
2750 2356 2810 2409 τὸ
2831 2350 3121 2425 πρόχειρον
3143 2352 3244 2422 τῆς
3269 2351 3570 2422 ἑρμηνείας
3598 2346 3665 2416 τῷ

2099 2449 2252 2518 βάθει
2279 2447 2677 2519 καταδυόμενον
2705 2450 2804 2518 τῆς
2825 2447 2978 2517 ἱερᾶς
3003 2444 3263 2510 διανοίας,
3296 2442 3363 2496 ἂν
3404 2440 3480 2512 μὴ
3510 2456 3665 2509 προσ·

420 2527 618 2581 multas
643 2527 922 2584 multoties
943 2529 1306 2584 absurditates
1338 2530 1562 2599 peperit,
1587 2539 1638 2583 et
1669 2544 1814 2583 nunc
1836 2529 1999 2583 etiam

2105 2538 2237 2610 λάϐῃ
2272 2538 2370 2608 τὴν
2416 2537 2803 2606 φιλολογοῦσαν
2861 2537 2930 2607 βά
2943 2553 3101 2590 σανον
3143 2535 3240 2588 καὶ
3287 2532 3541 2604 μελέτην,
3578 2530 3665 2597 τῆς

422 2633 532 2671 non
567 2617 622 2672 in
675 2621 815 2675 duos
858 2621 1006 2674 solos
1049 2622 1188 2675 ritus
1223 2621 1518 2675 verendum
1543 2621 1999 2689 'regenerationis

2105 2628 2370 2698 ἀσαφείας
2413 2629 2509 2681 καὶ
2541 2627 2642 2697 τῆς
2671 2628 2813 2681 κατά
2853 2627 2955 2698 τὴν
2997 2626 3264 2695 ὑπόληψιν
3301 2625 3547 2684 στάσεως
3580 2619 3668 2671 οὐκ

425 2707 738 2775 mysterium
770 2708 1058 2773 divideret,
1107 2711 1201 2765 sed
1230 2712 1368 2764 alios
1413 2712 1616 2766 multos
1657 2726 1687 2765 e
1733 2710 1999 2766 divisione

2105 2719 2278 2772 ἑθέλει
2319 2717 2776 2773 ἀπαλλάττεσθαι.
2825 2717 2938 2771 Kal.
2991 2717 3100 2787 γὰρ
3128 2718 3163 2786 ἡ
3199 2714 3342 2768 κατά
3370 2713 3472 2774 τὰς
3503 2709 3668 2779 φωνάς

422 2798 747 2866 pullulantes
776 2801 1059 2855 exhiberet
1085 2826 1096 2858 ;
1139 2802 1406 2871 siquidem
1433 2817 1501 2856 ex
1531 2804 1868 2857 incremento
1892 2804 1999 2872 pri-

2105 2809 2414 2879 ἀδιάκριτος
2445 2809 2862 2879 συγκατάθεσις,
2891 2809 2985 2862 καὶ
3025 2810 3058 2877 ὴ
3087 2807 3227 2860 κατά
3273 2806 3374 2875 τὴν
3403 2804 3669 2872 ἀπήχησιν

426 2903 514 2940 ιιιο
535 2890 806 2958 originem
833 2892 938 2945 alia
976 2894 1284 2957 traherent;
1319 2894 1391 2946 ita
1426 2905 1485 2947 ut
1515 2893 1569 2946 in
1600 2893 1999 2948 multitudinem

2105 2899 2213 2953 τῶν
2245 2900 2505 2972 ῥημάτων
2541 2899 2844 2970 παραδοχὴ,
2877 2897 3013 2951 ἄλλα
3044 2913 3103 2949 τε
3136 2895 3306 2962 πολλά
3327 2896 3437 2948 τῶν
3469 2892 3670 2946 ἀτόπων

421 2979 769 3034 diduceretur
799 2983 961 3037 unica
1000 2992 1162 3052 atque
1196 2984 1474 3039 individua
1509 2985 1737 3054 religio,
1781 2995 1837 3039 et
1875 2986 1999 3038 uni-

2105 2991 2163 3043 ὲν
2196 2990 2410 3054 πολλοῖς
2433 2990 2690 3054 πολλάκις
2711 2989 2945 3042 ἀπέτεκε
2973 3005 2987 3018 ·
3024 2990 3119 3042 καὶ
3142 2987 3236 3040 νῦν
3260 2985 3326 3039 ἂν
3360 2985 3461 3038 οὐκ
3484 2984 3560 3044 είς
3583 2981 3666 3033 δύο

423 3069 618 3126 formis
663 3082 826 3142 atque
882 3075 1142 3130 unimoda
1191 3090 1474 3131 sacrorum
1525 3076 1794 3130 institutio
1835 3091 1999 3146 :quaa

2107 3081 2329 3144 τελετὰς
2356 3081 2523 3152 μόνας
2545 3081 2608 3134 τδ
2646 3079 2871 3151 φρικτὸν
2897 3078 2996 3149 τῆς
3047 3073 3468 3144 παλιγγενεσίας
3510 3068 3674 3123 διακό·

424 3164 629 3217 rituum
656 3167 894 3220 varietas
935 3168 1160 3222 minime
1197 3167 1404 3222 auferri
1435 3176 1647 3238 potest,
1684 3168 1790 3222 nisi
1828 3169 1999 3237 prima

2109 3173 2282 3244 ψειεν,
2327 3172 2463 3226 ἀλλά
2489 3174 2584 3225 καὶ
2618 3173 2817 3243 μυρίας
2846 3169 3010 3232 ἄλλας
3035 3171 3101 3239 τῇ
3131 3168 3414 3236 κατατομῇ
3461 3161 3672 3234 προόαι·

425 3252 638 3308 invecta
673 3256 1001 3322 diversitas,
1053 3273 1175 3326 quae
1220 3257 1389 3312 divini
1434 3257 1687 3327 praecepti
1732 3273 1999 3330 praeroga-

2110 3265 2307 3327 νούσας
2333 3264 2613 3329 ἐπιδείξει,
2659 3265 2759 3335 τὴν
2812 3263 3035 3333 πρώτην
3079 3259 3396 3331 προσθήκην
3440 3256 3676 3321 ἀφορμὴν

427 3344 591 3396 tivam
624 3346 1010 3413 pessuindedit,
1047 3348 1210 3402 simul
1253 3347 1554 3402 auferatur.

2111 3353 2348 3426 εὑροῦσα
2389 3356 2497 3409 τῶν
2529 3356 2666 3426 μετὰ
2705 3354 2941 3426 ταύτην·
2995 3354 3091 3406 καὶ
3123 3354 3202 3414 είς
3253 3349 3462 3418 πλῆθος
3499 3343 3676 3398 ἀπολε-

427 3432 701 3486 πτύνουσα
729 3436 790 3488 τὸ
823 3437 1020 3491 ὲνιαίον
1050 3439 1144 3491 καὶ
1175 3437 1416 3508 ἄτμητον
1445 3438 1543 3508 τῆς
1571 3439 1873 3503 εὐσεϐείας,
1938 3442 2034 3496 καὶ
2070 3443 2130 3500 τὸ
2197 3447 2294 3516 τῆς
2341 3448 2733 3517 μυσταγωγίας
2774 3442 3044 3518 μονοειδὲς
3074 3446 3166 3496 καὶ
3212 3441 3545 3512 μονότροπον
3572 3453 3584 3466 ·
3617 3431 3674 3494 ἃς

427 3524 608 3580 οὐκέτι
659 3529 1180 3600 παραγραφόμενον,
1215 3529 1337 3582 οὐδὲ
1372 3530 1472 3601 τὴν
1511 3530 1736 3604 πρώτην
1762 3533 2206 3605 ἐπεισελθοῦσαν,
2240 3539 2334 3593 καὶ
2366 3539 2426 3592 τὸ
2484 3540 2779 3610 προνόμιον
2833 3539 2932 3609 τῆς
2969 3532 3306 3602 Δεσποτικῆς
3366 3527 3580 3596 ἐντολῆς
3603 3541 3679 3576 vo-

429 3617 719 3684 θεύσασαν,
750 3621 826 3692 μὴ
859 3621 980 3692 οὐχὶ
1016 3623 1610 3695 συμπαραγράφεσθαι.

501 3749 554 3803 5.
579 3748 752 3804 Cerne
777 3763 979 3817 autem,
999 3751 1180 3817 sodes,
1196 3761 1328 3822 quot
1352 3752 1404 3806 in
1428 3760 1611 3828 partes
1628 3752 1834 3809 dividat
1854 3763 1999 3825 atqut

2195 3773 2222 3808 ε
2242 3792 2257 3808 .
2289 3752 2433 3823 Ὅρα
2460 3751 2517 3805 δὲ
2559 3751 2638 3812 εἰς
2670 3749 2812 3802 πόσα
2849 3746 3176 3814 κατατέμνει
3209 3743 3304 3797 καὶ
3340 3738 3679 3812 καταμερίζει

431 3843 720 3912 dispertiat
745 3843 986 3898 divinam
1019 3846 1404 3915 caelestemque
1443 3847 1748 3916 ad0ptionis
1785 3848 1999 3917 gratian

2122 3845 2186 3900 τὸ
2213 3845 2355 3898 θεῖον
2379 3843 2473 3896 καὶ
2518 3841 2766 3911 οὐράνιον
2791 3839 3040 3909 χάρισμα
3078 3837 3179 3906 τῆς
3217 3835 3491 3898 υἱοθεσίας
3527 3835 3559 3903 ἡ
3585 3831 3679 3883 τῶν

435 3932 843 3987 inconsiderata
872 3974 887 3998 ,
926 3941 985 3988 ut
1021 3934 1283 3997 diximus,
1315 3935 1606 3988 verborum
1647 3932 1992 3988 observantia

2125 3935 2386 4007 ῥημάτων
2404 3933 2479 3995 ὼς
2507 3930 2767 3994 πολλάκις
2791 3930 3002 4000 ἔφημεν
3026 3927 3388 3989 άὸασάνιστος
3419 3922 3678 3994 προσοχὴ,

432 4025 574 4093 apud
598 4039 694 4079 eos
713 4025 806 4094 qui
829 4026 1019 4079 nolunt
1045 4026 1110 4079 ad
1130 4027 1409 4096 penetrale
1433 4007 1680 4080 veritatis
1711 4039 1994 4094 permeare

2124 4025 2218 4078 καὶ
2267 4023 2328 4076 τδ
2387 4021 2462 4092 μὴ
2518 4019 2804 4090 βούλεσθαι
2850 4017 2989 4088 πρὸς
3022 4017 3084 4070 τὸ
3113 4017 3274 4086 βάθος
3317 4016 3416 4083 τῆς
3445 4012 3681 4082 ἀληθείας

432 4114 644 4187 Quippe
667 4118 1183 4173 secundum-eorum
1216 4117 1551 4182 institutum,
1573 4118 1669 4186 qui
1699 4117 1863 4171 verba
1888 4116 1999 4185 plus

2119 4113 2503 4170 καταδύεσθαι.
2549 4111 2615 4165 Ἦ
2669 4112 2766 4182 μὲν
2805 4110 2915 4180 γάρ
2964 4109 3106 4163 κατὰ
3147 4109 3246 4174 τὴν
3293 4107 3548 4170 ὑπόθεσιν
3584 4101 3680 4154 τῶν

433 4226 592 4278 aequo
616 4211 940 4280 suspiciunt,
975 4210 1111 4264 alter
1137 4211 1355 4278 quidem
1384 4211 1522 4264 ritus
1553 4209 1606 4262 in
1632 4207 1853 4262 nomine
1882 4205 1999 4261 Jesu

2119 4206 2258 4277 πρὸς
2305 4206 2403 4269 τάς
2443 4203 2616 4268 λέξεις
2667 4203 2995 4272 κεχηνότων,
3031 4204 3088 4254 ἐν
3135 4201 3213 4269 τῷ
3253 4200 3478 4268 ὀνόματι
3524 4192 3680 4264 Ἰησοῦ

434 4301 637 4357 Christi
673 4302 932 4370 baptizat,
969 4301 1104 4355 alter
1147 4300 1530 4355 tantummodo
1570 4299 1624 4352 in
1657 4299 1878 4352 nomine
1905 4297 2011 4350 Do-

437 4396 590 4449 mini.
627 4394 930 4460 Quamnam
965 4394 1132 4465 igitur
1161 4410 1225 4448 ex
1255 4394 1350 4448 bis
1369 4392 1618 4447 formulis
1642 4391 1697 4445 in
1727 4391 1872 4445 sacri
1895 4405 2017 4444 mu-

437 4489 583 4544 neris
621 4487 1024 4543 ministratione
1067 4483 1494 4555 usurpahimusi
1524 4482 1712 4552 Neque
1755 4481 1899 4536 enim
1931 4479 2014 4535 al-

441 4583 609 4637 ternis
647 4590 702 4635 ct
730 4595 827 4650 pro
858 4581 1014 4636 libito
1048 4580 1132 4634 his
1158 4577 1495 4634 dictionibus
1522 4576 1601 4630 uti
1632 4561 1800 4630 licet:
1837 4581 1892 4628 et
1921 4573 2016 4642 qui
2043 4615 2045 4617 .

441 4671 752 4723 alterutram
785 4671 1166 4738 przedictarum
1195 4667 1398 4727 abolet,
1445 4667 1492 4722 is
1536 4664 1682 4719 viam
1731 4661 1903 4718 munit
1949 4661 2020 4716 ad

442 4759 577 4813 alias
609 4773 825 4827 quoque
857 4759 1180 4813 abolitiones
1213 4757 1697 4813 constabiliendas.
1736 4757 1913 4823 Atque
1943 4753 2020 4808 ita

441 4851 581 4904 ritus
608 4859 834 4905 cunctos
859 4850 1000 4904 inter
1018 4864 1078 4904 se
1104 4850 1260 4920 quasi
1278 4849 1468 4918 praelio
1495 4847 1841 4903 committeut
1862 4845 1897 4898 ii
1920 4845 2016 4914 qui

444 4943 772 5009 baptismum
794 4957 859 4996 ex
882 4940 1522 5009 Dominicainstitutione
1544 4940 1842 4995 celebrant.
1862 4936 2019 5002 Quod

446 5031 492 5086 si
516 5031 570 5085 in
600 5013 840 5101 mysticae
865 5031 1170 5100 adoptionis
1205 5029 1449 5086 formulis
1477 5030 1649 5085 libera
1687 5029 1758 5085 sit
1788 5028 2022 5083 facultas

448 5125 554 5179 hoc
579 5122 882 5186 auferendi,
920 5122 1049 5176 illud
1084 5121 1404 5190 adjiciendi;
1437 5121 1562 5191 quis
1591 5115 1702 5190 jam
1740 5121 2021 5190 impediat,

450 5218 745 5288 quominus
789 5216 879 5269 alii
917 5216 1070 5278 alias,
1107 5224 1299 5284 praeter
1325 5215 1522 5278 dictas,
1564 5214 1876 5278 excogitent
1923 5212 2028 5266 ini-

450 5307 740 5362 tiationes?
771 5307 987 5372 Quanto
1019 5307 1183 5378 igitur
1206 5307 1411 5376 justius
1442 5297 1605 5374 atque
1624 5315 1777 5360 extra
1808 5318 2024 5357 omnem

454 5399 886 5453 controversiam
935 5408 1040 5462 est,
1079 5413 1198 5450 eam
1229 5397 1495 5451 stabiliter
1544 5411 1658 5464 prae
1719 5395 2030 5449 arbitrariis

453 5491 744 5548 formulam
776 5491 1028 5556 retinere,
1053 5505 1215 5559 quam
1240 5489 1414 5560 ipsius
1436 5487 1680 5542 veritatis
1699 5486 1884 5556 lingua
1909 5500 2032 5555 pro-

437 5711 440 5714 .
527 5734 646 5767 5"“
683 5735 802 5790 Act.
841 5750 901 5796 ιι.
932 5735 1036 5796 58;
1076 5747 1104 5785 x
1135 5731 1218 5785 48.
1297 5730 1341 5762 ³⁵
1377 5730 1496 5784 Act.
1530 5742 1644 5790 xxx,
1684 5726 1734 5780 ὃ.

2119 4297 2358 4369 Χριστοῦ
2392 4293 2666 4366 βαπτίζει,
2712 4293 2847 4362 άλλη
2889 4292 2946 4346 δὲ
2985 4295 3043 4345 ὲν
3077 4289 3157 4360 τῷ
3201 4289 3427 4358 ὀνόματι
3463 4285 3554 4340 τοῦ
3581 4285 3680 4336 Κυ-

2123 4389 2242 4460 ρίου
2275 4388 2457 4459 μόνον.
2491 4387 2610 4440 Τίνι
2654 4383 2747 4438 οῦν
2775 4383 2881 4437 τῶν
2928 4381 3234 4454 εἰρημένων
3269 4382 3326 4432 ὲν
3370 4383 3438 4449 τῇ
3470 4378 3560 4430 τοῦ
3593 4373 3680 4428 δὼ-

2125 4497 2218 4552 ρου
2269 4477 2648 4549 τελεσιουργίᾳ
2700 4473 3052 4546 χρησόμεθα;
3111 4473 3223 4526 Οὐκ
3267 4471 3448 4540 έχουσι
3494 4469 3594 4538 γὰρ
3629 4465 3680 4517 τὸ

2123 4571 2502 4645 παραλλάττον
2529 4569 2649 4622 οὐδὲ
2675 4569 2737 4621 τὸ
2778 4564 3215 4636 προκεκριμένον
3243 4561 3537 4632 κεχρῆσθαι
3582 4557 3680 4616 ταῖς

2128 4661 2474 4735 βουλομένοις
2517 4660 2575 4713 αί
2622 4658 2797 4727 φωναί
2835 4673 2849 4688 ο
2877 4657 2973 4709 καὶ
3021 4657 3050 4708 ό
3087 4655 3217 4723 μίαν
3249 4655 3357 4706 τῶν
3400 4648 3679 4720 εἰρημένων

2128 4754 2648 4827 παραγραφόμενος,
2681 4750 2883 4804 ἔδωκεν
2914 4747 3032 4801 ὁδὸν
3069 4746 3135 4799 δι’
3161 4740 3229 4817 ἧς
3268 4744 3451 4809 ἕξουσι
3479 4742 3538 4794 τὺ
3564 4739 3682 4807 κρά-

2122 4864 2216 4910 τος
2239 4847 2332 4899 καὶ
2352 4845 2460 4898 τῶν
2486 4842 2661 4898 ἄλλων
2699 4843 2755 4896 αἱ
2804 4836 3187 4910 παραγραφαί.
3221 4835 3331 4888 Καὶ
3356 4833 3497 4888 οὕτω
3522 4830 3683 4887 πάσας

2119 4928 2272 4991 ’κατὰ
2297 4935 2485 4989 πασῶν
2516 4929 2955 5004 παρατάττεσθαι
2981 4927 3361 4982 συνελάσουσιν
3393 4919 3539 4993 οἶμαι
3565 4915 3686 4973 κατὰ

2121 5027 2219 5098 τὴν
2248 5023 2578 5093 δεσποτικὴν
2603 5020 2996 5093 μυσταγωγίαν
3014 5016 3298 5078 τελοῦντες
3321 5014 3382 5066 τὸ
3405 5013 3681 5084 βάπτισμα.

2123 5121 2233 5173 Kal.
2264 5121 2313 5171 εί
2359 5117 2566 5170 δέδοται
2610 5113 2756 5168 κατὰ
2784 5112 2882 5175 τὰς
2923 5109 3265 5179 ἐκφωνήσεις
3305 5109 3404 5176 τῆς
3443 5099 3683 5174 μυστικῆς

2126 5209 2402 5272 υἱοθεσίας
2435 5208 2498 5261 τὸ
2530 5207 2628 5278 μὲν
2667 5205 2884 5274 ἀφελεῖν
2909 5243 2924 5269 ,
2952 5202 3012 5255 τὸ
3041 5201 3098 5254 δὲ
3133 5198 3468 5270 προσθεῖναι,
3503 5193 3552 5246 τί
3594 5207 3686 5243 xw-

2125 5302 2241 5355 λύει
2289 5301 2453 5354 πάλιν
2484 5299 2610 5360 τοὺς
2662 5295 3022 5366 βουλομένους
3058 5291 3152 5345 καὶ
3188 5288 3339 5360 παρά
3362 5287 3457 5349 τὰς
3483 5278 3684 5352 εἰρημέ-

2137 5411 2233 5456 νας
2266 5391 2459 5463 ἐτέρας
2506 5390 2742 5442 ἐπινοεῖν
2770 5385 3030 5450 τελετάς;
3078 5382 3239 5452 Πόσῳ
3268 5381 3324 5432 δὲ
3363 5377 3556 5448 μᾶλλον
3580 5368 3684 5463 ἀντὶ

2137 5485 2245 5538 τῶν
2270 5459 2374 5538 οὐκ
2389 5482 2696 5553 εἰρημένων
2735 5479 2801 5549 ἣν
2828 5478 2862 5546 ἡ
2893 5475 2993 5547 τῆς
3021 5473 3279 5545 ἀληθείας
3307 5468 3475 5540 αὐτῆς
3507 5459 3683 5521 ἀπεθέο
