3864 6218
107 333 204 398 309
1003 328 1103 386 AD
1158 323 1752 388 AMPHILOCHIUM
1808 327 2173 410 QUESTIO-
2202 329 2415 393 XLIII.

3245 325 3354 393 310

107 459 261 497 σπισε
284 439 504 510 γλῶσσα
554 437 759 509 ταύτην
791 434 1104 509 κρατύνειν,
1145 435 1240 489 καὶ
1279 437 1421 490 κατὰ
1465 436 1668 506 ταύτην

1779 440 2039 494 nuntiavit
2070 479 2085 503 ,
2159 448 2327 512 atque
2401 439 2567 511 hujus
2638 439 2820 497 verbis
2885 439 3350 511 regenerationem

107 534 336 588 ἐκτελεῖν
356 531 450 603 τήν
476 529 896 600 παλιγγενεσίαν
920 528 1065 582 ὅσιόν
1087 543 1149 581 τε
1169 528 1263 581 καὶ
1287 529 1464 591 αἰτίας
1486 527 1667 598 πάσης
1772 532 2066 604 peragere?

107 622 535 695 ὑπερανεστηκός
555 638 571 688 ;

171 713 240 781 ς’.
297 714 404 768 Καὶ
451 712 604 766 ούπω
647 709 800 765 εἷπον
849 710 959 765 τῶν
991 709 1228 779 ἐλέγχων
1253 709 1323 774 τδζ
1344 709 1554 780 ἄμαχον
1586 709 1667 762 ὅτι

103 805 322 859 δώσουσι
346 803 445 858 κᾶν
475 803 549 874 μὴ
578 802 806 855 θέλωσιν
832 803 881 855 οἱ
906 801 1006 871 τήν
1029 799 1354 870 δεσποτικήν
1380 813 1670 869 μυσταγω-

104 898 221 964 γίαν
280 893 374 948 ἀπ’
424 891 600 964 ἀρχῆς
627 892 895 957 λιπόντες,
940 891 1204 963 ἀπείρους
1241 891 1340 955 τὰς
1390 889 1503 962 τῆςς
1540 893 1684 963 μιᾶς.

74 935 362 1074 ἑύίοθεσίας
398 935 641 1049 τελέτὲς,
674 983 769 1070 καὶ
800 935 895 1044 εἰς,
919 935 1118 1070 χλεύηιν
1144 935 1206 1035 τῦ
1235 935 1667 1053 χάρισμῗπτεριῖ

105 1078 372 1148 στήσουσι.
406 1074 736 1128 Βαπτίσουσι
777 1073 835 1127 δέ
867 1075 965 1127 καὶ
993 1072 1176 1125 οὐκέτι
1208 1073 1302 1126 τοῦ
1343 1072 1534 1142 ἱερέως
1569 1071 1670 1136 τὰς

104 1169 418 1237 θεοπρεπεῖς
459 1165 945 1236 μυσταγωγοῦντος
976 1165 1220 1235 κλήσεις,
1254 1164 1370 1218 ἀλλ’
1405 1164 1569 1218 αὐτοῦ
1603 1181 1668 1233 γε
1708 1233 1712 1237 “

101 1258 186 1309 τοῦ
217 1254 520 1324 μνωμένου
560 1254 668 1324 πρὸ
711 1251 805 1305 τοῦ
852 1253 1124 1323 μυηθῆναι
1159 1252 1258 1324 τὴν
1303 1251 1669 1322 μυσταγωγὴν

101 1349 288 1418 πρᾶξιν
322 1346 682 1417 ἁρπάζοντος,
707 1345 800 1397 καὶ
826 1344 950 1398 τότε
976 1346 1074 1414 οὐχ
1101 1345 1320 1415 ἐτέρους
1341 1343 1457 1398 ἀλλ’
1480 1344 1670 1397 ἑαυτὸν

102 1441 448 1508 καθαίροντος
472 1438 550 1510 τῷ
576 1437 788 1510 λουτρῷ
821 1438 920 1508 τῆς
949 1437 1386 1506 παλιγγενεσίας.
1424 1436 1536 1490 Καὶ
1563 1436 1671 1508 γὰρ

101 1535 154 1584 ἐν
185 1533 373 1606 αὑταῖς
409 1533 525 1584 ἐστι
562 1531 670 1584 τῶν
699 1530 1012 1584 ἀποστόλων
1035 1529 1214 1600 εὑρεῖν
1257 1531 1377 1591 ταῖς
1405 1510 1669 1600 ἁγιοπρε-

103 1623 220 1675 πέσι
271 1621 568 1693 Πράξεσιν,
617 1621 694 1684 ὡς
738 1620 846 1672 τῶν
895 1619 1154 1690 μαθητῶν
1215 1615 1296 1683 εἷς
1345 1621 1603 1690 ὑπάρχων
1644 1623 1672 1673 ό

114 1713 384 1777 Ἀνανίας,
441 1712 536 1765 καὶ
580 1710 730 1774 θείας
771 1710 946 1780 ὅψεως
992 1709 1434 1781 προσταττούσης
1473 1713 1552 1773 είς
1581 1711 1670 1764 τὸν

1847 716 1902 769 6.
1926 711 2180 768 Nondum
2218 724 2400 768 tamen
2438 713 2695 768 invictam
2722 711 2921 781 protuli
2943 711 3216 782 opinionis
3245 713 3351 768 hu-

1769 806 1863 878 jus
1896 804 2308 872 refutationem;
2347 819 2542 874 nempe
2568 804 2716 873 quod
2745 805 2834 874 qui
2867 803 3209 859 Dominicum
3242 803 3350 858 ini-

1775 899 2020 953 tiationis
2041 897 2204 952 ritum
2237 896 2485 951 deserere
2505 899 2794 965 cmperint,
2829 897 2864 950 ii
2890 885 2977 950 vel
3005 895 3154 950 inviti
3188 897 3362 968 innu-j

1774 989 2063 1044 merabiles
2085 987 2250 1041 unius
2277 988 2585 1056 adOptionis
2613 988 2854 1041 rationes
2887 987 3204 1056 procudent,
3230 1003 3356 1056 gra-

1779 1077 2016 1146 tiamqtte
2043 1077 2185 1130 hanc
2217 1076 2452 1129 ludibrio
2486 1076 2768 1142 objicient.
2821 1075 3183 1145 Baptizabunt
3208 1077 3351 1129 enim

1777 1168 1924 1223 haud
1967 1168 2079 1237 jam
2108 1167 2388 1221 sacerdote
2429 1167 2642 1221 divinas
2673 1176 2949 1235 przeeunte
2981 1166 3356 1220 invocationes

1777 1274 1964 1314 verum
1984 1259 2109 1326 ‘ipso
2144 1257 2441 1328 neophyto,
2467 1266 2758 1325 antequam
2787 1256 3053 1321 initietur,
3083 1266 3357 1326 mystago-

1778 1349 1958 1421 gicum
1990 1359 2170 1403 actum
2203 1348 2306 1402 sibi
2339 1348 2651 1402 vindicante
2679 1366 2691 1400 :
2719 1348 2794 1401 ita
2820 1356 2876 1401 ut
2921 1349 3064 1401 haud
3096 1348 3232 1402 alios
3261 1348 3354 1401 sed

1777 1441 1894 1510 ipse
1935 1455 1994 1494 se
2048 1438 2266 1492 lavacro
2314 1437 2739 1507 regenerationis
2775 1437 2975 1505 expiet.
3035 1436 3246 1490 Etenim
3299 1437 3353 1489 iu

1778 1531 1982 1586 sanctis
2028 1530 2158 1599 ipsis
2206 1530 2572 1599 apostolorum
2616 1530 2840 1584 Actibus
2865 1530 2931 1593 ’⁸,
3002 1530 3241 1583 Ananias
3289 1545 3358 1582 ex

1778 1621 2060 1690 discipulis
2090 1637 2252 1680 unus.
2285 1620 2494 1674 caelesti
2525 1621 2645 1674 viso
2675 1620 2864 1689 jussus
2896 1621 2951 1674 in
2984 1621 3353 1688 apostolorum

1779 1724 1978 1769 coetum
2008 1713 2281 1767 ascribere
2312 1722 2716 1780 persecutorem
2758 1713 2906 1766 illum
2953 1728 3240 1780 acremque
3273 1727 3358 1765 re-

98 1805 247 1876 χορὸν
295 1805 407 1857 τῶν
447 1802 773 1868 ἀποστόλων]
807 1802 1134 1868 συναγαγεῖν
1165 1801 1267 1872 τὴν
1314 1799 1549 1870 διώκτην
1579 1801 1672 1854 καλ⁵

1779 1805 1992 1874 ligionis
2027 1805 2258 1865 hostem,
2294 1804 2535 1858 nondum
2573 1802 2800 1856 Paulum
2820 1802 3110 1883 effectum;
3145 1811 3359 1872 postea-

95 1885 265 1948 δεινόν’
284 1894 546 1964 πολέμιον
589 1889 998 1961 τῆςςεύσεϐείας
1034 1891 1124 1943 τὸν
1158 1888 1312 1943 οὔπω
1344 1889 1552 1944 Παῦλον
1579 1906 1672 1957 γε-

97 1986 299 2054 γονότα,
353 1984 520 2055 ἡνίκα
557 1983 650 2037 καὶ
693 1983 754 2035 τὸ
797 1981 1106 2053 σωματικὸν
1143 1981 1330 2044 σκότος
1363 1981 1472 2034 τῶν
1497 1981 1674 2050 ὄψεων

95 2079 157 2146 τῇ
201 2079 299 2146 τῆς
339 2073 527 2144 χειρὸς
568 2073 679 2143 ἁφῇ
735 2074 762 2126 ὁ
815 2072 1177 2142 μυσταγωγὸς
1225 2070 1320 2124 τοῦ
1369 2073 1672 2143 μυουμένου

97 2169 347 2238 περιεῖλε,
376 2169 498 2218 τότε
525 2166 590 2236 δὴ
628 2166 749 2218 τότε
791 2166 820 2217 ό
864 2165 1116 2228 Ἀνανίας
1145 2164 1282 2235 πρὸς
1318 2164 1412 2217 τὸν
1450 2167 1514 2218 ἐκ
1547 2157 1675 2218 σκόο

95 2277 208 2322 τους
241 2259 319 2322 είς
351 2258 415 2310 τὸ
443 2256 558 2325 φῶς
593 2256 688 2308 καὶ
721 2255 811 2307 τὸν
841 2253 965 2308 νοῦν
992 2253 1089 2306 καὶ
1114 2253 1213 2316 τάς
1244 2253 1399 2320 ὄψεις
1437 2253 1674 2323 μεταϐε-

95 2351 384 2419 ϐλημένον,
437 2347 533 2400 καὶ
575 2346 692 2411 νῦν,
743 2347 898 2415 φησὶ,
963 2345 1028 2398 Τί
1077 2345 1333 2416 μέλλεις;
1387 2345 1671 2411 Ἀναστὰς,

97 2439 339 2510 βάπτισαι
363 2437 460 2490 καὶ
485 2435 781 2490 ἀπόλουσαι
799 2436 899 2499 τὰς
924 2436 1199 2505 ἁμαρτίας
1223 2453 1317 2489 σου
1345 2435 1675 2490 ἐπικαλεσάο

100 2548 246 2600 μενος
269 2531 328 2584 τὸ
359 2530 533 2599 ὄνομα
556 2529 650 2580 τοῦ
674 2526 880 2598 Κυρίου
905 2544 920 2559 ο
954 2527 1020 2579 σὺ
1049 2526 1538 2596 ἐπικαλεσάμενος,
1559 2525 1674 2580 ἀλλ’

95 2627 203 2698 οὐχὶ
228 2627 374 2689 τινὸς
398 2624 582 2692 ἐτέρου
614 2621 878 2692 μυοῦντος
906 2621 1025 2674 ούδὲ
1051 2622 1340 2692 ἐπᾴδοντος
1365 2623 1465 2684 τάς
1493 2621 1695 2700 θεολό-⁸

94 2735 214 2786 γους
241 2717 487 2786 κλήσεις.
527 2713 593 2768 Τί
637 2711 835 2776 λέγει’ςζ
865 2716 892 2766 ὁ
934 2713 1238 2784 μυούμενος
1261 2717 1389 2784 πρὶν
1422 2713 1455 2782 ἢ
1489 2715 1674 2783 τυχεῖν

97 2809 188 2878 τῆς
244 2809 502 2879 μυήσεως
565 2805 988 2876 ἐμυσταγώγει;
1040 2805 1068 2856 ό
1101 2803 1201 2872 τῆς
1247 2801 1674 2870 παλιγγενεσίας

93 2897 356 2968 δεόμενος,
397 2897 571 2959 αὐτὸς·
602 2897 824 2965 ἐνήργει
861 2894 961 2964 τὴν
1009 2892 1463 2960 παλιγγενεσίαν;
1502 2893 1529 2954 ό
1579 2891 1673 2945 τοῦ

97 2991 274 3062 ἱερέως
294 3008 356 3061 χε
368 2991 456 3060 ρσὶ
486 2990 578 3041 καὶ
608 2987 811 3057 χείλεσι
834 2985 952 3038 τελε
963 2984 1040 3037 ιού
1051 3001 1232 3052 μενος,
1261 2983 1424 3046 αὐτὸς
1444 2983 1507 3036 τὸ
1523 2983 1670 3037 ἐκεί-

95 3102 178 3136 νου
217 3083 486 3155 ἁρπάζων
515 3080 732 3150 ἀξίωμα
784 3077 958 3150 ἑαυτῷ
985 3079 1083 3147 τὴν
1110 3077 1423 3148 τελειότητα
1460 3076 1672 3148 περιτί-

98 3151 351 3245 omnia
391 3175 500 3244 γάρ
532 3171 626 3225 τοῦ
653 3173 982 3242 γράμματος
1008 3169 1326 3224 ἐπιπόλαιον
1353 3209 1370 3234 ,
1401 3161 1445 3236 ᾧ
1479 3185 1673 3222 πεποιο
1702 3151 1745 3208 C

97 3268 240 3330 θότες
263 3267 368 3338 τὴν
400 3264 736 3334 Δεσποτικὴν
762 3262 980 3333 ἐντολὴν
1009 3265 1485 3332 παραγράφονται,
1515 3261 1676 3314 τοῦτο

105 3360 324 3428 ωμίζειν
367 3357 563 3420 αὐτοὺς
591 3359 689 3409 καὶ
709 3355 784 3426 μὴ
809 3353 1166 3424 βουλομένους
1192 3354 1432 3408 ἀπαιτεῖ.
1464 3352 1678 3424 Τρόπος

95 3445 178 3503 οὖν
206 3444 366 3510 οὗτος
400 3446 558 3508 ἄλλος
601 3446 851 3516 μυήσεως
884 3443 1073 3514 μηδενὶ
1115 3443 1226 3496 τῶν
1259 3443 1673 3513 προειρημένων

98 3541 522 3610 συμφερόμενος.
574 3538 742 3590 Ὅταν
777 3535 833 3588 δέ
855 3537 884 3588 ό
925 3537 1218 3606 κορυφαῖος
1247 3533 1343 3598 τὰς
1387 3533 1678 3596 καθολικὰς

100 3632 448 3702 παραινέσεις
469 3630 697 3701 γράφων
729 3630 840 3690 τοῖς
863 3626 974 3680 τῶν
990 3626 1260 3679 Ἰουδαίων
1292 3627 1350 3678 ἐν
1383 3625 1673 3695 διασπορᾷ,

93 3721 164 3792 τῷ
193 3723 382 3793 δρόμῳ
418 3724 528 3792 τῆς
584 3719 830 3790 γλώττης
877 3717 972 3771 καὶ
1020 3716 1098 3788 τῷ
1130 3717 1284 3786 τάχει
1325 3717 1423 3784 τῆς
1460 3716 1678 3786 γραφῆς

95 3813 269 3884 χερσὶν
302 3812 509 3882 ἀμφοῖν
540 3809 888 3864 καθυπάτευε
919 3809 1056 3878 (40),
1087 3807 1148 3859 τὸ
1181 3808 1463 3877 βάπτισμα
1495 3823 1674 3858 συνειο

92 3905 286 3975 δήσεως
303 3904 675 3958 ἀπεθέσπισεν
693 3901 1030 3970 άγαθῆς,ούκ
1053 3902 1118 3953 ἐκ
1133 3899 1381 3969 τρίποδος
1397 3897 1677 3970 χρώμενος

97 3997 376 4066 μαντικοῦ,
421 3996 537 4048 ἀλλ’
569 3995 635 4047 ἐκ
668 3993 968 4064 θεολήπτου
996 3991 1181 4062 ψυχῆς
1215 3989 1520 4061 ίερολογῶν*
1560 3989 1677 4043 ἀλλ’

92 4087 191 4158 ἄρα
216 4089 341 4158 οὐχὶ
371 4088 433 4140 σὺ
462 4085 624 4138 πάλιν
654 4082 1049 4155 ἁρπάσαιςθτὴν
1070 4081 1236 4148 λέξιν,
1268 4082 1361 4134 καὶ
1384 4097 1676 4150 μυσταγω-

94 4179 206 4246 γίας
225 4180 421 4250 ἐτέρας
455 4177 743 4247 εἰσήγησιν
764 4175 864 4228 ούκ
893 4173 1288 4243 ἁνακηρύξαις,
1322 4172 1418 4230 καὶ
1444 4171 1674 4242 λουτρὸν

93 4269 415 4336 ἐγκαινίζειν
449 4269 861 4340 ἁμαρτημάτων
882 4264 1306 4336 καθάρσιον,ούκ
1326 4264 1415 4316 ἐπ’
1447 4263 1672 4333 ὀνόματι

92 4359 178 4410 τοῦ
207 4359 418 4430 Κυρίου
453 4357 630 4429 Ἰησοῦ
670 4356 1022 4426 τελούμενον,
1057 4353 1178 4407 οὐδὲ
1209 4353 1330 4407 κατ’
1359 4353 1518 4408 άλλον
1545 4353 1672 4406 τινὰ

92 4448 193 4502 τῶν
222 4449 532 4520 εἰρημένων
559 4447 719 4516 λόγον
755 4446 1305 4518 μυσταγωγούμενον,
1330 4444 1465 4498 ἀλλὰ
1498 4461 1676 4498 συνει-
1706 4480 1753 4539 D

91 4538 290 4608 δήσεως
319 4539 531 4610 ἀγαθῆς
559 4540 640 4600 εἰς
664 4537 796 4591 Θεὸν
822 4537 1065 4608 ὑπάρχον
1095 4535 1463 4607 ἐπερώτημα;
1508 4536 1672 4608 Ὁρᾷς

92 4614 234 4695 ὅσοις
278 4631 503 4693 ἀτόποις
534 4629 761 4692 ἑαυτοὺς
801 4629 1122 4693 ἐκδιδόασιν,
1150 4624 1232 4690 οἷς
1273 4629 1307 4698 ή
1335 4628 1443 4679 τῶν
1472 4628 1674 4694 ὀνομά-

93 4735 192 4772 των
238 4720 602 4781 άϐασάνιστος
657 4716 908 4788 προφορά
951 4715 1054 4785 τῆς
1093 4717 1153 4768 ἐν
1195 4717 1321 4778 τοῖς.
1353 4715 1674 4784 πράγμασιν

94 4809 342 4879 ἀληθείας
372 4807 797 4880 προτετίμηται;
847 4806 1008 4861 Ἀλλά
1033 4805 1086 4858 τί
1114 4823 1256 4876 φημι
1279 4807 1374 4859 καὶ
1406 4806 1591 4878 ἔτερόν
1620 4823 1673 4860 τι

102 4900 193 4952 τῶν
225 4902 531 4970 εἰρημένων
560 4899 775 4962 ούδενὺς
804 4896 1294 4968 άνεπαχθέστερον,
1319 4899 1406 4951 ἵνα
1425 4900 1499 4969 μὴ
1528 4897 1671 4968 λέγω

97 4991 305 5045 πάντων
339 4991 673 5063 βαρύτερον;
719 4990 783 5043 Ἦ
822 4989 916 5043 τοῦ
947 4991 1254 5061 πνεύματος
1286 4992 1671 5061 μεγαλόφωνος

97 5081 323 5152 σάλπιγξ
373 5083 585 5146 Παῦλος
644 5085 672 5136 ό
715 5083 1007 5152 μετάρσιος
1046 5081 1332 5152 ἄνθρωπος
1384 5081 1526 5150 μέγα
1576 5083 1673 5136 καὶ

103 5176 386 5244 περιφανὲς
403 5176 800 5238 ἀπεσάλπισεν,
832 5174 907 5238 ὡς
938 5160 1019 5238 είς
1049 5175 1140 5228 τὸν
1164 5175 1394 5229 θάνατον
1426 5173 1665 5244 Χριστοῦ

99 5266 249 5334 ἡμεῖς
278 5267 703 5338 ἐϐαπτίσθημεν.
723 5268 986 5333 Ἀκούεις,
1015 5266 1290 5337 ἄνθρωπε,
1320 5265 1458 5320 ἀλλὰ
1484 5269 1667 5338 προεῖ-

1775 1912 1938 1967 quam
1988 1910 2281 1964 corporeas
2325 1896 2581 1949 tenebras
2626 1909 2794 1948 manu
2830 1894 3082 1962 imposita
3115 1894 3361 1947 initiator

1775 1988 1988 2042 initiato
2016 1987 2240 2056 eripuit,
2278 1995 2409 2040 tunc
2435 1986 2653 2064 demum
2707 1984 2948 2038 Ananias
2999 1983 3230 2044 homini,
3263 1980 3358 2051 qui

1778 2079 1977 2133 mentis
2000 2079 2160 2132 simul
2195 2087 2248 2130 et
2293 2077 2579 2130 oculorum
2623 2076 2802 2130 visum
2856 2083 3137 2145 receperat
3169 2093 3182 2128 :
3215 2072 3360 2139 Quid

1776 2168 2028 2231 moraris,
2057 2168 2167 2221 ait?
2197 2165 2395 2234 Surge,
2422 2168 2722 2236 baptizare,
2743 2176 2799 2219 et
2844 2176 2966 2220 tuas
2997 2166 3184 2233 culpas
3214 2165 3359 2228 elue,

1776 2275 1974 2314 nomen
2008 2258 2223 2314 Domini
2276 2258 2578 2313 invocans:
2609 2267 2663 2312 tu
2695 2296 2710 2322 ,
2742 2260 2994 2328 inquam,
3041 2258 3157 2326 ipse
3210 2257 3365 2310 invo-

1776 2367 1933 2417 caus,
1972 2366 2080 2405 non
2117 2352 2259 2406 alius
2290 2351 2514 2406 iuitians
2541 2367 2716 2421 neque
2740 2351 2954 2406 divinas
2987 2349 3364 2404 invocationes

1776 2443 2106 2514 praecinctis.
2143 2443 2285 2510 Quid
2326 2444 2449 2498 ais?
2499 2445 2603 2498 tiro
2657 2444 2896 2496 nondum
2937 2444 3204 2507 initiatus.
3246 2442 3360 2512 jam

1778 2543 1960 2589 tamen
2011 2543 2364 2605 mystagogus
2421 2534 2586 2588 erat?
2640 2533 3064 2604 regenerationis
3121 2533 3362 2600 indigus,

1778 2635 1970 2680 auctor
2002 2627 2166 2680 liebat
2198 2624 2668 2694 regenerationis?
2698 2626 2791 2693 qui
2842 2623 3146 2678 sacerdotis
3186 2621 3363 2676 mani-

1778 2716 1880 2771 bus
1903 2715 2172 2784 labiisque
2203 2715 2505 2769 initiandus
2534 2725 2674 2775 erat,
2708 2715 2824 2781 ipse
2856 2713 3020 2781 hujus
3040 2711 3363 2781 dignitatem

1778 2804 2064 2871 invadens,
2118 2806 2586 2859 consecrationem
2619 2802 2839 2856 sibimet
2881 2799 3366 2868 circumponebat?

1777 2896 1913 2951 Nam
1936 2898 2130 2952 litterae
2156 2895 2509 2966 superﬁcies,
2546 2910 2651 2964 qua
2684 2893 2806 2948 freti
2842 2891 3183 2946 Dominicum
3225 2883 3368 2959 prin-

1779 2998 1993 3059 ceptum
2041 2989 2324 3057 abrogant,
2359 2987 2440 3041 sic
2465 3001 2560 3040 eos
2610 2995 2868 3046 statuere,
2909 2983 3011 3037 etsi
3042 2992 3241 3051 praeter
3267 2995 3364 3032 vo-

1778 3081 2066 3146 luntatem,
2101 3079 2268 3150 cogit.
2319 3076 2473 3132 Alius
2535 3078 2701 3147 igitur
2757 3075 2847 3128 hic
2907 3084 2993 3128 est
3041 3071 3366 3149 initiationis

1778 3173 1940 3235 ritus,
1969 3171 2211 3240 nullique
2244 3168 2591 3239 superiorum
2620 3165 2838 3221 similis.
2887 3162 3030 3229 Quid
3074 3177 3206 3216 vero
3239 3177 3365 3216 cum

1777 3263 2030 3334 princeps
2047 3261 2417 3330 apostolorum
2437 3257 2718 3328 generales
2733 3257 2796 3311 ad
2807 3256 3145 3311 hortationes
3157 3254 3208 3308 di
3219 3269 3367 3322 sper-

1779 3351 1856 3407 sis
1886 3349 2088 3404 Judaeis
2123 3348 2390 3412 scribens,
2422 3346 2622 3416 linguae
2654 3360 2821 3400 cursu
2863 3342 3256 3414 scriptun-aeque
3279 3357 3369 3396 ce-

1777 3441 1992 3496 leritate
2032 3439 2288 3493 manibus
2335 3437 2544 3491 scilicet
2583 3435 2848 3488 ambabus
2893 3435 3237 3503 gubernans,
3274 3432 3369 3486 ba-

1778 3533 2038 3602 ptismum
2074 3530 2426 3586 conscientia
2469 3529 2627 3605 bonae
2653 3527 2925 3580 nuntiavit
2947 3525 3015 3590 ",
3050 3524 3194 3580 haud
3235 3539 3369 3578 sane

1779 3621 2003 3676 fatidico
2034 3621 2294 3675 insistens
2325 3617 2526 3688 tripodi
2553 3659 2568 3684 ,
2605 3619 2696 3673 sed
2729 3617 2910 3671 aﬂlato
2950 3615 3217 3670 divinitus
3245 3614 3368 3668 ani-

1778 3727 1867 3766 mo
1895 3711 2161 3781 loquens?
2190 3725 2371 3764 nonne
2391 3717 2446 3763 tu
2469 3710 2570 3762 hac
2595 3712 2844 3777 protinus
2864 3708 3101 3762 dictione
3121 3708 3366 3775 abrepta,

1779 3800 2208 3857 consecrationis
2243 3800 2467 3854 alterius
2490 3800 2857 3853 inventionem
2893 3798 3237 3868 praedicabit),
3269 3813 3367 3851 no-

1779 3907 1907 3946 vum
1942 3905 2132 3960 nempe
2166 3890 2444 3944 lavacrum
2481 3880 2699 3959 peccata
2737 3889 2985 3958 expians,
3019 3905 3194 3957 neque
3224 3889 3274 3940 id
3311 3888 3365 3940 in

1779 3981 1996 4037 Domini
2035 3979 2162 4035 Jesu
2193 3982 2416 4034 nomine
2449 3981 2842 4048 peragendum,
2881 3995 3057 4048 neque
3090 3979 3198 4032 alio
3233 3992 3368 4046 quo-

1779 4073 1862 4128 vis
1906 4071 2292 4142 praedictorum
2343 4071 2632 4124 modorum
2684 4067 3209 4130 concelebrandum,
3269 4067 3364 4120 sed

1778 4165 1924 4236 quod
1956 4163 2305 4219 conscientiae
2336 4163 2494 4215 bona:
2539 4161 2594 4214 in
2636 4161 2802 4214 Deum
2855 4159 3208 4230 interrogatio
3258 4158 3368 4213 sit?

1779 4255 1914 4311 Hem
1946 4254 2164 4323 quantis
2188 4268 2246 4307 se
2268 4252 2704 4307 absurditatibus
2741 4250 3023 4319 implicant
3049 4250 3122 4313 hi,
3156 4250 3248 4318 qui
3278 4249 3366 4302 in-

1779 4345 2082 4401 consultam
2105 4343 2390 4396 verborum
2419 4340 2914 4409 pronuntiationem
2937 4337 3152 4392 veritati
3179 4353 3364 4392 rerum

1780 4435 2172 4506 anteponunt!‘
2209 4431 2320 4487 Cur
2348 4445 2514 4501 porro
2556 4429 2669 4499 jam
2703 4443 3000 4483 memorem
3051 4429 3364 4496 exemplum

1780 4529 1927 4584 aliud
1955 4528 2138 4581 minus
2175 4525 2486 4588 molestum,
2512 4537 2580 4576 ne
2610 4521 2787 4576 dicam
2821 4521 3066 4575 omnium
3108 4519 3366 4587 gravissi-

1780 4621 1968 4677 mum?
2006 4619 2322 4674 Clarissima
2359 4616 2536 4672 sancti
2571 4615 2807 4684 Spiritus
2846 4616 2975 4667 tuba
3006 4611 3244 4677 Paulus,
3277 4612 3366 4665 ille

1779 4713 2027 4768 mortalis
2074 4711 2253 4765 adhuc
2300 4711 2354 4762 in
2384 4709 2583 4763 caelum
2634 4706 2904 4770 sublatus,
2939 4705 3115 4758 valide
3149 4703 3364 4774 perspi-

1779 4820 1988 4874 cueque
2017 4800 2322 4872 personuit,
2353 4815 2454 4854 nos
2479 4800 2532 4852 in
2557 4797 2762 4855 Christi
2787 4805 2958 4850 morte
2985 4796 3154 4850 fuisse
3184 4791 3366 4864 bapti-

1780 4906 1951 4951 zatos.
1985 4891 2180 4948 Audin‘
2207 4891 2410 4946 homo?
2433 4890 2598 4959 Atqui
2628 4888 2770 4943 idem
2793 4887 2996 4942 Paulus
3023 4897 3181 4940 antea
3214 4887 3364 4940 dixe-

1781 4998 1884 5052 rat,
1918 5006 1938 5040 ‹
1965 4987 2241 5055 Quotquot
2262 4985 2314 5038 in
2333 4984 2554 5038 Christo
2584 4983 2842 5052 baptizati
2871 4997 3063 5037 sumus
3089 4982 3189 5033 ³⁸.)
3217 4977 3362 5049 Ergo

1781 5082 1900 5138 dua:
1941 5079 2054 5149 jam
2086 5085 2215 5133 sunt
2242 5077 2490 5131 initiandi
2535 5073 2807 5142 formulae,
2840 5075 3139 5129 secundum
3169 5087 3360 5128 eorum

1776 5173 2088 5244 opinionem
2121 5169 2215 5240 qui
2255 5168 2374 5223 sine
2398 5165 2605 5237 judicio
2636 5165 2747 5220 ullo
2785 5164 3066 5221 vocabulis
3097 5164 3357 5218 utendum

1774 5281 1897 5322 esse
1926 5264 2299 5334 pronuntiant.
2353 5255 2360 5263 '

197 5425 242 5456 '°
277 5426 395 5481 Act.
437 5442 514 5492 ιι,
541 5426 607 5481 10
633 5407 750 5496 seq.
828 5425 873 5458 ⁸⁷
903 5424 1086 5481 lPetr.
1120 5440 1204 5492 In,
1233 5423 1324 5478 21.
1401 5421 1446 5453 ’⁸
1474 5420 1635 5475 Rom.
1671 5435 1748 5484 vr,
1777 5419 1832 5474 5.

1601 5564 1808 5620 ΝΟΤιΕ
1819 5600 1834 5620 ι

167 5681 276 5766 (ιο)
317 5681 596 5766 Eleganter
630 5685 732 5766 hoc
768 5685 940 5738 utitur
962 5683 1194 5766 _Photius_
1233 5687 1416 5765 ignoto
1455 5686 1657 5741 nostris
1765 5695 1849 5766 est
1877 5683 2226 5766 deEcclesiae
2274 5701 2534 5766 supremo
2566 5688 2929 5761 gubernatore
2958 5681 3141 5744 Petro,
3188 5673 3347 5747 quasi

103 5747 326 5808 fortasse
358 5747 751 5826 leiicographis
782 5754 1058 5810 consulari
1087 5747 1281 5822 verbo:
1314 5756 1443 5825 quia
1478 5772 1655 5811 sermo
1765 5757 2089 5813 Christianae
2120 5757 2248 5828 reip.
2277 5747 2523 5814 consule.
