3864 6218
537 308 596 380 11
1645 313 1875 375 ΡΗΟΤΙ
1882 315 1909 374 Ι
1947 315 2073 375 PA']

2177 316 2449 377 ARCHzE
2481 318 2590 380 CP.

3655 323 3750 386 312

497 441 596 476 πεν
682 421 876 485 αὐτός’
915 438 934 472 ι
982 421 1137 474 Ὀσοι
1184 422 1264 484 είς
1319 418 1556 492 Χριστὸν
1631 422 2059 492 ἐϐαπτίσθημεν.
2117 443 2138 476 ι
2182 417 2390 486 Οὐκοῦν
2445 430 2562 500 ἅμα
2605 429 2697 486 δύο
2761 433 3142 505 μυσταγωγίαι
3181 434 3326 492 κατὰ
3369 435 3472 508 τὴν
3510 437 3747 491 ὑπόθεσιν

491 517 601 571 τῶν
633 514 960 588 ἀδιακρίτως
1004 513 1307 588 κεχρῆσθαι
1334 514 1774 583 δογματιζόντων
1809 520 1922 580 τοῖς
1952 517 2202 586 ὀνόμασι.

564 637 619 692 7.
661 633 801 700 Quid
852 629 984 701 ergo
1036 631 1324 687 dicendum
1386 632 1511 686 est?
1557 629 1808 687 Profecto
1869 633 2064 688 harum

2241 639 2306 705 ζ’.
2334 640 2399 693 Τί
2424 635 2516 694 οὖν
2535 640 2614 694 δεῖ
2639 640 2816 710 λέγειν
2834 661 2848 710 ;
2865 643 2931 697 Ἥ
2954 643 3060 713 γὰρ
3078 645 3183 699 τῶν
3215 645 3454 718 ἐλέγχων
3469 648 3744 712 ἀδέκαστος

496 726 902 780 convictionum
937 739 1094 793 aequa
1126 724 1494 777 consideratio
1534 739 1641 778 non
1695 724 1872 777 solum
1911 740 2072 780 coar-

496 811 852 886 guit'eorum
903 815 1186 868 hominum
1233 812 1566 866 indeﬁnitam
1621 812 1920 878 rationem,
1977 815 2073 882 qui

413 976 424 986 .
481 908 675 961 -varias
699 916 891 976 praeter
913 905 1255 959 Dominicam
1287 903 1535 957 initiandi
1561 901 1828 959 formulas
1854 920 1882 959 a
1910 905 2075 961 disci-

499 1000 643 1070 pulis
700 1000 934 1053 traditas
985 995 1385 1051 incredibiliter
1437 994 1687 1063 ﬁngunt;
1738 996 1832 1051 sed
1881 998 2071 1051 eadem

497 1105 716 1160 quoque
781 1089 998 1143 videtur
1058 1088 1300 1140 inserere
1355 1084 1642 1140 Dominico
1699 1085 1862 1141 eﬁ‘ato
1934 1089 2073 1144 alias

495 1196 682 1245 voces,
727 1168 866 1250 quas
916 1176 1331 1231 indiﬁ‘erentiam
1383 1190 1509 1243 erga
1559 1175 1690 1229 illud
1740 1177 1885 1232 haud
1935 1182 2074 1235 satis

499 1273 671 1333 tueri,
730 1285 836 1324 non
892 1268 1130 1323 absurde
1185 1266 1402 1321 causari
1453 1267 1600 1322 licet.
1655 1266 1818 1338 Atqui
1863 1286 2072 1325 .revera

499 1361 776 1432 negotium
825 1375 930 1413 non
981 1359 1054 1412 ita
1098 1373 1157 1412 se
1198 1357 1357 1412 habet
1388 1375 1402 1410 :
1432 1372 1542 1412 non
1594 1359 1740 1412 enim
1775 1375 1937 1416 voces
1969 1363 2075 1417 illa:

497 1454 790 1522 quidquam
835 1449 951 1504 ﬁeri
983 1458 1250 1514 statuunt,
1289 1458 1485 1518 prmter
1516 1447 1812 1504 Dominica:
1844 1451 2076 1507 locutio-

494 1545 582 1599 nis
621 1543 886 1598 terminos
916 1552 1084 1611 alque
1118 1541 1448 1606 oraculum;
1489 1556 1666 1610 neque
1717 1543 1821 1596 sibi
1870 1560 2075 1614 praero-

477 1635 732 1706 gativam
796 1635 961 1703 hujus
1016 1632 1339 1699 vindicant;
1405 1634 1499 1688 sed
1568 1634 1697 1702 ipsae
1763 1635 1948 1703 potius
2007 1636 2074 1691 ad

494 1727 805 1798 praedictam
837 1725 983 1779 illam
1028 1723 1457 1789 regenerationis
1493 1723 1790 1778 formulam
1828 1725 2076 1779 referun-

496 1829 604 1884 tur,
630 1828 795 1886 atque
812 1815 1062 1872 eamdem
1093 1825 1204 1868 tota
1237 1830 1463 1869 suorum
1490 1817 1752 1870 varietate
1780 1817 2074 1871 verborum

495 1911 810 1979 signiﬁcant
837 1923 903 1962 ac
928 1907 1236 1973 designant.
1263 1904 1406 1971 Quid
1442 1906 1608 1975 igitur
1633 1908 1924 1962 dicendum
1951 1908 2072 1964 est?

493 1976 645 2071 quid,
702 1999 949 2068 inquam,
997 1997 1142 2050 aliud
1186 2006 1384 2066 praeter
1437 1996 1490 2051 id
1531 1997 1675 2066 quod
1710 1997 1824 2066 jam
1859 1999 2070 2054 dictum
2101 1976 2144 2032 Β

495 2089 620 2145 est?
685 2084 944 2142 nimirum
1009 2087 1247 2157 generali
1310 2087 1537 2141 notione
1591 2087 1880 2143 dicendum
1947 2099 2068 2154 est,

410 2175 412 2178 ’
495 2181 680 2235 omnia
736 2195 859 2249 quas
916 2181 1385 2248 regenerationem
1444 2177 1754 2248 signiﬁcant
1811 2179 2068 2244 nomina,

417 2317 426 2328 .
495 2275 612 2329 vice
638 2272 788 2341 fungi
831 2271 1132 2325 facularum
1176 2270 1538 2339 quarumdam
1587 2271 1908 2334 lucentium,
1952 2287 2073 2341 qua:

497 2369 551 2421 in
579 2366 820 2421 divinmn
855 2364 1007 2417 illum
1048 2372 1104 2417 et
1140 2361 1463 2430 originalem
1501 2369 1556 2416 et
1601 2361 1965 2418 immortalem
2006 2377 2071 2418 ac

496 2472 792 2527 perennem
841 2454 1020 2525 ignem
1073 2451 1460 2508 refunduntur.
1515 2452 1702 2521 Neque
1751 2469 1884 2507 sane
1942 2453 2072 2524 ipsa:

497 2548 638 2618 ignis
680 2546 770 2600 ille
804 2543 1153 2615 purgatorius
1191 2552 1340 2610 sunt,
1393 2559 1570 2613 neque
1605 2559 1701 2612 per
1731 2544 1878 2614 ipsa’s
1921 2559 2073 2614 rege-

497 2639 709 2694 neratio
732 2637 789 2692 ﬁt
816 2654 830 2691 :
855 2652 978 2690 nam
1005 2650 1148 2690 unus
1171 2645 1254 2690 est
1275 2635 1368 2705 qui
1393 2634 1812 2689 inenarrabilem
1841 2634 2071 2705 gratiam

495 2739 658 2800 atque
693 2727 1038 2797 adoptionem
1070 2726 1288 2781 confert
1316 2726 1480 2797 ignis,
1522 2725 1629 2778 illre
1661 2734 1843 2778 autem
1881 2723 2070 2778 faculae

497 2823 642 2876 hunc
692 2819 1008 2884 ostendunt,
1045 2818 1166 2872 alia:
1203 2818 1422 2887 quidem
1472 2817 1696 2881 clarius,
1749 2817 1869 2870 alia:
1909 2817 2070 2884 paulo

491 2915 781 2970 obscurius
855 2914 928 2967 ita
961 2921 1140 2966 tamen
1192 2921 1252 2966 ut
1287 2928 1449 2966 unam
1481 2912 1840 2981 eamdemque
1888 2910 2072 2965 initia-

495 3009 691 3065 tionem
743 3005 970 3076 mystice
1028 3016 1194 3074 atque
1256 3018 1456 3058 arcane
1513 3003 1671 3057 nobis
1739 3002 2068 3073 signiﬁcent.

492 3097 746 3152 Profecto
789 3097 1172 3152 considerandi
1224 3095 1508 3160 studiosis,
1551 3103 1717 3162 atque
1759 3095 1827 3149 iis
1855 3095 1950 3164 qui
2001 3095 2070 3148 ad

493 3187 935 3258 cognoscendum
1004 3186 1292 3240 nominum
1355 3185 1759 3254 verborumque
1843 3172 2069 3240 sensum

495 3281 670 3350 gratia
704 3279 931 3348 Spiritus
965 3278 1319 3346 adjuvantur,
1367 3285 1565 3331 cuncta
1602 3291 1723 3344 quae
1757 3289 1924 3344 supra
1957 3275 2071 3330 siu-
2099 3300 2143 3362 ρ

495 3372 724 3442 εἰιιιιιίηι
756 3370 899 3424 dicta
930 3367 1104 3433 fuere,
1135 3367 1467 3436 baptismum
1498 3366 1550 3418 in
1586 3367 1748 3419 Patre
1787 3374 1842 3419 et
1883 3365 1994 3420 ﬁlio
2015 3375 2079 3421 et

500 3462 706 3532 Spiritu
739 3468 930 3516 sancto
960 3458 1277 3529 pradicant.
1315 3455 1518 3511 Verum
1573 3457 1604 3510 ii
1641 3456 1734 3526 qui
1766 3455 1820 3509 in
1865 3457 2078 3510 aurium

2177 731 2521 796 συνεξέτασις
2547 774 2562 798 ,
2596 733 2697 807 οὐκ
2741 734 2988 798 ἐκείνους
3020 736 3225 806 μόνους.
3247 738 3496 808 ἐλέγχειν
3527 739 3646 808 ἐοχε
3692 742 3744 792 τὸ

2175 822 2608 892 άπαράγραπτον
2630 862 2645 886 ,
2668 823 2717 876 οἳ
2739 823 3033 895 διαφόρους
3068 829 3461 901 μυσταγωγίας
3484 831 3635 898 παρὰ
3658 833 3740 900 τὴν

2164 913 2496 987 ’δεσποτικὴν
2512 919 2928 988 τερατολογοῦσι
2943 921 3070 984 τοὺς
3092 922 3341 992 μαθητὰς
3369 925 3739 991 ἐπιδείξασθαι,

2174 1008 2310 1061 ἀλλὰ
2330 1025 2394 1077 γε
2422 1010 2570 1062 δοκεῖ
2599 1013 2940 1083 παρενείρειν
2968 1015 3104 1078 ὅλως
3129 1018 3227 1086 τῆς
3251 1018 3590 1086 Δεσποτικῆς
3612 1021 3737 1088 ἱερο-

2173 1100 2359 1168 λογίας
2382 1103 2743 1174 προκειμένης
2781 1105 2972 1174 ἐτέρας
3013 1107 3214 1176 φωνὰς,
3240 1108 3295 1161 αἲ
3318 1108 3392 1179 μὴ
3420 1112 3558 1161 κατά
3581 1113 3740 1164 πάντα

2175 1192 2310 1263 πρὸς
2341 1193 2510 1262 αὐτὴν
2543 1193 2602 1246 τὸ
2631 1193 3046 1264 ἀπαράλλακτον
3079 1196 3437 1260 διασώζουσιν
3467 1207 3494 1234 η
3522 1201 3738 1265 ἀποφαί-

2174 1300 2284 1336 νειν
2320 1283 2419 1335 οὑκ
2456 1283 2718 1339 ἀναίτιον.
2753 1285 2826 1337 Τὸ
2862 1285 2918 1338 δὲ
2939 1325 2954 1348 ,
2991 1287 3141 1339 οὐδὲν
3171 1287 3417 1340 τοιοῦτόν
3462 1291 3606 1341 ἐστιν
3639 1305 3652 1318 ·
3682 1292 3733 1342 οὐ

2175 1374 2284 1444 γάρ
2355 1374 2831 1443 ἁντινομοθετοῦσι
2891 1377 3152 1445 πράττειν
3205 1379 3358 1449 παρὰ
3405 1380 3498 1432 τὸν
3544 1383 3737 1450 ἐκείνης

2173 1465 2296 1536 ὅρον
2327 1467 2421 1518 καὶ
2476 1466 2536 1518 τὺ
2577 1465 2875 1537 θέσπισμα,
2907 1468 3017 1521 οὐδ’
3060 1471 3139 1531 είς
3186 1469 3390 1530 ἑαυτὰς
3429 1473 3735 1539 περιῖστῶσι

2173 1554 2234 1607 τὸ
2262 1554 2466 1624 ταύτης
2497 1555 2808 1625 προνόμιον,
2837 1558 2917 1619 είς
2947 1557 3114 1628 αὐτὴν
3142 1557 3198 1610 δὲ
3229 1559 3399 1626 μόνην
3424 1561 3737 1628 ἀναφέρουσι

2175 1643 2267 1697 τὸν
2297 1644 2394 1714 τῆς
2421 1644 2839 1712 παλιγγενεσίας
2874 1645 3052 1714 λόγον,
3088 1649 3181 1699 καὶ
3211 1649 3420 1718 ταύτην
3446 1653 3504 1703 ἐν
3538 1655 3601 1719 τῇ
3638 1671 3740 1706 ποι-

2176 1734 2324 1806 κιλίᾳ
2361 1735 2468 1788 τῶν
2511 1735 2790 1806 ὀνομάτων
2814 1737 3232 1811 διασημαίνουσί
3256 1759 3315 1793 τε
3344 1747 3440 1794 καὶ
3475 1743 3740 1810 ἀπαγγέλ-

2177 1824 2349 1878 λουσι.
2392 1825 2454 1877 Τί
2485 1823 2576 1878 οὖν
2602 1826 2682 1878 δεῖ
2711 1825 2926 1894 λέγειν;
2951 1827 3003 1879 τι
3036 1827 3092 1880 δέ
3123 1828 3251 1881 ἄλλο
3287 1819 3419 1902 παρ’
3442 1832 3470 1883 ὃ
3504 1833 3738 1904 εῖρητᾳις

2179 1917 2274 1970 καὶ
2300 1916 2817 1986 παραδειγματικῶς
2862 1918 3036 1971 είπεῖν
3069 1908 3151 1972 ὅτι
3186 1922 3365 1974 πάντα
3390 1925 3490 1976 ὅσα
3524 1924 3619 1992 τὴν
3647 1941 3740 1994 πστ

2172 2005 2510 2074 λιγγενεσεαν
2529 2008 3000 2077 ἐπισημαίνονται,
3027 2003 3138 2062 οἷον
3160 2009 3453 2079 λαμπάδες
3485 2016 3592 2069 εἰσί
3617 2034 3742 2078 τινες

2172 2098 2574 2168 φωταυγοῦσαι,
2631 2101 2725 2152 καὶ
2752 2100 2888 2170 πρὸς
2931 2101 2992 2154 τὸ
3019 2101 3162 2156 θεῖον
3183 2104 3280 2156 καὶ
3320 2109 3559 2172 πηγαῖον
3583 2109 3744 2161 ἐκεῖνο

2171 2191 2266 2245 καὶ
2293 2191 2568 2260 ἀκήρατον
2593 2190 2685 2244 καὶ
2719 2190 2944 2244 ἁένναον
2989 2193 3375 2263 ἀναχεόμεναι.
3412 2197 3487 2248 Οὐ
3532 2197 3634 2266 μὴν
3666 2200 3746 2249 αὑ-

2171 2279 2260 2332 ταί
2317 2296 2381 2347 γε
2433 2280 2539 2331 είσὶ
2590 2279 2652 2332 τὸ
2693 2278 2987 2348 καθάρσιον
3045 2279 3177 2350 πῦρ,
3204 2282 3326 2335 οὐδὲ
3369 2284 3514 2337 κατὰ
3559 2285 3746 2348 ταύτας

2170 2367 2628 2440 τελεσιουργεῖται
2674 2371 2706 2439 ἡ
2760 2371 3148 2442 ἀναγέννησις·
3195 2373 3311 2426 ἀλλ’
3356 2375 3414 2427 ἓν
3480 2377 3579 2446 μέν
3613 2380 3747 2430 ἐστιν

2172 2464 2347 2516 ἐκεῖνο
2375 2463 2435 2515 τὸ
2471 2463 2568 2534 τὴν
2595 2463 2734 2533 ὑπὲρ
2768 2463 2925 2532 λόγον
2973 2465 3134 2536 χάριν
3160 2467 3254 2520 καὶ
3286 2467 3566 2522 υἱοθεσίαν
3605 2487 3748 2539 χαρι.

2173 2551 2418 2620 ζόμενον,
2455 2553 2636 2604 ἐκεῖνα
2680 2551 2737 2604 δὲ
2759 2549 2916 2604 τοῦτο
2949 2553 3324 2624 παραδηλοῦσι
3359 2571 3374 2586 ·
3416 2558 3484 2608 τὰ
3538 2557 3637 2626 μὲν
3661 2574 3748 2609 σα-

2147 2642 2452 2711 -φέστερον,
2509 2641 2577 2694 τά
2620 2641 2677 2694 δὲ
2721 2642 3261 2713 αἰνιγματικῴτερον.
3297 2645 3390 2697 καί¹
3437 2645 3538 2713 τὴν
3592 2647 3748 2716 αὐτὴν

2173 2727 2301 2795 ἡμῖν
2326 2727 2421 2779 καὶ
2444 2727 2571 2803 μίαν
2591 2727 2975 2797 μυσταγωγίαν
3005 2730 3280 2798 μυστικῶς
3308 2746 3367 2782 τε
3391 2732 3485 2783 καὶ
3503 2749 3750 2785 συνεπτυ-

2171 2819 2386 2887 γμένως
2403 2819 2575 2888 ὑποση
2585 2821 2882 2888 μαίνονται.
2905 2820 3013 2872 Καὶ
3034 2819 3140 2889 γὰρ
3161 2824 3273 2883 τοῖς
3297 2823 3395 2891 μὲν
3411 2823 3749 2890 φιλοθεάμοσι

2172 2910 2268 2964 καὶ
2284 2911 2408 2963 νοῦν
2423 2910 2704 2980 ὀνομάτων
2731 2910 2824 2963 καὶ
2859 2910 3122 2981 ῥημάτων
3138 2898 3422 2966 κατανοεῖν
3438 2915 3596 2983 χάριν
3620 2917 3750 2982 παρὰ

2171 3001 2266 3054 τοῦ
2311 3003 2623 3071 πνεύματος
2662 3001 2964 3070 εἰληφόσιν,
3011 3003 3243 3055 ἕκαστον
3295 3004 3407 3055 τῶν
3450 3005 3555 3056 ἁνὰ
3597 3007 3748 3074 μέρσς

2171 3093 2476 3162 εἰρημένων
2503 3091 2564 3143 τὸ
2591 3094 2670 3154 είς
2707 3091 2923 3162 Πατέρα
2944 3092 3038 3145 καὶ¹
3067 3092 3196 3145 Υίὸν
3229 3093 3323 3146 καὶ
3356 3093 3580 3162 Πνεῦμα
3612 3096 3750 3160 ἆγιον

2173 3181 2577 3249 ἀπαγγέλλουσι
2619 3181 2922 3250 βάπτισμα.
2972 3182 3100 3246 Τοῖς
3141 3182 3198 3236 δὲ
3242 3186 3406 3253 μέχρι
3449 3185 3553 3254 τῆς
3592 3185 3751 3251 πὺὶης

2173 3272 2282 3325 τῶν
2307 3273 2482 3326 ἀκοῶν
2513 3272 2604 3324 τὸν
2629 3268 2759 3342 ἦχον
2786 3272 3249 3342 παραδεχομένοις
3276 3275 3372 3327 τοῦ
3404 3277 3670 3345 ῥήματος,
3698 3278 3750 3328 1*-

2183 3365 2228 3418 δ’
2262 3364 2407 3417 ἔνδον
2434 3364 2614 3432 κωφὸν
2639 3363 2987 3434 προϊεμένοις
3013 3367 3318 3436 κριτήριον,
3348 3369 3565 3439 μυρίοις
3592 3369 3659 3422 ἂν
3677 3369 3750 3436 sit;

2188 3455 2532 3525 περιπταίειν
2568 3457 2680 3517 τοῖς
2715 3454 3181 3524 παραπτώμασιν.

499 3552 877 3610 tantummodo
932 3551 1122 3605 limine
1177 3549 1432 3604 vocabuli
1491 3563 1689 3604 sonum
1751 3548 2068 3618 excipiunt,
2138 3561 2284 3603 caeco
2350 3561 2532 3603 autem
2593 3547 2855 3602 interiore
2893 3548 3100 3616 judicio
3145 3558 3416 3615 utuntur,
3461 3550 3753 3607 innumeris

496 3643 845 3708 circumferri
869 3641 1151 3698 erroribus
1191 3642 1387 3696 solent.

569 3758 624 3813 8.
661 3755 847 3826 Neque
895 3756 950 3810 in
995 3756 1102 3810 hoc
1149 3753 1350 3817 solum,
1392 3753 1537 3822 quod
1583 3766 1728 3806 nunc
1766 3767 2072 3817 versamus,

499 3855 778 3925 proposito
810 3853 965 3906 multi
998 3867 1057 3906 re
1104 3851 1308 3905 omissa
1347 3849 1508 3904 nudis
1544 3849 1773 3904 vocibus
1821 3849 2070 3902 haerent:

499 3960 684 4000 verum
715 3943 878 3998 etiam
927 3942 1064 3996 alias
1107 3940 1408 4009 saepissime
1436 3955 1450 3994 :
1480 3953 1590 4008 quo
1625 3938 1685 3991 ﬁt
1711 3946 1772 3992 ut
1821 3938 2073 3992 haeretica

495 4035 816 4092 exoriautur
870 4030 1100 4095 zizania,
1151 4046 1270 4099 qua:
1324 4029 1534 4084 nullum
1590 4028 1780 4082 utilem
1827 4026 2070 4081 fructum

499 4129 758 4193 afferunt,
788 4127 900 4181 imo
923 4140 1051 4180 vero
1072 4123 1311 4178 exitialia
1347 4137 1553 4176 venena
1583 4127 1869 4191 generant.
1901 4119 2076 4172 Aliter

498 4235 558 4274 se
597 4218 737 4289 gerit
769 4218 963 4286 pietas,
1005 4229 1127 4284 qua:
1176 4226 1310 4268 sane
1346 4210 1554 4279 ubique
1603 4209 1854 4278 spiritum
1886 4209 2073 4277 potius

499 4325 662 4379 quam
717 4309 956 4362 litteram
1006 4312 1377 4368 consectatur,
1427 4309 1480 4355 et
1528 4300 1808 4366 religionis
1840 4299 2074 4354 fructum

500 4399 750 4470 percipit,
790 4398 1018 4467 ejusque
1065 4395 1326 4450 alimonia
1377 4391 1596 4456 fruitur,
1635 4391 1756 4446 sine
1801 4390 1912 4446 ulla
1961 4406 2078 4445 ser—

503 4491 713 4560 pemini
760 4489 987 4544 seminis
1014 4486 1296 4550 insitione,
1333 4484 1444 4538 imo
1471 4482 1725 4538 draconis
1766 4481 1966 4536 veteris
2008 4497 2078 4536 ne

503 4578 732 4649 vestigio
775 4577 996 4646 quidem
1043 4588 1277 4643 usquam
1330 4572 1515 4626 obvio.
1571 4571 1708 4626 Nam
1755 4586 1853 4626 cur
1894 4571 2078 4626 dicere

505 4670 706 4736 liceat,
769 4668 1049 4736 baptizare
1102 4666 1157 4720 in
1209 4663 1472 4728 Christo,
1516 4663 1687 4717 aliam
1739 4677 1862 4717 esse
1904 4661 2076 4734 legem

503 4763 799 4832 baptismi?
853 4763 981 4815 item
1041 4773 1143 4813 cur
1198 4758 1306 4812 alia
1365 4757 1451 4812 lex
1513 4757 1628 4820 sit,
1688 4755 1968 4824 baptizare
2019 4755 2075 4809 in

500 4855 702 4921 Christi
737 4850 951 4906 morte?
971 4848 1108 4903 Nam
1139 4847 1186 4904 si
1210 4859 1442 4918 utraque
1473 4847 1679 4903 locutio
1711 4843 1799 4902 leni
1825 4846 2073 4903 initiandi

498 4955 604 5010 est,
644 4941 888 5013 profecto
935 4941 1083 5012 leges
1121 4939 1355 4995 invicem
1389 4946 1709 5009 repugnant.
1739 4937 1912 4992 Porro
1954 4939 2077 5008 qui-

2245 3743 2317 3814 η’.
2370 3743 2484 3796 Οὐκ
2521 3743 2625 3819 ἐπὶ.
2658 3744 2827 3815 μόνης
2872 3744 2929 3798 δέ
2972 3745 3070 3815 τῆς
3125 3745 3412 3818 παρούσης
3452 3747 3752 3812 ὑποθέσεως

2173 3833 2356 3903 ψιλαῖς
2380 3837 2501 3896 ταῖς
2530 3833 2708 3898 λέξεσι
2750 3835 2940 3888 πολλοὶ
2972 3836 3081 3888 τῶν
3111 3837 3453 3908 πραγμάτων
3491 3839 3752 3891 ἀποστάν-

2173 3943 2265 3989 τες
2293 3925 2697 3996 περικάθηνται
2734 3943 2747 3956 ·
2790 3926 2926 3981 ἀλλὰ
2959 3928 3051 3979 καὶ
3081 3928 3174 3980 ἐπὶ
3213 3910 3428 3998 μυρίων
3456 3930 3651 3994 ἄλλων,
3687 3932 3750 3983 δι’

2175 4011 2250 4072 ὧν
2275 4017 2345 4071 τὰ
2372 4018 2619 4087 αἱρετικὰ
2636 4018 2735 4088 τῆς
2764 4017 3092 4087 Ἐκκλησίας
3126 4018 3488 4088 παραφυέντα
3519 4020 3747 4083 ζιζάνια,

2176 4109 2387 4180 καρπὸν
2417 4110 2516 4180 μὲν
2547 4109 2738 4162 οὐδένα
2763 4109 3029 4178 τρόφιμον
3075 4113 3350 4179 γεωργεῖ,
3380 4112 3749 4182 δηλητηριιῶη

2174 4200 2229 4253 δὲ
2257 4199 2543 4270 βλαστάνει
2583 4198 2869 4268 φάρμακα.
2907 4198 3048 4250 Ἀλλ’
3082 4199 3179 4268 οὐχ
3211 4199 3384 4262 οὕτως
3426 4203 3460 4271 η
3487 4202 3750 4266 εὐσέὸεια,

2181 4289 2459 4360 πανταχοῦ
2482 4289 2539 4342 δὲ
2567 4289 2767 4359 μᾶλλον
2794 4287 2890 4341 τοῦ
2915 4289 3227 4360 πνεύματος
3255 4291 3289 4359 ἢ
3315 4290 3408 4343 τοῦ
3435 4293 3752 4362 γράμματος

2148 4413 2152 4418 -
2176 4381 2457 4450 γινομένη,
2491 4380 2587 4433 καὶ⁵
2617 4379 2708 4432 τὸν
2744 4379 2957 4450 καρπὸν
2986 4381 3084 4450 τῆς
3109 4379 3391 4444 εὐσεϐείας
3419 4384 3595 4452 τρυγᾷ
3622 4425 3638 4445 ,
3671 4386 3753 4435 καὶ

2184 4469 2390 4540 τροφῆς
2422 4467 2978 4538 ἁπολαύει,οὑδεμιᾶς
3003 4469 3438 4539 ἐπιμιγνυμένης
3469 4472 3606 4540 αὐτῇ
3635 4471 3756 4540 δρα-

2181 4561 2427 4624 κοντείας
2452 4561 2782 4630 ἐπισπορᾶς,
2806 4559 2920 4614 ἀλλ’
2939 4560 3061 4613 οὐδὲ
3083 4561 3226 4630 ἴχνος
3254 4562 3406 4615 οὐδὲν
3428 4542 3752 4630 ὑποφαινού-

2181 4669 2282 4723 σης
2310 4651 2405 4705 τοῦ
2438 4650 2667 4704 παλαιοῦ
2700 4651 2895 4720 όφεως.
2939 4652 3092 4705 Ἐπεὶ
3125 4653 3241 4715 πῶς
3273 4651 3340 4706 ἂν
3371 4655 3455 4722 εἴη
3485 4655 3662 4721 λέγειν
3685 4655 3750 4716 ὡς

2177 4743 2240 4796 τὸ
2259 4743 2336 4815 είς
2361 4732 2595 4814 Χριστὸν
2621 4741 2926 4812 βαπτίζειν,
2951 4742 3138 4813 ἕτερος
3160 4741 3322 4811 νόμος
3348 4741 3754 4812 βαπτίσματοςς

2179 4833 2298 4898 πῶς
2327 4833 2371 4886 δ’
2412 4832 2569 4895 ἄλλος
2592 4831 2652 4884 τὸ
2683 4833 2762 4894 είς
2793 4831 2884 4882 τὸν
2917 4828 3012 4882 τοῦ
3051 4828 3290 4899 Χριστοῦ
3333 4829 3617 4899 βαπτίζειν
3665 4829 3756 4880 θά-

2177 4941 2370 4992 νατον;
2415 4923 2478 4978 Εί
2519 4923 2627 4995 γὰρ
2673 4924 2774 4992 τῆς
2811 4920 3202 4993 μυσταγωγίας
3239 4921 3404 4990 νόμος
3446 4917 3515 4992 ἦν
3553 4921 3752 4974 τούτων

505 5037 610 5090 bus
648 5031 991 5104 argumentis
1021 5030 1343 5086 alterutram
1383 5007 1692 5086 convellere
1729 5007 2073 5084 machinabe-

2184 5021 2464 5090 ἑκάτερον,
2489 5015 2738 5084 ἀλλήλοις
2763 5013 3218 5084 άντενομοθέτουν
3246 5013 3312 5068 ἄν
3335 5028 3350 5043 ⁸
3379 5015 3473 5066 καὶ
3491 5013 3556 5066 δι’
3583 5007 3660 5065 ὧν
3682 5027 3756 5072 τις

499 5124 599 5184 ris,
653 5121 852 5177 iisdem
905 5120 1172 5196 reliquam
1222 5118 1386 5174 simul
1442 5127 1676 5175 evertes.
1727 5117 1992 5174 Similiter
2036 5119 2073 5174 si

2187 5109 2516 5181 ἀνατρέπειν
2545 5107 2821 5178 ἐπεχείρει
2844 5107 3096 5176 θάτερον,
3125 5105 3187 5158 τὸ
3221 5104 3410 5158 λοιπδν
3445 5104 3758 5173 ωνανέτρε-

506 5216 590 5270 hac
642 5215 961 5270 locutiones
1006 5213 1117 5268 vim
1151 5212 1274 5267 latae
1311 5210 1447 5282 legis
1484 5211 1784 5276 haberent,
1835 5211 1924 5265 illa
1973 5211 2081 5277 iam

509 5306 797 5362 Dominico
847 5321 942 5361 ore
993 5305 1346 5375 pronuntiata
1399 5301 1650 5356 initiandi
1695 5300 1928 5356 formula
1967 5317 2074 5356 non

508 5399 786 5455 immerito
822 5396 1098 5453 videretur
1134 5393 1344 5450 inutilis
1391 5405 1457 5446 ac
1506 5405 1911 5459 supervacanea
1943 5409 1959 5449 ι
1994 5393 2076 5446 vel

2187 5221 2311 5257 πεν.
2360 5203 2635 5264 Ὡσαύτως
2661 5200 2717 5252 δὲ
2749 5200 2843 5253 καὶ
2875 5200 2924 5253 εί
2957 5199 3137 5269 νόμων
3182 5199 3444 5270 εἰσφορᾶς
3473 5197 3757 5267 προνόμιεν

2183 5289 2328 5365 εἶχον
2367 5293 2437 5346 τά
2471 5290 2719 5352 τοιαῦτα,
2757 5291 2856 5343 οὐκ
2890 5289 3100 5356 ἀλόγως
3145 5288 3212 5342 ἂν
3256 5289 3352 5341 καὶ
3399 5290 3434 5358 ἡ
3479 5286 3757 5352 δεσποτικὴ

2192 5384 2546 5457 μυσταγωγία
2596 5383 2676 5445 είς
2708 5382 2768 5434 τὸ
2819 5383 3073 5453 περιττόν
3103 5398 3156 5436 τι
3188 5381 3287 5436 καὶ
3331 5381 3605 5452 ἄχρηστον
3635 5395 3755 5445 παρ

1794 5561 2030 5618 ἾΑΒΙᾸΕ
2074 5555 2482 5628 ιΕοΤιΟΝΕδ,

633 5709 665 5740 ιι
698 5697 842 5754 Num
873 5695 1218 5755 scribendum
1247 5693 1312 5757 ἃς
1345 5719 1412 5732 -
1444 5688 1763 5753 διασώζεινῖ
