3830 6210
89 286 171 351 313
997 282 1098 341 AD
1129 278 1726 342 AMPHILOCHIUM
1754 282 2099 354 QUIESTIO
2145 286 2370 348 XLIII.

3212 284 3318 357 ιιι

89 380 271 453 εδύετολ
319 390 548 464 κάκείνη
597 391 761 447 πάλιν
809 390 1016 447 τούτων
1058 391 1315 446 ἁπάντων
1366 393 1640 462 εἰσηγεῖτο

1745 394 1922 460 potius
1979 395 2092 451 haec
2145 396 2261 466 ipsa
2310 395 2693 467 praedictarum
2754 398 3001 455 omnium
3058 416 3159 472 pro
3212 422 3312 461 sua

92 489 199 561 μετὰ
216 486 592 558 λαμπροτέρας
619 485 718 557 τῆς
744 483 929 554 ἰσχύος
960 485 1055 538 καὶ
1072 482 1164 537 τοῦ
1193 482 1508 553 ἀξιώματος
1531 484 1629 552 τὴν

88 583 339 651 ἀναίρεσιν.
367 577 579 649 Οὐκοῦν
605 577 700 631 καὶ
725 576 832 630 ἀπὸ
868 576 971 647 τῆς
1007 576 1213 647 ἄλληλα
1237 576 1344 629 τῶν
1373 576 1633 638 πολλάκις

90 673 347 745 εἰρημένων
392 672 655 743 ῥημάτων
683 669 1190 724 ἀποσκευάσασθαι.
1219 666 1385 721 Ἀλλά
1408 667 1463 720 τί
1500 684 1631 720 ποτε

90 764 417 842 ἧνόλέγει,’ἧ
459 770 542 823 ὅτι
583 767 671 821 διὰ
720 765 876 819 τοῦτο
921 766 997 837 μὴ
1031 765 1443 837 προηγούμενον
1472 764 1633 835 ἔργον

93 864 256 933 ἐθέμην
294 862 352 914 τὸ
388 861 709 932 βάπτισμα;
742 881 762 914 ι
814 860 934 914 Ἵνα
961 859 1038 928 μὴ
1063 857 1143 928 τῷ
1172 857 1369 928 πλήθει
1397 856 1506 909 τῶν
1536 856 1635 926 βα-

92 955 387 1023 πτιζομένων
416 955 578 1020 δόξαν
601 953 825 1025 ἐμαυτῷ
846 954 1176 1024 περιάπτειν
1202 954 1313 1014 τοῖς
1342 951 1638 1028 βασκάνοις

92 1051 267 1116 λέγειν,
311 1049 408 1101 καὶ
451 1048 523 1099 τὰ
582 1046 845 1101 κάλλιστα
893 1045 972 1117 τῷ
1033 1045 1213 1114 φθόνῳ
1261 1042 1477 1113 βάλλειν
1519 1042 1635 1112 βίον

94 1140 411 1209 ποιουμένοις,
451 1135 729 1206 πρόφασιν
756 1137 848 1189 ἐπὶ
892 1135 1112 1205 διαϐολῇ
1141 1133 1388 1205 παρέξω,
1413 1133 1506 1186 καὶ
1536 1132 1636 1203 τὴν

95 1229 324 1300 σωτηρίαν
360 1227 471 1281 τῶν
504 1225 968 1297 ἀναγεννωμένων
1002 1223 1355 1296 καπηλεύειν,
1392 1223 1635 1284 ἐπαίνοις

96 1322 214 1384 ἰδίοις
244 1320 300 1373 τὸ
325 1319 495 1390 δῶρον
528 1319 622 1372 τοῦ
655 1317 973 1389 Πνεύματος
1008 1316 1326 1387 ἐνυϐρίζων.
1367 1333 1385 1366 ι
1421 1313 1529 1367 Καὶ
1567 1313 1635 1366 δι’

92 1419 231 1470 ἄλλων
277 1415 331 1468 δέ
390 1413 601 1484 μυρίων
656 1411 775 1466 ἐστι
833 1410 1083 1476 συνιδεῖν,
1141 1410 1218 1485 ὡς
1271 1410 1304 1480 ὴ
1360 1407 1488 1473 δόξα
1539 1407 1635 1461 καὶ

92 1507 323 1567 ὁὲπαινος
348 1504 445 1557 καὶ
477 1505 512 1574 ἡ
545 1502 682 1574 τιμὴ
710 1501 1038 1574 σημαίνεται
1068 1501 1149 1572 τῷ
1171 1500 1419 1571 ὀνόματι.

1734 484 2098 539 luculentiore
2123 486 2173 540 vi
2195 502 2259 542 ac
2287 486 2551 558 dignitate
2580 488 2988 559 abrogationem
3014 492 3314 551 inveheret.

1734 571 1915 639 Quare
1944 572 2199 629 formulae
2230 575 2340 643 jam
2387 588 2533 647 saepe
2579 592 2890 635 memoratae
2933 582 3163 639 invicem
3212 600 3315 640 ex-

1734 677 2057 734 pungerent.
2111 666 2251 733 Quid
2311 678 2493 723 autem
2551 668 2703 724 Pauli
2752 672 2885 727 illud
2946 675 3203 729 dictum?
3253 693 3316 732 se

1738 757 1997 811 nimirum
2035 760 2176 812 haud
2207 761 2536 830 praecipuam
2581 762 2796 818 dedisse
2828 778 3050 832 operam
3103 775 3162 820 ut
3210 768 3315 823 ba-

1735 848 1961 918 ptizaret
2021 852 2075 917 :jt
2109 848 2207 915 Ne,
2256 850 2469 921 inquit,
2506 855 2853 913 multitudine
2909 856 3307 926 baptizatoruiu

1734 941 1961 1010 gloriam
1998 943 2250 998 mihimet
2282 961 2369 999 me
2396 962 2646 1015 quaerere
2671 948 2914 1003 dicerent
2940 949 3108 1004 invidi
3140 971 3152 1005 :
3182 967 3318 1006 neve

1736 1033 1802 1088 iis
1864 1035 2234 1091 calumniandi
2304 1054 2494 1092 ansam
2553 1041 2894 1109 praeberem,
2954 1043 3049 1111 qui
3105 1044 3315 1113 optima

1734 1140 1964 1195 quicque
2017 1126 2341 1181 livoresuo
2412 1129 2671 1184 insectari
2735 1132 2954 1200 solent;
3018 1142 3185 1203 atque
3243 1136 3316 1189 ita

1736 1217 1970 1272 salutem
2013 1228 2329 1273 renatorum
2366 1220 2522 1275 luero
2566 1223 2848 1287 haberem,
2890 1225 3019 1278 dum
3058 1226 3315 1282 laudibus

1738 1309 1977 1377 propriis
2042 1311 2307 1366 adversus
2369 1311 2606 1383 Spiritus
2662 1315 2866 1368 donum
2927 1317 3166 1385 injurius
3224 1318 3322 1373 lie-

1735 1414 1850 1452 rem
1864 1401 1931 1454 ’9.
1961 1419 1979 1452 ›
2012 1400 2232 1455 Demum
2255 1418 2320 1457 ex
2354 1404 2656 1459 innumeris
2680 1406 2802 1460 aliis
2826 1407 2961 1461 locis
2984 1423 3317 1478 cognoscere

1735 1507 2030 1561 possumus
2080 1495 2308 1560 gloriam
2348 1506 2403 1550 ct
2426 1497 2642 1552 laudem
2675 1507 2731 1553 et
2756 1498 3023 1554 honorem
3053 1501 3319 1556 vocabulo

1740 1600 1928 1638 nomen
1962 1586 2286 1656 signiﬁcari.
3170 1604 3173 1607 '

146 1685 200 1738 θ’.
220 1685 320 1738 Καὶ
337 1684 400 1754 δὴ
416 1684 504 1738 διὰ
523 1682 727 1737 τούτων
746 1685 780 1755 ἠ
805 1680 1028 1753 τοιαύτη
1056 1680 1376 1754 θεωρία,καὶ
1398 1678 1485 1733 ἐπ’
1509 1677 1642 1732 αὐτὰ

1818 1674 1871 1730 9.
1915 1674 2055 1741 Quin
2111 1680 2248 1731 adeo
2293 1679 2543 1733 doctrina
2596 1680 2909 1751 hujusmodi
2959 1699 3054 1754 per
3103 1685 3321 1754 singula

93 1776 145 1829 τὰ
164 1777 453 1829 καθὲκαστα
474 1774 585 1827 τῶν
604 1775 881 1844 ὀνομάτων
898 1772 1262 1828 διαϐαίνει.Ἃ
1283 1772 1346 1843 δὴ
1356 1771 1447 1825 τὸν
1464 1771 1642 1839 διαιρο-

97 1868 257 1938 ρισμὺν
280 1868 371 1920 καὶ
408 1868 509 1938 τὴν
536 1864 822 1937 διαστολὴν
856 1867 1091 1919 ποιεῖται
1136 1864 1246 1916 τῶν
1283 1862 1590 1933 προσώπων
1620 1877 1636 1892 ο

94 1959 168 2010 καὶ
192 1956 274 2011 νῦν
317 1960 416 2028 μὲν
453 1957 687 2028 μίμησιν
714 1974 838 2010 τινα
882 1960 976 2011 καὶ
1021 1956 1280 2027 ὁμοίωσιν
1312 1954 1404 2008 τοῦ
1434 1954 1641 2024 κατάρ-

95 2046 247 2111 ξαντος
302 2047 595 2119 προσώπου
668 2048 921 2118 πράξεώς
976 2064 1121 2110 τινος
1182 2045 1639 2117 μεγαλοπρεποῦς

97 2139 384 2207 ἀπαγγέλλει
416 2156 430 2169 ⁸
476 2139 575 2192 νῦν
616 2139 675 2193 δὲ
724 2138 971 2210 φυλακὴν
1019 2139 1113 2192 καὶ
1155 2139 1484 2209 συντήρησιν
1533 2135 1640 2189 τῶν

97 2232 530 2302 παραγγελμάτων
574 2232 902 2301 ὑπογράφει.
934 2231 1117 2304 Ταύτῃ
1149 2231 1260 2301 γάρ
1304 2233 1401 2284 καὶ
1429 2233 1509 2294 εἰς
1548 2229 1640 2283 τὸν

98 2321 265 2392 Μωσῆν
293 2323 340 2375 oi
395 2321 731 2392 Ἰσραηλῖται
779 2321 1147 2392 βαπτίσασθαι
1187 2322 1297 2392 (Η)
1346 2320 1595 2389 λέγονται
1622 2336 1637 2351 ο

96 2406 184 2465 οἷον
221 2414 417 2466 ἐκεῖνον
468 2411 801 2483 μιμούμενοι
848 2411 946 2482 τὴν
990 2412 1163 2481 ὑγρὰν
1194 2412 1357 2480 φύσιν
1400 2412 1639 2474 πεζοπο-

101 2504 282 2572 ροῦντες
312 2506 471 2559 ποσὶν
516 2505 773 2576 ἀϐρόχοις
801 2504 1058 2575 διέϐησαν
1083 2519 1096 2534 ·
1132 2506 1226 2558 καὶ
1254 2505 1357 2574 τῆς
1386 2490 1640 2576 πράξεως

101 2597 303 2667 ἡγεμόνα
332 2596 716 2667 ποιησάμενοι,
763 2598 855 2649 καὶ
881 2595 1019 2665 πρὸς
1046 2596 1211 2650 αὐτὸν
1234 2598 1367 2667 ὁρᾷν
1389 2584 1517 2666 ὃλην
1542 2596 1640 2668 τὴν

102 2688 255 2741 ἐλπίδα
292 2688 656 2759 ἀναθέμενοι,
683 2687 791 2740 τῶν
835 2689 1149 2755 Αἰγυπτίων
1191 2689 1289 2757 τῆς
1350 2687 1643 2756 ἐπιϐουλῆς

102 2782 321 2851 ὤφθησαν
357 2782 643 2853 κρείττους
674 2797 690 2811 ·
745 2781 838 2835 καὶ
878 2774 959 2844 οἷς
1004 2782 1157 2834 αὐτοὶ
1220 2780 1458 2853 ῥείθροις
1520 2781 1640 2835 οὐδὲ

100 2876 200 2937 τοὺς
224 2875 378 2939 πόδας
419 2875 744 2940 ἐνοτίζοντο,
776 2873 986 2937 τούτοις
1014 2872 1379 2943 ὑποϐρυχίους
1417 2872 1641 2941 γινομέ-

102 2983 198 3029 νους
228 2967 343 3031 τοὺς
388 2966 626 3030 διώκτας
669 2966 897 3020 ἔϐλεπον
933 2982 947 2997 ·
990 2967 1085 3020 καὶ
1113 2964 1333 3027 διπλαῖς
1372 2950 1640 3034 εὐφροσύ-

1745 1766 1969 1821 nomina
2005 1767 2108 1822 hoc
2142 1782 2303 1837 pacto
2352 1760 2657 1825 deducitur.
2724 1772 2934 1826 Etenim
2970 1775 3192 1829 nomina
3223 1791 3320 1845 ap-

1744 1858 1917 1927 prime
1945 1860 2162 1927 quidem
2194 1876 2551 1927 personarum
2572 1862 2866 1917 discrimen
2884 1864 3323 1920 distinctionem-

1743 1962 1850 2015 que
1879 1945 2117 2000 eﬂiciunt
2146 1963 2160 2000 :
2193 1960 2243 2001 et
2272 1948 2435 2003 modo
2464 1950 2681 2019 quidem
2728 1952 3085 2007 imitationem
3127 1970 3322 2023 quam-

1744 2037 1869 2089 dam
1907 2036 2431 2107 similitudinemque
2465 2041 2730 2094 denotant
2776 2055 3024 2110 persona:
3063 2043 3321 2111 alicujus.

1742 2144 1865 2198 quae
1900 2127 2114 2184 (acinus
2147 2129 2356 2184 illustre
2382 2130 2726 2201 aggreditur;
2762 2132 2924 2207 modo
2953 2142 3135 2188 autem
3169 2149 3324 2187 man-

1744 2221 1998 2274 datorum
2022 2231 2209 2274 curam
2246 2230 2411 2289 atque
2434 2223 2840 2277 observantiam
2870 2223 3201 2293 signiﬁcant.
3233 2224 3331 2280 Sic

1743 2312 1889 2367 enim
1939 2320 1995 2366 et
2029 2312 2286 2366 Israelita:
2344 2312 2396 2365 in
2448 2311 2600 2368 Mose
2647 2312 2912 2382 baptizati
2956 2314 3210 2369 dicuntur
3230 2315 3323 2369 ³ος

1744 2406 1944 2474 quippe
1988 2406 2082 2473 qui
2138 2403 2304 2473 hujus
2357 2404 2612 2474 exemplo
2664 2405 2948 2459 humidum
2997 2406 3325 2461 elementum

1743 2496 1904 2550 siccis
1933 2496 2163 2565 pedibus
2195 2497 2561 2566 'permearunt
2593 2512 2608 2550 :
2641 2511 2805 2565 quem
2840 2496 2969 2550 dum
3021 2503 3328 2565 sequuntur

1743 2588 1932 2643 ducem
1956 2629 1986 2657 ,ε
2025 2588 2265 2656 dumque
2324 2587 2379 2642 in
2428 2588 2547 2657 ejus
2601 2596 2851 2656 respectu
2906 2604 3057 2658 spem
3105 2603 3327 2643 omnem

1743 2680 2033 2743 collocant,
2079 2679 2458 2751 Egyptiorum
2494 2679 2705 2749 laqueis
2734 2693 3029 2735 eVaseruIt
3063 2698 3077 2735 :
3111 2690 3167 2736 et
3200 2682 3330 2749 qui-

1737 2772 1846 2835 bus
1892 2772 1993 2841 ipsi
2036 2772 2291 2835 (luctibus
2341 2788 2407 2826 ne
2440 2773 2638 2842 pedum
2678 2772 2901 2841 quidem
2933 2782 3094 2826 tenus
3137 2773 3333 2826 hume-

1744 2866 1876 2919 ctati
1942 2875 2107 2931 sunt,
2190 2864 2380 2919 iisdem
2458 2864 2687 2917 obrutos
2745 2871 3125 2931 persecutores
3195 2875 3331 2917 suos

1747 2957 2001 3011 viderunt
2035 2948 2046 3008 ὲ
2082 2956 2396 3025 duplicique
2440 2954 2643 3024 gaudio
2677 2954 2807 3008 elati
2845 2965 2995 3021 sunt,
3032 2968 3229 3023 nempe
3270 2961 3329 3008 et

104 3021 196 3121 ναις
218 3021 536 3131 ἐνετρύφων,
568 3021 668 3129 της
696 3076 755 3111 τε
789 3058 899 3111 τῶν
929 3058 1141 3129 ἐχθρῶν
1165 3021 1642 3129 παραδόξούῡπαν-

1749 3049 1989 3105 hostium
2021 3049 2299 3117 insperato
2347 3048 2537 3111 exitio,
2583 3056 2637 3102 et
2664 3061 2779 3101 suae
2810 3046 3008 3101 salutis
3036 3044 3330 3099 miraculo.

106 3150 325 3220 ωλεθρίας
354 3194 370 3218 ,
426 3152 522 3207 καὶ
584 3153 683 3221 τῆς
741 3152 876 3214 ίδίας
928 3152 1068 3220 ὑπὲρ
1128 3151 1285 3219 λόγον
1348 3150 1641 3220 σωτηρίας.

105 3239 328 3313 Τοιαύτης
357 3242 505 3304 τινὸς
530 3226 852 3305 ἀκολουθίας
892 3242 1105 3310 ἔχεται,
1138 3241 1231 3294 καὶ⁵
1269 3240 1412 3310 άπερ
1439 3241 1536 3310 τῆς
1563 3242 1645 3293 ol-

108 3334 337 3405 κουμένης
385 3335 413 3387 ὁ
441 3334 777 3397 Διδάσκαλος
829 3332 994 3403 φησίν
1020 3348 1035 3362 ·
1086 3332 1274 3385 «Ὅσοι
1300 3333 1379 3395 είς
1409 3330 1645 3401 Χριστὸν

107 3423 494 3495 ἐϐαπτίσθημεν,
523 3426 604 3488 είς
632 3425 724 3477 τὸν
747 3424 976 3478 θάνατον
1004 3422 1169 3477 αὐτοῦ
1203 3422 1503 3490 ἐϐαπτίσθη
1514 3424 1642 3493 μενξο

109 3517 175 3568 διὰ
205 3518 291 3587 μὲν
320 3518 427 3588 γὰρ
467 3517 564 3571 τοῦ
611 3536 629 3569 ›
666 3517 758 3580 Είς
794 3518 1029 3587 Χριστὸν
1059 3515 1489 3585 ἐϐαπτίσθημεν,
1528 3533 1546 3564 ι
1585 3514 1647 3567 τὸ

110 3610 215 3664 κατά
237 3612 329 3680 την
353 3610 566 3663 ἐκείνου
603 3608 988 3680 μυσταγωγίαν
1026 3608 1120 3661 καὶ
1144 3608 1242 3678 τὴν
1281 3606 1649 3677 παραδεδομέ-

110 3718 185 3770 νην
205 3702 413 3771 τελετὴν
461 3700 796 3769 ἀπαγγέλλει
834 3701 931 3754 καὶ
975 3701 1125 3771 ἡμᾶς
1151 3686 1248 3768 τὴν
1292 3700 1646 3767 ἀναγέννησιν

108 3794 352 3849 ἐπιτελεῖνο
378 3796 467 3849 διὰ
496 3795 554 3848 δέ
578 3794 672 3848 τοῦ
697 3813 715 3846 ι
742 3797 820 3858 είς
840 3795 930 3848 τὸν
948 3794 1179 3848 θάνατον
1198 3792 1419 3855 αὑτοῦ,‹
1439 3792 1537 3860 οὐχ
1564 3790 1647 3843 ὅτι

107 3884 368 3957 τὺλουτρὺν
402 3888 501 3956 τῆς
523 3886 948 3956 παλιγγενεσίας
975 3889 1041 3956 τῇ
1073 3884 1167 3938 τοῦ
1194 3881 1525 3937 Δεσποτικοῦ
1555 3882 1650 3934 θα-

108 3972 236 4026 νάτου
265 3976 548 4046 ἐπικλήσει
584 3974 1069 4051 τελεσιουργοῦμεν
1096 3986 1111 4004 ⁸
1152 3974 1226 4045 μὴ
1258 3975 1469 4042 γένοιτο
1497 3987 1512 4003 ’
1537 3973 1647 4026 Εὑ-

115 4070 251 4138 νομίῳ
267 4071 372 4141 γὰρ
403 4072 464 4123 τὸ
485 4070 728 4141 ἀνομοίῳ
758 4070 819 4123 τὸ
837 4069 1077 4121 τοιοῦτον
1106 4066 1378 4138 ἐτολμήθη
1418 4065 1649 4136 παρανόο

116 4174 237 4228 μημα
264 4161 393 4232 (42)
434 4178 446 4193 ·
490 4161 607 4215 ἀλλ’
644 4162 725 4214 ὅτι
765 4162 814 4213 οί
860 4158 1247 4231 βαπτιζόμενοι
1276 4160 1357 4220 εἰς
1386 4157 1448 4210 τὸ
1480 4157 1647 4225 δνομα

1746 3140 1805 3195 in
1851 3139 1993 3194 hanc
2027 3137 2197 3193 ferme
2243 3138 2573 3191 sententiam
2631 3136 2954 3206 conspirant
2998 3135 3166 3190 etiam
3204 3149 3330 3205 quae

1746 3232 1933 3287 mundi
1974 3233 2165 3287 doctor
2190 3230 2267 3284 ait
2299 3248 2313 3284 :
2347 3248 2365 3283 ι
2391 3229 2675 3300 Quotquot
2709 3230 2764 3284 in
2798 3228 3020 3287 Christo
3071 3228 3333 3299 baptizati

1747 3326 1973 3386 fuimus,
2003 3324 2057 3377 in
2085 3323 2206 3391 ejus
2227 3332 2400 3376 morte
2430 3336 2626 3376 sumus
2645 3321 2958 3389 baptizati.»
2984 3318 3118 3374 Nam
3144 3318 3333 3375 verbis

1752 3435 1771 3468 ι
1806 3417 1858 3469 in
1922 3415 2144 3469 Christo
2202 3414 2462 3482 baptizati
2534 3427 2757 3479 sumus,
2794 3429 2814 3465 ι
2880 3411 3069 3481 utique
3128 3409 3327 3476 docet,

1742 3510 1896 3579 juxta
1944 3506 2090 3560 illius
2127 3505 2294 3561 ritum
2347 3503 2782 3573 mandatamque
2825 3500 3081 3557 initiandi
3115 3500 3300 3554 formu

1747 3602 1878 3667 lam,
1922 3614 1952 3653 a
1998 3598 2160 3653 nobis
2202 3596 2324 3651 ﬁeri
2361 3596 2869 3665 regenerationem;
2902 3593 3089 3648 verbis
3139 3602 3328 3646 autem

1755 3712 1773 3746 ι
1805 3692 1860 3746 in
1908 3693 2027 3762 ejus
2080 3700 2330 3755 morte,»
2395 3687 2543 3743 haud
2597 3702 2729 3744 sane
2781 3687 2861 3741 ait
2916 3701 3019 3741 nos
3069 3684 3325 3739 lationem

1749 3780 2177 3852 regenerationis
2220 3793 2344 3834 cum
2383 3777 2683 3832 Dominicae
2735 3774 2929 3829 mortis
2982 3770 3333 3825 invocatione

1748 3888 2039 3945 peragere;
2067 3872 2212 3942 quod
2244 3871 2421 3935 absit;
2448 3881 2687 3938 namque
2712 3879 3001 3921 anomwus
3024 3861 3329 3917 Eunomius

1751 3970 1855 4023 hoc
1902 3966 2110 4021 crimen
2152 3978 2317 4017 ausus
2351 3960 2456 4016 fuit
2486 3980 2499 4015 :
2529 3962 2624 4017 sed
2656 3961 2737 4014 ait
2774 3958 3078 4028 baptizatos
3130 3955 3185 4009 in
3228 3968 3333 4009 no-

1753 4060 1901 4114 mine
1928 4057 2110 4110 Patris
2139 4063 2194 4109 et
2216 4054 2340 4108 Filii
2371 4063 2425 4109 et
2453 4052 2694 4121 Spiritus
2725 4052 2924 4112 sancti,
2964 4046 3123 4117 quasi
3153 4047 3331 4100 sacris

1752 4151 2014 4224 symbolis
2045 4149 2375 4219 arcanisque
2415 4145 2694 4217 mysteriis
2730 4142 3072 4199 Dominicum
3114 4138 3331 4193 obitum

117 4227 189 4303 τά]
207 4227 427 4326 Πατρὸς,
451 4254 664 4309 καὶτοῦ
694 4227 962 4320 Υίοῦξκαὶ
991 4252 1086 4306 τοῦ
1100 4227 1269 4321 Ἵάγίου
1293 4249 1608 4320 Πνεύματος
1628 4288 1642 4312 ,

1755 4245 1995 4312 imitari;
2040 4255 2204 4312 atque
2253 4239 2433 4294 oculis
2478 4235 2756 4305 subjicere
2798 4241 2852 4287 et
2878 4231 3184 4286 deformare
3207 4240 3335 4326 qua?

118 4344 172 4407 ὡς
194 4347 242 4399 ἐν
266 4349 423 4418 ἱεροῖς
451 4346 749 4417 συμϐόλοις
776 4348 869 4399 καὶ
903 4344 1330 4417 κρυφιομύστοις
1364 4341 1648 4410 αἰνίγμασι

112 4439 182 4489 τὸν
202 4440 286 4493 τοῦ
318 4442 570 4512 Σωτῆρος
601 4438 965 4509 ἐκμιμοῦνοαι
1008 4438 1258 4502 θάνατον,
1288 4437 1381 4490 καὶ
1402 4435 1648 4504 ὑπογρά-

118 4546 241 4595 φουτι
266 4533 354 4586 καὶ
380 4531 734 4585 διατυποῦσιν
762 4529 905 4601 ἆπερ
943 4528 1085 4583 ἑκὼν
1117 4531 1325 4591 ἐκεῖνος
1352 4528 1611 4597 ὑπέμεινε
1630 4540 1647 4557 ·

118 4629 191 4697 τὴν
214 4630 299 4696 μὲν
318 4630 619 4698 τριήμερον
648 4625 706 4678 ἐν
731 4622 808 4694 τῷ
841 4622 942 4695 ᾄδῃ
971 4619 1255 4693 διατριϐὴν
1292 4609 1648 4689 ἐξεικονίζον-

118 4734 186 4782 τες
204 4724 260 4790 τῇ
284 4720 480 4792 τριπλῇ
511 4715 807 4774 καταδύσει
831 4731 845 4745 ’
874 4717 941 4785 τῇ
979 4713 1037 4767 δὲ
1064 4712 1156 4785 ἴσῃ
1185 4711 1347 4765 πάλιν
1373 4708 1647 4775 ἀναδύσει,

120 4813 189 4881 τὴν
210 4816 492 4886 τριήμερον
515 4811 836 4875 ἀνάστασιν,
862 4808 929 4862 δι’
949 4808 1015 4878 ἢν
1037 4808 1130 4860 καὶ
1154 4807 1188 4877 ἡ
1210 4804 1651 4867 ἀποκατάστασις

121 4900 217 4968 ἡμῖν
247 4902 331 4956 τοῦ
365 4898 770 4961 παλαιωθέν-τος
829 4895 1001 4965 ’Δδὰμ
1040 4895 1134 4950 καὶ
1184 4896 1213 4948 ό
1258 4892 1653 4963 άνακαινισμὸς

122 4992 578 5059 συνεξεικονίζεται.
624 4989 781 5043 Ἐπεὶ
809 4988 904 5043 καὶ
930 4986 1061 5040 αὐτὸ
1085 4984 1147 5040 τὸ
1176 4988 1255 5050 είς
1277 4984 1512 5055 Χριστὸν
1548 4982 1647 5053 βα-

123 5085 393 5157 τπίζεσθαι,’
419 5084 519 5139 καὶ
543 5083 606 5137 τὸ
638 5082 721 5143 είς
743 5080 835 5135 τὸν
871 5079 1098 5134 θάνατον
1123 5076 1287 5145 αὐτοῦ
1310 5116 1325 5143 ,
1367 5077 1461 5131 καὶ
1488 5080 1565 5137 είς
1594 5074 1653 5128 ἐν

188 5269 262 5323 ’³1
288 5268 409 5325 Cor.
449 5282 486 5333 ι,
526 5266 615 5321 14.
691 5262 777 5319 ³⁸1
804 5263 932 5320 Cor.
972 5278 1028 5327 II,
1064 5261 1121 5316 2.

1753 4337 1842 4391 ille
1887 4346 2078 4406 sponte
2110 4344 2403 4402 perpessus
2447 4334 2535 4383 est
2566 4324 2816 4381 :scilicet
2849 4321 3155 4377 triduanam
3183 4316 3331 4386 apud

1751 4425 1959 4483 inferos
2021 4436 2231 4477 moram
2282 4416 2486 4488 triplici
2548 4413 2821 4469 mersione
2872 4414 3265 4479 repraesentare
3308 4419 3331 4456 ι

1752 4525 2055 4583 rursusque
2113 4507 2338 4563 totidem
2407 4501 2814 4559 emersionibus
2869 4494 3335 4553 resurrectionem

1750 4606 1909 4663 tertia
1948 4604 2035 4658 die
2074 4610 2387 4671 peractam;
2427 4596 2586 4665 cujus
2625 4591 2894 4648 beneﬂcio
2936 4583 3337 4656 redintegratio

1748 4697 1905 4753 nobis
1950 4692 2151 4749 veteris
2192 4689 2390 4744 Adanii
2426 4684 2819 4752 renovatioque
2875 4678 3186 4736 coniicitur.
3241 4673 3328 4730 Si-

1749 4791 1967 4858 quidem
2022 4796 2080 4843 et
2119 4784 2421 4840 locutiones
2470 4780 2525 4834 in
2568 4777 2791 4834 Christo
2838 4772 3124 4844 baptizari,
3175 4776 3228 4824 et
3272 4772 3334 4823 in

1752 4893 1926 4940 morte
1955 4880 2097 4950 ejus,
2131 4887 2185 4932 et
2216 4877 2269 4929 in
2307 4889 2417 4928 uno
2446 4884 2700 4941 corpore,
2729 4876 2785 4923 et
2825 4866 2878 4920 in
2922 4865 3141 4919 nomine
3168 4861 3331 4950 Chi-if

1756 4974 1849 5037 sti,
1896 4983 1952 5027 et
1992 4949 2125 5024 aliae
2172 4962 2509 5035 hujusmodi,
2562 4960 2707 5031 quod
2755 4956 2973 5029 quidem
3020 4954 3213 5008 attinet
3260 4949 3337 5004 ad

1758 5064 2043 5123 nominum
2069 5059 2473 5125 verborumque
2523 5051 2776 5124 ﬁguram,
2808 5047 2955 5105 haud
2999 5054 3332 5114 magnopere

1592 5341 1823 5400 ΝΟΤΕ.

182 5466 287 5588 (ἓξ
309 5468 363 5520 In
394 5467 628 5521 concilio
654 5462 889 5535 generali
936 5462 1127 5529 quinto
1155 5459 1243 5515 ed.
1282 5459 1454 5515 Colet.
1489 5466 1528 5511 t.
1557 5455 1648 5521 IX,

291 5578 303 5588 .
329 5540 541 5588 cuidam
570 5534 916 5588 reorehendit
942 5532 1282 5586 Theodorum
1317 5529 1648 5588 Mopsueste-

133 5529 303 5601 p.209,
329 5540 541 5605 quidam
570 5529 916 5607 reprehendit
934 5532 1282 5607 Theodorum
1317 5529 1654 5607 Mopsueste:

140 5597 242 5657 num
263 5597 373 5675 quia
431 5597 758 5661 locutionem
802 5602 1088 5675 baptizari
1118 5602 1172 5675 in
1201 5597 1420 5675 nomine
1453 5597 1653 5653 Christi

148 5671 506 5740 comparaverat
531 5691 656 5731 cum
682 5676 803 5736 hac,
831 5672 1090 5740 baptizari
1114 5673 1169 5724 in
1203 5671 1366 5723 Mose.

207 5690 242 5726 ll]
308 5690 506 5730 raverat
531 5691 656 5731 Clllﬂ
682 5690 803 5736 nae,
831 5690 1088 5740 οαριιιανι
1114 5690 1169 5724 m
1203 5690 1366 5723 Μοδε.

207 5690 302 5813 liga;
332 5744 571 5801 Veterum
621 5751 906 5799 auctorum
955 5740 1289 5805 testimonia,
1336 5736 1429 5809 qui
1488 5735 1653 5807 hujus

1760 5449 2007 5507 criminis
2061 5440 2852 5514 Eunomiumgpostulaverunt,
2882 5436 3109 5514 profert
3158 5428 3335 5514 ursus

1759 5506 1969 5577 cardiu.
2019 5520 2074 5571 in
2128 5516 2359 5578 Dissert,
2385 5506 2756 5580 deibaptismo
2788 5511 2838 5580 in
2875 5506 3081 5580 Christi.
3111 5506 3335 5580 nomine

2022 5605 2073 5664 p.
2116 5588 2187 5664 64
2241 5571 2424 5664 seqq.
2448 5571 2715 5664 Legatur.
2741 5571 3334 5664 eti'aniul‘lard'tlii-nufui-Il

1764 5637 2143 5718 dissertatione
2164 5637 2296 5708 item
2318 5637 2390 5706 Idle
2412 5637 2754 5719 bapt‘ismogin
2778 5649 2876 5701 Ch.
2909 5656 3059 5698 nom.
3079 5637 3330 5693 Tltcsaur.

1761 5717 1982 5800 theolog.
2020 5738 2151 5784 tum.
2178 5723 2247 5791 Χ,
2274 5731 2413 5793 part.
2444 5717 2491 5788 ι,
2516 5734 2571 5788 p.
2601 5717 2729 5772 104.
