3830 6210
493 312 594 376 315

1647 306 1912 366 ΡΗΟΤΙΙ
1949 307 2064 367 PA']

2168 306 2451 367 IARCHIE
2473 307 2581 367 (ΣΡ.
3626 313 3716 376 316

493 426 804 490 discrepare
841 419 982 473 inter
1014 431 1074 473 se
1106 417 1399 484 videnlur;
1437 428 1814 473 verumtamen
1844 427 2062 473 senten-

2168 417 2341 487 σῶμα,
2372 420 2467 472 καὶ
2497 421 2577 482 είς
2598 409 2666 470 ’τὸ
2699 417 2868 488 ὄνομα
2889 416 2981 484 τοῦ
3002 417 3262 488 Χριστοῦ,
3295 419 3386 472 καὶ
3407 419 3475 474 τὰ
3493 422 3714 480 τοιαῦτα.

493 516 581 570 tiae
637 512 711 576 vi,
778 519 832 565 et
894 509 1065 578 ipsius
1123 508 1202 562 rei
1267 509 1581 563 definitione
1636 525 1700 564 ac
1763 509 2061 574 notatione,

495 605 692 659 mirum
729 611 992 669 quantum
1022 601 1161 653 inter
1190 616 1248 655 se
1280 587 1557 656 differunt.

2168 510 2246 580 τῷ
2293 511 2391 580 μὲν
2423 512 2662 581 σχήματι
2697 510 2804 562 τῶν
2855 511 3133 578 ὀνομάτων
3172 511 3266 564 καὶ
3305 514 3562 583 ῥημάτων
3587 516 3718 568 οὐδὲν

2170 600 2537 654 ἐπιδείκνυται
2563 602 2704 671 μέγα
2736 601 3182 672 παραλλάττοντα
3202 620 3216 634 ·
3239 604 3296 655 ἐν
3324 602 3378 656 δὲ
3394 606 3460 673 τῇ
3495 605 3717 676 σημασία

499 695 584 748 τοῦ
645 694 936 763 νοήματος,
977 693 1070 743 καὶ
1119 692 1393 762 διακρίσει
1436 694 1529 744 καὶ
1571 690 1883 762 ἀπαγγελίᾳ
1907 691 2004 744 τοῦ
2040 691 2388 764 πράγματος,
2434 696 2698 767 μεγίστην
2722 697 2854 766 ὅσην
2884 695 2980 766 τὴν
3032 696 3297 764 διαφορὰν
3329 695 3713 765 ὲμφανίζουςινυ

565 785 652 839 10.
691 783 844 847 Quod
880 794 1057 835 autem
1087 783 1194 836 alio
1221 784 1381 837 etiam
1433 799 1596 838 sensu
1649 799 1844 837 nomen
1891 785 2060 852 signi-

495 876 618 930 ticet
666 876 1066 944 praadicationis
1117 877 1272 938 vim,-
1323 875 1472 929 Pauli
1525 876 1767 930 initiator
1819 877 2060 931 Ananias

498 968 782 1022 manifeste
813 969 1018 1031 docuit,
1041 983 1162 1022 cum
1192 984 1252 1020 ea
1282 983 1338 1021 se
1372 970 1657 1036 passurum
1694 968 1909 1021 timeret
1942 983 2062 1036 quae

496 1078 604 1118 non
659 1072 859 1116 temere
905 1077 970 1116 ex
1024 1061 1189 1114 Saulo
1249 1061 1608 1127 exspectanda
1655 1069 1826 1116 erant.
1881 1061 2066 1115 Divino

496 1155 639 1208 enim
674 1163 893 1224 recepto
937 1155 1157 1208 oraculo
1209 1162 1268 1207 ut
1315 1162 1714 1222 persecutorem
1763 1154 1938 1209 sacris
1963 1155 2065 1206 im-

497 1245 684 1299 bueret
717 1263 729 1298 :
771 1263 790 1296 ι
832 1245 1048 1306 Audivi,
1077 1245 1273 1312 inquit,
1310 1244 1553 1309 Domine,
1586 1260 1615 1297 a
1647 1244 1833 1298 multis
1855 1244 1921 1298 de
1945 1244 2064 1298 viro

499 1337 620 1403 hoc,
656 1345 856 1405 quanta
897 1337 944 1390 is
976 1337 1111 1388 mala
1150 1337 1353 1390 sanctis
1400 1337 1506 1390 tuis
1552 1336 1795 1390 intulerit
1842 1336 1895 1390 in
1931 1337 2066 1390 urbe

499 1426 892 1498 Hierosolymis
933 1427 997 1482 ³¹.
1041 1446 1059 1477 ι
1093 1425 1230 1478 Tum
1260 1427 1466 1480 addidit
1497 1445 1512 1485 :
1549 1445 1567 1477 ι
1605 1425 1670 1480 Ει
1703 1428 1920 1496 quidem
1954 1427 2062 1480 huc

495 1519 656 1571 etiam
689 1525 904 1585 accepta
953 1532 982 1570 a
1029 1518 1404 1571 sacerdotibus
1449 1525 1716 1587 potestate
1749 1519 1896 1573 venit
1944 1518 2064 1571 vin-

495 1606 671 1660 ciendi
702 1622 892 1661 omnes
923 1607 1015 1675 qui
1049 1607 1152 1660 hoc
1203 1623 1399 1661 nomen
1453 1608 1703 1662 invocant
1733 1608 1796 1661 ".
1829 1627 1848 1658 ι
1900 1607 2064 1675 Atqui

496 1698 734 1752 fidelium
767 1698 972 1752 nemini
1003 1699 1278 1765 negotium
1313 1699 1658 1769 studiumque
1700 1709 1837 1766 erat,
1870 1709 1928 1754 ut
1957 1715 2064 1755 nu-

494 1792 622 1844 dum
649 1791 849 1844 Christi
894 1805 1088 1846 nomen
1140 1792 1478 1857 inclamaret,
1537 1808 1710 1861 neque
1755 1803 1814 1846 ut
1858 1794 2064 1863 absque

493 1883 810 1952 dogmatum
846 1882 1171 1937 rectitudine
1199 1882 1508 1951 traditaque
1534 1883 1602 1937 ab
1638 1883 1730 1936 illo
1763 1883 1888 1950 fide,
1921 1885 2063 1939 hanc
2094 1904 2136 1958 Β

497 1973 767 2026 labiorum
793 1981 952 2026 tenus
984 1973 1402 2037 invocationem,
1439 1971 1703 2027 salutiferi
1735 1974 1908 2029 nuntii
1941 1975 2062 2029 loco

499 2062 747 2115 haberet.
786 2059 889 2115 Sed
929 2077 1115 2129 reapse
1140 2077 1334 2116 nomen
1360 2061 1560 2116 Christi
1599 2062 1910 2118 invocantes
1934 2065 2065 2118 dicit

498 2154 648 2215 illos,
673 2167 812 2221 quos
843 2152 974 2206 fides
1005 2153 1066 2209 in
1090 2168 1212 2206 eum
1243 2155 1493 2215 ornabat,
1523 2161 1576 2207 et
1605 2154 1696 2223 qui
1723 2155 2064 2223 evangelica-

500 2258 619 2297 rum
656 2259 936 2298 sacrorum
967 2245 1202 2298 studium
1233 2261 1342 2315 pra
1373 2262 1432 2300 se
1469 2245 1731 2309 ferebant,
1759 2248 1962 2316 quique
1995 2247 2063 2303 ad

499 2331 752 2401 pietatem
790 2348 1006 2386 summo
1052 2345 1252 2388 conatu
1306 2336 1671 2391 enitebantur.
1725 2335 1838 2392 Hoc
1883 2351 2062 2392 autem

499 2421 627 2488 quid
655 2419 800 2472 aliud
832 2429 950 2473 erat
979 2428 1171 2489 praeter
1204 2437 1364 2490 quam
1393 2423 1614 2477 credere
1659 2436 1722 2478 ac
1763 2422 2064 2493 praedicare

501 2507 843 2577 Servatorem
896 2519 1144 2563 nostrum
1197 2510 1286 2563 Dei
1336 2526 1457 2566 esse
1515 2511 1744 2578 Filium,
1809 2513 2066 2581 Patrique

497 2602 1066 2663 consubstantialem;
1125 2621 1143 2653 ι
1198 2603 1309 2673 Ego
1361 2604 1526 2668 enim,
1575 2605 1767 2673 inquit,
1814 2614 1868 2659 et
1915 2613 2066 2673 pater

496 2710 666 2748 unum
715 2709 906 2748 sumus
940 2695 1024 2746 ”?
1059 2713 1076 2745 υ
1116 2710 1214 2748 nec
1262 2710 1370 2748 non
1422 2706 1669 2750 sanctum
1713 2694 1972 2765 Spiritum
2031 2711 2062 2750 a

496 2784 657 2840 Patre
684 2786 1088 2854 procedentem,
1119 2795 1280 2855 atque
1315 2787 1382 2840 ab
1410 2787 1530 2855 ejus
1559 2787 1728 2856 gloria
1759 2803 1822 2842 ac
1863 2788 2094 2842 divini--

498 2886 606 2929 tate
654 2875 876 2930 minime
923 2875 1204 2929 alienum?
1265 2874 1398 2930 Nam
1433 2878 1526 2946 qui
1574 2878 1908 2943 naturaliter,
1957 2879 2066 2933 imo

499 2980 627 3018 vero
660 2965 1062 3034 supernaturali
1095 2965 1330 3020 maxime
1367 2975 1421 3020 et
1463 2954 1812 3021 inenarrabili
1857 2967 2067 3021 ratione

495 3071 524 3108 a
561 3065 788 3125 paterna
813 3056 1118 3111 substantia
1157 3057 1424 3126 procedit,
1457 3057 1601 3112 hunc
1627 3066 1838 3127 oportet
1864 3057 2066 3126 produ-

494 3148 670 3201 centis
700 3147 929 3216 gloriam
951 3157 1005 3202 et
1036 3156 1359 3217 potestatem
1391 3157 1444 3202 et
1475 3150 1580 3201 vim
1606 3152 1796 3202 secum
1829 3148 2061 3212 deferre,

2242 794 2292 842 t'.
2327 789 2444 841 Ὅτι
2480 790 2659 858 μέντοι
2705 788 2766 840 τὸ
2791 787 2961 855 ὄνομα
2994 788 3089 841 καὶ
3117 787 3314 855 τρόπον
3335 786 3493 840 ἄλλον
3520 787 3613 856 τὴν
3639 786 3715 840 τοῦ

2167 878 2523 948 κηρύγματος
2569 879 2798 947 δύναμιν
2852 878 3182 947 ἀπαγγέλλει
3220 879 3331 949 (45)
3357 918 3370 942 ,
3404 879 3432 930 ὁ
3461 879 3556 931 τοῦ
3590 879 3713 930 Παύ-

2165 971 2256 1025 λου
2310 972 2666 1056 μυσταγωγὸς
2723 972 2990 1036 Ἀνανίας,
3025 971 3186 1042 ήνίκα
3229 966 3379 1040 φόϐῳ
3407 969 3501 1024 τοῦ
3548 970 3716 1023 παθεῖν

2167 1062 2311 1132 ἅπερ
2361 1060 2429 1135 ἦν
2471 1065 2614 1128 είκὺς
2664 1065 2909 1118 ὑπονοεῖν
2941 1065 3032 1116 τὸν
3077 1063 3280 1116 Σαῦλον
3317 1065 3510 1125 ποιεῖν,
3555 1063 3717 1129 σαφῶς

2167 1155 2430 1224 παριστᾷ.
2463 1155 2607 1224 Πρὸς
2643 1155 2752 1225 γὰρ
2785 1155 2876 1207 τὸν
2925 1154 3333 1224 χρηματίζοντα
3359 1152 3510 1222 αὐτῷ
3565 1169 3714 1220 μυστ-

2168 1245 2456 1314 αγωγῆσαι
2488 1245 2579 1299 τὸν
2601 1244 3120 1315 διώκονταἿΚύριε,
3149 1245 3385 1313 ἀκήκοα,
3416 1245 3598 1312 φησιν,
3627 1242 3711 1295 ἀπὶ

2166 1334 2376 1389 πολλῶν
2413 1335 2544 1404 περὶ
2582 1335 2675 1388 τοῦ
2723 1335 2914 1406 ἀνδρὸς
2950 1335 3140 1388 τούτου
3179 1336 3279 1388 ὅσα
3326 1334 3476 1387 κακά
3520 1332 3716 1402 ἐποίησε

2164 1426 2275 1487 τοῖς
2302 1423 2478 1492 ἁγίοις
2510 1441 2601 1478 σου
2629 1425 3071 1495 ἐν’ῐερουσαλήμ.
3104 1445 3122 1478 ι
3155 1421 3340 1478 Εἶτα-ι
3361 1424 3472 1477 Καὶ
3501 1417 3597 1478 ὧδε
3623 1425 3715 1495 ἔχει

2166 1515 2412 1579 ἐξουσίαν
2467 1516 2620 1586 παρά
2667 1515 2776 1570 τῶν
2815 1516 3118 1587 ἀρχιερέων
3159 1515 3320 1585 δῆσαι
3367 1516 3577 1576 πάντας
3610 1516 3716 1577 τοὺς

2166 1605 2624 1676 ἐπικαλουμένους
2652 1607 2712 1658 τδ
2741 1607 2912 1675 ὄνομά
2950 1624 3042 1658 σου
3082 1622 3096 1637 ο
3137 1626 3155 1658 ι
3190 1606 3370 1659 καίτοι
3400 1605 3508 1658 τῶν
3535 1605 3716 1658 πιστῶν

2164 1695 2264 1748 οὐκ
2307 1690 2374 1765 ἦν
2415 1695 2574 1766 ἔργον
2616 1694 2735 1749 οὐδὲ
2778 1694 3098 1765 σπούδασμα
3141 1694 3313 1749 οὐδενὶ
3355 1694 3512 1761 ψιλὸν
3550 1692 3608 1746 τὸ
3635 1693 3714 1747 τοῦ

2165 1787 2402 1857 Χριστοῦ
2426 1787 2598 1856 ὄνομα
2619 1785 2853 1857 ἀναὸοᾷν
2884 1804 2898 1818 ο
2922 1787 3042 1841 οὐδὲ
3069 1786 3240 1857 χωρὶς
3264 1779 3368 1855 τῆς
3399 1786 3712 1854 ὣγματικῆς

2165 1879 2456 1949 ὀρθότητος
2478 1879 2686 1947 καὶτῆς
2708 1879 2941 1942 πίστεως
2968 1879 3032 1948 ἢν
3056 1879 3256 1940 ἐκεῖνος
3277 1880 3303 1929 ἐ
3311 1895 3382 1947 μυ
3392 1876 3712 1945 σταγώγησε,

2162 1969 2261 2036 τὴν
2321 1965 2514 2037 κλῆσιν
2565 1966 2907 2034 ἀπαγγελίαν
2956 1967 3044 2020 διὰ
3084 1966 3194 2020 τῶν
3243 1967 3468 2036 χειλέων
3523 1968 3712 2017 ποιεῖν’

2166 2056 2302 2109 ἀλλά
2333 2073 2396 2124 γε
2419 2057 2514 2110 νῦν
2540 2056 3003 2126 ἐπικαλουμένους
3037 2057 3281 2119 ἐκείνους
3301 2056 3364 2108 τὸ
3392 2056 3566 2125 ὄνομα
3589 2055 3714 2123 λέγει

2163 2147 2259 2200 τοῦ
2300 2147 2559 2216 Χριστοῦ,
2591 2148 2746 2211 ὅσους
2773 2149 2806 2218 ὴ
2837 2150 2916 2210 είς
2943 2148 3106 2202 αὐτὸν
3139 2148 3363 2216 ἐκόσμει
3402 2149 3600 2213 πίστις,
3638 2148 3715 2199 καὶ

2163 2238 2260 2308 τῆς
2293 2240 2415 2292 κατ’
2448 2240 2609 2292 αὐτὸν
2636 2240 3018 2308 μυσταγωγίας
3033 2237 3159 2309 ἐνῆν
3192 2241 3324 2311 όρᾷν
3353 2239 3609 2310 ἐραστὰς,
3639 2241 3715 2292 καὶ

2164 2327 2264 2396 τῆς
2295 2327 2573 2389 εὐσεϐείας
2611 2325 2759 2393 ἀγὼν
2802 2327 2984 2391 αὐτοῖς
3029 2327 3062 2397 ἡ
3094 2327 3364 2396 ἀκρίϐεια.
3403 2329 3469 2380 Τί
3503 2328 3556 2382 δὲ
3584 2327 3714 2380 τοῦτο

2165 2417 2294 2472 ἄλλο
2335 2413 2485 2488 ἧν,ἢ
2529 2418 2592 2472 τὸ
2635 2420 2851 2488 φρονεῖν
2883 2419 2978 2471 καὶ
3031 2419 3322 2489 κηρύττειν
3360 2418 3486 2472 Υίὸν
3518 2418 3609 2487 μὲν
3635 2417 3712 2471 τοῦ

2167 2508 2302 2562 Θεοῦ
2354 2509 2445 2562 τὸν
2493 2504 2926 2580 Σωτῆραέῖναι,
2959 2512 3050 2565 καὶ
3078 2512 3157 2582 τῷ
3192 2513 3365 2580 Πατρὶ
3413 2513 3712 2582 όμοούσιον;

2174 2619 2193 2650 ι
2215 2599 2354 2668 Ἐγὼ
2377 2600 2504 2671 γὰρ,
2528 2602 2683 2669 φησι,
2706 2603 2799 2656 καὶ
2835 2603 2863 2654 ό
2893 2603 3079 2674 Πατὴρ
3109 2603 3166 2656 ἓν
3199 2605 3402 2672 ἐσμενς
3442 2621 3462 2654 ι
3503 2604 3602 2656 Καὶ
3628 2601 3714 2670 μὴν

2165 2691 2227 2744 τὺ
2253 2693 2524 2760 πανάγιον
2561 2693 2786 2764 Πνεῦμα
2817 2695 2892 2758 ὡς
2923 2696 2987 2748 ἐκ
3018 2695 3110 2748 τοῦ
3130 2694 3339 2765 Πατρδς
3370 2694 3714 2765 ἐκπορευόμε-

2167 2799 2256 2835 νον
2292 2783 2428 2854 (44),
2471 2787 2567 2837 καὶ
2613 2785 2711 2855 τῆς
2754 2783 2918 2839 αὐτοῦ
2947 2785 3104 2856 δόξης
3139 2804 3199 2839 τε
3245 2787 3337 2840 καὶ
3368 2787 3615 2855 θεότητος
3633 2785 3713 2838 οὐκ

2165 2873 2609 2944 ἀλλοτριούμενον
2635 2891 2648 2905 ο
2679 2875 2741 2927 τὸ
2767 2875 2876 2946 γὰρ
2904 2876 3046 2929 κατά
3072 2876 3234 2945 φύσιν
3256 2876 3461 2946 μᾶλλον
3485 2875 3540 2928 δὲ
3568 2876 3712 2943 ὑπερ-

2166 2963 2451 3034 φυεστάτῳ
2485 2964 2578 3017 καὶ
2628 2965 2890 3035 ἀφράστῳ
2922 2965 3064 3035 λόγῳ
3101 2968 3202 3033 τῆς
3231 2966 3509 3038 πατρικῆς
3552 2964 3714 3024 οὐσίας

2167 3053 2374 3122 προϊὸν,
2393 3051 2487 3106 τοῦ
2511 3053 2945 3124 προϐαλλομένου
2971 3055 3069 3126 τὴν
3089 3055 3244 3120 δόξαν
3263 3059 3358 3110 καὶ
3382 3058 3480 3126 τὴν
3496 3055 3713 3120 ἐξουσίαν

2166 3141 2261 3195 καὶ
2284 3140 2512 3211 δύναμιν
2538 3144 2594 3195 ἐν
2617 3143 2794 3215 ἑαυτῷ
2816 3145 3005 3216 φέρειν
3029 3143 3156 3220 οἶδε,
3182 3147 3276 3199 καὶ
3299 3146 3396 3199 τὸν
3420 3146 3711 3216 χαρακτῆρα

496 3247 659 3304 atque
705 3238 970 3291 illibatum
1017 3239 1396 3292 inenarrabilis
1443 3241 1762 3294 substantia:
1794 3241 2064 3297 characte-

2169 3231 2268 3298 τῆς
2316 3232 2456 3303 ὑπὲρ
2494 3232 2654 3301 λόγου
2695 3236 2884 3299 οὐσίας
2928 3237 3400 3307 ἀπαραχάρακτον
3435 3239 3711 3305 συντηρεῖν.

497 3343 612 3381 rem
666 3328 920 3382 retinere.
953 3329 1178 3383 Constat
1219 3329 1445 3398 insuper
1493 3328 1712 3395 Filium,
1743 3332 1835 3400 qui
1886 3331 2064 3387 Patris

2170 3323 2337 3391 Δῆλον
2368 3323 2425 3376 δὲ
2460 3325 2542 3377 ὅτι
2572 3325 2666 3378 καὶ
2692 3327 2720 3378 ό
2747 3327 2874 3389 Υίδς
2902 3327 3244 3398 ἀπαύγασμα
3274 3329 3353 3380 ὣν
3381 3328 3479 3382 τοῦ
3506 3326 3710 3397 Πατρὺςν

496 3419 753 3488 splendor
793 3428 896 3484 est,
955 3421 1136 3475 omnia
1185 3437 1368 3476 secum
1424 3421 1565 3477 ferre
1597 3425 1795 3493 quibus
1839 3424 2064 3494 gignens

2172 3411 2387 3465 ἅπαντα
2405 3414 2604 3484 ’φέρειν
2643 3417 2700 3470 ὲν
2753 3416 2930 3486 ἑαυτῷ
2965 3418 3066 3471 ὅσα
3096 3419 3302 3486 γεννῶν
3328 3421 3358 3472 ὁ
3388 3417 3574 3488 Πατὴρ
3613 3418 3715 3476 ταῖς

497 3509 656 3564 Pater
699 3524 794 3578 per
827 3509 1009 3564 radios
1041 3510 1342 3567 divinitatis
1384 3510 1615 3567 formam
1656 3513 1831 3568 Geniti
1871 3530 2064 3570 conve-

2170 3504 2350 3556 ἀκτῖσι
2370 3505 2470 3574 τῆς
2510 3494 2763 3577 θεότητος
2804 3509 2906 3578 τὴν
2939 3510 3155 3579 μορφὴν
3195 3508 3405 3579 ὡράϊζε
3435 3509 3525 3563 τοῦ
3557 3509 3713 3576 γεννή⁸

499 3601 776 3664 nustavit,
823 3601 1286 3671 conjunctamque
1334 3614 1584 3658 naturam
1634 3605 1904 3675 patefecit.
1959 3606 2064 3662 Hac

2169 3608 2362 3660 ματος,
2422 3594 2515 3646 καὶ
2563 3594 2932 3681 τόσυγγενὲς
2990 3598 3347 3668 ἀνεκήρυττε.
3393 3588 3713 3669 Τῇ’τοιαύτῃ

499 3688 667 3757 igitur
710 3690 1012 3757 theologica
1061 3691 1365 3747 initiatione
1399 3694 1688 3750 multitudo
1729 3697 2064 3751 credentium

2168 3682 2342 3736 τοίνυν
2387 3682 2621 3756 θεολόγῳ
2665 3688 3022 3758 μυσταγωγίᾳ
3067 3688 3177 3741 τῶν
3217 3691 3576 3746 πιστευόντων
3619 3692 3716 3742 ὲτε-

498 3779 864 3836 imbuebatur.
891 3779 1018 3836 Jure
1045 3791 1224 3837 autem
1253 3782 1559 3839 Servatoris
1583 3801 1782 3840 nomen
1810 3786 2064 3841 dicuntur

2168 3769 2310 3826 λεῖτο
2347 3771 2417 3826 τά
2461 3773 2662 3844 πλήθη.
2699 3777 2810 3828 Καὶ
2847 3775 3070 3840 δικαίως
3103 3779 3169 3831 ἂν
3212 3778 3458 3846 λέγοιντο
3485 3779 3543 3832 τὸ
3571 3779 3714 3846 δνομα

498 3871 855 3935 invocavisse,
897 3873 1024 3942 quia
1073 3874 1550 3944 doctrinae,‘cujus
1597 3877 1712 3946 ipse
1749 3887 2064 3935 antecessor

2168 3867 2261 3918 τοῦ
2295 3865 2545 3937 Σωτῆρος
2579 3867 2979 3931 ἐπικαλεῖσθαι,
3008 3867 3142 3921 διότι
3168 3868 3263 3921 τοῦ
3292 3870 3560 3940 δόγματος
3578 3864 3632 3922 οὗ
3652 3867 3716 3919 δι-

493 3966 633 4025 erat,
665 3962 930 4014 rationem
964 3975 1147 4014 veram
1173 3960 1228 4014 hi
1257 3961 1578 4017 retinebant.

2168 3955 2436 4020 δάσκαλος
2491 3956 2880 4028 ἐχρημάτιζεν,
2935 3959 3091 4013 αὐτοὶ
3141 3958 3395 4024 διέσωζον
3438 3959 3536 4030 τὴν
3585 3957 3714 4026 ὀρθό-

867 4111 870 4114 ,
2165 4063 2327 4117 τητα.
3642 4111 3644 4113 ν

569 4135 657 4190 11.
707 4135 814 4190 Sed
862 4139 1007 4191 enim
1048 4139 1396 4209 progrediens
1449 4155 1632 4195 sermo
1683 4141 1806 4195 aliis
1845 4157 2064 4212 quoque

2245 4144 2333 4192 ια’.
2364 4139 2531 4192 Οὐδὲν
2561 4139 2617 4192 δὲ
2647 4133 2810 4212 ἦττον
2835 4141 3039 4212 προῖὼν
3074 4144 3102 4195 ὁ
3130 4142 3288 4210 λόγος
3319 4142 3417 4194 καὶ
3441 4142 3508 4195 δι’
3536 4140 3714 4210 ἑτέρων

497 4228 832 4296 argumentis
863 4231 1148 4284 sententiae
1182 4231 1344 4300 hujus
1373 4231 1803 4300 probabilitatem
1836 4241 2064 4288 astruet.

2171 4230 2516 4300 παραστήσει
2548 4231 2646 4300 τῆς
2673 4231 2927 4301 τοιαύτης
2956 4232 3115 4302 δόξης
3143 4233 3202 4285 τὸ
3231 4232 3543 4286 ἀκόλουθον.
3574 4232 3714 4294 Λέγει

499 4317 712 4386 Quippe
740 4318 943 4374 Christi
973 4323 1276 4382 oraculum,
1302 4330 1362 4375 ut
1387 4336 1416 4374 a
1451 4329 1597 4377 metu
1633 4332 1794 4392 atque
1820 4335 2064 4379 conster-

2175 4321 2287 4390 γάρ
2316 4323 2344 4374 ό
2383 4321 2739 4391 χρηματίζων
2767 4323 2866 4393 τῆς
2898 4323 3098 4392 πολλῆς
3124 4323 3363 4391 ἀγωνίας
3411 4326 3508 4378 καὶ
3537 4321 3621 4376 τοῦ
3646 4319 3715 4373 δέ-

501 4409 722 4462 natione
748 4409 1077 4464 initiatorem
1111 4411 1262 4466 Pauli
1296 4421 1542 4479 revocet;
1575 4429 1737 4483 quem
1783 4415 2064 4482 exhorres,

2171 4430 2264 4476 ους
2309 4414 2746 4485 ἀνακαλούμενος
2803 4415 2894 4468 τὸν
2931 4415 3306 4484 ,μυσταγωγὸν
3365 4416 3462 4469 τοῦ
3505 4413 3712 4473 Παύλου,

502 4499 599 4564 ait,
624 4514 688 4552 ac
717 4500 882 4553 veluti
907 4500 1188 4555 inimicum
1220 4502 1479 4557 salutaris
1508 4503 1906 4572 praedicationis
1924 4504 2064 4557 exti-

2183 4505 2442 4576 ι”Οτιπερ
2469 4507 2528 4559 ὃν
2555 4507 2795 4578 τέθηπας
2837 4509 2930 4560 καὶ
2961 4505 3206 4574 δέδοικας
3248 4509 3324 4567 ὡς
3365 4508 3612 4578 πολέμιον
3636 4502 3712 4557 τοῦ

499 4594 701 4647 meseis
733 4610 746 4646 :
784 4612 802 4644 ι
837 4597 888 4647 ls
917 4602 1000 4648 est
1040 4596 1173 4648 mihi
1211 4608 1303 4650 vas
1336 4595 1635 4650 electionis.
1674 4614 1692 4646 ι
1720 4595 1880 4650 Addit
1905 4614 1918 4650 :
1943 4615 1962 4646 ι
2000 4593 2064 4650 Ut

2177 4599 2445 4668 σωτηρίου
2476 4599 2850 4670 κηρύγματος,
2877 4592 3032 4663 οὗτός
3065 4617 3154 4670 μοι
3189 4599 3381 4663 σκεῦός
3412 4601 3557 4651 ἐστιν
3589 4596 3715 4648 ὲκλο-

498 4692 678 4750 portet
729 4699 926 4738 nomen
974 4700 1154 4739 meum
1212 4700 1399 4740 coram
1450 4685 1704 4756 gentibus
1751 4697 1806 4740 et
1841 4687 2064 4756 regibus

2173 4687 2278 4758 γῆς
2302 4705 2315 4720 '
2363 4690 2444 4752 είς
2477 4689 2538 4742 τὸ
2574 4690 2840 4758 βαστάσαι
2886 4691 2948 4744 τὸ
2973 4691 3144 4759 ὄνομά
3172 4708 3273 4760 μου
3307 4691 3538 4743 ἐνώπιον
3571 4684 3713 4739 ἐθνῶν

497 4783 663 4841 atque
699 4775 911 4828 lsraelis
938 4775 1061 4828 ﬁliis
1088 4776 1154 4832 “.
1197 4795 1215 4827 ι
1249 4775 1449 4845 Nempe
1481 4777 1612 4832 dicit
1639 4791 1765 4844 non.
1787 4778 1963 4832 solum
1996 4778 2064 4832 ab

2172 4797 2231 4833 τε
2283 4781 2375 4834 καὶ
2425 4781 2690 4851 βασιλέων
2730 4782 2860 4836 υἱῶν
2911 4799 2970 4836 τε
3001 4783 3272 4853 Ἰσραήλ-ι
3311 4782 3432 4835 ἀντὶ
3486 4780 3610 4841 τοῦ,
3651 4777 3712 4830 Οὐ

503 4863 686 4917 hestili
720 4867 959 4920 exercitu
989 4882 1112 4920 eum
1157 4867 1540 4937 transfugisse,
1580 4883 1768 4922 verum
1809 4869 1972 4923 etiam
2008 4869 2062 4924 in

2175 4871 2337 4939 μόνον
2368 4872 2530 4934 αὐτὸς
2563 4871 2671 4925 τῶν
2694 4871 2903 4943 ἐχθρῶν
2932 4871 3033 4942 ττης
3064 4872 3337 4941 φάλαγγος
3367 4870 3708 4940 ἀπεπήδησεν,

488 4954 673 5024 prima
721 4959 837 5011 acie
878 4967 1084 5012 vexata:
1134 4959 1259 5014 ﬁdei
1327 4968 1783 5030 propugnatorem
1832 4961 2059 5016 versari.

2171 4961 2309 5017 ἀλλὰ
2339 4964 2434 5016 καὶ
2464 4963 2844 5034 προασπιστὴς
2882 4964 2991 5035 si};
3009 4964 3420 5036 πολεμουμένης
3461 4959 3712 5022 εὐσεϐείας

577 5089 621 5121 ³¹
652 5092 775 5146 Act.
805 5107 884 5157 Ix,
915 5091 1003 5147 15.
1079 5092 1125 5123 ³⁸
1164 5091 1296 5147 ibid.
1331 5092 1416 5147 14.
1495 5093 1540 5125 ³³
1563 5092 1718 5150 Joan.
1750 5111 1805 5160 χ,
1850 5094 1939 5151 50.
2017 5097 2064 5128 ³⁸

2168 5108 2222 5152 :t.
2257 5112 2332 5162 lx,
2368 5097 2450 5152 15.

2005 5255 2244 5314 ΝΟΤιΕ.

463 5421 470 5428 _
507 5429 530 5447 ν
568 5359 682 5447 (1³5)
726 5360 818 5416 Sic
835 5378 888 5417 v.
921 5379 1003 5433 gr.
1033 5365 1180 5447 apud
1209 5365 1425 5423 Livium
1460 5384 1646 5426 nomen
1673 5370 1926 5429 Latinum
1970 5388 2070 5447 pro

495 5429 690 5502 Latina
718 5447 826 5496 rep.
857 5429 952 5486 seu
984 5429 1238 5502 potentia.

717 5503 855 5584 Dum
868 5502 1149 5584 Spiritum
1177 5523 1208 5558 a
1250 5506 1727 5584 f’atreprocedere
1760 5515 1853 5578 ait,
1899 5531 2072 5584 neque

496 5586 530 5623 a
558 5571 902 5651 Filioadflit,
931 5571 1162 5651 oblique
1194 5578 1383 5632 saltem
1418 5571 1505 5635 liic
1553 5599 1774 5651 quoque
1827 5571 2069 5639 errorem

495 5653 657 5722 suum
683 5641 751 5696 de
779 5640 963 5722 Filii_a_
984 5640 1114 5722 solo
1128 5644 1286 5722 Patre
1316 5640 1664 5722 processione
1685 5640 1918 5707 'Photius
1951 5669 2074 5722 pro-

497 5707 598 5778 dit,
649 5724 827 5790 quem
855 5713 1026 5791 alibi
1065 5707 1329 5785 plurimis-
1350 5719 1530 5778 verbis
1582 5721 1840 5789 inculcat,
1879 5707 2075 5792 neinpc

2167 5375 2327 5444 epist.
2352 5375 2413 5449 ἓ,
2449 5391 2546 5431 seu
2599 5375 2782 5432 libello
2812 5377 3110 5449 encyclico.
3163 5376 3411 5448 Legenda
3456 5378 3712 5449 vero__s_unt

2169 5443 2720 5519 quat__Montacutius
2773 5443 2996 5516 cepiose
3055 5443 3295 5519 disputat
3356 5457 3539 5519 contra
3584 5443 3707 5519 illam

2169 5514 2349 5588 Photii
2367 5516 2795 5588 epistolamtnec
2820 5514 2929 5570 non
2949 5519 3019 5572 cl.
3047 5518 3115 5570 Α.
3144 5514 3401 5588 Sehottus
3427 5517 3490 5588 ad
3506 5514 3706 5588 rAmp_bi'-_

2171 5582 2516 5656 loc._rqusest.
2550 5586 2642 5639 28.
2674 5587 2737 5638 Et
2769 5588 2988 5656 quidem
3022 5602 3109 5640 res
3162 5586 3296 5641 satis
3352 5587 3609 5656 ventilata
3626 5582 3706 5633 fuit

2172 5655 2227 5726 in
2258 5651 2573 5726 Florentino
2595 5651 2848 5726 concilio,
2881 5666 2936 5710 et
2970 5671 3000 5709 a
3027 5657 3312 5726 catholicis
3349 5655 3546 5726 passim
3577 5651 3699 5705 theo-

2171 5724 2310 5792 logis
2333 5741 2349 5790 ;
2371 5740 2511 5792 quos
2549 5725 2689 5781 inter
2717 5725 2838 5780 vide
2867 5735 3015 5782 certe
3037 5725 3314 5780 Allatium.
