3864 6218
108 293 218 360 317

1052 306 1152 363 ΑΙ)
1189 305 1787 369 AMPHILOCHIUM
1820 308 2166 381 QUAESTIO
2204 311 2423 374 XLIII.

3276 318 3385 384 318

104 408 584 479 ἀναδειχθήσεται·
614 408 706 461 καὶ
738 408 846 481 γὰρ
879 410 984 463 ὑπὸ
1004 412 1110 464 τῶν
1140 413 1548 469 δυσσεϐούντων
1578 434 1677 469 πο-

1801 419 2051 485 )ivinam,
2074 421 2272 491 inquit,
2300 418 2747 491 praedicationem
2776 424 2845 480 ab
2874 424 3056 497 impiis
3090 443 3378 501 oppugna-

104 499 502 570 λιορκούμενόν
548 517 607 553 τε
666 502 761 554 καὶ
791 505 1241 575 κατασειόμενον,
1290 508 1453 571 αὐτὸς
1486 509 1693 562 ἀναϐα-

107 591 303 643 στάσει
332 591 425 644 καὶ
460 592 812 663 ύποστηρίξει
850 595 943 646 καὶ
976 596 1309 666 ἁκράδαντον
1345 601 1695 670 παραστήσει

105 683 170 734 τὸ
222 682 470 745 θεοσεϐὲς
530 686 813 753 κήρυγμα.
872 685 1042 739 Τοῦτο
1092 688 1199 759 γὰρ
1244 689 1477 743 ἐνταῦθα
1520 692 1553 760 ἡ
1598 692 1692 745 τοῦ

105 774 407 842 ὀνόματος
455 777 789 843 ἀπαγγέλλει
832 777 1082 847 δύναμις,
1132 780 1230 847 τὴν
1274 781 1445 851 ἁληθῆ
1490 783 1693 849 πίστιν,

102 864 172 917 τὸ
205 869 306 935 τῆς
339 867 619 930 εὐσεϐείας
648 868 923 939 φρόνημα,
954 871 1055 938 τῆς
1080 872 1353 940 θεολογίας
1395 874 1456 925 τὸ
1488 875 1695 945 κήρυγο

109 972 216 1023 μα,
260 956 358 1023 τῆς
386 955 480 1007 τοῦ
509 958 685 1025 Λόγου
718 960 1045 1031 σαρκώσεως
1083 961 1143 1014 τὸ
1194 965 1491 1035 μυστήριον
1519 981 1532 995 °
1574 965 1695 1019 ἐπεὶ

104 1046 161 1096 τί
218 1046 457 1113 χαλεπὸν
511 1044 621 1118 ἦν,
675 1051 837 1104 τίνων
871 1052 926 1104 δὲ
980 1056 1373 1123 στηριγμάτων
1414 1057 1688 1127 δεόμενον,

102 1136 302 1200 ἁπλῶς
331 1138 503 1201 οὕτως
536 1142 629 1191 καὶ
663 1143 764 1212 μιᾷ
792 1146 941 1213 φωνῇ
982 1146 1412 1215 προσαγορεύειν
1441 1150 1534 1201 τὸν
1578 1150 1693 1203 Κύ-

105 1245 274 1296 ριον;
332 1230 441 1282 Καὶ
482 1231 660 1284 αὐτῶν
703 1234 873 1286 ἐνίοτε
920 1235 1028 1288 τῶν
1052 1236 1344 1306 δαιμονίων
1374 1240 1696 1311 ἀναϐοωμέ-

104 1338 220 1371 νων
250 1321 343 1373 καὶ
382 1323 519 1390 μετὰ
544 1324 867 1394 προσθήκης
895 1326 1040 1391 τινὸς
1072 1328 1131 1380 τὸ
1152 1313 1692 1401 Δεσποτικδνδνομα.

103 1410 278 1463 Ἀλλὰ
309 1412 467 1481 δῆλον
501 1413 574 1476 ὡς
602 1413 698 1467 νῦν
724 1415 931 1483 ὄνομα,
966 1417 1025 1469 τὸ
1050 1417 1135 1470 διὰ
1158 1420 1370 1473 Παύλου
1396 1422 1698 1489 καταγγελ-

103 1501 341 1571 λόμενον
373 1505 637 1573 κήρυγμα
668 1505 835 1572 λέγει,
878 1508 973 1559 καὶ
1003 1508 1063 1560 τὸ
1093 1510 1228 1579 πρὸς
1259 1509 1392 1562 Θεὸν
1426 1512 1695 1582 ἀναφερό-

108 1609 278 1660 μενον
317 1594 513 1657 σέϐας,
552 1595 695 1665 ύπέρ
728 1589 789 1648 οὗ
826 1598 1055 1668 μυρίους
1085 1600 1219 1652 καθ’
1250 1601 1488 1671 ἑκάστην
1536 1603 1699 1657 θανά-

103 1701 239 1746 τους
289 1684 318 1736 6
346 1686 475 1753 πρὶν
517 1679 756 1756 διώκτηξ
779 1689 948 1757 ἡδέως
982 1690 1167 1760 ἔφερε,
1211 1692 1499 1756 διδάσκων,
1550 1712 1694 1763 παρ-

105 1771 305 1838 αινῶν,
360 1774 736 1842 μυσταγωγῶν
761 1813 776 1838 ,
808 1777 1101 1846 κηρύσσων
1151 1780 1251 1850 τὴν
1295 1780 1477 1835 πίστιν
1501 1824 1515 1847 ,
1572 1784 1696 1839 καθ’
1726 1757 1771 1814 Β

104 1864 177 1930 ἦν
210 1863 359 1933 αὐτῷ
394 1866 785 1933 μυσταγωγίαν
818 1870 845 1920 6
878 1869 1067 1940 Σωτὴρ
1113 1872 1483 1941 ἀπεκάλυψεν·
1526 1876 1696 1944 «Ἐγὼ

104 1954 246 2023 γὰρ,
298 1956 484 2025 φησὶν,
520 1956 784 2022 ὑποδείξω
813 1959 960 2031 αύτῷ
990 1962 1090 2015 ὅσα
1119 1962 1200 2016 δεῖ
1229 1966 1392 2018 αὑτὸν
1423 1966 1563 2037 ὑπὲρ
1598 1968 1694 2023 τοῦ

104 2045 380 2115 ὀνόματός
414 2065 515 2116 μου
559 2049 771 2103 παθεῖν.
788 2069 806 2102 ι

189 2137 278 2207 ιβ’.
312 2138 427 2190 Καὶ
452 2140 552 2209 ὅρα
582 2143 812 2211 συνεχὴς
845 2144 877 2212 ἡ
905 2144 1101 2213 χρῆσις
1126 2144 1222 2197 τοῦ
1254 2146 1567 2214 ὀνόματος.
1597 2146 1697 2199 Διὰ

104 2227 202 2293 τί;
256 2230 375 2282 Ἵνα
420 2231 453 2300 η
502 2232 738 2304 ἐπιμονὴ
794 2235 892 2303 τῆς
941 2235 1127 2304 φωνῆς
1168 2236 1228 2287 τὸ
1282 2237 1416 2290 αὐτὸ
1463 2240 1695 2309 πρᾶγμα

107 2319 378 2384 πολλάκις
421 2323 762 2392 σημαίνουσὰ
802 2342 861 2377 τε
898 2327 992 2379 καὶ
1026 2329 1328 2399 κατάδηλον
1372 2331 1692 2401 ποιουμένη,

104 2410 266 2463 ὥσπε
273 2429 307 2482 ρ
326 2412 411 2466 διὰ
426 2413 526 2482 τῆς
539 2414 711 2483 ἀκοῆς
736 2416 1066 2469 ἐντυπώσειε
1090 2422 1198 2481 τοῖς
1220 2419 1499 2491 λογισμοῖς
1517 2422 1574 2474 τὸ
1597 2423 1697 2491 τῆς

107 2503 404 2567 εὐσεϐείας
437 2509 735 2576 μυστήριον
756 2509 849 2560 καὶ
878 2504 964 2561 οἷα
995 2509 1273 2578 βασιλικὸν
1305 2513 1698 2585 ὲκσφράγισμα

103 2598 229 2656 ταῖς
242 2594 499 2658 διανοίαις
516 2596 674 2650 τοῦτο
692 2598 946 2667 φέροντες
961 2601 1055 2653 καὶ
1074 2600 1206 2671 πρὸς
1218 2602 1349 2654 αὐτὸ
1360 2604 1693 2672 ἀφορῶντες,

108 2683 190 2754 μὴ
205 2684 344 2754 πρὸς
374 2685 571 2747 πολλὰς
591 2688 783 2756 εἴημεν
803 2689 955 2752 ὁδοὺς
966 2690 1245 2762 διαφόροις
1266 2697 1471 2761 φωναῖς
1490 2712 1699 2766 σχημα-

105 2798 134 2830 τ
147 2780 433 2848 ιζομένους
446 2783 861 2853 ἐκτρεπόμενοι.
880 2784 1051 2856 ’Υπὲρ
1067 2785 1161 2839 τοῦ
1184 2790 1491 2857 μυστηρίου
1505 2790 1694 2845 τούτου

107 2876 327 2943 καὶτῆς
353 2875 479 2945 περὶ
500 2876 599 2944 τὴν
622 2876 804 2931 πίστιν
816 2878 1102 2950 ἀκριϐείας
1123 2882 1151 2932 6
1168 2881 1378 2947 Παῦλος
1400 2882 1605 2955 ἔπασχε
1629 2884 1697 2939 τὰ

107 2966 414 3033 ἀνήκεστα’
432 2964 491 3016 οὐ
514 2964 623 3037 γὰρ
647 2968 774 3034 περὶ
796 2967 1058 3037 ὀνόματος
1080 2968 1258 3039 ψιλοῦ,
1280 2972 1399 3024 οὐδὲ
1417 2972 1697 3027 συλλαϐῶν

109 3055 352 3127 βραχείᾳ
386 3056 652 3123 συνθέσει,
687 3057 747 3110 τὸ
770 3058 998 3129 φρικτὸν
1030 3060 1123 3113 καὶ
1158 3061 1301 3131 μέγα
1325 3062 1424 3131 τῆς
1457 3063 1691 3127 πίστεως
1723 3099 1766 3156 c

109 3150 574 3219 περιγράφοντος.
614 3149 704 3202 Διὸ
737 3151 830 3204 καὶ
859 3150 1080 3205 ἀκούειν
1111 3153 1228 3206 ἐστὶ
1255 3152 1361 3206 τῶν
1398 3155 1558 3226 ἱερῶν
1590 3157 1696 3210 πά-

107 3241 199 3294 λιν
236 3241 661 3295 ἐκδιδασκόντων
691 3245 972 3315 ῥημάτων·
1000 3246 1097 3316 οὐχ
1129 3240 1283 3310 οὗτος
1313 3248 1462 3300 ἐστὶν
1492 3251 1520 3301 6
1561 3266 1695 3320 πορο

110 3335 293 3403 θήσας
346 3334 402 3386 έν
450 3332 808 3405 Ἰερουσαλὴμ
853 3336 914 3390 τὸ
961 3336 1131 3407 ὄνομα
1176 3338 1367 3404 τοῦτο;
1415 3340 1539 3402 Πῶς
1591 3343 1700 3412 γὰρ

114 3424 411 3491 ἐπορθεῖτο
459 3423 605 3489 λέξις
649 3423 833 3495 πληγῇ
869 3425 1032 3495 ἀέρος
1087 3427 1316 3498 βραχείᾳ
1364 3446 1699 3500 περιγραφο-

116 3515 285 3583 ἴ,έ-νη,
332 3516 590 3585 καὶπρὸς
623 3516 827 3587 μηδένα
858 3516 982 3571 νοῦν
1012 3519 1075 3571 τό
1118 3536 1182 3587 γε
1229 3521 1315 3572 ἐπ’
1366 3523 1523 3592 αὐτῇ.
1565 3522 1699 3591 μηδὲ

110 3606 280 3669 δόξαν
317 3605 577 3673 θεολόγων
645 3608 1053 3679 ἁναπλουμένη,
1094 3611 1217 3682 μηδ’
1247 3611 1551 3682 ἀνθρώπων
1598 3612 1701 3681 ψυ-

126 3698 255 3764 χαῖς
282 3694 480 3747 ἐνιέναι
504 3696 789 3765 δογμάτων
819 3698 1104 3768 ἀκρίϐειαν
1140 3698 1437 3768 δυναμένη,
1475 3699 1571 3751 καὶ
1599 3701 1700 3768 τὴν

114 3786 359 3857 ὓπαρξιν
413 3789 813 3858 χρονικωτέραν
858 3788 956 3841 οὐκ
1006 3789 1207 3859 ἔχουσα
1252 3791 1351 3859 τῆς
1391 3791 1696 3857 γενέσεως;

127 3882 297 3934 Ἀλλὰ
326 3882 433 3952 γὰρ
468 3881 628 3951 δῆλον
660 3882 735 3944 ὠς
768 3882 863 3935 νῦν
895 3883 1100 3950 ὄνομα,
1146 3883 1205 3936 οὐ
1247 3883 1309 3935 τὸ
1338 3883 1565 3954 σύνηθες
1608 3886 1701 3937 καὶ

115 3976 259 4027 πᾶσι
282 3974 714 4044 περιφερόμενον
750 3977 951 4028 ἐννοεῖν
980 3975 1098 4039 δεῖ,
1149 3974 1287 4029 ἀλλὰ
1317 3976 1375 4027 τὸ
1403 3976 1501 4045 τῆς
1542 3976 1698 4029 εὐσε-

113 4066 277 4128 ϐείας
312 4066 442 4136 ὅλης
488 4065 835 4135 ἁπαγγέλλον
875 4082 934 4118 τε
962 4066 1055 4119 καὶ
1088 4066 1445 4137 διασημαῖνον
1489 4069 1698 4138 μυστή-

118 4175 259 4228 ριον,
300 4157 393 4210 καὶ
429 4156 528 4227 τὴν
557 4156 649 4210 τοῦ
678 4157 1032 4228 κηρύγματος
1060 4157 1147 4211 διὰ
1176 4158 1356 4228 πάσης
1390 4158 1546 4228 ἡμῶν
1589 4160 1689 4228 τῆς

115 4232 400 4316 θεολογίας
432 4247 726 4315 προῖοῦσαν
758 4249 1065 4317 ἀκρίϐειαν.
1095 4249 1207 4303 Καὶ
1234 4250 1344 4321 γὰρ
1373 4250 1434 4303 τὸ
1458 4250 1700 4304 τοιοῦτον

112 4340 311 4408 ὄνομα,
342 4340 461 4407 ἦτοι
488 4338 589 4407 τῆς
618 4339 852 4401 πίστεως
882 4342 914 4409 ἡ
947 4340 1223 4403 τελείωσις
1250 4379 1264 4403 ,
1297 4341 1391 4394 καὶ
1436 4342 1557 4403 ταῖς
1587 4341 1701 4394 δια-

1798 518 1908 565 tam
1933 520 2097 580 atque
2130 529 2453 567 concussam
2483 515 2775 570 sustinebit
2798 517 2913 587 ipse
2945 529 3105 589 atque
3141 523 3380 580 rmahit

1799 604 2196 672 immotamque
2227 615 2446 659 statuet.
2498 604 2577 659 Ita
2613 605 2865 662 videlicet
2911 609 3016 665 hoc
3054 612 3175 667 loco
3215 630 3379 669 voca—

1797 695 1984 750 bulmn
2013 712 2197 750 nomen
2231 706 2390 751 sonat
2419 713 2601 751 veram
2637 699 2816 766 ﬁdem,
2849 701 2993 769 piam
3024 706 3375 768 sententiam,

1797 786 1996 840 divina:
2041 787 2304 841 doctrinae
2371 789 2850 855 praedicationem,
2895 790 3059 846 Verbi
3109 795 3379 850 incarnati

1796 877 2140 945 mysterium.
2167 877 2340 933 Secus
2366 880 2511 932 enim
2545 894 2644 933 cur
2674 882 2846 935 ardua
2892 883 3106 950 fuisset,
3144 888 3225 939 vel
3256 888 3380 955 qui-

1796 966 1900 1021 bus
1930 968 2279 1025 adminiculis
2313 970 2639 1041 indiguisset
2670 974 2898 1043 simplex
2945 990 3045 1028 nee
3082 979 3244 1032 unius
3276 994 3378 1033 vo-

1799 1058 1978 1112 cabuli
2008 1062 2144 1115 fines
2170 1064 2442 1116 excedens
2471 1062 2687 1118 Domini
2711 1067 3001 1135 appellatio
3023 1068 3107 1120 ³⁸⁸2
3138 1068 3297 1123 Certe
3324 1078 3381 1124 et

1789 1150 1906 1216 ipsi
1935 1151 2233 1219 aliquando
2261 1155 2536 1209 (lzetttnnes
2567 1171 2690 1209 eum
2726 1159 2909 1227 aliquo
2943 1159 3106 1213 etiam
3136 1160 3378 1228 epitheto

1798 1238 2143 1294 Dominicum
2180 1256 2377 1295 nomen
2426 1246 2939 1312 pronuntiaverunt.
2996 1247 3100 1302 Sed
3150 1264 3377 1317 prorsus

1796 1331 2135 1399 exploratum
2162 1342 2265 1397 est,
2290 1350 2435 1387 nunc
2462 1334 2728 1388 vocabqu
2748 1352 2954 1400 nomen,
2975 1338 3375 1406 praedicandam

1799 1435 1828 1472 a
1863 1418 2029 1474 Paulo
2056 1421 2362 1477 doctrinam
2396 1425 2527 1489 dici,
2569 1426 2935 1495 devotumque
2970 1427 3092 1482 -Deo
3138 1431 3372 1494 cultum,

1798 1510 1955 1577 cujus
2009 1512 2179 1581 gratia
2230 1513 2554 1569 innumeras
2606 1517 2851 1584 quatidie
2896 1528 3101 1572 mortes
3156 1520 3222 1585 is,
3283 1522 3376 1590 qui

1798 1612 1955 1657 antea
1997 1616 2316 1672 persecutor
2359 1607 2564 1671 fuerat,
2619 1608 2851 1663 libenter
2902 1611 3225 1680 perferebat,
3277 1615 3377 1668 do-

1800 1690 1995 1753 cendo,
2028 1691 2319 1755 hortando,
2357 1692 2646 1756 initiando,
2694 1695 3044 1764 prwdican‘do
3078 1699 3261 1767 ﬁdem,
3294 1716 3378 1754 se-

1800 1782 2037 1834 cundum
2066 1797 2229 1850 quam
2273 1781 2530 1838 Servator
2564 1800 2721 1840 sacra
2777 1803 2902 1841 eum
2960 1790 3219 1858 religione
3268 1793 3375 1846 im-

1802 1872 2015 1927 buerat.
2059 1892 2077 1924 (
2110 1872 2222 1942 Ego
2254 1875 2423 1939 enim,
2458 1876 2656 1945 inquit,
2693 1879 2978 1933 ostendam
3027 1882 3124 1947 illi,
3171 1896 3376 1953 quanta

1798 1962 1974 2033 ipsum
2003 1973 2253 2033 oporteat
2292 1966 2396 2020 mei
2426 1969 2663 2022 nominis
2696 1984 2862 2023 causa
2891 1971 3004 2039 pati
3034 1972 3096 2025 ³⁸.
3137 1991 3156 2024 ι

1869 2140 1957 2193 1⁸Ξ.
2039 2142 2216 2211 Atque
2275 2143 2411 2197 adeo
2468 2144 2669 2199 videsis
2729 2156 3049 2215 perpetuum
3129 2148 3375 2203 vocabuli

1797 2249 1984 2287 nomen
2043 2251 2227 2288 usum.
2272 2235 2385 2288 Cur
2433 2238 2655 2289 autem?
2697 2238 2902 2306 Nempe
2956 2248 3013 2292 ut
3066 2240 3375 2293 constantia

1797 2325 2073 2391 vocabuli,
2090 2330 2232 2395 quod
2255 2328 2499 2382 eamdem
2528 2344 2639 2382 rem
2664 2329 2940 2383 multoties
2970 2331 3192 2385 denotat
3213 2340 3376 2399 atque

1798 2419 2055 2481 ostendit,
2092 2420 2173 2472 vel
2204 2421 2322 2487 ipso
2356 2420 2551 2475 auditu
2590 2422 2759 2475 menti
2792 2422 3067 2490 insculpat
3097 2423 3376 2493 religionis

1798 2512 2151 2580 mysterium;
2195 2524 2361 2581 atque
2414 2523 2472 2567 ut
2524 2513 2581 2571 id
2619 2529 2716 2567 ceu
2771 2515 2979 2583 regiqu
3030 2515 3374 2583 signaculum

1798 2610 2020 2670 pectore
2053 2603 2378 2672 impressum
2416 2603 2671 2667 ferentes,
2704 2613 2759 2659 et
2784 2606 2849 2658 ad
2874 2606 2978 2660 hoc
3000 2609 3373 2677 respicientes,

1800 2692 2223 2763 haudquaquam
2257 2696 2308 2748 in
2342 2696 2457 2749 vias
2492 2696 2825 2767 multiplices
2856 2698 3115 2753 varietate
3142 2702 3377 2754 voeabu-

1799 2782 1977 2837 lorum
2008 2784 2308 2853 patelactas
2339 2786 2696 2841 divertamus.
2733 2787 2907 2856 Hujus
2939 2803 3103 2843 causa
3131 2790 3377 2856 mySterii

1800 2880 1963 2941 atque
1987 2884 2259 2928 accuratae
2296 2874 2420 2929 ﬁdei
2449 2873 2652 2930 Paulus
2681 2876 3068 2931 acerbissimas
3095 2878 3376 2935 molestias

1799 2963 2039 3031 pertulit.
2089 2962 2206 3017 Non
2242 2964 2385 3018 enim
2434 2966 2581 3019 nudo
2616 2968 2837 3019 nomine
2873 2975 3048 3031 tenus,
3084 2983 3257 3036 neque
3289 2970 3375 3022 in-

1767 3069 1771 3072 '
1806 3058 1885 3105 tra
1911 3051 2128 3105 brevem
2152 3053 2485 3122 syllabarum
2509 3054 2983 3122 compositionem,
3006 3058 3375 3111 venerandum

1804 3160 2173 3212 magnumque
2240 3146 2557 3215 mysterium
2627 3146 3129 3201 eireumscribebat.
3196 3149 3378 3213 Quare

1800 3251 1993 3290 rursus
2031 3238 2223 3292 audire
2254 3238 2489 3307 expedit
2518 3254 2801 3293 sacrorum
2850 3241 3218 3308 magisterium
3253 3258 3378 3295 ver.

1800 3329 2037 3383 borum:
2078 3329 2281 3402 Nonne,
2312 3332 2359 3384 is
2413 3339 2517 3395 est,
2565 3331 2658 3399 qui
2700 3331 2950 3387 vastabat
2990 3330 3380 3402 Hierosolymis

1802 3435 1999 3474 nomen
2034 3420 2448 3488 hoc?Quonam
2493 3434 2673 3476 autem
2706 3432 2865 3491 pacto
2882 3423 3046 3476 dictio
3072 3440 3194 3491 quae
3229 3424 3379 3477 brevi

1800 3511 1923 3563 aeris
1954 3513 2307 3580 percussione
2332 3513 2874 3578 ﬁnitur,,vastitatem
2901 3515 3164 3569 fecisset?
3191 3515 3379 3583 dictio,

1802 3597 2045 3667 inquam,
2078 3618 2201 3670 quae
2231 3603 2441 3656 nullum
2483 3619 2579 3673 per
2610 3619 2668 3657 se
2708 3619 2931 3659 sensum
2976 3605 3241 3670 continuet,
3280 3622 3378 3661 ne-

1800 3705 1909 3759 que
1950 3693 2307 3764 theologicam
2341 3697 2582 3765 aliquam
2616 3698 2944 3751 sententiam
2971 3699 3249 3768 exprimit,
3283 3716 3380 3754 ne-

1800 3799 1908 3852 que
1943 3785 1996 3837 in
2032 3786 2317 3841 hominum
2355 3789 2556 3843 animis
2586 3789 2865 3843 deﬁnitum
2914 3790 3135 3860 aliquod
3185 3792 3380 3861 dogma

1802 3874 2124 3945 imprimere
2163 3888 2377 3948 potest;
2408 3896 2529 3949 quae
2558 3881 2795 3949 denique
2824 3882 3197 3935 exsistentiam
3233 3883 3380 3937 haud

1800 3966 2187 4037 longaeviorem
2241 3971 2525 4025 nativitate
2563 3973 2746 4026 habet.
2784 3964 3137 4040 Perspicuum
3167 3982 3249 4027 est
3278 3975 3380 4028 ita-

1800 4075 1925 4127 que,
1964 4075 2110 4114 nnnc
2136 4060 2188 4113 in
2212 4062 2480 4116 vocabulo
2503 4079 2689 4115 nomen
2714 4063 2855 4116 haud
2879 4072 3195 4116 consuetam
3231 4063 3376 4117 illam

1801 4152 2285 4221 pervulgatamque
2321 4154 2747 4222 signiﬁcantiam
2791 4169 2912 4227 esse
2950 4154 3373 4224 intelligendam,

1799 4243 1895 4296 sed
1918 4244 2242 4314 mysterium
2281 4247 2462 4313 potius
2488 4260 2598 4314 quo
2626 4246 2815 4314 religio
2846 4245 3095 4300 universa
3131 4246 3375 4311 .'nnuit,ur

1801 4348 1865 4388 ac
1902 4336 2209 4400 denotatur,
2254 4352 2449 4405 nempe
2492 4337 2818 4405 exquisitam
2874 4336 3149 4406 Evangelii
3196 4337 3375 4391 scicn-

116 4430 269 4494 νοίας
296 4432 450 4500 ήμῶν
474 4430 860 4500 ἐμϐαθύνεται,
882 4433 976 4484 καὶ
996 4420 1244 4501 θεμέλιον
1257 4433 1525 4502 λαμϐάνει
1544 4433 1697 4503 ἐδρα-

1804 4426 1936 4479 tiam
1994 4441 2117 4495 quae
2166 4442 2231 4482 ex
2283 4428 2435 4481 omni
2489 4438 2675 4481 nostra
2732 4427 3035 4495 theologica
3086 4428 3372 4496 disciplina

117 4524 352 4591 ζόμενον
375 4525 441 4592 τῇ
466 4524 576 4575 τῶν
610 4524 973 4578 πιστευόντων
998 4523 1232 4594 φιλοθέῳ
1264 4524 1459 4596 γνώμῃ
1497 4526 1592 4578 καὶ
1632 4529 1698 4597 τῇ

120 4616 450 4685 στερρότητι
484 4614 579 4667 τοῦ
608 4615 978 4683 φρονήματος.
1022 4613 1194 4666 Τοῦτο
1220 4615 1282 4666 τὸ
1305 4616 1478 4685 ὄνομα
1516 4617 1544 4667 6
1572 4618 1701 4686 πρὶν

124 4709 225 4776 μὲν
270 4705 473 4767 Σαῦλος
520 4706 849 4775 ἐπολιόρκει,
901 4707 929 4757 6
976 4705 1033 4757 δέ
1082 4707 1219 4775 μετὰ
1266 4706 1443 4761 ταῦτᾶ
1491 4707 1703 4771 Παῦλος

120 4797 355 4850 ἐνώπιον
382 4796 551 4849 ἐθνῶν
584 4799 677 4849 καὶ
728 4796 992 4866 βασιλέων
1036 4796 1367 4862 ἐϐάσταζεν,
1408 4799 1702 4869 ἀπερίτρε-

121 4905 256 4941 πτον
278 4888 437 4939 τοῦτο
466 4888 561 4939 καὶ
584 4887 1031 4955 ἀκαταγώνιστον
1074 4888 1223 4951 ίδίοις
1258 4889 1699 4959 ἐπιδεικνύμενος

120 4980 468 5049 ἁγνίσμασι,
516 4980 610 5032 καὶ
664 4979 833 5033 πολλὰ
882 4981 991 5033 τῶν
1020 4980 1191 5033 ἐθνῶν
1219 4982 1325 5033 ἀπὸ
1370 4982 1469 5051 τῆς
1506 4981 1701 5034 δυσσε-

121 5073 278 5134 ϐείας
312 5074 392 5135 εἰς
441 5070 645 5141 ταύτην
702 5071 1054 5141 μεθαρμόσας
1110 5074 1202 5124 καὶ
1254 5073 1700 5143 μυσταγωγήσας

123 5164 223 5232 τὴν
253 5164 559 5216 εὐσέϐειαν.
582 5165 672 5215 Δεῖ
705 5164 904 5227 τοίνυν,
931 5164 1152 5218 ἐπειδὰν
1174 5164 1240 5217 τὰ
1272 5164 1445 5229 Λόγια
1467 5165 1599 5235 λέγῃ
1627 5164 1702 5227 ὡς

126 5255 423 5317 ἐϐάπτιζον
454 5257 503 5307 οἱ
535 5255 775 5325 μαθηταὶ
808 5257 865 5308 ἐν
887 5255 965 5325 τῷ
995 5256 1220 5326 ὀνόματι
1243 5254 1417 5327 Ἰησοῦ
1442 5256 1702 5327 Χριστοῦ,

125 5344 160 5414 ἧ
194 5344 315 5398 κατ’
342 5343 508 5412 ἄλλην
535 5345 660 5398 τινὰ.
679 5344 952 5415 συνθήκην
979 5346 1361 5417 παραπλησίου
1386 5346 1542 5414 λόγου
1568 5364 1705 5416 συμ-

133 5437 472 5508 φερομένην,
514 5436 591 5506 τῷ
630 5438 980 5507 προκειμένῳ
1022 5438 1123 5506 τῆς
1162 5438 1524 5509 ἐκφωνήσεως
1551 5439 1704 5509 τύπῳ

129 5522 438 5586 ἀκολούθως
468 5540 526 5576 τε
564 5523 658 5579 καὶ
688 5524 1005 5595 θεοπρεπῶς
1053 5526 1273 5579 ἐννοεῖν·
1311 5527 1405 5578 καὶ
1439 5526 1546 5579 τῶν
1598 5543 1704 5595 μα-

203 5700 248 5734 ⁸⁸
284 5699 477 5775 Matth.
513 5715 629 5766 vtu,
658 5700 749 5755 29.
830 5700 873 5732 “
903 5701 1024 5755 Act.
1071 5717 1145 5762 ιχ,
1197 5701 1282 5754 16.

1800 4528 2008 4572 manat.
2047 4518 2159 4575 lIoc
2204 4535 2429 4583 nomen,
2482 4536 2576 4574 seu
2628 4520 2809 4588 potius
2865 4520 2989 4573 ﬁdei
3033 4536 3270 4582 summa,
3320 4528 3374 4572 et

1798 4611 2076 4663 mentibus
2112 4612 2316 4664 nostris
2349 4610 2695 4677 insculpitur,
2727 4619 2781 4663 et
2806 4609 3176 4663 fundamentis
3207 4610 3374 4662 utitur

1800 4700 1887 4768 pia
1923 4701 2261 4754 credentium
2309 4710 2491 4755 mente
2525 4702 2941 4770 constantiaque
2973 4702 3253 4755 sententiae
3282 4703 3373 4754 lir-

1803 4794 1986 4846 matis.
2024 4793 2139 4847 Hoc
2191 4790 2392 4847 Saulus
2451 4808 2644 4847 nomen
2682 4794 2958 4855 vastabat;
3012 4802 3175 4860 atque
3233 4792 3372 4845 idem

1805 4895 1991 4953 postea
2022 4884 2226 4939 Paulus
2257 4900 2439 4939 coram
2466 4884 2717 4953 gentibus
2746 4884 3071 4954 regibusque
3093 4887 3371 4952 portabat;

1805 4975 2177 5043 insuperabile
2204 4976 2255 5029 id
2281 4979 2443 5044 atque
2474 4975 2732 5028 invictum
2767 4976 2883 5030 suis
2935 4976 3067 5045 ipsis
3115 4975 3376 5029 facinori-

1784 5068 1910 5122 rbus
1948 5067 2237 5128 exhibens,
2290 5066 2597 5134 n‘mltasque
2626 5075 2816 5134 gentes
2868 5066 2940 5119 ab
2986 5067 3259 5133 impietate
3308 5064 3374 5118 ad

1806 5174 1992 5212 veram
2028 5158 2345 5227 religionem
2380 5158 2725 5226 pertrahens,
2772 5157 3051 5224 sacrisque
3106 5157 3375 5208 imbuens.

1807 5250 1982 5320 Igitur
2011 5250 2446 5319 quotiescunque
2492 5248 2634 5317 apud
2659 5262 2845 5311 sacras
2869 5245 3100 5300 Litteras
3125 5247 3380 5311 dicuntur

1812 5341 2063 5411 discipuli
2096 5340 2460 5409 baptizavisse
2490 5340 2542 5392 in
2565 5339 2765 5394 Christi
2790 5337 3026 5390 nomine
3054 5344 3148 5389 aut
3181 5350 3379 5390 secun-

1811 5434 1941 5488 dum
1974 5433 2136 5486 aliam
2164 5430 2456 5486 locutionis
2488 5429 2684 5485 similis
2723 5428 3034 5490 formulam,
3091 5426 3140 5478 id
3183 5421 3381 5476 intelli-

1814 5524 2049 5596 gendum
2081 5532 2165 5580 est
2203 5523 2366 5595 digne
2398 5538 2462 5579 ac
2496 5522 2885 5579 convenienter
2913 5527 3075 5589 prout
3107 5515 3211 5570 fert
3252 5523 3382 5582 pm-
