3830 6210
474 289 580 357 319

1617 273 1880 336 PHOTII
1915 269 2419 335 PATRIARCI—IIE
2449 269 2557 330 CP.

3598 227 3698 336 διὸ

474 405 686 477 positus
736 409 958 454 tesserae
1013 398 1197 464 typus,
1257 401 1435 459 neque
1495 384 1778 454 indignum
1842 381 2046 451 aliquid

2161 381 2526 477 immitti-neti:
2547 377 2765 444 ἀνάξιον
2795 378 3071 444 ὑπονοεῖν,
3097 379 3231 434 ἀλλὰ
3255 382 3397 438 κατὰ
3424 382 3489 437 τὸ
3517 385 3700 458 κήρυγ-

481 473 672 552 contra
699 486 998 557 discipulos
1025 479 1454 552 suspicandum;
1496 476 1591 531 sed
1638 473 1914 529 fatendum
1941 487 2047 544 po-

477 592 606 651 tius,
651 583 805 652 juxta
843 575 1149 634 doctrinam
1199 569 1509 626 Servatoris
1542 584 1608 624 ac
1649 567 2044 635 magisterium,

476 678 751 748 apostolos
780 688 990 729 sacram
1029 667 1494 736 regenerationem
1535 663 1798 732 perﬁcere
1831 658 2046 721 solitos,

476 772 724 836 aliosque
754 764 959 834 pariter
993 760 1063 815 ad
1095 760 1144 812 id
1183 756 1486 812 faciendum
1517 751 1852 814 erudivisse;
1895 749 1968 801 ita
1991 757 2050 801 ut

475 871 671 932 praeter
705 853 1043 911 Dominicum
1070 857 1400 921 praeceptum
1433 844 1758 914 cogitarent,
1783 841 2047 903 dicerent,

476 954 786 1008 facerentve
811 946 970 1002 nihil.

549 1062 634 1117 t5.
678 1061 781 1115 Sed
831 1060 1062 1112 fortasse
1105 1051 1307 1122 aliquis
1343 1044 1657 1102 ratiocinari
1692 1057 1941 1114 pergens,
1983 1055 2050 1096 ne

476 1156 652 1212 dicam
688 1151 958 1211 altercari,
984 1149 1027 1203 si
1058 1146 1111 1200 in
1145 1144 1386 1214 nomine,
1413 1139 1612 1208 inquit,
1639 1134 1818 1191 Patris
1843 1143 1892 1190 et
1925 1132 2046 1187 Filii

475 1245 742 1302 etsancti
802 1241 1041 1311 Spiritus
1088 1233 1439 1305 baptizabant
1476 1227 1771 1297 discipuli,
1823 1240 2046 1281 curnam

477 1339 532 1392 in
563 1336 781 1390 nomine
810 1329 1014 1386 Christi
1057 1337 1149 1381 aut
1195 1325 1318 1379 aliis
1351 1321 1619 1393 ejusmodi
1659 1317 1912 1372 formulis
1945 1316 2047 1370 ba-

478 1423 950 1498 ptizaredit-untur
971 1421 994 1472 ?
1019 1418 1176 1488 Atqui
1204 1415 1368 1484 hujus
1397 1413 1472 1466 rei
1499 1410 1651 1465 notio
1686 1411 1739 1462 in
1768 1422 1934 1476 supra
1969 1405 2044 1459 di-

477 1519 579 1572 ctis
598 1517 708 1584 jam
732 1515 865 1568 satis
885 1510 1128 1580 exposita
1145 1517 1249 1562 est.
1270 1504 1477 1560 Suﬂicit
1497 1503 1664 1567 enim,
1686 1499 2048 1569 complurium

478 1609 674 1669 instar,
707 1605 750 1657 si
790 1604 903 1656 haec
932 1597 1306 1655 controversia
1351 1594 1489 1648 mori
1549 1607 1830 1646 sacrarum
1885 1588 2053 1643 Litte-

474 1713 661 1753 rarum
698 1696 1030 1764 imputetur;
1061 1689 1176 1744 etsi
1210 1689 1256 1742 is
1277 1687 1368 1756 qui
1401 1686 1543 1739 hanc
1577 1683 1677 1738 sibi
1711 1679 2048 1735 tractandam

478 1789 666 1852 sumit,
709 1803 814 1841 non
851 1796 959 1838 tam
1000 1784 1218 1837 curiose
1251 1792 1431 1848 agere,
1479 1789 1642 1844 quam
1672 1773 1888 1827 veritati
1937 1781 2048 1826 stu-
2075 1776 2121 1834 Β

478 1881 630 1946 dere,
661 1879 810 1932 velit.
845 1876 979 1929 Nam
1023 1883 1075 1928 et
1110 1872 1214 1926 alia
1265 1867 1528 1937 singulari
1561 1865 1820 1919 orationis
1853 1877 2049 1932 genera

479 1987 577 2041 pro
607 1983 706 2026 sua
735 1969 994 2037 quodque
1027 1965 1201 2019 forma
1232 1960 1536 2015 idiotismos
1569 1957 1770 2011 habere
1799 1969 2050 2022 comper-

480 2071 594 2117 tum
623 2069 705 2114 est
734 2076 747 2113 :
784 2072 1053 2126 nemoque
1092 2052 1354 2110 idiotismi
1383 2059 1606 2118 gn‘arus,
1635 2048 1688 2101 in
1722 2047 1856 2100 alias
1885 2044 2052 2099 vesti-

480 2153 724 2223 gatioues
772 2147 1051 2220 pervagari
1095 2152 1330 2199 mentem
1362 2142 1535 2196 sinit:
1571 2153 1693 2208 qua:
1723 2151 1812 2191 res
1846 2151 1957 2189 non
1992 2135 2046 2187 in

480 2243 678 2297 divinis
732 2242 908 2296 solum
957 2236 1304 2292 sermonibus
1349 2230 1624 2295 usuvenit,
1661 2243 1846 2284 verum
1894 2227 1950 2280 in
1984 2225 2051 2279 iis

480 2337 642 2390 etiam
688 2347 829 2403 quos
883 2329 1058 2384 Attica
1116 2329 1296 2396 lingua
1342 2325 1585 2380 studiose
1617 2329 1865 2376 exornat.
1907 2316 2052 2371 Nihil

481 2435 662 2482 tamen
696 2432 840 2478 vetat
874 2421 1166 2491 quominus
1214 2419 1362 2473 hunc
1395 2416 1730 2470 idiotismum
1762 2411 1923 2480 paulo
1963 2409 2054 2462 fu-

483 2519 598 2573 sius
645 2529 1005 2586 exponamus.
1057 2511 1380 2579 Quanquam
1436 2507 1575 2561 hanc
1613 2513 1818 2574 partem
1873 2516 1942 2556 ne
1995 2499 2051 2552 in

483 2609 766 2679 superiore
799 2605 1019 2676 quidem
1055 2603 1302 2656 oratione
1335 2597 1697 2666 negleximus,
1730 2595 1782 2648 in
1815 2606 1920 2661 qua
1967 2604 2053 2644 re-

483 2714 841 2775 rumicausas
884 2695 1135 2750 evolvere
1184 2706 1293 2746 non
1341 2687 1650 2744 omisimus.
1683 2682 1949 2736 Nimirum
1999 2679 2052 2732 in

2154 492 2229 546 μα
2260 473 2352 527 τοῦ
2384 473 2634 543 Σωτῆρος
2656 470 2752 525 καὶ
2775 469 2878 540 τὴν
2893 471 3258 539 διδασκαλίαν,
3284 474 3567 545 ὁμολογεῖν
3588 479 3704 542 τούς

2149 565 2482 642 ἀποστόλους
2510 564 2906 634 τελεσιουργεῖν
2940 562 3041 634 τὴν
3067 565 3452 642 ἀναγέννησιν,
3478 569 3702 632 καὶτοὺς

2149 651 2338 711 ἄλλους
2361 640 2618 722 πράττειν
2641 651 2839 719 ὁμοίως
2864 637 3392 722 μυσταγωγοῦντας
3439 656 3602 726 μηδὲν
3624 658 3702 726 ἔξ-

2148 743 2286 798 ωθεν
2309 744 2407 812 τῆς
2427 740 2762 811 Δεσποτικῆς
2791 742 3008 812 ἐντολῆς
3032 745 3168 815 μήτε
3201 745 3550 812 ἐννοοῦντας,
3576 748 3700 818 μήτε

2146 825 2409 897 λέγοντας
2441 829 2579 900 μήτε
2609 829 2967 911 πράττοντας.

2221 1003 2505 1081 mima:
2537 1003 2645 1073 γὰρ
2676 1003 2807 1068 ῐσως
2841 1003 2906 1058 ἀν
2943 1023 3086 1060 τισιν
3125 1005 3341 1060 ἐπέλθοι
3384 1005 3698 1074 λογοθετεῖν,

2151 1091 2236 1146 ἵνα
2276 1092 2348 1163 μὴ
2373 1091 2519 1160 λέγω
2564 1091 2910 1158 φιλονεικεῖν,
2939 1091 3015 1154 ὡς
3047 1092 3101 1145 εῐ
3128 1109 3190 1159 γε
3225 1095 3305 1155 είς
3328 1091 3391 1144 τὸ
3425 1091 3593 1162 ΰνομα
3618 1095 3699 1148 τοῦ

2149 1183 2359 1253 Πατρδς
2389 1181 2598 1236 καὶτοῦ
2629 1181 2760 1237 Υἰοῦ
2793 1183 2888 1236 καὶ
2920 1185 3014 1237 τοῦ
3043 1184 3199 1253 ἁγίου
3227 1184 3546 1253 Πνεύματος
3589 1186 3699 1240 ἐὸἀ-

2151 1271 2351 1333 πτιζον
2368 1272 2416 1324 οἰ
2446 1271 2708 1340 μαθηταὶ,
2735 1272 2788 1324 τί
2817 1273 2880 1342 δή
2912 1289 3043 1326 ποτε
3067 1275 3146 1335 είς
3169 1272 3228 1326 τὸ
3259 1273 3434 1343 ὃνομα
3467 1272 3560 1326 τοῦ
3585 1275 3702 1344 Χρι-

2153 1357 2277 1410 στοῦ
2324 1356 2574 1426 λέγονται
2623 1357 2967 1430 βαπτίζεινῆ
3003 1360 3082 1420 εἰς
3112 1359 3182 1412 τὰ
3215 1359 3412 1428 apem;
3472 1360 3562 1411 καὶ
3609 1359 3702 1429 γὰρ

2148 1445 2308 1500 τοῦτο
2339 1447 2440 1515 μὲν
2470 1446 2557 1501 διὰ
2583 1446 2692 1499 τῶν
2725 1447 3032 1516 εἰρημένων
3062 1447 3161 1518 ἤδη
3200 1447 3570 1517 ἀποχρώντως
3593 1449 3700 1500 ἐπι-

2151 1538 2444 1592 δείκνυται.
2469 1540 2666 1607 Ἤρκει
2695 1538 2804 1608 γὰρ
2829 1538 2947 1591 ἀντὶ
2976 1537 3185 1591 πολλῶν
3209 1537 3387 1591 ἄλλων
3415 1537 3515 1605 τὴν
3541 1538 3703 1593 αἰτίαν

2152 1630 2358 1701 ταύτην
2388 1632 2466 1693 εἰς
2497 1630 2556 1683 τὸ
2582 1631 2683 1700 τῆς
2713 1631 2863 1700 ἰερᾶς
2891 1630 3050 1700 ἡμῶν
3079 1629 3300 1700 ἲραφῆς
3335 1629 3458 1692 ἐθος
3479 1615 3701 1696 ἀνάγειν,

2155 1718 2246 1770 καί
2280 1717 2627 1787 παραστῆσαι
2660 1715 2865 1786 ταύτην
2895 1716 3285 1785 οἰκειούμενον,
3328 1716 3470 1785 μηδέ
3525 1717 3703 1785 μᾶλλον

2147 1806 2240 1860 τοῦ
2276 1807 2585 1876 φιλοσοφεῖν
2627 1806 2687 1860 τὸ
2713 1806 3192 1877 πολυπραγμονεῖν
3240 1806 3701 1861 ἀνταλλάττεσθαι.

2151 1899 2259 1952 Καὶ
2310 1899 2418 1967 γὰρ
2459 1899 2594 1952 ἄλλα
2640 1915 2700 1951 τε
2744 1897 2915 1950 πολλά
2958 1897 3081 1951 καθ’
3109 1897 3339 1952 ἕκαστον
3375 1891 3520 1962 εἶδος
3562 1898 3703 1966 λόγου

2153 1985 2223 2038 δι’
2247 1979 2321 2038 ὧν
2356 1984 2818 2057 χαρακτηρίζεται
2847 1984 3144 2053 καθορᾶται
3184 1985 3475 2052 ἰδιώματα·
3513 1986 3599 2038 καί
3625 1985 3704 2039 οὐ·

2152 2078 2262 2140 δείς
2296 2077 2550 2144 ἐπιγνοὺς
2576 2078 2636 2129 τὸ
2668 2076 2884 2145 ἰδίωμα,
2912 2074 3046 2145 πρὸς
3083 2075 3275 2145 ἑτέραν
3306 2075 3704 2130 ἀποπλανᾶσθαι

2160 2169 2252 2222 τὸν
2299 2168 2424 2222 νοῦν
2469 2168 2662 2237 ἀφίησι
2706 2168 2966 2236 ζήτησιν·
3003 2168 3095 2221 καὶ
3132 2169 3292 2222 τοῦτο
3335 2169 3398 2222 οὐ
3442 2169 3595 2238 μόνον
3625 2169 3704 2222 ἐπὶ

2151 2258 2258 2310 τῶν
2289 2258 2563 2326 θεοσόφων
2605 2257 2782 2324 λόγων
2823 2258 2972 2310 ἐστὶν
3015 2259 3369 2328 ἀναθεωρεῖν,
3401 2259 3538 2312 ἀλλὰ
3568 2259 3652 2313 καὶ
3675 2260 3704 2313 ἃ

2153 2347 2376 2414 κοσμεῖν
2417 2346 2780 2415 φιλοτιμεῖται
2831 2345 3052 2413 γλῶσσα
3096 2346 3128 2414 ὴ
3163 2347 3535 2412 ἀττικίζουσα.
3577 2349 3703 2415 Πλὴν

2153 2436 2304 2490 οὐδὲν
2341 2435 2540 2490 κωλύει
2573 2438 2667 2490 καὶ
2702 2436 2762 2489 τὸ
2813 2437 3007 2505 ἰδίωμα
3043 2437 3379 2508 πλατύτερον
3420 2438 3705 2492 συνεκδιδάο

2156 2545 2310 2580 σκειν
2331 2543 2346 2558 ⁸
2386 2525 2561 2580 καίτοι
2613 2544 2677 2591 γε
2706 2527 2826 2580 οὐδὲ
2850 2527 3006 2579 τοῦτο
3049 2528 3304 2598 παρεῖδεν
3354 2528 3651 2598 ἔμπροσθεν
3682 2530 3705 2581 ti

2154 2617 2330 2682 λόγος,
2361 2615 2444 2668 ὅτι
2485 2615 2560 2685 μὴ
2587 2615 2876 2686 ἐστέρηται
2901 2614 2995 2668 τοῦ
3026 2616 3473 2685 αἰτιολογείσθαι·
3504 2619 3594 2672 καί
3614 2621 3705 2688 γὰρ

2163 2702 2286 2765 «Εἰς
2309 2702 2369 2754 τὸ
2397 2701 2568 2770 ὄνομα
2596 2701 2688 2754 τοῦ
2724 2702 2928 2771 Κυρίου
2957 2702 3132 2773 Ἰησοῦ
3159 2703 3423 2774 Χριστοῦ,
3460 2723 3478 2756 ι
3527 2705 3614 2757 καὶ
3641 2706 3707 2768 εἰς

483 2774 756 2848 locutione
793 2808 813 2840 ‹
849 2787 905 2840 ln
936 2784 1154 2839 nomine
1183 2779 1403 2836 Domini
1431 2777 1558 2833 Jesu
1598 2774 1803 2831 Christi
1835 2792 1853 2824 ι
1891 2779 2055 2841 atque

2161 2793 2225 2847 τὰ
2257 2793 2612 2865 παραπλήσια
2641 2785 2735 2862 (ὧν
2764 2794 2820 2846 ἐν
2856 2793 2931 2863 τῷ
2952 2794 3195 2865 διαφόρῳ
3223 2795 3331 2848 τῶν
3365 2795 3556 2862 φωνῶν
3577 2795 3707 2849 ἀδιά-

484 2886 538 2940 ἰη
573 2885 695 2938 aliis
731 2877 1043 2948 huiusmodi
1093 2877 1349 2945 (quarum
1401 2870 1502 2925 etsi
1552 2866 1834 2923 dissimilis
1864 2878 2053 2924 sonus,

658 2977 668 2981 -
724 2973 735 2981 .
920 2979 927 2981 _
1147 2980 1190 2981 _
1336 2960 1612 2981 “unum
1653 2955 1915 2981 “Nam,”
1952 2953 2052 2981 Mn

2161 2900 2322 2981 φορος
2414 2882 2621 2981 διάνοια
2658 2883 2752 2936 καί
2780 2881 2922 2952 μία),
2957 2883 3182 2946 δικαίως
3229 2881 3296 2938 ἀν
3341 2883 3704 2954 ἀναφέροιτοή

483 2989 590 3030 non
622 2971 887 3027 absimilis
917 2979 1096 3022 tamen
1132 2978 1309 3034 neque
1336 2960 1616 3029 multiplex
1651 2955 1919 3011 sententia
1950 2953 2054 3022 est)

2161 2974 2290 3066 παρ’
2325 2973 2490 3066 αὐτοῦ
2524 2972 3018 3066 μυσταγωγηθεῖσα
3047 2975 3162 3037 τοῖς
3195 2973 3493 3045 μαθηταῖς,
3527 2953 3613 3028 καὶ
3633 2972 3706 3026 διὰ

478 3066 604 3136 jure
635 3061 936 3129 meritoque
964 3055 1191 3125 intelligi
1245 3053 1377 3108 fides
1429 3058 1607 3121 potest
1645 3063 1753 3117 qua
1806 3047 2056 3112 Christus

2161 3061 2266 3112 τῶν
2301 3060 2557 3130 μαθητῶν
2588 3059 2665 3129 τῷ
2696 3061 2906 3130 κόσμῳ,
2939 3060 3142 3122 πίστις,
3169 3059 3260 3112 τοῦ
3285 3061 3552 3130 ὀνόματος
3573 3060 3705 3112 τοῦτο

482 3155 805 3223 discipulos,
840 3160 1002 3218 atque
1031 3150 1084 3202 hi
1114 3146 1356 3201 vicissim
1390 3143 1654 3198 mundum
1692 3139 2005 3194 imbuerunt
2039 3153 2052 3189 :

2161 3150 2620 3222 παραδηλοῦντος,
2647 3152 2781 3205 διότι
2806 3152 2969 3214 αὐτὸς
2992 3151 3234 3223 ἀρχηγὸς
3256 3151 3502 3224 κατέστη
3529 3153 3617 3219 τῆς
3643 3151 3710 3213 είς

485 3261 612 3300 natu
645 3245 759 3297 haec
788 3258 816 3295 a
846 3239 1062 3295 nomine
1107 3236 1352 3291 deuotari
1401 3241 1599 3302 potest,
1641 3231 1769 3299 quia
1804 3227 2055 3282 Christus

2161 3244 2216 3297 τὸ
2254 3244 2394 3296 θεῖον
2439 3244 2721 3306 εὐσεϐείας
2744 3260 2758 3274 ο
2803 3243 2898 3297 καὶ
2929 3244 3063 3296 διότι
3094 3246 3153 3298 ἐν
3187 3246 3254 3314 τῇ
3301 3242 3397 3297 τοῦ
3425 3244 3595 3315 Ἰησοῦ
3633 3244 3712 3296 καὶ

486 3337 606 3404 ipse
642 3332 858 3400 pietatis
882 3343 1009 3395 erga
1037 3325 1205 3378 Deum
1236 3331 1427 3376 auctor
1449 3329 1570 3385 est;
1599 3329 1654 3374 et
1677 3317 1805 3387 quia
1838 3319 1889 3370 in
1921 3313 2055 3369 'Jesu

489 3420 817 3488 hominique
847 3415 1121 3470 mentione
1151 3413 1412 3467 docemur
1439 3407 1709 3463 contineri
1739 3405 2054 3459 summatim

489 3509 842 3579 conspicique
870 3503 1026 3559 Verbi
1061 3518 1157 3572 pro
1210 3501 1368 3555 nobis
1419 3497 1686 3552 incarnati
1720 3494 2054 3565 mysterium.

485 3601 662 3656 Porro
690 3601 812 3669 pius
843 3597 1074 3666 quisque
1105 3594 1207 3646 hoc
1232 3591 1367 3645 duce
1401 3588 1660 3659 mysterio
1687 3586 1904 3640 tendere
1924 3583 2059 3637 diri-

491 3694 654 3763 gique
681 3696 876 3758 potest
920 3685 985 3740 ad
1024 3669 1312 3753 perfecta‘m
1358 3680 1451 3732 Dei
1486 3677 1879 3747 cognitionem;
1916 3671 2058 3727 haud

487 3783 744 3854 equidem
794 3777 1167 3832 contrahendo
1200 3773 1730 3838 constringendoque
1760 3767 1900 3821 intra
1934 3767 2059 3819 bre-

490 3890 615 3929 vem
641 3873 781 3926 hanc
815 3883 1002 3922 vocem
1035 3867 1349 3935 degmatum
1379 3877 1543 3917 sensu
1591 3861 1666 3930 (id
1695 3859 1839 3914 enim
1885 3859 2058 3919 fieret,

490 3965 540 4021 si
590 3967 732 4018 nuda
774 3977 874 4014 vos
909 3943 1290 4030 proferretur),
1328 3957 1437 4008 imo
1483 3955 1662 4023 potius
1693 3951 1972 4030 dilatando
2000 3965 2063 4005 ac

484 4055 820 4128 perﬁciendo
851 4067 947 4120 per
973 4051 1128 4102 (idem
1163 4063 1225 4102 ac
1260 4047 1478 4117 pictatis
1509 4027 2056 4099 consummationem.

483 4148 645 4215 Quod
671 4143 971 4209 sidenique
995 4140 1180 4208 et.hoc
1205 4138 1394 4191 audire
1442 4135 1589 4196 libet,
1621 4134 1870 4187 indivisis
1895 4143 1949 4185 et
1984 4133 2064 4184 iu-

485 4235 813 4308 separabilis
840 4233 1010 4287 Filius
1035 4248 1064 4284 a
1092 4229 1250 4283 Patre
1293 4228 1606 4297 Spiritnque
1649 4232 1754 4289 est,
1784 4224 1917 4292 quia,
1953 4222 2064 4275 sci-

489 4330 618 4384 iicet
641 4327 881 4394 ejusdem
915 4319 1484 4392 incomprehensibilis
1513 4316 1838 4373 substantia
1873 4323 1926 4369 et
1951 4314 2062 4366 vir-

490 4421 627 4476 tutis
659 4436 721 4473 ac
757 4418 1042 4487 potestatis
1099 4415 1370 4484 particeps
1415 4419 1519 4466 est.
1567 4408 1674 4464 Sed
1707 4419 1886 4462 tamen
1916 4406 2066 4459 visus

494 4515 605 4569 fuit
635 4523 798 4580 atque
829 4510 1088 4579 palpatus.
1102 4514 1394 4577 postquam
1435 4517 1655 4560 carnem
1700 4510 1942 4555 nostram
1975 4515 2064 4553 as-

493 4603 734 4670 sumpsit
769 4601 962 4663 Filius,
998 4599 1173 4652 factus
1204 4596 1460 4650 nimirum
1487 4593 1663 4648 oculis
1708 4591 1912 4646 nostris
1937 4605 2069 4643 eon-

491 4692 772 4764 spicabilis
825 4699 1083 4756 tactuque
1116 4686 1398 4757 palpabilis
1437 4704 1449 4739 :
1489 4703 1510 4736 ι
1549 4683 1705 4750 Quod
1736 4681 1882 4736 enim
1936 4679 2068 4734 vidi-

496 4799 636 4846 mus,
653 4784 727 4836 a':t
751 4777 1060 4851 [Joannes],
1079 4785 1133 4831 et
1153 4792 1348 4830 manus
1370 4785 1570 4830 nostra:
1590 4779 2066 4830 contrectaverunt

496 4875 563 4926 de
612 4871 778 4925 verbo
826 4871 981 4934 vitae;
1033 4877 1089 4922 et
1146 4868 1253 4921 vita
1293 4869 1563 4937 apparuit.
1597 4864 1734 4920 Cum
1790 4866 1953 4936 igitur
2003 4864 2071 4918 ab

493 4976 629 5025 uno,
661 4960 752 5029 qui
790 4958 1110 5013 nominatim
1140 4958 1295 5011 nobis
1325 4959 1393 5011 (ili
1418 4953 1531 5013 suae
1571 4957 1855 5012 charitatis
1885 4956 2070 5010 inﬁni-

495 5061 616 5106 tum
671 5052 895 5120 pelagus
947 5050 1385 5118 c0gnoscendum
1451 5065 1509 5103 se
1558 5049 1805 5112 obstulit,
1868 5049 2072 5118 quique

497 5139 793 5194 ineﬂabilia
834 5139 994 5194 nobis
1030 5139 1284 5208 mysteria
1320 5141 1532 5208 aperuit
1561 5141 1631 5206 ³⁷,
1673 5160 1690 5192 ι
1744 5158 1776 5196 a
1828 5143 2070 5198 consub-

495 5232 766 5296 stantiali,
801 5231 1046 5300 inquam,
1082 5229 1240 5296 Filio,
1277 5233 1670 5300 omnipotentis
1690 5249 1909 5305 quoque
1945 5235 2069 5290 Tri-

501 5324 1590 5394 nitatisincomprehensibilitatematque
1608 5327 1866 5381 unitatem
1895 5329 2070 5385 edocti

435 5420 439 5423 ’
500 5417 792 5483 fuerimus,
823 5425 986 5485 atque
1019 5415 1086 5469 ad
1123 5401 1384 5484 reliquam
1421 5419 1666 5486 mysterii
1701 5420 1946 5474 notitiam
1976 5421 2074 5475 de-

498 5513 668 5574 dUCll,
719 5509 914 5563 merito
965 5523 1064 5562 nos
1113 5524 1244 5564 sane
1285 5509 1719 5579 quotiescunque
1761 5512 1962 5582 aliquid
1992 5529 2075 5569 se-

2158 3336 2363 3406 Κυρίου
2426 3338 2612 3407 μνήμῃ
2647 3333 3008 3404 διδασκόμεθα
3071 3335 3600 3405 συγκεφαλαιοῦσθαι
3628 3335 3710 3388 καὶ

2163 3444 2284 3479 συνε
2295 3425 2652 3496 μφανίζεσθαι
2671 3427 2731 3478 τὸ
2755 3429 3050 3496 μυστήριον
3079 3427 3198 3479 ὅλον
3222 3428 3319 3496 τῆς
3346 3427 3446 3479 τοῦ
3468 3428 3636 3496 Λόγου
3657 3424 3712 3480 δι’

2161 3514 2309 3583 ἡμᾶς
2339 3514 2672 3581 οἰκονομίας.
2700 3513 3097 3566 Ἀναπλοῦσθαί
3120 3530 3176 3565 τε
3199 3513 3428 3568 δύναται
3455 3515 3561 3567 τῶν
3584 3515 3714 3566 εὐσε-

2161 3603 2398 3657 ϐούντων
2435 3605 2663 3666 ἕκαστος
2687 3643 2702 3667 ,
2735 3603 2831 3657 καὶ
2875 3603 3278 3658 ἀπευθύνεσθαι
3309 3603 3380 3658 δι’
3404 3604 3568 3659 αὐτοῦ
3600 3603 3715 3673 πρὸς

2163 3691 2223 3742 τὸ
2253 3690 2457 3743 τέλειον
2500 3690 2600 3758 τῆς
2643 3689 2971 3757 θεογνωσίας
2997 3707 3010 3721 ·
3063 3691 3125 3744 οὐ
3186 3693 3253 3762 τῇ
3303 3691 3601 3762 βραχύτητι
3635 3691 3712 3755 τῆς

2163 3784 2360 3848 λέξεως
2403 3782 2809 3838 συναποθλίὸων
2855 3783 2949 3836 καὶ
2995 3782 3414 3852 συστενοχωρῶν
3477 3781 3566 3834 τὸν
3609 3780 3716 3833 νοῦν

2162 3873 2271 3926 τῶν
2301 3871 2586 3941 δογμάτων
2620 3869 2807 3938 (τοῦτο
2854 3869 2964 3940 γάρ
3018 3871 3083 3924 ἂν
3119 3869 3204 3941 εἴη
3231 3870 3392 3941 ψιλὴν
3427 3869 3526 3941 τὴν
3556 3869 3715 3940 φωνὴν

2164 3964 2504 4034 προφέρειν),
2536 3963 2652 4016 ἀλλ’
2683 3963 3162 4033 ἐμπλατυνόμενος
3205 3964 3299 4016 καί¹
3338 3961 3714 4033 καταρτιζόμε-

2163 4073 2252 4118 νος
2288 4057 2354 4124 τῇ
2404 4054 2583 4107 πίστει
2608 4055 2704 4108 καὶ
2743 4057 2808 4124 τῇ
2839 4053 3135 4124 τελειότητι
3167 4057 3267 4124 τῆς
3294 4054 3589 4116 εὐσεϐείας.
3625 4073 3642 4104 ι
3663 4052 3714 4104 Εἰ

2169 4145 2347 4216 βούλει
2369 4145 2444 4206 δέ,
2481 4144 2782 4215 ἀχώριστός
2808 4145 2924 4196 ἐστι
2956 4143 3051 4196 καὶ
3085 4143 3413 4206 ἀδιάστατος
3461 4146 3488 4196 ὀ
3518 4145 3634 4206 Υἱὸς
3652 4141 3716 4209 τῷ

2167 4233 2343 4305 Πατρί
2375 4234 2469 4287 καὶ
2516 4234 2593 4304 τῷ
2622 4233 2931 4304 Πνεύματι,
2963 4233 3039 4297 ὡς
3081 4233 3182 4302 τῆς
3207 4234 3379 4303 αὐτῆς
3410 4232 3714 4303 ὐπερουτίον

2166 4321 2353 4383 οὐσίας
2379 4321 2472 4373 καί.
2496 4314 2788 4395 δυνάμεως
2810 4320 2906 4372 καὶ
2939 4319 3186 4384 ἐξουσίας
3217 4320 3501 4390 ὑπάρχων.
3541 4319 3712 4387 Ὠράθη

2099 4449 2142 4502 D
2166 4410 2224 4462 δὲ
2269 4412 2364 4464 καὶ
2406 4411 2730 4482 ἐψηλαφήθη
2785 4413 2966 4481 σάρκα
3012 4409 3110 4480 τὴν
3150 4410 3426 4481 ἡμετέραν
3461 4408 3715 4465 ἀναλαϐὼν

2169 4503 2198 4555 ὁ
2239 4502 2380 4568 Υἱὸς,
2419 4504 2510 4556 καὶ
2540 4503 2764 4572 γέγονεν
2797 4504 2929 4573 ἡμῖν
2959 4501 3173 4572 θμμασί
3200 4518 3259 4554 τε
3285 4501 3511 4573 ληπτὸς,
3542 4504 3642 4570 ἀφῇ
3667 4514 3716 4553 τε

2167 4587 2508 4660 ψηλαφητός.
2539 4591 2639 4643 t‘O
2659 4589 2769 4661 γὰρ
2797 4588 3184 4659 ἐθεασάμεθα,
3219 4591 3354 4657 φησί
3377 4631 3394 4655 ,
3425 4592 3520 4644 καὶ
3547 4590 3598 4642 αἰ
3622 4587 3716 4656 χεῖοο

2173 4702 2263 4756 ρες
2295 4677 2455 4755 ήμῶῦ
2498 4685 2858 4758 ἐψηλάφησαν
2901 4688 3032 4759 περὶ
3078 4687 3175 4742 τοῦ
3223 4687 3386 4755 λόγου
3435 4689 3535 4759 τῆς
3571 4685 3714 4753 ζωῆς

2170 4786 2263 4838 καὶ
2297 4787 2330 4854 ή
2359 4786 2470 4856 ζωὴ
2500 4786 2842 4858 ἐφανερώθη.
2879 4787 2971 4852 Ἐξ
2997 4787 3112 4850 ἐνὸς
3137 4783 3231 4840 οὖν
3259 4785 3356 4838 τοῦ
3390 4788 3586 4858 μᾶλλον
3606 4785 3718 4854 ἡμῖν

2171 4876 2261 4930 διὰ
2295 4877 2706 4949 φιλανθρωπίας
2753 4881 2960 4948 ἄφατον
2996 4881 3234 4946 πέλαγος
3280 4881 3337 4932 ἐν
3369 4880 3566 4946 γνώσει
3603 4875 3692 4930 καθ

2174 4970 2406 5033 εστῶτος
2430 5010 2445 5033 ,
2484 4972 2580 5025 καὶ
2617 4971 2686 5025 τὰ
2719 4973 2859 5044 ὑπὲρ
2886 4972 3054 5040 ,λόγον
3086 4972 3613 5043 μυσταγωγήσαντος
3637 4963 3716 5019 τοῦ

2169 5063 2482 5130 ὁμοουσίου,
2512 5064 2608 5118 καί
2630 5065 3138 5136 παντοκρατορικῆς
3165 5063 3399 5134 Τριάδος
3426 5065 3489 5116 τὸ
3515 5055 3695 5127 ὐπερού

2174 5154 2288 5207 σιόν
2315 5171 2372 5206 τε
2410 5155 2505 5207 καὶ
2528 5156 2728 5211 ἐνιαῖον
2770 5156 3195 5227 ἐλλαμιρθέντες,
3230 5156 3370 5227 πρός
3417 5172 3478 5208 τε
3514 5152 3606 5223 τὴν
3638 5149 3715 5202 ἄλ-

2179 5244 2278 5314 λην
2321 5244 2418 5299 τοῦ
2469 5247 2770 5318 μυστηρίου
2814 5247 3047 5318 θεωρίαν
3079 5249 3161 5301 δι’
3202 5247 3373 5301 αὐτοῦ
3404 5254 3717 5316 χειραγωτη·

2180 5336 2399 5402 θέντες,
2441 5339 2665 5402 εἰκότως
2713 5341 2823 5412 ἄρα
2867 5340 2960 5394 καὶ
3003 5339 3222 5395 ἐπειδάν
3259 5357 3380 5393 τινα
3421 5339 3718 5409 πράττωμεν

2181 5429 2322 5481 κατὰ
2358 5429 2419 5482 τὸ
2473 5431 2908 5501 παραδεδομένον
2952 5431 3131 5499 δόγμα
3175 5428 3489 5491 τελοῦντες,
3536 5425 3611 5487 εἰς
3642 5419 3716 5473 τδν

2183 5521 2796 5590 παραδεδωκόταοταῦτα
2836 5523 3153 5592 δικαιοῦμεν
3182 5519 3566 5590 ἀναφέρεσθαι.

503 5600 745 5655 cundum
803 5599 1060 5654 traditum
1119 5603 1313 5673 degma
1373 5601 1645 5670 facimus,
1702 5605 1935 5673 merito,
1999 5607 2239 5676 inquam,
2297 5614 2361 5666 ad
2418 5623 2696 5669 auctorem
2784 5615 3056 5685 dogmatis
3116 5629 3229 5670 rem
3307 5611 3502 5667 factum
3551 5601 3709 5662 τειςά

511 5706 657 5746 mus.

572 5783 617 5816 "
659 5783 679 5838 ι
711 5781 869 5840 Joan.
895 5804 935 5854 ι,
963 5788 1012 5853 1,
1043 5788 1096 5841 2.
