3864 6218
170 291 260 360 321

1066 285 1168 342 AD
1206 280 1807 342 AMPHIIDCI-IIUM
1847 280 2194 352 ΟΠλΕΒΤΙΟ
2251 281 2472 342 XLIII.

3292 277 3402 341 322

234 405 305 460 ιδ’.
334 403 507 463 Ὅπως
539 399 639 469 μὲν
670 415 752 452 τοι
779 415 842 465 γε
879 398 974 449 καὶ
1001 398 1028 448 ὁ
1055 395 1267 458 Παῦλος
1301 393 1638 466 κατήγγελλε
1659 392 1720 447 τὺ

1894 395 1981 448 Η.
2021 394 2270 462 Quanam
2327 395 2493 466 igitur
2538 394 2750 448 ratione
2779 393 2983 450 Paulus
3025 392 3151 450 Jesu
3200 409 3402 450 nomen

168 501 317 568 ὄνομα
340 495 426 547 τοῦ
463 489 656 561 Ἰησοῦ,
698 489 794 543 καὶ
829 488 972 542 κατά
1011 490 1163 541 ποῖον
1195 487 1596 558 σημαινόμενον
1617 485 1715 537 τοῦ

169 591 422 659 ὀνόματος,
467 581 761 636 κάντεῦθεν
806 580 964 650 δῆλον
985 597 998 611 ο
1028 579 1229 648 μᾶλλον
1260 577 1317 632 δὲ
1363 576 1474 631 τῶν
1504 576 1718 631 ἐκείνου

167 681 318 749 λόγων
344 679 376 747 ὴ
403 675 558 745 χάρις
581 666 658 728 ὧν
687 672 867 743 ἥψατο
893 672 991 742 τῆς
1010 671 1259 742 καρδίας,
1279 669 1474 740 ἄδηλον
1519 668 1717 726 οὐδενί,

166 771 268 827 Νῦν
295 768 387 839 μὲν
419 766 523 838 γὰρ
553 766 614 819 τὸ
650 763 879 835 φρικτὸν
911 764 1002 816 καὶ
1038 760 1420 832 φιλάνθρωπον
1450 760 1548 831 τῆς
1586 777 1721 829 σαρο

165 862 383 924 κώσεως,
413 857 504 910 καὶ
548 854 928 926 μυσταγωγῶν
959 855 1050 907 καὶ
1085 853 1374 924 κηρύττων
1405 851 1682 905 ἐδείκνυτο
1701 868 1715 881 ·

165 955 247 1008 νῦν
272 952 322 1004 δὲ
351 949 613 1017 θεολογῶν
635 947 734 1017 τὴν
764 946 971 1017 Τριάδα
1004 943 1468 1016 ἐπαρρησιάζετο,
1491 959 1721 996 συνανα-

165 1024 424 1118 κηνρῦττων
466 1041 559 1093 καὶ
605 1039 705 1112 τὴν
746 1040 912 1108 ἄλλην
962 1037 1056 1092 τοῦ
1119 1038 1424 1108 μυστηρίου
1483 1037 1721 1105 δύναμιν

163 1137 392 1207 θειότητα
413 1151 425 1164 ·
454 1133 591 1187 ἀλλά
638 1133 745 1202 γὰρ
789 1131 944 1186 οὐδέν
980 1133 1097 1184 ἐστι
1125 1125 1236 1184 οἷον
1275 1129 1440 1184 αὐτοῦ
1475 1129 1718 1194 ἀκούειν,

167 1250 184 1282 ι
210 1232 295 1293 Ὃς
315 1228 385 1281 ὢν
402 1227 746 1296 ἀπαύγασμα
769 1226 868 1295 τῆς
882 1225 1039 1295 δόξης
1057 1226 1151 1279 καὶ
1173 1223 1574 1296 χαρακτὴρτῆς
1593 1225 1719 1276 ὐπο-

165 1323 382 1385 στάσεως
410 1314 597 1387 αὐτοῦ,
629 1319 874 1390 δηλονότι⁹
900 1318 995 1372 τοῦ
1026 1320 1238 1390 Πατρός
1269 1322 1297 1373 ὁ
1319 1319 1468 1382 Υἱὸς,
1491 1318 1590 1388 οὐχ
1623 1318 1723 1386 ἀρ-

162 1415 615 1485 παγμδνὴγὴσατο
629 1413 689 1465 τὸ
706 1408 845 1466 εἶναι
867 1410 955 1464 ἴσα
977 1410 1116 1480 Θεῷ.
1145 1430 1164 1462 ι
1193 1411 1328 1464 Οὐδὲ
1354 1410 1462 1480 γὰρ
1485 1409 1607 1479 ἔσχε
1629 1409 1721 1461 τὸν
1760 1400 1762 1402 ⁷

161 1507 340 1576 κλῆρον
367 1506 463 1576 τῆς
493 1504 749 1574 Θεότητος
795 1507 860 1557 ἐκ
901 1503 1174 1574 διαδοχῆς,
1221 1503 1341 1556 οὐδὲ
1392 1501 1722 1570 ἐπιθέμενος

161 1600 243 1652 καὶ
267 1598 514 1669 ἀρπάσας
545 1598 602 1664 ἐξ
627 1596 838 1666 ἐτέρου,
871 1596 1154 1667 περιέθετο
1191 1595 1253 1647 τὸ
1287 1594 1486 1664 κράτος
1511 1591 1718 1662 ὲαυτῷο

157 1691 260 1745 ἀλλ’
283 1693 373 1746 ἀπ’
393 1689 594 1761 ἀρχῆς,
617 1690 692 1753 ὡς
721 1691 822 1760 τῆς
856 1689 1025 1760 αὐτῆς
1046 1688 1122 1741 ὢν
1151 1687 1339 1750 οὐσίας
1357 1686 1452 1740 καὶ
1480 1685 1719 1754 φύσεως,
1741 1718 1749 1729 ε

159 1785 244 1837 καὶ
287 1782 556 1854 μηδεμίαν
608 1781 815 1853 ταύτης
853 1781 1146 1852 ἀφαίρεσιν
1190 1780 1455 1852 μηδαμῶς
1486 1778 1728 1850 ortast-714

156 1893 235 1929 ναι
269 1873 555 1942 πεφυκώς.
593 1875 690 1928 Διά
745 1875 907 1929 τοῦτο
951 1873 1117 1946 μηδὲν
1149 1874 1286 1938 ὅλως
1334 1871 1593 1944 δυσχερὲς
1617 1871 1720 1937 ὐφ-

156 1967 430 2039 ορώμενος,
457 1986 475 2016 σ
503 1965 806 2019 Ἐκένωσεν
827 1967 1018 2019 ἑαυτὸν
1041 1963 1455 2037 μορφὴνζδούλου
1472 1960 1673 2016 λαϐών·
1698 1981 1717 2012 ›

157 2062 242 2115 καὶ
262 2061 440 2126 πάλιν,
469 2079 489 2113 ‹
519 2055 617 2126 Εἷς
640 2061 772 2124 Θεὸς
802 2060 896 2114 καὶ
924 2059 1113 2129 Πατὴρ
1133 2056 1192 2122 ἐξ
1217 2052 1277 2112 οὗ
1310 2057 1377 2110 τὰ
1403 2057 1600 2112 πάνταο
1629 2057 1725 2110 καὶ

157 2146 228 2216 εἷς
254 2152 447 2222 Κύριος
483 2152 692 2222 Ἰησοῦς
724 2151 960 2222 Χριστὸς
987 2151 1055 2204 δι’
1085 2146 1148 2204 οὗ
1189 2151 1256 2204 τὰ
1291 2149 1496 2203 πάντα·
1531 2144 1625 2202 καλ
1667 2147 1726 2200 ἓν

157 2245 364 2316 Πνεῦμα
393 2247 550 2314 ἆγιον
575 2250 632 2300 ἐν
653 2239 780 2314 ᾧτά
805 2245 1007 2299 πάντα.
1032 2263 1050 2295 ι
1071 2242 1228 2297 Οῦτω
1253 2243 1317 2313 δὴ
1339 2242 1482 2296 οὕτω
1512 2243 1606 2294 καὶ
1628 2242 1726 2311 τὴν

154 2338 239 2392 τοῦ
262 2340 430 2409 Λόγου
474 2339 794 2408 οἰκονομίαν
832 2339 1191 2409 ἀνεκήρυττε,
1233 2337 1329 2390 καὶ
1368 2335 1467 2404 τῆς
1499 2333 1727 2404 Τριάδος

156 2431 415 2501 θεολογίαν
493 2432 829 2504 ἐκράτυνεν·
871 2431 936 2485 ἐκ
990 2447 1050 2483 τε
1101 2428 1194 2482 τοῦ
1252 2427 1326 2499 μὴ
1393 2426 1615 2496 ἀφελεῖν
1668 2427 1729 2478 τὸ

156 2527 338 2580 ὲνιαῑον
387 2527 497 2579 ἀπὸ
533 2525 807 2596 μηδεμιᾶς
855 2524 965 2578 τῶν
989 2523 1159 2594 τριῶν
1199 2521 1576 2585 ὑποστάσεων,
1611 2519 1727 2572 ἀλλ’

155 2618 412 2689 ὁμοτίμως
441 2621 526 2682 εἰς
554 2619 689 2672 αὐτὸ
729 2617 935 2680 ταύτας
970 2613 1384 2684 ἀναφέρεσθαιξ
1410 2613 1506 2666 καὶ
1540 2615 1604 2664 ἐκ
1632 2608 1726 2663 τοῦ

157 2709 225 2780 μὴ
269 2711 366 2779 τὴν
413 2711 518 2782 μὲν
572 2711 819 2773 πάντων,
847 2709 944 2779 τὴν
971 2709 1028 2761 δὲ
1067 2709 1228 2762 τινῶν
1261 2709 1448 2778 ἄρχειν
1481 2707 1576 2760 καὶ
1598 2723 1734 2775 προ-

153 2802 302 2865 νοεῖν,
333 2802 468 2855 ἀλλά
502 2803 602 2866 τὰς
626 2805 777 2872 τρεῖς
802 2803 1020 2856 πάντων
1049 2802 1160 2854 τῶν
1185 2801 1356 2854 ὄντων
1397 2801 1493 2854 καὶ
1521 2800 1622 2870 τὴν
1645 2801 1732 2867 δη-

159 2896 435 2965 μιουργίαν
465 2896 616 2967 ἔχειν
653 2896 930 2966 ὁμοεθνῶς
988 2897 1084 2949 καὶ
1118 2895 1423 2966 ὁμοτίμως,
1488 2894 1584 2947 καὶ
1629 2893 1728 2963 τὴν

155 2988 436 3059 κυριότητα
467 2992 565 3041 καὶ
597 2988 694 3058 τὴν
724 2989 1002 3059 πρόνοιαν.

218 3076 298 3132 ιε’.
336 3080 504 3150 Ὁρᾷς
535 3081 684 3141 ὅπως
719 3082 748 3133 ὁ
768 3081 866 3150 τῆς
897 3079 1230 3148 Ἐκκλησίας
1249 3079 1571 3142 διδάσκαλος
1602 3078 1731 3132 ἐὸἀ-
1761 3091 1805 3148 c

157 3171 310 3234 σταζε
327 3172 575 3242 τὸόνομα
598 3171 691 3226 τοῦ
712 3172 947 3243 Χριστοῦ
965 3190 979 3236 ;
1002 3172 1082 3226 ἔτι
1107 3175 1329 3244 συνόρα·
1351 3193 1369 3225 ‹
1390 3172 1602 3236 Παῦλος
1623 3172 1738 3225 δοῦ-

153 3266 235 3327 λος
277 3265 452 3336 Ἰησοῦ
509 3266 747 3337 Χριστοῦ
785 3267 984 3336 κλητὸς
1013 3267 1309 3330 ἀπόστολος
1341 3266 1730 3337 ἀφωρισμένος

156 3357 225 3417 εἰς
245 3357 581 3426 Εὑαγγέλιον
592 3359 750 3426 Θεοῦ,
768 3359 799 3409 ὃ
817 3360 1287 3430 προεπηγγείλατο
1308 3359 1393 3412 διὰ
1405 3357 1514 3412 τῶν
1527 3376 1740 3428 προφη-

153 3449 257 3502 τῶν
297 3454 464 3506 αὐτοῦ
492 3456 556 3506 ἐν
590 3454 834 3525 Γραφαῖς
861 3455 1068 3520 ἁγίαις,
1104 3454 1232 3524 περὶ
1259 3453 1354 3506 τοῦ
1394 3454 1526 3507 Υίοῦ
1558 3453 1725 3507 αὐτοῦ

155 3540 244 3595 τοῦ
261 3547 562 3615 γενομένου
584 3548 650 3599 ἐκ
675 3547 992 3616 σπέρματος
1014 3547 1197 3598 Δαϐίδ·
1215 3567 1232 3598 ι
1269 3546 1429 3600 πάλιν
1457 3546 1739 3600 κάνταῦθα

154 3641 478 3707 κηρύττεται
521 3640 553 3708 ἡ
585 3637 754 3709 Τριάς
781 3655 794 3669 ⁸
825 3638 959 3700 Θεὸς
1000 3640 1093 3690 καὶ
1129 3639 1257 3701 Υἱὸς
1296 3637 1390 3691 τοῦ
1447 3637 1582 3691 Θεοῦ
1632 3641 1728 3691 καὶ

155 3729 371 3799 Πνεῦμα
396 3729 584 3798 ἅγιον,
625 3732 720 3784 καὶ
759 3735 792 3799 ἡ
838 3733 1116 3802 σάρκωσις
1154 3735 1766 3806 σονανακηρυττομένη

150 3825 240 3877 τοῦ
273 3827 472 3896 Λόγου.
522 3827 676 3879 Ἐπεὶ
705 3827 761 3879 δὲ
784 3827 912 3880 Υἱὸν
949 3826 1086 3880 Θεοῦ
1125 3823 1299 3891 εἶπεν,
1337 3829 1534 3896 ἐπάγει
1573 3829 1642 3883 δι’
1667 3821 1742 3882 ὧν

155 3917 471 3989 ἀφορίζεται
500 3921 529 3973 ό
555 3919 819 3984 Υἱόςοτοῦ
847 3920 957 3991 γὰρ
982 3920 1435 3989 ἐπιγνωσθέντος,
1466 3923 1621 3990 φησὶ,
1649 3923 1744 3977 καὶ

159 4011 546 4082 ἀφορισθέντος
575 4011 635 4078 ἐξ
661 4012 837 4066 ἄλλων
866 4029 925 4064 τε
975 4011 1186 4065 πολλῶν
1233 4013 1538 4083 ἰδιωμάτων
1565 4014 1600 4068 ἃ
1636 4033 1744 4086 μη-

153 4100 259 4155 δενὶ
281 4105 572 4174 πρόσεστι,
615 4105 707 4158 καὶ
739 4103 870 4157 ὅτιὸ
913 4104 1183 4175 μηδέποτε
1234 4106 1478 4172 γέγονεν,
1517 4107 1748 4178 αὐτουρ-

153 4193 243 4262 γὸς
285 4196 386 4265 τῆς
429 4198 573 4260 ἰδίας
629 4198 982 4260 ἀναστάσεως
1023 4196 1270 4265 γέγονεν.
1309 4199 1423 4267 Οὐχ
1457 4199 1661 4269 ἥκιστα
1691 4199 1748 4251 δὲ

154 4287 244 4339 καὶ
272 4287 333 4352 ἐξ
359 4281 436 4342 ὧν
469 4289 535 4343 τὸ
569 4289 838 4358 πανάγιον
867 4289 1093 4357 Πνεῦμα
1116 4289 1413 4344 ἐπεσκίασέ
1429 4307 1488 4341 τε
1509 4290 1588 4362 τῷ
1606 4291 1748 4360 τόκῳ

153 4379 239 4433 τὸν
277 4383 578 4452 ὁμοούσιον
604 4383 779 4451 Λόγον
815 4385 880 4436 ἐκ
919 4383 1238 4452 σπέρματος
1277 4381 1442 4435 Δαϐὶδ
1485 4384 1744 4454 συνεργὸν

1821 2430 2134 2501 .nitatisque
2189 2431 2429 2486 divinam
2489 2433 2740 2487 notitiam
2801 2434 3165 2488 conﬁrmabat
3215 2451 3228 2487 :

1822 486 2122 552 nuntiaret,
2169 498 2224 541 et
2277 499 2518 556 quanam
2556 484 2798 540 nominis
2834 485 3223 555 signiﬁcantia,
3274 487 3408 543 hac-

1824 585 1980 631 tenus
2011 575 2348 646 patefactum
2381 586 2462 632 est
2498 593 2512 630 :
2543 577 2846 648 praesertim
2873 592 3002 631 vero
3043 578 3096 632 id
3127 579 3406 634 neminem

1818 685 2010 724 eorum
2045 671 2224 736 latuit,
2273 685 2509 740 quorum
2559 685 2655 725 cor
2687 686 3004 725 sermonum
3061 671 3205 726 illius
3230 672 3406 742 gratia

1823 763 2018 832 tetigit.
2052 762 2214 818 Modo
2244 763 2386 818 enim
2420 765 2785 817 venerandam
2823 773 2877 819 et
2915 764 3406 820 clementissimam

1822 854 2256 911 incarnationem
2285 856 2518 910 docebat
2544 856 2998 926 praedicandoque
3025 857 3402 913 monstrabat:

1823 950 1986 1004 modo
2044 950 2346 1021 theologica
2403 950 2651 1005 oratione
2705 949 3028 1006 Trinitatem
3097 950 3406 1005 animosius

1823 1043 2124 1107 asserebat,
2167 1053 2418 1099 caeterum
2451 1059 2671 1116 quoque
2722 1044 2970 1115 mystcrii
3005 1045 3114 1098 vim
3160 1059 3226 1099 ac
3262 1043 3405 1098 (livi-

1824 1133 2046 1186 nitatem
2097 1134 2264 1188 simul
2309 1135 2706 1204 depraadicans.
2762 1134 2869 1189 Sed
2909 1135 3047 1189 nihil
3091 1135 3288 1191 melius
3334 1137 3412 1190 'de

1823 1241 1890 1279 eo
1932 1228 2108 1282 audiri
2144 1238 2347 1299 potest,
2389 1245 2554 1298 quam
2602 1248 2619 1280 ι
2660 1229 2763 1294 Qui
2794 1244 2917 1284 eum
2967 1239 3113 1284 esset
3153 1229 3413 1300 splendor

1824 1318 2012 1387 gloriae
2041 1328 2095 1374 et
2126 1319 2298 1389 ﬁgura
2330 1321 2652 1374 substantiae
2681 1319 2802 1389 ejus
2829 1319 2946 1351 '8'”
2991 1319 3207 1390 (nempe
3239 1319 3411 1378 Filius

1826 1410 2087 1479 splendor
2140 1422 2194 1466 et
2227 1413 2400 1481 ligura
2440 1414 2642 1482 Patris)
2679 1429 2787 1467 non
2825 1413 3073 1484 rapinam
3108 1415 3410 1470 arbitratus

1824 1513 1907 1557 est
1936 1517 1994 1558 se
2011 1519 2132 1558 esse
2156 1505 2422 1574 aequalem
2454 1504 2565 1560 Deo
2585 1506 2652 1560 ⁸ο.
2692 1525 2710 1557 ι
2738 1505 2857 1559 Νοιι
2887 1507 3032 1560 enim
3062 1509 3414 1563 successione

1827 1596 2054 1651 sortitus
2077 1597 2415 1651 divinitatem
2437 1607 2575 1661 erat,
2608 1607 2786 1668 neque
2817 1598 2866 1653 vi
2902 1597 3205 1654 detractam
3245 1600 3411 1655 alicui

1827 1690 2132 1759 potentiam
2167 1689 2270 1745 sibi
2301 1690 2780 1760 circumposuerat
2809 1710 2822 1746 :
2855 1693 2948 1746 sed
2980 1692 3048 1747 ab
3088 1692 3246 1746 initio
3278 1693 3413 1748 sub-

1828 1781 2043 1838 stantia:
2087 1783 2332 1852 ejusdem
2365 1793 2684 1854 naturasque
2723 1783 2850 1850 fuit,
2881 1785 3202 1856 nullumque
3248 1785 3413 1855 hujus

1828 1874 2216 1929 detrimentum
2267 1876 2378 1944 pati
2424 1883 2655 1944 poterat.
2693 1876 2906 1931 Idcirco
2939 1877 3075 1930 nihil
3121 1876 3412 1933 molestum

1829 1966 2164 2034 detrectans,
2195 1987 2212 2019 ι
2246 1967 2559 2023 Exinanivit
2598 1969 2982 2038 semetipsum,
3015 1968 3248 2024 formam
3269 1971 3414 2026 servi

1830 2060 2105 2130 accipiens
2151 2061 2218 2115 δ’.
2272 2081 2290 2112 ι
2346 2060 2412 2116 Et
2445 2077 2638 2117 rursus
2672 2081 2685 2116 :
2723 2080 2741 2114 ι
2785 2061 2938 2118 Unus
2976 2062 3120 2118 Deus
3156 2074 3210 2118 et
3256 2063 3417 2119 Pater

1830 2167 1896 2207 ex
1944 2168 2056 2221 quo
2093 2154 2278 2208 omnia
2311 2166 2326 2207 :
2361 2166 2417 2209 et
2444 2171 2588 2210 unus
2629 2152 2788 2210 Jesus
2817 2155 3092 2220 Christus,
3127 2171 3224 2224 per
3252 2170 3416 2226 quem

1831 2244 2052 2298 omnia:
2080 2256 2133 2299 et
2160 2261 2303 2300 unus
2329 2244 2566 2314 Spiritus
2598 2254 2844 2311 sanctus,
2876 2247 2928 2300 in
2949 2262 3059 2316 quo
3086 2248 3273 2302 omnia
3295 2249 3362 2301 ⁸³.
3392 2267 3412 2298 ι

1834 2338 1928 2392 Sic
1955 2337 2182 2392 omnino
2217 2337 2873 2394 Paulusincarnationem
2905 2341 3261 2411 praedicabat.
3294 2340 3418 2395 'l‘ri-

3285 2435 3418 2489 dum

1834 2519 2048 2576 scilicet
2079 2522 2347 2576 unitatem
2381 2522 2514 2577 nulli
2563 2523 2730 2577 trium
2767 2539 3127 2593 personarum
3164 2525 3420 2580 detrahe-

1836 2622 1935 2679 ret,
1962 2614 2293 2684 easdemque
2317 2615 2384 2669 ad
2410 2631 2577 2669 unum
2606 2615 2891 2685 aequaliter
2921 2617 3182 2683 referret;
3215 2626 3268 2672 et
3287 2617 3420 2672 dum
3463 2657 3475 2668 .

1835 2705 1982 2759 haud
2029 2707 2193 2760 aliam
2241 2723 2532 2776 personam
2587 2709 2806 2763 cunctis
2842 2709 3048 2783 _rebus,
3092 2710 3256 2764 aliam
3289 2725 3422 2764 vero

1835 2796 2112 2850 nonnullis
2125 2796 2397 2852 dominari
2423 2807 2477 2853 et
2497 2799 2787 2853 consulere
2808 2797 3035 2863 diceret;
3055 2799 3148 2854 sed
3169 2808 3278 2855 tres
3295 2815 3423 2870 per-

1835 2905 2002 2946 sonas
2024 2891 2272 2945 onmium
2309 2906 2490 2945 rerum
2513 2891 2846 2946 creationem
2868 2891 3208 2960 conjunctim
3235 2908 3422 2961 aequa-

1834 2985 2068 3054 literque
2082 2985 2380 3048 curavisse,
2408 2984 2713 3054 iisdemque
2727 2984 3001 3038 moderari
3026 2999 3092 3039 ac
3110 2985 3424 3056 providere.

1910 3075 1999 3129 15.
2027 3076 2215 3130 Viden’
2248 3085 2306 3130 ut
2341 3077 2592 3131 Ecclesiae
2623 3075 2814 3132 doctor
2845 3076 3049 3132 Christi
3079 3091 3276 3132 nomen
3300 3091 3428 3146 por-

1841 3169 2074 3224 taverit?
2119 3170 2225 3224 Sed
2289 3185 2453 3240 perge
2511 3185 2676 3239 porro
2721 3171 3114 3226 considerare:
3153 3189 3172 3222 ‹
3223 3168 3429 3227 Paulus

1841 3280 2034 3319 servus
2057 3263 2186 3320 Jesu
2215 3264 2421 3320 Christi
2446 3274 2674 3319 vocatus
2701 3265 2988 3334 apostolus
3017 3274 3336 3337 segregatus
3369 3267 3449 3327 in,

1842 3356 2198 3424 Evangeliutn
2252 3356 2369 3422 Dei,
2400 3358 2550 3428 quod
2600 3358 2931 3427 promiserat
2983 3374 3081 3428 per
3134 3359 3434 3429 prophetas

1843 3462 1975 3501 suos
2019 3447 2073 3501 in
2108 3446 2411 3519 Scripturis
2445 3449 2673 3514 sanctis,
2707 3449 2776 3503 de
2827 3448 2966 3504 Filio
2994 3465 3096 3506 suo
3129 3451 3222 3521 qni
3254 3449 3435 3506 factus

1843 3549 1926 3596 est
1961 3541 2011 3595 ei
2051 3556 2116 3595 ex
2164 3557 2364 3610 genere
2394 3541 2565 3597 David
2596 3542 2727 3596 ".‘i
2763 3543 2963 3598 lterum
2995 3544 3082 3598 hie
3105 3545 3436 3613 praedicatur

1844 3633 2103 3696 Trinitas,
2136 3632 2280 3687 Deus
2330 3642 2384 3686 et
2431 3632 2602 3688 Filius
2654 3632 2747 3687 Dei
2800 3643 2854 3687 et
2905 3632 3140 3703 Spiritus
3172 3646 3434 3698 sanctus,

1846 3740 2061 3780 necnon
2112 3735 2165 3778 et
2199 3723 2354 3779 Verbi
2387 3725 2694 3780 incarnatio
2728 3726 2893 3780 simul
2929 3714 3277 3796 praedicatur.
3311 3727 3435 3784 Jam

1849 3819 1943 3872 ubi
1973 3817 2068 3872 Dei
2104 3815 2304 3870 Filium
2345 3816 2503 3884 dixit,
2534 3817 2725 3886 adjicit
2757 3819 2922 3871 etiam
2956 3834 3194 3888 quanam
3221 3820 3437 3876 ratione

1847 3909 2218 3980 distinguatur
2241 3909 2433 3962 Filius.
2456 3908 2592 3962 Nam
2616 3925 2739 3963 cum
2763 3909 3018 3981 cognitus
3036 3910 3438 3981 distinctusque

1845 4001 1959 4071 jam
1981 4009 2127 4056 esset
2155 4000 2277 4056 aliis
2301 3999 2488 4055 multis
2511 4000 2960 4070 preprietattbus,
2981 4017 3102 4072 quae
3129 4013 3325 4071 praeter
3353 4003 3438 4073 ip-

1851 4110 1972 4149 sum
2008 4093 2212 4148 nemini
2241 4095 2460 4161 insunt;
2497 4103 2611 4148 tum
2637 4110 2769 4149 vero
2791 4095 2936 4165 quod
2961 4111 3241 4165 nunquam
3276 4104 3437 4150 antea

1851 4186 2178 4258 contigerat,
2207 4186 2321 4256 ipse
2343 4197 2533 4240 auctor
2555 4188 2976 4242 resurrectionis
3003 4203 3116 4242 sum
3145 4186 3270 4242 fuit.
3303 4187 3437 4242 ltem

1857 4277 2096 4346 Spiritus
2128 4289 2353 4332 sanctus
2401 4276 2569 4331 fetum
2597 4276 3003 4344 obumbrando,
3041 4279 3189 4332 dedit
3211 4294 3432 4347 operam

1855 4382 1916 4426 ut
1965 4371 2202 4426 Verbum
2245 4369 2717 4426 consubstantiale
2747 4385 2813 4424 ex
2851 4369 3066 4425 Davidis
3104 4385 3303 4441 genere
3341 4385 3438 4426 na-

155 4442 460 4546 προελθείν,
499 4479 598 4532 κα)⁵
629 4442 840 4549 μάρτυς
873 4479 930 4530 ἐν
959 4442 1042 4548 τῶ
1069 4442 1417 4547 ’βαπτίσματι
1447 4479 1550 4547 τῆς
1580 4442 1736 4548 ἀῖιὲυς

1852 4466 2124 4530 sceretur;
2151 4472 2317 4534 atque
2349 4463 2400 4516 in
2431 4463 2757 4532 baptismate
2788 4462 3042 4517 ﬁliationi
3064 4478 3204 4518 verae
3232 4473 3288 4518 et
3308 4478 3440 4520 con-

153 4561 273 4629 δοῦς
296 4568 555 4641 υἰότητος
605 4568 701 4623 καὶ
751 4569 850 4636 τῆς
879 4569 1169 4639 ὁμοουσίου
1203 4567 1456 4648 θεότητος
1482 4569 1752 4638 γεγονώς.

156 4657 247 4720 Εἰς
265 4659 433 4731 κόρον
459 4660 550 4723 ἂν,
587 4654 764 4728 οἴμαι,
799 4658 1110 4729 λογισθείην
1130 4661 1240 4723 τοῖς
1264 4663 1562 4732 ἀκροαταῖς
1587 4679 1756 4731 προσ-

157 4750 417 4821 φέρεσθαι
456 4753 554 4806 καὶ
597 4751 666 4805 τὰ
710 4751 943 4820 περιττά
997 4752 1302 4821 φιλότιμος,
1348 4755 1397 4804 εί
1445 4753 1626 4817 πάσας
1652 4755 1753 4816 τὰς

157 4845 380 4914 χρήσεις
410 4847 514 4898 τοῦ
541 4843 834 4896 θεσπεσίου
871 4844 1094 4896 Παῦλου
1139 4845 1540 4916 ἀναγράφοιμι,
1587 4847 1654 4900 δι’
1681 4841 1756 4900 ὧν

155 4932 429 5004 ὲθεολόγει
449 4952 514 4988 τε
533 4936 634 5005 τὴν
655 4934 886 5006 Τριάδα,
919 4935 1134 5004 καὶτῆς
1164 4951 1230 4988 σα
1240 4934 1492 5005 ρκὼσεως
1516 4936 1753 5008 ἐκήρυτ-

151 5027 295 5081 «me
341 5029 676 5098 μυστήριον,
727 5026 1014 5098 βαστάζων
1047 5025 1280 5080 ἐνώπιον
1320 5026 1492 5080 ἐθνῶν
1548 5045 1608 5080 τε
1653 5028 1749 5081 καὶ

158 5118 425 5189 βασιλέων
457 5122 522 5174 τὸ
539 5121 711 5192 ὄνομα
741 5120 838 5173 τοῦ
869 5120 1104 5190 Κυρίου.
1147 5120 1347 5192 Διόπερ
1377 5123 1490 5186 τοῖς
1520 5122 1751 5192 εἰρημέ-

158 5227 266 5273 νοις
296 5211 792 5281 ἀρκεσθησόμεθα,
819 5210 973 5263 οὐδὲν
1003 5209 1165 5280 ἔργον
1195 5209 1602 5276 ὑπολείποντες,
1633 5211 1754 5264 οὐδὲ

155 5302 270 5361 τοῖς
297 5301 556 5356 ἐθέλουσι
587 5302 887 5366 κάκείνοις,
925 5301 1286 5371 ἀναλέγεσθαι
1311 5317 1326 5330 ’
1345 5302 1487 5357 κατὰ
1509 5303 1577 5356 τά
1611 5305 1752 5356 αὐτὰ

157 5393 213 5446 δὲ
239 5395 496 5464 δηλονότι
514 5395 608 5448 καὶ
627 5395 738 5449 τῶν
773 5395 951 5450 ἄλλων
977 5394 1237 5464 μαθητῶν
1259 5397 1287 5448 ό
1318 5395 1462 5458 θεῖος
1487 5397 1755 5466 ἐκήρυττε

158 5486 252 5537 καὶ
281 5486 540 5539 ἐδίδασκε
571 5487 754 5556 χορός.
806 5486 896 5549 Ὦς
941 5487 1000 5540 δὲ
1045 5487 1369 5557 ἐκήρυττον,
1411 5487 1584 5550 οὕτως
1627 5487 1758 5540 ἐϐά-

157 5579 349 5644 πτιζον
375 5598 389 5612 ·
433 5583 740 5652 ἐκήρυττον
773 5581 829 5635 δὲ
853 5581 929 5644 ὡς
967 5582 1001 5651 ἡ
1031 5583 1395 5646 ἐνυπόστατος
1434 5583 1635 5645 αὐτοὺς
1668 5599 1761 5635 σο-

161 5669 259 5737 ῳία
297 5671 580 5740 θεολογεῑν
605 5674 703 5726 καὶ
749 5672 1046 5744 κηρύττειν
1083 5672 1428 5738 ἐξεπαίδευεν
1449 5691 1463 5704 ·
1502 5667 1578 5728 ὧν
1610 5673 1668 5726 ἒν
1695 5670 1764 5745 ἦν

252 5787 372 5821 ""9
418 5788 587 5842 llebr.
622 5805 661 5856 ι,
689 5788 742 5843 5.

453 5885 730 5948 ΡΑΤιιοι.
768 5885 884 5948 Gtt.
951 5889 1050 5951 CI.

1852 4557 2205 4612 substantiali
2246 4555 2526 4610 Divinitati
2575 4555 2952 4610 testimonium
2996 4555 3166 4610 dedit.
3204 4554 3441 4610 Saticta-

1856 4657 1962 4703 tem
1980 4637 2326 4704 audientibus
2353 4664 2554 4714 creent,
2576 4647 2888 4718 nimiusque
2904 4647 3113 4711 videar,
3143 4647 3187 4702 si
3213 4657 3441 4703 cunctas

1855 4744 2044 4815 inclyti
2069 4743 2315 4813 Apostoli
2349 4741 2655 4798 locutiones
2702 4741 2978 4796 ascribere
3008 4741 3192 4802 velim.
3237 4740 3442 4812 quibus

1860 4835 2165 4905 theologica
2211 4833 2458 4888 oratione
2507 4831 2835 4888 Trinitatem
2881 4847 2982 4888 nos
3016 4832 3224 4897 docuit,
3277 4841 3333 4886 et
3375 4831 3445 4885 de

1859 4924 2255 4982 incarnationis
2291 4924 2552 4994 mysterio
2599 4923 2864 4978 certiores
2908 4922 3056 4988 fecit,
3104 4939 3304 4977 nomen
3338 4921 3447 4977 Do-

1863 5017 2000 5073 tniui
2032 5032 2216 5072 coram
2262 5016 2518 5087 gentibus
2567 5015 2902 5085 regibusque
2953 5023 3198 5084 portans.
3243 5014 3450 5080 Quam-

1865 5111 2054 5166 obrem
2085 5109 2250 5164 dictis
2278 5107 2519 5162 contenti
2553 5107 2799 5172 erimus;
2849 5108 3150 5177 praesertim
3175 5107 3308 5178 quia
3345 5122 3453 5162 cae-

1863 5214 1998 5265 tera.
2030 5203 2077 5258 si
2098 5202 2224 5273 quis
2250 5201 2416 5268 volet,
2436 5201 2586 5255 nullo
2613 5201 2831 5271 negotio
2861 5216 3192 5255 coacervare
3226 5199 3447 5270 poterit.

1860 5299 2040 5366 Atque
2066 5298 2170 5352 hoc
2200 5297 2362 5351 modo
2394 5295 2636 5364 reliquus
2666 5295 2832 5350 etiam
2857 5294 3255 5366 discipulorum
3286 5306 3452 5346 vene-

1865 5395 2071 5450 randus
2094 5394 2300 5450 chorus
2323 5392 2654 5464 praedicabat
2676 5401 2840 5461 atque
2864 5393 3116 5446 docebat.
3145 5389 3265 5444 Jam
3288 5385 3450 5442 sicuti

1866 5489 1918 5542 hi
1977 5487 2367 5558 praedicabant,
2421 5486 2493 5542 ita
2541 5486 2706 5540 etiam
2765 5485 3132 5554 baptizabant.
3180 5481 3481 5535 Praedicaw

1867 5585 2002 5639 bant
2052 5592 2231 5639 autem
2286 5583 2450 5637 sicuti
2504 5581 2654 5650 ipsos
2703 5576 3048 5650 hypostatica
3089 5573 3356 5644 sapientia
3385 5576 3454 5627 ad

1872 5676 2179 5746 theologice
2210 5674 2545 5745 loquendum
2573 5670 3095 5742 praedicandumque
3120 5665 3450 5724 erudiverat.

828 5789 876 5822 “
920 5789 1118 5860 Philip.
1150 5809 1210 5859 ιι,
1248 5793 1303 5849 6.
1376 5790 1418 5823 ⁸¹
1458 5791 1590 5846 ibid.
1628 5790 1680 5844 7.

1871 5790 2000 5848 Cor.
2030 5805 2149 5858 vni,
2181 5791 2237 5846 6.
2311 5789 2550 5866 "ﬁam.
2591 5804 2628 5855 ι,
2666 5788 2717 5854 l,
2751 5787 2805 5842 ‘2.

3056 5881 3127 5940 11
