3864 6218
464 320 573 384 3‘33

1627 321 1891 381 PIIOTII
1927 317 2430 380 PATRIARCH/E
2467 316 2592 388 CP.‘.

3634 315 3722 378 39$

468 434 590 490 Jam
645 431 697 485 in
756 429 842 484 his
890 444 1084 489 unum,
1141 439 1193 481 et
1248 419 1465 499 quidem
1528 428 1662 484 nulli
1721 427 2042 489 secundum,

2162 428 2245 480 καὶ
2273 430 2485 494 οὐδενὸς
2516 431 2624 483 τῶν
2663 429 2837 484 ἄλλων
2883 428 3168 497 δογμάτων
3222 427 3469 490 ἔλαττον,
3525 427 3620 478 καὶ
3667 428 3720 477 τὸ

469 527 666 596 dogma
698 530 835 589 erat,
862 531 922 576 ut
948 521 1224 575 lavacrum
1263 521 1690 592 regenerationis
1711 520 1766 574 in
1803 519 1963 574 Patre
1998 527 2055 572 et

467 615 611 670 Filio
644 624 696 671 et
729 613 935 684 Spiritu
970 620 1160 667 sancto
1186 622 1551 683 perageretur,
1595 621 1758 682 atque
1791 620 1854 664 ut
1875 608 2054 680 bapti-

472 706 577 761 zati
604 705 856 760 homines
885 719 1009 758 cum
1046 703 1240 758 harum
1298 718 1660 772 personarum
1710 700 2056 756 invocatione

472 797 540 852 ad
572 795 1034 868 regenerationem
1068 795 1520 864 perducereutur.
1561 795 1652 848 Sic
1678 793 2053 863 apostolorum

472 889 737 944 divinitus
787 888 1031 942 delectus
1079 887 1282 942 chorus
1337 886 1509 941 veniae
1562 886 1766 940 donum
1827 883 2057 939 initiatis

477 981 840 1053 impertiebat.
884 979 975 1034 Sic
1021 978 1222 1033 Paulus
1274 976 1606 1046 baptizabat,
1643 991 1786 1045 quos
1833 975 2053 1045 quidem

473 1073 749 1144 baptismo
797 1071 1054 1142 tingebat.
1087 1069 1177 1122 Sic
1213 1083 1396 1122 coram
1432 1065 1687 1135 gentibus
1726 1065 2059 1133 regibusque

475 1163 786 1218 Servatoris
815 1177 1018 1215 nomen
1039 1175 1166 1214 cum
1197 1157 1393 1212 ﬁducia
1417 1154 1696 1210 deferebat
1730 1173 1743 1209 :
1769 1164 1934 1222 atque
1956 1154 2060 1207 hac

474 1265 656 1311 mente
687 1253 977 1308 instinctus
997 1249 1268 1306 clamabat
1303 1266 1316 1302 :
1355 1268 1371 1311 ι
1405 1247 1554 1318 Rogo
1577 1261 1692 1311 vos,
1721 1245 1939 1306 fratres,
1966 1261 2060 1315 per

473 1348 764 1401 Dominum
783 1344 967 1400 Jcsum
991 1343 1294 1406 Christum,
1329 1352 1389 1395 ut
1415 1338 1688 1395 sermonis
1705 1337 2058 1392 concordiam

474 1442 758 1498 sectemini
791 1439 859 1494 “.
905 1457 924 1491 ι

543 1532 630 1585 16.
659 1528 776 1584 Vin’
810 1529 904 1582 tibi
939 1527 1198 1598 principis
1230 1540 1448 1596 quoque
1479 1522 1771 1594 apostolici
1805 1523 2055 1577 testimo-

472 1625 623 1679 nium
664 1620 992 1675 exhibeam?
1037 1620 1131 1688 qui
1171 1618 1388 1688 quidem
1448 1615 1552 1670 etsi
1593 1615 1889 1669 verborum
1923 1627 2060 1668 sono

471 1715 614 1769 haud
632 1713 848 1768 videtur
875 1727 996 1765 cum
1017 1708 1272 1764 Ecclesiae
1302 1723 1455 1763 more
1472 1717 1707 1778 actuque
1734 1723 2055 1778 congruere,

2157 523 2235 586 εἰς
2277 522 2494 594 Πατέρα
2528 525 2624 578 καὶ⁵
2672 524 2800 577 Υίὸν
2833 523 2928 576 καὶ
2977 521 3204 590 Πνεῦμα
3237 522 3396 588 ἆγιον
3419 518 3483 572 τὺ
3515 517 3722 588 λουτρὸν

2155 614 2254 683 τῆς
2312 615 2732 684 παλιγγενεσίας
2772 616 3174 684 τελεσιουργεῖν
3199 654 3213 678 ,
3249 613 3347 664 καὶ
3389 613 3509 673 ταῖς
3561 608 3721 663 αὐτῶν

2157 706 2475 776 ἐπικλήσεσι
2501 708 2627 770 τοὺς
2656 706 3092 776 βαπτιζομένους
3136 704 3294 773 ἄγειν
3325 705 3407 766 εἰς
3433 703 3720 773 ἀναγέννη-

2167 817 2284 854 σιν.
2319 799 2473 855 Οὕτω
2524 799 2634 854 τῶν
2677 800 2989 854 ἀποστόλων
3019 801 3046 853 ὁ
3077 799 3360 868 θεόκριτος
3393 794 3647 862 σύλλογος
3672 796 3720 848 τὸ

2156 891 2325 960 δῶρον
2377 891 2761 962 ἐμυσταγώγει
2833 891 2935 961 τῆς
3009 891 3292 960 ἀφέσεως·
3326 890 3472 942 οὕτω
3529 887 3720 950 Παῦλος

2159 984 2452 1038 ἐϐάπτισεν
2479 984 2573 1048 οὒς
2616 985 2944 1038 ἐϐάπτισεν·
2980 981 3121 1036 οὕτω
3179 980 3468 1052 βαστάζων
3508 979 3719 1034 ἐνώπιον

2159 1075 2331 1128 ἐθνῶν
2362 1076 2455 1128 καὶ
2481 1075 2746 1145 βασιλέων
2780 1074 2842 1127 τὸ
2873 1074 3044 1143 ὄνομα
3071 1071 3165 1126 τοῦ
3204 1072 3459 1142 Σωτῆρος
3489 1073 3716 1141 ἐπαρρη-

2160 1167 2396 1232 σιάςετοο
2419 1166 2560 1221 κατὰ
2591 1166 2793 1235 ταύτην
2819 1165 2949 1218 ἐὸόα
2981 1165 3080 1236 τὴν
3119 1164 3352 1225 ἔννοιαν,
3379 1181 3397 1214 ι
3426 1164 3718 1234 Παρακαλῶ

2158 1252 2252 1310 οῦν
2289 1256 2454 1326 ὑμᾶς,
2479 1255 2718 1324 ἀδελφοὶ,
2741 1254 2829 1308 διὰ
2853 1253 2948 1307 τοῦ
2975 1254 3183 1325 Κυρίου
3214 1252 3373 1324 ἡμῶν
3400 1253 3575 1322 Ἰησοῦ
3591 1253 3712 1323 Χρι-

2162 1345 2311 1412 στοῦ,
2346 1347 2433 1399 ἵνα
2470 1345 2529 1400 τὸ
2554 1345 2690 1400 αὐτὸ
2721 1344 2944 1416 λέγητε.
2998 1364 3016 1395 ι
3301 1349 3306 1352 ’

2233 1529 2331 1586 ις’.
2373 1521 2646 1577 Βούλειδέ
2678 1541 2762 1577 σοι
2800 1522 3012 1577 καὶτὸν
3041 1522 3362 1591 κορυφαῖον
3403 1508 3720 1590 παρέσεσθαι

2125 1644 2129 1649 -
2163 1613 2447 1686 μάρτυρα;
2488 1617 2538 1668 εί
2559 1614 2668 1686 γὰρ
2693 1616 2788 1668 καὶ
2817 1617 2892 1687 μὴ
2919 1615 3067 1668 δοκεῖ
3094 1612 3237 1667 κατά
3265 1631 3330 1682 γε
3357 1613 3456 1684 τὴν
3489 1614 3594 1666 τῶν
3634 1616 3720 1683 ρη-

2163 1705 2350 1774 μάτων
2373 1705 2656 1776 προφορὰν
2678 1705 2757 1776 τῷ
2769 1706 2868 1775 τῆς
2887 1704 3218 1774 Ἐκκλησίας
3241 1703 3358 1756 ἐθει
3387 1705 3482 1756 καὶ
3509 1706 3577 1772 τῇ
3607 1704 3722 1772 πρά-

471 1807 516 1863 si
546 1818 726 1860 tamen
767 1816 991 1871 scopum
1026 1801 1145 1870 ejus
1175 1815 1300 1853 cum
1335 1799 1577 1854 veritatis
1619 1798 1801 1854 studio
1830 1798 2055 1866 diligen-

2162 1795 2240 1861 ξει
2291 1797 2764 1866 συμφθέγγεσθαι,
2803 1797 2940 1851 ἀλλά
2969 1814 3034 1865 γε
3085 1795 3398 1866 φιλαλήθως
3449 1795 3611 1848 αὑτοῦ
3643 1796 3724 1846 καὶ

427 1890 430 1892 ’
470 1907 663 1966 terque
702 1892 1094 1953 scrutabimur,
1120 1890 1289 1943 nihilo
1319 1889 1365 1944 is
1397 1889 1600 1957 secius,
1629 1889 1742 1943 imo
1760 1889 2057 1943 vehemen-

470 1990 604 2049 tius,
655 1999 865 2042 sacram
915 1984 1057 2038 ltanc
1102 1982 1554 2036 consuetudinem
1610 1981 1942 2037 conﬁrmare
1993 1995 2057 2034 ac

473 2080 716 2136 stabilire
746 2077 1038 2132 videbitur.
1069 2076 1119 2130 ls
1141 2076 1284 2128 enim
1315 2073 1559 2130 Judaeam
1589 2091 1695 2130 non
1722 2075 1908 2129 minus
1934 2089 2060 2143 pro-

472 2173 635 2243 digiis
686 2185 851 2242 quam
909 2184 1062 2224 sacra
1118 2168 1368 2222 doctrina
1421 2182 1738 2238 peragrans,
1780 2167 2057 2222 hominem

472 2265 624 2318 illum
656 2261 722 2315 ad
753 2259 1063 2330 Speciosam
1104 2267 1315 2327 portant
1342 2257 1640 2322 sedentem,
1673 2255 1830 2324 cujus
1862 2256 2057 2324 pedum

442 2339 444 2342 ’
470 2353 631 2408 bases
668 2359 832 2420 atque
856 2348 1092 2402 malleoli
1121 2346 1371 2402 dissoluti
1401 2357 1580 2411 crant,
1613 2348 1780 2412 hunc,
1810 2347 2056 2415 inquam,

471 2444 638 2498 verbo
683 2441 1026 2505 instaurans',
1081 2454 1386 2507 sanumque
1447 2438 1768 2491 mirabiliter
1807 2437 2056 2492 sistens:

482 2554 502 2588 ι
542 2535 598 2589 In
653 2533 895 2598 nomine,
945 2532 1144 2601 inquit,
1203 2530 1331 2586 Jesu
1363 2531 1586 2594 Christi,
1623 2544 1784 2600 surge
1835 2538 1890 2583 et
1940 2542 2060 2582 am-

470 2628 601 2681 bula
641 2627 713 2680 “.
752 2645 770 2677 ι
803 2625 870 2679 Ει
915 2624 1171 2678 dictionis
1227 2623 1448 2693 quidem
1508 2622 1742 2676 formula
1803 2618 2060 2675 ineffabili

469 2720 674 2773 virtute
725 2717 804 2773 sic
849 2716 949 2770 fuit
1006 2717 1262 2786 prolata:
1318 2715 1433 2784 ipse
1481 2730 1611 2768 vero
1653 2714 1903 2782 princeps
1950 2711 2060 2764 vim

471 2811 718 2866 vocabuli
744 2809 1040 2878 explicans,
1075 2808 1468 2875 notionemque
1504 2805 1710 2860 nomini
1750 2805 2056 2871 subjeclam

471 2904 878 2974 interpretans,
914 2897 1163 2966 prodigio
1211 2897 1471 2951 attonitos
1526 2895 1857 2950 admonebat
1898 2909 2060 2963 quem

469 2993 575 3064 ipsi
593 2991 869 3063 aspernati
893 2989 1134 3058 fuerant,
1164 2990 1454 3058 crucisque
1479 2989 1748 3059 supplicio
1793 2987 2062 3042 multare--

469 3097 614 3150 rant,
657 3085 804 3139 hunc
855 3082 1036 3154 ipsum
1075 3097 1218 3146 esse,
1262 3082 1421 3152 cujus
1470 3082 1673 3134 virtute
1730 3078 2061 3134 insanabilis

471 3177 934 3231 morbuseuratus
955 3175 1150 3229 fuerat.
1173 3172 1438 3227 Praeterea
1470 3173 1676 3236 docuit,
1709 3187 1766 3226 se
1791 3170 2054 3224 vocabulo

470 3285 657 3322 nomen
687 3267 810 3321 lidei
854 3281 1126 3322 summam
1185 3264 1700 3333 confessionemque
1740 3264 2048 3334 designare.

474 3357 613 3409 Audi
651 3356 798 3410 enim
837 3370 956 3423 qua:
1003 3353 1194 3408 dicat:
1249 3373 1266 3404 ι
1301 3353 1440 3407 Deus
1497 3353 1771 3407 Abraham
1813 3361 1866 3407 et
1911 3352 2054 3411 Dens

470 3449 623 3503 lSaac
655 3445 976 3516 gloriﬁcavit
1001 3443 1196 3498 Filiqu
1233 3459 1390 3497 suum
1423 3441 1606 3498 Jesum
1635 3444 1696 3498 ιθ.
1737 3463 1754 3495 ι
1789 3445 1966 3513 Atque
1998 3452 2057 3497 ut

463 3540 648 3610 magis
699 3537 867 3592 animi
909 3536 1238 3592 sententiam
1300 3535 1556 3600 declaret,
1600 3535 1751 3590 addit
1783 3545 1803 3587 ι’
1835 3555 1852 3583 ο
1889 3535 1953 3588 Et
2000 3535 2051 3587 iu

471 3628 578 3682 ﬁde
611 3627 850 3682 nominis
883 3626 1001 3696 ejus
1034 3625 1177 3678 hunc
1202 3639 1361 3694 quem
1397 3624 1592 3678 videtis
1620 3635 1674 3677 et
1705 3624 1872 3693 probe
1902 3623 2053 3679 scitis

447 3719 814 3777 conﬁrmavit
854 3733 1047 3772 nomen
1087 3717 1206 3786 ejus
1242 3719 1308 3771 ⁸⁷.
1347 3737 1364 3769 ι
1417 3717 1556 3771 Audi
1601 3717 1778 3772 adhuc
1811 3735 1824 3771 :
1871 3736 1888 3768 ι
1937 3717 2053 3771 lmo

472 3815 631 3877 ﬁdes,
677 3828 798 3881 qum
828 3827 920 3881 per
961 3827 1084 3865 eum
1128 3821 1232 3877 est,
1276 3811 1541 3881 integram
1587 3811 1716 3866 huic
1761 3812 2052 3866 sanitatem

459 3901 750 3958 tribuit“.
797 3919 815 3951 ι
855 3897 1178 3952 Miraculum
1223 3899 1435 3954 scilicet
1472 3907 1809 3968 patraturus,
1856 3915 1886 3954 a
1923 3899 2052 3956 Jesu

460 3994 672 4049 'Christi
730 3993 954 4048 nomine
1004 4007 1229 4046 causam
1292 3992 1411 4060 ejus
1467 3991 1748 4047 medicina:
1821 3994 2050 4062 repetit;

462 4087 665 4140 deinde
694 4099 892 4139 nomen
923 4083 987 4137 ad
1014 4083 1172 4137 [idem
1200 4083 1480 4148 transfert,
1507 4085 1649 4154 quod
1673 4095 1754 4139 est
1777 4085 2053 4155 religionis

464 4179 811 4248 mysterium.
851 4176 989 4230 Tum
1044 4191 1237 4230 rursus
1270 4191 1469 4230 nomen
1521 4176 1653 4231 dicit
1702 4191 1801 4246 pro
1838 4177 1941 4231 title
1996 4177 2051 4232 in

469 4269 676 4333 .lesum,
709 4268 866 4338 quasi
898 4276 1126 4333 metuat,
1174 4283 1241 4322 ne
1284 4267 1421 4321 forte
1464 4267 1743 4323 auditores
1773 4267 1930 4322 obliti
1961 4284 2051 4323 es-

471 4371 611 4424 sent,
646 4377 843 4415 nomen
873 4361 940 4413 ab
969 4375 1026 4414 se
1055 4359 1174 4414 lidei
1206 4359 1324 4413 loco
1356 4359 1522 4414 fuisse
1553 4367 1897 4428 usurpatum.
1929 4358 2053 4414 Mox

467 4455 647 4525 pergit
675 4454 900 4508 dicere:
941 4470 960 4503 ι
1013 4453 1078 4506 Ει
1110 4451 1242 4506 ﬁdes
1274 4467 1368 4520 per
1410 4453 1586 4520 ipsum
1628 4451 1692 4514 ⁸³,
1733 4472 1751 4504 ι
1789 4452 1841 4505 id
1868 4463 1950 4507 est
1985 4453 2054 4507 ab

469 4563 534 4600 eo
561 4547 877 4617 praedicata.
909 4544 1093 4600 Viden’
1121 4554 1178 4599 ut
1213 4559 1410 4598 nomen
1445 4560 1590 4599 nunc
1612 4543 1772 4598 iidem
1805 4545 1863 4598 iu
1898 4545 2055 4600 Citri-

472 4647 614 4692 stum
657 4634 919 4706 signiﬁcet
941 4637 967 4690 Ἰ
990 4635 1118 4690 fides
1145 4648 1350 4698 autem,
1396 4635 1740 4704 prtedicatam
1771 4639 1839 4690 ab
1871 4653 1936 4691 eo
1968 4653 2054 4692 re-

455 4729 774 4799 "ligionctn?
817 4744 938 4798 quae
988 4729 1207 4798 quidem
1275 4729 1591 4799 prmdicatio
1639 4731 1798 4785 bases
1847 4731 2055 4784 claudi-

466 4822 650 4876 cantis
699 4821 916 4876 solidat.
977 4822 1160 4886 Quare
1211 4822 1425 4876 etiamsi
1473 4822 1645 4875 aliud'
1677 4822 2050 4876 testimonium

473 4923 713 4970 exstaret
744 4915 976 4978 nullum,
1008 4915 1090 4968 vel
1118 4914 1222 4968 hoc
1253 4929 1282 4967 a
1326 4915 1568 4984 principe
1600 4916 1869 4984 prolatum
1901 4915 2052 4971 sull'i-
2125 4932 2130 4938 '

471 5015 640 5070 ceret,
674 5007 851 5075 palam
889 5015 948 5059 ut
991 5005 1143 5060 ﬁeret
1185 5005 1444 5074 quidnam
1494 5023 1664 5061 sacrae
1723 5007 1943 5063 Littera:
1977 5009 2059 5062 in-

473 5107 660 5161 nuant,
689 5113 814 5151 cum
843 5098 997 5151 aiunt
1033 5097 1338 5165 proselytos
1370 5097 1422 5150 in
1453 5094 1580 5152 Jesu
1615 5098 1818 5154 Christi
1839 5098 2059 5154 nomine

472 5188 706 5259 aliisque
758 5187 1069 5259 hujusmodi
1129 5187 1380 5242 formulis
1435 5188 1720 5258 baptizari.
1787 5189 1877 5244 Sic
1926 5205 2058 5260 ergo

474 5280 670 5334 Petrus
698 5279 879 5334 aiebat
909 5294 1033 5333 cum
1069 5278 1310 5331 ditinam
1357 5278 1650 5334 eﬁicaciam
1688 5290 2060 5346 monstraret;

469 5373 704 5428 dilectus
739 5381 922 5426 autem
957 5371 1096 5426 inter
1128 5369 1428 5440 discipulos
1447 5371 1527 5426 sic
1559 5372 1683 5426 item
1709 5373 2056 5440 decernebat;

463 5461 647 5516 Lucas
676 5460 1087 5525 subscribebat;
1134 5459 1337 5514 Paulus
1364 5461 1627 5526 docebat;
1660 5461 1863 5529 quibus
1895 5463 2047 5531 paria

463 5553 806 5622 letiquorum
837 5553 1211 5623 apostolorum
1252 5562 1428 5608 cretus
1468 5553 1836 5623 praedicabat;
1875 5570 2050 5624 neque

537 5752 584 5785 “
617 5754 785 5813 lCor.
823 5773 931 5825 xw,
964 5760 1011 5813 l.
1081 5759 1128 5791 "
1154 5759 1273 5814 Act.
1314 5775 1393 5824 ιιι,
1415 5760 1450 5812 ‘2
1481 5774 1632 5830 seqq.
1713 5757 1761 5791 “
1791 5758 1924 5815 ibid.
1959 5761 2044 5814 l5.

2159 1889 2437 1961 ἐπιμελῶς
2468 1891 2496 1943 ὁ
2530 1890 2734 1954 σκοπὸς
2761 1889 3225 1962 ἅνερευνώμενος,
3257 1888 3414 1941 οὐδὲν
3446 1887 3662 1940 ἔλαττον
3686 1887 3724 1938 εί

2163 1985 2240 2057 μὴ
2267 1987 2361 2039 καὶ
2396 1986 2595 2056 μᾶλλον
2628 1987 2834 2056 ταύτην
2861 1987 3142 2057 ἐπικροτεί
3172 1987 3267 2038 καὶ
3298 1984 3605 2051 συνίστησι.
3631 1983 3727 2035 Καὶ

2161 2078 2270 2147 γὰρ
2296 2081 2418 2141 ταῖς
2450 2077 2921 2148 θαυματουργίαις
2951 2078 3052 2132 οὐκ
3085 2077 3309 2131 ἔλαττον
3336 2079 3435 2145 τῆς
3464 2073 3727 2136 θεοσεῦοῦς

2159 2169 2508 2233 διδασκαλίας
2541 2172 2642 2239 τὴν
2693 2171 2954 2226 Ἰουδαίαν
2998 2170 3449 2241 περιερχόμενος,
3485 2167 3578 2220 τὸν
3611 2166 3730 2236 πρὸς

2159 2266 2224 2333 τῇ
2249 2261 2432 2334 ὡραία
2475 2263 2616 2334 πύλῃ
2669 2262 3070 2334 καθεζόμενον,
3101 2257 3162 2317 οὗ
3200 2264 3257 2315 αἱ
3294 2261 3486 2332 βάσεις
3523 2259 3731 2313 τῶνπο-

2161 2355 2265 2408 δῶν
2289 2356 2386 2409 καὶ
2420 2355 2487 2409 τά
2515 2357 2699 2424 σφυρὰ
2744 2355 3024 2408 διαλέλυτο
3046 2372 3060 2386 ο
3093 2355 3283 2409 τοῦτον
3315 2351 3640 2425 άρμολογῶν
3663 2349 3728 2419 τῷ

2166 2447 2369 2516 ῥήματι
2397 2447 2490 2498 καὶ
2521 2447 2654 2512 ὑγιᾶ
2681 2445 2998 2514 παραδόξως
3013 2445 3352 2509 άναδεικνὺς,
3376 2463 3394 2494 ι
3417 2444 3512 2496 Ἐν
3537 2441 3610 2511 τῷ
3626 2441 3729 2492 ὀνό-

2166 2555 2314 2607 ματι,
2349 2539 2538 2608 φησὶν,
2583 2538 2756 2608 Ἰησοῦ
2784 2537 3021 2608 Χριστοῦ
3048 2537 3226 2609 ἔγειρε
3258 2539 3354 2590 καὶ
3380 2537 3688 2607 περιπάτει.
3706 2553 3723 2584 ι

2175 2628 2314 2682 Ἀλλ’
2335 2631 2361 2682 ὁ
2392 2631 2491 2700 μὲν
2520 2629 2689 2694 τύπος
2723 2630 2907 2698 φωνῆς
2935 2632 2999 2700 τῇ
3031 2629 3170 2701 ὑπὲρ
3196 2629 3354 2696 λόγον
3377 2627 3628 2698 ἐνεργείᾳ
3646 2626 3730 2693 τῆς

2163 2721 2402 2790 χάριτος,
2436 2720 2579 2774 οὕτω
2625 2720 2991 2791 συμπροήχθη
3019 2738 3032 2751 ⁸
3066 2720 3228 2782 αὐτὸς
3257 2719 3316 2773 δέ
3351 2719 3448 2772 τοῦ
3505 2719 3731 2789 ῥήματος

2163 2812 2261 2881 τὴν
2297 2810 2528 2881 δύναμιν
2569 2811 2957 2874 ἀναπτύσσων,
2998 2812 3092 2864 καὶ
3129 2811 3181 2864 τί
3220 2809 3476 2880 βούλεται
3505 2807 3651 2876 αὐτῷ
3682 2806 3730 2858 τί)

2165 2901 2354 2969 ὄνομα
2397 2899 2589 2971 δηλοῦν
2621 2901 3036 2972 ἐφερμηνεύων,
3067 2901 3196 2962 τοὺς
3225 2901 3326 2970 μὲν
3367 2897 3729 2967 καταπληττο-

2168 2992 2363 3063 pr/ou;
2396 2993 2471 3061 τῷ
2496 2992 2734 3062 θαύματι
2775 2992 3050 3045 ἐδίδασκεν
3090 2991 3166 3054 ὡς
3207 2989 3587 3058 ἐξουθενηθεὶς
3616 2985 3730 3054 παρ’

2165 3086 2366 3153 αὐτῶν,
2397 3087 2490 3139 καὶ
2523 3085 2742 3157 σταυρῷ
2787 3085 2884 3140 καὶ
2913 3084 3130 3155 θανάτῳ
3172 3083 3615 3145 καταδικασθεὶς,
3643 3081 3728 3132 αὖ·

2167 3180 2258 3242 τός
2312 3179 2461 3232 ἐστιν
2519 3171 2581 3230 οῦ
2612 3180 2644 3248 ἡ
2680 3177 2909 3248 δύναμις
2943 3176 3041 3247 τὴν
3085 3177 3301 3230 ἀνίατον
3339 3175 3530 3227 ἰάσατο
3571 3172 3726 3223 νόσον.

2177 3269 2454 3324 Ἐδίδασκε
2489 3271 2544 3323 δὲ
2578 3273 2659 3325 ὅτι
2689 3273 2784 3325 καὶ
2809 3271 2868 3324 τὸ
2894 3271 3065 3341 ὄνομα
3082 3270 3175 3322 νῦν
3203 3268 3352 3338 αὐτῷ
3381 3267 3482 3338 τῆς
3514 3265 3730 3324 πίστεως

2162 3366 2261 3433 τὴν
2284 3364 2760 3433 συγκεφαλαίωσιν
2795 3365 2891 3418 καὶ
2920 3366 3019 3435 τὴν
3047 3363 3340 3432 ὁμολογίαν
3384 3357 3725 3428 ἀπαγγέλλει.

2165 3457 2308 3527 Ὅρα
2325 3457 2432 3528 γὰρ
2457 3453 2546 3510 οἷά
2563 3472 2746 3527 φησιν’
2773 3475 2791 3508 ι
2817 3457 2872 3509 Ὁ
2895 3456 3025 3518 Θεὸς
3051 3455 3147 3508 Ἀὁ
3155 3458 3255 3526 ραά
3265 3471 3304 3523 μ
3324 3455 3418 3506 καὶ
3433 3452 3616 3506 Ἰσαάκ
3633 3449 3730 3502 ἐδό-

2165 3548 2292 3613 ξασε
2317 3550 2407 3602 τὸν
2425 3549 2588 3602 παῖδα
2613 3548 2779 3602 αὑτοῦ
2814 3548 3054 3619 Ἰησοῦν·
3087 3569 3104 3599 ι
3137 3546 3245 3600 Kal.
3268 3545 3646 3616 ὲπιδηλότερον
3673 3542 3724 3592 τὸ

2165 3641 2412 3712 βούλημα
2444 3640 2635 3708 ποιῶν,
2660 3641 2899 3710 ἐπάγει·
2942 3660 2962 3693 ι
3001 3641 3096 3695 καὶ
3151 3641 3246 3693 ἐπὶ⁵
3299 3642 3366 3710 τῇ
3413 3639 3595 3690 πίστει
3647 3633 3730 3687 τοῦ

2161 3735 2424 3806 ὀνόματος
2454 3735 2643 3803 αὑτοῦ,
2680 3735 2875 3791 τοῦτον
2897 3735 2954 3788 ὃν
2977 3735 3234 3806 θεωρεῖτε
3260 3735 3357 3786 καὶ
3388 3733 3566 3785 οἴδατε
3594 3732 3729 3783 ἐστε-

2164 3826 2334 3896 ρέωσε
2378 3827 2442 3881 τὸ
2480 3827 2650 3898 ὄνομα
2693 3828 2881 3882 αὐτοῦ.
2919 3848 2938 3880 θ
2990 3828 3270 3897 Πρόσχες·
3311 3846 3331 3877 ι
3383 3824 3544 3878 Ἀλλὰ
3585 3823 3726 3888 καὶὴ

2162 3919 2475 3990 πίστιςήδι’
2506 3919 2671 3974 αὑτοῦ
2697 3961 2712 3985 ,
2741 3919 2942 3974 ἔδωκεν
2971 3918 3119 3989 αὑτῴ
3141 3919 3238 3987 τήν
3269 3916 3598 3987 ὁλοκληρίαν
3615 3915 3728 3968 ταύ-

2159 4025 2280 4080 την.
2313 4029 2332 4062 ι
2361 4011 2691 4082 Ἀρχόμενος
2728 4010 2824 4064 τοῦ
2874 4010 3150 4080 θαύματος
3202 4010 3262 4062 τὸ
3309 4009 3478 4076 ὄνομα
3507 4006 3600 4060 τοῦ
3637 4007 3728 4074 Ἰη-

2163 4101 2258 4155 σοῦ
2281 4103 2522 4174 Χριστοῦ
2557 4104 2879 4175 αὐτουργεῖν
2907 4104 3006 4174 τὴν
3033 4103 3177 4154 ἴασιν
3205 4100 3572 4172 άνακηρύττει
3595 4093 3729 4150 ἐἶτα

2165 4193 2576 4266 μεταλαμϐάνει
2614 4195 2674 4249 τὸ
2697 4195 2869 4266 ὄνομα
2895 4195 3031 4265 πρὸς
3057 4193 3156 4265 τὴν
3206 4195 3416 4259 πίστιν,
3453 4195 3587 4263 ὅπερ
3625 4190 3728 4244 ἐστὶ

2158 4290 2221 4343 τὸ
2258 4291 2559 4361 μυστήριον
2582 4289 2684 4359 τῆς
2708 4289 3016 4352 εὐσεϐείας.
3049 4288 3206 4343 Μετὰ
3230 4287 3390 4342 τοῦτο
3431 4287 3588 4342 πάλιν
3622 4286 3726 4338 ὅνο-

2164 4399 2240 4452 μα
2271 4381 2370 4452 τὴν
2397 4383 2475 4444 είς
2506 4381 2671 4434 αὑτὸν
2702 4381 2861 4434 καλεῖ
2883 4381 3088 4446 πίστιν,
3113 4379 3263 4433 ῶσπε
3274 4397 3304 4450 ρ
3338 4379 3525 4442 δεδιὼς
3547 4379 3618 4449 μή
3647 4378 3726 4445 λή-

2087 4494 2133 4549 D
2162 4471 2261 4542 θην
2297 4471 2534 4525 λάϐωσιν
2570 4473 2620 4524 οἱ
2671 4472 2942 4543 ἀκροαταὶ
2987 4471 3070 4524 ὅτι
3118 4471 3178 4524 τὸ
3214 4469 3387 4540 ὄνομα
3438 4469 3586 4538 αὐτῷ
3623 4467 3727 4521 ἀντὶ

2159 4564 2262 4634 τῆς
2290 4567 2528 4628 πίστεως
2571 4565 2920 4636 παρελήφθη.
2963 4563 3096 4617 Εἶτα
3125 4564 3357 4631 ἐπάγει·
3393 4583 3412 4614 ι
3452 4563 3615 4632 Καὶή
3652 4561 3724 4612 πί-

2164 4672 2280 4719 στις
2311 4658 2342 4727 ἡ
2377 4656 2444 4710 δι’
2473 4656 2664 4722 αὐτοῦ,
2705 4677 2723 4707 ›
2760 4658 3092 4728 τουτέστινή
3133 4656 3474 4727 κηρυχθεῖσα
3502 4655 3625 4726 παρ’
3649 4654 3726 4707 αύ-

2160 4746 2278 4801 τοῦ.
2323 4746 2490 4819 Ὁρᾷς
2524 4749 2672 4806 ὅπως
2701 4748 2762 4801 τὸ
2811 4748 2913 4818 μὲν
2940 4749 3112 4818 ὄνομα
3153 4749 3250 4819 τὴν
3296 4749 3483 4800 πίστιν
3525 4746 3614 4801 νῦν
3639 4746 3724 4816 τὴν

2163 4839 2244 4900 είς
2298 4839 2460 4892 αὐτὸν
2517 4840 2850 4908 ἀπαγγέλλει
2881 4858 2895 4905 ;
2933 4840 3047 4910 ἡδὲ
3103 4839 3287 4903 πίστις
3325 4841 3424 4911 τὴν
3458 4841 3548 4892 ὑπ’
3577 4836 3723 4892 αὑτοῦ

2165 4931 2538 5001 κηρυχθεῖσαν
2570 4932 2883 4986 θεοσέϐειαν
2911 4951 2926 4999 ;
2951 4934 3011 4987 τὸ
3041 4934 3098 4987 δὲ
3121 4936 3390 5006 κήρυγμα
3428 4935 3525 4989 τοῦ
3569 4933 3723 5006 χωλοῦ

2159 5021 2258 5085 τὰς
2287 5021 2474 5092 βάσεις
2511 5026 2724 5093 στερεοῖ
2749 5042 2764 5092 ;
2801 5025 2967 5078 Ὥστε
2996 5027 3044 5077 εἰ
3079 5027 3155 5096 μή
3179 5043 3263 5088 τις
3289 5026 3424 5096 ἄλλη
3451 5027 3560 5080 τῶν
3595 5042 3721 5096 μαρ-

2157 5115 2358 5186 τυριῶν
2392 5117 2623 5187 προσῆν,
2665 5119 2900 5188 ἤρκεσεν
2950 5118 3014 5173 ἂν
3049 5120 3080 5188 ή
3117 5119 3214 5174 τοῦ
3261 5121 3562 5190 κορυφαίου
3605 5120 3723 5190 μόνη

2159 5208 2613 5281 προκομιζομὲνη
2639 5210 2910 5282 λαμπρῶς
2936 5212 3290 5282 παραστῆναι
3320 5213 3373 5265 τί
3397 5215 3645 5284 σημαίνει
3669 5213 3724 5263 τὰ

2160 5300 2286 5372 ἱερὰ
2309 5301 2482 5369 Λὸγια
2516 5303 2574 5354 ἐν
2605 5302 2682 5373 τῷ
2712 5302 2893 5372 λέγειν
2936 5303 3300 5374 βαπτίζεσθαι
3337 5308 3468 5370 τοὺς
3496 5307 3725 5378 προσιόν-

2159 5412 2259 5458 τας
2291 5397 2347 5447 ἐν
2393 5395 2471 5466 τῷ
2516 5397 2744 5466 ὀνόματι
2788 5396 2964 5467 Ἰησοῦ
3005 5398 3270 5469 Χριστοῦ,
3308 5399 3406 5452 καὶ
3447 5401 3516 5453 τὰ
3559 5401 3721 5468 ὃμοια.

2162 5485 2348 5540 Ταῦτα
2379 5487 2478 5558 μὲν
2513 5488 2716 5558 Πέτρος
2734 5490 2835 5560 τὴν
2857 5490 3145 5560 θεουργίαν
3167 5492 3487 5562 ἐμφανίζων
3515 5492 3689 5559 ἔλεγεν
3710 5509 3720 5519 ·

2157 5581 2184 5633 ὸ
2213 5579 2267 5633 δὲ
2297 5579 2407 5634 τῶν
2442 5580 2700 5652 μαθητῶν
2742 5583 3099 5653 ἠγαπημένος
3125 5585 3572 5656 συνεδογμάτιζε,
3605 5587 3702 5638 Λου

2121 5762 2163 5794 ⁵⁷
2198 5763 2330 5820 ibid.
2365 5764 2452 5821 16.
2528 5765 2576 5797 ’⁵⁸
2620 5764 2752 5820 ibid.
2826 5767 2870 5799 δ’
2896 5766 3025 5823 ibid.
