3830 6210
207 300 301 362 3‘25
597 335 601 338 ν
1094 301 1192 359 AD
1222 298 1817 359 AMPHILOCHIUM
1843 296 2191 370 QUIESTIO
2217 298 2437 358 XLIII.

3320 301 3423 363 326

205 417 299 477 κᾶς
326 412 639 482 συνέγραφε,
675 412 884 477 Παῦλος
913 413 1193 467 ἐδίδασκεν
1215 432 1229 443 ο
1265 411 1347 474 οἷς
1380 413 1477 467 καὶ
1502 413 1610 466 τῶν
1638 414 1747 465 λοι-

1852 411 1999 467 euim
2041 409 2314 481 suSpicari
2351 410 2497 472 licet,
2531 408 2825 465 mortiferis
2862 410 3008 479 ipsos
3048 412 3203 467 noxis
3243 427 3302 467 se
3328 415 3429 467 ob-

202 505 311 559 πῶν
352 504 650 557 ἀποστόλων
688 506 716 558 6
768 505 929 576 χορὸς
968 504 1048 575 (οὗ
1103 505 1213 577 γὰρ
1262 499 1330 577 ἦν
1356 504 1606 574 οὐδαμῶς
1637 504 1746 557 οὐδ’

202 596 286 649 ἐπὶ
312 595 420 649 νοῦν
460 596 645 650 λαϐεῖν
683 597 878 662 αὐτοὺς
922 598 1053 668 περὶ
1103 597 1173 650 τά
1225 597 1417 666 καίρια
1460 596 1745 668 φέρεσθαι)

202 686 652 754 ωνανεκήρυττεν.
704 686 892 751 Οὕτως
939 688 1111 759 ὄνομα
1155 686 1392 758 Χριστοῦ
1434 689 1468 758 ἡ
1496 688 1678 751 πίστις
1714 688 1747 757 ἡ

200 782 269 841 είς
312 780 572 848 Χριστόν·
625 779 812 843 πίστις
860 780 916 833 δὲ
959 782 1039 843 είς
1071 780 1308 851 Χριστὸν
1359 780 1393 848 ή
1450 779 1521 832 δι’
1581 777 1747 832 αὑτοῦ

1856 502 2123 572 stringere
2150 502 2363 555 solitos.
2404 498 2628 552 Constat
2659 497 2820 568 igitur
2851 499 3052 554 Christi
3099 516 3294 555 nomen
3332 517 3432 571 pro

1857 594 1964 648 fide
2002 593 2055 646 itt
2087 591 2367 645 Christum
2397 589 2501 643 dici
2540 607 2552 641 :
2584 590 2717 644 fides
2749 605 2876 644 vero
2911 591 2963 643 in
2990 590 3269 647 Christum
3296 592 3431 646 nihil

1856 694 1941 739 cst
1989 686 2095 739 nisi
2143 682 2341 738 tradita
2402 681 2802 751 spectatoribus
2851 682 3003 736 verbi
3048 692 3209 753 atque
3260 683 3434 738 admi-

1858 776 2049 832 nistris
2090 791 2245 830 sacra
2285 775 2533 829 doctrina
2572 782 2628 828 et
2656 774 3051 829 incarnationis
3084 779 3427 847 mysterium,

173 872 583 942 ἱπαραδεδομέντι
626 875 739 935 τοῖς
795 871 1092 935 αὑτόπταις
1130 871 1225 925 τοῦ
1288 870 1447 940 λόγου
1500 872 1591 923 καὶ
1636 870 1938 940 ὑπηρέταις
1994 867 2259 936 θεολογία,
2320 868 2415 921 καὶ⁸
2474 866 2576 936 τῆς
2624 866 2936 937 οἰκονομίας
2987 868 3049 920 τὸ
3105 872 3425 942 μυστήριον-

172 969 183 1025 ¹
261 1008 333 1073 ιζ’.
371 1008 437 1061 Σὺ
464 1008 519 1061 δὲ
549 1008 601 1060 εἴ
634 1025 718 1071 τις
746 1008 886 1077 ἔρως
906 1004 1109 1077 ἐπῆλθε
1133 1006 1269 1077 πρὸς
1296 1008 1395 1079 τὴν
1415 1008 1587 1076 αὐτὴν
1614 1006 1745 1059 ὑπό-

200 1102 326 1153 θεσιν
356 1101 601 1169 εὐπορεῖν
637 1098 898 1152 πλειόνων
925 1098 1398 1169 ἐπιχειρημάτων,
1449 1096 1744 1152 κάντεῦθεν

199 1194 283 1260 τῆς
304 1192 602 1260 προθέσεως
640 1190 740 1242 οῦκ
783 1189 1079 1259 ἀποτεύξῃ.
1125 1188 1350 1258 Πρῶτον
1382 1190 1480 1259 μὲν
1506 1189 1617 1259 γὰρ
1646 1188 1746 1257 τῆς

199 1283 277 1334 ἀπ’
302 1283 461 1353 ἀρχῆς
494 1281 728 1350 ἀπορίας
771 1280 1110 1348 εῦλογωτέρα
1144 1280 1297 1342 λύσις
1330 1281 1430 1333 οὐκ
1453 1279 1519 1333 ἂν
1553 1281 1638 1350 εἴη
1662 1296 1747 1342 τις

198 1372 337 1442 ἑτέρα
366 1372 511 1441 παρὰ
533 1373 637 1440 τὴν
670 1371 972 1442 εἰρημένην
1011 1371 1219 1439 σαφῶς,
1246 1372 1619 1441 ἐμφανίζουσα
1649 1371 1748 1443 τὴν

197 1463 276 1516 τοῦ
317 1462 631 1532 ζητήματος
684 1463 907 1530 γνῶσιν.
945 1461 1210 1531 Δεύτερον
1251 1462 1307 1515 δὲ
1354 1463 1451 1515 καὶ
1491 1463 1557 1533 ἦν
1602 1479 1747 1525 τινες

1921 1006 2009 1061 17.
2049 1004 2168 1060 Jam
2203 1020 2331 1060 vero
2358 1005 2403 1062 si
2433 1022 2542 1076 qua
2574 1014 2625 1061 te
2673 1007 2945 1076 cupiditas
2982 1016 3129 1062 tenet
3162 1008 3214 1061 in
3241 1011 3429 1064 eodem

1849 1101 2128 1169 proposito
2156 1100 2495 1169 argumentis
2526 1100 2776 1170 pluribus
2804 1101 3139 1166 ahundandi,
3176 1101 3262 1156 hic
3294 1117 3432 1172 quo-

1849 1205 1955 1258 que
1988 1205 2212 1258 scopum
2255 1200 2406 1245 tuum
2444 1191 2776 1261 assequeris.
2817 1190 2951 1246 Nam
3003 1194 3181 1261 primo
3210 1192 3430 1248 dubita-

1850 1279 2015 1333 tionis
2040 1281 2179 1349 ejus,
2211 1296 2372 1349 quam
2400 1280 2556 1335 initio
2578 1281 2920 1349 scripsimus,
2952 1283 3099 1338 nulla
3131 1293 3212 1338 est
3238 1295 3433 1353 pra-ter

1848 1372 2160 1441 praedictam
2223 1374 2556 1442 probabilior
2635 1374 2877 1437 solutio,
2942 1390 3064 1443 quae
3140 1370 3435 1429 manifeste

1852 1465 2171 1533 quaastionis
2218 1464 2653 1533 explanationem
2717 1467 2897 1520 tradit.
2956 1466 3160 1522 Deinde
3199 1483 3321 1537 quae
3364 1469 3433 1521 ah

154 1620 159 1627 _
196 1556 464 1622 ἐπενόησαν
494 1553 672 1617 λύσιν,
700 1554 761 1607 τὸ
786 1554 1180 1625 ἀνεπιτίμητον
1207 1555 1307 1608 οὐκ
1328 1553 1454 1623 ἔσχε
1478 1570 1493 1582 ·
1517 1555 1608 1607 καὶ
1636 1554 1743 1623 γὰρ

1852 1553 1973 1607 aliis
2016 1554 2322 1623 excogitata
2357 1553 2463 1608 fuit
2503 1555 2728 1619 solutio,
2782 1572 2890 1610 non
2938 1566 3088 1611 caret
3136 1533 3398 1627 repreheu

196 1648 281 1717 ἤδη
312 1649 399 1717 μὲν
429 1650 528 1700 οὐκ
552 1648 743 1714 ὀλίγας
775 1648 940 1701 ἔδωκε
966 1648 1136 1711 λαϐάς
1155 1665 1168 1678 °
1200 1648 1318 1718 δοίη
1349 1648 1394 1700 δ’
1417 1649 1480 1703 ἄν
1513 1665 1597 1700 σοι
1622 1647 1747 1717 βου-

194 1738 379 1808 λομένῳ
410 1741 501 1791 καὶ
534 1740 777 1804 πλείους.
818 1741 879 1793 EE
924 1740 1034 1810 γὰρ
1083 1740 1416 1809 προσίστατο
1458 1742 1571 1802 τοῖς
1624 1738 1745 1792 κατ’

195 1831 346 1901 ἀρχὰς
367 1832 648 1903 προσιοῦσι
681 1835 778 1885 καὶ
811 1833 973 1902 μόνον
1017 1832 1427 1902 προφερόμενον
1461 1832 1524 1911 τὸ
1573 1831 1746 1901 ὄνομα

192 1922 272 1976 τοῦ
289 1924 531 1995 Χριστοῦ,
555 1924 673 1988 πῶς
695 1921 762 1997 ἦν
782 1925 891 1977 τῶν
914 1925 1355 1994 κατεπειγόντων
1386 1923 1746 1994 βαπτίζοντας

194 2015 307 2068 αὑτὸ
336 2016 723 2087 προκομίζεινς
756 2016 890 2070 Οὐδὲ
916 2017 1025 2086 γὰρ
1051 2015 1349 2086 θεραπείαν
1380 2014 1505 2067 τινὰ
1527 2014 1622 2067 τοῦ
1655 2015 1747 2067 θο-

196 2106 457 2177 ρυϐοῦντος
475 2111 738 2178 παρεῖχεν
754 2108 819 2162 ἂν
832 2108 892 2161 τὸ
906 2108 1263 2178 παραλυποῦν
1289 2109 1707 2180 προτεινόμενον
1729 2122 1741 2135 ·

196 2197 294 2250 ἀλλ’
322 2200 407 2251 ἐπὶ
442 2199 605 2252 πλέον
644 2199 1004 2269 ἐξετράχυνεν
1060 2198 1125 2252 ἂν
1168 2201 1261 2253 καὶ
1312 2200 1747 2270 ἀνεφλέγμαινεν

195 2291 307 2343 αὐτὸ
330 2291 423 2361 τὴν
455 2291 704 2363 γνώμην.
736 2294 1048 2362 Σιγώμενον
1096 2291 1205 2361 γὰρ
1250 2292 1452 2362 μᾶλλον
1482 2292 1542 2345 τὸ
1590 2293 1747 2345 ἀνια-

196 2387 296 2455 ρὸν,
322 2388 352 2459 ἦ
382 2387 773 2457 φθεγγόμενον,
817 2390 944 2450 τοὺς
982 2387 1438 2458 δυσχεραίνοντας
1472 2386 1603 2439 αὐτὸ
1628 2386 1747 2439 δια-

198 2478 427 2547 πραΰνει.
460 2478 572 2531 Καὶ
602 2477 664 2531 τὸ
694 2477 776 2529 ἔτι
827 2477 1029 2548 μᾶλλον
1069 2478 1376 2545 ἀναφλέγον
1418 2477 1499 2538 είς
1551 2474 1746 2545 ὀργὴν,

199 2570 445 2639 σιωπῆσαι
475 2571 574 2639 μὲν
600 2570 692 2622 καὶ
720 2569 993 2639 ὑπεριδεῖν
1020 2568 1055 2621 ἃ
1077 2572 1189 2631 τοῖς
1213 2567 1429 2629 πολλοῖς
1455 2566 1564 2618 τῶν
1609 2565 1743 2618 Ἰου-

195 2661 338 2714 δαίων
370 2662 714 2734 ὲγνωρίζετο,
748 2660 968 2732 Πατέρα
1006 2661 1148 2729 λέγω
1190 2661 1285 2714 καὶ
1344 2659 1590 2730 Πνεῦμα,
1617 2660 1746 2712 ἀντ-

201 2756 490 2822 επεισάγειν
515 2755 574 2807 δὲ
601 2754 699 2825 τὴν
727 2754 922 2822 κλῆσιν
944 2754 1038 2807 τοῦ
1059 2753 1211 2816 Υίοῦ,
1245 2749 1326 2816 οἷς
1357 2753 1479 2805 οὐδὲ
1507 2751 1606 2821 τὴν
1633 2769 1744 2821 φω-

195 2843 278 2914 νὴν
306 2846 498 2899 ἄλυπον
524 2841 595 2917 ἦν
632 2848 750 2908 ταῖς
795 2848 990 2909 ἀκοαῖς
1030 2845 1435 2917 παραδέχεσθαι
1465 2845 1577 2914 (45)
1606 2863 1621 2876 ·
1654 2845 1747 2936 xci
1776 2877 1819 2936 ο

195 2938 289 3008 γὰρ
316 2938 505 3009 μᾶλλον
524 2938 590 2991 ἂν
614 2938 1013 3007 προαγόμενον,
1035 2936 1179 2989 οὕτω
1200 2936 1550 3008 προσίστατο.
1591 2934 1745 2988 Μετά

199 3031 285 3098 μὲν
310 3032 408 3101 γάρ
441 3031 548 3083 τῶν
588 3030 922 3100 τιμωμένων
953 3028 1414 3098 συνταττομένου,
1448 3026 1586 3098 πρὸς
1615 3027 1745 3078 ἐκα-

196 3121 339 3190 τὲραν
367 3123 557 3191 μοῖραν
582 3121 683 3190 τήν
711 3137 767 3173 τε
804 3117 1235 3191 παραλυποῦσαν
1269 3119 1361 3171 καὶ
1389 3117 1487 3188 τὴν
1522 3117 1749 3188 εὐφραί·

198 3229 368 3264 νουσαν
394 3214 421 3265 ό
448 3210 727 3281 ἀκροατὴς
757 3211 1044 3281 ἐμερίζετο
1068 3227 1083 3242 ο
1120 3210 1212 3263 καὶ¹
1245 3209 1382 3280 πρὸς
1410 3209 1535 3279 μίαν
1561 3225 1746 3261 καινο-

195 3300 364 3369 τομίαν
416 3302 515 3371 τῆς
574 3300 893 3371 προσθήκης
930 3308 955 3335 ο
985 3301 1337 3371 ἐταράσσετο.
1372 3299 1493 3353 Τῶν
1519 3299 1582 3365 ,δὲ
1604 3318 1749 3367 γνω-

200 3391 349 3461 ρίμων
375 3393 466 3445 καὶ
490 3392 823 3463 τιμωμένων
856 3395 982 3463 σιγῇ
1008 3394 1551 3464 παραπεμπομένων,
1585 3392 1745 3461 μόνου

196 3484 242 3536 δὲ
264 3484 352 3538 τοῦ
378 3486 711 3555 πλήττοντος
752 3486 867 3539 ἀντ’
899 3484 1124 3538 ἐκείνων
1163 3486 1598 3555 κηρυσσομένου,
1629 3484 1747 3545 πῶς

195 3577 276 3631 trix
299 3574 361 3648 ἦν
392 3578 761 3648 εὐλογώτερον
809 3577 1096 3648 ἀποπηδᾷν
1143 3577 1361 3642 αὐτίκα,
1412 3576 1505 3628 καὶ
1533 3576 1602 3629 τα
1634 3568 1748 3627 ὦτα

196 3672 448 3741 φράττειν,
482 3671 697 3736 διπλαῖς
725 3670 925 3739 μᾶλλον
948 3670 1004 3723 δὲ
1028 3669 1360 3733 πολλαπλαῖς
1381 3668 1748 3739 βαλλομένους

195 3765 291 3826 ταῖς
319 3764 708 3835 καινοτομίαις,
742 3764 923 3817 καὶτὸ
955 3762 1111 3834 βέλος
1148 3762 1248 3831 τῆς
1285 3761 1442 3824 ἀνίας
1495 3760 1749 3831 πικρότε-

197 3870 273 3925 ρον
296 3858 383 3908 ml.
411 3854 741 3926 δριμύτερον
771 3854 1236 3924 ὑποδεχομένους;
1276 3851 1335 3917 ἐξ
1364 3845 1439 3905 ὧν
1469 3850 1669 3922 μᾶλλον
1689 3850 1748 3903 τὸ

195 3949 445 4011 raw-:16);
480 3949 682 4009 αὐτοὺς
712 3946 1166 4019 ὲκτραχύνεσθαι,
1194 3946 1290 3998 καὶ
1328 3943 1424 3997 τοῦ
1465 3944 1748 4014 προσιέναι

194 4038 310 4103 ὅλως
350 4039 425 4110 τῷ
473 4039 816 4111 κηρύγματι,
865 4040 946 4102 είς
988 4038 1050 4092 τὸ
1103 4037 1367 4092 ἀδύνατον
1418 4036 1750 4089 κατεσκευά-

195 4129 316 4193 ζετο.

1849 1644 2025 1710 sione,
2058 1659 2230 1713 eaque
2262 1659 2371 1698 non
2404 1661 2605 1714 paucas
2646 1661 2837 1715 reapse
2871 1648 3217 1716 vituperandi
3268 1665 3431 1702 ansas

1848 1735 2025 1792 dedit:
2052 1746 2106 1789 et
2139 1736 2359 1805 quidem
2385 1737 2481 1791 tibi
2514 1738 2713 1792 volenti
2747 1740 2929 1808 plures
2963 1740 3244 1809 praebebit.
3294 1739 3429 1795 Nam

1849 1826 1893 1881 si
1926 1826 2231 1882 oﬂendebat
2260 1828 2466 1898 primos
2510 1830 2628 1883 illos
2662 1831 2969 1901 proselytos
3016 1832 3098 1886 vel
3136 1849 3232 1887 ore
3276 1845 3451 1905 tenus

1849 1920 2117 1990 prolatum
2148 1920 2349 1975 Christi
2381 1937 2598 1987 nomen,
2625 1923 2853 1991 eurjam
2888 1938 3108 1979 necesse
3139 1938 3259 1979 erat
3289 1926 3432 1979 inter

1847 2012 2237 2082 baptizandum
2286 2013 2337 2067 id
2405 2015 2710 2083 oggerere?
2760 2014 2920 2069 Certe
2987 2016 3117 2069 illud
3171 2017 3432 2071 medelam

1849 2105 2277 2173 perturbationis
2321 2107 2526 2160 nullam
2586 2106 2822 2173 fecisset,
2851 2108 2997 2178 quod
3047 2124 3153 2162 non
3201 2111 3317 2164 sine
3353 2111 3435 2164 iu-

1849 2207 2002 2267 grato
2046 2214 2207 2253 sensu
2244 2199 2485 2253 exhiberi
2537 2210 2800 2270 poterat:
2857 2202 2988 2272 quin
3037 2204 3174 2257 adeo
3222 2213 3433 2258 tnrntrs

1849 2288 2186 2343 cﬂ‘eravisset
2219 2290 2397 2358 potius
2447 2301 2613 2360 atque
2648 2291 3001 2348 incendisset.
3050 2292 3186 2348 Nam
3235 2294 3280 2348 si
3321 2312 3437 2347 tuo-

1851 2381 1982 2436 leSIa
2013 2398 2099 2437 res
2133 2395 2237 2443 est,
2269 2382 2478 2437 silendo
2510 2384 2687 2452 magis
2733 2400 2897 2453 quam
2931 2384 3298 2452 praedicando,
3340 2402 3435 2440 eos

1850 2476 1942 2544 qui
1979 2476 2271 2531 abhorrent
2300 2477 2547 2547 mitigare
2598 2479 2857 2534 solemus.
2909 2479 3046 2533 Tum
3100 2482 3177 2534 ira
3211 2483 3432 2557 gravius

1850 2576 2121 2621 commota
2171 2568 2383 2633 fuisset,
2441 2570 2487 2623 si
2540 2570 2574 2623 ii
2632 2571 2851 2625 silentio
2898 2573 3069 2641 pressi
3110 2571 3341 2627 fuissent
3368 2589 3434 2628 ac

1849 2659 2103 2728 neglecti,
2144 2660 2232 2729 qui
2273 2661 2460 2715 multis
2510 2661 2714 2715 ludatis
2765 2665 3026 2733 comperti
3071 2675 3246 2729 erant,
3275 2666 3435 2720 Pater

1851 2750 2108 2803 nimirum
2139 2762 2192 2805 et
2214 2751 2450 2820 Spiritus
2476 2769 2489 2815 ;
2517 2754 2740 2808 obtrusa
2769 2762 2951 2808 autem
2983 2753 3103 2808 Filii
3136 2756 3429 2821 invocatio,

1851 2843 2008 2910 cujus
2035 2859 2101 2897 ne
2134 2860 2329 2898 nomen
2362 2845 2583 2915 quidem
2614 2848 2733 2901 sine
2765 2848 3012 2903 molestia
3040 2850 3227 2903 auditu
3256 2851 3433 2920 excipi

1850 2951 2113 3011 poterat:
2165 2943 2308 3011 quod
2370 2958 2502 2997 sane
2568 2945 2639 2998 ita
2717 2947 2987 3013 proiatutu
3059 2947 3435 3001 vehementius

1850 3033 2175 3087 oﬂ‘endebat.
2207 3034 2407 3088 Contra
2448 3037 2493 3090 si
2527 3052 2720 3091 nomen
2754 3037 2856 3092 hoc
2900 3053 3022 3092 cum
3070 3038 3192 3093 aliis
3223 3038 3333 3108 jam
3377 3040 3430 3094 in

1851 3127 2059 3181 honore
2097 3128 2297 3181 habitis
2326 3129 2720 3196 collocabatur,
2752 3130 3003 3185 bifariam
3035 3132 3250 3187 auditor
3286 3134 3433 3187 scin-

1849 3216 2098 3283 debatur,
2149 3219 2343 3287 partim
2409 3221 2615 3275 scilicet
2660 3237 2799 3291 aegre
2846 3220 3045 3287 ferens,
3084 3223 3278 3291 partim
3336 3240 3432 3294 ge-

1850 3312 2059 3366 stiens:
2096 3315 2209 3367 sola
2247 3324 2427 3369 autem
2466 3317 2819 3372 additamenti
2852 3320 3094 3374 novitate
3138 3324 3435 3376 conturba-

1850 3405 2029 3459 batur.
2082 3406 2152 3461 At
2182 3423 2308 3461 vero
2349 3408 2395 3463 si
2429 3409 2634 3479 cogniti
2680 3409 2792 3478 jam
2840 3422 2891 3465 et
2930 3411 2983 3464 in
3025 3413 3231 3469 honore
3264 3415 3430 3469 habiti

1849 3498 2065 3554 silentio
2092 3502 2669 3569 praetermitterentur;
2714 3519 2857 3556 unus
2892 3516 3099 3568 autem,
3131 3508 3221 3575 qui
3260 3507 3431 3560 offen-

1850 3590 2033 3653 debat,
2058 3591 2440 3661 pragdicaretur
2475 3611 2489 3647 :
2518 3593 2704 3662 quidni
2741 3597 3162 3664 exspectandum
3194 3606 3333 3662 erat,
3375 3608 3433 3651 ιιι

1850 3684 2103 3752 protinus
2127 3682 2295 3738 Judaei
2334 3686 2676 3756 aufugerent,
2710 3704 2871 3741 aures
2903 3689 3276 3754 occluderent,
3312 3707 3433 3757 per-

1850 3775 1987 3829 culsi
2012 3776 2224 3831 scilicet
2249 3777 2450 3846 duplici
2481 3780 2591 3834 imo
2620 3781 2905 3851 multiplici
2931 3785 3188 3846 novitate,
3217 3785 3434 3855 teloque

1851 3868 2085 3923 tristitiae
2109 3870 2361 3924 acerbius
2392 3872 2752 3941 asperiusqtte
2793 3882 3011 3944 recepto
3046 3892 3058 3925 :
3102 3892 3211 3945 quo
3245 3877 3430 3939 liehat,

1852 3971 1911 4014 ut
1937 3961 2040 4029 ipsi
2070 3960 2242 4031 magis
2270 3962 2640 4025 irritarentur,
2670 3975 2724 4018 et
2753 3963 2821 4017 ab
2850 3980 3070 4019 accessu
3099 3966 3164 4019 ad
3186 3967 3432 4036 Evange-

1850 4048 1985 4104 lium
2019 4050 2246 4104 omnino
2279 4051 2718 4121 prohiberentur.

253 4230 331 4293 ιη’.
363 4225 474 4279 Οὐκ
503 4223 805 4293 ἠνείχοντο,
849 4226 1003 4293 φησὶ,
1037 4222 1098 4275 τὸ
1136 4221 1406 4276 Ἰουδαίων
1431 4220 1582 4283 ἔθνος
1612 4220 1744 4273 Θεὸν

1921 4221 2008 4276 18.
2050 4221 2217 4275 Aiunt
2237 4223 2531 4278 adversarii
2557 4243 2569 4279 :
2602 4222 2718 4278 Non
2748 4224 2953 4281 ferebat
2982 4224 3238 4281 Judaicus
3262 4242 3435 4297 popu-

192 4314 269 4368 τδν
293 4317 520 4387 Χριστὸν
549 4316 856 4385 ὁμολογεῖνο
891 4315 979 4369 διὰ
1004 4315 1164 4368 τοῦτο
1192 4314 1297 4383 ἀρα
1330 4315 1387 4367 ἐν
1416 4312 1494 4382 τῷ
1519 4313 1746 4383 ὀνόματι

195 4405 337 4459 αὐτοῦ
352 4407 457 4460 τῶν
474 4405 793 4460 ἀποστόλων
808 4406 836 4457 ὁ
850 4404 1007 4475 χορὸς
1034 4401 1312 4466 ἐϐάπτιζε.
1339 4403 1448 4456 Καὶ
1467 4401 1570 4455 ποῦ
1592 4401 1751 4455 τοῦτο

197 4496 332 4564 λόγον
352 4498 462 4568 ἔχοι
482 4497 749 4569 πραΰνειν
765 4497 854 4550 διὰ
872 4496 967 4549 τοῦ
987 4494 1435 4565 φλεγμαίνοντος,
1464 4494 1560 4546 καὶ
1582 4493 1747 4563 θερα-

203 4587 361 4641 mxima
388 4590 473 4643 διὰ
502 4589 600 4643 τοῦ
640 4587 994 4659 τραύματοςς
1034 4588 1158 4649 Πῶς
1199 4587 1243 4640 δ’
1283 4587 1379 4655 οὺχ
1425 4587 1453 4638 6
1510 4586 1750 4648 ἐναντίος

204 4678 334 4746 λόγος
376 4683 454 4744 είς
493 4682 556 4733 τὸ
606 4680 971 4752 εὐλογώτερον
1014 4680 1080 4734 ἂν
1129 4680 1213 4748 εἴη
1252 4678 1346 4732 καὶ
1385 4679 1749 4749 συνετώτερον

206 4774 622 4845 προτεινόμενος;
672 4775 789 4827 Οὐκ
816 4772 1112 4837 ὲὸάπτιζον
1151 4774 1201 4826 οἱ
1252 4772 1539 4825 ἀπόστολοι
1577 4772 1657 4834 είς
1691 4769 1751 4822 τὸ

205 4860 347 4931 ὄνομα
392 4863 482 4917 τοῦ
526 4863 803 4934 Χριστοῦ·
850 4864 1057 4934 βαρέως
1096 4863 1203 4933 γὰρ
1252 4863 1301 4915 οί
1358 4860 1751 4929 μυσταγωγοῦ-

1847 4315 1933 4371 lus
1978 4314 2255 4370 Christum
2288 4316 2455 4370 Deum
2502 4317 2751 4372 contiteri
2787 4338 2800 4372 ι
2851 4328 3254 4388 proptereaque
3299 4336 3435 4389 apo-

1849 4408 2117 4463 stolorum
2162 4416 2339 4462 caelus
2393 4410 2447 4462 in
2482 4411 2704 4463 nomine
2760 4410 2879 4479 ejus
2909 4411 3241 4481 baptizabat.
3269 4414 3433 4481 Atqui

1850 4514 1961 4551 non
2010 4508 2094 4554 est
2146 4499 2346 4553 rationi
2391 4510 2848 4565 consentaneum,
2886 4512 2944 4556 ut
2976 4518 3034 4558 re
3061 4504 3259 4558 acerba
3290 4507 3437 4561 tuiti-

1849 4602 2063 4661 genius,
2116 4600 2279 4659 atque
2333 4600 2392 4645 ut
2454 4592 2674 4646 vulnere
2748 4594 3073 4650 medicinam
3146 4597 3434 4655 faciamus.

1852 4680 2053 4744 Quidni
2092 4682 2272 4749 potius
2304 4684 2618 4738 contrarius
2640 4699 2821 4739 sermo
2855 4687 3277 4755 probabiliorem
3310 4706 3437 4758 pru-

1852 4772 2268 4841 dentioremque
2307 4775 2631 4829 sententiam
2692 4776 2963 4845 przcbcat?
3028 4776 3146 4832 Non
3192 4778 3436 4849 baptiza-

1856 4860 1987 4914 bant
2022 4864 2253 4925 apostoli
2306 4865 2357 4917 iu
2392 4864 2593 4919 Christi
2645 4868 2866 4921 nomine
2895 4886 2907 4932 ;
2945 4884 3088 4938 aegre
3119 4869 3263 4922 cnim
3297 4869 3438 4925 ferc-

1481 5086 1717 5143 VARIJE
1755 5088 2157 5143 LEC'I‘IUNI‘JS.

266 5246 380 5321 (43⁸)
408 5249 541 5306 Cod.
572 5250 672 5318 τὴν
703 5247 1039 5317 προσθήκην.

1654 5428 1885 5485 NOT/E.

275 5583 370 5650 (45)
389 5585 462 5642 De
490 5588 684 5641 notitia
722 5587 842 5641 Filii
870 5586 1009 5652 apud
1045 5584 1300 5640 Hebraeos
1333 5584 1619 5639 dicendum
1653 5602 1752 5641 no-

216 5647 397 5726 biserit
419 5673 539 5711 cum
572 5657 843 5711 Theodori
877 5647 1242 5726 Mopsursteni
1278 5654 1750 5726 Commentariun]

220 5722 275 5774 ad
296 5722 594 5782 Zachariam
625 5729 942 5797 prophetam
968 5722 1188 5781 edemus
1227 5725 1372 5795 (\ide
1404 5723 1749 5796 l’atrologiw,

1866 5598 1996 5643 tom.
2024 5588 2232 5651 LXVI).
2278 5590 2489 5644 Vidcsis
2541 5590 2756 5645 interim
2804 5589 3099 5642 Eusebium
3140 5583 3441 5638 Cmsarien.

1863 5681 1977 5722 sem
2014 5666 2066 5720 in
2113 5668 2286 5735 Opere
2314 5662 2615 5731 theologica
2648 5658 3171 5721 contraMarcellum,
3208 5670 3244 5719 t,
3286 5654 3369 5709 l9.
