3864 6218
351 368 355 371 ,
398 315 500 377 3:21

1554 293 1819 356 ΡΗΟΤΙΙ
1859 286 2365 369 PATRIARCIL’E
2394 287 2505 345 (ΣΡ.

3580 283 3676 343 393

395 435 532 487 bant
599 423 801 482 initiati
868 423 1009 475 hanc
1075 416 1514 489 appellationem.
1595 411 1791 465 Nonne
1844 407 1990 460 enim

2105 421 2250 472 μενοι
2284 405 2376 456 καὶ
2411 403 2546 470 πρὸς
2581 399 2748 469 αὐτὴν
2768 397 2864 470 τὴν
2889 399 3081 468 κλῆσιν
3112 400 3393 467 ἐφέροντο.
3423 391 3548 467 Ἆρ’
3583 399 3675 448 οὐκ

369 527 581 594 "fugam
621 520 804 591 pmius
835 514 1092 585 baptismi
1144 514 1471 572 suasissent,
1515 507 1562 562 si
1599 507 1671 560 ita
1710 493 1987 573 baptizare

393 611 783 671 instituissent,
855 607 969 661 ritu
1024 603 1286 659 nimirum
1341 596 1719 670 pradicationi
1750 592 1984 663 propria:

395 703 762 762 adversante?
786 703 854 756 At
871 700 1042 762 enim,
1073 696 1350 766 inquiunt,
1377 690 1732 762 baptizabant
1750 687 1988 757 apostoli

394 814 495 870 pro
528 814 627 853 suo
657 796 833 859 libito,
867 809 978 848 non
1011 791 1088 846 uti
1126 790 1392 844 docuerat
1421 785 1685 838 Dominus
1720 799 1733 835 τ
1784 795 1989 850 prazva-

400 894 615 960 luitque
650 887 925 945 sententia
956 899 1174 946 eorum,
1208 882 1280 935 ita
1316 889 1375 934 ut
1398 887 1643 946 tempore
1677 883 1725 929 et
1755 888 1985 929 consue-

396 985 587 1038 tudine
608 983 802 1051 dogma
849 976 1088 1048 Magistri
1139 974 1540 1042 antiquaretur.
1583 967 1783 1023 Verttm
1812 964 1988 1019 enim-

396 1092 528 1132 vero
580 1076 704 1145 quis
741 1074 960 1126 demum
1016 1077 1168 1123 tanto
1217 1081 1412 1120 rursus
1460 1061 1832 1116 inﬂammatus
1872 1059 1988 1112 zelo

396 1170 502 1222 fuit
529 1177 786 1235 tantaque
815 1165 863 1218 vi
893 1162 1174 1233 praeditus,
1212 1168 1266 1212 ut
1307 1154 1620 1210 Servatoris
1651 1159 1986 1222 praeceptum

397 1259 658 1315 oblivioni
686 1258 798 1328 jam
848 1255 1110 1310 traditum
1145 1247 1518 1306 instauraret?
1555 1243 1864 1314 Mehereule
1893 1257 1988 1296 ne-

397 1354 599 1409 minem
655 1348 969 1420 hujusmodi
1033 1360 1211 1414 neque
1241 1358 1389 1397 nunc
1442 1339 1714 1410 appellare
1759 1343 1986 1406 (Ineunt,

397 1460 575 1514 neque
604 1457 841 1511 unquam
874 1437 1250 1508 appellabunt.
1282 1433 1416 1501 Quis
1434 1432 1580 1486 enim
1622 1429 1749 1484 huic
1780 1424 1986 1481 homini

399 1537 783 1596 auscultasset,
816 1538 1125 1603 postquam
1162 1527 1506 1583 Dominicum
1536 1522 1856 1578 mandatum
1875 1518 1987 1589 jam

397 1630 594 1683 fuisset
620 1624 924 1680 abolitum?
956 1623 1118 1691 idque
1150 1621 1286 1674 adeo
1319 1633 1427 1672 non
1460 1632 1490 1671 a
1518 1613 1861 1684 vulgaribus,
1893 1609 1986 1665 sed

399 1721 468 1774 ab
526 1718 594 1772 iis
655 1715 748 1786 qui
782 1713 1035 1769 credendi
1073 1712 1124 1764 in
1161 1709 1445 1764 Christum
1492 1703 1740 1775 magistri
1778 1699 1988 1757 cmteris

397 1823 790 1881 praeeonesque
821 1806 1054 1860 fuerant.
1083 1802 1242 1869 Quis,
1271 1801 1519 1869 inquam,
1553 1797 1693 1851 alius
1743 1795 1797 1848 in
1829 1807 1990 1849 suum

398 1903 648 1957 ordinem
691 1898 1023 1954 restituisset
1056 1901 1384 1964 praeceptum
1431 1887 1821 1945 Dominicum?
1855 1899 1993 1956 prae-

401 1995 590 2051 sertim
631 2008 755 2047 cum
808 1991 900 2044 ille
938 1988 1338 2056 discipulorum
1376 1983 1668 2052 cogitatus,
1714 1987 1774 2032 ut
1798 1977 1995 2032 adver-

400 2084 677 2139 sariorum
711 2078 894 2136 sermd
925 2079 1181 2143 allirmal,
1202 2076 1315 2147 jam
1352 2083 1467 2129 toto
1497 2075 1632 2126 orbe
1662 2077 1808 2126 esset
1833 2067 1994 2121 diffu-

402 2193 519 2241 sus,
560 2187 725 2245 atque
773 2173 914 2243 apud
975 2184 1166 2224 omnes
1200 2168 1448 2222 initiatos
1482 2165 1537 2218 in
1567 2179 1724 2218 more
1761 2160 1993 2230 positus.

403 2270 546 2324 Sane
572 2277 866 2336 antequam
904 2264 994 2318 illa
1042 2265 1188 2317 circa
1237 2259 1568 2328 baptismum
1637 2253 1851 2309 novitas
1879 2250 2000 2305 vul-

401 2372 524 2432 gata
574 2367 743 2422 esset,
788 2355 1131 2411 Dominicam
1174 2353 1344 2423 legem
1399 2349 1543 2404 haud
1589 2361 1731 2416 aegre
1778 2344 1998 2402 ﬁrmare

401 2454 689 2517 licuisset;
745 2464 936 2503 verum
983 2447 1075 2500 illa
1128 2445 1368 2499 novitate
1424 2441 1490 2494 ad
1539 2438 1691 2502 orbis
1725 2446 1996 2490 terrarum

401 2548 668 2603 terminos
694 2552 1012 2615 propagata,
1039 2541 1292 2610 quisnam
1328 2535 1597 2606 potuisset
1622 2531 1996 2586 dominantem

402 2641 515 2711 iam
541 2638 702 2718 ritum
732 2635 1033 2704 expellere:
1057 2633 1207 2684 illum
1233 2635 1437 2693 autem,
1473 2624 1566 2693 qui
1593 2621 1749 2677 initio
1779 2619 1997 2689 quidem

405 2732 643 2788 traditus
670 2728 869 2790 fuerat,
898 2726 993 2781 sed
1020 2722 1219 2778 deinde
1259 2719 1488 2775 omnino
1523 2727 1875 2785 suppressus,
1913 2726 2000 2765 re-

407 2821 637 2879 vocare?
667 2819 802 2874 Nam
829 2817 875 2872 si
916 2821 1137 2886 pr0pter
1165 2811 1476 2867 auditorum
1502 2820 1754 2861 morosos
1786 2803 2000 2856 animos

407 2915 693 2973 Dominico
720 2912 978 2967 mandato
1000 2925 1106 2963 non
1132 2917 1215 2962 est
1237 2907 1392 2960 locus
1411 2904 1688 2962 inventus,
1708 2912 1834 2953 cum
1857 2911 1998 2951 non-

406 3009 537 3063 dum
558 3005 662 3059 alia
695 3001 949 3058 initiandi
986 2998 1218 3054 formula
1251 2996 1472 3051 illorum
1495 3006 1656 3046 aures
1679 2988 2002 3057 occupavis-

408 3113 511 3167 set,
545 3115 648 3154 nec
679 3096 953 3151 mentibus
989 3093 1249 3160 inscripta
1271 3088 1466 3143 fuisset
1499 3095 1662 3156 atque
1697 3085 1998 3151 impressa;
2031 3109 2072 3167 α

407 3210 540 3249 num
557 3191 754 3246 deinde
776 3187 919 3258 apud
942 3187 1054 3256 jam
1080 3183 1325 3237 imbutos
1357 3177 1659 3249 apostolico
1704 3176 1811 3230 ritu
1841 3183 2004 3243 atque

409 3285 677 3347 initiatos,
711 3281 889 3333 aditus
918 3276 1084 3346 priori
1133 3273 1262 3326 ritui
1305 3270 1608 3342 sperandus
1639 3277 1777 3331 erat,
1818 3267 2009 3320 adver-

411 3384 569 3432 sante
594 3375 770 3426 altero
789 3377 954 3435 atque
977 3365 1298 3426 obsistente,
1320 3363 1412 3431 qui
1461 3361 1571 3430 jam
1609 3357 2007 3428 insuperabiles

414 3470 562 3523 vires
587 3459 937 3520 obtinuerat?
959 3458 1030 3514 Ut
1049 3458 1201 3512 vides
1237 3457 1402 3527 igitur
1419 3455 1852 3510 demonstratum
1874 3467 2008 3520 qua-

413 3572 720 3631 quaversus
741 3565 848 3618 est,
874 3553 967 3622 qui
987 3561 1325 3621 spectatores
1341 3546 1501 3601 Verbi
1522 3546 1753 3600 fuissent
1785 3545 2010 3612 verique

411 3647 744 3712 administri,
775 3654 829 3699 et
861 3659 1096 3714 qttormn
1128 3644 1250 3696 vita:
1279 3639 1608 3694 curriculum
1640 3652 1704 3692 eo
1735 3635 2006 3700 tendebat,

415 3753 475 3797 ut
509 3743 591 3796 vcl
639 3742 754 3810 ipsa
793 3753 924 3792 nece
974 3751 1130 3791 suam
1185 3750 1313 3804 erga
1345 3733 1630 3786 Dominum
1684 3728 2006 3785 charitatem

413 3845 769 3898 testarentur,
794 3831 932 3892 ﬁeri,
950 3830 1196 3898 inquam,
1213 3841 1318 3879 non
1347 3840 1508 3895 posse
1529 3825 1660 3894 quin
1685 3822 1740 3876 hi
1763 3819 2007 3891 ejusdem

412 3926 670 3982 mandata
721 3924 928 3990 integra
969 3929 1132 3988 atque
1180 3915 1438 3970 inviolata
1496 3929 1619 3969 esse
1676 3913 2005 3967 curaverint.

483 4019 571 4073 19.
613 4015 754 4083 Quid
783 4029 948 4084 porro
990 4011 1163 4074 dices,
1216 4011 1300 4062 vel
1345 4009 1467 4076 quis
1495 4019 1547 4061 te
1585 4009 1785 4061 horror
1832 4004 2008 4059 corri-

410 4113 532 4183 piet
567 4120 733 4179 atque
765 4112 968 4168 metus,
1022 4118 1146 4158 cum
1179 4101 1526 4156 decretorum
1581 4098 2008 4168 apostolicorum

411 4202 716 4259 districtam
768 4195 1095 4253 sententiam
1157 4192 1387 4248 audies?
1432 4205 1599 4260 quam
1651 4204 1762 4244 non
1791 4203 1931 4242 unus
1957 4196 2013 4242 et

411 4297 574 4357 alter,
602 4304 779 4359 neque
806 4287 960 4340 multi
994 4285 1298 4354 sigillatim,
1328 4283 1422 4337 sed
1453 4280 1746 4336 universus
1772 4279 2012 4348 discipu,

413 4389 592 4444 lorum
649 4395 826 4442 coalus
872 4382 1114 4451 scripsit,
1187 4378 1474 4432 Dominico
1535 4385 1809 4446 praecepto
1867 4373 2011 4427 haud

2094 494 2174 555 εἰς
2209 491 2526 561 ἀποτροπὴν
2577 489 2778 559 μᾶλλον
2833 489 3042 556 ἐπῆγον
3069 487 3162 541 τοῦ
3197 486 3598 558 βαπτίσματος,
3628 489 3672 540 εί

2093 583 2236 638 οὕτω
2276 581 2557 652 βαπτίζειν
2626 579 2946 648 ἐπεχείρουν
2991 578 3083 631 καὶ
3124 576 3264 648 πρὸς
3307 576 3674 644 τοὺναντίονῆ

2097 676 2396 746 ἐκήρυττον
2425 691 2439 739 ;
2486 671 2624 724 Ἀλλ’
2653 671 2948 735 ἐϐάπτιζον
2981 671 3056 732 ὡς
3087 669 3395 731 ἐϐούλοντο,
3439 667 3554 721 ἀλλ’
3583 669 3675 736 οὐχ

2092 767 2168 830 ὡς
2202 768 2230 818 ὁ
2254 765 2532 833 Δεσπότης
2565 763 2844 826 ὲδιῗάξατο
2869 778 2882 790 ·
2915 761 3009 814 καὶ
3033 761 3234 829 κράτος
3256 759 3451 811 ἐλαϐεν
3475 759 3508 828 ἡ
3540 757 3676 826 γνὼο

2095 875 2192 928 μη,
2225 857 2319 910 καὶ
2353 855 2464 908 ἔθει
2512 854 2605 908 καὶ
2651 854 2830 924 χρόνῳ
2858 853 2921 906 τὸ
2976 852 3070 905 τοῦ
3113 851 3454 905 Διδασκόιλου
3507 851 3675 918 δόγμα

2092 949 2575 1022 παραγράφεσθαι.
2603 949 2697 1010 Τίς
2731 943 2826 1000 οὖν
2869 947 3030 1000 πάλιν
3072 946 3104 1016 ἦ
3142 945 3307 997 πόθεν
3349 943 3556 1014 ἐπέστη
3587 944 3675 1014 ζῆ-

2091 1044 2181 1098 λον
2209 1045 2303 1097 καὶ
2330 1042 2544 1116 ῥώμην,
2569 1041 2628 1105 ὃς
2652 1039 2922 1108 τοσαύτην
2942 1038 3098 1108 ἔσχεν
3123 1037 3415 1092 ἀναλαϐεῖν
3438 1037 3504 1090 δι’
3535 1029 3675 1088 tiri-th

2094 1135 2463 1208 παράγγελμα
2481 1133 2573 1187 τοῦ
2593 1133 2848 1204 Σωτῆρος
2869 1131 3012 1203 λήθῃ
3030 1130 3318 1201 δεδομένον
3338 1129 3674 1193 ἀνεσώσατο;

2104 1231 2248 1284 Ἀλλ’
2274 1231 2452 1283 εἰπεῖν
2479 1228 2577 1281 οὐκ
2599 1226 2814 1297 ἔχουσιν
2836 1224 2949 1277 οὐδ’
2992 1223 3056 1278 ἂν
3079 1207 3299 1276 εἴπωσι.
3329 1223 3427 1285 Τίς
3459 1220 3567 1291 γὰρ
3598 1222 3676 1272 αύ-

2090 1323 2165 1394 τῷ
2183 1324 2275 1374 καὶ
2294 1321 2559 1392 προσέσχε
2578 1319 2676 1388 τῆς
2693 1316 3031 1386 Δεσποτικῆς
3052 1315 3149 1384 μὲν
3178 1314 3279 1384 ἥδη
3314 1311 3675 1384 παρεωραμέο

2090 1434 2186 1486 νης
2226 1415 2476 1484 ὲντολῆς;
2513 1413 2603 1464 καὶ
2633 1412 2754 1463 τότε
2785 1409 2885 1480 οὐχ
2912 1409 3016 1460 ὑπὸ
3035 1407 3141 1458 τῶν
3164 1406 3464 1477 τυχόντων,
3494 1403 3606 1456 ἀλλ’
3629 1403 3674 1456 οἶ

2089 1505 2196 1557 τῶν
2217 1504 2393 1559 ἄλλων
2421 1499 2561 1573 ἦσαν
2592 1500 2690 1571 τῆς
2707 1501 2787 1560 είς
2805 1497 3041 1568 Χριστὸν
3059 1495 3298 1556 πίστεως
3319 1493 3563 1562 κήρυκες
3582 1491 3668 1540 καὶ

2089 1597 2418 1651 διδάσκαλοι.
2450 1594 2546 1658 Τίς
2580 1590 2673 1648 οὖν
2701 1594 2891 1661 ἕτερος
2946 1592 3025 1653 είς
3051 1590 3151 1658 τὴν
3180 1585 3396 1640 οἰκείαν
3429 1582 3583 1647 τάξιν
3609 1583 3664 1634 τὸ

2092 1686 2420 1741 Δεσποτικὸν
2446 1687 2763 1754 ἐπανήγαγε
2789 1684 3156 1754 πρόσταγμα;
3189 1679 3287 1734 καὶ
3313 1677 3556 1748 μάλιστα
3579 1674 3670 1743 τῆς

2027 1759 2066 1811 Β
2093 1783 2202 1835 τῶν
2227 1781 2488 1852 μαθητῶν
2506 1779 2772 1844 ἐπινοίας,
2795 1778 2870 1840 ὡς
2889 1778 2916 1826 ὁ
2937 1772 3352 1844 διαφιλονεικῶν
3372 1770 3532 1836 λόγος
3558 1767 3672 1837 βού-

2095 1877 2272 1940 λεται,
2304 1877 2382 1937 είς
2404 1875 2504 1944 τὴν
2527 1871 2856 1941 οἰκουμένην
2873 1866 3282 1936 ἐξαπλωθείσης
3307 1864 3409 1935 ἤδη
3443 1863 3538 1915 καὶ
3563 1879 3676 1912 συν-

2097 1969 2259 2040 ήθους
2289 1967 2461 2019 ἅπασι
2508 1967 2618 2027 τοῖς
2658 1958 3213 2033 μυσταγωγονμένοις
3251 1952 3671 2022 καθισταμένης.

2098 2062 2205 2116 Καί
2237 2078 2320 2115 τοι
2346 2061 2420 2130 μή
2463 2075 2552 2111 πω
2581 2057 2680 2127 μὲν
2709 2050 3112 2120 πλατυνθείσης
3146 2049 3246 2119 τῆς
3275 2046 3407 2118 περὶ
3437 2045 3534 2096 τοῦ
3583 2041 3673 2112 βα-

2099 2156 2406 2226 πτίσματος
2433 2147 2807 2219 καινοτομίας,
2831 2147 2930 2199 οὐκ
2954 2141 3022 2214 ἦν
3046 2142 3281 2214 ἐργῶδες
3315 2139 3488 2201 οὕτως
3505 2137 3566 2190 τὸ
3587 2139 3672 2188 Δε-

2101 2247 2354 2300 σποτικὸν
2409 2241 2774 2315 κρατύνεσθαι
2844 2237 3217 2308 νομοθέτημα.
3255 2233 3477 2299 Ταύτης
3521 2229 3577 2282 δὲ
3616 2226 3679 2279 τὲ

2099 2342 2315 2411 πέρατα
2338 2339 2439 2408 τῆς
2473 2335 2798 2405 οἰκουμένης
2850 2327 3290 2396 καταλαϐούσης,
3343 2323 3428 2385 τίς
3488 2322 3556 2375 ἂν
3601 2322 3678 2389 εἴη

2099 2437 2126 2487 ὁ
2158 2432 2257 2503 τὴν
2307 2427 2687 2498 κατασχοῦσαν
2737 2427 2834 2495 μὲν
2888 2420 3282 2494 μυσταγωγίαν
3332 2414 3582 2468 ἐκϐαλεῖν
3605 2429 3679 2478 γε·

2101 2524 2400 2594 γενημένος
2446 2520 2671 2582 δυνατός
2697 2535 2712 2585 ;
2741 2517 2836 2588 τὴν
2873 2516 2920 2568 δ’
2950 2514 3009 2578 ἐξ
3049 2511 3226 2583 ἀρχῆς
3269 2509 3521 2562 δοθεῖσαν
3569 2505 3679 2575 μὲν,

2104 2615 2475 2685 σεσιγημένην
2526 2612 2583 2664 δὲ
2637 2607 2938 2672 παντελῶς,
2976 2600 3460 2665 ἀνακαλέσασθαι;
3487 2599 3552 2651 Εἰ
3582 2596 3681 2666 γὰρ

2102 2713 2201 2781 οὐχ
2232 2701 2358 2778 εὗρε
2383 2705 2565 2775 χώραν
2590 2702 2678 2755 διά
2710 2703 2770 2754 τὸ
2795 2697 3235 2769 δυσπαράδεκτον
3261 2694 3370 2747 τῶν
3402 2689 3682 2762 ἀκροατῶν

2103 2803 2137 2872 ἡ
2165 2801 2427 2870 σωτήριος
2463 2795 2671 2866 ἐντολὴ,
2717 2793 2882 2847 ὁπότε
2948 2789 3187 2862 μηδεμία
3237 2805 3322 2848 τις
3353 2785 3524 2854 ὲτέρα
3556 2782 3683 2853 μύη-

2107 2911 2191 2957 σις
2239 2887 2614 2963 προκατέλαϐε
2649 2886 2749 2948 τὰς
2793 2885 2962 2947 ἀκοὰς
3003 2881 3206 2943 αὐτῶν,
3247 2877 3384 2948 μηδὲ
3421 2877 3542 2936 ταῖς
3596 2875 3686 2942 φυ-

2106 2988 2227 3056 χαῖς
2259 2982 2530 3054 ἐνεγράφη
2549 2980 2644 3033 καὶ
2665 2976 3002 3045 ὲνετυπώθη,
3030 2973 3252 3026 ἐπειδὰν
3279 2967 3686 3038 κατεσχέθησαν

2107 3080 2201 3131 καὶ
2225 3073 2585 3144 ὲτελέσθησαν
2609 3075 2675 3142 τῇ
2718 3071 2825 3124 τῶν
2871 3067 3185 3122 ἀποστόλων
3229 3063 3449 3132 τελετῇ,
3483 3060 3599 3123 πῶς
3628 3060 3687 3113 ἂν

2113 3170 2262 3240 εὕροι
2290 3165 2664 3236 παρείσδυσιν,
2708 3159 3142 3228 ἀντιπιπτούσης
3191 3156 3330 3225 αὐτῇ
3367 3154 3469 3208 καὶ
3508 3155 3686 3205 ἀνταν-

2115 3262 2407 3331 ισταμένης
2429 3259 2528 3328 τῆς
2552 3257 2653 3328 ἤδη
2681 3256 2741 3308 τὸ
2772 3254 2971 3326 κράτος
2993 3254 3203 3323 ἄμαχον
3235 3251 3506 3322 ὲχούσηςς
3541 3250 3687 3318 Ὁρᾷς

2109 3353 2184 3417 ὡς
2216 3353 2475 3406 ἀδύνατον
2506 3347 2847 3418 πανταχόθεν
2864 3345 3234 3398 ἐπιδείκνυται
3253 3343 3388 3407 τοὺς
3423 3343 3686 3400 αὐτόπτας

2110 3445 2204 3499 τοῦ
2253 3444 2415 3512 λόγου
2466 3442 2564 3496 καὶ
2611 3440 2686 3503 ὡς
2720 3437 2936 3507 ἀληθῶς
2987 3436 3291 3506 ὑπηρέτας,
3320 3432 3397 3487 ὧν
3430 3437 3458 3487 ὁ
3489 3432 3598 3503 βίος
3627 3427 3685 3500 ἦν

2114 3539 2205 3592 καὶ
2236 3540 2264 3591 ὁ
2293 3537 2491 3608 δρόμος
2531 3533 2747 3600 θανάτῳ
2780 3529 2842 3583 τὸ
2865 3527 3195 3582 Δεσποτικὸν
3249 3525 3555 3596 βεϐαιῶσαι
3584 3523 3687 3593 φίλ-

2109 3649 2259 3701 τρον,
2287 3629 2382 3682 καὶ
2409 3627 2517 3680 τῶν
2557 3623 2726 3678 αὐτοῦ
2766 3622 3159 3690 θεσπισμάτων
3197 3619 3323 3691 (μὴ)
3359 3617 3684 3689 comp-ﬁsa:

2110 3726 2170 3778 τὸ
2196 3720 2548 3793 ἀπαράϐατόν
2577 3735 2637 3771 τε
2671 3715 2766 3770 καὶ
2791 3714 3215 3784 ἀπερίτρεπτον.

2184 4021 2270 4075 ιθν.
2308 4018 2373 4071 Τί
2403 4017 2448 4070 δ’
2472 4017 2536 4071 ἂν
2571 4016 2748 4076 εἴποις
2774 4032 2789 4078 ;
2814 4012 2897 4077 τίς
2918 4012 2963 4067 δ’
2991 4012 3054 4066 ἄν
3106 4028 3166 4064 σε
3214 4018 3290 4082 μη
3336 4012 3482 4083 λάϐῃ
3532 4012 3682 4082 φρίκη

2113 4114 2206 4164 καὶ
2231 4113 2351 4174 δέος
2380 4110 2600 4163 ἐπειδὰν
2629 4108 2740 4160 τῶν
2767 4104 3142 4162 ἀποστολικῶν
3175 4103 3404 4174 θεσμῶν
3431 4104 3529 4168 τὰς
3545 4107 3683 4159 ἀπει-

2113 4202 2382 4271 λουμένας
2437 4200 2653 4270 ψήφους
2695 4197 2969 4268 dmodum;
3001 4195 3066 4259 ἃς
3107 4197 3207 4266 οὐχ
3256 4192 3340 4259 εἷς
3389 4196 3548 4266 μόνον
3578 4195 3682 4248 οὐδὲ

2113 4294 2386 4365 δεύτερος,
2413 4292 2536 4346 οὐδὲ
2568 4291 2692 4345 καθ’
2718 4291 2815 4344 ἕνα
2868 4289 3108 4353 πλείους,
3149 4288 3377 4356 σύμπας
3411 4288 3459 4340 δ’
3485 4289 3514 4339 ὁ
3541 4287 3682 4356 χορὸς

2114 4386 2224 4438 τῶν
2259 4383 2515 4456 μαθητῶν
2555 4381 2653 4451 τὴν
2700 4381 3034 4450 Δεσποτικὴν
3083 4379 3304 4450 ἐντολὴν
3351 4379 3602 4449 βεϐαιῶν,
3629 4377 3682 4431 οὐ

413 4479 773 4550 antiquando,
829 4473 978 4546 quod
1010 4471 1174 4536 absit,
1219 4471 1312 4526 sed
1361 4468 1693 4525 stabiliendo
1738 4467 1999 4521 intentus.

2111 4478 2278 4542 λύων,
2311 4477 2514 4544 ἄπαγε,
2546 4474 2891 4543 ἀπεφήνατο.
2920 4473 3029 4525 Καὶ
3057 4470 3162 4524 ποῦ
3193 4471 3388 4525 λαϐεῖν
3425 4472 3568 4524 ἐστιν
3597 4473 3684 4524 αῦ-

412 4573 650 4630 Ubiuam
687 4582 869 4624 autem
912 4578 1022 4622 tam
1045 4567 1332 4621 horrendae
1361 4563 1524 4617 minae
1567 4561 1739 4616 sunt?
1767 4561 2008 4629 Aposto-

413 4664 597 4718 lorum
631 4662 841 4716 scilicet
866 4660 1149 4714 audiendaa
1175 4665 1304 4713 sunt
1335 4654 1542 4710 caelesti
1588 4651 1854 4721 suﬂ‘ragio
1889 4651 2012 4704 lata:

415 4754 583 4824 leges,
630 4767 754 4820 qua:
810 4741 1118 4803 clarissima
1168 4762 1302 4801 voce
1347 4746 1628 4800 clamant:
1694 4761 1712 4793 ι
1768 4740 1823 4795 Si
1885 4739 2009 4809 quis

416 4846 710 4914 episcopus
766 4850 860 4895 aut
914 4838 1194 4909 presbyter
1226 4837 1398 4907 (audi,
1435 4838 1641 4897 homo;
1696 4845 2008 4903 quanquam

415 4935 687 5004 singulari
743 4932 1048 4987 attentione
1096 4945 1208 4984 non
1261 4938 1346 4984 est
1371 4943 1530 4997 opus,
1575 4926 1837 4997 quoniam
1873 4922 2012 4978 nihil

420 5029 567 5084 aliud
604 5043 768 5097 quam
824 5025 1162 5081 Dominicatn
1213 5021 1562 5077 traditionem
1588 5019 1793 5075 sanciri
1833 5017 1903 5072 ab
1928 5015 2013 5071 his

420 5119 622 5190 patet);
703 5119 748 5173 si
802 5117 928 5188 quis
985 5125 1173 5170 contra
1237 5112 1448 5167 Domini
1511 5110 1853 5175 mandatum,
1903 5123 2010 5162 non

420 5210 773 5279 baptizaveril
809 5210 863 5262 in
896 5207 1058 5262 Patre
1085 5215 1139 5261 et
1174 5204 1315 5259 Filio
1337 5218 1391 5257 et.
1423 5201 1633 5270 Spiritu
1668 5210 1884 5267 sancto,
1917 5199 2012 5255 de-

418 5311 673 5370 ponatur.
711 5318 729 5350 I
790 5297 978 5368 Neque
1032 5297 1301 5351 hactenus
1332 5306 1553 5363 poenam
1585 5299 1834 5346 statuunt
1866 5309 1880 5344 :
1910 5293 2006 5346 sed

417 5393 462 5446 si
489 5394 654 5449 etiam
689 5392 913 5447 nomina
941 5388 1260 5446 nominibus
1292 5391 1634 5441 commutare
1663 5382 2004 5453 baptizantes

2114 4569 2223 4623 τῶν
2264 4568 2325 4621 τὸ
2379 4565 2607 4638 φρικτὸν
2661 4567 2760 4636 τῆς
2814 4567 2993 4636 ἀρᾶς;
3027 4565 3218 4618 Αὐτῶν
3265 4566 3447 4636 χρεὼν
3480 4565 3685 4619 ἀκούειν

2112 4661 2221 4714 τῶν
2253 4659 2492 4730 οὐρανίῳ
2522 4659 2688 4729 ψήφῳ
2725 4658 3127 4728 κεκυρωμένων
3165 4658 3363 4725 φωνῶν
3400 4657 3512 4728 (46)
3538 4674 3551 4689 ·
3582 4656 3685 4709 δια-

2113 4750 2344 4821 πρύσιον
2405 4741 2567 4804 αὗται
2618 4749 2842 4820 βοῶσινο
2870 4768 2889 4800 ‹
2921 4748 2990 4801 Et
3019 4766 3105 4812 τις
3159 4749 3460 4810 ἐπίσκοπος
3502 4749 3535 4818 ἢ
3573 4763 3684 4818 πρε-

2116 4843 2380 4914 σϐύτερος
2412 4841 2753 4913 (ἐπίστησον,
2797 4839 3076 4908 ἄνθρωπε,
3114 4839 3316 4910 μᾶλλον
3351 4840 3408 4893 δὲ
3433 4839 3552 4893 οὐδὲ
3583 4840 3687 4890 ἐπι-

2118 4936 2364 4998 στάσεως
2405 4932 2641 4989 ἐνταῦθα
2673 4931 2792 4986 δεῖ·
2819 4931 3141 5004 περιφανῶς
3188 4931 3298 5002 γὰρ
3327 4933 3361 5003 ἡ
3395 4931 3685 4999 Δεσποτική

2111 5024 2378 5096 κυροῦται
2403 5023 2751 5093 παράδοσις),
2778 5021 2931 5084 εῐτις
2955 5019 3052 5076 οὖν
3073 5022 3215 5076 κατὰ
3245 5026 3346 5093 τὴν
3373 5021 3468 5076 τοῦ
3495 5022 3683 5090 Κυρίου

2111 5117 2354 5183 διάταξιν
2389 5117 2462 5187 μὴ
2489 5115 2744 5184 βαπτίσοι
2778 5116 2859 5175 είς
2897 5116 3118 5185 Πατέρα
3139 5117 3235 5168 καὶ
3260 5116 3391 5169 Υἱὺν
3419 5117 3515 5169 καὶ
3539 5115 3682 5180 ἅγιον

2115 5208 2362 5278 Πνεῦμα,
2405 5207 2801 5278 καθαιρείσθω.
2835 5227 2853 5260 ι
2895 5209 3004 5264 Καὶ
3039 5210 3159 5262 οὐδὲ
3191 5211 3357 5282 μέχρι
3381 5209 3570 5262 τούτου
3598 5208 3684 5275 τὴν

2112 5300 2416 5371 καταδίκην
2468 5300 2726 5354 ἱστῶσιν·
2768 5300 2905 5355 ἀλλὰ
2954 5301 3050 5355 καὶ
3089 5303 3186 5354 ἐὰν
3209 5301 3494 5372 ὀνομάτων
3518 5316 3679 5369 παρα-

2110 5393 2295 5447 λαϐεῖν
2332 5395 2378 5446 οἱ
2404 5393 2757 5463 βαπτίζοντες
2784 5396 3206 5468 ἐπιχειρήσωσι,
3236 5394 3409 5466 μηδὲν
3445 5396 3577 5457 ὅλως
3602 5392 3681 5444 τὸν

1930 5505 2161 5563 NOTAE.

450 5627 603 5710 __(4§)
639 5629 781 5710 Tum
824 5624 1292 5710 -Canones‘vulgo
1319 5625 1664 5710 ‘apostolicos
1713 5639 1824 5681 ttttn
1853 5627 1999 5682 Con-

425 5696 710 5782 titutiones
750 5697 890 5780 .(etsi
950 5696 1215 5764 scriptum
1253 5704 1574 5782 'utrumque
1608 5708 1986 5766 pervetustum

427 5768 518 5835 sit)
547 5766 781 5824 mentiri
815 5781 1011 5822 nomen
1055 5766 1448 5834 apostolorum,
1508 5783 1670 5823 nemo
1694 5769 1805 5838 jam
1831 5770 1990 5823 dubi-

2106 5637 2206 5682 tat.
2251 5625 2434 5693 Quare
2464 5628 2647 5684 Photii
2699 5640 3082 5699 argumentum
3134 5629 3263 5685 hinc
3305 5629 3556 5699 petitum,
3584 5623 3675 5699 etsi

2105 5699 2313 5822 Bothum
2347 5716 2457 5755 non
2499 5709 2602 5767 est,
2631 5694 2791 5755 vircs'
2825 5711 3003 5756 tamen
3063 5694 3396 5771 apostolicas
3441 5716 3541 5755 non
3591 5694 3678 5746 ba-

2143 5785 2169 5821 c
2202 5808 2214 5821 .

2143 5785 2214 5821 Cl.
