3864 6218
164 336 253 396 329

1055 325 1157 384 AD
1199 323 1797 384 AMPH-ILOCHIUM
1834 321 2184 394 QUxESTIO
2221 323 2444 383 XLiII.

3297 328 3408 384 373:}

159 439 364 515 ἀριθμὸν
394 437 484 508 τῆς
515 434 744 506 Τριάδος
785 433 1238 504 ύποτεμνὸμενοι,
1287 435 1396 487 οὐδ’
1418 433 1593 498 οὕτως
1620 435 1704 487 εύ-

1830 434 1924 488 tusi
1959 433 2181 498 fuerint,
2231 433 2359 489 licet
2387 432 2678 488 Trinitatis
2730 450 3025 491 numerum
3086 439 3404 496 noninimi-

161 536 412 608 ρίσκουσιν
433 526 723 597 ἀποφυγὴν
747 525 842 578 τοῦ
884 526 959 596 μὴ
997 526 1119 596 οὐχὶ
1141 526 1240 596 τὴν
1267 527 1390 598 ῐσην
1421 525 1607 580 δοῦναι
1632 525 1708 580 δί-

161 645 250 696 κην
268 643 281 658 ·
303 625 446 678 οὐδὲν
467 621 573 693 γὰρ
598 615 761 692 ἦττον
809 619 918 672 οὐδ’
946 612 1093 674 οῦτοι
1124 619 1183 673 τὸ
1211 622 1540 674 Δεσποτικὸν
1571 638 1709 692 προ·

1811 525 2051 590 nuerint,
2083 526 2448 582 nihilominus
2485 527 2622 596 quin
2649 541 2836 596 parem
2887 543 3106 597 ptenam
3150 533 3404 601 subeant,

1811 619 1926 674 fieri
1957 634 2068 674 non
2095 628 2306 690 potest;
2332 635 2487 690 aeque
2537 621 2690 676 enim
2731 621 3018 678 Dominico
3051 625 3293 695 dogmati
3323 629 3406 684 in-

159 715 494 788 πηλακίζουσι
518 713 718 782 δόγμα.
751 712 877 766 Οὐδ’
900 712 968 766 ἂν
1001 713 1098 777 τὰς
1127 711 1226 783 μὲν
1253 713 1473 784 κλήσεις
1499 713 1708 782 φυλάτ-

1835 710 1938 766 urii
1963 720 2113 766 sunt.
2145 710 2211 764 Et
2238 711 2283 765 si
2321 710 2463 766 forte
2504 709 2904 781 appellationes
2948 715 3248 768 secundum
3296 725 3410 773 tra-

144 827 302 880 ﬁmaw
328 807 399 872 ὡς
426 807 752 878 παρέλαϐον,
784 807 847 862 τὸ
881 805 1067 876 σχῆμα
1091 805 1149 858 δὲ
1182 805 1281 876 τῆς
1324 807 1382 858 ἐν
1406 805 1485 875 τῷ
1515 805 1713 876 βαπτίο

160 919 305 972 σματι
331 898 673 962 καταδύσεως
719 898 795 970 μὴ
831 898 1228 962 συνδυάσωσιν,
1265 896 1402 952 ἀλλά
1451 897 1541 951 διὰ
1581 901 1712 969 μιᾶς

159 993 265 1047 ἀντὶ
284 991 386 1043 τῶν
413 988 579 1061 τριῶν
600 990 690 1042 τὸν
730 987 1131 1060 βαπτιζόμενον
1184 987 1538 1054 τελειώσωσι,
1576 990 1714 1058 μᾶλα

157 1086 236 1139 λον
260 1085 312 1138 δέ
353 1085 524 1136 εἰπεῖν
582 1082 914 1152 οἰκειότερον
961 1081 1374 1146 συντελέσωσιν,
1417 1082 1526 1136 οὐδ’
1562 1082 1628 1136 ἂν
1648 1082 1716 1137 τά

160 1179 247 1250 μὲν
277 1175 403 1232 ἄλλα
425 1176 523 1239 τῆς
544 1175 766 1245 ἐντολῆς
802 1173 1184 1239 ἐκτελέσωσιν,
1222 1177 1300 1238 είς
1346 1175 1404 1228 δὲ
1437 1175 1529 1228 τὸν
1553 1175 1717 1228 θάνα-

155 1287 236 1322 τον
261 1266 350 1320 τοῦ
377 1266 580 1337 Κυρίου
607 1265 980 1335 βαπτίσωσιν,
1011 1263 1072 1317 οὐ
1109 1265 1207 1335 μὲν
1253 1263 1347 1318 οὖν
1391 1265 1494 1334 τῆς
1539 1265 1718 1328 αἰτίας

156 1361 243 1413 οὐκ
269 1355 607 1411 ἀπολύονται.
643 1356 734 1426 Τῷ
780 1356 825 1408 δ’
877 1355 1029 1426 αύτῷ
1055 1356 1446 1426 περιπίπτουσι
1479 1357 1572 1410 καὶ
1597 1359 1716 1428 κρί-

157 1466 275 1520 ματι
327 1449 418 1502 καὶ
473 1448 785 1518 ἐγκλήματι
808 1465 823 1479 ο
854 1450 887 1519 ὴ
921 1449 1031 1521 γὰρ
1069 1452 1126 1502 ἐν
1156 1451 1270 1514 τοῖς
1303 1451 1511 1520 ὁμοίοις
1539 1452 1719 1522 παρά-

155 1545 296 1606 6ασις
324 1543 420 1613 τὴν
451 1541 648 1612 ὁμοίαν
689 1542 961 1614 τιμωρίαν
1015 1542 1429 1613 εἰσπράττεται.
1460 1543 1571 1596 Καὶ
1609 1545 1721 1615 γὰρ

151 1636 331 1706 ἐπίσης
385 1633 523 1704 πρὸς
577 1635 678 1702 τὴν
733 1633 994 1704 ἀθέτησιν
1035 1634 1392 1688 ἀποκλίνουσι
1423 1636 1525 1706 τῆς
1561 1637 1722 1690 σεϐα-

155 1731 299 1798 σμίου
348 1728 569 1797 ἐντολῆς
630 1728 727 1780 καὶ
765 1727 880 1780 ὅσοι
938 1726 1063 1780 καθ’
1111 1726 1300 1796 ἕτερόν
1348 1744 1472 1782 τινα
1517 1730 1721 1798 τρόπον

1812 801 2073 857 ditionem
2130 802 2423 866 retineant,
2482 802 2752 856 rationem
2800 812 2982 857 tamen
3027 801 3084 857 in
3133 804 3408 873 baptismo

1811 894 2112 964 legitimam
2171 908 2280 948 non
2332 893 2496 948 simul
2551 904 2840 963 usurpent,
2895 908 3086 948 verum
3120 895 3280 950 unica
3311 911 3410 966 pro

1815 988 1989 1043 tribus
2046 985 2399 1040 immersione
2451 985 2838 1054 baptizandum
2896 985 3137 1052 initient,
3192 1000 3288 1040 seu
3355 997 3414 1039 ut

1816 1077 1996 1146 aptius
2025 1077 2221 1146 loquar
2251 1075 2536 1146 perﬁciant
2567 1093 2582 1142 ;
2637 1076 2766 1130 item
2794 1075 2841 1130 si
2871 1076 3115 1145 reliquas
3156 1077 3416 1145 praecepti

1814 1176 1998 1236 partes
2028 1176 2240 1231 curent,
2300 1167 2354 1221 in‘
2399 1165 2607 1222 Christi
2640 1173 2823 1222 autem
2883 1178 3058 1222 morte
3111 1167 3412 1237 baptizent,

1817 1262 2050 1317 crimine
2110 1278 2216 1316 non
2271 1265 2584 1331 vacabunt;
2642 1264 2755 1318 imo
2819 1265 2965 1318 haud
3011 1265 3212 1318 minori
3255 1265 3414 1334 culpa

1818 1368 2072 1422 noxaque
2105 1363 2280 1409 semet
2312 1355 2580 1410 irretient.
2640 1354 2775 1409 Nam
2828 1371 2984 1425 aeque
3021 1356 3088 1410 ad
3122 1358 3416 1411 venerandi

1819 1449 2060 1502 mandati
2090 1449 2443 1504 violationem
2486 1450 2818 1504 incumbunt
2861 1459 2976 1504 tum
3016 1450 3108 1518 qui
3150 1451 3259 1503 alio
3309 1449 3417 1504 ritu

1820 1541 2066 1611 quolibet
2097 1550 2298 1612 praeter
2323 1543 2627 1611 legitimum
2669 1542 2984 1624 baptizant,
3023 1550 3137 1595 tum
3170 1541 3262 1609 qui
3294 1556 3420 1596 cum

1821 1637 2029 1694 Christi
2061 1651 2156 1695 aut
2188 1641 2383 1696 mortis
2412 1640 2660 1710 ejusdem
2697 1641 3418 1711 appellationebaptismum

1828 1732 2151 1787 coniiciunt.

153 1820 420 1888 βαπτίζειν
445 1819 760 1890 ἐτόλμησαν
784 1859 798 1885 ,
833 1817 930 1874 καὶ
967 1819 1112 1884 ὅσοις
1139 1819 1286 1884 ἔδοξε
1320 1822 1387 1892 τῇ
1429 1821 1719 1891 ἐπικλήσει
1759 1823 1852 1877 τοῦ
1910 1825 2172 1895 Χριστοῦ,
2207 1828 2239 1897 ἢ
2309 1827 2404 1879 τοῦ
2466 1827 2701 1880 θανάτου
2755 1827 2944 1891 αὐτοῦ,
3014 1825 3419 1894 ῐερουργεϊσθαι

150 1918 205 1970 τὸ
230 1917 529 1987 βάπτισμα.

216 2019 279 2066 κ’.
324 2010 596 2073 Ἀκούεις,
632 2003 677 2063 ὧ
707 2009 922 2076 Παῦλε;
966 2009 1109 2062 Ἀλλ’
1156 2012 1394 2082 ἀνάσχου
1445 2014 1540 2066 καὶ
1584 2013 1723 2084 μετὰ

1901 2011 1991 2065 20.
2036 2011 2257 2077 Audin’,
2297 2010 2506 2065 Paule?
2535 2009 2707 2079 igitur
2734 2016 2787 2065 te
2828 2023 3083 2078 compara
3115 2019 3236 2078 post
3269 2024 3427 2064 coro-

152 2103 445 2173 στεφάνους
461 2103 603 2174 πρὸς
637 2102 857 2170 ἀγῶνας
889 2102 1222 2156 ἀποδύεσθαι
1249 2119 1266 2136 ο
1297 2104 1464 2158 πάλιν
1500 2105 1723 2176 πορθεῖς

150 2199 238 2267 τὴν
280 2197 628 2266 Ἐκκλησίαν,
663 2194 825 2249 πάλιν
856 2196 1149 2261 ἐπιστολὰς
1170 2197 1320 2268 παρά
1342 2197 1452 2251 τῶν
1495 2198 1722 2251 Ἰουδαῖ-

150 2287 250 2341 κῶν
295 2286 601 2358 ἀρχιερέων
639 2286 960 2356 λαμϐάνεις,
1008 2288 1147 2358 μετά
1179 2287 1236 2340 δὲ
1273 2287 1364 2340 τὸν
1402 2287 1614 2342 Παῦλον
1643 2291 1725 2352 εἰς

149 2380 336 2434 Σαῦλον
359 2381 612 2450 ἐξέστης.
648 2381 761 2434 Καὶ
792 2381 911 2445 πῶς
949 2381 1122 2435 ταῦτα
1166 2381 1406 2449 διδάξας,
1440 2384 1605 2438 πάλιν
1635 2383 1724 2436 λέ-

146 2490 254 2541 γεις
281 2474 359 2536 είς
383 2474 476 2524 τὸν
503 2472 744 2525 θάνατον
777 2471 872 2524 τοῦ
921 2471 1162 2544 Χριστοῦ
1209 2475 1421 2538 πάντας
1469 2475 1727 2544 βαπτίζε-

148 2564 293 2630 σθαι;
329 2564 433 2617 Καὶ
460 2562 564 2617 νῦν
595 2564 694 2634 μὲν
727 2564 867 2634 μετά
893 2563 1001 2617 τῶν
1033 2566 1446 2620 συναποστόλων
1481 2569 1575 2620 καὶ
1604 2584 1728 2621 ουν-

143 2657 452 2725 αγωνιστῶν
483 2657 686 2720 ποινάς
719 2657 849 2719 τοὺς
878 2657 1002 2709 καθ’
1027 2655 1085 2709 ἐν
1114 2673 1168 2710 τι
1195 2657 1403 2710 τούτων
1437 2656 1725 2727 βαπτίζειν

141 2749 444 2820 τολμῶντας
491 2749 776 2812 ἀπαιτεῖς,
811 2748 905 2800 νῦν
938 2747 995 2801 δὲ
1025 2747 1148 2802 καθ’
1175 2749 1368 2803 ἐαυτὸν
1409 2749 1724 2819 γενόμειος,

138 2843 196 2896 οὐ
226 2844 383 2912 μόνον
417 2842 609 2910 λέγεις
638 2841 746 2894 οὐδ’
779 2842 836 2893 ἐν
860 2841 1055 2910 γωνίᾳ,
1101 2840 1240 2894 ἀλλὰ
1268 2842 1364 2895 καὶ
1397 2842 1724 2913 κηρύττειςο

141 2935 230 2987 καὶ
293 2934 416 3005 οὐχὶ
474 2933 776 3004 κηρύττεις
835 2933 978 3004 μὲν,
1023 2933 1086 2987 οὐ
1148 2934 1386 3006 γράφεις
1429 2936 1487 2988 δὲ
1517 2975 1531 3000 ,
1591 2935 1728 2990 ἀλλὰ

139 3029 228 3082 καὶ
247 3028 540 3100 γράμματι
568 3029 631 3081 τὸ
659 3029 922 3098 κήρυγμα
955 3027 1253 3098 Ῥωμαίοις
1305 3029 1547 3098 μάλιστα
1589 3029 1728 3100 γρά-

141 3135 270 3185 φων,
293 3121 373 3182 εἰς
407 3120 630 3190 ἄμαχον
661 3118 912 3188 ἐπαίρεις
937 3118 1092 3189 ἰσχὺν
1139 3120 1219 3180 είς
1243 3117 1336 3170 τὸν
1373 3119 1603 3173 θάνατον
1632 3118 1725 3172 τοῦ

138 3208 368 3280 Χριστοῦ
383 3212 514 3274 τοὺς
539 3209 974 3280 βαπτιζομένους
999 3209 1380 3279 βαπτίζεσθαι.
1409 3209 1550 3262 Ἀλλ’
1576 3209 1604 3261 ὁ
1629 3210 1726 3281 μὲν

138 3302 230 3371 τῆς
255 3302 519 3373 ἀληθείας
570 3301 750 3372 κῆρυξ
783 3301 892 3354 τῶν
923 3302 1255 3367 εἰσαγόντων
1283 3301 1378 3355 τοῦ
1417 3301 1729 3372 βαπτίσμαὁ

135 3408 220 3456 τος
243 3395 340 3464 τὴν
365 3394 752 3464 καινοτομίαν,
789 3394 1046 3446 κάκεῖνον
1095 3393 1260 3446 αὑτὸν
1290 3393 1725 3464 ἐπιψηφίζεσθαι
1753 3369 1797 3428 C

137 3486 196 3554 τῇ
221 3485 345 3556 δόξῃ
376 3487 860 3559 κατηγορούντων,
884 3482 984 3542 ὦδε
1020 3489 1088 3542 ἂν
1109 3489 1304 3552 αὐτοὺς
1328 3490 1724 3562 ἐπιστομίσειε.

204 3587 306 3634 κα’.
335 3583 473 3649 Ναί,
510 3583 713 3653 φησιν,
742 3581 988 3652 ὁμολογῶ
1022 3581 1119 3652 μέν
1140 3583 1267 3646 τοὺς
1303 3581 1726 3652 βαπτισθέντας,

136 3675 212 3737 είς
237 3674 329 3728 τὸν
363 3677 608 3730 θάνατον
636 3674 730 3728 τοῦ
759 3674 1000 3746 Χριστοῦ
1043 3674 1436 3744 βαπτίσασθαι,
1467 3676 1566 3746 οὐχ
1599 3679 1730 3747 ὁμο-

136 3765 272 3836 λογῶ
304 3768 362 3822 δὲ
395 3770 459 3822 τὸ
498 3769 788 3840 βάπτισμα
811 3771 876 3840 τῇ
899 3767 994 3821 τοῦ
1021 3767 1254 3822 θανάτου
1287 3769 1452 3822 αὑτοῦ
1493 3771 1730 3842 ἐπικλή-

136 3875 216 3911 σει
245 3861 669 3931 ίερουργεῖσθαι
697 3875 710 3888 ⁸
743 3859 818 3931 μὴ
863 3860 1074 3928 γένοιτο
1108 3877 1121 3890 ·
1156 3860 1294 3914 ἀλλὰ
1322 3861 1597 3916 τελεῖσθαι
1627 3864 1731 3935 μὲν

134 3951 289 4008 τοῦτο
335 3955 398 4007 τὸ
446 3953 631 4026 δῶρον
675 3952 777 4022 τῆς
817 3951 1097 4021 ἀφέσεως.
1131 3950 1208 4015 ὡς
1256 3953 1418 4017 αὐτὸς
1464 3956 1491 4006 ὁ
1538 3956 1731 4028 Σωτὴρ

136 4047 524 4117 παραδέδωκεν
557 4049 639 4110 είς
668 4047 728 4099 τὸ
759 4044 933 4116 ὄνομα
971 4044 1066 4098 τοῦ
1109 4046 1322 4118 Πατρὸς
1355 4048 1450 4100 καλ⁹
1474 4049 1567 4101 τοῦ
1598 4050 1730 4104 Υῐοῦ

135 4137 345 4191 καὶτοῦ
383 4139 553 4207 ἁγίου
598 4138 952 4208 Πνεύματος’
991 4137 1262 4209 σύμϐολον
1299 4138 1345 4192 δ’
1377 4134 1518 4194 εἷναι
1573 4143 1732 4196 τοῦτο

128 4229 223 4282 τοῦ
245 4231 491 4284 θανάτου
522 4229 714 4293 αὑτοῦ,
746 4229 832 4282 διά
861 4229 960 4299 τῆς
1011 4229 1238 4300 τριττῆς
1284 4232 1634 4296 καταδύσεώς
1674 4251 1733 4288 τε

132 4322 222 4373 καὶ
260 4321 588 4384 ἀναδύσεως
613 4320 713 4390 τὴν
740 4323 1041 4393 τριήμερον
1071 4321 1237 4376 αὑτοῦ
1268 4324 1448 4395 ταφὴν
1477 4327 1574 4379 καὶ
1600 4326 1732 4380 ἀνά-

131 4431 319 4468 στασιν
356 4414 638 4477 εἰκονίζον
673 4432 732 4467 τε
779 4415 873 4468 καὶ
896 4414 1353 4485 διατυπούμενον.
1384 4417 1476 4470 Διὸ
1503 4417 1600 4470 καὶ
1633 4419 1732 4488 οὐχ

129 4507 314 4570 ἁπλῶς
345 4503 537 4573 εἷπον,
583 4525 602 4558 c
638 4507 730 4570 Είς
771 4506 863 4559 τὸν
905 4505 1133 4559 θάνατον
1170 4506 1336 4561 αὐτοῦ
1395 4507 1732 4579 ἐϐαπτίσθη-

132 4617 250 4670 μεν,
284 4619 303 4652 )
341 4599 490 4653 ἀλλὰ
535 4596 814 4670 προτάξας
839 4598 922 4663 τὸ,
961 4616 979 4648 ι
1022 4599 1180 4652 Ὅσοι
1216 4601 1297 4662 είς
1341 4599 1579 4669 Χριστὸν
1605 4600 1734 4654 ἐϐα-

1825 2120 1925 2159 nas
1982 2105 2048 2159 ad
2110 2104 2426 2167 subeundos
2488 2105 2764 2174 {agonesz
2856 2118 3053 2156 rursus
3116 2101 3422 2157 Ecclesium

1825 2207 2040 2262 vastas,
2101 2211 2297 2252 rursus
2354 2196 2616 2266 epistolas
2669 2211 2700 2250 a
2745 2194 2992 2250 Judaicis
3063 2195 3425 2264 pontificibus

1824 2289 1999 2346 refers
2035 2308 2048 2344 :
2106 2307 2230 2345 cum
2259 2290 2372 2360 jam
2399 2287 2605 2344 Paulus
2635 2288 2827 2348 fueris,
2864 2290 3062 2342 iterum
3110 2288 3163 2339 in
3195 2286 3424 2341 Saulunt

1828 2383 2044 2438 recidis.
2089 2382 2224 2438 Nam
2253 2399 2350 2438 cur
2379 2381 2472 2452 qui
2515 2381 2642 2436 talia
2694 2381 2971 2445 docueris,
3035 2397 3179 2436 nunc
3231 2395 3427 2435 omnes

1821 2477 1984 2547 jubes
2037 2477 2090 2531 in
2144 2477 2344 2532 Christi
2398 2485 2573 2531 morte
2631 2475 2947 2544 baptizari?
3009 2473 3074 2527 Ει
3104 2474 3267 2528 modo
3298 2489 3426 2528 cum

1827 2570 2091 2638 apostolis
2132 2569 2491 2638 laborumque
2519 2568 2690 2622 sociis
2735 2583 2928 2636 punias
2959 2567 3027 2621 ab
3061 2567 3128 2622 iis
3159 2567 3424 2636 reposcis,

1825 2661 1919 2730 qui
1955 2677 2082 2717 cum
2117 2661 2361 2730 qualibet
2389 2675 2454 2713 ex
2488 2658 2572 2712 his
2609 2657 2801 2712 formis
2845 2659 3128 2727 baptizare
3159 2658 3427 2714 ausifue-

1827 2755 1977 2818 rint;
2032 2753 2198 2806 modo
2251 2751 2369 2821 ipse
2429 2751 2712 2821 sigillatim
2748 2766 2857 2803 non
2895 2750 3075 2803 solum
3133 2751 3186 2804 in
3221 2752 3426 2820 angulo

1827 2844 1990 2910 dicis,
2024 2844 2120 2898 sed
2145 2855 2200 2898 et
2228 2843 2534 2912 praedicas:
2577 2857 2677 2896 nec
2729 2840 2907 2895 solum
2958 2840 3245 2909 praedicas,
3285 2842 3424 2895 scri-

1829 2938 2005 2991 bendo
2052 2946 2230 2990 tamen
2261 2935 2567 2998 abstinens,
2631 2933 2723 2987 sed
2776 2932 2976 2986 litteris
3012 2941 3067 2986 et
3105 2933 3324 3002 quidem
3357 2933 3426 2986 ad

1832 3029 2108 3083 Romanos
2156 3028 2378 3098 scriptis
2429 3025 2763 3096 praeconium
2818 3025 3236 3088 commendans,
3269 3040 3425 3078 sum-

1831 3137 1976 3176 mam
2032 3121 2231 3176 tribuis
2301 3120 2685 3174 auctoritatem
2755 3118 3027 3187 baptismo
3086 3120 3140 3172 in
3220 3118 3426 3172 Christi

1830 3225 2010 3271 morte
2058 3216 2280 3269 collato.
2337 3213 2446 3269 Sed
2505 3214 2654 3268 enim
2691 3213 2940 3268 veritatis
2989 3229 3167 3283 praeco
3206 3228 3304 3267 eos
3332 3214 3429 3283 qui

1832 3308 2090 3378 baptismi
2119 3308 2416 3361 novitatem
2449 3306 2734 3370 invehunt,
2780 3320 2950 3375 seque
3001 3305 3177 3373 ipsum
3212 3314 3429 3358 senten-

1833 3402 1918 3456 tia:
1952 3415 2140 3457 eorum
2173 3399 2459 3471 astipulari
2485 3399 2913 3464 calumniantur,
2969 3399 3045 3453 sic
3081 3398 3192 3452 fere
3227 3397 3430 3452 refuta-

1831 3493 1928 3547 bit.

1899 3585 1992 3640 2l.
2033 3584 2296 3656 Equidem
2373 3599 2473 3654 ego
2536 3583 2624 3637 aio
2654 3583 2956 3652 baptizatos
2984 3581 3318 3656 baptismum
3375 3582 3428 3635 in

1832 3679 2036 3734 Christi
2072 3689 2244 3734 morte
2274 3677 2584 3743 recepisse;
2619 3690 2726 3729 non
2764 3683 2942 3728 tamen
2977 3675 3064 3727 aio
3095 3674 3428 3743 baptismum

1833 3771 1888 3825 in
1923 3771 2170 3840 ejusdem
2201 3769 2393 3822 mortis
2424 3768 2775 3822 invocatione
2811 3765 3054 3821 conferri
3085 3783 3097 3830 ;
3135 3767 3283 3833 quod
3333 3765 3431 3819 ab-

1834 3864 1946 3930 sit;
2000 3863 2092 3919 sed
2155 3863 2278 3918 dico
2321 3860 2666 3915 remissionis
2716 3859 2820 3913 hoc
2857 3859 3064 3912 donum
3101 3858 3239 3924 fieri,
3269 3866 3430 3926 prout

1835 3958 1952 4028 ipse
2012 3955 2268 4010 Servator
2313 3954 2560 4016 tradidit,
2623 3954 2677 4006 in
2737 3951 2960 4007 nomine
3005 3950 3185 4005 Patris
3227 3961 3282 4005 et
3305 3949 3428 4004 Filii

1834 4061 1888 4105 et
1929 4049 2166 4116 Spiritus
2221 4049 2396 4102 sancti
2432 4064 2445 4101 :
2491 4046 2544 4100 id
2603 4061 2731 4100 vero
2763 4061 2884 4101 esse
2932 4044 3244 4116 symbolum
3279 4059 3429 4097 mor-

1837 4143 1909 4196 tis
1963 4140 2103 4208 ejus,
2150 4138 2278 4208 quia
2339 4136 2514 4190 tribus
2575 4133 3025 4188 immersionibus
3091 4133 3430 4206 totidemque

1835 4230 2242 4287 emersionibus
2271 4227 2590 4283 triduauam
2647 4227 2823 4295 ipsius
2856 4226 3192 4294 sepulturam
3243 4240 3428 4280 resur-

1836 4324 2243 4391 rectionemque
2265 4319 2535 4376 deformat
2556 4329 2720 4388 atque
2741 4318 3020 4387 exprimit.
3057 4318 3427 4372 ldcircohaud
3459 4361 3462 4364 .

1837 4415 2161 4484 simpliciter
2181 4411 2295 4466 dixi
2323 4430 2336 4466 :
2363 4431 2380 4463 ι
2403 4411 2460 4464 in
2486 4419 2660 4464 morte
2683 4410 2801 4479 ejus
2825 4410 3082 4477 baptizati
3103 4425 3296 4464 sumus
3315 4409 3380 4472 ⁸⁸,
3405 4430 3422 4460 ι

1837 4507 1930 4563 sed
1950 4521 2073 4562 cum
2098 4514 2260 4560 antea
2276 4503 2537 4559 dixissem
2562 4520 2574 4557 :
2601 4522 2617 4554 ι
2639 4501 2916 4571 Quotquot
2941 4502 2993 4554 in
3016 4499 3236 4554 Christo
3255 4501 3430 4569 bapti-

1839 4598 1945 4651 zati
1968 4611 2183 4660 sumus,
2207 4613 2225 4645 ›
2252 4594 2448 4649 deinde
2467 4591 2673 4659 addidi,
2707 4611 2724 4642 ι
2757 4591 2812 4645 In
2835 4604 3008 4650 morte
3030 4592 3148 4662 ejus
3168 4592 3429 4661 baptizati

133 4693 475 4764 πτίσθημεν,
519 4713 540 4745 ι
569 4692 742 4755 οὕτως
789 4693 1072 4762 ἐπήγαγον
1106 4692 1166 4745 τὸ
1202 4711 1220 4744 ι
1255 4694 1351 4756 Εἰς
1381 4693 1472 4746 τὸν
1500 4694 1723 4749 θάνατοι

1841 4693 2045 4747 fuimus
2073 4692 2116 4722 δι
2153 4707 2167 4743 :
2207 4709 2226 4742 ι
2261 4689 2470 4743 scilicet
2494 4688 2596 4741 hac
2620 4687 2871 4757 proxima
2895 4685 3266 4742 diﬂ‘erentium
3299 4703 3429 4742 scn-

127 4785 290 4840 αὑτοῦ
322 4785 808 4854 ἐδαπτίστθημεψ
836 4804 853 4836 ι
882 4787 948 4855 τῇ
971 4786 1111 4838 κατά
1133 4785 1414 4856 συνέχειαν
1434 4787 1732 4858 παραθέσει

125 4876 233 4931 τῶν
257 4877 554 4949 διαφόρων
578 4875 795 4929 ἐννοιῶν
825 4893 883 4929 τε
924 4875 1019 4930 καὶ
1051 4875 1353 4948 ὀνομάτων,
1385 4880 1528 4933 κατά
1565 4883 1731 4950 μηδε-

128 4963 258 5032 μίαν
290 4964 396 5035 μὲν
443 4964 861 5034 ίερουργεῖσθαι
905 4965 967 5016 τὸ
1019 4963 1305 5036 βάπτισμα
1353 4967 1730 5040 διδαξάμενος,

124 5050 155 5119 ἢ
191 5052 304 5123 γὰρ
338 5052 411 5106 ἂν
443 5051 714 5104 τάναντία
739 5053 834 5105 καὶ
870 5043 1107 5122 μάλιστα
1147 5055 1263 5124 ἅμα
1313 5057 1526 5127 φρονῶν
1552 5075 1611 5110 τε
1640 5061 1734 5112 καὶ

124 5141 298 5213 λέγων
341 5142 622 5207 ἑαλωκὼς
665 5143 803 5214 εἴην.
887 5144 1052 5199 Ἀλλά
1090 5145 1180 5220 διὰ
1236 5146 1336 5216 μὲν
1385 5147 1482 5202 τοῦ
1535 5152 1732 5216 εἰπεῖν,

127 5254 146 5286 ι
190 5237 285 5300 Εἰς
315 5236 577 5307 Χριστὸν
615 5235 1050 5308 ἐϐαπτίσθημεν,
1083 5256 1101 5290 ι
1136 5239 1218 5292 ὅτι
1259 5239 1400 5294 κατὰ
1441 5240 1540 5312 τὴν
1573 5242 1736 5296 αὑτοῦ

125 5330 538 5400 μυσταγωγίαν
573 5329 936 5402 βαπτισθῆναι
979 5333 1375 5405 παρεδήλωσα’
1409 5335 1494 5388 διὰ
1536 5336 1592 5388 δὲ
1640 5337 1735 5389 τοῦ

193 5534 240 5566 ⁵⁸
275 5532 443 5589 Rom.
490 5551 575 5596 vr,
605 5536 656 5588 5.
731 5535 770 5565 ³¹
813 5533 943 5588 ibid.
1021 5537 1063 5567 ⁸⁸
1102 5533 1263 5588 llebr.
1301 5551 1371 5599 ιν,
1417 5536 1499 5590 lii.

1843 4785 2139 4839 tentiarum
2190 4797 2254 4838 ac
2307 4784 2591 4837 nominum
2649 4779 2956 4850 adjectione
3007 4780 3143 4835 satis
3201 4780 3426 4844 docens,

1844 4879 2146 4935 secundum
2181 4877 2383 4931 nullam
2411 4893 2474 4930 ex
2506 4875 2590 4930 bis
2623 4874 2814 4929 formis
2845 4874 3176 4944 baptismum
3205 4875 3423 4928 confici.

1843 4972 2098 5042 Alioquin
2132 4971 2406 5025 contraria
2444 4969 2680 5022 maxime
2714 4977 2767 5023 et
2803 4969 3004 5024 sentire
3035 4978 3087 5021 et
3119 4969 3302 5022 dicere
3331 4984 3426 5023 co-

1847 5079 2122 5133 arguerer.
2153 5059 2259 5116 Sed
2297 5076 2480 5116 revera
2514 5076 2637 5114 cum
2668 5061 2777 5113 dixi
2805 5077 2817 5112 :
2858 5079 2875 5111 ι
2912 5060 2968 5114 In
2997 5060 3215 5115 Christo
3251 5059 3425 5129 bapti-

1847 5156 1952 5208 zati
1989 5169 2202 5219 sumus,
2239 5171 2256 5205 ι
2291 5153 2595 5208 secundum
2623 5151 2742 5221 ejus
2772 5151 3023 5206 initiandi
3054 5151 3216 5207 ritum
3252 5152 3427 5220 bapti-

1849 5255 2001 5302 zatos
2033 5259 2133 5300 nos
2169 5244 2483 5310 declaravi;
2517 5259 2641 5299 cum
2676 5253 2857 5299 autem
2885 5244 2996 5299 dixi
3026 5262 3038 5297 :
3083 5264 3100 5297 ι
3142 5245 3197 5298 in
3250 5252 3426 5297 mmte

1848 5340 1968 5408 ejus
2039 5337 2293 5408 baptizati
2367 5338 2590 5403 luimus,
2635 5357 2653 5390 ι
2706 5335 2841 5392 nihil
2899 5337 3041 5392 aliud
3098 5333 3448 5406 significavih

1670 5655 1903 5711 NOTAE.

194 5774 311 5842 (εἴ)
354 5770 582 5826 Caium.
625 5780 794 5839 «post.
827 5771 912 5836 i8,
953 5773 1040 5827 49.
1075 5770 1204 5826 item
1232 5774 1412 5829 Const.
1446 5785 1616 5841 «post.
1652 5773 1750 5828 lib.
1793 5791 1885 5844 \‘ll,
1919 5775 2030 5828 ‘25.,
