  <div class='ocr_page' id='page_1' title='image "/cluster/home/n/w/nwhite01/storage/ocr_20150623/101 pt.1/mdp.39015061955830/187.png"; bbox 0 0 3830 6210; ppageno 0'>
   <div class='ocr_carea' id='block_1_1' title="bbox 412 345 511 410">
    <p class='ocr_par' dir='ltr' id='par_1_1' title="bbox 412 345 511 410">
     <span class='ocr_line' id='line_1_1' title="bbox 412 345 511 410; baseline -0.02 0"><span class='ocrx_word' id='word_1_1' title='bbox 412 345 511 410; x_wconf 74' lang='lat'><strong>331</strong></span> 
     </span>
    </p>
   </div>
   <div class='ocr_carea' id='block_1_2' title="bbox 1567 341 2507 401">
    <p class='ocr_par' dir='ltr' id='par_1_2' title="bbox 1567 341 2507 401">
     <span class='ocr_line' id='line_1_2' title="bbox 1567 341 2507 401; baseline -0.001 0"><span class='ocrx_word' id='word_1_2' title='bbox 1567 341 1827 401; x_wconf 73' lang='lat' dir='ltr'><strong>PI-IO&#39;l&#39;Il</strong></span> <span class='ocrx_word' id='word_1_3' title='bbox 1866 341 2060 400; x_wconf 79' lang='lat' dir='ltr'><strong>PATR</strong></span> <span class='ocrx_word' id='word_1_4' title='bbox 2075 341 2373 401; x_wconf 64' lang='grc' dir='ltr'><strong>ΙΛΒΟΗίΕ</strong></span> <span class='ocrx_word' id='word_1_5' title='bbox 2399 341 2507 400; x_wconf 89' lang='lat' dir='ltr'><strong>CP.</strong></span> 
     </span>
    </p>
   </div>
   <div class='ocr_carea' id='block_1_3' title="bbox 3544 300 3639 403">
    <p class='ocr_par' dir='ltr' id='par_1_3' title="bbox 3544 300 3639 403">
     <span class='ocr_line' id='line_1_3' title="bbox 3544 300 3639 403; baseline 0.021 -3"><span class='ocrx_word' id='word_1_6' title='bbox 3544 300 3639 403; x_wconf 57' lang='lat'><strong>332&#39;</strong></span> 
     </span>
    </p>
   </div>
   <div class='ocr_carea' id='block_1_4' title="bbox 411 448 2008 531">
    <p class='ocr_par' dir='ltr' id='par_1_4' title="bbox 411 453 1976 531">
     <span class='ocr_line' id='line_1_4' title="bbox 411 453 1976 531; baseline -0.006 -16"><span class='ocrx_word' id='word_1_7' title='bbox 411 463 514 516; x_wconf 84' lang='lat' dir='ltr'><strong>nisi</strong></span> <span class='ocrx_word' id='word_1_8' title='bbox 553 459 699 531; x_wconf 83' lang='lat' dir='ltr'><strong>quod</strong></span> <span class='ocrx_word' id='word_1_9' title='bbox 735 457 1035 528; x_wconf 87' lang='lat' dir='ltr'><strong>baptismus</strong></span> <span class='ocrx_word' id='word_1_10' title='bbox 1094 471 1122 510; x_wconf 90' lang='lat' dir='ltr'><strong>a</strong></span> <span class='ocrx_word' id='word_1_11' title='bbox 1158 453 1448 510; x_wconf 88' lang='lat' dir='ltr'><strong>Servatore</strong></span> <span class='ocrx_word' id='word_1_12' title='bbox 1481 454 1767 508; x_wconf 85' lang='lat' dir='ltr'><strong>institutus</strong></span> <span class='ocrx_word' id='word_1_13' title='bbox 1793 464 1976 524; x_wconf 89' lang='lat' dir='ltr'><strong>typum</strong></span> 
     </span>
    </p>
   </div>
   <div class='ocr_carea' id='block_1_5' title="bbox 2114 448 3638 531">
    <p class='ocr_par' dir='ltr' id='par_1_5' title="bbox 2118 448 3638 522">
     <span class='ocr_line' id='line_1_5' title="bbox 2118 448 3638 522; baseline -0.003 -16"><span class='ocrx_word' id='word_1_14' title='bbox 2118 456 2277 511; x_wconf 81' lang='grc' dir='ltr'>ἰπεῖν,</span> <span class='ocrx_word' id='word_1_15' title='bbox 2319 475 2334 504; x_wconf 86' lang='grc' dir='ltr'><strong>ι</strong></span> <span class='ocrx_word' id='word_1_16' title='bbox 2375 453 2466 515; x_wconf 83' lang='grc' dir='ltr'><strong>Εἰς</strong></span> <span class='ocrx_word' id='word_1_17' title='bbox 2498 453 2586 505; x_wconf 73' lang='grc' dir='ltr'>τὸν</span> <span class='ocrx_word' id='word_1_18' title='bbox 2616 452 2843 506; x_wconf 86' lang='grc' dir='ltr'>θάνατον</span> <span class='ocrx_word' id='word_1_19' title='bbox 2880 449 3044 504; x_wconf 79' lang='grc' dir='ltr'>αὐτοῦ</span> <span class='ocrx_word' id='word_1_20' title='bbox 3065 448 3489 522; x_wconf 80' lang='grc' dir='ltr'>ἐϐαπτίσθημεν,</span> <span class='ocrx_word' id='word_1_21' title='bbox 3528 457 3638 507; x_wconf 74' lang='grc' dir='ltr'>»ὅτι</span> 
     </span>
    </p>
   </div>
   <div class='ocr_carea' id='block_1_6' title="bbox 407 547 1982 625">
    <p class='ocr_par' dir='ltr' id='par_1_6' title="bbox 407 547 1982 625">
     <span class='ocr_line' id='line_1_6' title="bbox 407 547 1982 625; baseline -0.008 -16"><span class='ocrx_word' id='word_1_22' title='bbox 407 571 520 625; x_wconf 70' lang='lat' dir='ltr'><strong>pm</strong></span> <span class='ocrx_word' id='word_1_23' title='bbox 549 572 606 606; x_wconf 85' lang='lat' dir='ltr'><strong>se.</strong></span> <span class='ocrx_word' id='word_1_24' title='bbox 637 553 738 606; x_wconf 86' lang='lat' dir='ltr'><strong>fert</strong></span> <span class='ocrx_word' id='word_1_25' title='bbox 770 563 932 618; x_wconf 90' lang='lat' dir='ltr'><strong>atque</strong></span> <span class='ocrx_word' id='word_1_26' title='bbox 969 549 1223 619; x_wconf 80' lang='lat' dir='ltr'><strong>imaginis</strong></span> <span class='ocrx_word' id='word_1_27' title='bbox 1275 556 1502 615; x_wconf 85' lang='lat' dir='ltr'><strong>mortem</strong></span> <span class='ocrx_word' id='word_1_28' title='bbox 1547 547 1688 616; x_wconf 85' lang='lat' dir='ltr'><strong>ejus,</strong></span> <span class='ocrx_word' id='word_1_29' title='bbox 1721 561 1843 616; x_wconf 68' lang='lat' dir='ltr'><strong>qua}</strong></span> <span class='ocrx_word' id='word_1_30' title='bbox 1883 547 1982 598; x_wconf 90' lang='lat' dir='ltr'><strong>im-</strong></span> 
     </span>
    </p>
   </div>
   <div class='ocr_carea' id='block_1_7' title="bbox 410 637 1979 702">
    <p class='ocr_par' dir='ltr' id='par_1_7' title="bbox 410 637 1979 702">
     <span class='ocr_line' id='line_1_7' title="bbox 410 637 1979 702; baseline -0.008 1"><span class='ocrx_word' id='word_1_31' title='bbox 410 646 760 702; x_wconf 87' lang='lat' dir='ltr'><strong>mortalitatis</strong></span> <span class='ocrx_word' id='word_1_32' title='bbox 811 642 1013 697; x_wconf 89' lang='lat' dir='ltr'><strong>fontem</strong></span> <span class='ocrx_word' id='word_1_33' title='bbox 1067 641 1224 696; x_wconf 78' lang='lat' dir='ltr'><strong>nobis</strong></span> <span class='ocrx_word' id='word_1_34' title='bbox 1270 639 1548 694; x_wconf 85' lang='lat' dir='ltr'><strong>reseravit.</strong></span> <span class='ocrx_word' id='word_1_35' title='bbox 1592 637 1750 692; x_wconf 84' lang='lat' dir='ltr'><strong>Aliud</strong></span> <span class='ocrx_word' id='word_1_36' title='bbox 1800 645 1979 690; x_wconf 87' lang='lat' dir='ltr'><strong>autem</strong></span> 
     </span>
    </p>
   </div>
   <div class='ocr_carea' id='block_1_8' title="bbox 411 729 1985 802">
    <p class='ocr_par' dir='ltr' id='par_1_8' title="bbox 411 729 1985 802">
     <span class='ocr_line' id='line_1_8' title="bbox 411 729 1985 802; baseline -0.006 -12"><span class='ocrx_word' id='word_1_37' title='bbox 411 740 637 794; x_wconf 88' lang='lat' dir='ltr'><strong>omnino</strong></span> <span class='ocrx_word' id='word_1_38' title='bbox 687 748 768 792; x_wconf 88' lang='lat' dir='ltr'><strong>est</strong></span> <span class='ocrx_word' id='word_1_39' title='bbox 803 735 883 790; x_wconf 90' lang='lat' dir='ltr'><strong>sic</strong></span> <span class='ocrx_word' id='word_1_40' title='bbox 929 734 1074 802; x_wconf 79' lang='lat' dir='ltr'><strong>loqui</strong></span> <span class='ocrx_word' id='word_1_41' title='bbox 1112 742 1168 786; x_wconf 85' lang='lat' dir='ltr'><strong>ut</strong></span> <span class='ocrx_word' id='word_1_42' title='bbox 1221 748 1322 787; x_wconf 90' lang='lat' dir='ltr'><strong>nos</strong></span> <span class='ocrx_word' id='word_1_43' title='bbox 1365 731 1671 794; x_wconf 82' lang='lat' dir='ltr'><strong>ediximus,</strong></span> <span class='ocrx_word' id='word_1_44' title='bbox 1715 729 1862 783; x_wconf 90' lang='lat' dir='ltr'><strong>aliud</strong></span> <span class='ocrx_word' id='word_1_45' title='bbox 1902 738 1985 783; x_wconf 87' lang='lat' dir='ltr'><strong>est</strong></span> 
     </span>
    </p>
   </div>
   <div class='ocr_carea' id='block_1_9' title="bbox 412 819 1985 899">
    <p class='ocr_par' dir='ltr' id='par_1_9' title="bbox 412 819 1985 899">
     <span class='ocr_line' id='line_1_9' title="bbox 412 819 1985 899; baseline -0.008 -13"><span class='ocrx_word' id='word_1_46' title='bbox 412 833 678 887; x_wconf 66' lang='lat' dir='ltr'><strong>aliis-mare</strong></span> <span class='ocrx_word' id='word_1_47' title='bbox 710 831 852 899; x_wconf 69' lang='lat' dir='ltr'><strong>(qum</strong></span> <span class='ocrx_word' id='word_1_48' title='bbox 883 830 1134 880; x_wconf 89' lang='lat' dir='ltr'><strong>damnata</strong></span> <span class='ocrx_word' id='word_1_49' title='bbox 1171 842 1200 878; x_wconf 90' lang='lat' dir='ltr'><strong>a</strong></span> <span class='ocrx_word' id='word_1_50' title='bbox 1233 825 1386 878; x_wconf 86' lang='lat' dir='ltr'><strong>nobis</strong></span> <span class='ocrx_word' id='word_1_51' title='bbox 1411 821 1676 877; x_wconf 92' lang='lat' dir='ltr'><strong>sententia</strong></span> <span class='ocrx_word' id='word_1_52' title='bbox 1703 819 1806 890; x_wconf 89' lang='lat' dir='ltr'><strong>est)</strong></span> <span class='ocrx_word' id='word_1_53' title='bbox 1834 835 1985 889; x_wconf 80' lang='lat' dir='ltr'><strong>rege-</strong></span> 
     </span>
    </p>
   </div>
   <div class='ocr_carea' id='block_1_10' title="bbox 417 909 1987 987">
    <p class='ocr_par' dir='ltr' id='par_1_10' title="bbox 417 909 1987 987">
     <span class='ocr_line' id='line_1_10' title="bbox 417 909 1987 987; baseline -0.007 -12"><span class='ocrx_word' id='word_1_54' title='bbox 417 923 715 977; x_wconf 86' lang='lat' dir='ltr'><strong>nerationis</strong></span> <span class='ocrx_word' id='word_1_55' title='bbox 790 919 1110 987; x_wconf 75' lang='lat' dir='ltr'><strong>mysterium</strong></span> <span class='ocrx_word' id='word_1_56' title='bbox 1185 931 1308 968; x_wconf 88' lang='lat' dir='ltr'><strong>cum</strong></span> <span class='ocrx_word' id='word_1_57' title='bbox 1390 912 1732 966; x_wconf 87' lang='lat' dir='ltr'><strong>invocatione</strong></span> <span class='ocrx_word' id='word_1_58' title='bbox 1794 909 1987 964; x_wconf 90' lang='lat' dir='ltr'><strong>mortis</strong></span> 
     </span>
    </p>
   </div>
   <div class='ocr_carea' id='block_1_11' title="bbox 414 1001 1984 1070">
    <p class='ocr_par' dir='ltr' id='par_1_11' title="bbox 414 1001 1984 1070">
     <span class='ocr_line' id='line_1_11' title="bbox 414 1001 1984 1070; baseline -0.01 -4"><span class='ocrx_word' id='word_1_59' title='bbox 414 1015 617 1069; x_wconf 69' lang='lat' dir='ltr'><strong>C&#39;iristi</strong></span> <span class='ocrx_word' id='word_1_60' title='bbox 652 1011 871 1064; x_wconf 69' lang='lat' dir='ltr'><strong>confieri</strong></span> <span class='ocrx_word' id='word_1_61' title='bbox 906 1009 1149 1062; x_wconf 87' lang='lat' dir='ltr'><strong>solitum.</strong></span> <span class='ocrx_word' id='word_1_62' title='bbox 1195 1005 1345 1057; x_wconf 90' lang='lat' dir='ltr'><strong>llaud</strong></span> <span class='ocrx_word' id='word_1_63' title='bbox 1386 1019 1487 1056; x_wconf 89' lang='lat' dir='ltr'><strong>nos</strong></span> <span class='ocrx_word' id='word_1_64' title='bbox 1535 1001 1699 1070; x_wconf 82' lang='lat' dir='ltr'><strong>igitur</strong></span> <span class='ocrx_word' id='word_1_65' title='bbox 1752 1009 1984 1052; x_wconf 82' lang='lat' dir='ltr'><strong>mentem</strong></span> 
     </span>
    </p>
   </div>
   <div class='ocr_carea' id='block_1_12' title="bbox 415 1078 1986 1171">
    <p class='ocr_par' dir='ltr' id='par_1_12' title="bbox 415 1078 1986 1171">
     <span class='ocr_line' id='line_1_12' title="bbox 415 1078 1986 1171; baseline -0.013 -7"><span class='ocrx_word' id='word_1_66' title='bbox 415 1108 848 1169; x_wconf 84' lang='lat' dir='ltr'><strong>innnulavimus,</strong></span> <span class='ocrx_word' id='word_1_67' title='bbox 901 1115 1082 1171; x_wconf 90' lang='lat' dir='ltr'><strong>neque</strong></span> <span class='ocrx_word' id='word_1_68' title='bbox 1114 1099 1178 1152; x_wconf 88' lang='lat' dir='ltr'><strong>ad</strong></span> <span class='ocrx_word' id='word_1_69' title='bbox 1231 1097 1488 1150; x_wconf 84' lang='lat' dir='ltr'><strong>Judaicas</strong></span> <span class='ocrx_word' id='word_1_70' title='bbox 1519 1078 1780 1162; x_wconf 63' lang='lat' dir='ltr'><strong>Epistolas</strong></span> <span class='ocrx_word' id='word_1_71' title='bbox 1803 1091 1917 1160; x_wconf 88' lang='lat' dir='ltr'><strong>jam</strong></span> <span class='ocrx_word' id='word_1_72' title='bbox 1957 1107 1986 1144; x_wconf 88' lang='lat' dir='ltr'><strong>a</strong></span> 
     </span>
    </p>
   </div>
   <div class='ocr_carea' id='block_1_13' title="bbox 415 1186 1990 1268">
    <p class='ocr_par' dir='ltr' id='par_1_13' title="bbox 415 1186 1990 1268">
     <span class='ocr_line' id='line_1_13' title="bbox 415 1186 1990 1268; baseline -0.012 -10"><span class='ocrx_word' id='word_1_73' title='bbox 415 1204 590 1258; x_wconf 86' lang='lat' dir='ltr'><strong>nobis.</strong></span> <span class='ocrx_word' id='word_1_74' title='bbox 611 1199 945 1268; x_wconf 87' lang='lat' dir='ltr'><strong>improbatas</strong></span> <span class='ocrx_word' id='word_1_75' title='bbox 986 1193 1184 1248; x_wconf 81' lang='lat' dir='ltr'><strong>reversi</strong></span> <span class='ocrx_word' id='word_1_76' title='bbox 1215 1205 1405 1245; x_wconf 87' lang='lat' dir='ltr'><strong>sumus</strong></span> <span class='ocrx_word' id='word_1_77' title='bbox 1448 1207 1460 1242; x_wconf 91' lang='lat'><strong>:</strong></span> <span class='ocrx_word' id='word_1_78' title='bbox 1491 1188 1581 1258; x_wconf 86' lang='lat' dir='ltr'><strong>qui</strong></span> <span class='ocrx_word' id='word_1_79' title='bbox 1606 1186 1854 1240; x_wconf 83' lang='lat' dir='ltr'><strong>videlicet</strong></span> <span class='ocrx_word' id='word_1_80' title='bbox 1881 1199 1990 1239; x_wconf 72' lang='lat' dir='ltr'><strong>cm-</strong></span> 
     </span>
    </p>
   </div>
   <div class='ocr_carea' id='block_1_14' title="bbox 414 1276 1993 1358">
    <p class='ocr_par' dir='ltr' id='par_1_14' title="bbox 414 1276 1993 1358">
     <span class='ocr_line' id='line_1_14' title="bbox 414 1276 1993 1358; baseline -0.012 -11"><span class='ocrx_word' id='word_1_81' title='bbox 414 1293 571 1347; x_wconf 86' lang='lat' dir='ltr'><strong>lestia</strong></span> <span class='ocrx_word' id='word_1_82' title='bbox 599 1292 849 1358; x_wconf 74' lang='lat' dir='ltr'><strong>dogmata</strong></span> <span class='ocrx_word' id='word_1_83' title='bbox 884 1303 987 1339; x_wconf 88' lang='lat' dir='ltr'><strong>non</strong></span> <span class='ocrx_word' id='word_1_84' title='bbox 1020 1285 1072 1337; x_wconf 91' lang='lat' dir='ltr'><strong>in</strong></span> <span class='ocrx_word' id='word_1_85' title='bbox 1120 1282 1366 1351; x_wconf 87' lang='lat' dir='ltr'><strong>lapideis,</strong></span> <span class='ocrx_word' id='word_1_86' title='bbox 1418 1280 1508 1334; x_wconf 87' lang='lat' dir='ltr'><strong>sed</strong></span> <span class='ocrx_word' id='word_1_87' title='bbox 1555 1276 1886 1333; x_wconf 77' lang='lat' dir='ltr'><strong>ﬁrmissimis</strong></span> <span class='ocrx_word' id='word_1_88' title='bbox 1937 1282 1993 1330; x_wconf 90' lang='lat' dir='ltr'><strong>et</strong></span> 
     </span>
    </p>
   </div>
   <div class='ocr_carea' id='block_1_15' title="bbox 415 1368 1990 1453">
    <p class='ocr_par' dir='ltr' id='par_1_15' title="bbox 415 1368 1990 1453">
     <span class='ocr_line' id='line_1_15' title="bbox 415 1368 1990 1453; baseline -0.011 -14"><span class='ocrx_word' id='word_1_89' title='bbox 415 1400 695 1453; x_wconf 84' lang='lat' dir='ltr'><strong>nunquam</strong></span> <span class='ocrx_word' id='word_1_90' title='bbox 728 1379 1038 1450; x_wconf 81' lang='lat' dir='ltr'><strong>frangendis</strong></span> <span class='ocrx_word' id='word_1_91' title='bbox 1053 1376 1221 1430; x_wconf 84' lang='lat' dir='ltr'><strong>animi</strong></span> <span class='ocrx_word' id='word_1_92' title='bbox 1251 1373 1450 1428; x_wconf 90' lang='lat' dir='ltr'><strong>tabulis</strong></span> <span class='ocrx_word' id='word_1_93' title='bbox 1481 1371 1880 1442; x_wconf 84' lang='lat' dir='ltr'><strong>inscripsimus.</strong></span> <span class='ocrx_word' id='word_1_94' title='bbox 1915 1368 1990 1422; x_wconf 87' lang='lat' dir='ltr'><strong>Illi</strong></span> 
     </span>
    </p>
   </div>
   <div class='ocr_carea' id='block_1_16' title="bbox 420 1465 1988 1549">
    <p class='ocr_par' dir='ltr' id='par_1_16' title="bbox 420 1465 1988 1549">
     <span class='ocr_line' id='line_1_16' title="bbox 420 1465 1988 1549; baseline -0.012 -14"><span class='ocrx_word' id='word_1_95' title='bbox 420 1479 598 1549; x_wconf 87' lang='lat' dir='ltr'><strong>potius</strong></span> <span class='ocrx_word' id='word_1_96' title='bbox 632 1475 860 1529; x_wconf 87' lang='lat' dir='ltr'><strong>Paulum</strong></span> <span class='ocrx_word' id='word_1_97' title='bbox 905 1471 1296 1526; x_wconf 84' lang='lat' dir='ltr'><strong>transformare</strong></span> <span class='ocrx_word' id='word_1_98' title='bbox 1339 1469 1390 1522; x_wconf 94' lang='lat' dir='ltr'><strong>in</strong></span> <span class='ocrx_word' id='word_1_99' title='bbox 1444 1467 1669 1521; x_wconf 90' lang='lat' dir='ltr'><strong>Saulum</strong></span> <span class='ocrx_word' id='word_1_100' title='bbox 1720 1465 1988 1527; x_wconf 87' lang='lat' dir='ltr'><strong>nituntur,</strong></span> 
     </span>
    </p>
   </div>
   <div class='ocr_carea' id='block_1_17' title="bbox 421 1558 1991 1643">
    <p class='ocr_par' dir='ltr' id='par_1_17' title="bbox 421 1558 1991 1643">
     <span class='ocr_line' id='line_1_17' title="bbox 421 1558 1991 1643; baseline -0.009 -17"><span class='ocrx_word' id='word_1_101' title='bbox 421 1587 578 1643; x_wconf 81' lang='lat' dir='ltr'><strong>atque</strong></span> <span class='ocrx_word' id='word_1_102' title='bbox 626 1574 677 1625; x_wconf 90' lang='lat' dir='ltr'><strong>in</strong></span> <span class='ocrx_word' id='word_1_103' title='bbox 733 1570 855 1624; x_wconf 90' lang='lat' dir='ltr'><strong>aliis</strong></span> <span class='ocrx_word' id='word_1_104' title='bbox 908 1567 1175 1638; x_wconf 83' lang='lat' dir='ltr'><strong>ejusmodi</strong></span> <span class='ocrx_word' id='word_1_105' title='bbox 1233 1565 1558 1627; x_wconf 87' lang='lat' dir='ltr'><strong>obtrectant,</strong></span> <span class='ocrx_word' id='word_1_106' title='bbox 1592 1575 1902 1632; x_wconf 82' lang='lat' dir='ltr'><strong>quanquam</strong></span> <span class='ocrx_word' id='word_1_107' title='bbox 1941 1558 1991 1612; x_wconf 90' lang='lat' dir='ltr'><strong>id</strong></span> 
     </span>
    </p>
   </div>
   <div class='ocr_carea' id='block_1_18' title="bbox 421 1653 1994 1739">
    <p class='ocr_par' dir='ltr' id='par_1_18' title="bbox 421 1653 1994 1739">
     <span class='ocr_line' id='line_1_18' title="bbox 421 1653 1994 1739; baseline -0.011 -16"><span class='ocrx_word' id='word_1_108' title='bbox 421 1673 595 1739; x_wconf 88' lang='lat' dir='ltr'><strong>ipsum</strong></span> <span class='ocrx_word' id='word_1_109' title='bbox 637 1665 792 1720; x_wconf 78' lang='lat' dir='ltr'><strong>fateri</strong></span> <span class='ocrx_word' id='word_1_110' title='bbox 823 1679 920 1717; x_wconf 89' lang='lat' dir='ltr'><strong>eos</strong></span> <span class='ocrx_word' id='word_1_111' title='bbox 951 1661 1133 1730; x_wconf 87' lang='lat' dir='ltr'><strong>pudet,</strong></span> <span class='ocrx_word' id='word_1_112' title='bbox 1180 1673 1319 1726; x_wconf 91' lang='lat' dir='ltr'><strong>quos</strong></span> <span class='ocrx_word' id='word_1_113' title='bbox 1364 1671 1647 1726; x_wconf 80' lang='lat' dir='ltr'><strong>perperam</strong></span> <span class='ocrx_word' id='word_1_114' title='bbox 1696 1653 1994 1722; x_wconf 84' lang='lat' dir='ltr'><strong>intelligere</strong></span> 
     </span>
    </p>
   </div>
   <div class='ocr_carea' id='block_1_19' title="bbox 418 1745 1994 1816">
    <p class='ocr_par' dir='ltr' id='par_1_19' title="bbox 418 1745 1994 1816">
     <span class='ocr_line' id='line_1_19' title="bbox 418 1745 1994 1816; baseline -0.014 -1"><span class='ocrx_word' id='word_1_115' title='bbox 418 1772 472 1816; x_wconf 88' lang='lat' dir='ltr'><strong>et</strong></span> <span class='ocrx_word' id='word_1_116' title='bbox 502 1757 824 1815; x_wconf 85' lang='lat' dir='ltr'><strong>calumniari</strong></span> <span class='ocrx_word' id='word_1_117' title='bbox 861 1767 1140 1808; x_wconf 89' lang='lat' dir='ltr'><strong>sermones</strong></span> <span class='ocrx_word' id='word_1_118' title='bbox 1163 1765 1310 1802; x_wconf 80' lang='lat' dir='ltr'><strong>meos</strong></span> <span class='ocrx_word' id='word_1_119' title='bbox 1341 1748 1512 1816; x_wconf 86' lang='lat' dir='ltr'><strong>juvat.</strong></span> <span class='ocrx_word' id='word_1_120' title='bbox 1547 1745 1653 1814; x_wconf 77' lang='lat' dir='ltr'><strong>Ego</strong></span> <span class='ocrx_word' id='word_1_121' title='bbox 1679 1759 1816 1800; x_wconf 88' lang='lat' dir='ltr'><strong>sane</strong></span> <span class='ocrx_word' id='word_1_122' title='bbox 1843 1758 1994 1797; x_wconf 89' lang='lat' dir='ltr'><strong>com-</strong></span> 
     </span>
    </p>
   </div>
   <div class='ocr_carea' id='block_1_20' title="bbox 2085 542 3635 615">
    <p class='ocr_par' dir='ltr' id='par_1_20' title="bbox 2085 542 3635 615">
     <span class='ocr_line' id='line_1_20' title="bbox 2085 542 3635 615; baseline 0 -19"><span class='ocrx_word' id='word_1_123' title='bbox 2085 545 2254 598; x_wconf 84' lang='grc' dir='ltr'>τύπον</span> <span class='ocrx_word' id='word_1_124' title='bbox 2293 547 2451 614; x_wconf 85' lang='grc' dir='ltr'>φέρει</span> <span class='ocrx_word' id='word_1_125' title='bbox 2478 545 2571 597; x_wconf 75' lang='grc' dir='ltr'><strong>καὶ</strong></span> <span class='ocrx_word' id='word_1_126' title='bbox 2597 543 2781 596; x_wconf 91' lang='grc' dir='ltr'>εἰκόνα</span> <span class='ocrx_word' id='word_1_127' title='bbox 2810 543 2902 596; x_wconf 83' lang='grc' dir='ltr'><strong>τοῦ</strong></span> <span class='ocrx_word' id='word_1_128' title='bbox 2938 543 3037 615; x_wconf 78' lang='grc' dir='ltr'><strong>τὴν</strong></span> <span class='ocrx_word' id='word_1_129' title='bbox 3058 542 3353 595; x_wconf 79' lang='grc' dir='ltr'><strong>ἀθανασίαν</strong></span> <span class='ocrx_word' id='word_1_130' title='bbox 3382 545 3514 612; x_wconf 79' lang='grc' dir='ltr'>ἡμῖν</span> <span class='ocrx_word' id='word_1_131' title='bbox 3543 563 3635 615; x_wconf 82' lang='grc' dir='ltr'>πη-</span> 
     </span>
    </p>
   </div>
   <div class='ocr_carea' id='block_1_21' title="bbox 2085 632 3640 706">
    <p class='ocr_par' dir='ltr' id='par_1_21' title="bbox 2085 632 3640 706">
     <span class='ocr_line' id='line_1_21' title="bbox 2085 632 3640 706; baseline 0 -18"><span class='ocrx_word' id='word_1_132' title='bbox 2085 635 2352 703; x_wconf 86' lang='grc' dir='ltr'>γάσαντος</span> <span class='ocrx_word' id='word_1_133' title='bbox 2408 635 2637 688; x_wconf 87' lang='grc' dir='ltr'>θανάτου</span> <span class='ocrx_word' id='word_1_134' title='bbox 2687 632 2852 687; x_wconf 79' lang='grc' dir='ltr'>αὑτοῦ</span> <span class='ocrx_word' id='word_1_135' title='bbox 2905 632 2967 685; x_wconf 84' lang='grc' dir='ltr'><strong>τὸ</strong></span> <span class='ocrx_word' id='word_1_136' title='bbox 3033 634 3300 703; x_wconf 86' lang='grc' dir='ltr'>σωτήριον</span> <span class='ocrx_word' id='word_1_137' title='bbox 3354 632 3640 706; x_wconf 75' lang='grc' dir='ltr'><strong>βάπτισμα.</strong></span> 
     </span>
    </p>
   </div>
   <div class='ocr_carea' id='block_1_22' title="bbox 2089 723 3642 798">
    <p class='ocr_par' dir='ltr' id='par_1_22' title="bbox 2089 723 3642 798">
     <span class='ocr_line' id='line_1_22' title="bbox 2089 723 3642 798; baseline -0.001 -18"><span class='ocrx_word' id='word_1_138' title='bbox 2089 727 2315 798; x_wconf 82' lang='grc' dir='ltr'>Ἕτερον</span> <span class='ocrx_word' id='word_1_139' title='bbox 2360 727 2416 780; x_wconf 84' lang='grc' dir='ltr'>δὲ</span> <span class='ocrx_word' id='word_1_140' title='bbox 2457 725 2738 788; x_wconf 76' lang='grc' dir='ltr'><strong>παντελῶς</strong></span> <span class='ocrx_word' id='word_1_141' title='bbox 2781 726 2897 777; x_wconf 80' lang='grc' dir='ltr'>ἐστι</span> <span class='ocrx_word' id='word_1_142' title='bbox 2943 725 3123 792; x_wconf 85' lang='grc' dir='ltr'>λέγειν</span> <span class='ocrx_word' id='word_1_143' title='bbox 3165 723 3340 777; x_wconf 89' lang='grc' dir='ltr'>ταῦτα</span> <span class='ocrx_word' id='word_1_144' title='bbox 3381 726 3515 794; x_wconf 79' lang='grc' dir='ltr'>ὅπερ</span> <span class='ocrx_word' id='word_1_145' title='bbox 3560 727 3642 778; x_wconf 68' lang='grc' dir='ltr'><strong>καὶ</strong></span> 
     </span>
    </p>
   </div>
   <div class='ocr_carea' id='block_1_23' title="bbox 2087 815 3700 889">
    <p class='ocr_par' dir='ltr' id='par_1_23' title="bbox 2087 815 3700 889">
     <span class='ocr_line' id='line_1_23' title="bbox 2087 815 3700 889; baseline -0.001 -19"><span class='ocrx_word' id='word_1_146' title='bbox 2087 820 2250 887; x_wconf 80' lang='grc' dir='ltr'>ἡμεῖς</span> <span class='ocrx_word' id='word_1_147' title='bbox 2276 818 2563 887; x_wconf 79' lang='grc' dir='ltr'>τιθέμεθα,</span> <span class='ocrx_word' id='word_1_148' title='bbox 2600 818 2694 870; x_wconf 73' lang='grc' dir='ltr'>καὶ</span> <span class='ocrx_word' id='word_1_149' title='bbox 2725 817 2911 886; x_wconf 78' lang='grc' dir='ltr'>ἕτερον</span> <span class='ocrx_word' id='word_1_150' title='bbox 2934 815 2996 868; x_wconf 77' lang='grc' dir='ltr'>τὸ</span> <span class='ocrx_word' id='word_1_151' title='bbox 3018 815 3198 883; x_wconf 83' lang='grc' dir='ltr'>λέγειν</span> <span class='ocrx_word' id='word_1_152' title='bbox 3222 816 3305 868; x_wconf 85' lang='grc' dir='ltr'><strong>ὅτι</strong></span> <span class='ocrx_word' id='word_1_153' title='bbox 3332 817 3396 884; x_wconf 79' lang='grc' dir='ltr'>τῇ</span> <span class='ocrx_word' id='word_1_154' title='bbox 3429 816 3645 886; x_wconf 81' lang='grc' dir='ltr'>ὲπικλή-</span> <span class='ocrx_word' id='word_1_155' title='bbox 3679 867 3700 889; x_wconf 40' lang='lat' dir='ltr'><strong><em>I</em></strong></span> 
     </span>
    </p>
   </div>
   <div class='ocr_carea' id='block_1_24' title="bbox 2092 907 3644 976">
    <p class='ocr_par' dir='ltr' id='par_1_24' title="bbox 2092 907 3644 976">
     <span class='ocr_line' id='line_1_24' title="bbox 2092 907 3644 976; baseline -0.003 -14"><span class='ocrx_word' id='word_1_156' title='bbox 2092 927 2174 962; x_wconf 88' lang='grc' dir='ltr'><strong>σει</strong></span> <span class='ocrx_word' id='word_1_157' title='bbox 2203 909 2295 962; x_wconf 89' lang='grc' dir='ltr'><strong>τοῦ</strong></span> <span class='ocrx_word' id='word_1_158' title='bbox 2325 908 2556 962; x_wconf 80' lang='grc' dir='ltr'>θανάτου</span> <span class='ocrx_word' id='word_1_159' title='bbox 2579 907 2768 970; x_wconf 74' lang='grc' dir='ltr'>αὑτοῦ,</span> <span class='ocrx_word' id='word_1_160' title='bbox 2808 907 2837 960; x_wconf 79' lang='grc' dir='ltr'>ὃ</span> <span class='ocrx_word' id='word_1_161' title='bbox 2866 907 3320 976; x_wconf 80' lang='grc' dir='ltr'>καταδικάζομεν,</span> <span class='ocrx_word' id='word_1_162' title='bbox 3343 907 3403 958; x_wconf 74' lang='grc' dir='ltr'>τὸ</span> <span class='ocrx_word' id='word_1_163' title='bbox 3426 907 3524 976; x_wconf 80' lang='grc' dir='ltr'><strong>τῆς</strong></span> <span class='ocrx_word' id='word_1_164' title='bbox 3554 925 3644 959; x_wconf 68' lang='grc' dir='ltr'>παι</span> 
     </span>
    </p>
   </div>
   <div class='ocr_carea' id='block_1_25' title="bbox 2088 996 3649 1070">
    <p class='ocr_par' dir='ltr' id='par_1_25' title="bbox 2088 996 3649 1070">
     <span class='ocr_line' id='line_1_25' title="bbox 2088 996 3649 1070; baseline -0.003 -16"><span class='ocrx_word' id='word_1_165' title='bbox 2088 999 2427 1070; x_wconf 86' lang='grc' dir='ltr'>λιγγενεσίας</span> <span class='ocrx_word' id='word_1_166' title='bbox 2476 1001 2840 1069; x_wconf 86' lang='grc' dir='ltr'>ἱερουργείται</span> <span class='ocrx_word' id='word_1_167' title='bbox 2890 1000 3209 1069; x_wconf 84' lang='grc' dir='ltr'>μυστήριον.</span> <span class='ocrx_word' id='word_1_168' title='bbox 3266 996 3473 1051; x_wconf 69' lang='grc' dir='ltr'>Οὔκουν</span> <span class='ocrx_word' id='word_1_169' title='bbox 3502 1000 3649 1066; x_wconf 77' lang='grc' dir='ltr'>ἡμεῖς</span> 
     </span>
    </p>
   </div>
   <div class='ocr_carea' id='block_1_26' title="bbox 2095 1082 3648 1164">
    <p class='ocr_par' dir='ltr' id='par_1_26' title="bbox 2095 1082 3648 1164">
     <span class='ocr_line' id='line_1_26' title="bbox 2095 1082 3648 1164; baseline -0.003 -17"><span class='ocrx_word' id='word_1_170' title='bbox 2095 1095 2454 1164; x_wconf 77' lang='grc' dir='ltr'><strong>μετέστημεν,</strong></span> <span class='ocrx_word' id='word_1_171' title='bbox 2486 1094 2608 1146; x_wconf 71' lang='grc' dir='ltr'>οὐδὲ</span> <span class='ocrx_word' id='word_1_172' title='bbox 2639 1093 2778 1162; x_wconf 76' lang='grc' dir='ltr'>πρὸς</span> <span class='ocrx_word' id='word_1_173' title='bbox 2805 1093 2904 1154; x_wconf 72' lang='grc' dir='ltr'><strong>τὰς</strong></span> <span class='ocrx_word' id='word_1_174' title='bbox 2953 1090 3252 1154; x_wconf 73' lang='grc' dir='ltr'>Ἰουδαῖκάς</span> <span class='ocrx_word' id='word_1_175' title='bbox 3283 1089 3567 1152; x_wconf 83' lang='grc' dir='ltr'>ἐπιστολὰς</span> <span class='ocrx_word' id='word_1_176' title='bbox 3582 1082 3648 1142; x_wconf 79' lang='grc' dir='ltr'>ὧν</span> 
     </span>
    </p>
   </div>
   <div class='ocr_carea' id='block_1_27' title="bbox 2093 1181 3649 1256">
    <p class='ocr_par' dir='ltr' id='par_1_27' title="bbox 2093 1181 3649 1256">
     <span class='ocr_line' id='line_1_27' title="bbox 2093 1181 3649 1256; baseline -0.003 -16"><span class='ocrx_word' id='word_1_177' title='bbox 2093 1186 2444 1254; x_wconf 83' lang='grc' dir='ltr'>κατέγνωμεν</span> <span class='ocrx_word' id='word_1_178' title='bbox 2481 1186 2906 1256; x_wconf 80' lang='grc' dir='ltr'>ἐπεστράφημεν</span> <span class='ocrx_word' id='word_1_179' title='bbox 2933 1201 2946 1214; x_wconf 90' lang='grc'><strong>·</strong></span> <span class='ocrx_word' id='word_1_180' title='bbox 2989 1184 3136 1248; x_wconf 73' lang='grc' dir='ltr'>ἅπαξ</span> <span class='ocrx_word' id='word_1_181' title='bbox 3194 1185 3263 1236; x_wconf 67' lang='grc' dir='ltr'><strong>τά</strong></span> <span class='ocrx_word' id='word_1_182' title='bbox 3315 1183 3540 1254; x_wconf 74' lang='grc' dir='ltr'>οὐράνια</span> <span class='ocrx_word' id='word_1_183' title='bbox 3576 1181 3649 1235; x_wconf 72' lang='lat'><strong>86-</strong></span> 
     </span>
    </p>
   </div>
   <div class='ocr_carea' id='block_1_28' title="bbox 2093 1275 3651 1348">
    <p class='ocr_par' dir='ltr' id='par_1_28' title="bbox 2093 1275 3651 1348">
     <span class='ocr_line' id='line_1_28' title="bbox 2093 1275 3651 1348; baseline -0.004 -16"><span class='ocrx_word' id='word_1_184' title='bbox 2093 1296 2278 1348; x_wconf 88' lang='grc' dir='ltr'>γματα</span> <span class='ocrx_word' id='word_1_185' title='bbox 2307 1279 2406 1332; x_wconf 83' lang='grc' dir='ltr'><strong>οὐκ</strong></span> <span class='ocrx_word' id='word_1_186' title='bbox 2448 1280 2506 1332; x_wconf 82' lang='grc' dir='ltr'><strong>ἐν</strong></span> <span class='ocrx_word' id='word_1_187' title='bbox 2536 1277 2762 1340; x_wconf 79' lang='grc' dir='ltr'><strong>λιθίναις</strong></span> <span class='ocrx_word' id='word_1_188' title='bbox 2789 1276 3002 1343; x_wconf 76' lang='grc' dir='ltr'>πλαξὶν,</span> <span class='ocrx_word' id='word_1_189' title='bbox 3029 1277 3144 1330; x_wconf 82' lang='grc' dir='ltr'>ἀλλ’</span> <span class='ocrx_word' id='word_1_190' title='bbox 3181 1277 3239 1328; x_wconf 88' lang='grc' dir='ltr'><strong>ἐν</strong></span> <span class='ocrx_word' id='word_1_191' title='bbox 3277 1275 3651 1347; x_wconf 49' lang='lat' dir='ltr'><strong>«saeptam;</strong></span> 
     </span>
    </p>
   </div>
   <div class='ocr_carea' id='block_1_29' title="bbox 2095 1366 3650 1440">
    <p class='ocr_par' dir='ltr' id='par_1_29' title="bbox 2095 1366 3650 1440">
     <span class='ocr_line' id='line_1_29' title="bbox 2095 1366 3650 1440; baseline -0.003 -16"><span class='ocrx_word' id='word_1_192' title='bbox 2095 1372 2191 1424; x_wconf 80' lang='grc' dir='ltr'>καὶ</span> <span class='ocrx_word' id='word_1_193' title='bbox 2231 1369 2560 1440; x_wconf 85' lang='grc' dir='ltr'>ἁθραύστοις</span> <span class='ocrx_word' id='word_1_194' title='bbox 2596 1370 2964 1440; x_wconf 68' lang='grc' dir='ltr'><strong>ἐγγραφέντες</strong></span> <span class='ocrx_word' id='word_1_195' title='bbox 3023 1369 3124 1439; x_wconf 88' lang='grc' dir='ltr'><strong>τῆς</strong></span> <span class='ocrx_word' id='word_1_196' title='bbox 3187 1369 3368 1438; x_wconf 77' lang='grc' dir='ltr'>ψυχῆς</span> <span class='ocrx_word' id='word_1_197' title='bbox 3432 1366 3650 1431; x_wconf 85' lang='grc' dir='ltr'>πίναξιν.</span> 
     </span>
    </p>
   </div>
   <div class='ocr_carea' id='block_1_30' title="bbox 2107 1455 3653 1529">
    <p class='ocr_par' dir='ltr' id='par_1_30' title="bbox 2107 1455 3653 1529">
     <span class='ocr_line' id='line_1_30' title="bbox 2107 1455 3653 1529; baseline -0.003 -17"><span class='ocrx_word' id='word_1_198' title='bbox 2107 1461 2335 1513; x_wconf 80' lang='grc' dir='ltr'>Ἐκεῖνοι</span> <span class='ocrx_word' id='word_1_199' title='bbox 2361 1460 2414 1512; x_wconf 77' lang='grc' dir='ltr'><strong>δὲ</strong></span> <span class='ocrx_word' id='word_1_200' title='bbox 2443 1459 2700 1529; x_wconf 76' lang='grc' dir='ltr'>μεθιστᾷν</span> <span class='ocrx_word' id='word_1_201' title='bbox 2721 1459 3059 1529; x_wconf 81' lang='grc' dir='ltr'>ἐπιχειροῦσι</span> <span class='ocrx_word' id='word_1_202' title='bbox 3083 1459 3174 1512; x_wconf 74' lang='grc' dir='ltr'><strong>τὸν</strong></span> <span class='ocrx_word' id='word_1_203' title='bbox 3197 1458 3407 1511; x_wconf 81' lang='grc' dir='ltr'><strong>Παῦλον</strong></span> <span class='ocrx_word' id='word_1_204' title='bbox 3435 1459 3512 1520; x_wconf 84' lang='grc' dir='ltr'><strong>είς</strong></span> <span class='ocrx_word' id='word_1_205' title='bbox 3527 1455 3653 1510; x_wconf 88' lang='grc' dir='ltr'>Σαῦ-</span> 
     </span>
    </p>
   </div>
   <div class='ocr_carea' id='block_1_31' title="bbox 2096 1548 3656 1619">
    <p class='ocr_par' dir='ltr' id='par_1_31' title="bbox 2096 1548 3656 1619">
     <span class='ocr_line' id='line_1_31' title="bbox 2096 1548 3656 1619; baseline -0.002 -17"><span class='ocrx_word' id='word_1_206' title='bbox 2096 1550 2204 1615; x_wconf 81' lang='grc' dir='ltr'>λον,</span> <span class='ocrx_word' id='word_1_207' title='bbox 2233 1553 2327 1603; x_wconf 76' lang='grc' dir='ltr'><strong>καὶ</strong></span> <span class='ocrx_word' id='word_1_208' title='bbox 2359 1551 2428 1603; x_wconf 73' lang='grc' dir='ltr'><strong>τὰ</strong></span> <span class='ocrx_word' id='word_1_209' title='bbox 2472 1548 2606 1603; x_wconf 83' lang='grc' dir='ltr'>ἄλλα</span> <span class='ocrx_word' id='word_1_210' title='bbox 2638 1549 3008 1619; x_wconf 80' lang='grc' dir='ltr'>διασύρουσιν,</span> <span class='ocrx_word' id='word_1_211' title='bbox 3055 1548 3159 1602; x_wconf 87' lang='grc' dir='ltr'>κᾶν</span> <span class='ocrx_word' id='word_1_212' title='bbox 3199 1548 3486 1618; x_wconf 71' lang='grc' dir='ltr'>ὁμολογεῖν</span> <span class='ocrx_word' id='word_1_213' title='bbox 3515 1548 3656 1599; x_wconf 82' lang='grc' dir='ltr'>ἐπαι-</span> 
     </span>
    </p>
   </div>
   <div class='ocr_carea' id='block_1_32' title="bbox 2099 1636 3656 1712">
    <p class='ocr_par' dir='ltr' id='par_1_32' title="bbox 2099 1636 3656 1712">
     <span class='ocr_line' id='line_1_32' title="bbox 2099 1636 3656 1712; baseline -0.003 -17"><span class='ocrx_word' id='word_1_214' title='bbox 2099 1643 2420 1712; x_wconf 82' lang='grc' dir='ltr'>σχύνωνται,</span> <span class='ocrx_word' id='word_1_215' title='bbox 2450 1636 2530 1706; x_wconf 74' lang='grc' dir='ltr'>οἷς</span> <span class='ocrx_word' id='word_1_216' title='bbox 2555 1643 2844 1712; x_wconf 78' lang='grc' dir='ltr'>παρανοεῖν</span> <span class='ocrx_word' id='word_1_217' title='bbox 2867 1643 2960 1695; x_wconf 77' lang='grc' dir='ltr'><strong>καὶ</strong></span> <span class='ocrx_word' id='word_1_218' title='bbox 2981 1643 3334 1709; x_wconf 79' lang='grc' dir='ltr'>συκοφαντεῖν</span> <span class='ocrx_word' id='word_1_219' title='bbox 3361 1640 3486 1702; x_wconf 79' lang='grc' dir='ltr'>τοὺς</span> <span class='ocrx_word' id='word_1_220' title='bbox 3507 1639 3656 1709; x_wconf 73' lang='grc' dir='ltr'>ἐμοὺς</span> 
     </span>
    </p>
   </div>
   <div class='ocr_carea' id='block_1_33' title="bbox 2098 1733 3656 1805">
    <p class='ocr_par' dir='ltr' id='par_1_33' title="bbox 2098 1733 3656 1805">
     <span class='ocr_line' id='line_1_33' title="bbox 2098 1733 3656 1805; baseline -0.001 -19"><span class='ocrx_word' id='word_1_221' title='bbox 2098 1735 2299 1805; x_wconf 80' lang='grc' dir='ltr'>ἐπῆλθε</span> <span class='ocrx_word' id='word_1_222' title='bbox 2325 1735 2517 1803; x_wconf 86' lang='grc' dir='ltr'>λόγους</span> <span class='ocrx_word' id='word_1_223' title='bbox 2541 1751 2555 1766; x_wconf 74' lang='grc' dir='ltr'><strong><em>ο</em></strong></span> <span class='ocrx_word' id='word_1_224' title='bbox 2593 1735 2715 1786; x_wconf 78' lang='grc' dir='ltr'>ἐπεὶ</span> <span class='ocrx_word' id='word_1_225' title='bbox 2753 1734 2852 1797; x_wconf 87' lang='grc' dir='ltr'><strong>τάς</strong></span> <span class='ocrx_word' id='word_1_226' title='bbox 2881 1751 2942 1802; x_wconf 84' lang='grc' dir='ltr'><strong>γε</strong></span> <span class='ocrx_word' id='word_1_227' title='bbox 2988 1733 3175 1797; x_wconf 82' lang='grc' dir='ltr'>κοινάς</span> <span class='ocrx_word' id='word_1_228' title='bbox 3198 1733 3309 1786; x_wconf 78' lang='grc' dir='ltr'>τῶν</span> <span class='ocrx_word' id='word_1_229' title='bbox 3334 1733 3656 1786; x_wconf 71' lang='grc' dir='ltr'>συναποστά-</span> 
     </span>
    </p>
   </div>
   <div class='ocr_carea' id='block_1_34' title="bbox 419 1823 2008 1916">
    <p class='ocr_par' dir='ltr' id='par_1_34' title="bbox 419 1837 1994 1916">
     <span class='ocr_line' id='line_1_34' title="bbox 419 1837 1994 1916; baseline -0.011 -7"><span class='ocrx_word' id='word_1_230' title='bbox 419 1871 613 1910; x_wconf 88' lang='lat' dir='ltr'><strong>munes</strong></span> <span class='ocrx_word' id='word_1_231' title='bbox 648 1865 892 1906; x_wconf 90' lang='lat' dir='ltr'><strong>meorum</strong></span> <span class='ocrx_word' id='word_1_232' title='bbox 936 1848 986 1900; x_wconf 90' lang='lat' dir='ltr'><strong>in</strong></span> <span class='ocrx_word' id='word_1_233' title='bbox 1026 1845 1329 1916; x_wconf 90' lang='lat' dir='ltr'><strong>apostolatu</strong></span> <span class='ocrx_word' id='word_1_234' title='bbox 1377 1841 1648 1897; x_wconf 90' lang='lat' dir='ltr'><strong>sociorum</strong></span> <span class='ocrx_word' id='word_1_235' title='bbox 1697 1837 1994 1894; x_wconf 85' lang='lat' dir='ltr'><strong>sententias</strong></span> 
     </span>
    </p>
   </div>
   <div class='ocr_carea' id='block_1_35' title="bbox 2114 1823 3656 1916">
    <p class='ocr_par' dir='ltr' id='par_1_35' title="bbox 2114 1823 3656 1898">
     <span class='ocr_line' id='line_1_35' title="bbox 2114 1823 3656 1898; baseline -0.003 -18"><span class='ocrx_word' id='word_1_236' title='bbox 2114 1845 2204 1880; x_wconf 53' lang='grc' dir='ltr'>κων</span> <span class='ocrx_word' id='word_1_237' title='bbox 2232 1828 2447 1898; x_wconf 64' lang='grc' dir='ltr'>ψήφους</span> <span class='ocrx_word' id='word_1_238' title='bbox 2480 1828 2572 1881; x_wconf 71' lang='grc' dir='ltr'><strong>καὶ</strong></span> <span class='ocrx_word' id='word_1_239' title='bbox 2607 1826 2768 1890; x_wconf 74' lang='grc' dir='ltr'>αὐτὸς</span> <span class='ocrx_word' id='word_1_240' title='bbox 2814 1827 3015 1896; x_wconf 86' lang='grc' dir='ltr'>ὁμοίως</span> <span class='ocrx_word' id='word_1_241' title='bbox 3069 1826 3312 1898; x_wconf 81' lang='grc' dir='ltr'>στέργων</span> <span class='ocrx_word' id='word_1_242' title='bbox 3345 1826 3443 1878; x_wconf 71' lang='grc' dir='ltr'>καὶ</span> <span class='ocrx_word' id='word_1_243' title='bbox 3470 1823 3656 1894; x_wconf 82' lang='grc' dir='ltr'>κυρῶν,</span> 
     </span>
    </p>
   </div>
   <div class='ocr_carea' id='block_1_36' title="bbox 419 1929 1996 2016">
    <p class='ocr_par' dir='ltr' id='par_1_36' title="bbox 419 1929 1996 2016">
     <span class='ocr_line' id='line_1_36' title="bbox 419 1929 1996 2016; baseline -0.011 -14"><span class='ocrx_word' id='word_1_244' title='bbox 419 1951 532 2016; x_wconf 84' lang='lat' dir='ltr'><strong>ipse</strong></span> <span class='ocrx_word' id='word_1_245' title='bbox 564 1959 784 2013; x_wconf 86' lang='lat' dir='ltr'><strong>quoque</strong></span> <span class='ocrx_word' id='word_1_246' title='bbox 808 1939 1140 2009; x_wconf 84' lang='lat' dir='ltr'><strong>amplectens</strong></span> <span class='ocrx_word' id='word_1_247' title='bbox 1167 1952 1230 1990; x_wconf 90' lang='lat' dir='ltr'><strong>ac</strong></span> <span class='ocrx_word' id='word_1_248' title='bbox 1273 1934 1541 1994; x_wconf 87' lang='lat' dir='ltr'><strong>sanciens,</strong></span> <span class='ocrx_word' id='word_1_249' title='bbox 1588 1930 1835 1985; x_wconf 86' lang='lat' dir='ltr'><strong>homines</strong></span> <span class='ocrx_word' id='word_1_250' title='bbox 1873 1929 1996 1984; x_wconf 90' lang='lat' dir='ltr'><strong>illos</strong></span> 
     </span>
    </p>
   </div>
   <div class='ocr_carea' id='block_1_37' title="bbox 419 2022 1993 2109">
    <p class='ocr_par' dir='ltr' id='par_1_37' title="bbox 419 2022 1993 2109">
     <span class='ocr_line' id='line_1_37' title="bbox 419 2022 1993 2109; baseline -0.012 -15"><span class='ocrx_word' id='word_1_251' title='bbox 419 2043 510 2109; x_wconf 77' lang='lat' dir='ltr'><strong>qui</strong></span> <span class='ocrx_word' id='word_1_252' title='bbox 547 2039 658 2091; x_wconf 83' lang='lat' dir='ltr'><strong>alio</strong></span> <span class='ocrx_word' id='word_1_253' title='bbox 684 2035 878 2106; x_wconf 88' lang='lat' dir='ltr'><strong>quovis</strong></span> <span class='ocrx_word' id='word_1_254' title='bbox 914 2031 1074 2085; x_wconf 85' lang='lat' dir='ltr'><strong>modo</strong></span> <span class='ocrx_word' id='word_1_255' title='bbox 1103 2029 1380 2098; x_wconf 85' lang='lat' dir='ltr'><strong>baptizare</strong></span> <span class='ocrx_word' id='word_1_256' title='bbox 1415 2025 1633 2088; x_wconf 88' lang='lat' dir='ltr'><strong>audent,</strong></span> <span class='ocrx_word' id='word_1_257' title='bbox 1657 2039 1821 2094; x_wconf 86' lang='lat' dir='ltr'><strong>quam</strong></span> <span class='ocrx_word' id='word_1_258' title='bbox 1855 2022 1993 2076; x_wconf 80' lang='lat' dir='ltr'><strong>litin</strong></span> 
     </span>
    </p>
   </div>
   <div class='ocr_carea' id='block_1_38' title="bbox 423 2110 1995 2182">
    <p class='ocr_par' dir='ltr' id='par_1_38' title="bbox 423 2110 1995 2182">
     <span class='ocr_line' id='line_1_38' title="bbox 423 2110 1995 2182; baseline -0.008 -4"><span class='ocrx_word' id='word_1_259' title='bbox 423 2126 703 2180; x_wconf 72' lang='lat' dir='ltr'><strong>horninica</strong></span> <span class='ocrx_word' id='word_1_260' title='bbox 739 2120 984 2176; x_wconf 87' lang='lat' dir='ltr'><strong>initiandi</strong></span> <span class='ocrx_word' id='word_1_261' title='bbox 1017 2117 1290 2182; x_wconf 82' lang='lat' dir='ltr'><strong>formula;</strong></span> <span class='ocrx_word' id='word_1_262' title='bbox 1323 2114 1538 2169; x_wconf 84' lang='lat' dir='ltr'><strong>etiamsi</strong></span> <span class='ocrx_word' id='word_1_263' title='bbox 1581 2112 1864 2166; x_wconf 87' lang='lat' dir='ltr'><strong>Trinitatis</strong></span> <span class='ocrx_word' id='word_1_264' title='bbox 1895 2110 1995 2165; x_wconf 82' lang='lat' dir='ltr'><strong>tria</strong></span> 
     </span>
    </p>
   </div>
   <div class='ocr_carea' id='block_1_39' title="bbox 424 2199 1998 2272">
    <p class='ocr_par' dir='ltr' id='par_1_39' title="bbox 424 2199 1998 2272">
     <span class='ocr_line' id='line_1_39' title="bbox 424 2199 1998 2272; baseline -0.012 -2"><span class='ocrx_word' id='word_1_265' title='bbox 424 2217 641 2270; x_wconf 85' lang='lat' dir='ltr'><strong>nomina</strong></span> <span class='ocrx_word' id='word_1_266' title='bbox 674 2212 987 2272; x_wconf 72' lang='lat' dir='ltr'><strong>adhibeant,</strong></span> <span class='ocrx_word' id='word_1_267' title='bbox 1023 2205 1235 2260; x_wconf 80' lang='lat' dir='ltr'><strong>etiamsi</strong></span> <span class='ocrx_word' id='word_1_268' title='bbox 1291 2203 1426 2257; x_wconf 85' lang='lat' dir='ltr'><strong>nihil</strong></span> <span class='ocrx_word' id='word_1_269' title='bbox 1467 2202 1804 2270; x_wconf 76' lang='lat' dir='ltr'><strong>reliquorum</strong></span> <span class='ocrx_word' id='word_1_270' title='bbox 1833 2199 1998 2253; x_wconf 88' lang='lat' dir='ltr'><strong>omit-</strong></span> 
     </span>
    </p>
   </div>
   <div class='ocr_carea' id='block_1_40' title="bbox 425 2291 2000 2369">
    <p class='ocr_par' dir='ltr' id='par_1_40' title="bbox 425 2291 2000 2369">
     <span class='ocr_line' id='line_1_40' title="bbox 425 2291 2000 2369; baseline -0.013 -9"><span class='ocrx_word' id='word_1_271' title='bbox 425 2316 577 2369; x_wconf 85' lang='lat' dir='ltr'><strong>taut;</strong></span> <span class='ocrx_word' id='word_1_272' title='bbox 611 2305 654 2359; x_wconf 89' lang='lat' dir='ltr'><strong>si</strong></span> <span class='ocrx_word' id='word_1_273' title='bbox 686 2314 863 2357; x_wconf 88' lang='lat' dir='ltr'><strong>tamen</strong></span> <span class='ocrx_word' id='word_1_274' title='bbox 895 2299 946 2353; x_wconf 89' lang='lat' dir='ltr'><strong>hi</strong></span> <span class='ocrx_word' id='word_1_275' title='bbox 979 2313 1084 2351; x_wconf 81' lang='lat' dir='ltr'><strong>una</strong></span> <span class='ocrx_word' id='word_1_276' title='bbox 1118 2294 1470 2349; x_wconf 90' lang='lat' dir='ltr'><strong>immersione</strong></span> <span class='ocrx_word' id='word_1_277' title='bbox 1510 2291 1838 2360; x_wconf 83' lang='lat' dir='ltr'><strong>baptismum</strong></span> <span class='ocrx_word' id='word_1_278' title='bbox 1871 2303 2000 2342; x_wconf 73' lang='lat' dir='ltr'><strong>eon—</strong></span> 
     </span>
    </p>
   </div>
   <div class='ocr_carea' id='block_1_41' title="bbox 424 2381 1998 2462">
    <p class='ocr_par' dir='ltr' id='par_1_41' title="bbox 424 2381 1998 2462">
     <span class='ocr_line' id='line_1_41' title="bbox 424 2381 1998 2462; baseline -0.012 -10"><span class='ocrx_word' id='word_1_279' title='bbox 424 2399 641 2462; x_wconf 82' lang='lat' dir='ltr'><strong>liciaut;</strong></span> <span class='ocrx_word' id='word_1_280' title='bbox 667 2404 723 2449; x_wconf 90' lang='lat' dir='ltr'><strong>et</strong></span> <span class='ocrx_word' id='word_1_281' title='bbox 761 2393 805 2448; x_wconf 91' lang='lat' dir='ltr'><strong>si</strong></span> <span class='ocrx_word' id='word_1_282' title='bbox 857 2406 924 2445; x_wconf 89' lang='lat' dir='ltr'><strong>ne</strong></span> <span class='ocrx_word' id='word_1_283' title='bbox 953 2391 1004 2445; x_wconf 90' lang='lat' dir='ltr'><strong>id</strong></span> <span class='ocrx_word' id='word_1_284' title='bbox 1059 2388 1278 2458; x_wconf 88' lang='lat' dir='ltr'><strong>quidem</strong></span> <span class='ocrx_word' id='word_1_285' title='bbox 1312 2385 1674 2448; x_wconf 85' lang='lat' dir='ltr'><strong>committant,</strong></span> <span class='ocrx_word' id='word_1_286' title='bbox 1701 2381 1794 2438; x_wconf 84' lang='lat' dir='ltr'><strong>sed</strong></span> <span class='ocrx_word' id='word_1_287' title='bbox 1828 2381 1912 2435; x_wconf 90' lang='lat' dir='ltr'><strong>vel</strong></span> <span class='ocrx_word' id='word_1_288' title='bbox 1945 2381 1998 2433; x_wconf 93' lang='lat' dir='ltr'><strong>in</strong></span> 
     </span>
    </p>
   </div>
   <div class='ocr_carea' id='block_1_42' title="bbox 424 2474 2017 2549">
    <p class='ocr_par' dir='ltr' id='par_1_42' title="bbox 424 2474 2017 2549">
     <span class='ocr_line' id='line_1_42' title="bbox 424 2474 2017 2549; baseline -0.013 -3"><span class='ocrx_word' id='word_1_289' title='bbox 424 2489 631 2547; x_wconf 76' lang='lat' dir='ltr'><strong>Christi</strong></span> <span class='ocrx_word' id='word_1_290' title='bbox 678 2485 1023 2540; x_wconf 83' lang='lat' dir='ltr'><strong>invocatione</strong></span> <span class='ocrx_word' id='word_1_291' title='bbox 1071 2480 1376 2549; x_wconf 84' lang='lat' dir='ltr'><strong>haptizent,</strong></span> <span class='ocrx_word' id='word_1_292' title='bbox 1417 2476 1500 2531; x_wconf 85' lang='lat' dir='ltr'><strong>vel</strong></span> <span class='ocrx_word' id='word_1_293' title='bbox 1546 2476 1599 2529; x_wconf 93' lang='lat' dir='ltr'><strong>in</strong></span> <span class='ocrx_word' id='word_1_294' title='bbox 1638 2474 1759 2543; x_wconf 86' lang='lat' dir='ltr'><strong>eius</strong></span> <span class='ocrx_word' id='word_1_295' title='bbox 1801 2481 2017 2539; x_wconf 87' lang='lat' dir='ltr'><strong>morte,-</strong></span> 
     </span>
    </p>
   </div>
   <div class='ocr_carea' id='block_1_43' title="bbox 426 2563 2002 2647">
    <p class='ocr_par' dir='ltr' id='par_1_43' title="bbox 426 2563 2002 2647">
     <span class='ocr_line' id='line_1_43' title="bbox 426 2563 2002 2647; baseline -0.012 -11"><span class='ocrx_word' id='word_1_296' title='bbox 426 2585 508 2636; x_wconf 88' lang='lat' dir='ltr'><strong>vel</strong></span> <span class='ocrx_word' id='word_1_297' title='bbox 539 2582 699 2636; x_wconf 87' lang='lat' dir='ltr'><strong>aliam</strong></span> <span class='ocrx_word' id='word_1_298' title='bbox 737 2577 1036 2647; x_wconf 89' lang='lat' dir='ltr'><strong>quamlibet</strong></span> <span class='ocrx_word' id='word_1_299' title='bbox 1084 2573 1406 2637; x_wconf 88' lang='lat' dir='ltr'><strong>novitatem,</strong></span> <span class='ocrx_word' id='word_1_300' title='bbox 1459 2577 1656 2639; x_wconf 81' lang='lat' dir='ltr'><strong>praeter</strong></span> <span class='ocrx_word' id='word_1_301' title='bbox 1697 2563 2002 2620; x_wconf 86' lang='lat' dir='ltr'><strong>Servatoris</strong></span> 
     </span>
    </p>
   </div>
   <div class='ocr_carea' id='block_1_44' title="bbox 426 2658 2004 2739">
    <p class='ocr_par' dir='ltr' id='par_1_44' title="bbox 426 2658 2004 2739">
     <span class='ocr_line' id='line_1_44' title="bbox 426 2658 2004 2739; baseline -0.012 -9"><span class='ocrx_word' id='word_1_302' title='bbox 426 2673 796 2736; x_wconf 87' lang='lat' dir='ltr'><strong>traditionem,</strong></span> <span class='ocrx_word' id='word_1_303' title='bbox 829 2670 1170 2739; x_wconf 82' lang='lat' dir='ltr'><strong>excogitent;</strong></span> <span class='ocrx_word' id='word_1_304' title='bbox 1198 2680 1297 2735; x_wconf 81' lang='lat' dir='ltr'><strong>ego</strong></span> <span class='ocrx_word' id='word_1_305' title='bbox 1323 2664 1423 2719; x_wconf 90' lang='lat' dir='ltr'><strong>hos</strong></span> <span class='ocrx_word' id='word_1_306' title='bbox 1454 2661 1599 2716; x_wconf 87' lang='lat' dir='ltr'><strong>nulla</strong></span> <span class='ocrx_word' id='word_1_307' title='bbox 1632 2660 1786 2714; x_wconf 89' lang='lat' dir='ltr'><strong>venia</strong></span> <span class='ocrx_word' id='word_1_308' title='bbox 1811 2658 2004 2728; x_wconf 77' lang='lat' dir='ltr'><strong>digna-</strong></span> 
     </span>
    </p>
   </div>
   <div class='ocr_carea' id='block_1_45' title="bbox 427 2753 2046 2833">
    <p class='ocr_par' dir='ltr' id='par_1_45' title="bbox 427 2753 2046 2833">
     <span class='ocr_line' id='line_1_45' title="bbox 427 2753 2046 2833; baseline -0.017 -8"><span class='ocrx_word' id='word_1_309' title='bbox 427 2770 563 2833; x_wconf 85' lang='lat' dir='ltr'><strong>bor;</strong></span> <span class='ocrx_word' id='word_1_310' title='bbox 607 2767 700 2821; x_wconf 87' lang='lat' dir='ltr'><strong>sed</strong></span> <span class='ocrx_word' id='word_1_311' title='bbox 734 2781 856 2819; x_wconf 85' lang='lat' dir='ltr'><strong>eum</strong></span> <span class='ocrx_word' id='word_1_312' title='bbox 893 2762 984 2832; x_wconf 89' lang='lat' dir='ltr'><strong>qui</strong></span> <span class='ocrx_word' id='word_1_313' title='bbox 1023 2763 1104 2814; x_wconf 88' lang='lat' dir='ltr'><strong>vel</strong></span> <span class='ocrx_word' id='word_1_314' title='bbox 1137 2761 1190 2812; x_wconf 93' lang='lat' dir='ltr'><strong>in</strong></span> <span class='ocrx_word' id='word_1_315' title='bbox 1241 2773 1350 2810; x_wconf 90' lang='lat' dir='ltr'><strong>uno</strong></span> <span class='ocrx_word' id='word_1_316' title='bbox 1377 2753 1758 2824; x_wconf 85' lang='lat' dir='ltr'><strong>esupradictis</strong></span> <span class='ocrx_word' id='word_1_317' title='bbox 1805 2767 2004 2821; x_wconf 87' lang='lat' dir='ltr'><strong>pecca-</strong></span> <span class='ocrx_word' id='word_1_318' title='bbox 2044 2796 2046 2798; x_wconf 36' lang='grc' dir='ltr'><strong>τ</strong></span> 
     </span>
    </p>
   </div>
   <div class='ocr_carea' id='block_1_46' title="bbox 427 2839 2003 2917">
    <p class='ocr_par' dir='ltr' id='par_1_46' title="bbox 427 2839 2003 2917">
     <span class='ocr_line' id='line_1_46' title="bbox 427 2839 2003 2917; baseline -0.012 -3"><span class='ocrx_word' id='word_1_319' title='bbox 427 2861 564 2914; x_wconf 85' lang='lat' dir='ltr'><strong>verit</strong></span> <span class='ocrx_word' id='word_1_320' title='bbox 598 2859 680 2912; x_wconf 96' lang='lat' dir='ltr'><strong>vel</strong></span> <span class='ocrx_word' id='word_1_321' title='bbox 707 2857 759 2909; x_wconf 90' lang='lat' dir='ltr'><strong>in</strong></span> <span class='ocrx_word' id='word_1_322' title='bbox 789 2855 896 2910; x_wconf 89' lang='lat' dir='ltr'><strong>alio</strong></span> <span class='ocrx_word' id='word_1_323' title='bbox 925 2852 1114 2917; x_wconf 86' lang='lat' dir='ltr'><strong>simili,</strong></span> <span class='ocrx_word' id='word_1_324' title='bbox 1149 2850 1269 2903; x_wconf 89' lang='lat' dir='ltr'><strong>sine</strong></span> <span class='ocrx_word' id='word_1_325' title='bbox 1296 2847 1463 2902; x_wconf 91' lang='lat' dir='ltr'><strong>dubio</strong></span> <span class='ocrx_word' id='word_1_326' title='bbox 1485 2860 1637 2900; x_wconf 90' lang='lat' dir='ltr'><strong>reum</strong></span> <span class='ocrx_word' id='word_1_327' title='bbox 1676 2858 1853 2914; x_wconf 84' lang='lat' dir='ltr'><strong>agam.</strong></span> <span class='ocrx_word' id='word_1_328' title='bbox 1884 2839 2003 2896; x_wconf 88' lang='lat' dir='ltr'><strong>Non</strong></span> 
     </span>
    </p>
   </div>
   <div class='ocr_carea' id='block_1_47' title="bbox 427 2935 2007 3021">
    <p class='ocr_par' dir='ltr' id='par_1_47' title="bbox 427 2935 2007 3021">
     <span class='ocr_line' id='line_1_47' title="bbox 427 2935 2007 3021; baseline -0.015 -9"><span class='ocrx_word' id='word_1_329' title='bbox 427 2956 572 3012; x_wconf 80' lang='lat' dir='ltr'><strong>enim</strong></span> <span class='ocrx_word' id='word_1_330' title='bbox 624 2953 751 3021; x_wconf 89' lang='lat' dir='ltr'><strong>quia</strong></span> <span class='ocrx_word' id='word_1_331' title='bbox 797 2948 1078 3004; x_wconf 83' lang='lat' dir='ltr'><strong>nominum</strong></span> <span class='ocrx_word' id='word_1_332' title='bbox 1124 2943 1362 3013; x_wconf 86' lang='lat' dir='ltr'><strong>qualitas</strong></span> <span class='ocrx_word' id='word_1_333' title='bbox 1401 2939 1664 3003; x_wconf 82' lang='lat' dir='ltr'><strong>variatur,</strong></span> <span class='ocrx_word' id='word_1_334' title='bbox 1718 2937 1840 2991; x_wconf 90' lang='lat' dir='ltr'><strong>ideo</strong></span> <span class='ocrx_word' id='word_1_335' title='bbox 1892 2935 2007 2988; x_wconf 89' lang='lat' dir='ltr'><strong>leve</strong></span> 
     </span>
    </p>
   </div>
   <div class='ocr_carea' id='block_1_48' title="bbox 356 3029 2006 3104">
    <p class='ocr_par' dir='ltr' id='par_1_48' title="bbox 356 3029 2006 3104">
     <span class='ocr_line' id='line_1_48' title="bbox 356 3029 2006 3104; baseline -0.015 -1"><span class='ocrx_word' id='word_1_336' title='bbox 356 3072 359 3073; x_wconf 50' lang='grc' dir='ltr'><strong>ν</strong></span> <span class='ocrx_word' id='word_1_337' title='bbox 429 3049 634 3104; x_wconf 84' lang='lat' dir='ltr'><strong>crimen</strong></span> <span class='ocrx_word' id='word_1_338' title='bbox 662 3041 1046 3102; x_wconf 85' lang='lat' dir='ltr'><strong>contrahitur;</strong></span> <span class='ocrx_word' id='word_1_339' title='bbox 1083 3037 1177 3092; x_wconf 89' lang='lat' dir='ltr'><strong>sed</strong></span> <span class='ocrx_word' id='word_1_340' title='bbox 1212 3035 1340 3104; x_wconf 91' lang='lat' dir='ltr'><strong>quia</strong></span> <span class='ocrx_word' id='word_1_341' title='bbox 1391 3031 1708 3086; x_wconf 86' lang='lat' dir='ltr'><strong>mandatum</strong></span> <span class='ocrx_word' id='word_1_342' title='bbox 1745 3029 2006 3090; x_wconf 87' lang='lat' dir='ltr'><strong>violatur,</strong></span> 
     </span>
    </p>
   </div>
   <div class='ocr_carea' id='block_1_49' title="bbox 430 3119 2010 3193">
    <p class='ocr_par' dir='ltr' id='par_1_49' title="bbox 430 3119 2010 3193">
     <span class='ocr_line' id='line_1_49' title="bbox 430 3119 2010 3193; baseline -0.013 0"><span class='ocrx_word' id='word_1_343' title='bbox 430 3140 637 3193; x_wconf 61' lang='lat' dir='ltr'><strong>ideirco</strong></span> <span class='ocrx_word' id='word_1_344' title='bbox 672 3151 796 3190; x_wconf 91' lang='lat' dir='ltr'><strong>reus</strong></span> <span class='ocrx_word' id='word_1_345' title='bbox 830 3129 1181 3187; x_wconf 88' lang='lat' dir='ltr'><strong>damnatione</strong></span> <span class='ocrx_word' id='word_1_346' title='bbox 1213 3125 1422 3180; x_wconf 89' lang='lat' dir='ltr'><strong>feritur.</strong></span> <span class='ocrx_word' id='word_1_347' title='bbox 1452 3124 1581 3178; x_wconf 64' lang='lat' dir='ltr'><strong>1122c</strong></span> <span class='ocrx_word' id='word_1_348' title='bbox 1608 3120 1812 3175; x_wconf 88' lang='lat' dir='ltr'><strong>Paulus</strong></span> <span class='ocrx_word' id='word_1_349' title='bbox 1837 3119 2010 3174; x_wconf 84' lang='lat' dir='ltr'><strong>eccle-</strong></span> 
     </span>
    </p>
   </div>
   <div class='ocr_carea' id='block_1_50' title="bbox 431 3209 2010 3290">
    <p class='ocr_par' dir='ltr' id='par_1_50' title="bbox 431 3209 2010 3290">
     <span class='ocr_line' id='line_1_50' title="bbox 431 3209 2010 3290; baseline -0.016 -5"><span class='ocrx_word' id='word_1_350' title='bbox 431 3235 525 3286; x_wconf 72' lang='lat' dir='ltr'><strong>siae</strong></span> <span class='ocrx_word' id='word_1_351' title='bbox 552 3237 758 3288; x_wconf 73' lang='lat' dir='ltr'><strong>orator,</strong></span> <span class='ocrx_word' id='word_1_352' title='bbox 796 3222 934 3277; x_wconf 91' lang='lat' dir='ltr'><strong>mori</strong></span> <span class='ocrx_word' id='word_1_353' title='bbox 967 3220 1130 3290; x_wconf 84' lang='lat' dir='ltr'><strong>hujus</strong></span> <span class='ocrx_word' id='word_1_354' title='bbox 1163 3217 1427 3287; x_wconf 80' lang='lat' dir='ltr'><strong>praxique</strong></span> <span class='ocrx_word' id='word_1_355' title='bbox 1471 3212 1845 3283; x_wconf 86' lang='lat' dir='ltr'><strong>patrocinaus,</strong></span> <span class='ocrx_word' id='word_1_356' title='bbox 1888 3209 2010 3262; x_wconf 84' lang='lat' dir='ltr'><strong>Ser-</strong></span> 
     </span>
    </p>
   </div>
   <div class='ocr_carea' id='block_1_51' title="bbox 431 3299 2012 3386">
    <p class='ocr_par' dir='ltr' id='par_1_51' title="bbox 431 3299 2012 3386">
     <span class='ocr_line' id='line_1_51' title="bbox 431 3299 2012 3386; baseline -0.013 -14"><span class='ocrx_word' id='word_1_357' title='bbox 431 3320 638 3374; x_wconf 84' lang='lat' dir='ltr'><strong>valoris</strong></span> <span class='ocrx_word' id='word_1_358' title='bbox 685 3323 1012 3386; x_wconf 67' lang='lat' dir='ltr'><strong>praeceptum</strong></span> <span class='ocrx_word' id='word_1_359' title='bbox 1054 3309 1410 3369; x_wconf 88' lang='lat' dir='ltr'><strong>conﬁrmans,</strong></span> <span class='ocrx_word' id='word_1_360' title='bbox 1447 3319 1510 3358; x_wconf 91' lang='lat' dir='ltr'><strong>os</strong></span> <span class='ocrx_word' id='word_1_361' title='bbox 1560 3302 1780 3356; x_wconf 90' lang='lat' dir='ltr'><strong>illorum</strong></span> <span class='ocrx_word' id='word_1_362' title='bbox 1829 3299 2012 3354; x_wconf 89' lang='lat' dir='ltr'><strong>occlu-</strong></span> 
     </span>
    </p>
   </div>
   <div class='ocr_carea' id='block_1_52' title="bbox 434 3394 2009 3478">
    <p class='ocr_par' dir='ltr' id='par_1_52' title="bbox 434 3394 2009 3478">
     <span class='ocr_line' id='line_1_52' title="bbox 434 3394 2009 3478; baseline -0.015 -12"><span class='ocrx_word' id='word_1_363' title='bbox 434 3413 568 3466; x_wconf 89' lang='lat' dir='ltr'><strong>dens</strong></span> <span class='ocrx_word' id='word_1_364' title='bbox 599 3409 690 3478; x_wconf 92' lang='lat' dir='ltr'><strong>qui</strong></span> <span class='ocrx_word' id='word_1_365' title='bbox 721 3403 1055 3460; x_wconf 86' lang='lat' dir='ltr'><strong>contrarium</strong></span> <span class='ocrx_word' id='word_1_366' title='bbox 1094 3398 1340 3454; x_wconf 84' lang='lat' dir='ltr'><strong>factitare</strong></span> <span class='ocrx_word' id='word_1_367' title='bbox 1385 3394 1503 3449; x_wconf 86' lang='lat' dir='ltr'><strong>ausi</strong></span> <span class='ocrx_word' id='word_1_368' title='bbox 1545 3401 1752 3458; x_wconf 86' lang='lat' dir='ltr'><strong>essent,</strong></span> <span class='ocrx_word' id='word_1_369' title='bbox 1781 3406 2009 3445; x_wconf 84' lang='lat' dir='ltr'><strong>suorum</strong></span> 
     </span>
    </p>
   </div>
   <div class='ocr_carea' id='block_1_53' title="bbox 434 3480 2014 3556">
    <p class='ocr_par' dir='ltr' id='par_1_53' title="bbox 434 3480 2014 3556">
     <span class='ocr_line' id='line_1_53' title="bbox 434 3480 2014 3556; baseline -0.015 -3"><span class='ocrx_word' id='word_1_370' title='bbox 434 3508 614 3554; x_wconf 88' lang='lat' dir='ltr'><strong>autem</strong></span> <span class='ocrx_word' id='word_1_371' title='bbox 646 3498 700 3550; x_wconf 92' lang='lat' dir='ltr'><strong>in</strong></span> <span class='ocrx_word' id='word_1_372' title='bbox 733 3492 1000 3547; x_wconf 74' lang='lat' dir='ltr'><strong>electione</strong></span> <span class='ocrx_word' id='word_1_373' title='bbox 1042 3499 1096 3543; x_wconf 89' lang='lat' dir='ltr'><strong>et</strong></span> <span class='ocrx_word' id='word_1_374' title='bbox 1141 3485 1446 3556; x_wconf 85' lang='lat' dir='ltr'><strong>apostolatu</strong></span> <span class='ocrx_word' id='word_1_375' title='bbox 1486 3496 1878 3552; x_wconf 70' lang='lat' dir='ltr'><strong>praecessorum</strong></span> <span class='ocrx_word' id='word_1_376' title='bbox 1915 3480 2014 3533; x_wconf 87' lang='lat' dir='ltr'><strong>de-</strong></span> 
     </span>
    </p>
   </div>
   <div class='ocr_carea' id='block_1_54' title="bbox 435 3570 2016 3656">
    <p class='ocr_par' dir='ltr' id='par_1_54' title="bbox 435 3570 2016 3656">
     <span class='ocr_line' id='line_1_54' title="bbox 435 3570 2016 3656; baseline -0.015 -8"><span class='ocrx_word' id='word_1_377' title='bbox 435 3602 582 3648; x_wconf 85' lang='lat' dir='ltr'><strong>creta</strong></span> <span class='ocrx_word' id='word_1_378' title='bbox 617 3587 796 3656; x_wconf 82' lang='lat' dir='ltr'><strong>sigillo</strong></span> <span class='ocrx_word' id='word_1_379' title='bbox 820 3583 1091 3636; x_wconf 86' lang='lat' dir='ltr'><strong>muniens.</strong></span> <span class='ocrx_word' id='word_1_380' title='bbox 1123 3577 1203 3631; x_wconf 90' lang='lat' dir='ltr'><strong>Tu</strong></span> <span class='ocrx_word' id='word_1_381' title='bbox 1237 3591 1362 3630; x_wconf 90' lang='lat' dir='ltr'><strong>vero</strong></span> <span class='ocrx_word' id='word_1_382' title='bbox 1389 3573 1518 3645; x_wconf 89' lang='lat' dir='ltr'><strong>quid</strong></span> <span class='ocrx_word' id='word_1_383' title='bbox 1542 3573 1654 3644; x_wconf 90' lang='lat' dir='ltr'><strong>jam</strong></span> <span class='ocrx_word' id='word_1_384' title='bbox 1684 3571 1806 3626; x_wconf 86' lang='lat' dir='ltr'><strong>ais?</strong></span> <span class='ocrx_word' id='word_1_385' title='bbox 1831 3570 2016 3624; x_wconf 75' lang='lat' dir='ltr'><strong>fierine</strong></span> 
     </span>
    </p>
   </div>
   <div class='ocr_carea' id='block_1_55' title="bbox 434 3662 2017 3754">
    <p class='ocr_par' dir='ltr' id='par_1_55' title="bbox 434 3662 2017 3754">
     <span class='ocr_line' id='line_1_55' title="bbox 434 3662 2017 3754; baseline -0.015 -15"><span class='ocrx_word' id='word_1_386' title='bbox 434 3682 611 3754; x_wconf 84' lang='lat' dir='ltr'><strong>potuit</strong></span> <span class='ocrx_word' id='word_1_387' title='bbox 650 3689 709 3733; x_wconf 93' lang='lat' dir='ltr'><strong>ut</strong></span> <span class='ocrx_word' id='word_1_388' title='bbox 753 3674 982 3748; x_wconf 88' lang='lat' dir='ltr'><strong>apostoli</strong></span> <span class='ocrx_word' id='word_1_389' title='bbox 1031 3668 1518 3741; x_wconf 78' lang='lat' dir='ltr'><strong>transgressionem</strong></span> <span class='ocrx_word' id='word_1_390' title='bbox 1563 3665 1686 3720; x_wconf 89' lang='lat' dir='ltr'><strong>aliis</strong></span> <span class='ocrx_word' id='word_1_391' title='bbox 1718 3662 2017 3733; x_wconf 85' lang='lat' dir='ltr'><strong>exprobra-</strong></span> 
     </span>
    </p>
   </div>
   <div class='ocr_carea' id='block_1_56' title="bbox 437 3753 2016 3838">
    <p class='ocr_par' dir='ltr' id='par_1_56' title="bbox 437 3753 2016 3838">
     <span class='ocr_line' id='line_1_56' title="bbox 437 3753 2016 3838; baseline -0.013 -10"><span class='ocrx_word' id='word_1_392' title='bbox 437 3781 579 3836; x_wconf 86' lang='lat' dir='ltr'><strong>rent,</strong></span> <span class='ocrx_word' id='word_1_393' title='bbox 614 3769 714 3838; x_wconf 81' lang='lat' dir='ltr'><strong>ipsi</strong></span> <span class='ocrx_word' id='word_1_394' title='bbox 756 3764 999 3837; x_wconf 82' lang='lat' dir='ltr'><strong>magistri</strong></span> <span class='ocrx_word' id='word_1_395' title='bbox 1033 3757 1494 3829; x_wconf 74' lang='lat' dir='ltr'><strong>transgressionis</strong></span> <span class='ocrx_word' id='word_1_396' title='bbox 1516 3755 1728 3811; x_wconf 86' lang='lat' dir='ltr'><strong>essent?</strong></span> <span class='ocrx_word' id='word_1_397' title='bbox 1759 3765 1923 3823; x_wconf 85' lang='lat' dir='ltr'><strong>atque</strong></span> <span class='ocrx_word' id='word_1_398' title='bbox 1949 3753 2016 3808; x_wconf 89' lang='lat' dir='ltr'><strong>ab</strong></span> 
     </span>
    </p>
   </div>
   <div class='ocr_carea' id='block_1_57' title="bbox 437 3849 2017 3928">
    <p class='ocr_par' dir='ltr' id='par_1_57' title="bbox 437 3849 2017 3928">
     <span class='ocr_line' id='line_1_57' title="bbox 437 3849 2017 3928; baseline -0.013 -7"><span class='ocrx_word' id='word_1_399' title='bbox 437 3866 560 3921; x_wconf 90' lang='lat' dir='ltr'><strong>aliis</strong></span> <span class='ocrx_word' id='word_1_400' title='bbox 585 3877 742 3918; x_wconf 70' lang='lat' dir='ltr'><strong>noxa:</strong></span> <span class='ocrx_word' id='word_1_401' title='bbox 769 3873 957 3928; x_wconf 80' lang='lat' dir='ltr'><strong>poenas</strong></span> <span class='ocrx_word' id='word_1_402' title='bbox 997 3861 1384 3924; x_wconf 89' lang='lat' dir='ltr'><strong>reposcerent;</strong></span> <span class='ocrx_word' id='word_1_403' title='bbox 1419 3851 1521 3920; x_wconf 89' lang='lat' dir='ltr'><strong>ipsi</strong></span> <span class='ocrx_word' id='word_1_404' title='bbox 1558 3849 1781 3918; x_wconf 89' lang='lat' dir='ltr'><strong>impune</strong></span> <span class='ocrx_word' id='word_1_405' title='bbox 1821 3861 2017 3916; x_wconf 90' lang='lat' dir='ltr'><strong>pecca-</strong></span> 
     </span>
    </p>
   </div>
   <div class='ocr_carea' id='block_1_58' title="bbox 437 3941 2020 4019">
    <p class='ocr_par' dir='ltr' id='par_1_58' title="bbox 437 3941 2020 4019">
     <span class='ocr_line' id='line_1_58' title="bbox 437 3941 2020 4019; baseline -0.015 -1"><span class='ocrx_word' id='word_1_406' title='bbox 437 3973 592 4016; x_wconf 84' lang='lat' dir='ltr'><strong>turos</strong></span> <span class='ocrx_word' id='word_1_407' title='bbox 623 3972 681 4015; x_wconf 89' lang='lat' dir='ltr'><strong>se</strong></span> <span class='ocrx_word' id='word_1_408' title='bbox 709 3950 1025 4009; x_wconf 84' lang='lat' dir='ltr'><strong>crederent?</strong></span> <span class='ocrx_word' id='word_1_409' title='bbox 1056 3947 1186 4019; x_wconf 90' lang='lat' dir='ltr'><strong>quid</strong></span> <span class='ocrx_word' id='word_1_410' title='bbox 1214 3945 1385 4016; x_wconf 90' lang='lat' dir='ltr'><strong>quod,</strong></span> <span class='ocrx_word' id='word_1_411' title='bbox 1429 3943 1475 3998; x_wconf 90' lang='lat' dir='ltr'><strong>si</strong></span> <span class='ocrx_word' id='word_1_412' title='bbox 1510 3943 1638 4013; x_wconf 90' lang='lat' dir='ltr'><strong>quid</strong></span> <span class='ocrx_word' id='word_1_413' title='bbox 1684 3941 1776 3997; x_wconf 90' lang='lat' dir='ltr'><strong>alii</strong></span> <span class='ocrx_word' id='word_1_414' title='bbox 1826 3956 2020 4012; x_wconf 82' lang='lat' dir='ltr'><strong>pecca-</strong></span> 
     </span>
    </p>
   </div>
   <div class='ocr_carea' id='block_1_59' title="bbox 436 4031 2013 4115">
    <p class='ocr_par' dir='ltr' id='par_1_59' title="bbox 436 4031 2013 4115">
     <span class='ocr_line' id='line_1_59' title="bbox 436 4031 2013 4115; baseline -0.016 -5"><span class='ocrx_word' id='word_1_415' title='bbox 436 4057 591 4115; x_wconf 78' lang='lat' dir='ltr'><strong>bant,</strong></span> <span class='ocrx_word' id='word_1_416' title='bbox 627 4049 673 4104; x_wconf 90' lang='lat' dir='ltr'><strong>si</strong></span> <span class='ocrx_word' id='word_1_417' title='bbox 729 4057 908 4105; x_wconf 82' lang='lat' dir='ltr'><strong>tamen</strong></span> <span class='ocrx_word' id='word_1_418' title='bbox 962 4041 1280 4112; x_wconf 89' lang='lat' dir='ltr'><strong>peccabant,</strong></span> <span class='ocrx_word' id='word_1_419' title='bbox 1336 4037 1440 4106; x_wconf 89' lang='lat' dir='ltr'><strong>ipsi</strong></span> <span class='ocrx_word' id='word_1_420' title='bbox 1504 4035 1575 4089; x_wconf 92' lang='lat' dir='ltr'><strong>ob</strong></span> <span class='ocrx_word' id='word_1_421' title='bbox 1634 4034 1686 4089; x_wconf 87' lang='lat' dir='ltr'><strong>id</strong></span> <span class='ocrx_word' id='word_1_422' title='bbox 1745 4031 2013 4104; x_wconf 75' lang='lat' dir='ltr'><strong>plcetendi</strong></span> 
     </span>
    </p>
   </div>
   <div class='ocr_carea' id='block_1_60' title="bbox 437 4127 2017 4212">
    <p class='ocr_par' dir='ltr' id='par_1_60' title="bbox 437 4127 2017 4212">
     <span class='ocr_line' id='line_1_60' title="bbox 437 4127 2017 4212; baseline -0.015 -9"><span class='ocrx_word' id='word_1_423' title='bbox 437 4155 614 4209; x_wconf 83' lang='lat' dir='ltr'><strong>erant,</strong></span> <span class='ocrx_word' id='word_1_424' title='bbox 643 4143 769 4212; x_wconf 88' lang='lat' dir='ltr'><strong>quia</strong></span> <span class='ocrx_word' id='word_1_425' title='bbox 796 4154 964 4194; x_wconf 90' lang='lat' dir='ltr'><strong>causa</strong></span> <span class='ocrx_word' id='word_1_426' title='bbox 996 4134 1247 4191; x_wconf 86' lang='lat' dir='ltr'><strong>criminis</strong></span> <span class='ocrx_word' id='word_1_427' title='bbox 1271 4131 1376 4186; x_wconf 89' lang='lat' dir='ltr'><strong>illis</strong></span> <span class='ocrx_word' id='word_1_428' title='bbox 1409 4127 1668 4184; x_wconf 84' lang='lat' dir='ltr'><strong>fuerant?</strong></span> <span class='ocrx_word' id='word_1_429' title='bbox 1695 4128 1798 4193; x_wconf 74' lang='lat' dir='ltr'><strong>Sed</strong></span> <span class='ocrx_word' id='word_1_430' title='bbox 1834 4127 2017 4182; x_wconf 87' lang='lat' dir='ltr'><strong>hacte-</strong></span> 
     </span>
    </p>
   </div>
   <div class='ocr_carea' id='block_1_61' title="bbox 439 4232 1031 4295">
    <p class='ocr_par' dir='ltr' id='par_1_61' title="bbox 439 4232 1031 4295">
     <span class='ocr_line' id='line_1_61' title="bbox 439 4232 1031 4295; baseline -0.024 0"><span class='ocrx_word' id='word_1_431' title='bbox 439 4256 548 4295; x_wconf 89' lang='lat' dir='ltr'><strong>nus</strong></span> <span class='ocrx_word' id='word_1_432' title='bbox 575 4237 712 4292; x_wconf 83' lang='lat' dir='ltr'><strong>dicta</strong></span> <span class='ocrx_word' id='word_1_433' title='bbox 739 4232 1031 4290; x_wconf 74' lang='lat' dir='ltr'><strong>sufﬁciant.</strong></span> 
     </span>
    </p>
   </div>
   <div class='ocr_carea' id='block_1_62' title="bbox 2097 1915 3660 1990">
    <p class='ocr_par' dir='ltr' id='par_1_62' title="bbox 2097 1915 3660 1990">
     <span class='ocr_line' id='line_1_62' title="bbox 2097 1915 3660 1990; baseline -0.004 -17"><span class='ocrx_word' id='word_1_434' title='bbox 2097 1922 2223 1984; x_wconf 85' lang='grc' dir='ltr'>τοὺς</span> <span class='ocrx_word' id='word_1_435' title='bbox 2265 1919 2388 1973; x_wconf 81' lang='grc' dir='ltr'>καθ’</span> <span class='ocrx_word' id='word_1_436' title='bbox 2419 1919 2609 1990; x_wconf 75' lang='grc' dir='ltr'>ἔτερόν</span> <span class='ocrx_word' id='word_1_437' title='bbox 2634 1935 2759 1972; x_wconf 89' lang='grc' dir='ltr'>τινα</span> <span class='ocrx_word' id='word_1_438' title='bbox 2784 1917 2984 1989; x_wconf 83' lang='grc' dir='ltr'>τρόπον</span> <span class='ocrx_word' id='word_1_439' title='bbox 3014 1916 3296 1988; x_wconf 76' lang='grc' dir='ltr'>βαπτίζειν</span> <span class='ocrx_word' id='word_1_440' title='bbox 3330 1915 3660 1985; x_wconf 75' lang='grc' dir='ltr'>ἀποτολμῶν·</span> 
     </span>
    </p>
   </div>
   <div class='ocr_carea' id='block_1_63' title="bbox 2097 2005 3660 2084">
    <p class='ocr_par' dir='ltr' id='par_1_63' title="bbox 2097 2005 3660 2084">
     <span class='ocr_line' id='line_1_63' title="bbox 2097 2005 3660 2084; baseline -0.006 -18"><span class='ocrx_word' id='word_1_441' title='bbox 2097 2030 2196 2076; x_wconf 86' lang='grc' dir='ltr'><strong>τας</strong></span> <span class='ocrx_word' id='word_1_442' title='bbox 2227 2013 2318 2066; x_wconf 76' lang='grc' dir='ltr'><strong>καὶ</strong></span> <span class='ocrx_word' id='word_1_443' title='bbox 2347 2014 2421 2084; x_wconf 81' lang='grc' dir='ltr'>μὴ</span> <span class='ocrx_word' id='word_1_444' title='bbox 2458 2011 2601 2064; x_wconf 82' lang='grc' dir='ltr'>κατὰ</span> <span class='ocrx_word' id='word_1_445' title='bbox 2629 2011 2730 2082; x_wconf 80' lang='grc' dir='ltr'><strong>τὴν</strong></span> <span class='ocrx_word' id='word_1_446' title='bbox 2756 2009 3092 2080; x_wconf 79' lang='grc' dir='ltr'>Δεσποτικῆν</span> <span class='ocrx_word' id='word_1_447' title='bbox 3137 2010 3546 2079; x_wconf 81' lang='grc' dir='ltr'>μυσταγωγίαν,</span> <span class='ocrx_word' id='word_1_448' title='bbox 3571 2005 3660 2059; x_wconf 70' lang='grc' dir='ltr'>κᾶν</span> 
     </span>
    </p>
   </div>
   <div class='ocr_carea' id='block_1_64' title="bbox 2099 2098 3659 2175">
    <p class='ocr_par' dir='ltr' id='par_1_64' title="bbox 2099 2098 3659 2175">
     <span class='ocr_line' id='line_1_64' title="bbox 2099 2098 3659 2175; baseline -0.005 -19"><span class='ocrx_word' id='word_1_449' title='bbox 2099 2105 2198 2173; x_wconf 83' lang='grc' dir='ltr'><strong>τῆς</strong></span> <span class='ocrx_word' id='word_1_450' title='bbox 2225 2103 2453 2175; x_wconf 87' lang='grc' dir='ltr'>Τριάδος</span> <span class='ocrx_word' id='word_1_451' title='bbox 2499 2101 2761 2173; x_wconf 80' lang='grc' dir='ltr'>ἰσάριθμα</span> <span class='ocrx_word' id='word_1_452' title='bbox 2803 2101 2874 2155; x_wconf 75' lang='grc' dir='ltr'><strong>τά</strong></span> <span class='ocrx_word' id='word_1_453' title='bbox 2897 2101 3136 2170; x_wconf 81' lang='grc' dir='ltr'>ὀνόματα</span> <span class='ocrx_word' id='word_1_454' title='bbox 3170 2098 3659 2173; x_wconf 80' lang='grc' dir='ltr'>παραλαμϐάνωσι,</span> 
     </span>
    </p>
   </div>
   <div class='ocr_carea' id='block_1_65' title="bbox 2101 2190 3662 2266">
    <p class='ocr_par' dir='ltr' id='par_1_65' title="bbox 2101 2190 3662 2266">
     <span class='ocr_line' id='line_1_65' title="bbox 2101 2190 3662 2266; baseline -0.005 -16"><span class='ocrx_word' id='word_1_455' title='bbox 2101 2197 2202 2250; x_wconf 73' lang='grc' dir='ltr'><strong>κᾶν</strong></span> <span class='ocrx_word' id='word_1_456' title='bbox 2238 2197 2393 2250; x_wconf 80' lang='grc' dir='ltr'>οὐδὲν</span> <span class='ocrx_word' id='word_1_457' title='bbox 2428 2197 2526 2266; x_wconf 86' lang='grc' dir='ltr'><strong>μὲν</strong></span> <span class='ocrx_word' id='word_1_458' title='bbox 2558 2195 2668 2248; x_wconf 78' lang='grc' dir='ltr'><strong>τῶν</strong></span> <span class='ocrx_word' id='word_1_459' title='bbox 2698 2194 2874 2249; x_wconf 82' lang='grc' dir='ltr'>ἄλλων</span> <span class='ocrx_word' id='word_1_460' title='bbox 2907 2192 3400 2265; x_wconf 84' lang='grc' dir='ltr'>παραχαράττωσι,</span> <span class='ocrx_word' id='word_1_461' title='bbox 3435 2190 3520 2244; x_wconf 85' lang='grc' dir='ltr'><strong>διά</strong></span> <span class='ocrx_word' id='word_1_462' title='bbox 3551 2191 3662 2260; x_wconf 81' lang='grc' dir='ltr'>μιᾶς</span> 
     </span>
    </p>
   </div>
   <div class='ocr_carea' id='block_1_66' title="bbox 2101 2280 3664 2357">
    <p class='ocr_par' dir='ltr' id='par_1_66' title="bbox 2101 2280 3664 2357">
     <span class='ocr_line' id='line_1_66' title="bbox 2101 2280 3664 2357; baseline -0.006 -13"><span class='ocrx_word' id='word_1_463' title='bbox 2101 2291 2156 2344; x_wconf 79' lang='grc' dir='ltr'><strong>δὲ</strong></span> <span class='ocrx_word' id='word_1_464' title='bbox 2188 2289 2540 2351; x_wconf 80' lang='grc' dir='ltr'>καταδύσεως</span> <span class='ocrx_word' id='word_1_465' title='bbox 2561 2288 2622 2340; x_wconf 74' lang='grc' dir='ltr'>τὸ</span> <span class='ocrx_word' id='word_1_466' title='bbox 2651 2286 2932 2357; x_wconf 82' lang='grc' dir='ltr'>βάπτισμα</span> <span class='ocrx_word' id='word_1_467' title='bbox 2963 2284 3330 2356; x_wconf 82' lang='grc' dir='ltr'>ἀπαρτίζωσι,</span> <span class='ocrx_word' id='word_1_468' title='bbox 3383 2283 3484 2336; x_wconf 79' lang='grc' dir='ltr'>κᾶν</span> <span class='ocrx_word' id='word_1_469' title='bbox 3547 2280 3664 2352; x_wconf 76' lang='grc' dir='ltr'>μηδὲ</span> 
     </span>
    </p>
   </div>
   <div class='ocr_carea' id='block_1_67' title="bbox 2100 2375 3666 2452">
    <p class='ocr_par' dir='ltr' id='par_1_67' title="bbox 2100 2375 3666 2452">
     <span class='ocr_line' id='line_1_67' title="bbox 2100 2375 3666 2452; baseline -0.007 -15"><span class='ocrx_word' id='word_1_470' title='bbox 2100 2386 2311 2446; x_wconf 83' lang='grc' dir='ltr'>τούτοις</span> <span class='ocrx_word' id='word_1_471' title='bbox 2361 2383 2691 2452; x_wconf 81' lang='grc' dir='ltr'>ἐνέχωνται,</span> <span class='ocrx_word' id='word_1_472' title='bbox 2723 2382 2802 2443; x_wconf 88' lang='grc' dir='ltr'>εἰς</span> <span class='ocrx_word' id='word_1_473' title='bbox 2853 2380 2909 2432; x_wconf 83' lang='grc' dir='ltr'>δὲ</span> <span class='ocrx_word' id='word_1_474' title='bbox 2947 2379 3048 2449; x_wconf 77' lang='grc' dir='ltr'>τὴν</span> <span class='ocrx_word' id='word_1_475' title='bbox 3091 2378 3189 2432; x_wconf 82' lang='grc' dir='ltr'><strong>τοῦ</strong></span> <span class='ocrx_word' id='word_1_476' title='bbox 3215 2376 3454 2450; x_wconf 78' lang='grc' dir='ltr'>Χριστοῦ</span> <span class='ocrx_word' id='word_1_477' title='bbox 3495 2375 3666 2444; x_wconf 83' lang='grc' dir='ltr'>κλῆσιν</span> 
     </span>
    </p>
   </div>
   <div class='ocr_carea' id='block_1_68' title="bbox 2106 2463 3665 2546">
    <p class='ocr_par' dir='ltr' id='par_1_68' title="bbox 2106 2463 3665 2546">
     <span class='ocr_line' id='line_1_68' title="bbox 2106 2463 3665 2546; baseline -0.008 -19"><span class='ocrx_word' id='word_1_478' title='bbox 2106 2473 2466 2546; x_wconf 76' lang='grc' dir='ltr'>βαπτίζωσιν,</span> <span class='ocrx_word' id='word_1_479' title='bbox 2490 2473 2523 2541; x_wconf 77' lang='grc' dir='ltr'><strong>ἢ</strong></span> <span class='ocrx_word' id='word_1_480' title='bbox 2563 2473 2643 2535; x_wconf 85' lang='grc' dir='ltr'><strong>είς</strong></span> <span class='ocrx_word' id='word_1_481' title='bbox 2689 2470 2786 2540; x_wconf 81' lang='grc' dir='ltr'>τὴν</span> <span class='ocrx_word' id='word_1_482' title='bbox 2829 2467 2924 2522; x_wconf 84' lang='grc' dir='ltr'><strong>τοῦ</strong></span> <span class='ocrx_word' id='word_1_483' title='bbox 2964 2467 3198 2521; x_wconf 86' lang='grc' dir='ltr'>θανάτου</span> <span class='ocrx_word' id='word_1_484' title='bbox 3239 2467 3430 2530; x_wconf 83' lang='grc' dir='ltr'>αὐτοῦ,</span> <span class='ocrx_word' id='word_1_485' title='bbox 3464 2463 3558 2517; x_wconf 81' lang='grc' dir='ltr'>κᾶν</span> <span class='ocrx_word' id='word_1_486' title='bbox 3588 2463 3665 2516; x_wconf 77' lang='grc' dir='ltr'>άλ-</span> 
     </span>
    </p>
   </div>
   <div class='ocr_carea' id='block_1_69' title="bbox 2103 2553 3668 2637">
    <p class='ocr_par' dir='ltr' id='par_1_69' title="bbox 2103 2553 3668 2637">
     <span class='ocr_line' id='line_1_69' title="bbox 2103 2553 3668 2637; baseline -0.01 -15"><span class='ocrx_word' id='word_1_487' title='bbox 2103 2569 2203 2637; x_wconf 89' lang='grc' dir='ltr'><strong>λην</strong></span> <span class='ocrx_word' id='word_1_488' title='bbox 2217 2569 2338 2620; x_wconf 71' lang='grc' dir='ltr'>τινὰ</span> <span class='ocrx_word' id='word_1_489' title='bbox 2358 2565 2601 2618; x_wconf 80' lang='grc' dir='ltr'>ἐπίνοιαν</span> <span class='ocrx_word' id='word_1_490' title='bbox 2621 2564 2949 2632; x_wconf 85' lang='grc' dir='ltr'>ἐπινοήσωσι</span> <span class='ocrx_word' id='word_1_491' title='bbox 2964 2559 3395 2630; x_wconf 85' lang='grc' dir='ltr'>καινοτομοῦσαν</span> <span class='ocrx_word' id='word_1_492' title='bbox 3416 2557 3513 2628; x_wconf 77' lang='grc' dir='ltr'><strong>τὴν</strong></span> <span class='ocrx_word' id='word_1_493' title='bbox 3535 2553 3668 2610; x_wconf 82' lang='grc' dir='ltr'>θείαν</span> 
     </span>
    </p>
   </div>
   <div class='ocr_carea' id='block_1_70' title="bbox 2105 2651 3669 2728">
    <p class='ocr_par' dir='ltr' id='par_1_70' title="bbox 2105 2651 3669 2728">
     <span class='ocr_line' id='line_1_70' title="bbox 2105 2651 3669 2728; baseline -0.01 -14"><span class='ocrx_word' id='word_1_494' title='bbox 2105 2660 2269 2714; x_wconf 77' lang='grc' dir='ltr'>αὐτοῦ</span> <span class='ocrx_word' id='word_1_495' title='bbox 2297 2660 2389 2713; x_wconf 72' lang='grc' dir='ltr'>καὶ</span> <span class='ocrx_word' id='word_1_496' title='bbox 2419 2659 2683 2728; x_wconf 90' lang='grc' dir='ltr'>σωτήριον</span> <span class='ocrx_word' id='word_1_497' title='bbox 2721 2655 3040 2726; x_wconf 82' lang='grc' dir='ltr'>παράδοσιν,</span> <span class='ocrx_word' id='word_1_498' title='bbox 3084 2653 3339 2722; x_wconf 80' lang='grc' dir='ltr'>οὐδεμιᾶς</span> <span class='ocrx_word' id='word_1_499' title='bbox 3367 2651 3541 2720; x_wconf 80' lang='grc' dir='ltr'>ἐγωγε</span> <span class='ocrx_word' id='word_1_500' title='bbox 3569 2664 3669 2716; x_wconf 78' lang='grc' dir='ltr'>φει-</span> 
     </span>
    </p>
   </div>
   <div class='ocr_carea' id='block_1_71' title="bbox 2105 2739 3672 2826">
    <p class='ocr_par' dir='ltr' id='par_1_71' title="bbox 2105 2739 3672 2826">
     <span class='ocr_line' id='line_1_71' title="bbox 2105 2739 3672 2826; baseline -0.01 -20"><span class='ocrx_word' id='word_1_501' title='bbox 2105 2752 2229 2815; x_wconf 88' lang='grc' dir='ltr'>δοῦς</span> <span class='ocrx_word' id='word_1_502' title='bbox 2253 2753 2380 2814; x_wconf 82' lang='grc' dir='ltr'>τοὺς</span> <span class='ocrx_word' id='word_1_503' title='bbox 2417 2751 2693 2813; x_wconf 84' lang='grc' dir='ltr'>τοιούτους</span> <span class='ocrx_word' id='word_1_504' title='bbox 2727 2746 3023 2826; x_wconf 75' lang='grc' dir='ltr'>ἀξιώσαιμι</span> <span class='ocrx_word' id='word_1_505' title='bbox 3047 2762 3060 2777; x_wconf 76' lang='grc' dir='ltr'><strong><em>ο</em></strong></span> <span class='ocrx_word' id='word_1_506' title='bbox 3085 2745 3220 2799; x_wconf 82' lang='grc' dir='ltr'>ἀλλὰ</span> <span class='ocrx_word' id='word_1_507' title='bbox 3249 2744 3339 2796; x_wconf 84' lang='grc' dir='ltr'><strong>τὸν</strong></span> <span class='ocrx_word' id='word_1_508' title='bbox 3366 2741 3452 2810; x_wconf 81' lang='grc' dir='ltr'><strong>ἐφ’</strong></span> <span class='ocrx_word' id='word_1_509' title='bbox 3474 2740 3552 2793; x_wconf 73' lang='grc' dir='ltr'>ἐνὶ</span> <span class='ocrx_word' id='word_1_510' title='bbox 3578 2739 3672 2792; x_wconf 73' lang='grc' dir='ltr'>τινὶ</span> 
     </span>
    </p>
   </div>
   <div class='ocr_carea' id='block_1_72' title="bbox 2107 2829 3673 2913">
    <p class='ocr_par' dir='ltr' id='par_1_72' title="bbox 2107 2829 3673 2913">
     <span class='ocr_line' id='line_1_72' title="bbox 2107 2829 3673 2913; baseline -0.009 -17"><span class='ocrx_word' id='word_1_511' title='bbox 2107 2843 2217 2896; x_wconf 84' lang='grc' dir='ltr'><strong>τῶν</strong></span> <span class='ocrx_word' id='word_1_512' title='bbox 2251 2841 2559 2913; x_wconf 76' lang='grc' dir='ltr'>εἰρημένων</span> <span class='ocrx_word' id='word_1_513' title='bbox 2591 2840 2808 2903; x_wconf 83' lang='grc' dir='ltr'>ἁλόντα,</span> <span class='ocrx_word' id='word_1_514' title='bbox 2839 2837 2872 2909; x_wconf 82' lang='grc' dir='ltr'>ἢ</span> <span class='ocrx_word' id='word_1_515' title='bbox 2902 2837 3010 2890; x_wconf 74' lang='grc' dir='ltr'>τινὶ</span> <span class='ocrx_word' id='word_1_516' title='bbox 3024 2836 3132 2890; x_wconf 83' lang='grc' dir='ltr'><strong>τῶν</strong></span> <span class='ocrx_word' id='word_1_517' title='bbox 3160 2834 3372 2896; x_wconf 85' lang='grc' dir='ltr'>τούτοις</span> <span class='ocrx_word' id='word_1_518' title='bbox 3402 2829 3673 2903; x_wconf 82' lang='grc' dir='ltr'>παραπλη·</span> 
     </span>
    </p>
   </div>
   <div class='ocr_carea' id='block_1_73' title="bbox 2112 2923 3674 3004">
    <p class='ocr_par' dir='ltr' id='par_1_73' title="bbox 2112 2923 3674 3004">
     <span class='ocr_line' id='line_1_73' title="bbox 2112 2923 3674 3004; baseline -0.009 -16"><span class='ocrx_word' id='word_1_519' title='bbox 2112 2935 2264 2998; x_wconf 86' lang='grc' dir='ltr'>σίων,</span> <span class='ocrx_word' id='word_1_520' title='bbox 2295 2934 2397 3004; x_wconf 88' lang='grc' dir='ltr'><strong>τῆς</strong></span> <span class='ocrx_word' id='word_1_521' title='bbox 2424 2933 2595 3002; x_wconf 82' lang='grc' dir='ltr'>αὐτῆς</span> <span class='ocrx_word' id='word_1_522' title='bbox 2627 2931 2927 3002; x_wconf 83' lang='grc' dir='ltr'>καταδίκης</span> <span class='ocrx_word' id='word_1_523' title='bbox 2946 2929 3045 3000; x_wconf 84' lang='grc' dir='ltr'>οὐχ</span> <span class='ocrx_word' id='word_1_524' title='bbox 3075 2928 3266 2997; x_wconf 84' lang='grc' dir='ltr'>ἁλοίην</span> <span class='ocrx_word' id='word_1_525' title='bbox 3298 2925 3376 2998; x_wconf 80' lang='grc' dir='ltr'>μὴ</span> <span class='ocrx_word' id='word_1_526' title='bbox 3409 2923 3674 2996; x_wconf 77' lang='grc' dir='ltr'>γραφόμε-</span> 
     </span>
    </p>
   </div>
   <div class='ocr_carea' id='block_1_74' title="bbox 2111 3017 3673 3095">
    <p class='ocr_par' dir='ltr' id='par_1_74' title="bbox 2111 3017 3673 3095">
     <span class='ocr_line' id='line_1_74' title="bbox 2111 3017 3673 3095; baseline -0.008 -17"><span class='ocrx_word' id='word_1_527' title='bbox 2111 3044 2200 3089; x_wconf 85' lang='grc' dir='ltr'><strong>νος</strong></span> <span class='ocrx_word' id='word_1_528' title='bbox 2230 3025 2434 3095; x_wconf 77' lang='grc' dir='ltr'>ἐνοχον.</span> <span class='ocrx_word' id='word_1_529' title='bbox 2463 3023 2536 3077; x_wconf 87' lang='grc' dir='ltr'>Ού</span> <span class='ocrx_word' id='word_1_530' title='bbox 2569 3023 2677 3094; x_wconf 77' lang='grc' dir='ltr'><strong>γὰρ</strong></span> <span class='ocrx_word' id='word_1_531' title='bbox 2703 3024 2736 3093; x_wconf 82' lang='grc' dir='ltr'>ὴ</span> <span class='ocrx_word' id='word_1_532' title='bbox 2777 3024 2875 3092; x_wconf 80' lang='grc' dir='ltr'><strong>τῆς</strong></span> <span class='ocrx_word' id='word_1_533' title='bbox 2925 3021 3035 3074; x_wconf 82' lang='grc' dir='ltr'><strong>τῶν</strong></span> <span class='ocrx_word' id='word_1_534' title='bbox 3067 3020 3349 3090; x_wconf 80' lang='grc' dir='ltr'>ὀνομάτων</span> <span class='ocrx_word' id='word_1_535' title='bbox 3409 3017 3673 3084; x_wconf 73' lang='grc' dir='ltr'>ποιότητος</span> 
     </span>
    </p>
   </div>
   <div class='ocr_carea' id='block_1_75' title="bbox 2114 3103 3674 3188">
    <p class='ocr_par' dir='ltr' id='par_1_75' title="bbox 2114 3103 3674 3188">
     <span class='ocr_line' id='line_1_75' title="bbox 2114 3103 3674 3188; baseline -0.006 -18"><span class='ocrx_word' id='word_1_536' title='bbox 2114 3117 2384 3188; x_wconf 83' lang='grc' dir='ltr'>ἐναλλαγὴ</span> <span class='ocrx_word' id='word_1_537' title='bbox 2411 3117 2544 3187; x_wconf 73' lang='grc' dir='ltr'>πρὸς</span> <span class='ocrx_word' id='word_1_538' title='bbox 2569 3116 2629 3168; x_wconf 84' lang='grc' dir='ltr'><strong>τὸ</strong></span> <span class='ocrx_word' id='word_1_539' title='bbox 2656 3115 2880 3185; x_wconf 86' lang='grc' dir='ltr'>μέτριον</span> <span class='ocrx_word' id='word_1_540' title='bbox 2905 3113 3102 3182; x_wconf 77' lang='grc' dir='ltr'>άγειτδ</span> <span class='ocrx_word' id='word_1_541' title='bbox 3129 3110 3407 3180; x_wconf 75' lang='grc' dir='ltr'>ἔγκλημα,</span> <span class='ocrx_word' id='word_1_542' title='bbox 3440 3106 3571 3161; x_wconf 80' lang='grc' dir='ltr'>ἀλλὰ</span> <span class='ocrx_word' id='word_1_543' title='bbox 3591 3103 3674 3174; x_wconf 82' lang='grc' dir='ltr'><strong>τῆς</strong></span> 
     </span>
    </p>
   </div>
   <div class='ocr_carea' id='block_1_76' title="bbox 2115 3200 3677 3279">
    <p class='ocr_par' dir='ltr' id='par_1_76' title="bbox 2115 3200 3677 3279">
     <span class='ocr_line' id='line_1_76' title="bbox 2115 3200 3677 3279; baseline -0.005 -16"><span class='ocrx_word' id='word_1_544' title='bbox 2115 3209 2330 3279; x_wconf 76' lang='grc' dir='ltr'>ἐντολῆς</span> <span class='ocrx_word' id='word_1_545' title='bbox 2360 3209 2392 3279; x_wconf 84' lang='grc' dir='ltr'>ἡ</span> <span class='ocrx_word' id='word_1_546' title='bbox 2421 3207 2734 3279; x_wconf 83' lang='grc' dir='ltr'>παράϐασις</span> <span class='ocrx_word' id='word_1_547' title='bbox 2754 3207 2851 3277; x_wconf 83' lang='grc' dir='ltr'><strong>τῆς</strong></span> <span class='ocrx_word' id='word_1_548' title='bbox 2887 3206 3056 3275; x_wconf 82' lang='grc' dir='ltr'>αὐτῆς</span> <span class='ocrx_word' id='word_1_549' title='bbox 3102 3203 3406 3274; x_wconf 86' lang='grc' dir='ltr'>καταδίκης</span> <span class='ocrx_word' id='word_1_550' title='bbox 3457 3201 3566 3262; x_wconf 83' lang='grc' dir='ltr'>τοῖς</span> <span class='ocrx_word' id='word_1_551' title='bbox 3597 3200 3677 3255; x_wconf 75' lang='grc' dir='ltr'><strong>ἐνι</strong></span> 
     </span>
    </p>
   </div>
   <div class='ocr_carea' id='block_1_77' title="bbox 2114 3289 3675 3370">
    <p class='ocr_par' dir='ltr' id='par_1_77' title="bbox 2114 3289 3675 3370">
     <span class='ocr_line' id='line_1_77' title="bbox 2114 3289 3675 3370; baseline -0.007 -17"><span class='ocrx_word' id='word_1_552' title='bbox 2114 3300 2261 3370; x_wconf 82' lang='grc' dir='ltr'>όχοις</span> <span class='ocrx_word' id='word_1_553' title='bbox 2284 3299 2607 3352; x_wconf 78' lang='grc' dir='ltr'>καθίσταται</span> <span class='ocrx_word' id='word_1_554' title='bbox 2636 3297 2913 3369; x_wconf 81' lang='grc' dir='ltr'>πρόξενος.</span> <span class='ocrx_word' id='word_1_555' title='bbox 2945 3295 3133 3350; x_wconf 84' lang='grc' dir='ltr'>Ταῦτα</span> <span class='ocrx_word' id='word_1_556' title='bbox 3178 3293 3394 3356; x_wconf 80' lang='grc' dir='ltr'>Παῦλος</span> <span class='ocrx_word' id='word_1_557' title='bbox 3427 3292 3526 3360; x_wconf 85' lang='grc' dir='ltr'><strong>τῆς</strong></span> <span class='ocrx_word' id='word_1_558' title='bbox 3569 3289 3675 3342; x_wconf 83' lang='grc' dir='ltr'><strong>Ἐκ-</strong></span> 
     </span>
    </p>
   </div>
   <div class='ocr_carea' id='block_1_78' title="bbox 2115 3380 3680 3462">
    <p class='ocr_par' dir='ltr' id='par_1_78' title="bbox 2115 3380 3680 3462">
     <span class='ocr_line' id='line_1_78' title="bbox 2115 3380 3680 3462; baseline -0.016 -5"><span class='ocrx_word' id='word_1_559' title='bbox 2115 3391 2348 3462; x_wconf 81' lang='grc' dir='ltr'>κλησῑας</span> <span class='ocrx_word' id='word_1_560' title='bbox 2375 3393 2402 3444; x_wconf 85' lang='grc' dir='ltr'>ὁ</span> <span class='ocrx_word' id='word_1_561' title='bbox 2438 3391 2642 3461; x_wconf 82' lang='grc' dir='ltr'>ῥήτωρ,</span> <span class='ocrx_word' id='word_1_562' title='bbox 2679 3386 2994 3459; x_wconf 86' lang='grc' dir='ltr'>συνηγορῶν</span> <span class='ocrx_word' id='word_1_563' title='bbox 3033 3387 3132 3458; x_wconf 85' lang='grc' dir='ltr'>μὲν</span> <span class='ocrx_word' id='word_1_564' title='bbox 3157 3385 3330 3453; x_wconf 79' lang='grc' dir='ltr'>αὐτῆς</span> <span class='ocrx_word' id='word_1_565' title='bbox 3365 3383 3444 3453; x_wconf 82' lang='grc' dir='ltr'><strong>τῷ</strong></span> <span class='ocrx_word' id='word_1_566' title='bbox 3475 3380 3680 3436; x_wconf 79' lang='grc' dir='ltr'>ἕθεικαὶ</span> 
     </span>
    </p>
   </div>
   <div class='ocr_carea' id='block_1_79' title="bbox 2116 3473 3679 3554">
    <p class='ocr_par' dir='ltr' id='par_1_79' title="bbox 2116 3473 3679 3554">
     <span class='ocr_line' id='line_1_79' title="bbox 2116 3473 3679 3554; baseline -0.009 -17"><span class='ocrx_word' id='word_1_567' title='bbox 2116 3487 2232 3547; x_wconf 88' lang='grc' dir='ltr'>ταῖς</span> <span class='ocrx_word' id='word_1_568' title='bbox 2273 3483 2529 3554; x_wconf 76' lang='grc' dir='ltr'>πράξεσι,</span> <span class='ocrx_word' id='word_1_569' title='bbox 2566 3483 2854 3552; x_wconf 82' lang='grc' dir='ltr'>κρατύνων</span> <span class='ocrx_word' id='word_1_570' title='bbox 2901 3480 2958 3534; x_wconf 82' lang='grc' dir='ltr'>δὲ</span> <span class='ocrx_word' id='word_1_571' title='bbox 3003 3479 3101 3550; x_wconf 81' lang='grc' dir='ltr'>τὴν</span> <span class='ocrx_word' id='word_1_572' title='bbox 3149 3479 3420 3552; x_wconf 63' lang='grc' dir='ltr'>σωτήριον</span> <span class='ocrx_word' id='word_1_573' title='bbox 3457 3473 3679 3543; x_wconf 52' lang='grc' dir='ltr'>ἐντολήπι,</span> 
     </span>
    </p>
   </div>
   <div class='ocr_carea' id='block_1_80' title="bbox 2117 3569 3682 3645">
    <p class='ocr_par' dir='ltr' id='par_1_80' title="bbox 2117 3569 3682 3645">
     <span class='ocr_line' id='line_1_80' title="bbox 2117 3569 3682 3645; baseline -0.008 -16"><span class='ocrx_word' id='word_1_574' title='bbox 2117 3574 2487 3645; x_wconf 77' lang='grc' dir='ltr'>ἐπιστομίζων</span> <span class='ocrx_word' id='word_1_575' title='bbox 2543 3574 2599 3627; x_wconf 84' lang='grc' dir='ltr'>δὲ</span> <span class='ocrx_word' id='word_1_576' title='bbox 2645 3574 2772 3638; x_wconf 78' lang='grc' dir='ltr'>τοὺς</span> <span class='ocrx_word' id='word_1_577' title='bbox 2814 3575 2927 3627; x_wconf 87' lang='grc' dir='ltr'>ὅσοι</span> <span class='ocrx_word' id='word_1_578' title='bbox 2967 3573 3104 3645; x_wconf 77' lang='grc' dir='ltr'>πρὸς</span> <span class='ocrx_word' id='word_1_579' title='bbox 3152 3571 3468 3625; x_wconf 83' lang='grc' dir='ltr'>τούναντίον</span> <span class='ocrx_word' id='word_1_580' title='bbox 3513 3569 3682 3640; x_wconf 72' lang='grc' dir='ltr'>ῥέπειν</span> 
     </span>
    </p>
   </div>
   <div class='ocr_carea' id='block_1_81' title="bbox 2119 3658 3680 3738">
    <p class='ocr_par' dir='ltr' id='par_1_81' title="bbox 2119 3658 3680 3738">
     <span class='ocr_line' id='line_1_81' title="bbox 2119 3658 3680 3738; baseline -0.011 -12"><span class='ocrx_word' id='word_1_581' title='bbox 2119 3667 2502 3738; x_wconf 75' lang='grc' dir='ltr'>ἐπεχείρησαν,</span> <span class='ocrx_word' id='word_1_582' title='bbox 2549 3665 2658 3718; x_wconf 85' lang='grc' dir='ltr'><strong>τῶν</strong></span> <span class='ocrx_word' id='word_1_583' title='bbox 2704 3665 3084 3736; x_wconf 87' lang='grc' dir='ltr'>προλαϐόντων</span> <span class='ocrx_word' id='word_1_584' title='bbox 3123 3662 3287 3717; x_wconf 81' lang='grc' dir='ltr'>αὑτὸν</span> <span class='ocrx_word' id='word_1_585' title='bbox 3313 3663 3397 3724; x_wconf 92' lang='grc' dir='ltr'>εἰς</span> <span class='ocrx_word' id='word_1_586' title='bbox 3426 3661 3523 3732; x_wconf 77' lang='grc' dir='ltr'><strong>τὴν</strong></span> <span class='ocrx_word' id='word_1_587' title='bbox 3547 3658 3680 3712; x_wconf 86' lang='grc' dir='ltr'>ἐκλο-</span> 
     </span>
    </p>
   </div>
   <div class='ocr_carea' id='block_1_82' title="bbox 2119 3753 3677 3828">
    <p class='ocr_par' dir='ltr' id='par_1_82' title="bbox 2119 3753 3677 3828">
     <span class='ocr_line' id='line_1_82' title="bbox 2119 3753 3677 3828; baseline -0.006 -17"><span class='ocrx_word' id='word_1_588' title='bbox 2119 3757 2221 3827; x_wconf 83' lang='grc' dir='ltr'>γὴν</span> <span class='ocrx_word' id='word_1_589' title='bbox 2242 3758 2336 3810; x_wconf 74' lang='grc' dir='ltr'><strong>καὶ</strong></span> <span class='ocrx_word' id='word_1_590' title='bbox 2363 3757 2664 3827; x_wconf 75' lang='grc' dir='ltr'>ἀποστολὴν</span> <span class='ocrx_word' id='word_1_591' title='bbox 2697 3755 3232 3828; x_wconf 79' lang='grc' dir='ltr'>ἐπισφραγιζόμενος</span> <span class='ocrx_word' id='word_1_592' title='bbox 3260 3753 3329 3806; x_wconf 86' lang='grc' dir='ltr'>τὰ</span> <span class='ocrx_word' id='word_1_593' title='bbox 3350 3753 3677 3824; x_wconf 65' lang='grc' dir='ltr'>ψηφίσματα.</span> 
     </span>
    </p>
   </div>
   <div class='ocr_carea' id='block_1_83' title="bbox 2121 3841 3683 3918">
    <p class='ocr_par' dir='ltr' id='par_1_83' title="bbox 2121 3841 3683 3918">
     <span class='ocr_line' id='line_1_83' title="bbox 2121 3841 3683 3918; baseline -0.007 -16"><span class='ocrx_word' id='word_1_594' title='bbox 2121 3851 2194 3903; x_wconf 83' lang='grc' dir='ltr'><strong>Σὺ</strong></span> <span class='ocrx_word' id='word_1_595' title='bbox 2231 3849 2288 3902; x_wconf 86' lang='grc' dir='ltr'><strong>δέ</strong></span> <span class='ocrx_word' id='word_1_596' title='bbox 2317 3851 2366 3902; x_wconf 87' lang='grc' dir='ltr'><strong>τί</strong></span> <span class='ocrx_word' id='word_1_597' title='bbox 2391 3849 2572 3917; x_wconf 84' lang='grc' dir='ltr'>λέγεις</span> <span class='ocrx_word' id='word_1_598' title='bbox 2602 3848 2724 3914; x_wconf 73' lang='lat' dir='ltr'><strong>Eu;</strong></span> <span class='ocrx_word' id='word_1_599' title='bbox 2767 3844 2876 3918; x_wconf 87' lang='grc' dir='ltr'>ἆρα</span> <span class='ocrx_word' id='word_1_600' title='bbox 2919 3849 3140 3902; x_wconf 90' lang='grc' dir='ltr'>δυνατόν</span> <span class='ocrx_word' id='word_1_601' title='bbox 3192 3849 3342 3901; x_wconf 86' lang='grc' dir='ltr'>ἐστιν</span> <span class='ocrx_word' id='word_1_602' title='bbox 3387 3845 3565 3907; x_wconf 82' lang='grc' dir='ltr'>ἄλλοις</span> <span class='ocrx_word' id='word_1_603' title='bbox 3597 3841 3683 3911; x_wconf 80' lang='grc' dir='ltr'><strong>μὲν</strong></span> 
     </span>
    </p>
   </div>
   <div class='ocr_carea' id='block_1_84' title="bbox 2123 3932 3686 4009">
    <p class='ocr_par' dir='ltr' id='par_1_84' title="bbox 2123 3932 3686 4009">
     <span class='ocr_line' id='line_1_84' title="bbox 2123 3932 3686 4009; baseline -0.005 -18"><span class='ocrx_word' id='word_1_604' title='bbox 2123 3938 2437 4009; x_wconf 88' lang='grc' dir='ltr'>παράϐασιν</span> <span class='ocrx_word' id='word_1_605' title='bbox 2491 3939 2766 4007; x_wconf 74' lang='grc' dir='ltr'>ἐγκαλεῖν,</span> <span class='ocrx_word' id='word_1_606' title='bbox 2807 3939 3005 4002; x_wconf 80' lang='grc' dir='ltr'>αὐτοὺς</span> <span class='ocrx_word' id='word_1_607' title='bbox 3055 3937 3112 3991; x_wconf 82' lang='grc' dir='ltr'>δὲ</span> <span class='ocrx_word' id='word_1_608' title='bbox 3164 3935 3525 3990; x_wconf 86' lang='grc' dir='ltr'>καθίστασθαι</span> <span class='ocrx_word' id='word_1_609' title='bbox 3563 3932 3686 3985; x_wconf 70' lang='grc' dir='ltr'>διδαο</span> 
     </span>
    </p>
   </div>
   <div class='ocr_carea' id='block_1_85' title="bbox 2126 4023 3684 4100">
    <p class='ocr_par' dir='ltr' id='par_1_85' title="bbox 2126 4023 3684 4100">
     <span class='ocr_line' id='line_1_85' title="bbox 2126 4023 3684 4100; baseline -0.004 -17"><span class='ocrx_word' id='word_1_610' title='bbox 2126 4031 2356 4094; x_wconf 88' lang='grc' dir='ltr'>σκάλους</span> <span class='ocrx_word' id='word_1_611' title='bbox 2399 4030 2498 4100; x_wconf 88' lang='grc' dir='ltr'><strong>τῆς</strong></span> <span class='ocrx_word' id='word_1_612' title='bbox 2533 4031 2937 4098; x_wconf 85' lang='grc' dir='ltr'>παραϐάσεως;</span> <span class='ocrx_word' id='word_1_613' title='bbox 2979 4030 3072 4084; x_wconf 83' lang='grc' dir='ltr'>καὶ</span> <span class='ocrx_word' id='word_1_614' title='bbox 3093 4029 3392 4099; x_wconf 87' lang='grc' dir='ltr'>λαμϐάνειν</span> <span class='ocrx_word' id='word_1_615' title='bbox 3427 4027 3524 4097; x_wconf 87' lang='grc' dir='ltr'><strong>μὲν</strong></span> <span class='ocrx_word' id='word_1_616' title='bbox 3567 4023 3684 4092; x_wconf 78' lang='grc' dir='ltr'>παρ’</span> 
     </span>
    </p>
   </div>
   <div class='ocr_carea' id='block_1_86' title="bbox 2125 4117 3684 4194">
    <p class='ocr_par' dir='ltr' id='par_1_86' title="bbox 2125 4117 3684 4194">
     <span class='ocr_line' id='line_1_86' title="bbox 2125 4117 3684 4194; baseline -0.006 -19"><span class='ocrx_word' id='word_1_617' title='bbox 2125 4124 2327 4194; x_wconf 81' lang='grc' dir='ltr'>ἐτέρων</span> <span class='ocrx_word' id='word_1_618' title='bbox 2352 4126 2450 4194; x_wconf 82' lang='grc' dir='ltr'><strong>τῆς</strong></span> <span class='ocrx_word' id='word_1_619' title='bbox 2477 4123 2845 4194; x_wconf 79' lang='grc' dir='ltr'>παραϐάσεως</span> <span class='ocrx_word' id='word_1_620' title='bbox 2871 4121 3084 4185; x_wconf 84' lang='grc' dir='ltr'>ποινὰς,</span> <span class='ocrx_word' id='word_1_621' title='bbox 3114 4121 3341 4184; x_wconf 80' lang='grc' dir='ltr'>ἑαυτοὺς</span> <span class='ocrx_word' id='word_1_622' title='bbox 3375 4120 3433 4172; x_wconf 81' lang='grc' dir='ltr'>δὲ</span> <span class='ocrx_word' id='word_1_623' title='bbox 3461 4117 3684 4188; x_wconf 81' lang='grc' dir='ltr'>νομίζειν</span> 
     </span>
    </p>
   </div>
   <div class='ocr_carea' id='block_1_87' title="bbox 2126 4200 3684 4286">
    <p class='ocr_par' dir='ltr' id='par_1_87' title="bbox 2126 4200 3684 4286">
     <span class='ocr_line' id='line_1_87' title="bbox 2126 4200 3684 4286; baseline -0.008 -17"><span class='ocrx_word' id='word_1_624' title='bbox 2126 4215 2450 4278; x_wconf 83' lang='grc' dir='ltr'>ἀνευθύνους</span> <span class='ocrx_word' id='word_1_625' title='bbox 2477 4212 2623 4268; x_wconf 83' lang='grc' dir='ltr'>εἰναι.</span> <span class='ocrx_word' id='word_1_626' title='bbox 2653 4214 2749 4268; x_wconf 84' lang='grc' dir='ltr'><strong>τοῦ</strong></span> <span class='ocrx_word' id='word_1_627' title='bbox 2801 4215 3188 4286; x_wconf 81' lang='grc' dir='ltr'>τολμήματος;</span> <span class='ocrx_word' id='word_1_628' title='bbox 3221 4214 3311 4266; x_wconf 85' lang='grc' dir='ltr'><strong>καί</strong></span> <span class='ocrx_word' id='word_1_629' title='bbox 3355 4230 3442 4266; x_wconf 87' lang='grc' dir='ltr'><strong>τοι</strong></span> <span class='ocrx_word' id='word_1_630' title='bbox 3487 4212 3576 4262; x_wconf 71' lang='grc' dir='ltr'>καὶ</span> <span class='ocrx_word' id='word_1_631' title='bbox 3621 4200 3684 4258; x_wconf 80' lang='grc' dir='ltr'>ὧν</span> 
     </span>
    </p>
   </div>
   <div class='ocr_carea' id='block_1_88' title="bbox 439 4296 3686 4408">
    <p class='ocr_par' dir='ltr' id='par_1_88' title="bbox 439 4296 3686 4408">
     <span class='ocr_line' id='line_1_88' title="bbox 439 4296 3686 4408; baseline -0.011 -22"><span class='ocrx_word' id='word_1_632' title='bbox 439 4335 756 4408; x_wconf 70' lang='grc' dir='ltr'>ἡμάρτανον</span> <span class='ocrx_word' id='word_1_633' title='bbox 785 4326 984 4396; x_wconf 67' lang='grc' dir='ltr'>ἕτεροι,</span> <span class='ocrx_word' id='word_1_634' title='bbox 1026 4321 1185 4390; x_wconf 75' lang='grc' dir='ltr'>εἴπερ</span> <span class='ocrx_word' id='word_1_635' title='bbox 1218 4317 1556 4389; x_wconf 79' lang='grc' dir='ltr'>ἡμάρτανον,</span> <span class='ocrx_word' id='word_1_636' title='bbox 1586 4315 1828 4374; x_wconf 77' lang='grc' dir='ltr'>ἐκείνους</span> <span class='ocrx_word' id='word_1_637' title='bbox 1853 4311 2020 4381; x_wconf 86' lang='grc' dir='ltr'>ἐχρῆν</span> <span class='ocrx_word' id='word_1_638' title='bbox 2062 4310 2284 4381; x_wconf 79' lang='grc' dir='ltr'>ὑπέχειν</span> <span class='ocrx_word' id='word_1_639' title='bbox 2315 4309 2414 4379; x_wconf 84' lang='grc' dir='ltr'><strong>τὴν</strong></span> <span class='ocrx_word' id='word_1_640' title='bbox 2445 4308 2623 4380; x_wconf 86' lang='grc' dir='ltr'>δίκην,</span> <span class='ocrx_word' id='word_1_641' title='bbox 2681 4309 2758 4373; x_wconf 84' lang='grc' dir='ltr'>ὡς</span> <span class='ocrx_word' id='word_1_642' title='bbox 2815 4309 2915 4379; x_wconf 83' lang='grc' dir='ltr'><strong>τῆς</strong></span> <span class='ocrx_word' id='word_1_643' title='bbox 2940 4309 3118 4372; x_wconf 79' lang='grc' dir='ltr'>αἰτίας</span> <span class='ocrx_word' id='word_1_644' title='bbox 3142 4308 3237 4360; x_wconf 84' lang='grc' dir='ltr'>ἀπ’</span> <span class='ocrx_word' id='word_1_645' title='bbox 3257 4307 3437 4361; x_wconf 76' lang='grc' dir='ltr'>αὐτῶν</span> <span class='ocrx_word' id='word_1_646' title='bbox 3459 4306 3536 4367; x_wconf 86' lang='grc' dir='ltr'>εἰς</span> <span class='ocrx_word' id='word_1_647' title='bbox 3560 4296 3686 4356; x_wconf 76' lang='grc' dir='ltr'><strong>ἐκεί-</strong></span> 
     </span>
    </p>
   </div>
   <div class='ocr_carea' id='block_1_89' title="bbox 438 4402 2106 4494">
    <p class='ocr_par' dir='ltr' id='par_1_89' title="bbox 438 4402 2106 4494">
     <span class='ocr_line' id='line_1_89' title="bbox 438 4402 2106 4494; baseline -0.017 -8"><span class='ocrx_word' id='word_1_648' title='bbox 623 4424 892 4493; x_wconf 88' lang='grc' dir='ltr'>δοθείσης.</span> <span class='ocrx_word' id='word_1_649' title='bbox 969 4415 1129 4470; x_wconf 82' lang='grc' dir='ltr'>Ἀλλὰ</span> <span class='ocrx_word' id='word_1_650' title='bbox 1190 4412 1299 4484; x_wconf 81' lang='grc' dir='ltr'><strong>γὰρ</strong></span> <span class='ocrx_word' id='word_1_651' title='bbox 1357 4410 1520 4465; x_wconf 80' lang='grc' dir='ltr'>ἱκανὰ</span> <span class='ocrx_word' id='word_1_652' title='bbox 1569 4409 1663 4464; x_wconf 76' lang='grc' dir='ltr'><strong>καὶ</strong></span> <span class='ocrx_word' id='word_1_653' title='bbox 1710 4406 1883 4460; x_wconf 87' lang='grc' dir='ltr'>ταῦτα</span> <span class='ocrx_word' id='word_1_654' title='bbox 1933 4402 2106 4475; x_wconf 80' lang='grc' dir='ltr'>οἶμαι.</span> 
     </span>
    </p>
   </div>
   <div class='ocr_carea' id='block_1_90' title="bbox 509 4501 2100 4575">
    <p class='ocr_par' dir='ltr' id='par_1_90' title="bbox 509 4501 2100 4575">
     <span class='ocr_line' id='line_1_90' title="bbox 509 4501 2100 4575; baseline -0.014 0"><span class='ocrx_word' id='word_1_655' title='bbox 509 4521 602 4575; x_wconf 63' lang='grc'><strong>21)..</strong></span> <span class='ocrx_word' id='word_1_656' title='bbox 632 4520 785 4572; x_wconf 72' lang='lat' dir='ltr'><strong>Nunc</strong></span> <span class='ocrx_word' id='word_1_657' title='bbox 811 4529 918 4568; x_wconf 93' lang='lat' dir='ltr'><strong>uno</strong></span> <span class='ocrx_word' id='word_1_658' title='bbox 948 4512 1148 4566; x_wconf 91' lang='lat' dir='ltr'><strong>intuitu</strong></span> <span class='ocrx_word' id='word_1_659' title='bbox 1178 4507 1468 4563; x_wconf 83' lang='lat' dir='ltr'><strong>videndum</strong></span> <span class='ocrx_word' id='word_1_660' title='bbox 1493 4511 1765 4574; x_wconf 80' lang='lat' dir='ltr'><strong>superest,</strong></span> <span class='ocrx_word' id='word_1_661' title='bbox 1797 4501 2022 4571; x_wconf 91' lang='lat' dir='ltr'><strong>quibus—</strong></span> <span class='ocrx_word' id='word_1_662' title='bbox 2055 4503 2100 4561; x_wconf 88' lang='lat' dir='ltr'><strong>D</strong></span> 
     </span>
    </p>
   </div>
   <div class='ocr_carea' id='block_1_91' title="bbox 444 4591 2028 4678">
    <p class='ocr_par' dir='ltr' id='par_1_91' title="bbox 444 4591 2028 4678">
     <span class='ocr_line' id='line_1_91' title="bbox 444 4591 2028 4678; baseline -0.015 -9"><span class='ocrx_word' id='word_1_663' title='bbox 444 4629 570 4669; x_wconf 75' lang='lat' dir='ltr'><strong>nam</strong></span> <span class='ocrx_word' id='word_1_664' title='bbox 603 4627 666 4666; x_wconf 80' lang='lat' dir='ltr'><strong>ex</strong></span> <span class='ocrx_word' id='word_1_665' title='bbox 702 4605 1042 4678; x_wconf 82' lang='lat' dir='ltr'><strong>argumentis</strong></span> <span class='ocrx_word' id='word_1_666' title='bbox 1075 4600 1368 4672; x_wconf 76' lang='lat' dir='ltr'><strong>propositae</strong></span> <span class='ocrx_word' id='word_1_667' title='bbox 1399 4598 1468 4652; x_wconf 89' lang='lat' dir='ltr'><strong>ab</strong></span> <span class='ocrx_word' id='word_1_668' title='bbox 1505 4596 1662 4650; x_wconf 92' lang='lat' dir='ltr'><strong>initio</strong></span> <span class='ocrx_word' id='word_1_669' title='bbox 1704 4591 2028 4665; x_wconf 81' lang='lat' dir='ltr'><strong>quaestionis</strong></span> 
     </span>
    </p>
   </div>
   <div class='ocr_carea' id='block_1_92' title="bbox 447 4685 2026 4765">
    <p class='ocr_par' dir='ltr' id='par_1_92' title="bbox 447 4685 2026 4765">
     <span class='ocr_line' id='line_1_92' title="bbox 447 4685 2026 4765; baseline -0.016 -2"><span class='ocrx_word' id='word_1_670' title='bbox 447 4705 648 4765; x_wconf 77' lang='lat' dir='ltr'><strong>solutio</strong></span> <span class='ocrx_word' id='word_1_671' title='bbox 682 4702 943 4756; x_wconf 89' lang='lat' dir='ltr'><strong>dimauet.</strong></span> <span class='ocrx_word' id='word_1_672' title='bbox 976 4695 1102 4750; x_wconf 68' lang='lat' dir='ltr'><strong>llazc</strong></span> <span class='ocrx_word' id='word_1_673' title='bbox 1143 4696 1319 4764; x_wconf 86' lang='lat' dir='ltr'><strong>primo</strong></span> <span class='ocrx_word' id='word_1_674' title='bbox 1352 4707 1381 4745; x_wconf 90' lang='lat' dir='ltr'><strong>a</strong></span> <span class='ocrx_word' id='word_1_675' title='bbox 1407 4689 1745 4760; x_wconf 80' lang='lat' dir='ltr'><strong>singulorum</strong></span> <span class='ocrx_word' id='word_1_676' title='bbox 1777 4685 2026 4740; x_wconf 86' lang='lat' dir='ltr'><strong>vocabuli</strong></span> 
     </span>
    </p>
   </div>
   <div class='ocr_carea' id='block_1_93' title="bbox 448 4777 2027 4865">
    <p class='ocr_par' dir='ltr' id='par_1_93' title="bbox 448 4777 2027 4865">
     <span class='ocr_line' id='line_1_93' title="bbox 448 4777 2027 4865; baseline -0.015 -12"><span class='ocrx_word' id='word_1_677' title='bbox 448 4814 634 4853; x_wconf 83' lang='lat' dir='ltr'><strong>nomen</strong></span> <span class='ocrx_word' id='word_1_678' title='bbox 677 4793 1080 4865; x_wconf 73' lang='lat' dir='ltr'><strong>signiticatuum</strong></span> <span class='ocrx_word' id='word_1_679' title='bbox 1132 4785 1504 4847; x_wconf 87' lang='lat' dir='ltr'><strong>distinctione,</strong></span> <span class='ocrx_word' id='word_1_680' title='bbox 1545 4792 1709 4851; x_wconf 90' lang='lat' dir='ltr'><strong>atque</strong></span> <span class='ocrx_word' id='word_1_681' title='bbox 1756 4794 1786 4832; x_wconf 89' lang='lat' dir='ltr'><strong>a</strong></span> <span class='ocrx_word' id='word_1_682' title='bbox 1834 4777 2027 4834; x_wconf 81' lang='lat' dir='ltr'><strong>confu-</strong></span> 
     </span>
    </p>
   </div>
   <div class='ocr_carea' id='block_1_94' title="bbox 450 4870 2030 4948">
    <p class='ocr_par' dir='ltr' id='par_1_94' title="bbox 450 4870 2030 4948">
     <span class='ocr_line' id='line_1_94' title="bbox 450 4870 2030 4948; baseline -0.016 0"><span class='ocrx_word' id='word_1_683' title='bbox 450 4891 623 4948; x_wconf 83' lang='lat' dir='ltr'><strong>sionis</strong></span> <span class='ocrx_word' id='word_1_684' title='bbox 653 4883 1124 4942; x_wconf 82' lang='lat' dir='ltr'><strong>discriminatione</strong></span> <span class='ocrx_word' id='word_1_685' title='bbox 1157 4879 1443 4934; x_wconf 87' lang='lat' dir='ltr'><strong>deducitur</strong></span> <span class='ocrx_word' id='word_1_686' title='bbox 1472 4895 1485 4928; x_wconf 86' lang='lat'><strong>:</strong></span> <span class='ocrx_word' id='word_1_687' title='bbox 1536 4875 1608 4928; x_wconf 90' lang='lat' dir='ltr'><strong>ita</strong></span> <span class='ocrx_word' id='word_1_688' title='bbox 1658 4880 1714 4926; x_wconf 93' lang='lat' dir='ltr'><strong>ut</strong></span> <span class='ocrx_word' id='word_1_689' title='bbox 1743 4870 2030 4940; x_wconf 86' lang='lat' dir='ltr'><strong>perspicue</strong></span> 
     </span>
    </p>
   </div>
   <div class='ocr_carea' id='block_1_95' title="bbox 449 4962 2029 5049">
    <p class='ocr_par' dir='ltr' id='par_1_95' title="bbox 449 4962 2029 5049">
     <span class='ocr_line' id='line_1_95' title="bbox 449 4962 2029 5049; baseline -0.015 -11"><span class='ocrx_word' id='word_1_690' title='bbox 449 4985 692 5038; x_wconf 84' lang='lat' dir='ltr'><strong>sciamus</strong></span> <span class='ocrx_word' id='word_1_691' title='bbox 723 4978 1067 5049; x_wconf 88' lang='lat' dir='ltr'><strong>quandonam</strong></span> <span class='ocrx_word' id='word_1_692' title='bbox 1115 4988 1302 5026; x_wconf 84' lang='lat' dir='ltr'><strong>nomen</strong></span> <span class='ocrx_word' id='word_1_693' title='bbox 1341 4968 1704 5038; x_wconf 79' lang='lat' dir='ltr'><strong>significatum</strong></span> <span class='ocrx_word' id='word_1_694' title='bbox 1751 4962 2029 5035; x_wconf 88' lang='lat' dir='ltr'><strong>proprium</strong></span> 
     </span>
    </p>
   </div>
   <div class='ocr_carea' id='block_1_96' title="bbox 451 5053 2028 5139">
    <p class='ocr_par' dir='ltr' id='par_1_96' title="bbox 451 5053 2028 5139">
     <span class='ocr_line' id='line_1_96' title="bbox 451 5053 2028 5139; baseline -0.012 -14"><span class='ocrx_word' id='word_1_695' title='bbox 451 5073 686 5135; x_wconf 84' lang='lat' dir='ltr'><strong>habeat;</strong></span> <span class='ocrx_word' id='word_1_696' title='bbox 708 5069 926 5139; x_wconf 87' lang='lat' dir='ltr'><strong>quando</strong></span> <span class='ocrx_word' id='word_1_697' title='bbox 956 5067 1082 5120; x_wconf 86' lang='lat' dir='ltr'><strong>item</strong></span> <span class='ocrx_word' id='word_1_698' title='bbox 1108 5063 1336 5134; x_wconf 80' lang='lat' dir='ltr'><strong>gloriam</strong></span> <span class='ocrx_word' id='word_1_699' title='bbox 1354 5061 1738 5126; x_wconf 71' lang='lat' dir='ltr'><strong>,IIODOI‘CIIIQIIQ</strong></span> <span class='ocrx_word' id='word_1_700' title='bbox 1765 5053 2028 5108; x_wconf 90' lang='lat' dir='ltr'><strong>nominati</strong></span> 
     </span>
    </p>
   </div>
   <div class='ocr_carea' id='block_1_97' title="bbox 448 5147 2034 5231">
    <p class='ocr_par' dir='ltr' id='par_1_97' title="bbox 448 5147 2034 5231">
     <span class='ocr_line' id='line_1_97' title="bbox 448 5147 2034 5231; baseline -0.015 -9"><span class='ocrx_word' id='word_1_701' title='bbox 448 5169 698 5231; x_wconf 88' lang='lat' dir='ltr'><strong>denotet;</strong></span> <span class='ocrx_word' id='word_1_702' title='bbox 755 5177 948 5216; x_wconf 89' lang='lat' dir='ltr'><strong>rursus</strong></span> <span class='ocrx_word' id='word_1_703' title='bbox 1004 5156 1225 5227; x_wconf 88' lang='lat' dir='ltr'><strong>quando</strong></span> <span class='ocrx_word' id='word_1_704' title='bbox 1292 5153 1537 5222; x_wconf 90' lang='lat' dir='ltr'><strong>ejusdem</strong></span> <span class='ocrx_word' id='word_1_705' title='bbox 1609 5147 1914 5203; x_wconf 90' lang='lat' dir='ltr'><strong>doctrinam</strong></span> <span class='ocrx_word' id='word_1_706' title='bbox 1970 5160 2034 5199; x_wconf 91' lang='lat' dir='ltr'><strong>ac</strong></span> 
     </span>
    </p>
   </div>
   <div class='ocr_carea' id='block_1_98' title="bbox 448 5237 2034 5330">
    <p class='ocr_par' dir='ltr' id='par_1_98' title="bbox 448 5237 2034 5330">
     <span class='ocr_line' id='line_1_98' title="bbox 448 5237 2034 5330; baseline -0.014 -16"><span class='ocrx_word' id='word_1_707' title='bbox 448 5257 915 5330; x_wconf 71' lang='lat' dir='ltr'><strong>praedicationem.</strong></span> <span class='ocrx_word' id='word_1_708' title='bbox 949 5251 1117 5306; x_wconf 87' lang='lat' dir='ltr'><strong>Favet</strong></span> <span class='ocrx_word' id='word_1_709' title='bbox 1160 5257 1418 5318; x_wconf 65' lang='lat' dir='ltr'><strong>prmerca</strong></span> <span class='ocrx_word' id='word_1_710' title='bbox 1475 5241 1733 5298; x_wconf 90' lang='lat' dir='ltr'><strong>solutioni</strong></span> <span class='ocrx_word' id='word_1_711' title='bbox 1774 5240 1818 5293; x_wconf 90' lang='lat' dir='ltr'><strong>si</strong></span> <span class='ocrx_word' id='word_1_712' title='bbox 1864 5237 2034 5308; x_wconf 87' lang='lat' dir='ltr'><strong>probe</strong></span> 
     </span>
    </p>
   </div>
   <div class='ocr_carea' id='block_1_99' title="bbox 451 5330 2033 5415">
    <p class='ocr_par' dir='ltr' id='par_1_99' title="bbox 451 5330 2033 5415">
     <span class='ocr_line' id='line_1_99' title="bbox 451 5330 2033 5415; baseline -0.015 -6"><span class='ocrx_word' id='word_1_713' title='bbox 451 5366 769 5415; x_wconf 86' lang='lat' dir='ltr'><strong>noscamus,</strong></span> <span class='ocrx_word' id='word_1_714' title='bbox 808 5347 951 5401; x_wconf 89' lang='lat' dir='ltr'><strong>haud</strong></span> <span class='ocrx_word' id='word_1_715' title='bbox 997 5341 1335 5398; x_wconf 86' lang='lat' dir='ltr'><strong>adamussim</strong></span> <span class='ocrx_word' id='word_1_716' title='bbox 1382 5350 1684 5405; x_wconf 76' lang='lat' dir='ltr'><strong>congruere</strong></span> <span class='ocrx_word' id='word_1_717' title='bbox 1713 5350 1835 5387; x_wconf 81' lang='lat' dir='ltr'><strong>eum</strong></span> <span class='ocrx_word' id='word_1_718' title='bbox 1883 5330 2033 5386; x_wconf 87' lang='lat' dir='ltr'><strong>vocis</strong></span> 
     </span>
    </p>
   </div>
   <div class='ocr_carea' id='block_1_100' title="bbox 451 5426 2036 5518">
    <p class='ocr_par' dir='ltr' id='par_1_100' title="bbox 451 5426 2036 5518">
     <span class='ocr_line' id='line_1_100' title="bbox 451 5426 2036 5518; baseline -0.016 -17"><span class='ocrx_word' id='word_1_719' title='bbox 451 5459 578 5518; x_wconf 68' lang='lat' dir='ltr'><strong>typo</strong></span> <span class='ocrx_word' id='word_1_720' title='bbox 609 5441 1004 5500; x_wconf 88' lang='lat' dir='ltr'><strong>sententiarum</strong></span> <span class='ocrx_word' id='word_1_721' title='bbox 1035 5432 1474 5491; x_wconf 78' lang='lat' dir='ltr'><strong>similitudinem.</strong></span> <span class='ocrx_word' id='word_1_722' title='bbox 1515 5427 1648 5482; x_wconf 87' lang='lat' dir='ltr'><strong>Nam</strong></span> <span class='ocrx_word' id='word_1_723' title='bbox 1687 5442 1863 5495; x_wconf 88' lang='lat' dir='ltr'><strong>neque</strong></span> <span class='ocrx_word' id='word_1_724' title='bbox 1887 5426 2036 5480; x_wconf 90' lang='lat' dir='ltr'><strong>locu-</strong></span> 
     </span>
    </p>
   </div>
   <div class='ocr_carea' id='block_1_101' title="bbox 452 5519 2036 5594">
    <p class='ocr_par' dir='ltr' id='par_1_101' title="bbox 452 5519 2036 5594">
     <span class='ocr_line' id='line_1_101' title="bbox 452 5519 2036 5594; baseline -0.014 -1"><span class='ocrx_word' id='word_1_725' title='bbox 452 5542 628 5594; x_wconf 80' lang='lat' dir='ltr'><strong>tiones</strong></span> <span class='ocrx_word' id='word_1_726' title='bbox 662 5538 714 5590; x_wconf 86' lang='lat' dir='ltr'><strong>in</strong></span> <span class='ocrx_word' id='word_1_727' title='bbox 750 5531 951 5590; x_wconf 83' lang='lat' dir='ltr'><strong>Christi</strong></span> <span class='ocrx_word' id='word_1_728' title='bbox 998 5537 1194 5591; x_wconf 88' lang='lat' dir='ltr'><strong>morte,</strong></span> <span class='ocrx_word' id='word_1_729' title='bbox 1241 5534 1294 5579; x_wconf 85' lang='lat' dir='ltr'><strong>et</strong></span> <span class='ocrx_word' id='word_1_730' title='bbox 1325 5525 1378 5578; x_wconf 92' lang='lat' dir='ltr'><strong>in</strong></span> <span class='ocrx_word' id='word_1_731' title='bbox 1411 5521 1631 5576; x_wconf 88' lang='lat' dir='ltr'><strong>Christo</strong></span> <span class='ocrx_word' id='word_1_732' title='bbox 1664 5519 1948 5588; x_wconf 78' lang='lat' dir='ltr'><strong>baptizari.</strong></span> <span class='ocrx_word' id='word_1_733' title='bbox 1982 5527 2036 5572; x_wconf 90' lang='lat' dir='ltr'><strong>et</strong></span> 
     </span>
    </p>
   </div>
   <div class='ocr_carea' id='block_1_102' title="bbox 455 5611 2034 5694">
    <p class='ocr_par' dir='ltr' id='par_1_102' title="bbox 455 5611 2034 5694">
     <span class='ocr_line' id='line_1_102' title="bbox 455 5611 2034 5694; baseline -0.014 -11"><span class='ocrx_word' id='word_1_734' title='bbox 455 5632 508 5684; x_wconf 89' lang='lat' dir='ltr'><strong>in</strong></span> <span class='ocrx_word' id='word_1_735' title='bbox 539 5646 648 5682; x_wconf 90' lang='lat' dir='ltr'><strong>uno</strong></span> <span class='ocrx_word' id='word_1_736' title='bbox 669 5639 915 5694; x_wconf 89' lang='lat' dir='ltr'><strong>corpore,</strong></span> <span class='ocrx_word' id='word_1_737' title='bbox 947 5621 1050 5676; x_wconf 90' lang='lat' dir='ltr'><strong>sub</strong></span> <span class='ocrx_word' id='word_1_738' title='bbox 1081 5619 1271 5674; x_wconf 87' lang='lat' dir='ltr'><strong>eodem</strong></span> <span class='ocrx_word' id='word_1_739' title='bbox 1300 5617 1450 5672; x_wconf 90' lang='lat' dir='ltr'><strong>vocis</strong></span> <span class='ocrx_word' id='word_1_740' title='bbox 1476 5614 1754 5670; x_wconf 83' lang='lat' dir='ltr'><strong>schemate</strong></span> <span class='ocrx_word' id='word_1_741' title='bbox 1785 5611 2034 5665; x_wconf 85' lang='lat' dir='ltr'><strong>eamdem</strong></span> 
     </span>
    </p>
   </div>
   <div class='ocr_carea' id='block_1_103' title="bbox 458 5703 2032 5777">
    <p class='ocr_par' dir='ltr' id='par_1_103' title="bbox 458 5703 2032 5777">
     <span class='ocr_line' id='line_1_103' title="bbox 458 5703 2032 5777; baseline -0.011 -6"><span class='ocrx_word' id='word_1_742' title='bbox 458 5716 780 5771; x_wconf 74' lang='lat' dir='ltr'><strong>sententiam</strong></span> <span class='ocrx_word' id='word_1_743' title='bbox 816 5712 1077 5765; x_wconf 75' lang='lat' dir='ltr'><strong>exhibent</strong></span> <span class='ocrx_word' id='word_1_744' title='bbox 1113 5724 1124 5762; x_wconf 87' lang='lat'>:</span> <span class='ocrx_word' id='word_1_745' title='bbox 1175 5707 1268 5762; x_wconf 86' lang='lat' dir='ltr'><strong>sed</strong></span> <span class='ocrx_word' id='word_1_746' title='bbox 1312 5714 1574 5777; x_wconf 87' lang='lat' dir='ltr'><strong>quantum</strong></span> <span class='ocrx_word' id='word_1_747' title='bbox 1623 5704 1705 5757; x_wconf 76' lang='lat' dir='ltr'><strong>ha:</strong></span> <span class='ocrx_word' id='word_1_748' title='bbox 1745 5703 2032 5755; x_wconf 87' lang='lat' dir='ltr'><strong>verborum</strong></span> 
     </span>
    </p>
   </div>
   <div class='ocr_carea' id='block_1_104' title="bbox 468 5794 2041 5872">
    <p class='ocr_par' dir='ltr' id='par_1_104' title="bbox 468 5794 2041 5872">
     <span class='ocr_line' id='line_1_104' title="bbox 468 5794 2041 5872; baseline -0.008 -14"><span class='ocrx_word' id='word_1_749' title='bbox 468 5821 533 5860; x_wconf 74' lang='lat' dir='ltr'><strong>ac</strong></span> <span class='ocrx_word' id='word_1_750' title='bbox 565 5806 846 5858; x_wconf 84' lang='lat' dir='ltr'><strong>nominum</strong></span> <span class='ocrx_word' id='word_1_751' title='bbox 887 5798 1327 5872; x_wconf 83' lang='lat' dir='ltr'><strong>pronuntiatione</strong></span> <span class='ocrx_word' id='word_1_752' title='bbox 1364 5799 1624 5867; x_wconf 71' lang='lat' dir='ltr'><strong>proxima:</strong></span> <span class='ocrx_word' id='word_1_753' title='bbox 1656 5794 1882 5848; x_wconf 88' lang='lat' dir='ltr'><strong>invicem</strong></span> <span class='ocrx_word' id='word_1_754' title='bbox 1912 5801 2041 5848; x_wconf 81' lang='lat' dir='ltr'><strong>sunt</strong></span> 
     </span>
    </p>
   </div>
   <div class='ocr_carea' id='block_1_105' title="bbox 2198 4486 3688 4570">
    <p class='ocr_par' dir='ltr' id='par_1_105' title="bbox 2198 4486 3688 4570">
     <span class='ocr_line' id='line_1_105' title="bbox 2198 4486 3688 4570; baseline -0.007 -16"><span class='ocrx_word' id='word_1_755' title='bbox 2198 4499 2302 4569; x_wconf 79' lang='grc' dir='ltr'>κβ’.</span> <span class='ocrx_word' id='word_1_756' title='bbox 2332 4499 2536 4570; x_wconf 83' lang='grc' dir='ltr'>Καιρὸς</span> <span class='ocrx_word' id='word_1_757' title='bbox 2560 4499 2605 4552; x_wconf 85' lang='grc' dir='ltr'>δ’</span> <span class='ocrx_word' id='word_1_758' title='bbox 2629 4500 2695 4553; x_wconf 86' lang='grc' dir='ltr'>ἂν</span> <span class='ocrx_word' id='word_1_759' title='bbox 2723 4499 2806 4568; x_wconf 74' lang='grc' dir='ltr'><strong>εἴη</strong></span> <span class='ocrx_word' id='word_1_760' title='bbox 2839 4497 3071 4567; x_wconf 74' lang='grc' dir='ltr'>συνορᾷν</span> <span class='ocrx_word' id='word_1_761' title='bbox 3097 4495 3164 4548; x_wconf 85' lang='grc' dir='ltr'>δι’</span> <span class='ocrx_word' id='word_1_762' title='bbox 3192 4493 3330 4548; x_wconf 80' lang='grc' dir='ltr'>ὅσων</span> <span class='ocrx_word' id='word_1_763' title='bbox 3372 4491 3470 4546; x_wconf 86' lang='grc' dir='ltr'><strong>τοῦ</strong></span> <span class='ocrx_word' id='word_1_764' title='bbox 3523 4489 3580 4555; x_wconf 82' lang='grc' dir='ltr'>ἐξ</span> <span class='ocrx_word' id='word_1_765' title='bbox 3605 4486 3688 4557; x_wconf 78' lang='grc' dir='ltr'><strong>ἀρ-</strong></span> 
     </span>
    </p>
   </div>
   <div class='ocr_carea' id='block_1_106' title="bbox 2127 4579 3689 4664">
    <p class='ocr_par' dir='ltr' id='par_1_106' title="bbox 2127 4579 3689 4664">
     <span class='ocr_line' id='line_1_106' title="bbox 2127 4579 3689 4664; baseline -0.019 -4"><span class='ocrx_word' id='word_1_766' title='bbox 2127 4592 2229 4663; x_wconf 84' lang='grc' dir='ltr'><strong>χῆς</strong></span> <span class='ocrx_word' id='word_1_767' title='bbox 2257 4593 2611 4664; x_wconf 76' lang='grc' dir='ltr'><strong>ἀπορήματος</strong></span> <span class='ocrx_word' id='word_1_768' title='bbox 2660 4589 3109 4661; x_wconf 77' lang='grc' dir='ltr'>ἐπιχειρημάτων</span> <span class='ocrx_word' id='word_1_769' title='bbox 3155 4584 3526 4660; x_wconf 84' lang='grc' dir='ltr'>προελήλυθεν</span> <span class='ocrx_word' id='word_1_770' title='bbox 3550 4585 3581 4652; x_wconf 83' lang='grc' dir='ltr'><strong>ή</strong></span> <span class='ocrx_word' id='word_1_771' title='bbox 3606 4579 3689 4632; x_wconf 79' lang='grc' dir='ltr'>λύ-</span> 
     </span>
    </p>
   </div>
   <div class='ocr_carea' id='block_1_107' title="bbox 2130 4674 3689 4755">
    <p class='ocr_par' dir='ltr' id='par_1_107' title="bbox 2130 4674 3689 4755">
     <span class='ocr_line' id='line_1_107' title="bbox 2130 4674 3689 4755; baseline -0.008 -19"><span class='ocrx_word' id='word_1_772' title='bbox 2130 4701 2235 4747; x_wconf 84' lang='grc' dir='ltr'>σις.</span> <span class='ocrx_word' id='word_1_773' title='bbox 2266 4686 2486 4755; x_wconf 89' lang='grc' dir='ltr'>Πρόεισι</span> <span class='ocrx_word' id='word_1_774' title='bbox 2517 4685 2613 4753; x_wconf 86' lang='grc' dir='ltr'><strong>μὲν</strong></span> <span class='ocrx_word' id='word_1_775' title='bbox 2641 4685 2750 4754; x_wconf 76' lang='grc' dir='ltr'>γὰρ</span> <span class='ocrx_word' id='word_1_776' title='bbox 2779 4681 2902 4736; x_wconf 81' lang='grc' dir='ltr'>καθ’</span> <span class='ocrx_word' id='word_1_777' title='bbox 2935 4682 3032 4734; x_wconf 73' lang='grc' dir='ltr'><strong>ἕνα</strong></span> <span class='ocrx_word' id='word_1_778' title='bbox 3064 4680 3220 4749; x_wconf 88' lang='grc' dir='ltr'>λόγον</span> <span class='ocrx_word' id='word_1_779' title='bbox 3243 4674 3689 4742; x_wconf 81' lang='grc' dir='ltr'>διαστελλομένων</span> 
     </span>
    </p>
   </div>
   <div class='ocr_carea' id='block_1_108' title="bbox 2128 4763 3687 4846">
    <p class='ocr_par' dir='ltr' id='par_1_108' title="bbox 2128 4763 3687 4846">
     <span class='ocr_line' id='line_1_108' title="bbox 2128 4763 3687 4846; baseline -0.004 -17"><span class='ocrx_word' id='word_1_780' title='bbox 2128 4775 2238 4829; x_wconf 82' lang='grc' dir='ltr'>τῶν</span> <span class='ocrx_word' id='word_1_781' title='bbox 2273 4775 2688 4846; x_wconf 84' lang='grc' dir='ltr'>σημαινομένων</span> <span class='ocrx_word' id='word_1_782' title='bbox 2710 4774 2808 4827; x_wconf 87' lang='grc' dir='ltr'><strong>τοῦ</strong></span> <span class='ocrx_word' id='word_1_783' title='bbox 2845 4773 3115 4843; x_wconf 85' lang='grc' dir='ltr'>ὀνόματος</span> <span class='ocrx_word' id='word_1_784' title='bbox 3146 4769 3242 4824; x_wconf 73' lang='grc' dir='ltr'><strong>καὶ</strong></span> <span class='ocrx_word' id='word_1_785' title='bbox 3265 4770 3366 4838; x_wconf 88' lang='grc' dir='ltr'><strong>τῆς</strong></span> <span class='ocrx_word' id='word_1_786' title='bbox 3390 4763 3687 4835; x_wconf 78' lang='grc' dir='ltr'>συγχύσεως</span> 
     </span>
    </p>
   </div>
   <div class='ocr_carea' id='block_1_109' title="bbox 2129 4851 3690 4938">
    <p class='ocr_par' dir='ltr' id='par_1_109' title="bbox 2129 4851 3690 4938">
     <span class='ocr_line' id='line_1_109' title="bbox 2129 4851 3690 4938; baseline -0.01 -17"><span class='ocrx_word' id='word_1_787' title='bbox 2129 4867 2551 4938; x_wconf 83' lang='grc' dir='ltr'>διακρινομένης</span> <span class='ocrx_word' id='word_1_788' title='bbox 2573 4883 2586 4896; x_wconf 89' lang='grc'><strong>·</strong></span> <span class='ocrx_word' id='word_1_789' title='bbox 2613 4866 2687 4930; x_wconf 85' lang='grc' dir='ltr'>ὡς</span> <span class='ocrx_word' id='word_1_790' title='bbox 2711 4883 2770 4919; x_wconf 87' lang='grc' dir='ltr'><strong>τε</strong></span> <span class='ocrx_word' id='word_1_791' title='bbox 2803 4864 2990 4934; x_wconf 70' lang='grc' dir='ltr'>σαφῶς</span> <span class='ocrx_word' id='word_1_792' title='bbox 3015 4863 3211 4916; x_wconf 82' lang='grc' dir='ltr'>εἰδέναι</span> <span class='ocrx_word' id='word_1_793' title='bbox 3235 4860 3367 4914; x_wconf 87' lang='grc' dir='ltr'>πότε</span> <span class='ocrx_word' id='word_1_794' title='bbox 3394 4858 3496 4929; x_wconf 85' lang='grc' dir='ltr'><strong>μὲν</strong></span> <span class='ocrx_word' id='word_1_795' title='bbox 3517 4854 3574 4909; x_wconf 75' lang='grc' dir='ltr'><strong>το</strong></span> <span class='ocrx_word' id='word_1_796' title='bbox 3604 4851 3690 4906; x_wconf 84' lang='grc' dir='ltr'>κύ·</span> 
     </span>
    </p>
   </div>
   <div class='ocr_carea' id='block_1_110' title="bbox 2133 4944 3693 5032">
    <p class='ocr_par' dir='ltr' id='par_1_110' title="bbox 2133 4944 3693 5032">
     <span class='ocr_line' id='line_1_110' title="bbox 2133 4944 3693 5032; baseline -0.01 -17"><span class='ocrx_word' id='word_1_797' title='bbox 2133 4979 2248 5032; x_wconf 88' lang='grc' dir='ltr'>ριον</span> <span class='ocrx_word' id='word_1_798' title='bbox 2277 4960 2547 5015; x_wconf 79' lang='grc' dir='ltr'>αὐτὸκαθ’</span> <span class='ocrx_word' id='word_1_799' title='bbox 2582 4960 2746 5013; x_wconf 83' lang='grc' dir='ltr'>ἐαυτὸ</span> <span class='ocrx_word' id='word_1_800' title='bbox 2768 4959 2828 5012; x_wconf 81' lang='grc' dir='ltr'><strong>τὸ</strong></span> <span class='ocrx_word' id='word_1_801' title='bbox 2859 4958 3048 5027; x_wconf 80' lang='grc' dir='ltr'>ὄνομα</span> <span class='ocrx_word' id='word_1_802' title='bbox 3073 4955 3360 5026; x_wconf 86' lang='grc' dir='ltr'>σημαίνει,</span> <span class='ocrx_word' id='word_1_803' title='bbox 3387 4951 3517 5004; x_wconf 87' lang='grc' dir='ltr'>πότε</span> <span class='ocrx_word' id='word_1_804' title='bbox 3545 4944 3693 5002; x_wconf 70' lang='grc' dir='ltr'>δέδόο</span> 
     </span>
    </p>
   </div>
   <div class='ocr_carea' id='block_1_111' title="bbox 2133 5039 3681 5124">
    <p class='ocr_par' dir='ltr' id='par_1_111' title="bbox 2133 5039 3681 5124">
     <span class='ocr_line' id='line_1_111' title="bbox 2133 5039 3681 5124; baseline -0.012 -15"><span class='ocrx_word' id='word_1_805' title='bbox 2133 5054 2232 5121; x_wconf 76' lang='grc' dir='ltr'><strong>ξαν</strong></span> <span class='ocrx_word' id='word_1_806' title='bbox 2258 5054 2352 5108; x_wconf 76' lang='grc' dir='ltr'><strong>καὶ</strong></span> <span class='ocrx_word' id='word_1_807' title='bbox 2374 5054 2542 5124; x_wconf 87' lang='grc' dir='ltr'>τιμὴν</span> <span class='ocrx_word' id='word_1_808' title='bbox 2567 5052 2661 5106; x_wconf 88' lang='grc' dir='ltr'><strong>τοῦ</strong></span> <span class='ocrx_word' id='word_1_809' title='bbox 2711 5050 3139 5120; x_wconf 73' lang='grc' dir='ltr'>ὀνομαζομένου,</span> <span class='ocrx_word' id='word_1_810' title='bbox 3170 5047 3264 5100; x_wconf 76' lang='grc' dir='ltr'><strong>καὶ</strong></span> <span class='ocrx_word' id='word_1_811' title='bbox 3304 5045 3436 5098; x_wconf 86' lang='grc' dir='ltr'>πότε</span> <span class='ocrx_word' id='word_1_812' title='bbox 3481 5042 3577 5112; x_wconf 84' lang='grc' dir='ltr'><strong>τὴν</strong></span> <span class='ocrx_word' id='word_1_813' title='bbox 3608 5039 3681 5093; x_wconf 90' lang='grc' dir='ltr'>δι-</span> 
     </span>
    </p>
   </div>
   <div class='ocr_carea' id='block_1_112' title="bbox 2131 5128 3691 5213">
    <p class='ocr_par' dir='ltr' id='par_1_112' title="bbox 2131 5128 3691 5213">
     <span class='ocr_line' id='line_1_112' title="bbox 2131 5128 3691 5213; baseline -0.013 -13"><span class='ocrx_word' id='word_1_814' title='bbox 2131 5145 2428 5200; x_wconf 84' lang='grc' dir='ltr'>δασκαλίαν</span> <span class='ocrx_word' id='word_1_815' title='bbox 2467 5143 2630 5199; x_wconf 76' lang='grc' dir='ltr'>αὑτοῦ</span> <span class='ocrx_word' id='word_1_816' title='bbox 2657 5143 2750 5198; x_wconf 77' lang='grc' dir='ltr'><strong>καὶ</strong></span> <span class='ocrx_word' id='word_1_817' title='bbox 2793 5142 2855 5195; x_wconf 84' lang='grc' dir='ltr'><strong>τὸ</strong></span> <span class='ocrx_word' id='word_1_818' title='bbox 2899 5143 3182 5213; x_wconf 83' lang='grc' dir='ltr'>κήρυγμα.</span> <span class='ocrx_word' id='word_1_819' title='bbox 3213 5133 3603 5204; x_wconf 88' lang='grc' dir='ltr'>Συνεπικροτεῖ</span> <span class='ocrx_word' id='word_1_820' title='bbox 3641 5128 3691 5181; x_wconf 72' lang='grc' dir='ltr'>δὲ</span> 
     </span>
    </p>
   </div>
   <div class='ocr_carea' id='block_1_113' title="bbox 2132 5218 3694 5308">
    <p class='ocr_par' dir='ltr' id='par_1_113' title="bbox 2132 5218 3694 5308">
     <span class='ocr_line' id='line_1_113' title="bbox 2132 5218 3694 5308; baseline -0.011 -17"><span class='ocrx_word' id='word_1_821' title='bbox 2132 5237 2232 5308; x_wconf 78' lang='grc' dir='ltr'><strong>τὴν</strong></span> <span class='ocrx_word' id='word_1_822' title='bbox 2255 5237 2410 5292; x_wconf 87' lang='grc' dir='ltr'>λύσιν</span> <span class='ocrx_word' id='word_1_823' title='bbox 2438 5238 2531 5290; x_wconf 77' lang='grc' dir='ltr'>καὶ</span> <span class='ocrx_word' id='word_1_824' title='bbox 2582 5237 2644 5290; x_wconf 81' lang='grc' dir='ltr'><strong>τὸ</strong></span> <span class='ocrx_word' id='word_1_825' title='bbox 2686 5234 2873 5289; x_wconf 85' lang='grc' dir='ltr'>λαϐεῖν</span> <span class='ocrx_word' id='word_1_826' title='bbox 2926 5231 3238 5301; x_wconf 82' lang='grc' dir='ltr'>ἐπιστήμην</span> <span class='ocrx_word' id='word_1_827' title='bbox 3299 5227 3373 5298; x_wconf 83' lang='grc' dir='ltr'>μὴ</span> <span class='ocrx_word' id='word_1_828' title='bbox 3421 5218 3694 5281; x_wconf 78' lang='grc' dir='ltr'>διαπαντὸς</span> 
     </span>
    </p>
   </div>
   <div class='ocr_carea' id='block_1_114' title="bbox 2133 5314 3692 5399">
    <p class='ocr_par' dir='ltr' id='par_1_114' title="bbox 2133 5314 3692 5399">
     <span class='ocr_line' id='line_1_114' title="bbox 2133 5314 3692 5399; baseline -0.012 -16"><span class='ocrx_word' id='word_1_829' title='bbox 2133 5328 2365 5383; x_wconf 75' lang='grc' dir='ltr'>ἕπεσθαι</span> <span class='ocrx_word' id='word_1_830' title='bbox 2417 5328 2496 5399; x_wconf 82' lang='grc' dir='ltr'>τῷ</span> <span class='ocrx_word' id='word_1_831' title='bbox 2556 5327 2712 5397; x_wconf 83' lang='grc' dir='ltr'>τύπῳ</span> <span class='ocrx_word' id='word_1_832' title='bbox 2760 5326 2859 5396; x_wconf 80' lang='grc' dir='ltr'><strong>τῆς</strong></span> <span class='ocrx_word' id='word_1_833' title='bbox 2912 5323 3096 5394; x_wconf 76' lang='grc' dir='ltr'>φωνῆς</span> <span class='ocrx_word' id='word_1_834' title='bbox 3151 5321 3248 5392; x_wconf 76' lang='grc' dir='ltr'>τὴν</span> <span class='ocrx_word' id='word_1_835' title='bbox 3281 5320 3387 5372; x_wconf 84' lang='grc' dir='ltr'>τῶν</span> <span class='ocrx_word' id='word_1_836' title='bbox 3421 5314 3692 5387; x_wconf 86' lang='grc' dir='ltr'>νοημάτων</span> 
     </span>
    </p>
   </div>
   <div class='ocr_carea' id='block_1_115' title="bbox 2133 5405 3691 5495">
    <p class='ocr_par' dir='ltr' id='par_1_115' title="bbox 2133 5405 3691 5495">
     <span class='ocr_line' id='line_1_115' title="bbox 2133 5405 3691 5495; baseline -0.012 -18"><span class='ocrx_word' id='word_1_837' title='bbox 2133 5424 2447 5495; x_wconf 83' lang='grc' dir='ltr'>ὁμοιότητα.</span> <span class='ocrx_word' id='word_1_838' title='bbox 2481 5421 2614 5474; x_wconf 83' lang='grc' dir='ltr'>Ούδὲ</span> <span class='ocrx_word' id='word_1_839' title='bbox 2646 5419 2754 5490; x_wconf 79' lang='grc' dir='ltr'>γὰρ</span> <span class='ocrx_word' id='word_1_840' title='bbox 2778 5419 2839 5472; x_wconf 75' lang='grc' dir='ltr'>τὸ</span> <span class='ocrx_word' id='word_1_841' title='bbox 2861 5420 2939 5482; x_wconf 83' lang='grc' dir='ltr'><strong>είς</strong></span> <span class='ocrx_word' id='word_1_842' title='bbox 2967 5417 3056 5471; x_wconf 78' lang='grc' dir='ltr'><strong>τὺν</strong></span> <span class='ocrx_word' id='word_1_843' title='bbox 3079 5416 3305 5470; x_wconf 86' lang='grc' dir='ltr'>θάνατον</span> <span class='ocrx_word' id='word_1_844' title='bbox 3322 5412 3412 5468; x_wconf 88' lang='grc' dir='ltr'><strong>τοῦ</strong></span> <span class='ocrx_word' id='word_1_845' title='bbox 3445 5405 3691 5482; x_wconf 78' lang='grc' dir='ltr'>Χριστοῦ,</span> 
     </span>
    </p>
   </div>
   <div class='ocr_carea' id='block_1_116' title="bbox 2136 5499 3695 5584">
    <p class='ocr_par' dir='ltr' id='par_1_116' title="bbox 2136 5499 3695 5584">
     <span class='ocr_line' id='line_1_116' title="bbox 2136 5499 3695 5584; baseline -0.013 -13"><span class='ocrx_word' id='word_1_846' title='bbox 2136 5517 2255 5571; x_wconf 81' lang='grc' dir='ltr'>οὐδὲ</span> <span class='ocrx_word' id='word_1_847' title='bbox 2307 5516 2370 5569; x_wconf 83' lang='grc' dir='ltr'><strong>τὸ</strong></span> <span class='ocrx_word' id='word_1_848' title='bbox 2419 5517 2499 5579; x_wconf 84' lang='grc' dir='ltr'><strong>είς</strong></span> <span class='ocrx_word' id='word_1_849' title='bbox 2545 5514 2780 5584; x_wconf 75' lang='grc' dir='ltr'>Χριστὸν</span> <span class='ocrx_word' id='word_1_850' title='bbox 2817 5511 3177 5583; x_wconf 79' lang='grc' dir='ltr'>βαπτισθῆναι</span> <span class='ocrx_word' id='word_1_851' title='bbox 3217 5506 3490 5576; x_wconf 80' lang='grc' dir='ltr'>λέγεσθαι,</span> <span class='ocrx_word' id='word_1_852' title='bbox 3520 5503 3580 5556; x_wconf 78' lang='grc' dir='ltr'><strong>ού</strong></span> <span class='ocrx_word' id='word_1_853' title='bbox 3606 5499 3695 5570; x_wconf 81' lang='grc' dir='ltr'>μὲν</span> 
     </span>
    </p>
   </div>
   <div class='ocr_carea' id='block_1_117' title="bbox 2137 5595 3693 5675">
    <p class='ocr_par' dir='ltr' id='par_1_117' title="bbox 2137 5595 3693 5675">
     <span class='ocr_line' id='line_1_117' title="bbox 2137 5595 3693 5675; baseline -0.012 -13"><span class='ocrx_word' id='word_1_854' title='bbox 2137 5605 2230 5662; x_wconf 81' lang='grc' dir='ltr'><strong>οὖν</strong></span> <span class='ocrx_word' id='word_1_855' title='bbox 2267 5609 2383 5661; x_wconf 82' lang='grc' dir='ltr'>ἀλλ’</span> <span class='ocrx_word' id='word_1_856' title='bbox 2412 5607 2532 5660; x_wconf 76' lang='grc' dir='ltr'>οὐδὲ</span> <span class='ocrx_word' id='word_1_857' title='bbox 2561 5605 2622 5658; x_wconf 85' lang='grc' dir='ltr'><strong>τὸ</strong></span> <span class='ocrx_word' id='word_1_858' title='bbox 2647 5607 2725 5669; x_wconf 87' lang='grc' dir='ltr'><strong>εἰς</strong></span> <span class='ocrx_word' id='word_1_859' title='bbox 2762 5604 2820 5657; x_wconf 82' lang='grc' dir='ltr'>ἓν</span> <span class='ocrx_word' id='word_1_860' title='bbox 2847 5604 3030 5675; x_wconf 86' lang='grc' dir='ltr'>σῶμα,</span> <span class='ocrx_word' id='word_1_861' title='bbox 3057 5603 3146 5656; x_wconf 74' lang='grc' dir='ltr'>διὰ</span> <span class='ocrx_word' id='word_1_862' title='bbox 3178 5601 3239 5654; x_wconf 83' lang='grc' dir='ltr'><strong>τό</strong></span> <span class='ocrx_word' id='word_1_863' title='bbox 3270 5599 3451 5670; x_wconf 81' lang='grc' dir='ltr'>σχῆμα</span> <span class='ocrx_word' id='word_1_864' title='bbox 3476 5595 3574 5664; x_wconf 85' lang='grc' dir='ltr'><strong>τῆς</strong></span> <span class='ocrx_word' id='word_1_865' title='bbox 3601 5609 3693 5662; x_wconf 82' lang='grc' dir='ltr'><strong>φω-</strong></span> 
     </span>
    </p>
   </div>
   <div class='ocr_carea' id='block_1_118' title="bbox 2141 5686 3692 5770">
    <p class='ocr_par' dir='ltr' id='par_1_118' title="bbox 2141 5686 3692 5770">
     <span class='ocr_line' id='line_1_118' title="bbox 2141 5686 3692 5770; baseline -0.02 -6"><span class='ocrx_word' id='word_1_866' title='bbox 2141 5701 2240 5770; x_wconf 79' lang='grc' dir='ltr'><strong>νῆς</strong></span> <span class='ocrx_word' id='word_1_867' title='bbox 2296 5699 2396 5770; x_wconf 72' lang='grc' dir='ltr'>τὴν</span> <span class='ocrx_word' id='word_1_868' title='bbox 2452 5699 2622 5770; x_wconf 79' lang='grc' dir='ltr'>αὐτὴν</span> <span class='ocrx_word' id='word_1_869' title='bbox 2671 5699 3091 5770; x_wconf 81' lang='grc' dir='ltr'>παραστήσουσι</span> <span class='ocrx_word' id='word_1_870' title='bbox 3134 5694 3408 5748; x_wconf 84' lang='grc' dir='ltr'>διάνοιαν’</span> <span class='ocrx_word' id='word_1_871' title='bbox 3440 5689 3552 5742; x_wconf 82' lang='grc' dir='ltr'>ἀλλ’</span> <span class='ocrx_word' id='word_1_872' title='bbox 3585 5686 3692 5738; x_wconf 82' lang='grc' dir='ltr'>ὅσον</span> 
     </span>
    </p>
   </div>
   <div class='ocr_carea' id='block_1_119' title="bbox 2142 5774 3692 5860">
    <p class='ocr_par' dir='ltr' id='par_1_119' title="bbox 2142 5774 3692 5860">
     <span class='ocr_line' id='line_1_119' title="bbox 2142 5774 3692 5860; baseline -0.013 -17"><span class='ocrx_word' id='word_1_873' title='bbox 2142 5789 2316 5844; x_wconf 86' lang='grc' dir='ltr'>ταῦτα</span> <span class='ocrx_word' id='word_1_874' title='bbox 2347 5792 2416 5860; x_wconf 79' lang='grc' dir='ltr'>τῇ</span> <span class='ocrx_word' id='word_1_875' title='bbox 2449 5790 2698 5860; x_wconf 76' lang='grc' dir='ltr'>προφορᾷ</span> <span class='ocrx_word' id='word_1_876' title='bbox 2731 5788 2840 5842; x_wconf 83' lang='grc' dir='ltr'>τῶν</span> <span class='ocrx_word' id='word_1_877' title='bbox 2867 5787 3126 5858; x_wconf 73' lang='grc' dir='ltr'>ῥημάτων</span> <span class='ocrx_word' id='word_1_878' title='bbox 3157 5782 3252 5838; x_wconf 80' lang='grc' dir='ltr'><strong>καὶ</strong></span> <span class='ocrx_word' id='word_1_879' title='bbox 3282 5782 3387 5836; x_wconf 84' lang='grc' dir='ltr'>τῶν</span> <span class='ocrx_word' id='word_1_880' title='bbox 3432 5774 3692 5848; x_wconf 83' lang='grc' dir='ltr'>ὀνομάτων</span> 
     </span>
    </p>
   </div>
  </div>
