3864 6218
147 303 244 365 333
1089 303 1188 362 AD
1222 304 1714 365 AMPHILOCHII

1853 305 2198 376 ΟΠιΈΞΤΙΟ
2226 310 2428 370 XLIV.

3292 304 3412 368 334;

156 417 457 486 συνεγγίζει
487 435 544 472 τε
574 418 669 474 καὶ
700 415 1184 489 συσχηματίζεται,
1210 417 1463 472 τοσοῦτον
1489 418 1585 470 ἀπ’
1613 418 1711 471 ἀλ-

1825 428 1866 473 at
1896 419 2270 490 conﬁguratae,
2298 422 2632 477 tantumdem
2657 422 2796 476 inter
2811 421 3139 478 sediﬂ'erunt
3167 431 3392 475 senten—

151 508 322 578 λήλων
351 509 496 564 κατὰ
516 510 614 580 τήν
637 510 745 563 τῶν
769 508 1056 579 νοημάτων
1077 508 1360 578 διέστηκεν
1377 509 1461 562 ἑτε
1471 508 1674 579 ρὸτητα
1693 549 1708 563 .

147 599 250 652 Καὶ
292 599 431 670 πρὸς
460 599 670 664 τούτοις
714 600 749 654 ά
793 603 914 664 ταῖς
957 599 1145 662 ἄλλαις
1192 597 1556 652 ἐπιδέδεικται
1603 598 1712 650 τῶν

148 689 356 742 ἀτόπων
382 689 770 759 συνεπομένων
786 687 1118 742 ὲπιλύσεσιν.
1150 687 1269 739 Ἔτι
1308 685 1364 738 δὲ
1387 685 1466 739 ὄτι
1494 686 1569 756 μὴ
1601 679 1712 738 οἷον

148 776 212 848 ἦν
257 779 364 831 τῶν
429 780 686 850 μαθητῶν
729 780 829 850 τὴν
877 777 971 833 τοῦ
1018 777 1343 832 διδασκάλου
1390 775 1712 846 νομοθεσίαν

121 872 610 941 -καινοτομούντων
649 873 914 946 ἑτέρωθεν
957 869 1388 942 ἀνακτήσασθαι,
1426 867 1565 922 ἀλλὰ
1617 869 1713 920 καὶ

148 964 276 1034 αὐτὴ
310 965 473 1034 μέχρι
513 964 607 1017 νῦν
641 963 862 1034 ἐκράτει
904 965 1002 1034 τῆς
1031 963 1250 1032 ἐντολῆς
1295 962 1570 1032 ἀθέτησις,
1614 960 1713 1014 ούκ

149 1055 369 1124 ἐχούσης
395 1054 632 1125 πάροδον
656 1056 757 1124 τῆς
786 1055 880 1108 νῦν
925 1055 1280 1126 θειαζομένης
1308 1057 1376 1125 τῇ
1412 1053 1710 1124 Ἐκκλησία

150 1144 532 1206 καταστάσεως
557 1160 575 1178 ο
598 1145 691 1198 καὶ
723 1146 806 1198 ὅτι
861 1145 1138 1216 μάρτυρες
1169 1149 1265 1215 τῆς
1296 1145 1554 1215 τοιαύτης
1585 1145 1708 1196 sm-

148 1232 343 1296 λύσεως
370 1233 482 1288 τῶν
506 1234 765 1303 μαθητῶν
797 1235 846 1288 οί
878 1239 1166 1305 κορυφαῖοι
1196 1235 1571 1306 καθεστήκασι
1606 1233 1713 1286 Πέ-

150 1340 266 1394 τρος
328 1324 423 1376 καὶ
475 1324 724 1388 Παῦλος·
764 1326 860 1380 καὶ
904 1326 966 1379 τὸ
1021 1325 1246 1398 φρικτὸν
1309 1325 1403 1379 καὶ
1457 1324 1709 1396 φοϐερὸν,

146 1414 221 1468 ὅτι
258 1414 508 1486 συνοδικὴ
549 1415 656 1468 τῶν
705 1416 1040 1481 ἀποστόλων,
1076 1417 1169 1470 καὶ
1204 1417 1556 1485 ἀδυσώπητος
1616 1433 1714 1468 κα-

145 1504 469 1574 ταλαμϐάνει
517 1507 698 1576 ψῆφος
756 1509 886 1571 τοὺς
929 1507 1050 1561 καθ’
1087 1507 1272 1578 ἕτερόν
1331 1524 1452 1562 τινα
1510 1507 1714 1577 τρόπον

147 1597 412 1668 βάπτισμα
470 1599 627 1670 παρὰ
695 1600 786 1655 τὸν
845 1601 939 1653 τοῦ
998 1600 1274 1654 Δεσπότου
1343 1602 1504 1670 νόμον
1569 1603 1714 1665 ,τολ-

149 1689 350 1760 μῶντας
413 1692 724 1757 ἐπιτελεῖν,
775 1693 871 1747 καὶ
936 1693 1374 1763 άντινομοθετείν
1429 1697 1492 1766 τῇ
1565 1695 1711 1749 ὲκεί-

146 1800 228 1835 νου
285 1785 573 1854 κυριότητι
601 1803 615 1816 ο
671 1785 760 1838 διὰ
808 1786 966 1838 τοῦτο
1009 1787 1101 1838 καὶ
1148 1788 1181 1857 ή
1235 1786 1339 1840 ἀνὰ
1382 1788 1563 1841 πᾶσαν
1614 1788 1712 1858 τὴν

145 1865 456 1945 οἰκουμένην
469 1875 772 1944 Ἐκκλησία
795 1876 935 1929 κατὰ
950 1875 1199 1947 διαδοχὴν
1220 1876 1329 1930 τῶν
1342 1877 1714 1932 άποστολικῶν

151 1966 392 2036 πράξεών
418 1985 478 2021 τε
506 1969 604 2022 καὶ
629 1967 1006 2040 κηρυγμάτων
1043 1969 1124 2032 είς
1149 1967 1325 2039 ὄνομα
1354 1970 1572 2040 Πατρὸς
1623 1971 1716 2024 καὶ

147 2058 268 2112 Υίοῦ
297 2060 388 2112 καὶ
415 2059 578 2129 ἁγίου
610 2061 924 2130 Πνεύματος
953 2060 1310 2130 βαπτίζουσα,
1335 2055 1473 2131 μετὰ
1492 2061 1552 2113 τὸ
1581 2062 1717 2114 καθ-

146 2151 363 2221 αρθῆναι
394 2154 524 2214 τοὺς
555 2152 999 2224 βαπτισαμένους
1025 2155 1090 2224 τῇ
1134 2152 1513 2223 άναγεννήσει,
1547 2153 1712 2220 εὐμε-

143 2241 218 2296 λεῖ
229 2259 284 2296 τε
298 2243 704 2314 καὶδιαπρυσίῳ
720 2244 906 2298 εἴωθεν
919 2243 1190 2314 ύποψάλλε
1199 2261 1246 2298 ιν
1265 2246 1328 2314 τῇ
1349 2247 1519 2315 φωνῇ,
1532 2264 1550 2296 ι
1563 2245 1717 2298 Ὅσοι

145 2335 215 2396 είς
239 2335 463 2404 Χριστὸν
496 2335 884 2406 ἐϐαπτίσθητε,
913 2335 1152 2406 Χριστὸν
1199 2333 1518 2389 ἐνεδύσασθε
1548 2335 1710 2407 (48)·ο

146 2426 281 2478 οὐδὲν
310 2419 468 2497 ἧττον
516 2425 993 2496 άνακηρύττουσα,
1022 2427 1104 2479 ὅτι
1153 2426 1414 2500 καθάπερ
1458 2426 1556 2480 νῦν
1588 2429 1716 2490 τοὺς

147 2518 220 2580 είς
233 2517 444 2588 Πατέρα
469 2519 566 2571 καὶ
594 2518 726 2570 Υίὸν
755 2519 850 2571 καὶ
872 2518 1098 2588 Πνεῦμα
1117 2517 1272 2587 ἅγιον
1296 2517 1714 2588 βαπτισθέντας,

149 2611 219 2672 είς
243 2610 468 2681 Χριστὸν
496 2609 732 2679 λέγομεν
787 2609 1145 2680 βαπτισθῆναι
1176 2611 1274 2664 καὶ
1295 2610 1535 2681 Χριστὸν
1563 2610 1716 2664 ὲνδύ-

150 2699 348 2750 σασθαι·
397 2696 539 2752 οὕτω
577 2699 820 2752 καὶτῶν
871 2699 1184 2753 ἀποστόλων
1230 2702 1258 2754 ὁ
1294 2699 1454 2770 χορὸς
1510 2701 1573 2752 τὸ
1619 2699 1719 2767 τῆς

147 2789 540 2858 άναγεννήσεως
575 2789 801 2860 λουτρὸν
829 2789 1260 2860 ἱερουργοῦντες,
1279 2793 1344 2861 τῇ
1381 2788 1475 2842 τοῦ
1505 2788 1718 2860 Πατρὸς

150 2881 232 2933 καὶ
259 2880 348 2934 τοῦ
395 2880 526 2935 Υίοῦ
571 2881 668 2936 καὶ
707 2881 801 2934 τοῦ
844 2882 998 2950 ἁγίου
1048 2881 1369 2952 Πνεύματος
1409 2881 1716 2950 ἐπικλήσει,

152 2971 415 3042 βαπτίζειν
440 2973 695 3043 ἐλέγοντο
743 2976 823 3038 είς
856 2973 1116 3044 Χριστὸν,
1157 2972 1250 3027 καὶ
1285 2974 1342 3025 ὲν
1375 2971 1452 3042 τῷ
1491 2971 1717 3043 ὀνόματι

162 3060 322 3131 Ἰησοῦ
350 3061 611 3133 Χριστοῦ,
646 3064 741 3115 καὶ
769 3061 834 3116 τά
867 3063 1224 3134 παραπλήσια
1255 3063 1388 3131 (49).

672 3174 1006 3229 ΕΡΩΤΗΣΙΣ
1037 3176 1147 3230 MA'

159 3269 210 3322 Τί
230 3269 398 3336 δηλοῖ
423 3269 489 3323 τὸ
514 3268 880 3337 εὶρημένον,ι
907 3271 1005 3322 Ἑν
1026 3269 1206 3322 παντί
1230 3267 1412 3338 καιρῷ
1433 3270 1716 3324 ἔστωσαν

215 3340 282 3392 τὰ
306 3341 498 3407 ἱμάτιά
524 3356 644 3394 σου
665 3341 874 3404 λευκὰ,
897 3341 992 3393 καί
1026 3340 1236 3393 ἔλαιον
1265 3341 1362 3394 ἐπὶ
1395 3339 1506 3408 τῆς
1532 3357 1714 3408 κείρας

213 3407 323 3474 λῆς
366 3427 480 3465 σου
518 3409 609 3478 μὴ
658 3409 1070 3480 ῥστερησᾴτω,
1132 3409 1230 3480 καί
1271 3410 1380 3464 τοῦ
1423 3407 1622 3480 σοφοῦ
1663 3415 1720 3466 οἱ

219 3481 500 3551 ὀφθαλμοί
535 3481 607 3533 ἐν
630 3478 706 3549 τῇ
731 3479 968 3548 κεφαλῇ
1000 3479 1209 3536 αὐτοῦ.

1739 1756 1786 1814 Β

1815 509 2014 564 tiarum
2081 514 2414 568 diversitate.
2495 512 2588 568 liis
2667 512 2806 567 adde
2877 499 3392 573 demonstrationes,

1815 615 1936 669 qua:
1972 616 2035 654 ex
2083 604 2535 671 consequentium
2596 604 2959 660 absurdorum
3031 601 3400 656 solutionibus

1815 698 2054 744 manant.
2085 690 2377 760 Praeterea,
2425 694 2570 764 quod
2615 693 2661 747 si
2698 691 2952 760 discipuli
3010 691 3115 759 legi
3149 688 3394 759 magistri

1815 777 2107 833 novitatem
2143 795 2298 835 suam
2343 782 2780 852 supposuissent,
2819 783 2902 836 lex
2955 790 3137 850 postea
3183 780 3272 832 illa
3317 779 3412 832 in-t

1815 871 2048 925 staurari
2074 871 2294 928 aliunde
2325 889 2432 928 non
2483 874 2772 943 potuisset,
2817 887 3008 928 verum
3070 872 3177 925 huc
3222 885 3395 938 usque

1814 961 2093 1032 abrogatio
2120 964 2238 1033 ejus
2285 968 2592 1032 mansisset,
2638 980 2814 1034 neque
2851 963 3246 1034 postliminium
3299 977 3395 1013 ex-

1814 1051 2040 1108 stitisset
2085 1057 2498 1112 consuetudinis
2528 1058 2666 1127 ejus,
2705 1069 2829 1127 qute
2868 1070 3015 1109 nunc
3044 1053 3101 1108 in
3152 1051 3397 1107 Ecclesia

1814 1142 2073 1200 divinitus
2100 1148 2262 1216 viget.
2296 1145 2519 1216 Insuper
2541 1149 2685 1218 quod
2705 1147 2870 1218 hujus
2888 1145 3176 1202 solutionis
3203 1144 3400 1199 suifra-

1814 1244 2032 1304 gatores
2103 1244 2233 1292 sunt
2285 1238 2679 1308 discipulorum
2741 1238 3015 1308 principes
3081 1237 3277 1291 Petrus
3345 1245 3400 1289 et

1815 1324 2013 1381 Pauliis
2046 1345 2058 1381 :
2099 1328 2356 1397 quodque
2396 1329 2552 1398 longe
2605 1329 2994 1399 gravissimum
3022 1328 3397 1382 tremendum-

1813 1433 1920 1487 que
1958 1428 2062 1482 est,
2094 1419 2352 1489 synodica
2389 1421 2764 1495 apostolorum
2794 1429 2848 1475 et
2883 1419 3236 1474 inexorabilis
3272 1433 3398 1472 sen-

1817 1508 1981 1563 tentia
2014 1511 2244 1578 percutit
2288 1526 2384 1566 eos
2432 1513 2524 1582 qui
2557 1511 2664 1566 alio
2705 1512 2898 1581 quovis
2946 1511 3130 1574 modo,
3172 1520 3399 1579 praeter~

1813 1615 1975 1668 quam
2019 1615 2047 1652 a
2092 1599 2320 1654 Domino
2369 1603 2686 1656 mandatum
2742 1601 2864 1667 fuit,
2913 1600 3183 1670 baptisma
3231 1601 3399 1653 conli-

1816 1691 1985 1755 ciuut,
2020 1700 2074 1745 et
2103 1701 2294 1746 contra
2339 1693 2459 1762 ejus
2491 1708 2803 1762 supremam
2846 1702 3166 1760 potestatem
3212 1691 3400 1745 decer-

1817 1783 2167 1849 nunt.Quare
2199 1793 2310 1840 toto
2341 1786 2473 1840 orbe
2501 1795 2766 1840 terrarum
2803 1794 3098 1855 propagata
3131 1783 3396 1845 Ecclesia,

1816 1891 1937 1946 qua:
1971 1877 2272 1930 secundum
2310 1879 2543 1931 Actuum
2588 1878 3094 1946 praeconiorumque
3139 1875 3399 1945 apostoli-

1817 1981 2004 2020 corum
2042 1967 2386 2022 traditionem
2441 1969 2680 2038 baptizat
2741 1968 2794 2022 in
2855 1967 3076 2022 nomine
3129 1965 3306 2020 Patris
3345 1976 3399 2019 et

1817 2056 1940 2110 Filii
1975 2065 2029 2109 et
2062 2054 2298 2125 Spiritus
2329 2057 2526 2120 sancti,
2573 2066 2866 2126 postquam
2916 2056 3216 2124 baptizatos
3248 2069 3400 2122 regc~

1818 2149 2100 2202 neratione
2150 2149 2420 2218 purgavit,
2475 2147 2752 2202 modulata
2791 2147 3046 2216 claraque
3089 2160 3222 2200 voce
3264 2146 3402 2199 solet

1818 2253 2016 2294 cauere
2042 2258 2054 2292 :
2090 2257 2108 2290 ι
2148 2239 2428 2309 Quotquot
2456 2239 2508 2292 in
2538 2240 2758 2294 Christo
2781 2239 3036 2308 baptizati
3060 2237 3213 2302 estis,
3243 2236 3402 2291 Chri-

1818 2337 1962 2382 stum
2004 2329 2282 2384 induistis.
2317 2348 2334 2382 ι
2359 2329 2537 2400 Atque
2580 2330 2654 2384 ita
2704 2330 2999 2398 pra‘dicare
3027 2343 3132 2382 non
3162 2326 3396 2387 dubitat,

1817 2417 1978 2473 sicuti
2005 2434 2150 2472 nunc
2182 2419 2233 2471 in
2257 2419 2416 2474 l’atre
2434 2426 2488 2472 et
2515 2417 2654 2473 Filio
2681 2428 2734 2474 et
2757 2418 2962 2488 Spiritu
2995 2429 3189 2473 sancto
3222 2416 3399 2485 bapti-

1818 2518 1968 2563 zatos
2003 2511 2312 2580 suscepisse
2368 2511 2701 2580 baptismum
2749 2511 2985 2566 dicimus
3035 2519 3089 2563 et
3123 2507 3400 2571 Christum

1818 2602 2105 2668 induisse;
2154 2603 2231 2658 ita
2277 2611 2481 2659 coetum
2521 2605 2899 2673 apostolorum
2971 2599 3400 2670 regenerationis

1817 2694 2094 2750 lavacrum
2126 2695 2600 2751 administrantem
2629 2711 2753 2751 cum
2775 2694 2952 2750 Patris
2969 2705 3022 2748 et
3048 2693 3165 2747 Filii
3193 2703 3246 2746 et
3276 2690 3402 2762 Spi-

1819 2785 1958 2841 ritus
1992 2787 2168 2840 saucti
2212 2787 2581 2854 invocatione,
2613 2787 2818 2842 dictum
2847 2785 2976 2840 olim
3027 2785 3200 2840 fuisse
3234 2783 3404 2852 bapti-

1821 2893 1949 2933 zare
1978 2879 2030 2932 in
2063 2879 2306 2941 Christo,
2331 2889 2385 2935 et
2407 2879 2461 2933 in
2491 2881 2711 2934 nomine
2734 2877 2861 2934 Jesu
2892 2877 3118 2941 Christi,
3154 2885 3208 2931 ct
3246 2876 3401 2932 simi-

1821 2968 1967 3024 libus
2001 2969 2276 3026 formulis.

2151 3133 2481 3236 QUzESTIO
2517 3167 2679 3224 XLIV
2721 3168 2818 3242 [αι.
2859 3166 3066 3239 xuu].

1822 3259 1966 3325 Quid
1991 3260 2256 3330 signiﬁcat
2279 3261 2416 3315 illud
2460 3261 2600 3331 quod
2632 3262 2832 3315 dictum
2867 3268 2982 3314 est:
3025 3278 3044 3312 ι
3086 3257 3243 3331 omni
3277 3266 3406 3331 tam.

1891 3347 2016 3400 pore
2044 3329 2152 3386 sint
2189 3329 2506 3386 vestimento
2536 3341 2628 3385 tua
2665 3332 2808 3388 alba.
2851 3341 2899 3384 et
2933 3331 3104 3385 oleum
3140 3330 3194 3382 in
3232 3329 3406 3400 capita

1897 3411 1986 3454 tuo
2019 3402 2332 3474 neﬂeﬁriat,
2365 3411 2413 3455 et
2443 3403 2694 3470 sapientis
2722 3401 2860 3455 oculi
2886 3402 2939 3454 iu
3000 3401 3167 3470 capite
3201 3399 3336 3467 ejus.
3380 3415 3397 3448 ι

783 3569 923 3619 Edita
951 3583 978 3619 a
1000 3568 1141 3630 Maio,
1168 3571 1293 3621 Nov.
1329 3569 1472 3632 COIL,
1507 3576 1542 3621 t.
1569 3573 1649 3634 1X,
1673 3587 1718 3636 p.
1743 3575 1874 3628 27-3.-
1907 3579 2196 3642 Explanatio
2224 3578 2274 3628 in
2295 3579 2483 3630 Eccles.
2509 3593 2575 3642 ix,
2596 3582 2626 3629 8
2648 3580 2719 3640 ll,
2748 3579 2819 3628 lt.

219 3653 285 3706 Τὸ
304 3655 668 3723 λευχειμονεῖν
700 3647 778 3715 οἷς
805 3654 1010 3722 ήὸιατά
1034 3654 1102 3706 τὰ
1127 3654 1334 3707 παλαιά
1363 3653 1569 3725 νόμιμα
1617 3673 1715 3710 πο-

158 3746 310 3800 λιτεία
332 3746 792 3816 περισπούδαστον
815 3746 1150 3817 εὐφροσύνης
1183 3748 1332 3817 ἱερᾶς
1354 3748 1444 3801 καὶ
1463 3749 1720 3820 άγιοπρεο

159 3838 277 3900 ποῦς
304 3838 685 3900 καταστάσεως
711 3837 1165 3907 παρελαμϐάνετο
1195 3837 1487 3908 σύμϐολον,
1522 3842 1618 3894 καὶ
1651 3842 1716 3912 δὴ

161 3929 241 3981 καὶ
276 3930 332 3983 τὸ
387 3930 484 4001 τὴν
542 3930 786 3998 κεφαλὴν
835 3929 996 4000 ἐλαίῳ
1045 3929 1363 3999 ἀλείφεσθαι
1407 3932 1506 4001 τῆς
1555 3934 1721 4004 αὐτῆς

159 4021 428 4091 τεκμήριον
446 4021 727 4074 ἐποιοῦντο
743 4019 1051 4082 διαθέσεως.
1074 4021 1164 4074 Διδ
1181 4021 1276 4075 καὶ
1289 4024 1315 4075 ὁ
1333 4022 1536 4094 Κύριος
1557 4024 1714 4095 ἡμῶν

160 4111 246 4178 τῆς
275 4113 375 4165 τῶν
402 4112 712 4183 Φαρισαίων
741 4113 972 4180 ἀπάγων
1001 4113 1151 4184 ἡμᾶς
1194 4115 1482 4184 μιμήσεως
1515 4114 1669 4184 ἔλεγε

166 4219 181 4249 ι
210 4201 273 4253 Σὺ
299 4202 350 4256 δὲ
385 4203 662 4274 νηστεύων
687 4202 904 4272 ἄλειψαί
939 4220 1032 4255 σου
1066 4203 1162 4274 τήν
1200 4204 1444 4275 κεφαλὴν
1481 4205 1664 4275 ὲλαίῳο
1695 4224 1712 4256 ι

160 4285 274 4356 οἷον,
309 4295 359 4347 Μ
373 4295 484 4364 ξδὲν
517 4294 863 4365 σκυθρωπὸν,
895 4294 1030 4364 μηδὲ
1089 4295 1330 4366 κατηφὲς
1368 4295 1447 4367 τῷ
1477 4296 1578 4366 τῆς
1622 4316 1717 4367 νη-

1893 3661 2058 3718 Veste
2086 3664 2208 3718 allia
2253 3664 2424 3728 indui,
2485 3664 2553 3718 iis
2605 3665 2801 3734 quibus
2862 3664 2981 3718 vitae
3063 3662 3218 3732 juxta
3301 3677 3403 3716 au—

1824 3753 2006 3824 tiquos
2035 3755 2174 3810 ritus
2199 3755 2510 3811 institutum
2539 3757 2719 3810 studio
2747 3756 3044 3824 appetitum
3076 3764 3213 3818 erat,
3233 3768 3406 3807 sacrae

1825 3847 2028 3902 laetitia:
2052 3857 2106 3902 et
2138 3847 2314 3903 sancti
2340 3859 2516 3902 status
2543 3847 2849 3917 symbolum
2899 3844 3316 3908 assumehatur;
3353 3851 3406 3897 ct

1828 3953 1960 3993 sane
1997 3939 2177 3992 adhuc
2232 3946 2395 4009 caput
2447 3936 2574 4006 ungi
2621 3939 2741 3991 oleo
2779 3937 2880 3990 sibi
2913 3935 3186 3990 faciebant
3241 3933 3406 4000 hujus

1829 4030 2205 4099 dispositionis
2248 4030 2618 4083 testimonium
2647 4045 2660 4093 ;
2696 4035 3029 4097 quapropter
3060 4033 3112 4080 et
3145 4024 3408 4077 Dominus

1771 4177 1775 4180 _
1826 4131 2012 4176 noster
2046 4136 2148 4176 nos
2176 4137 2205 4175 a
2241 4120 2641 4174 Pharisaeorum
2685 4129 2935 4172 avertens
2986 4115 3289 4170 imitatione
3325 4113 3407 4166 di-

1825 4213 2017 4268 ccbat:
2061 4232 2079 4264 ι
2115 4213 2196 4268 Tu
2231 4222 2412 4267 autem
2445 4227 2568 4266 cum
2598 4210 3013 4282 jejunas,4unge
3053 4215 3216 4275 caput
3249 4215 3402 4259 tuum

1824 4305 1977 4370 oleo;
2043 4323 2060 4354 ι
2091 4305 2248 4374 quasi
2289 4302 2559 4356 dixisset:
2612 4299 2755 4353 Nihil
2807 4298 2982 4361 triste,
3038 4296 3188 4354 nihil,
3223 4296 3403 4349 moesti

164 4383 326 4446 στείας
376 4385 760 4459 κατορθώματι
817 4385 1225 4460 συνδιαπὶέξῃς.
1293 4387 1446 4440 Ἐπεὶ
1491 4385 1586 4442 οὖν
1642 4390 1712 4442 τά

1825 4394 2004 4464 iejunii
2037 4395 2180 4448 bono
2203 4393 2534 4447 immisceas.
2561 4389 2844 4457 Quoniam.
2886 4388 3055 4458 igitur
3083 4389 3206 4442 alba
3233 4395 3400 4442 vcsti-

1657 4503 1889 4561 NOT/E.

227 4591 326 4660 (48)
346 4591 474 4653 Vide
499 4596 812 4651 Graecorum
835 4593 1266 4667 Eucliologium,
1287 4612 1404 4666 cap.
1443 4598 1510 4652 de
1543 4598 1717 4666 bapti-

165 4672 336 4716 smate.

222 4731 325 4810 (i9)
356 4731 546 4810 Pliotio
567 4745 627 4810 ut
651 4735 913 4810 scriberet
936 4736 1273 4810 luculentam
1291 4736 1430 4810 hanc
1457 4737 1522 4810 de
1545 4736 1720 4805 bapti-

167 4805 264 4854 smi
292 4805 1020 4876 formulardissertationem,
1058 4807 1145 4858 vix
1184 4807 1374 4860 dubito
1421 4807 1555 4876 quin
1587 4821 1718 4860 cau-

168 4885 267 4924 sam
316 4873 569 4929 obtulerit
622 4879 1006 4947 controversia
1035 4892 1141 4947 per
1178 4877 1228 4929 id
1279 4873 1493 4947 tempus
1538 4878 1717 4931 denuo

167 4954 439 5006 commota,
472 4961 637 5014 quam
685 4961 715 5000 e
746 4946 946 5000 celebri
989 4945 1049 4999 S.
1083 4946 1288 5000 Nicolai
1345 4945 1407 5000 1.’
1449 4948 1603 5015 Papae
1631 4963 1717 5002 re-

170 5023 352 5090 sponso
378 5015 452 5090 ad
472 5015 732 5090 Bu_lga_ros
759 5016 892 5090 satis
922 5017 1329 5090 COgl‘lOSjSlills,_
1356 5017 1424 5072 de
1447 5017 1717 5090 baptismo

172 5083 404 5136 nimirum
441 5085 493 5138 in
526 5087 583 5141 S.
623 5085 910 5141 Trinitatis
932 5083 1017 5139 Vel
1047 5088 1098 5139 in
1129 5086 1332 5139 Christi
1375 5083 1591 5140 nomine
1619 5089 1716 5140 ad-

173 5150 475 5226 ministrate.
505 5156 660 5221 Quod
691 5166 870 5211 autem
896 5155 1118 5211 Photius
1157 5173 1331 5224 neque
1369 5157 1472 5212 hoc
1508 5157 1715 5226 scripto

173 5233 331 5300 neque
360 5223 446 5277 illa
479 5228 704 5300 epistola
734 5227 1174 5300 encycliea,qu:e
1196 5223 1280 5280 est
1306 5228 1541 5300 secunda
1579 5223 1722 5281 inter

175 5287 345 5355 editas,
363 5287 810 5350 contumeliarum
830 5287 882 5351 et
899 5287 1339 5350 crimit'iatiouum
1364 5297 1417 5350 in
1442 5289 1722 5351 Romanos

177 5355 505 5438 [iitlgarorum
559 5369 806 5438 doctores
843 5368 1022 5438 plena,
1075 5367 1367 5436 quidquam
1407 5367 1719 5438 huiusmodi

177 5434 376 5504 {Vit-uiae
408 5437 601 5492 viventi
639 5434 919 5504 objecerit,
953 5437 1003 5489 id
1041 5434 1240 5490 rursus
1278 5434 1595 5504 comprobat
1635 5437 1719 5488 in-

179 5497 462 5557 humaniter
491 5517 543 5559 et
578 5497 758 5575 inique
791 5497 968 5560 facere
990 5523 1089 5560 eos
1123 5507 1213 5573 qui
1244 5497 1467 5560 Nicolao
1496 5505 1718 5558 maledi-

179 5577 312 5631 cunt,
340 5575 423 5626 eui
447 5575 525 5628 vel
559 5576 943 5630 acet-iussimus
989 5577 1166 5630 hostis
1196 5578 1248 5628 in
1299 5580 1397 5628 hac
1425 5584 1577 5644 parte
1623 5577 1720 5628 ob-

183 5644 393 5714 trectare
419 5661 521 5697 non
545 5657 628 5700 est
649 5661 836 5700 ausus.
869 5647 946 5698 Ad
983 5661 1094 5698 rem
1138 5647 1308 5714 ipsam
1335 5646 1478 5714 quod
1505 5645 1716 5703 attinet.

187 5712 391 5780 ιῳωειίο
426 5730 553 5771 sane
617 5715 872 5776 historica
921 5717 1098 5786 politis
1154 5712 1256 5779 est,
1300 5712 1480 5769 utrum
1526 5729 1717 5784 nempe

1826 4600 2055 4664 apostoli
2087 4597 2345 4668 peculiari
2386 4595 2567 4668 aliquo
2600 4596 2722 4667 jure
2753 4593 3169 4668 ab__evangelica
3230 4591 3402 4668 forma

1828 4663 2120 4738 aliquando
2150 4666 2507 4738 discesserint
2534 4706 2549 4730 ,
2594 4663 2793 4738 necne.
2822 4663 2956 4738 Nam
2991 4665 3132 4733 quod
3155 4672 3307 4738 certe
3351 4665 3406 4718 in

1830 4733 2078 4808 pnescnti
2105 4738 2428 4808 aliisverbis
2459 4736 2734 4804 baptizare
2759 4752 2870 4808 non
2903 4735 3082 4808 liceat,
3115 4733 3217 4788 nisi
3245 4749 3410 4808 evan-

1828 4804 2015 4878 gelieis
2049 4817 2101 4861 et
2129 4810 2180 4861 iu
2207 4807 2446 4861 Ecclesia
2492 4809 2748 4878 universa
2791 4805 3028 4878 usitatis,
3088 4819 3249 4858 nemo
3292 4804 3405 4878 jam

1829 4875 2005 4946 negat.
2047 4877 2189 4933 inter
2225 4878 2422 4932 inultos
2455 4877 2810 4935 recentiores,
2855 4876 2945 4943 qui
2973 4875 3407 4946 controversiam

1825 4942 2039 5002 curiose
2065 4949 2416 5012 ventilarunt,
2446 4948 2753 5016 theologos,
2777 4942 3089 5000 llarduiuus
3113 4953 3167 4998 et
3196 4942 3410 5016 Calme-

1827 5028 1912 5072 tus
1943 5019 2188 5073 eminent
2235 5028 2396 5086 atque
2445 5014 2660 5071 Ursusf
2685 5017 2748 5071 Et
2791 5016 2900 5070 duo
2940 5016 3158 5085 quidem
3201 5014 3410 5086 priores

1823 5103 1948 5142 cum
1979 5090 2178 5143 inedita
2217 5085 2394 5142 Photii
2423 5088 2690 5141 sententia
2737 5089 2923 5155 (quam
2963 5085 3254 5154 caeteroqui
3298 5101 3408 5140 non

1826 5161 2086 5228 legerant)
2111 5160 2243 5214 satis
2265 5161 2717 5226 eunspiruveruut
2739 5175 2752 5213 :
2779 5155 2921 5213 Ursn
2953 5166 3159 5218 autem,
3183 5157 3426 5228 copioso.

1832 5227 1954 5283 licet
1980 5238 2031 5283 et
2063 5231 2245 5290 docto,
2294 5230 2385 5299 qui
2426 5229 2494 5280 ab
2538 5229 2620 5281 his
2661 5228 2906 5292 dissidet,
2955 5236 3008 5281 et
3057 5234 3185 5299 tunc
3223 5227 3436 5299 statim,

1831 5314 1930 5367 pro
1966 5302 2222 5368 opinione
2255 5295 2350 5353 sua
2393 5309 2586 5352 contra
2620 5299 2930 5368 theologum
2957 5297 3248 5368 quemdam
3280 5295 3426 5368 Spr—.

1833 5367 2086 5423 bonicum
2109 5371 2493 5423 decertandum
2525 5369 2643 5432 fuit,
2675 5378 2730 5422 et
2759 5367 2902 5422 nunc
2934 5369 3150 5436 gravior
3179 5367 3422 5419 Photius

1835 5448 1956 5507 post
2018 5441 2126 5493 fata
2193 5441 2537 5493 adversarius
2588 5439 2852 5492 exuritur.
2924 5435 3114 5491 Photio
3169 5435 3422 5507 denique

1833 5506 2133 5580 Consonaut
2180 5509 2457 5580 Didymus,
2509 5509 2570 5561 de
2619 5509 2809 5577 Spil'il.
2862 5518 3067 5569 s'mcto,
3105 5520 3248 5580 __cap_.
3301 5506 3402 5580 gi,

1833 5589 1886 5633 et
1927 5573 2364 5650 Theophylacius
2408 5580 2508 5634 sub
2549 5573 2708 5634 linem
2763 5575 3139 5634 eonnnentarii
3180 5575 3244 5627 ad
3296 5573 3405 5626 Lu-

1833 5666 1974 5705 caui.
