3830 6210
459 263 567 330 335

1611 282 1877 344 PHOTII
1913 286 2421 348 PATRIARCH'IE
2452 291 2559 352 (ΖΡ.
3591 302 3680 365 336

449 385 634 432 menta
660 389 714 432 et
747 378 930 434 oleum
969 381 1036 437 iis
1085 382 1176 452 qui
1209 385 1264 438 in
1305 386 1423 457 lege
1471 388 1725 446 vivebam
1763 395 2002 450 or-nabau

2131 399 2301 452 λευκὰ
2333 399 2525 468 ἱμάτια
2548 402 2660 464 τοῖς
2689 401 2746 454 ἐν
2772 401 2846 472 τῷ
2884 401 3034 473 νόμῳ
3063 403 3156 457 καὶ
3185 404 3244 458 τὸ
3269 404 3443 460 ἔλαιον
3477 409 3680 484 ἐκόσμει

450 481 672 537 corpus.
715 469 1097 539 signiﬁcabant
1127 485 1310 530 autem
1367 479 1535 534 vitam
1584 484 1636 535 in
1665 483 1849 539 laetitia
1900 501 2032 540 con-

450 561 695 616 stitutam
723 580 736 614 :
771 564 845 618 ita
878 580 974 634 per
1002 578 1207 623 aeterna
1231 573 1481 641 exempla
1515 573 1748 630 Verbum
1777 593 1876 632 nos
1901 579 2030 632 hor-
2087 578 2091 582 ⁴

449 659 598 706 tatur
623 662 681 706 u-t
703 655 949 710 eamdem
975 667 1210 713 mentem
1243 661 1468 716 nitidam
1491 673 1804 720 etornatam
1831 669 2031 723 hahea-

449 758 590 798 mus.
627 743 828 800 Nitebit
859 757 1040 804 autem
1072 760 1124 806 et
1150 752 1453 819 ornabitur,
1483 755 1527 810 si
1561 757 1713 812 stolae
1745 759 1862 828 ejus
1893 761 2030 816 alba:

447 835 580 891 sint.
610 837 762 893 Albae
806 856 972 910 porro
1005 854 1188 906 erunt.
1231 849 1456 916 quando
1482 849 1719 918 puritate
1757 861 1813 906 et
1846 853 2030 920 splen-

447 926 583 982 dere
631 929 893 986 virtutum
925 934 1131 1004 absque
1178 938 1287 993 ulla
1333 955 1425 993 eas
1464 940 1784 1010 inquinante
1817 947 2026 1002 malitia

447 1019 812 1088 splendebunt
831 1035 885 1079 et
917 1029 1262 1086 translucidae
1290 1043 1486 1100 erunt;
1518 1049 1752 1103 quorum
1783 1041 2027 1094 exterior

446 1125 554 1164 non
586 1122 669 1168 est
691 1130 812 1186 erga
842 1117 1006 1172 Deum
1040 1121 1231 1191 pietas.
1272 1124 1342 1176 Ea
1373 1135 1457 1180 est
1475 1127 1620 1180 enim
1644 1143 1768 1198 qua)
1799 1129 2026 1188 virtutes

445 1208 699 1276 producit
733 1219 787 1266 et
819 1217 1049 1269 scaturit
1093 1226 1148 1270 et
1178 1217 1230 1271 in
1275 1219 1379 1273 illis
1419 1220 1649 1275 chorum
1713 1238 2020 1280 consonum

443 1308 499 1354 et
525 1304 854 1360 concinnum
909 1310 1169 1374 ostendit,
1242 1321 1296 1365 et
1349 1324 1554 1369 vestem
1605 1317 1921 1385 nuptialem,
1970 1327 2026 1374 et

444 1393 653 1448 caelesti
680 1412 832 1452 caena
864 1400 1080 1470 dignam
1121 1404 1252 1457 texit
1284 1414 1336 1458 ct
1357 1422 1418 1460 ca
1442 1408 1680 1462 animam
1717 1411 2024 1466 circumdat

441 1489 498 1535 et
549 1483 744 1540 salutis
794 1499 879 1542 est
909 1492 1297 1561 conciliatrix;
1340 1496 1539 1565 quibus
1568 1510 1621 1552 et
1677 1501 1782 1554 olei
1834 1503 2021 1557 unctio

441 1571 712 1643 imprimis
761 1579 1008 1648 injicitur
1045 1593 1101 1637 et
1147 1587 1468 1653 adaptatur;
1527 1590 1592 1644 Et
1643 1593 1870 1647 verbum
1896 1594 2020 1649 ait:

444 1683 463 1713 ι
501 1665 692 1722 Oleum
722 1671 776 1725 in
808 1676 983 1742 capite
1015 1686 1110 1730 tuo
1126 1694 1195 1734 ne
1213 1680 1452 1745 deficiat,
1487 1702 1507 1735 ι
1537 1685 1939 1756 eleemosynam
1964 1687 2016 1740 in

2136 489 2234 557 μὲν
2258 489 2318 542 τὸ
2348 489 2529 561 σῶμα,
2564 491 2752 562 ἐδήλου
2803 493 2860 546 δὲ
2884 493 2982 562 τὴν
3009 495 3067 547 ἐν
3092 497 3158 565 τῇ
3199 496 3501 570 εὐφροσύνῃ
3529 505 3678 558 κατά-

2135 595 2322 632 στασιν
2353 582 2451 650 τῆς
2480 580 2646 651 ζωῆς,
2675 583 2844 648 οὑτως
2878 585 2984 638 ἀπὸ
3004 585 3112 637 τῶν
3142 587 3296 651 ἐκτὸς
3317 591 3678 663 παραδειγμά-

2129 688 2238 722 των
2264 674 2294 724 ό
2321 673 2492 738 Λόγος
2515 675 2683 744 αὐτὴν
2713 677 3146 746 παρακελεύεται
3184 680 3413 750 φαιδρὰν
3440 681 3579 752 ἔχειν
3605 688 3682 740 καὶ

2135 760 2541 834 ὲξωραῐσμένην
2596 766 2697 837 τὴν
2752 765 2953 836 ψυχήν.
3013 767 3368 839 Φαιδρύνοιτο
3412 771 3458 824 δ’
3504 771 3566 825 ἂν
3601 777 3682 828 καὶ

2129 852 2418 924 ὼραΐζοιτο
2438 856 2654 910 καὶτῶν
2685 858 2889 928 ταύτης
2911 859 3271 929 περιδολαίων
3296 861 3506 917 λευκῶν
3529 865 3682 935 ὑπαρ-

2128 948 2350 1016 χόντων.
2399 949 2582 1002 Λευκὰ
2612 950 2656 1002 δ’
2685 949 2750 1004 ἂν
2773 951 3046 1020 γίγνοιντο
3083 952 3304 1008 ἐπειδάν
3329 957 3430 1026 τὴν
3473 957 3681 1028 καθαρό-

2127 1058 2264 1106 τητα
2297 1042 2392 1095 καὶ
2425 1041 2784 1112 λαμπρότητα
2821 1043 2930 1097 τῶν
2961 1043 3174 1114 ἀρετῶν
3195 1046 3321 1100 ἄνευ
3347 1046 3492 1110 τινὸς
3511 1049 3682 1118 ἐπιμε-

2125 1130 2412 1201 λαινούσης
2434 1133 2574 1186 αὑτὰ
2605 1135 2802 1197 κακίας
2839 1135 3240 1192 ἀποστίλϐοντα
3267 1136 3355 1208 εἴη
3388 1139 3481 1193 καὶ
3510 1139 3681 1208 διαφα-

2125 1226 2190 1292 νῆ
2215 1238 2229 1252 °
2280 1217 2356 1277 ὧν
2384 1226 2484 1279 οὑκ
2532 1227 2644 1280 ἔστι
2665 1229 2834 1297 χωρὶς
2875 1227 2983 1280 οὐδ’
3013 1229 3046 1297 ἡ
3083 1230 3220 1299 πρὸς
3247 1231 3310 1282 τὸ
3345 1231 3502 1284 Θεῖον
3544 1233 3680 1285 εὑσέ-

2132 1315 2277 1368 ϐεια.
2319 1315 2466 1386 Αὐτὴ
2497 1317 2603 1388 γάρ
2655 1319 2802 1371 ἐστιν
2841 1321 2872 1390 ἡ
2906 1321 2996 1374 καὶ
3028 1321 3126 1384 τὰς
3167 1322 3368 1392 ἀρετὰς
3401 1323 3678 1392 προϐαλλο-

2128 1405 2261 1476 μένη
2311 1407 2407 1460 καὶ
2465 1409 2810 1476 πηγάζουσα,
2860 1413 2954 1464 καὶ
3004 1413 3097 1465 τὸν
3151 1415 3208 1465 ὲν
3262 1414 3494 1477 ἐκείνοις
3542 1418 3678 1486 χορὸν

2122 1499 2440 1569 ὲναρμόνιόν
2466 1517 2526 1553 τε
2565 1503 2657 1553 καὶ
2689 1501 2981 1572 σύμφωνον
3031 1505 3410 1575 ἀποφαίνουσα
3431 1547 3444 1570 ,
3479 1508 3570 1560 καὶ
3604 1509 3678 1561 τὸν

2121 1589 2391 1657 νυμφικὺν
2449 1590 2648 1660 χιτῶνα
2673 1592 2766 1644 καὶ
2797 1594 2895 1662 τῆς
2948 1597 3268 1667 ἐπουρανίου
3302 1598 3570 1662 παστάδος
3596 1600 3674 1652 ἐπ-

2121 1680 2274 1746 άξιον
2298 1681 2663 1751 ἐξυφαίνουσά
2686 1702 2744 1737 τε
2775 1687 2868 1738 καὶ
2889 1688 3314 1758 περιϐάλλεσθαι
3348 1692 3677 1761 παρασκευά·

435 1761 720 1826 Ρτοκὶηιοε
736 1764 893 1820 olivae
932 1767 1199 1838 liquorem
1231 1774 1610 1840 subscribens,
1636 1792 1750 1845 quo
1783 1788 1842 1831 ut
1871 1794 2008 1832 nun-

2122 1773 2289 1836 ζουσα
2321 1773 2418 1845 τὴν
2447 1774 2624 1847 ψυχὴν
2653 1777 2747 1830 καὶ
2774 1778 2874 1848 τῆς
2915 1780 3185 1851 σωτηρίας
3215 1781 3536 1851 ὑπάρχουσα
3566 1782 3682 1853 πρό-

435 1865 598 1920 quam
627 1864 784 1922 egeat
815 1867 979 1928 caput
1005 1871 1254 1918 nostrum
1288 1867 1558 1922 hortatur.
1615 1867 1734 1923 Non
1791 1870 1936 1923 enim
1968 1870 2013 1925 si

434 1941 561 2010 quis
593 1943 888 2013 aliquando
917 1952 1174 2009 misertus
1207 1963 1314 2019 est,
1350 1957 1790 2013 misericordiam
1839 1960 2018 2014 adim-

435 2031 634 2100 plevit;
676 2037 769 2091 sed
801 2040 845 2092 si
890 2043 1090 2110 szepius
1125 2055 1372 2113 egentem
1406 2050 1752 2118 contempsit,
1797 2060 2016 2105 antece-

375 2106 383 2113 ’
436 2121 627 2178 dentes
650 2127 767 2182 dies
793 2129 1026 2186 reddidit
1053 2149 1167 2189 sua:
1191 2136 1350 2191 bona:
1371 2138 1606 2192 actionis
1635 2149 2012 2204 accusatores,

435 2212 653 2271 virtutis
669 2227 724 2272 et
743 2221 1100 2294 eleemosynae
1112 2237 1541 2298 contemptorem
1558 2244 1664 2284 non
1686 2231 2017 2286 erubescens

435 2309 616 2379 ipsum
636 2317 919 2385 convinci;
951 2327 1005 2374 et
1035 2323 1181 2391 quod
1209 2323 1356 2389 fecit,
1390 2342 1499 2380 non
1525 2327 1762 2391 virtutis,
1797 2327 1892 2382 sed
1915 2343 2014 2382 cu-

431 2401 651 2472 jusdam
679 2411 922 2466 ostendit
955 2428 1076 2468 esse
1100 2416 1550 2473 circumstantia.

2127 1864 2276 1931 ξενος
2303 1883 2318 1897 ·
2346 1861 2427 1929 οἷς
2455 1868 2550 1920 καὶ
2576 1867 2670 1920 τοῦ
2717 1869 2895 1922 ἐλαίου
2929 1870 3108 1941 χρίσις
3145 1872 3383 1942 μάλιστά
3409 1890 3469 1925 τε
3496 1889 3680 1944 προκα-

2124 1957 2452 2010 ταὸάλλεταί
2498 1976 2560 2012 τε
2609 1961 2702 2013 καὶ
2751 1962 3252 2032 προκαταρτίζεται
3286 1981 3301 1996 ⁸
3350 1965 3447 2018 καὶ
3481 1967 3510 2018 ὁ
3545 1964 3681 2034 λόγος

2126 2049 2288 2118 φησί·
2322 2069 2340 2100 ι
2371 2051 2478 2102 Καὶ
2523 2051 2701 2105 ἔλαιον
2723 2054 2816 2106 ἐπὶ
2842 2057 2938 2123 τῆς
2969 2056 3209 2126 κεφαλῆς
3240 2073 3334 2110 σου
3380 2058 3455 2128 μὴ
3478 2057 3679 2127 ὑστερη-

2128 2143 2295 2197 σάτω·
2321 2165 2339 2195 ι
2359 2146 2458 2217 τὴν
2491 2147 2571 2209 είς
2599 2146 2728 2209 τοὺς
2759 2147 2988 2218 πλησίον
3010 2148 3384 2219 ἐλεημοσύνην
3412 2150 3504 2203 καὶ
3527 2149 3580 2201 τδ
3597 2150 3679 2217 τῆς

2129 2235 2394 2306 γηγενοῦς
2433 2237 2610 2290 ἐλαίου
2645 2237 2861 2303 λιϐάδος
2899 2241 3357 2312 ὑπογραφόμενος
3392 2259 3409 2276 ·
3443 2237 3511 2314 ἧς
3543 2240 3679 2311 μηδὲ·

2125 2343 2255 2378 ποτε
2287 2325 2628 2397 ὑστερεῖσθαι
2663 2330 2822 2398 ἡμῶν
2851 2331 2951 2400 τὴν
2977 2331 3218 2402 κεφαλὴν
3245 2329 3675 2402 παρακελεύεται.

2121 2421 2196 2472 Οὐ
2227 2418 2334 2488 γάρ
2357 2419 2410 2471 εἴ
2438 2436 2522 2481 τις
2559 2421 2690 2473 ποτὲ
2721 2421 2940 2492 ἠλέησε,
2967 2423 3057 2476 τὸν
3089 2423 3236 2476 ἔλεον
3251 2422 3636 2494 κατωρθώσατο
3661 2436 3674 2452 ·

434 2495 551 2550 ἀλλ’
573 2499 628 2552 εἷ
647 2519 731 2564 τις
764 2505 1022 2570 πολλάκις
1044 2509 1134 2560 τον
1153 2511 1402 2580 δεόμενον
1423 2511 1692 2582 ὑπερεῖδε,
1727 2511 1787 2564 τὸ
1816 2511 2085 2578 προλαϐδν
2149 2514 2246 2583 τῆς
2313 2515 2683 2586 ἀγαθουργίας
2749 2515 3060 2584 κατήγορον
3133 2515 3544 2586 ἀπειργάσατο,
3591 2512 3675 2582 τῆς

433 2588 635 2662 ἀρετῆς
661 2595 755 2648 καὶ
792 2598 895 2667 τῆς
922 2601 1292 2673 ὲλεημοσύνης
1341 2605 1656 2676 ὑπερόπτην
1697 2605 1891 2660 ἑαυτὸν
1922 2604 2021 2660 οὑκ
2053 2604 2190 2674 ἔχων
2217 2605 2376 2676 ὕϐριν
2397 2605 2803 2676 διελέγχεσθαιο
2833 2607 2928 2658 καὶ
2967 2606 3028 2658 τὸ
3067 2606 3312 2676 πραχθὲν
3343 2607 3444 2660 οὑκ
3475 2605 3672 2678 ἀρετῆς,

433 2681 573 2736 ἀλλά
600 2702 744 2751 τινος
769 2689 1034 2764 διελέγχει
1071 2699 1465 2768 περιστάσεως.

507 2775 571 2831 Ει
595 2779 718 2834 vide
746 2781 910 2853 hujus
963 2788 1116 2843 vocis
1158 2791 1500 2848 altitudinem
1561 2802 1615 2848 et
1662 2793 2012 2864 sapientiam.

436 2889 456 2921 ι
490 2867 568 2926 Ne
620 2874 856 2945 deficiat,
912 2881 1111 2951 inquit,
1153 2887 1332 2939 oleum
1374 2889 1426 2941 in
1456 2890 1632 2958 capite
1679 2897 1793 2944 tuo.
1838 2909 1856 2942 ι
1901 2888 2014 2943 Etsi

433 2960 574 3015 enim
605 2964 805 3032 saepius
862 2973 1038 3035 unxit,
1081 2983 1369 3042 quantum,
1405 2976 1603 3047 inquit,
1633 2978 2014 3048 apinguedine

425 3048 614 3115 distat,
658 3061 868 3108 tantum
914 3057 967 3111 in
1024 3073 1122 3113 sua
1183 3063 1362 3128 priore
1416 3065 1632 3119 actione
1693 3065 1895 3121 deficit.
1946 3064 2014 3121 Et

2184 2790 2297 2844 Καὶ
2320 2789 2421 2860 ὅρα
2445 2787 2506 2842 τὺ
2539 2787 2674 2858 βαθὺ
2703 2789 2796 2840 καὶ
2839 2805 3128 2858 περινενοη
3139 2788 3298 2856 μένον
3327 2787 3433 2858 τῆς
3455 2786 3635 2850 λέξεως
3658 2799 3670 2815 ·

2119 2901 2137 2934 ι
2151 2881 2372 2952 Μὴὺστε
2381 2880 2616 2951 ρησάτω,
2633 2878 2782 2948 φησὶ,
2796 2877 2856 2930 τὸ
2869 2877 3043 2930 ἔλαιον
3066 2879 3156 2931 ἐπὶ
3171 2879 3267 2947 τῆς
3283 2876 3524 2946 κεφαλῆς
3543 2892 3642 2929 σου.
3653 2891 3672 2926 ι

2113 2975 2174 3026 Εἰ
2202 2973 2310 3043 γὰρ
2341 2972 2435 3024 καὶ
2455 2970 2710 3032 πολλάκις
2736 2970 3015 3039 ἠλείψατο,
3043 2971 3100 3022 ὲν
3121 2961 3186 3036 ᾧ,
3207 2970 3368 3040 φησὶ,
3388 2969 3482 3022 τοῦ
3511 2967 3672 3020 λιπαί-

2111 3064 2300 3117 νεσθαι
2329 3063 2531 3129 διέστη,
2563 3061 2848 3132 ὑστέρημα
2888 3060 3046 3113 τοῦτο
3071 3060 3173 3129 τῆς
3215 3059 3527 3130 ἔμπροσθεν
3559 3057 3674 3112 καθ·

425 3135 650 3194 :liunde
679 3145 760 3194 vis
792 3143 954 3210 hujus
984 3148 1133 3201 verbi
1166 3150 1523 3206 meditatione
1563 3152 1883 3216 invenitur;
1933 3155 2006 3207 ita

426 3227 599 3250 ..1211Δ
640 3230 724 3250 ---ε
765 3231 868 3250 -I-,
952 3237 1008 3250 ιο-
1257 3249 1265 3250 ,
1356 3249 1359 3250 ,
1503 3242 1514 3250 .
1577 3241 1611 3250 ..
1752 3243 1784 3250 ..
1917 3244 1928 3250 -

2114 3155 2324 3207 ίσταται
2359 3152 2629 3224 πράξεως·
2665 3153 2758 3205 καὶ
2787 3152 2960 3214 ἄλλως
2983 3152 3038 3206 δὲ
3067 3152 3126 3204 τὸ
3153 3151 3250 3223 τῆς
3269 3151 3472 3216 λέξεως
3491 3153 3675 3250 ἐμφαν-

426 3235 490 3281 ut
514 3227 602 3281 ille
633 3230 725 3299 qui
757 3231 879 3288 oleo
909 3237 1082 3290 utitur
1114 3253 1221 3291 non
1253 3249 1458 3294 tantam
1502 3241 1875 3310 indigentibus
1917 3244 2010 3298 be-

429 3315 773 3374 neﬁcentiam
805 3324 1047 3390 adducit,
1070 3336 1336 3396 quantum
1369 3329 1474 3383 sibi
1503 3330 1715 3384 lucrum
1759 3332 1934 3401 injicit
1957 3342 2012 3388 et

426 3406 650 3473 praebet.
691 3409 901 3466 Idcirco
936 3416 989 3466 in
1017 3428 1353 3485 congeneres
1405 3419 1840 3474 misericordiam
1876 3437 2010 3474 con-

425 3502 670 3549 temnere
698 3502 930 3567 propria:
969 3503 1321 3570 pjnguedinis
1357 3517 1412 3560 et
1444 3507 1694 3560 utilitatis
1736 3510 2006 3578 privatio--

424 3595 551 3634 nem
578 3595 889 3652 nuncupat;
923 3598 975 3641 et
1013 3603 1120 3644 non
1154 3591 1477 3660 simpliciter
1521 3595 1882 3662 privationem
1911 3613 2005 3651 cu-

419 3672 642 3742 jusdam
684 3678 854 3746 partis
901 3694 1090 3734 eorum
1143 3698 1265 3752 quae
1315 3695 1440 3738 sunt
1499 3686 1551 3739 in
1600 3701 1860 3757 corpore,
1913 3689 2005 3744 sed

421 3765 684 3834 praecipui
731 3776 784 3820 et
837 3771 1202 3838 capacissimi,
1248 3789 1441 3844 nempe
1469 3777 1684 3846 capitis.
1723 3777 1826 3832 Sed
1858 3779 2004 3834 enim

423 3857 570 3924 quod
593 3857 796 3912 dictum
821 3868 922 3927 est,
951 3862 1185 3932 idipsum
1208 3875 1290 3920 est
1309 3865 1376 3921 iis
1399 3883 1589 3922 carere
1610 3869 1812 3938 quibus
1838 3879 2005 3938 caput

422 3946 669 4016 ungitur.
704 3949 852 4006 Multi
878 3955 1022 4007 enim
1049 3971 1226 4026 neque
1255 3959 1360 4013 olei
1381 3961 1784 4029 possessionem
1821 3979 2000 4034 neque

419 4053 581 4093 usum
612 4041 969 4109 admirantes,
1002 4047 1122 4116 ejus
1147 4051 1306 4104 fama
1337 4068 1457 4121 quze
1486 4069 1580 4122 per
1610 4054 1660 4108 id
1701 4056 2004 4126 acquiritur

419 4141 474 4185 et
507 4135 745 4191 nominis
771 4153 1012 4194 amorem
1049 4142 1283 4198 induunt
1311 4163 1326 4212 ;
1360 4155 1414 4200 et
1441 4149 1532 4201 alii
1565 4149 1782 4218 quidem
1805 4153 2004 4205 nonni-

418 4221 496 4275 hil
536 4223 872 4283 distribuunt
896 4246 1085 4286 eorum
1123 4250 1244 4304 qua:
1297 4237 1431 4305 ipsis
1491 4240 1689 4304 adsint,
1730 4257 1908 4311 neque
1937 4259 1998 4298 ea

418 4327 542 4382 quae
568 4317 671 4370 sibi
703 4329 832 4373 sunt
869 4322 1215 4392 charissima,
1249 4342 1315 4382 eo
1350 4329 1472 4383 oleo
1503 4346 1699 4385 nomen
1733 4334 1838 4388 sibi
1870 4351 2000 4388 con-

2114 3247 2265 3299 τικὸν
2296 3245 2651 3316 θεωρήματος
2696 3243 2914 3316 εὕρεσις
2943 3245 3155 3312 γίνεται
3189 3259 3204 3273 ⁹
3241 3244 3318 3308 ὡς
3353 3245 3381 3296 ό
3412 3245 3488 3313 τῷ
3531 3242 3674 3310 ἐλαίῳ

2114 3338 2395 3408 χρώμενος
2423 3337 2483 3389 οὑ
2514 3336 2786 3407 τοσαύτην
2831 3338 2942 3400 τοῖς
2972 3336 3314 3406 ὲλεουμένοις
3341 3337 3442 3407 τὴν
3472 3336 3673 3406 εὐεργε-

2115 3431 2235 3482 σίαν
2263 3429 2494 3496 εἰσάγει,
2527 3430 2649 3481 ὅσον
2681 3429 2860 3500 ἐαυτῷ
2890 3429 3291 3483 καταϐάλλεται
3322 3432 3422 3483 καὶ
3451 3429 3674 3500 προξενεί

2110 3522 2170 3575 τὸ
2199 3522 2411 3592 κέρδος.
2453 3522 2558 3574 Διὰ
2585 3521 2743 3574 τοῦτο
2802 3521 2863 3574 τὸ
2897 3524 3160 3593 περιορᾷν
3187 3523 3279 3574 τὸν
3308 3523 3393 3586 είς
3421 3522 3541 3582 τοὺς
3557 3522 3671 3589 ὁμο·

2112 3617 2267 3684 φυεῖς
2292 3615 2462 3681 ἔλεον,
2495 3615 2788 3684 ὑστέρησιν
2817 3615 2915 3684 τῆς
2964 3615 3098 3677 ἰδίας
3125 3614 3439 3677 λιπάνσεως
3475 3613 3564 3666 καὶ
3589 3612 3672 3680 τῆς

2110 3708 2376 3777 ὡφελείας
2403 3707 2667 3761 ἀποκαλεῖ
2694 3725 2708 3737 ο
2731 3708 2826 3760 καὶ
2861 3708 2958 3777 οὐχ
2985 3708 3169 3770 ἁπλῶς
3199 3709 3461 3778 στέρησιν
3499 3706 3672 3775 μέρους

2108 3802 2252 3864 τινὸς
2278 3801 2387 3852 τῶν
2415 3800 2684 3870 τυχόντων
2723 3800 2780 3852 ἐν
2811 3800 2888 3870 τῷ
2926 3801 3160 3871 σώματι,
3193 3799 3330 3853 ἀλλὰ
3363 3799 3458 3852 τοῦ
3492 3815 3671 3869 κυριω-

2108 3892 2269 3945 τάτου
2298 3893 2393 3945 καὶ
2442 3891 2908 3945 συνεκτικωτάτου
2938 3892 3038 3962 τῆς
3066 3892 3335 3962 κεφαλῆς.
3397 3891 3550 3943 Ἀλλὰ
3579 3889 3672 3958 γὰρ

2107 3979 2217 4038 οἷον
2274 3983 2490 4055 εἴρηται
2537 3983 2777 4059 τοιοῦτόν
2817 3987 2932 4038 ἐστι
2971 3987 3031 4038 τὸ
3061 3987 3411 4056 ὑστερεῖσθαι
3451 3988 3512 4040 δι’
3538 3980 3606 4039 ὧν
3642 3983 3670 4051 ἡ

2109 4078 2318 4148 κεφαλὴ
2367 4076 2756 4144 ὲπαλείςρεται·
2816 4077 2999 4130 πολλοὶ
3046 4079 3156 4147 γάρ
3205 4078 3330 4130 οὒτε
3374 4077 3467 4131 τοῦ
3508 4075 3670 4131 ἐλαίου

2105 4171 2203 4238 τὴν
2261 4169 2452 4239 κτῆσιν
2482 4168 2603 4222 οὑδὲ
2643 4169 2740 4240 τὴν
2790 4170 2984 4240 χρῆσιν
3037 4169 3415 4239 θαυμάζοντες
3457 4170 3549 4240 τῆς
3587 4164 3669 4221 ἀπ’

2105 4259 2271 4312 αὑτοῦ
2302 4259 2460 4330 δόξης
2490 4259 2584 4312 καὶ
2625 4259 2922 4329 ὀνομασίας
2952 4259 3042 4313 τὸν
3102 4260 3280 4332 ἔρωτα
3309 4262 3622 4314 ὑποδύονται
3652 4273 3664 4289 ·

2105 4352 2199 4404 καὶ
2225 4352 2396 4421 οἱμὲν
2429 4350 2746 4419 διανέμουσί
2778 4368 2898 4403 τινα
2930 4353 3036 4404 τῶν
3068 4353 3408 4422 προσόντων,
3437 4354 3528 4406 καὶ
3552 4351 3668 4404 ταῦ-

417 4404 604 4461 ciliare
632 4409 895 4476 volentes,
943 4414 1034 4468 alii
1061 4432 1186 4471 vero
1235 4428 1295 4472 ut
1323 4421 1658 4476 multitudini
1704 4424 1996 4480 videantur

420 4494 587 4516 .I'__'.!'
725 4502 755 4516 η
840 4514 848 4516 .
1340 4513 1348 4516 .
1485 4515 1490 4516 ,

2114 4461 2171 4496 τα
2207 4443 2326 4497 οὐδὲ
2362 4444 2544 4507 αὑτοῖς
2573 4443 3038 4514 περισπούδαστα,
3073 4445 3173 4516 τὴν
3201 4445 3293 4496 τοῦ
3325 4446 3508 4498 ἐλαίου
3542 4459 3666 4512 παρ-
3694 4453 3698 4458 ’

415 4494 620 4554 divitiis
649 4502 936 4567 pollentes.
969 4516 1023 4561 et
1051 4523 1239 4564 eorum
1263 4513 1350 4579 qui
1385 4515 1552 4568 multa
1580 4517 1832 4571 ambiunt
1860 4535 1998 4572 con-

415 4595 744 4659 templores;
778 4594 868 4648 alii
901 4605 1083 4652 autem
1115 4610 1338 4670 propter
1359 4603 1522 4658 aliam
1556 4606 1623 4659 ad
1659 4607 1792 4661 nihil
1823 4609 2000 4663 vit-tn-

415 4674 488 4728 tis
517 4690 829 4748 vergentem
867 4687 1133 4742 rationem
1161 4708 1176 4757 ;
1210 4707 1447 4760 quorum
1471 4695 1720 4764 quamvis
1748 4696 1999 4751 videatur

413 4769 659 4827 difﬂuere
717 4776 1117 4849 misericordia,
1157 4800 1266 4838 non
1309 4795 1490 4842 tamen
1527 4803 1556 4842 a
1590 4788 1766 4858 capite
1815 4805 2000 4860 neque

413 4875 581 4930 supra
611 4877 772 4934 caput
803 4868 926 4922 talis
967 4871 1340 4930 misericordia
1376 4877 1574 4936 fertur.
1607 4880 1725 4936 Non
1757 4885 1900 4938 enim
1940 4887 1994 4941 in

406 4955 620 5023 judicio
666 4971 719 5013 et
761 4960 1084 5021 intentionis
1130 4972 1476 5040 rectitudine,
1535 4977 1630 5031 sed
1685 4977 1739 5031 in
1793 4981 1994 5050 agitata

410 5057 594 5100 mente
639 5059 693 5103 et
727 5053 1085 5120 cupiditatum
1131 5076 1284 5114 cura.
1337 5062 1493 5127 Quod
1525 5067 1659 5125 gidco
1690 5070 1900 5125 utiliter
1943 5081 1996 5127 et

411 5137 703 5194 salubriter
731 5160 836 5198 non
873 5149 1102 5202 multum
1155 5152 1304 5208 danti
1340 5155 1567 5212 diffundi
1617 5171 1670 5214 et
1709 5163 1994 5220 abundare

408 5240 643 5299 poterat,
676 5235 728 5288 in
777 5238 999 5295 modum
1037 5259 1211 5312 [mante
1249 5257 1302 5301 ct
1333 5249 1624 5308 infeliciter
1653 5257 1728 5310 illi
1773 5259 1995 5313 subtra-

407 5321 577 5387 hitur,
624 5343 724 5382 nec
761 5344 827 5382 eo
876 5333 1038 5388 modo
1101 5352 1160 5390 se
1206 5339 1547 5408 prii-antibus
1593 5347 1677 5398 vel
1720 5350 1988 5417 guttulam

406 5420 679 5474 commodi
720 5423 918 5479 reddit.
979 5426 1080 5493 Qui
1111 5447 1240 5486 vero
1293 5433 1407 5487 sola
1447 5438 1725 5504 egentium
1760 5457 1889 5495 cura
1937 5453 1993 5497 ct

407 5511 642 5579 propria}
671 5515 869 5570 anima}
898 5526 951 5571 ct
989 5515 1209 5576 virtutis
1238 5525 1637 5594 misericordia,
1668 5528 1799 5584 facit
1823 5535 1986 5588 misc-

404 5598 721 5668 ricordiam,
757 5606 846 5660 ille
871 5623 998 5664 vere
1021 5611 1087 5667 de
1121 5615 1299 5684 capite
1366 5615 1566 5671 donum
1615 5620 1789 5675 finidil
1837 5635 1889 5677 ct
1921 5627 1989 5679 de

409 5699 557 5744 recta
609 5693 932 5768 intentione,
969 5719 1068 5760 nec
1102 5715 1263 5777 caput
1309 5725 1468 5765 suum
1521 5713 1610 5768 illa
1657 5717 1986 5788 pinguedine

2103 4535 2346 4605 ωνυμίαν
2378 4537 2630 4604 συνάγειν
2662 4536 2978 4606 βουλόμενοι
3013 4553 3028 4567 ·
3060 4538 3109 4589 oi
3135 4537 3189 4588 δὲ
3218 4537 3302 4589 ἵνα
3334 4540 3447 4600 τοῖς
3476 4536 3666 4595 πολλοῖς

2101 4626 2289 4691 δόξωσι
2317 4628 2615 4698 χρημάτων
2664 4629 2969 4698 κρείττους,
3007 4629 3100 4681 καὶ
3123 4628 3230 4680 τῶν
3263 4629 3403 4682 πολὺ
3449 4627 3663 4680 σπουδα-

2101 4719 2342 4789 ζομένων
2390 4721 2691 4790 ὑπερόπται
2716 4737 2728 4749 ’
2781 4723 2828 4773 oi
2855 4721 2910 4774 δὲ
2958 4721 3025 4774 δι’
3066 4721 3250 4793 ἕτερόν
3288 4739 3342 4774 τι
3373 4722 3482 4775 τῶν
3519 4720 3663 4790 μηδὲν

2100 4813 2178 4874 εἰς
2227 4812 2326 4881 τῆς
2357 4813 2558 4882 ἀρετῆς
2593 4814 3015 4884 ἀναφερομένων
3045 4813 3204 4882 λόγον
3236 4830 3250 4843 °
3288 4833 3368 4867 ων
3410 4813 3510 4867 κάν
3547 4812 3661 4880 δοκῇ

2099 4903 2368 4972 διαρρἐιν
2416 4905 2443 4955 ὁ
2493 4904 2661 4970 ἕλεος,
2699 4904 2813 4958 ἀλλ’
2873 4907 2973 4958 οὑκ
3021 4905 3128 4958 ἀπὸ
3165 4906 3262 4974 τῆς
3302 4907 3540 4974 κεφαλῆς
3567 4903 3660 4956 οὖδ⁹

2099 4994 2190 5046 ἐπὶ
2219 4996 2316 5064 τῆν
2352 4996 2589 5066 κεφαλὴν
2629 4999 2657 5048 ὁ
2686 4996 2925 5060 τοιοῦτος
2953 4999 3179 5065 φέρεται
3206 5015 3219 5027 ·
3249 4999 3309 5050 οὑ
3337 5000 3447 5068 γάρ
3472 5001 3526 5050 ἐν
3551 4995 3659 5064 κρίο

2098 5106 2178 5142 σει
2203 5089 2440 5151 διανοίας
2456 5090 2549 5141 καὶ
2568 5089 2842 5160 ὀρθότητι,
2864 5090 2997 5141 ἀλλὰ
3018 5091 3352 5161 σαλευομένη
3371 5092 3556 5160 γνώμῃ
3577 5088 3658 5140 καὶ

2096 5179 2363 5250 θεραπείᾳ
2384 5181 2569 5233 παθῶν
2589 5198 2602 5212 °
2637 5182 2664 5234 ὃ
2684 5183 3072 5252 συμφερόντως
3104 5183 3167 5234 ἂν
3191 5186 3283 5236 καὶ
3319 5181 3658 5254 σωτηριωδώς

2097 5272 2331 5340 μάλιστα
2348 5272 2423 5341 τῷ
2442 5273 2685 5326 κενοῦντι
2702 5274 3002 5343 διαχεῖσθαί
3020 5291 3077 5326 τε
3095 5276 3187 5326 καὶ
3218 5277 3589 5346 δαψιλεύεσθαι
3605 5271 3654 5326 εὖ

2096 5361 2241 5430 μάλα
2257 5361 2504 5431 ἠδύνατο,
2525 5362 2833 5432 ἐπιζημίως
2850 5381 2908 5414 τε
2931 5364 3023 5415 καὶ
3046 5365 3360 5432 ἐπισφαλῶς
3387 5364 3657 5417 ἁποκενοῦ·

2090 5455 2299 5518 ται,καὶ
2319 5453 2452 5523 μηδὲ
2475 5454 2788 5523 σταλαγμὸν
2806 5455 3072 5522 ὠφελείας
3090 5460 3198 5518 τοῖς
3218 5457 3371 5510 κενοῦ
3381 5475 3462 5510 σιν
3478 5455 3651 5509 ἀνταλ-

2091 5545 2432 5614 λαττόμενον.
2449 5545 2507 5598 Ὀ
2522 5546 2574 5598 δὲ
2587 5547 2677 5599 ἐπὶ
2691 5546 2957 5618 θεραπείᾳ
2971 5549 3107 5620 μόνῃ
3116 5549 3222 5602 τῶν
3236 5551 3475 5620 πενήτων
3489 5551 3574 5602 καὶ
3587 5547 3654 5614 τῷ

2091 5639 2304 5708 ίλασμῷ
2333 5640 2431 5708 τῆς
2465 5639 2596 5702 ίδίας
2614 5640 2794 5710 ψυχῆς
2815 5644 2907 5693 καὶ
2924 5642 3002 5712 τῷ
3025 5642 3125 5711 τῆς
3151 5643 3350 5714 ἀρετῆς
3381 5643 3555 5710 νέμων
3574 5641 3652 5692 τὸν

2089 5729 2113 5778 ἕ
2123 5725 2413 5796 λεον,οὑτος
2431 5731 2505 5795 ὡς
2517 5732 2732 5803 ἀληθῶς
2749 5735 2856 5788 ἀπὸ
2867 5734 3105 5805 κεφαλῆς
3118 5752 3173 5787 τε
3191 5736 3251 5788 τὸ
3263 5736 3432 5806 δῶρον
3448 5739 3650 5806 προχέει
