3864 6218
133 324 226 386 337

965 315 1065 374 AD
1095 311 1689 376 AMPHILOCIIIUM
1727 311 2071 382 QUESTIO
2111 315 2312 375 XLIV.

3254 318 3359 381 39.8

134 428 340 496 καὶτῆς
377 423 540 496 ὀρθῆς
565 423 822 495 κρίσεως,
855 425 950 477 καὶ
973 424 1070 494 τὴν
1100 424 1294 476 ἑαυτοῦ
1323 423 1560 494 κεφαλὴν
1591 424 1689 476 οὐκ

1797 425 1970 493 privat
2000 441 2106 494 qua
2154 426 2302 480 illam
2331 429 2661 497 praecipuam
2694 441 2898 500 partem
2933 430 3154 484 roborat
3181 441 3234 484 et
3274 431 3358 483 hi-

136 519 414 590 ἀποστερεῖ
431 516 526 587 τῆς
547 514 1004 585 άναῤῥωνυούσης
1024 514 1084 567 τὸ
1108 513 1432 584 ἡγεμονικὸν
1455 516 1546 566 καὶ
1573 514 1687 568 ἱλα-

134 611 387 683 ρυνούσης
427 606 752 668 λιπάνσεως.
782 605 949 674 Δῆλον
979 607 1024 658 δ’
1042 606 1135 659 ’ὅτι
1162 604 1241 674 τῷ
1267 605 1365 674 τῆς
1393 604 1688 674 ἐλεημοσύ.

135 721 223 774 νης
247 699 626 772 κατορθώματι
659 699 753 750 καὶ
783 697 938 753 ἄλλαι
966 697 1366 766 συναναφύουσι
1413 698 1506 749 καὶ
1559 713 1686 748 συν⁴

134 792 432 861 εξανθοῦσιν
455 790 668 862 ἀρεταί.
701 789 799 852 Τίς
818 790 928 859 γὰρ
966 789 1042 853 ὡς
1068 788 1282 858 άληθῶς
1314 788 1690 857 ὰκαπήλευτον

136 887 302 957 φέρων
333 886 390 937 ἐν
421 883 600 952 ἐαυτῷ
643 883 738 936 τοῦ
767 881 947 945 ἐλέους
981 882 1040 935 τὸ
1067 880 1360 952 πολύτιμον
1383 883 1569 952 χρῆ-μα
1597 881 1690 949 βά-

138 992 319 1030 σκανον
351 974 615 1046 ὀφθαλμῷ
658 974 908 1027 ἐπιϐαλεῖ
947 972 1026 1042 τῷ
1071 972 1319 1042 πλησίον,
1358 973 1390 1043 ἢ
1427 973 1690 1044 τύραννον

135 1067 391 1136 ἐπαφήσει
438 1067 594 1135 χεῖρα
622 1065 713 1117 καὶ
741 1063 944 1131 ταύτην
984 1064 1050 1133 ἢν
1100 1061 1252 1116 οὗπω
1279 1061 1435 1132 ἔληξε
1471 1062 1691 1132 προτεί-

133 1176 234 1211 νειν
280 1157 371 1210 τὸν
418 1157 565 1210 ἔλεον
615 1154 1048 1220 ἁναὸλύζουσαν;
1088 1156 1171 1217 τίς
1205 1154 1262 1206 δὲ
1299 1153 1500 1225 λῃστὴς
1541 1153 1693 1206 ἁλλο-

133 1249 285 1320 τρίων
307 1249 485 1302 ἔσεται
517 1249 713 1318 γάμων
741 1247 820 1317 τῷ
857 1247 1021 1317 ἐλαίῳ
1047 1246 1474 1316 περιρῤεόμενός
1504 1262 1562 1298 τε
1598 1246 1694 1297 καὶ

135 1342 226 1411 τὴν
275 1341 500 1410 γνῶμην
554 1339 1196 1410 μαλασσόμενος;”Ἀλλά
1233 1355 1298 1406 γε
1339 1338 1528 1400 τόκους
1575 1335 1693 1399 πῶς

137 1431 469 1503 εἰσπράξεται
526 1432 652 1494 τοὺς
700 1430 982 1498 ὀφειλέτας
1039 1423 1192 1493 οὗτος
1241 1433 1269 1483 ό
1311 1429 1692 1500 καταμερίζων

134 1526 234 1587 τοῖς
263 1522 619 1591 ἐνδεεστέρως
647 1523 739 1575 καὶ
769 1522 867 1573 ὅσα
891 1521 1087 1591 κλῆρος
1109 1523 1136 1574 ό
1161 1521 1412 1590 πατρῷος
1433 1524 1511 1582 εἰς
1533 1520 1693 1572 αὑτὸν

135 1613 441 1679 διεϐίϐασενς
464 1611 660 1666 οὐκοῦν
680 1613 768 1665 διὰ
795 1614 923 1682 μιᾶς
947 1611 1144 1682 ἀρετῆς
1166 1612 1263 1680 τῆς
1285 1610 1692 1680 άναϐλυζούσης

134 1705 216 1758 τὸν
234 1705 374 1758 ἔλεον
398 1704 605 1768 καὶτὰς
629 1703 794 1767 ἄλλας
821 1704 896 1766 ὡς
921 1706 1200 1771 συγγενεῖς
1219 1704 1315 1757 καὶ
1366 1703 1696 1757 συνακολού-

137 1795 248 1858 (lati;
261 1797 287 1848 ὁ
299 1794 392 1865 τὴν
407 1797 506 1864 ἥγε
517 1795 705 1866 μονίαν
725 1795 940 1866 ἐκείνης
954 1793 1382 1865 προκαταλαϐὼν
1401 1796 1480 1858 εἰς
1494 1795 1698 1864 φάλαγ.
1728 1786 1768 1841 Β

136 1904 227 1955 τας
247 1885 418 1956 ἑαυτῷ
441 1887 538 1939 καὶ
563 1887 883 1956 συμμάχους
908 1886 1152 1951 διατάξει
1176 1887 1692 1953 καὶὲξοικειώσεται.

199 1978 296 2031 Τοῦ
340 1979 396 2033 δὲ
441 1980 869 2052 κατωρθωκότος
909 1981 966 2032 ἐν
1016 1979 1215 2050 σπουδῇ
1263 1981 1359 2032 καὶ
1402 1979 1563 2052 σοφίᾳ
1607 1981 1697 2032 τὸν

137 2067 292 2132 ἔλεον,
321 2066 510 2120 τούτου
541 2067 585 2120 δ’
624 2067 689 2120 ἂν
720 2063 828 2121 εἷεν
863 2068 957 2121 καὶ
983 2069 1031 2121 οἱ
1062 2068 1331 2138 ὀφθαλμοὶ
1360 2068 1450 2122 ἐπὶ
1479 2069 1578 2138 τῆς
1602 2086 1696 2122 κε-

95 2191 97 2193 ι
138 2162 315 2231 φαλῆς,
361 2162 640 2214 τουτέστιν
701 2165 732 2232 ἠ
779 2162 1048 2232 ἐποπτική
1095 2178 1152 2214 τε
1205 2162 1299 2215 καὶ
1349 2163 1697 2231 διακρίνουσα

136 2253 188 2305 τὸ
213 2253 384 2323 χεῖρον
412 2252 520 2304 ἀπὸ
550 2251 642 2305 τοῦ
668 2252 975 2320 κρείττονος
999 2252 1111 2318 ἕξις
1141 2255 1237 2306 καὶ
1267 2252 1518 2322 δύναμις.
1569 2256 1694 2318 Τοῖς

138 2344 237 2415 γὰρ
278 2344 755 2415 ἀποδιῖσταμένοις
787 2345 888 2415 τῆς
928 2345 1068 2397 κατὰ
1111 2344 1204 2398 τὸν
1249 2344 1401 2397 ἔλεον
1445 2346 1696 2415 πράξεως

137 2438 219 2489 καὶ
242 2437 585 2506 συμπαθείας
603 2477 616 2502 ,
645 2438 693 2489 οἱ
726 2436 997 2506 ὀφθαλμοὶ
1027 2437 1121 2490 καὶ
1148 2438 1180 2507 ὴ
1205 2437 1480 2508 διάκρισις
1510 2438 1695 2492 οὐκέτι

137 2531 219 2583 ἐπὶ
247 2531 342 2599 τῆς
365 2529 630 2599 κεφαλῆς,
674 2529 783 2582 οὐδ’
810 2528 950 2581 ὥστε
989 2529 1200 2597 φαίνειν
1229 2529 1324 2582 καὶ
1355 2529 1572 2601 ὁδηγεῖν
1603 2530 1694 2582 τὸν

137 2625 307 2686 αὸτοῖς
353 2621 656 2693 χρώμενον,
703 2621 816 2675 ἀλλ’
846 2620 940 2673 ἐπὶ
991 2621 1090 2691 τῆς
1123 2621 1324 2690 ὀσφύος
1366 2621 1398 2693 ἣ
1440 2623 1540 2691 τῆς
1591 2640 1692 2690 γα-

140 2713 303 2784 στρὸς,
352 2713 554 2784 μᾶλλον
600 2713 658 2766 δὲ
702 2712 808 2766 τῶν
852 2711 1029 2766 ποδῶν
1075 2713 1364 2780 γεγόνασιν
1401 2714 1692 2766 ὑποπόδιον

139 2803 604 2874 καταπατούμενοί
653 2821 713 2857 τε
773 2804 867 2857 καὶ
900 2803 1303 2875 ἀχρειούμενοι,
1353 2806 1448 2857 καὶ
1495 2807 1694 2874 τυφλὸν

140 2899 220 2949 καὶ
250 2897 600 2967 πλανώμενον
643 2897 701 2948 ἐν
751 2894 907 2966 βαθεῖ
938 2896 1112 2966 σκότῳ
1156 2896 1554 2960 καταλιπόντες
1601 2899 1693 2950 τὸν

140 2987 422 3059 ἄνθρωπον.
456 2990 523 3042 El
547 2989 602 3041 δὲ
639 2987 846 3057 κεφαλὴ
876 2986 1069 3077 άνδρξς
1090 2987 1118 3038 ὁ
1151 2987 1405 3057 Χριστὸς,
1437 2991 1698 3058 παραινεῖ

140 3081 192 3132 τὸ
219 3081 390 3149 λόγιον
416 3082 567 3151 ἡμᾶς
601 3080 690 3132 ἀεὶ
723 3078 818 3132 καὶ
851 3077 938 3130 διὰ
965 3078 1166 3141 παντὸς
1191 3079 1402 3149 ἀφορᾷν
1433 3079 1569 3149 πρὸς
1592 3080 1692 3131 αύ-

139 3169 236 3237 τδν,
266 3173 357 3226 καὶ
377 3173 433 3225 ἐν
465 3169 618 3240 αὐτῷ
645 3171 825 3224 πᾶσαν
851 3168 1007 3239 ἡμῶν
1049 3169 1326 3239 στηρίζειν
1355 3171 1450 3222 καὶ
1483 3169 1694 3222 ἀνατεί-

140 3280 238 3317 νειν
265 3264 360 3334 τὴν
387 3265 696 3334 ἐποπτικην
723 3279 781 3314 τε
811 3263 903 3314 καὶ
932 3261 1273 3332 θεωρητικὴν
1312 3263 1470 3332 ἡμῶν
1500 3262 1696 3330 ἐπιμέ-

142 3355 274 3410 λειαν
296 3371 311 3386 °
343 3376 362 3408 ι
394 3355 755 3427 Προωρὼμην
775 3353 883 3423 γὰρ
900 3354 991 3406 τὸν
1011 3352 1215 3424 Κύριον
1233 3353 1462 3407 ἐνώπιόν
1483 3371 1583 3422 μου
1607 3354 1695 3408 διὰ

142 3446 340 3511 παντὸς,
362 3447 442 3500 ὅτι
473 3447 540 3498 ἐκ
582 3444 769 3508 δεξιῶν
799 3461 900 3514 μου
931 3443 1098 3506 ἐστὶν,
1131 3443 1218 3494 ἵνα
1251 3441 1326 3512 μὴ
1365 3442 1632 3497 σαλευθῶ.
1670 3462 1689 3494 ι

152 3537 296 3591 Ἀλλὰ
317 3539 422 3608 γὰρ
462 3556 481 3587 ιι
510 3536 598 3599 Ὡς
634 3534 904 3603 ὀφθαλμοὶ
928 3533 1240 3602 παιδίσκης,
1263 3533 1449 3600 φησὶν,
1481 3532 1562 3594 εἰς
1585 3535 1696 3602 χεῖ-

145 3647 230 3698 ρας
251 3630 346 3694 τῆς
370 3628 568 3700 κυρίας
595 3627 784 3697 αὐτῆς,
809 3625 980 3689 οὕτως
1005 3625 1053 3678 οἱ
1074 3625 1346 3694 ὀφθαλμοὶ
1369 3625 1522 3695 ἡμῶν
1556 3626 1695 3696 πρὸς

141 3717 327 3788 Κύριον
372 3717 465 3770 τὸν
508 3714 640 3768 Θεὸν
671 3715 857 3785 ἡμῶν·
889 3732 907 3765 ›
946 3716 1042 3768 καὶ
1069 3714 1130 3766 τὸ
1162 3713 1352 3783 κέρδος
1382 3708 1492 3766 οἷον
1526 3731 1696 3767 κατα-

139 3809 493 3879 λαμϐάνουσιν
520 3809 668 3878 ἡμᾶς
694 3808 743 3860 οἱ
771 3806 1043 3876 φιλότιμοι
1073 3805 1168 3858 καὶ
1193 3804 1437 3858 πλούσιοι
1462 3805 1690 3875 δωρεάν·

141 3906 223 3956 καὶ
256 3903 357 3974 μὴν
383 3903 480 3956 καὶ
518 3901 606 3955 διὰ
636 3900 835 3962 παντὸς
861 3900 1031 3952 ὄντων
1061 3899 1167 3953 τῶν
1186 3900 1472 3968 ἡμετέρων
1499 3899 1695 3968 ὀφθαλ-

144 3994 246 4061 μῶν
271 3996 402 4066 πρὸς
432 3994 528 4047 τὸν
561 3993 786 4063 Κύριον,
822 3993 878 4044 αἱ
916 3991 1143 4059 παγίδες
1169 3988 1233 4053 ἃς
1266 3993 1293 4044 ὁ
1321 3990 1514 4061 ἐχθρὸς
1541 3991 1692 4062 παρὰ

139 4087 198 4140 τὰ
229 4088 534 4159 διαδήματα
581 4085 738 4156 ἡμῶν
790 4084 1040 4144 ἐκτείνει,
1089 4083 1256 4154 ἀργαὶ
1299 4083 1391 4134 καὶ¹
1420 4083 1693 4153 ἄπρακτοι

142 4181 225 4233 καὶ
250 4181 370 4244 τοὺς
397 4179 566 4242 πόδας
598 4177 756 4248 ἡμῶν
782 4175 1034 4244 κατέχειν
1066 4174 1324 4242 οὐδεμίαν
1363 4173 1514 4243 ἰσχὺν
1541 4173 1692 4242 ἐχου-

143 4272 444 4335 σαι.Ἀύτὸς
471 4271 578 4340 γὰρ
602 4270 630 4321 ὁ
662 4268 724 4320 π)
737 4267 909 4335 άστης
941 4266 1036 4319 καὶ
1065 4263 1389 4333 προνοητὴς,
1421 4263 1518 4316 καὶ
1542 4261 1609 4314 δι’
1632 4256 1692 4316 οὗ

141 4361 193 4412 τὸ
223 4362 349 4431 όρᾷν
381 4357 718 4427 πεποίθαμεν
751 4372 808 4408 τε
852 4354 947 4408 καὶ¹
991 4353 1463 4422 πεπιστεύκαμεν,
1492 4352 1692 4422 ἀμάχῳ

1789 516 1948 571 larat.
1986 517 2138 572 Patet
2174 527 2356 573 autem
2387 520 2747 592 eleemosynae
2770 523 2913 577 bono
2943 531 3066 577 actu
3098 523 3358 592 lprmstito

1787 611 1840 657 et
1867 603 2000 658 alias
2028 605 2177 659 nasci
2199 614 2252 659 et
2274 605 2561 662 florescere
2585 610 2829 664 virtutes.
2855 607 2988 674 Quis
3018 625 3122 662 non
3149 611 3362 664 adulte-

1791 704 1938 748 ratas
1980 695 2038 748 in
2072 712 2131 751 se
2160 697 2342 754 ferens
2376 699 2764 755 misericordia:
2783 702 3110 756 excellentes
3141 702 3359 757 divitias

1790 792 2114 847 malevolum
2138 796 2355 848 oculum
2388 795 2442 850 in
2486 797 2791 866 proximum
2827 798 3055 867 injiciet,
3092 809 3146 852 et
3179 809 3360 869 tyran-

1791 884 1970 938 nicam
2006 888 2214 940 emittet
2245 901 2462 940 manum
2489 899 2545 939 et
2573 888 2718 942 illam
2760 904 2921 958 quam
2955 887 3197 941 nondum
3244 904 3363 942 ces-

1791 977 1930 1030 savit
1962 978 2286 1045 protendere
2314 979 2742 1034 misericordiam
2775 980 3161 1036 scaturientem
3181 980 3204 1032 ?
3227 979 3361 1044 Quis

1792 1068 1898 1122 erit
1927 1069 2228 1122 alienarum
2262 1070 2572 1136 nuptiarum
2612 1069 2721 1135 fur,
2751 1073 2873 1125 oleo
2893 1081 3126 1126 mentem
3154 1071 3362 1124 habens

1795 1158 2075 1213 immotam
2112 1172 2166 1214 et
2209 1162 2510 1216 mollilatn?
2542 1162 2646 1218 Sed
2690 1165 2850 1218 etiam
2887 1162 3164 1233 quomodo
3197 1179 3364 1231 pecu-

1794 1251 1940 1304 niam
1971 1269 1998 1303 a
2040 1254 2364 1309 debentibus
2401 1256 2716 1323 parentibus
2759 1256 2959 1326 exiget,
2987 1257 3079 1324 qui
3113 1255 3361 1322 indigen»

1794 1344 1939 1397 tibus
1969 1353 2022 1396 et
2051 1360 2112 1398 ea
2143 1359 2263 1412 quae
2307 1357 2529 1413 paterna
2570 1347 2856 1400 haereditas
2897 1347 2998 1414 ipsi
3038 1347 3364 1401 transmisit.

1796 1435 2176 1488 distribuerit?
2203 1436 2368 1506 Igitur
2395 1453 2500 1491 una
2532 1439 2731 1492 virtute
2761 1439 3193 1492 misericordiam
3243 1453 3364 1491 sca—

1798 1527 2050 1588 turiente,
2089 1535 2144 1579 et
2185 1527 2322 1580 alias
2369 1536 2425 1580 ut
2473 1543 2805 1598 congeneres
2849 1537 2902 1582 et
2948 1538 3363 1597 consequentes,

1797 1617 1886 1671 ille
1909 1617 2002 1686 qui
2037 1617 2153 1686 ejus
2186 1618 2407 1672 ductum
2444 1628 2568 1672 ante
2601 1622 2862 1688 suscepit,
2905 1621 3010 1674 sibi
3053 1620 3104 1672 iu
3139 1619 3362 1688 phalan-

1798 1723 1891 1778 ges
1915 1717 1964 1764 et
1990 1709 2168 1764 socias
2195 1710 2447 1779 disponet
2474 1719 2528 1764 et
2557 1708 2853 1766 familiares
2878 1712 3085 1766 reddet.

1869 1973 1970 2040 Qui
2033 1989 2160 2029 vero
2205 1989 2326 2027 cum
2375 1973 2491 2027 zelo
2537 1982 2591 2028 et
2636 1972 2900 2043 sapientia
2923 1972 3364 2043 :misericordiam

1799 2065 2127 2134 impleverit,
2161 2065 2286 2134 ejus
2318 2065 2480 2119 etiam
2511 2073 2670 2118 erunt.
2723 2065 2867 2118 oculi
2902 2064 2954 2117 in
2987 2065 3180 2133 capite,
3203 2065 3252 2119 id
3287 2073 3370 2118 est

1797 2157 2117 2226 inspiciendi
2153 2168 2208 2211 et
2239 2157 2582 2212 discernendi
2622 2156 2772 2225 pejus
2799 2172 2828 2210 a
2864 2156 3112 2221 meliore,
3160 2155 3233 2208 illi
3263 2159 3368 2208 erit.

1795 2260 1969 2305 status
1999 2262 2053 2306 et
2076 2251 2177 2305 vis.
2196 2249 2297 2316 Qui
2323 2250 2466 2305 enim
2491 2251 2559 2305 ab
2585 2251 2894 2305 actionibus
2915 2259 2969 2304 et
2987 2251 3370 2319 compassionc

1793 2353 1914 2409 quae
1943 2339 2243 2392 secundum
2294 2338 2726 2392 misericordiam
2771 2347 2900 2392 sunt
2946 2339 3103 2407 longe
3141 2338 3366 2402 distant,

1793 2442 1984 2482 eorum
2035 2427 2178 2482 oculi
2209 2434 2264 2480 et
2301 2426 2384 2480 vis
2405 2426 2758 2480 discernendi
2808 2441 2915 2478 non
2952 2426 3004 2478 in
3046 2427 3242 2495 capite,
3274 2442 3368 2480 nc-

1792 2534 1899 2588 que
1927 2519 1998 2573 ita
2034 2527 2234 2572 uteum
2276 2518 2368 2586 qui
2423 2517 2532 2572 illis
2563 2518 2731 2570 utitur
2787 2518 3096 2572 illuminent
3133 2526 3187 2572 et
3229 2517 3368 2571 diri-

1792 2621 1942 2684 gant.
1978 2612 2070 2666 sed
2099 2612 2151 2666 in
2188 2611 2387 2666 lumbis
2425 2619 2479 2666 et
2528 2620 2742 2673 ventre,
2786 2611 2879 2666 sed
2937 2612 3125 2680 potius
3169 2610 3364 2680 pedum

1792 2703 2109 2762 scabellutn,
2159 2700 2457 2772 proculcati
2509 2709 2564 2755 et
2614 2702 2838 2756 inutiles
2857 2701 2982 2754 facti
3017 2709 3072 2754 et
3092 2701 3364 2754 hominem

1792 2791 1843 2843 in
1866 2790 2052 2845 densis
2081 2790 2318 2844 tenebris
2348 2805 2552 2844 caecum
2585 2798 2638 2843 et
2669 2798 2942 2844 errantem
2971 2789 3364 2857 relinquentes.

1791 2882 1844 2936 Si
1870 2896 2054 2938 autem
2085 2890 2247 2951 caput
2277 2883 2519 2937 hominis
2548 2882 2826 2945 Christus,
2871 2895 2972 2935 nos
3002 2881 3142 2935 ratio
3179 2881 3365 2935 horta-

1792 2984 1880 3029 tur
1910 2984 1969 3029 ut
1997 2975 2149 3028 illum
2191 2990 2405 3044 semper
2439 2974 2661 3028 etomni
2695 2973 2860 3027 modo
2902 2973 3280 3042 inspiciamus,
3311 2981 3368 3026 et

1791 3076 1851 3122 ut
1890 3067 1944 3122 in
1971 3083 2095 3123 eum
2156 3074 2402 3122 nostram
2447 3068 2750 3120 intuentem
2785 3074 2839 3119 ct
2889 3065 3364 3134 contemplativam

1794 3173 1982 3213 curam
2010 3159 2283 3226 erigamus
2305 3169 2360 3211 et
2389 3158 2782 3210 extendamus:
2823 3175 2841 3207 (
2869 3155 3230 3210 Providebam
3263 3154 3369 3208 Do-

1794 3251 2002 3304 minum
2035 3251 2086 3302 in
2115 3257 2411 3318 conspectu
2439 3263 2559 3302 meo
2591 3264 2826 3316 semper,
2868 3246 3122 3316 quoniam
3160 3261 3190 3298 a
3231 3246 3366 3299 dex-

1794 3343 1894 3396 tris
1912 3352 1997 3396 est
2018 3342 2172 3408 mihi,
2199 3359 2264 3395 ne
2278 3356 2660 3406 commovear;
2688 3360 2706 3392 ι
2736 3339 2830 3394 sed
2862 3340 3008 3393 enim
3034 3357 3047 3392 :
3077 3357 3094 3389 ι
3128 3338 3192 3393 Ut
3222 3339 3366 3393 oculi

1793 3432 2005 3487 ancilla:
2037 3432 2104 3486 in.
2144 3447 2338 3487 manus
2374 3433 2616 3486 dominae
2648 3447 2785 3497 suae,
2821 3432 2892 3484 ita
2921 3431 3064 3484 oculi
3097 3429 3268 3483 nostri
3299 3429 3365 3482 ad

1794 3521 2082 3575 Dominum
2113 3519 2282 3576 Deum
2313 3532 2586 3575 nostrum.
2626 3539 2644 3572 ι
2682 3520 2746 3573 Et
2772 3521 2983 3575 lucrum
3017 3518 3123 3573 tale
3167 3517 3273 3572 erit
3313 3527 3372 3568 ut

1795 3619 2064 3680 occupent
2099 3626 2198 3665 nos
2230 3611 2508 3666 ambitiosi
2541 3621 2596 3665 et
2637 3610 2836 3664 divites
2873 3611 3100 3663 frustra.
3138 3608 3207 3662 Et
3240 3623 3370 3660 vero

1794 3715 2053 3775 perpetuo
2087 3705 2268 3760 oculis
2342 3705 2548 3759 nostris
2589 3705 2654 3758 ad
2686 3703 2973 3756 Dominum
2994 3701 3212 3765 erectis,
3258 3710 3373 3754 ten-

1795 3793 1989 3848 diculaa
2039 3809 2176 3863 quas
2217 3794 2471 3848 inimicus
2501 3794 2656 3864 juxta
2687 3804 2935 3846 nostrum
2972 3795 3075 3846 iter
3107 3793 3367 3860 disponit,

1796 3886 1984 3939 otiosa:
2023 3895 2076 3939 et
2125 3886 2326 3941 inertes
2377 3894 2524 3951 sunt,
2583 3895 2637 3940 et
2678 3885 2844 3954 pedes
2889 3894 3107 3940 nostros
3147 3885 3371 3939 minime

1793 3976 1977 4029 valent
2003 3976 2277 4032 cohibere.
2311 3975 2432 4044 Ipse
2470 3977 2614 4029 enim
2647 3977 2900 4030 conditor
2931 3985 3119 4028 noster
3145 3983 3199 4026 et
3240 3989 3369 4026 nos-

1796 4077 1877 4123 tra
1908 4067 2258 4124 Providentia
2290 4077 2345 4122 et
2372 4069 2458 4122 ille
2479 4085 2574 4138 per
2597 4085 2758 4138 quem
2780 4069 3009 4122 videndo
3040 4068 3370 4121 confidimus

1795 4171 1849 4216 et
1901 4161 2254 4225 credidimus,
2301 4161 2502 4214 invicta
2556 4160 2880 4214 fortitudine
2926 4161 3092 4229 pedes
3150 4169 3373 4214 nostros

1797 4254 1865 4306 ab
1889 4251 2095 4306 inimici
2137 4251 2345 4306 retibus
2386 4252 2669 4306 abstrahet
2710 4259 2764 4304 et
2805 4249 3022 4304 facilem
3064 4258 3118 4302 ct
3158 4263 3367 4316 aequam

1797 4350 1998 4396 nostrae
2032 4342 2226 4396 salutis
2251 4344 2389 4396 viam
2429 4341 2612 4396 faciet.
2659 4342 2947 4406 Quomodo
2984 4341 3148 4410 igitur
3183 4340 3314 4394 illud
3351 4359 3364 4394 :

143 4451 288 4523 ῥώμῃ
309 4453 431 4516 τοὺς
460 4450 624 4512 πόδας
673 4449 828 4519 ἡμῶν
856 4447 920 4498 ἐκ
946 4446 1054 4497 τῶν
1083 4443 1179 4497 τοῦ
1211 4443 1406 4514 ἐχθροῦ
1444 4443 1692 4507 παγίδων

1803 4457 1821 4489 ι
1841 4437 1916 4491 Ne
1936 4437 2151 4492 deﬁciat
2177 4437 2354 4491 oleum
2374 4437 2441 4490 de
2459 4437 2633 4504 capite
2656 4443 2772 4500 tuo,
2797 4453 2815 4484 ι
2843 4434 2914 4488 sit
2935 4433 3366 4504 intelligendum,

140 4543 454 4606 ἀποσπάσει,
483 4542 576 4595 καὶ
608 4540 758 4594 λείαν
784 4538 880 4590 καὶ
910 4535 1121 4606 ὁμαλὴν
1143 4537 1241 4606 τὴν
1273 4535 1390 4600 όδὸν
1416 4536 1448 4604 ἡ
1459 4533 1573 4604 μῶν
1594 4535 1692 4602 τῆς

1801 4532 2109 4600 expositum
2142 4537 2246 4584 est.

144 4636 395 4706 σωτηρίας
431 4633 825 4703 ἀπεργάσεται.
857 4629 930 4682 Τὸ
963 4629 1061 4698 μὲν
1089 4627 1182 4681 οὖν
1217 4645 1236 4678 ι
1273 4627 1494 4679 Ἐλαιον
1535 4627 1633 4696 τῆς
1663 4625 1904 4695 κεφαλῆς
1936 4640 2029 4676 σου
2069 4622 2145 4693 μὴ
2192 4620 2579 4691 ύστερησάτω,
2615 4637 2634 4670 ›
2664 4618 2784 4671 τίνα
2819 4619 3064 4689 προσῆκε
3133 4617 3369 4670 νοεῖσθαι

141 4727 342 4796 τρόπον,
365 4727 483 4796 διηγ
493 4727 618 4796 όρευ
628 4742 735 4779 ται.
821 4795 826 4800 ι

203 4825 258 4876 Εἰ
286 4824 328 4878 δ’
355 4825 474 4876 ἀντὶ
503 4822 596 4876 τοῦ
622 4839 638 4872 t
660 4820 752 4888 Μὴ
775 4817 1152 4888 ὑστερησάτω,
1182 4835 1200 4869 ι
1226 4816 1286 4869 τὸ
1317 4815 1499 4882 λόγιον
1527 4814 1586 4867 οὐ
1623 4812 1695 4883 μὴ

142 4915 395 4989 ύστερήσῃ
437 4915 513 4987 τῷ
561 4914 850 4983 γράμματι
909 4909 1312 4978 ἀπαγγέλλοιτο
1356 4905 1695 4977 (εὑρίσκεται

141 5008 237 5079 γὰρ
275 5010 366 5062 καὶ
407 5008 630 5078 τοιαύτη
665 5007 771 5060 τῶν
824 5007 1085 5078 ῥημάτων
1120 5006 1152 5074 ἡ
1189 5002 1484 5072 προφορὰ),
1543 5000 1694 5053 οὐδὲν

143 5100 349 5152 κωλύει·
381 5103 475 5153 καὶ
501 5099 644 5153 οὕτω
672 5099 733 5151 τὸ
762 5098 860 5169 μὲν
900 5117 918 5148 ι
953 5099 1235 5149 Ἔστωσαν
1263 5096 1328 5148 τά
1367 5092 1559 5162 ἱμάτιά
1598 5109 1688 5144 σου

142 5190 314 5256 λευκὰ,
345 5213 362 5244 ι
394 5195 466 5257 ὠς
496 5194 591 5246 καὶ
640 5192 985 5264 προείρηται,
1015 5189 1282 5259 σύμϐολον
1311 5187 1421 5243 τῶν
1479 5186 1691 5255 ἀρετῶν

145 5286 516 5354 ἐκλαμϐάνειν·
560 5285 619 5338 τὸ
665 5285 721 5337 δὲ
751 5283 842 5352 Μὴ
877 5283 1150 5353 ὑστερήσῃ
1181 5281 1274 5334 ἐπὶ
1317 5281 1418 5347 τῆς
1448 5278 1692 5346 κεφαλῆς

148 5377 329 5444 ἔλαιον,
358 5381 438 5432 ὅτι
468 5378 575 5431 τῶν
608 5375 1052 5446 κατορθωμάτων
1087 5371 1564 5443 περιαυγαζόντων
1595 5369 1690 5438 τὴν

147 5469 329 5540 ψυχὴν,
347 5473 442 5526 καὶ
471 5470 939 5544 περιϐαλλομένης
964 5468 1131 5536 αὐτῆς
1149 5466 1241 5518 τὸν
1269 5464 1456 5532 νοητὸν
1482 5462 1691 5531 κόσμον

150 5562 233 5614 καὶ
257 5562 350 5633 τὴν
368 5563 426 5628 ἐξ
443 5565 617 5617 αὐτῶν
638 5563 1021 5632 λαμπρότητα,
1039 5557 1098 5610 τὸ
1126 5557 1493 5627 πολυτίμητον
1514 5553 1693 5606 ἔλαιον

155 5652 241 5702 καὶ
272 5651 437 5723 μύρον
461 5655 487 5706 ὃ
514 5654 608 5724 τὴν
635 5652 727 5706 τοῦ
759 5651 915 5718 ἁγίου
945 5646 1086 5700 Πνεύ
1097 5663 1262 5716 ματος
1288 5647 1447 5715 χάριν
1470 5643 1564 5694 καὶ
1594 5642 1697 5694 δω-

161 5740 276 5810 ρεὰν
305 5744 694 5814 ὑπογράφεται,
717 5742 778 5796 ού
817 5741 892 5813 μὴ
923 5740 1197 5810 ὑστερήσῃ
1243 5732 1574 5805 καταρδεῦον
1603 5733 1698 5785 καὶ

1871 4807 1925 4862 Si
1950 4815 2130 4860 autem
2159 4817 2260 4873 pro
2300 4820 2318 4852 ί
2356 4799 2433 4856 Ne
2458 4799 2676 4854 deficiat
2717 4817 2735 4850 ι
2777 4797 3040 4865 scriptum
3092 4795 3163 4849 sit
3190 4803 3260 4860 ct,
3293 4790 3370 4849 Ne

1795 4900 2016 4954 delicias
2054 4895 2349 4965 (invenitur
2392 4891 2538 4946 enim
2587 4899 2641 4945 et
2670 4889 2795 4942 talis
2851 4889 3143 4942 verborum
3197 4901 3372 4939 enun-

1797 4990 2006 5059 ciatio),
2035 4987 2169 5041 nihil
2199 4985 2399 5039 obstat.
2430 4982 2494 5036 Et
2533 4984 2613 5037 sic
2643 4980 2773 5035 illud
2809 5000 2821 5034 :
2852 4999 2869 5031 ι
2895 4979 3015 5033 Sint
3048 4977 3370 5032 vestimenta

1798 5093 1887 5135 tua
1926 5080 2068 5140 alba,
2101 5095 2119 5126 ι
2147 5082 2203 5129 ut
2242 5084 2295 5128 et
2333 5072 2538 5126 dictum
2571 5080 2673 5132 est,
2717 5068 2890 5136 accipi
2920 5066 3080 5118 debet
3106 5073 3163 5117 ut
3203 5063 3373 5116 virtu-

1796 5182 1909 5226 tum
1963 5169 2311 5241 symbolum;
2343 5165 2468 5218 illud
2502 5179 2630 5216 vero
2670 5179 2682 5214 :
2722 5179 2739 5211 ι
2787 5158 2862 5211 Nc
2901 5156 3124 5211 deficias
3159 5153 3277 5206 oleo
3313 5153 3366 5205 in

1799 5263 1975 5332 capite
2006 5272 2116 5322 tuo,
2159 5279 2176 5310 ι
2208 5256 2443 5312 ostendit
2478 5264 2550 5318 te,
2580 5253 2743 5308 rectis
2788 5249 3187 5304 intentionibus
3219 5259 3372 5297 men-

1803 5367 1904 5411 tem
1940 5365 2083 5408 tuam
2131 5353 2312 5405 nitore
2372 5348 2718 5410 ornantibus,
2759 5352 2814 5397 et
2854 5337 3126 5411 spirituali
3175 5342 3368 5390 ornatu

1800 5451 1944 5502 illam
1979 5446 2233 5500 induente
2252 5451 2305 5496 ct
2336 5443 2450 5505 illo,
2470 5443 2639 5511 quicx
2664 5439 2746 5492 his
2767 5437 3035 5505 sequitur,
3060 5428 3366 5499 splendore.

1804 5543 1907 5596 hoc
1951 5541 2249 5610 pretiosum
2296 5537 2475 5591 oleum
2522 5543 2576 5585 et
2632 5538 2966 5599 unguentum
3007 5521 3152 5592 quod
3195 5514 3371 5610 sancti

1805 5607 2040 5704 Spiritus
2089 5629 2320 5701 gratiam
2353 5635 2407 5680 et
2435 5629 2638 5679 donum
2693 5619 2954 5675 describit
2999 5628 3109 5669 non
3153 5607 3372 5663 differre

1804 5728 2003 5796 debere
2046 5724 2191 5796 quod
2235 5732 2388 5778 tuum
2446 5724 2608 5787 caput
2656 5715 2866 5770 imbuat
2901 5719 2952 5767 ct
2993 5708 3241 5774 inungat,
3315 5711 3370 5756 et
