3820 6212
110 320 199 393 341
942 327 1043 386 ΑΙ)
1078 328 1674 391 AMPHILOCHIUM

1781 329 2066 390 U/ESTIO
2092 333 2262 393 XLV.

3248 338 3352 401 352

110 432 421 504 προσκόπτῃ
452 431 535 500 ἐφ’
565 428 701 503 οἷςὴ
732 434 976 506 σωτηρία
1010 437 1224 499 πολλοῖς
1253 438 1551 508 διαλάμπει
1577 439 1670 492 καὶ

1781 438 1844 492 iis
1882 440 2084 508 quibus
2129 441 2281 495 salus
2335 448 2389 495 et
2442 442 2647 498 utilitas
2697 442 2884 497 multis
2935 446 3221 515 splendet;
3257 451 3350 503 sed

111 527 369 596 ὠφέλεια⁸
424 523 540 579 ἀλλ’
574 526 750 577 ἐκεῖνο
785 526 1097 597 θαυμαστὸν
1147 531 1195 582 εἰ
1224 530 1471 594 καὶτοὺς
1512 532 1672 584 ἑκου-

112 623 233 682 σίως
261 617 692 687 τυφλώττοντας,
727 617 786 671 τὸ
817 619 1052 689 φορητὸν
1087 620 1203 689 φῶς
1234 620 1485 691 ἀνέχεται
1515 639 1673 692 περι-

112 709 361 779 αυγάζειν
391 710 491 781 τὴν
519 709 721 776 γνῶσιν
745 710 842 762 καὶ
872 714 1249 781 χειραγωγεῖν,
1279 713 1377 766 οὐκ
1404 713 1676 779 ἐξουθενεῖ

112 804 340 874 καθορᾷν
366 802 464 873 τὴν
488 802 765 873 ἀλήθειαν.
810 803 965 856 Ἐπεὶ
993 805 1086 856 καὶ
1131 806 1158 857 ὁ
1204 803 1407 873 Κύριος
1441 805 1532 857 καὶ
1559 805 1674 857 Σω-

112 898 205 967 τὴρ
232 901 261 968 ή
273 896 389 966 μῶν
423 899 535 959 τοῖς
567 896 968 965 ἀπολλυμένοις
997 898 1328 968 πρόσκομμα
1354 900 1547 967 γέγονε
1578 899 1673 951 καὶ

113 989 275 1058 πέτρα
310 987 605 1041 σκανδάλου
656 988 750 1039 καὶ
794 986 941 1050 λίθος
970 989 1539 1059 ἀποδεδοκιμασμένος
1594 990 1673 1051 είς

112 1078 341 1150 κεφαλὴν
391 1080 596 1147 γωνίας
629 1078 1093 1149 ὑποϐεϐλημένος,
1144 1080 1246 1133 οὐκ
1289 1081 1451 1143 αὐτὸς
1498 1080 1674 1133 ταῦτα

111 1171 358 1240 γεγονὼς,
389 1171 527 1224 ἀλλά
565 1175 677 1235 τοῖς
706 1170 1140 1240 πεπλανημένοις
1169 1170 1325 1235 δόξας
1368 1171 1669 1238 γεγονέναι.

111 1260 389 1316 Κάνταῦθα
415 1262 595 1315 τοίνυν
622 1262 722 1315 οὐκ
754 1260 1265 1331 ἀποσκευαζόμενος
1302 1260 1401 1331 τὴν
1438 1260 1669 1330 μητέρα,

111 1353 179 1417 ὡς
217 1353 277 1405 τὸ
320 1352 481 1407 ἄθεον
512 1354 769 1424 φρόνημα
814 1352 1061 1421 βούλεται
1091 1352 1201 1404 τῶν
1248 1351 1670 1415 δυσσεϐούντων,

111 1446 183 1499 τό’
233 1463 250 1495 ι
281 1444 377 1508 Τίς
419 1446 588 1509 ἐστιν,
622 1441 798 1509 εἷπεν,
830 1447 862 1515 ἡ
896 1446 1079 1515 μητήρ
1119 1462 1244 1515 μου,
1285 1464 1304 1496 ι
1339 1446 1400 1497 οῦ
1431 1444 1488 1497 δὲ
1523 1442 1675 1514 παρὰ

110 1534 297 1605 φαῦλον
340 1535 440 1605 τὴν
490 1534 757 1589 τεκοῦσαν
808 1535 1107 1604 τιθέμενος,
1156 1534 1361 1604 ταύτην
1409 1536 1437 1586 ὁ
1482 1534 1672 1605 Σωτὴρ

109 1626 275 1695 ἀφῆκε
299 1625 398 1694 τὴν
427 1626 635 1694 φωνήν.
664 1624 789 1689 Πῶς
818 1626 927 1696 γὰρ
952 1625 1010 1688 ὃς
1037 1642 1100 1693 γε
1132 1626 1274 1680 κατά
1296 1626 1356 1679 τὸ
1384 1626 1671 1680 ἀτελέστε-

110 1736 193 1790 ρον
220 1721 316 1789 τῆς
346 1717 565 1787 ἡλικίας
595 1720 745 1787 νόμῳ
771 1719 987 1787 φύσεως
1020 1718 1099 1771 ἔτι
1124 1718 1529 1789 γινωσκόμενος
1568 1719 1671 1771 ῦπ-

108 1811 349 1865 ετάσσετό
395 1827 455 1864 τε
486 1814 553 1881 τῇ
581 1812 767 1882 Μητρὶ
800 1811 893 1865 καὶ
934 1810 1005 1864 τά
1052 1811 1327 1881 προνόμια
1382 1810 1663 1880 πανταχοῦ

107 1906 166 1973 τῇ
193 1902 420 1975 τεκούσῃ
452 1903 777 1965 συνδιέσωζε
796 1943 810 1967 ,
845 1903 962 1966 πῶς
990 1896 1144 1966 οὗτος
1179 1902 1313 1973 πρὸς
1344 1903 1444 1973 τὴν
1468 1903 1672 1955 τελειό·

106 2011 230 2065 τητα
261 1994 360 2064 τῆς
385 1993 604 2064 ἡλικίας
645 1993 859 2062 φθάσας
887 1994 1239 2064 ἀτελέστερον
1285 1994 1378 2046 καὶ
1419 1995 1672 2064 ἀγνωμο-

108 2088 345 2157 νέστερον
371 2085 511 2156 πρὸς
533 2086 634 2154 τὴν
660 2086 891 2156 Μητέρα
914 2084 979 2138 ἂν
1008 2084 1268 2137 διετίθετο
1290 2102 1303 2149 ;
1334 2083 1545 2138 Οὔκουν
1569 2086 1671 2138 οὐκ

107 2177 605 2246 ἀποσκευαζομένου
654 2177 754 2247 τὴν
796 2176 1023 2246 Μητέρα
1055 2175 1123 2228 τά
1169 2176 1411 2247 ῥήματα,
1460 2175 1667 2243 ἄπαγε,

110 2268 207 2321 ἀλλ’
248 2268 437 2339 ἑτέραν
488 2268 611 2321 τινά
651 2267 890 2321 διάνοιαν
942 2268 1370 2338 ὲρμηνεύοντος⁶
1409 2267 1513 2321 ποῦ
1558 2269 1667 2339 γὰρ

109 2358 405 2423 ἀκόλουθον,
442 2358 549 2413 ποῦ
576 2359 621 2412 δ’
650 2358 1031 2424 ἀστασίαστον,
1065 2360 1123 2425 ἐξ
1148 2354 1215 2429 ἧς
1240 2359 1328 2412 διὰ
1357 2359 1668 2431 φιλανθρω-
1692 2394 1699 2401 -

110 2452 225 2506 πίαν
256 2453 455 2523 ἠξίωσε
490 2454 657 2523 σαρκὶ
692 2452 977 2522 προελθεῖν
1008 2454 1102 2506 καὶ
1131 2452 1240 2505 τῶν
1275 2453 1560 2523 ἀχράντων
1594 2454 1672 2507 αἱ·

115 2542 281 2611 μάτων
308 2544 335 2595 ό
364 2543 668 2613 εὐδοκήσας
695 2543 874 2614 ἑαυτῷ
906 2543 1164 2616 βροτείαν
1193 2545 1409 2615 μορφὴν
1447 2547 1670 2616 συμπή-

112 2634 281 2698 ξασθαί
315 2652 374 2689 τε
406 2638 505 2689 καί⁹
533 2636 913 2708 περιέψεσθαι,
965 2636 1173 2707 ταύτην
1208 2637 1520 2702 ἀπαξιῶσαι
1551 2637 1669 2708 Μη-

108 2729 231 2798 τέρα
268 2728 652 2798 συνομολογεῖν
680 2730 775 2782 καὶ
817 2729 917 2798 τῆς
960 2728 1017 2781 ὲν
1074 2728 1315 2799 ῥήμασιν
1349 2731 1670 2801 ἀποστερεῖν

110 2819 419 2890 οίκειότητος
436 2835 451 2848 ⁸
482 2819 834 2890 προῦποστάς
856 2821 949 2874 καὶ
974 2820 1408 2889 προκαταλαϐὼν
1423 2821 1517 2875 καὶ
1537 2837 1671 2891 προσ

111 2912 478 2983 δωρησάμενος
516 2914 615 2983 τὴν
644 2915 704 2965 ἐν
746 2912 825 2983 τῷ
854 2913 1139 2983 πράγματι
1190 2914 1377 2982 σχέσιν
1409 2913 1503 2965 καὶ
1535 2911 1668 2984 ἀλή-

114 3006 269 3062 θειαν.
300 3007 408 3059 Καὶ
433 3008 487 3058 εί
512 3005 759 3075 ἔμελλεν,
787 3004 832 3057 ὣ
852 3004 953 3075 τῆς
976 3005 1386 3075 γλωσσαλγίαςί
1421 3006 1669 3076 ἀπαρνήσ-

1636 1775 1744 1831 ,Β

1777 529 2087 585 mirandum
2118 533 2262 601 quod
2298 534 2605 588 voluntarie
2645 549 2914 590 caecorum
2945 538 3210 607 adjuvans
3265 540 3351 595 lu-

1776 634 1898 672 men
1940 620 2273 675 intellectum
2310 621 2624 676 illuminare
2656 624 2926 678 sustineat
2968 636 3023 679 et
3055 642 3220 680 manu
3249 632 3352 681 du-

1775 726 1932 777 cere;
1975 728 2075 767 nec
2111 716 2224 781 jam
2252 728 2346 768 eos
2375 713 2628 783 indignos
2662 713 2871 783 judicet
2924 716 3015 785 qui
3064 718 3348 772 veritatem

1774 805 2019 859 videant.
2044 805 2241 859 Noster
2273 807 2417 859 enim
2454 807 2717 861 Dominus
2749 815 2803 861 et
2840 808 3090 863 Salvator
3121 826 3352 878 pereun-

1776 897 1921 952 tibus
1952 898 2297 953 obstaculum
2331 899 2558 954 effectus
2599 910 2682 955 est
2723 910 2776 955 et
2820 912 2971 969 petra
3014 902 3257 956 seandali
3298 913 3352 957 et

1776 988 1914 1058 lapis
1943 990 2261 1058 reprobatus
2286 993 2341 1043 in
2370 1000 2531 1059 caput
2559 991 2743 1059 anguli
2779 989 3082 1059 subjectus.
3112 992 3233 1045 Non
3263 992 3353 1046 ille

1775 1096 1909 1135 sane
1937 1082 1988 1135 id
2018 1080 2246 1136 effectus
2282 1090 2384 1145 est,
2420 1082 2514 1137 sed
2547 1082 2863 1138 errantibus
2902 1083 3051 1138 visus
3084 1092 3169 1138 est
3192 1083 3351 1138 eﬂici.

1776 1170 1842 1225 Et
1871 1173 1923 1225 in
1956 1173 2061 1227 hoc
2098 1174 2216 1228 loco
2247 1184 2393 1227 certe
2423 1189 2530 1229 non
2582 1174 2835 1242 rejiciens
2867 1183 3118 1239 matrem,
3151 1184 3210 1229 ut
3238 1176 3357 1229 vult

1776 1263 2096 1332 blasphema
2152 1264 2446 1334 impiorum
2506 1264 2801 1333 cogitatio,
2848 1281 3028 1335 neque
3081 1281 3201 1321 eam
3257 1266 3352 1337 qui

1776 1353 1955 1423 ipsum
2004 1354 2193 1424 genuit
2238 1364 2625 1417 contemnens,
2679 1356 2821 1411 hanc
2862 1373 3047 1411 vocem
3099 1358 3354 1413 Salvator

1774 1445 1956 1500 emisit
1985 1463 1997 1498 :
2036 1465 2054 1497 ι
2082 1447 2215 1510 Quae
2232 1458 2335 1510 est,
2372 1448 2569 1517 inquit,
2595 1456 2767 1501 mater
2794 1449 2954 1502 mea?
3003 1467 3021 1498 ι
3065 1448 3353 1514 Quomodo

1773 1538 1917 1593 enim
1948 1537 2041 1607 qui
2067 1552 2165 1607 pro
2186 1541 2361 1593 aetatis
2380 1538 2792 1608 imperfectione
2815 1551 3021 1595 natura:
3042 1541 3157 1610 lege
3176 1541 3353 1595 adhuc

1775 1630 2023 1699 cognitus
2046 1630 2204 1683 matri
2257 1630 2508 1685 subditus
2560 1639 2700 1695 erat,
2750 1642 2804 1685 et
2824 1632 3028 1702 primas
3060 1645 3242 1701 partes
3277 1632 3349 1685 illi

1773 1720 1869 1790 qui
1922 1720 2098 1788 ipsum
2150 1726 2454 1788 pepererat,
2508 1722 2783 1784 servabat,
2844 1723 3121 1791 quomodo
3182 1722 3349 1785 idem,

1776 1822 2064 1883 postquam
2102 1811 2167 1865 ad
2198 1812 2374 1866 {etatis
2430 1811 2822 1881 perfectionem
2859 1814 3105 1882 pervenit
3149 1814 3352 1883 imper-

1776 1906 1973 1961 fectius
2026 1916 2080 1959 et
2132 1904 2401 1974 ingratius
2443 1920 2573 1974 erga
2630 1912 2859 1959 matrem
2911 1905 3181 1959 sentiret?
3232 1903 3353 1958 Non

1776 1996 1944 2067 igitur
1978 2004 2207 2049 matrem
2266 1994 2563 2063 rejicientis
2602 1996 2768 2048 verba
2806 2003 2953 2058 sunt,
2998 1996 3092 2048 sed
3125 1994 3348 2048 alteram

1775 2090 2017 2157 aliquam
2066 2086 2451 2156 cogitationem
2500 2087 2769 2141 docentis.
2830 2086 3118 2149 Quomodo
3160 2101 3354 2140 conse-

1775 2196 1950 2251 quens
1981 2188 2064 2233 est
2092 2189 2146 2233 et
2179 2195 2286 2234 non
2326 2178 2647 2241 absurdum,
2669 2193 2790 2232 eam
2836 2192 2901 2231 ex
2932 2192 3040 2246 qua
3072 2193 3169 2247 per
3195 2175 3352 2231 beni-

1776 2272 2039 2341 gnitatem
2094 2284 2258 2324 carne
2312 2270 2545 2324 amictus
2602 2270 2821 2338 prodire
2868 2269 3125 2337 dignatus
3172 2276 3256 2323 est
3300 2278 3355 2322 et

1777 2364 1996 2432 sincero
2052 2363 2317 2432 sanguine
2362 2362 2467 2416 sibi
2516 2361 2801 2416 mortalem
2852 2360 3086 2415 formam
3132 2360 3355 2416 confor-

1777 2470 1929 2508 mare
1960 2431 2021 2507 et
2053 2453 2205 2505 obire
2246 2451 2437 2516 voluit,
2481 2466 2625 2514 eam,
2666 2450 2914 2520 inquam,
2958 2451 3198 2505 abnuere
3236 2466 3356 2503 ma-

1774 2555 1911 2601 trem
1980 2542 2231 2599 eonliteri
2302 2552 2357 2597 et
2424 2543 2602 2596 verbis
2675 2556 2796 2595 eam
2880 2539 3354 2608 consanguinitate

1776 2636 2034 2709 privare?
2079 2643 2369 2705 postquam
2396 2644 2521 2689 ante
2546 2634 2597 2687 in
2634 2648 2692 2688 re
2720 2634 2964 2687 habitum
2996 2641 3049 2687 et
3073 2632 3357 2686 veritatem

1776 2729 2018 2798 suscepit
2064 2735 2118 2781 et
2161 2727 2383 2781 admisit
2428 2734 2481 2779 et
2533 2725 2763 2795 largitus
2798 2726 2921 2779 est?
2952 2725 3020 2778 Et
3060 2725 3105 2779 si
3141 2724 3352 2788 debuit,

1779 2822 1936 2892 (proh
1963 2819 2355 2889 blaSphemiam
2382 2816 2437 2885 ί)
2471 2818 2616 2871 illam
2649 2818 2937 2885 denegare.
2970 2815 3101 2885 quid
3134 2831 3253 2869 eam
3286 2815 3356 2868 ah

1776 2915 1936 2969 initio
1985 2911 2435 2981 approbaverat?
2479 2909 2620 2976 Quid
2667 2919 2723 2963 et
2778 2911 3022 2963 habitum
3075 2909 3354 2972 induebat,

1777 3007 1934 3075 cujus
1972 3003 2202 3059 formam
2251 3002 2607 3073 opprobrium
2652 3002 2946 3057 credebat?
3004 2999 3211 3056 Etenim
3258 3014 3354 3053 us-

116 3097 293 3150 σασθαι
321 3097 551 3168 ταύτην,
586 3099 639 3151 τί
686 3098 780 3152 καὶ
810 3097 909 3169 τὴν
936 3097 1111 3170 ἀρχὴν
1153 3097 1290 3159 ὅλως
1319 3100 1668 3168 προσήκατο;

1781 3116 1885 3169 que
1934 3101 1999 3154 ad
2056 3099 2109 3153 id
2162 3107 2317 3167 urget
2370 3097 2569 3167 linguae
2626 3094 2872 3149 audacia.
2923 3094 3028 3149 Sed
3061 3104 3115 3148 et
3162 3108 3356 3147 eorum

113 3189 158 3241 τί
182 3190 270 3242 καὶ
290 3191 484 3260 σχῆμα.
516 3190 758 3261 περιέδυ,
787 3184 849 3244 οὗ
872 3190 969 3261 τὴν
1000 3191 1213 3261 μορφὴν
1241 3190 1398 3260 ὓϐριν
1425 3190 1665 3261 ὲνόμιζε;

117 3280 323 3351 καὶγὰρ
354 3283 449 3335 καὶ
500 3283 663 3352 μέχρι
705 3282 895 3334 τούτου
938 3283 1035 3352 τῆς
1085 3282 1340 3352 γλώσσης
1387 3283 1555 3354 ἤλασε
1602 3282 1674 3337 τὰ

113 3373 448 3444 τολμήματαο
488 3373 604 3426 ἀλλ’
649 3376 682 3444 ἡ
722 3375 821 3445 μὲν
866 3374 1090 3427 ἐκείνων
1119 3374 1370 3439 ἀπόνοια,
1400 3374 1577 3448 ταύτῃ
1612 3393 1673 3428 τε

115 3468 198 3519 καὶ
224 3468 278 3531 ἐξ
306 3467 484 3522 ἄλλων
507 3466 767 3520 πλειόνων
793 3467 887 3518 τὸν
911 3465 1129 3535 ἔλεγχον
1156 3464 1391 3519 δίδωσιν.

178 3560 327 3622 Ἴσως
363 3560 407 3611 δ’
441 3559 513 3613 ἄν
541 3575 626 3621 τις
675 3558 736 3610 οὐ
776 3557 964 3629 πόρρω
994 3557 1105 3610 τῶν
1132 3557 1505 3625 εῦαγγελικῶν
1537 3574 1675 3626 γνω-

118 3650 377 3721 ρισμάτων
428 3649 893 3720 διαπλαττόμενος
950 3649 1118 3717 φάναι
1181 3648 1273 3701 τὸν
1332 3650 1561 3719 Σωτῆρα
1614 3648 1675 3700 τὸ

118 3739 254 3810 ῥῆμα
295 3743 425 3811 ἐρεῖ,
456 3740 558 3809 οὐχ
603 3739 1043 3808 ὑποτεμνόμενον
1089 3739 1189 3809 μὲν
1235 3741 1300 3808 τῇ
1354 3739 1539 3808 Μητρὶ
1577 3737 1675 3808 τὴν

116 3834 283 3901 τιμὴν,
312 3832 432 3885 οὐδὲ
466 3830 650 3900 πολλῷ
688 3830 888 3900 μᾶλλον
917 3828 1335 3899 ἁπαρνούμενον
1365 3830 1464 3900 τὴν
1498 3829 1675 3899 ἐμφυ-

116 3939 196 3975 τον
224 3922 399 3993 σχέσιν
428 3922 528 3977 καὶ
560 3920 815 3991 στοργὴν,
848 3920 968 3973 οὐδὲ
984 3918 1179 3972 πολλοῦ
1208 3918 1287 3971 δεῖ
1315 3919 1553 3989 γέμοντα
1579 3919 1677 3973 καὶ

119 4016 379 4083 πρέποντα
406 4018 473 4085 τῇ
502 4014 886 4085 γεννησαμένη
919 4012 1080 4082 γέρα,
1116 4012 1265 4081 ὅμως
1287 4011 1386 4081 τῆς
1411 4012 1541 4082 περὶ
1572 4012 1672 4064 αὺ-

119 4106 206 4175 τὴν
231 4106 523 4177 θεραπείας
573 4105 670 4176 τὴν
713 4104 823 4157 τῶν
871 4105 1172 4172 ἀνθρώπων
1198 4104 1472 4174 προτιμᾷν
1502 4120 1680 4174 σωτηο

125 4196 252 4266 ρίαν,
279 4200 373 4252 καὶ
403 4198 504 4270 τὴν
539 4200 619 4260 είς
646 4196 802 4249 τοῦτο
833 4196 892 4249 τὸ
917 4194 1072 4258 τέλος
1103 4194 1378 4265 φέρουσαν
1422 4194 1676 4249 διδασκα-

121 4288 246 4357 λίαν,
271 4293 334 4345 δι’
362 4290 457 4355 οὓς
490 4291 585 4344 καὶ
611 4291 812 4361 Μήτηρ
843 4290 936 4343 κού⁸
955 4289 1113 4351 τόκος
1144 4287 1367 4341 καὶτῶν
1401 4286 1675 4357 πατρῴων

123 4381 322 4435 κόλπων
354 4384 628 4445 ἀκένωτος
663 4381 892 4444 κένωσις
938 4381 1032 4433 καὶ
1078 4381 1138 4432 ἐν
1188 4378 1498 4448 ἀνθρώποις
1545 4381 1676 4434 ἀνα·

1778 3195 1978 3263 linguae
2026 3190 2257 3245 audacia
2305 3199 2360 3243 et
2402 3189 2527 3243 inde
2555 3197 2608 3244 et
2639 3204 2707 3243 ex
2753 3187 2940 3242 multis
2982 3187 3105 3242 aliis
3133 3187 3217 3241 sui
3264 3201 3355 3239 ar-

1775 3291 2097 3354 gumentum
2138 3279 2361 3350 praebet.

1847 3550 2101 3605 Forsitan
2129 3555 2185 3603 et
2227 3544 2429 3615 aliquis
2464 3558 2575 3598 non
2612 3543 2775 3613 longe
2810 3542 2879 3597 ab
2914 3540 3245 3612 evangelicis
3277 3540 3363 3595 in-

1777 3644 1934 3700 diciis
1989 3642 2222 3711 opinans
2299 3642 2403 3693 hoc
2452 3638 2677 3692 verbum
2726 3636 2978 3691 emisisse
3020 3635 3356 3689 Salvatorem

1775 3736 1943 3797 dicet,
2000 3749 2108 3786 non
2162 3732 2351 3786 matris
2398 3730 2662 3783 honorem
2709 3728 3048 3783 auferentem
3103 3742 3282 3796 neque
3328 3740 3358 3780 a

1778 3824 1992 3879 fortiora
2028 3824 2333 3894 ingenitum
2367 3821 2614 3875 habitum
2633 3830 2685 3874 et
2707 3835 2949 3874 amorem
2972 3821 3358 3889 abnegantem,

1778 3932 1957 3986 neque
1988 3917 2217 3969 multum
2273 3929 2407 3969 sane
2447 3913 2629 3974 abest.
2666 3915 2826 3982 plena
2877 3922 2931 3967 et
2978 3912 3358 3967 convenientia

1778 4010 1939 4064 matri
1976 4009 2224 4079 praemia.
2257 4017 2434 4060 tamen
2463 4007 2606 4060 illius
2636 4021 2784 4060 cum
2810 4005 3038 4059 salutem
3073 4004 3358 4058 hominum

1778 4110 2199 4172 anteponentem
2234 4108 2287 4153 et
2328 4100 2394 4153 ad
2424 4114 2549 4152 eum
2607 4100 2768 4151 linem
2815 4100 3102 4151 ducentem
3154 4097 3357 4151 doctri-

1781 4208 1944 4260 nam;
1972 4202 2191 4262 propter
2221 4206 2361 4260 quos
2404 4199 2457 4244 et
2504 4198 2680 4243 mater
2731 4197 2785 4243 et
2823 4198 3011 4258 partus
3049 4197 3103 4242 et
3148 4190 3359 4257 paterni

1781 4288 1936 4338 sinus
1980 4297 2090 4336 non
2140 4287 2403 4335 evacuata
2451 4279 2763 4343 evacuatio,
2823 4289 2877 4333 et
2931 4280 2986 4332 in
3042 4280 3363 4335 hominibus

1780 4375 2144 4431 commoratio
2173 4383 2228 4428 et
2266 4374 2389 4426 vit-.e
2428 4373 2738 4426 institutum
2774 4382 2828 4425 et
2862 4386 2994 4425 crux
3032 4373 3359 4435 voluntaria,

126 4473 313 4546 στροφὴ
347 4474 441 4528 καὶ
466 4472 714 4528 πολιτεία
741 4473 834 4525 καὶ
875 4471 1105 4541 σταυρὸς
1135 4470 1384 4533 ἑκούσιος
1418 4472 1512 4524 καὶ
1536 4488 1674 4525 κακ-

1781 4478 1835 4525 et
1859 4468 2105 4524 malefica
2129 4482 2313 4532 mors;
2342 4465 2537 4521 deinde
2567 4475 2622 4519 et
2650 4466 2927 4534 sepultura
2955 4476 3010 4520 et
3032 4468 3364 4521 resurrectio

125 4560 318 4631 ούργων
362 4563 630 4627 θάνατος,
679 4559 797 4616 εἶτα
842 4562 937 4615 καὶ
995 4561 1141 4631 ταφὴ
1209 4563 1305 4614 καὶ
1352 4562 1677 4627 ἀνάστασις,

126 4653 401 4723 ὲπισχῦσαι
436 4655 479 4707 δ’
503 4655 568 4708 ἂν
600 4654 884 4725 πειραθείη
918 4654 1016 4724 τὴν
1043 4654 1310 4717 ἐπίνοιαν,
1334 4654 1431 4706 καὶ
1460 4657 1542 4708 ὅτι
1574 4671 1681 4726 περ

126 4741 221 4814 (ἠδ’
249 4738 316 4815 ἦν
358 4744 532 4807 ἄλλως
588 4746 848 4815 πράττειν
895 4746 987 4798 τὸν
1037 4746 1268 4816 Ἰησοῦν,
1312 4750 1359 4801 εἰ
1408 4748 1484 4819 μὴ
1536 4751 1680 4804 κατὰ

127 4832 312 4904 ταύτην
338 4836 437 4904 τὴν
460 4836 784 4890 ἀκολουθίαν
811 4837 903 4890 καὶ
928 4838 1018 4890 τὸν
1052 4838 1243 4907 εἱρμὸν
1285 4839 1385 4909 τῆς
1424 4843 1682 4910 προνοίας

126 4924 388 4985 διετίθετο.
424 4929 707 4983 Ἐδίδασκε
738 4931 845 5000 γὰρ
885 4932 915 4983 ὁ
960 4929 1152 5001 Σωτὴρ
1195 4931 1333 4999 μετά
1362 4932 1470 4985 τῶν
1503 4933 1683 4986 ἄλλων

127 5019 391 5089 σωτηρίων
430 5021 770 5091 μαθημάτων
806 5022 902 5075 καὶ
941 5022 1003 5075 τὸ
1049 5026 1123 5094 μὴ
1154 5025 1429 5094 προτιμᾷν
1469 5026 1683 5097 πατέρα

129 5103 386 5180 ἢμητέρα
430 5110 461 5181 ἢ
507 5114 764 5179 γυναῖκα,
792 5112 891 5181 τῆς
922 5111 1089 5165 αὐτοῦ
1136 5112 1491 5183 ψυχωφελοῦς
1536 5114 1683 5170 διδα-

132 5197 335 5263 σκαλίας
368 5202 461 5254 καὶ
503 5202 602 5272 τῆς
646 5204 785 5271 πρὸς
822 5204 985 5257 αὑτὸν
1026 5204 1405 5266 ἀπονεῦσεως·
1440 5224 1458 5256 ι
1492 5205 1683 5270 Ὅστις

130 5289 244 5358 γὰρ,
274 5294 455 5363 φησὶν,
482 5296 582 5349 οῦκ
614 5297 998 5368 ἐγκαταλείψει
1031 5301 1241 5372 πατέρα
1285 5304 1317 5373 ἢ
1351 5305 1590 5374 μητέρα,
1622 5322 1676 5360 κ.

128 5390 173 5427 τ.
197 5376 263 5440 λ.,
297 5381 392 5434 οὐκ
420 5382 533 5436 ἐστι
563 5402 666 5454 μου
704 5384 875 5452 ἄξιος,
911 5406 931 5439 ι
987 5392 1283 5457 τουτέστιν,
1314 5392 1373 5456 ὃς
1397 5395 1456 5446 οῦ
1490 5411 1683 5465 προτι-

131 5467 278 5534 μήσει
307 5471 403 5542 τὴν
434 5474 570 5546 ἐμὴν
606 5476 701 5529 καὶ
730 5477 1012 5543 σώζουσαν
1058 5483 1383 5553 παραίνεσιν
1427 5486 1522 5539 καὶ
1566 5504 1682 5538 νου-

130 5554 316 5624 θεσίαν,
351 5564 442 5615 καὶ
472 5564 567 5634 τὴν
594 5568 673 5630 εἰς
704 5568 803 5637 ἐμὲ
823 5570 1080 5640 στοργὴν,
1120 5566 1274 5637 οὗτος
1311 5574 1533 5637 ἐξέπεσε
1584 5574 1682 5643 μὲν

131 5646 226 5700 τῶν
253 5652 615 5736 ἁτελευτήτων
644 5660 886 5729 ἀγαθῶν,
918 5662 1145 5726 ἐξέπεσε
1179 5664 1235 5716 δὲ
1280 5665 1381 5734 τῆς
1414 5666 1680 5736 μακαριόο

133 5748 275 5806 τιλτος
304 5735 368 5812 ἧς
396 5746 445 5797 οἱ
480 5752 915 5821 προτιμήσαντες
944 5752 1050 5806 τῶν
1094 5755 1431 5831 συγγενικῶν
1458 5754 1675 5831 θεσμῶν

1782 4560 2019 4616 validam
2050 4570 2285 4615 mentem
2325 4559 2550 4614 reddere
2579 4562 2958 4627 (conarentur;
3007 4567 3061 4612 et
3091 4558 3218 4627 quia
3250 4575 3359 4611 non

1782 4662 1995 4725 poterat
2015 4668 2074 4707 se
2101 4667 2291 4722 gerere
2314 4649 2647 4714 Jesum,uisi
2686 4651 2824 4704 hanc
2855 4650 2998 4703 viam
3030 4660 3084 4704 et
3106 4651 3363 4705 semitam

1784 4758 2126 4819 sequeretur.
2159 4746 2400 4800 Docebat
2429 4745 2573 4798 enim
2610 4744 2863 4797 Salvator
2897 4743 3065 4798 simul
3102 4759 3224 4797 eum
3259 4759 3363 4798 cae-

1784 4839 1916 4896 teris
1954 4838 2290 4895 salutaribus
2321 4836 2590 4890 doctrinis
2621 4835 2797 4904 ipsius
2846 4835 3046 4890 auimis
3083 4844 3193 4889 tam
3242 4836 3362 4890 utili

1784 4932 2054 4987 doctrina:
2076 4939 2132 4984 et
2168 4930 2233 4982 ad
2268 4929 2443 4997 ipsum
2492 4927 2836 4982 inclinationi
2880 4942 2988 4981 non
3030 4938 3242 4998 patrem
3270 4936 3365 4983 aut

1784 5032 2012 5076 matrem
2060 5031 2156 5074 aut
2203 5036 2425 5074 uxorem
2476 5020 2884 5076 anteferendam
2935 5039 2949 5075 :
2990 5039 3007 5071 ι
3038 5020 3365 5090 Quicunque

1782 5113 2063 5169 enimnon
2098 5112 2372 5182 relinquet
2414 5119 2625 5181 patrem
2666 5121 2720 5165 et
2762 5121 3019 5178 matrem,
3067 5122 3198 5177 etc.,
3250 5128 3365 5167 non

1783 5217 1869 5264 est
1896 5221 1982 5261 me
2011 5206 2231 5277 dignus,
2280 5224 2296 5256 ι
2342 5205 2394 5259 id
2432 5214 2536 5268 est,
2573 5204 2665 5274 qui
2704 5220 2811 5259 non
2855 5214 3145 5274 anteponet
3186 5221 3364 5259 meam

1785 5302 2080 5356 salutarem
2130 5298 2498 5353 hortationem
2548 5306 2602 5351 et
2649 5297 2940 5352 consilium
2981 5305 3037 5352 et
3070 5298 3177 5352 mei
3214 5312 3367 5351 amo-

1784 5408 1922 5456 rem,
1976 5392 2065 5446 ille
2109 5392 2177 5445 ab
2205 5391 2424 5445 aeternis
2462 5390 2620 5445 bonis
2670 5391 2903 5455 decidit;
2939 5390 3008 5444 ab
3054 5391 3142 5443 illa
3177 5398 3360 5443 autem

1785 5483 2123 5538 beatitudine
2160 5483 2379 5547 decidit,
2423 5499 2527 5551 qua
2574 5484 2625 5537 in
2669 5493 2932 5537 aeternum
2981 5480 3238 5534 fruuntur
3269 5481 3361 5547 qui

1785 5574 2186 5645 congeneribus
2212 5575 2479 5629 institutis
2504 5588 2657 5628 meas
2678 5574 2825 5643 leges
2850 5583 2903 5628 et
2933 5571 3176 5627 divinum
3208 5586 3362 5624 amo-

1786 5681 1897 5721 rem
1935 5665 2305 5735 praztuleruut.

1867 5757 2036 5829 Hujus
2062 5772 2193 5814 vero
2226 5757 2468 5813 mandati
2508 5756 2826 5811 facilitatem
2864 5763 2917 5809 et
2959 5750 3363 5822 adimpletionis
