  <div class='ocr_page' id='page_1' title='image "/cluster/home/n/w/nwhite01/storage/ocr_20150623/101 pt.1/mdp.39015061955830/193.png"; bbox 0 0 3864 6208; ppageno 0'>
   <div class='ocr_carea' id='block_1_1' title="bbox 457 301 562 365">
    <p class='ocr_par' dir='ltr' id='par_1_1' title="bbox 457 301 562 365">
     <span class='ocr_line' id='line_1_1' title="bbox 457 301 562 365; baseline -0.019 -1"><span class='ocrx_word' id='word_1_1' title='bbox 457 301 562 365; x_wconf 63' lang='lat'><strong>3’23</strong></span> 
     </span>
    </p>
   </div>
   <div class='ocr_carea' id='block_1_2' title="bbox 1614 303 2564 367">
    <p class='ocr_par' dir='ltr' id='par_1_2' title="bbox 1614 303 2564 367">
     <span class='ocr_line' id='line_1_2' title="bbox 1614 303 2564 367; baseline 0.003 -3"><span class='ocrx_word' id='word_1_2' title='bbox 1614 303 1878 364; x_wconf 84' lang='grc' dir='ltr'><strong>ΡΠΟΤΙΙ</strong></span> <span class='ocrx_word' id='word_1_3' title='bbox 1910 303 2416 366; x_wconf 71' lang='grc' dir='ltr'><strong>ΡΑΤΒῙΑΒΟΗῈ</strong></span> <span class='ocrx_word' id='word_1_4' title='bbox 2455 307 2564 367; x_wconf 89' lang='lat' dir='ltr'><strong>CP.</strong></span> 
     </span>
    </p>
   </div>
   <div class='ocr_carea' id='block_1_3' title="bbox 3635 298 3727 360">
    <p class='ocr_par' dir='ltr' id='par_1_3' title="bbox 3635 298 3727 360">
     <span class='ocr_line' id='line_1_3' title="bbox 3635 298 3727 360; baseline 0 0"><span class='ocrx_word' id='word_1_5' title='bbox 3635 298 3727 360; x_wconf 58' lang='grc'><strong>344</strong></span> 
     </span>
    </p>
   </div>
   <div class='ocr_carea' id='block_1_4' title="bbox 456 417 2042 514">
    <p class='ocr_par' dir='ltr' id='par_1_4' title="bbox 456 417 2037 494">
     <span class='ocr_line' id='line_1_4' title="bbox 456 417 2037 494; baseline -0.001 -20"><span class='ocrx_word' id='word_1_6' title='bbox 456 417 938 494; x_wconf 81' lang='lat' dir='ltr'><strong>proniptitudinem</strong></span> <span class='ocrx_word' id='word_1_7' title='bbox 960 418 1363 489; x_wconf 89' lang='lat' dir='ltr'><strong>statuens,ipse</strong></span> <span class='ocrx_word' id='word_1_8' title='bbox 1386 419 1517 474; x_wconf 89' lang='lat' dir='ltr'><strong>illud</strong></span> <span class='ocrx_word' id='word_1_9' title='bbox 1550 421 1762 490; x_wconf 81' lang='lat' dir='ltr'><strong>primus</strong></span> <span class='ocrx_word' id='word_1_10' title='bbox 1796 424 2037 490; x_wconf 88' lang='lat' dir='ltr'><strong>insequi-</strong></span> 
     </span>
    </p>
   </div>
   <div class='ocr_carea' id='block_1_5' title="bbox 2149 417 3728 514">
    <p class='ocr_par' dir='ltr' id='par_1_5' title="bbox 2149 437 3728 514">
     <span class='ocr_line' id='line_1_5' title="bbox 2149 437 3728 514; baseline -0.003 -18"><span class='ocrx_word' id='word_1_11' title='bbox 2149 443 2266 507; x_wconf 79' lang='grc' dir='ltr'>τοὺς</span> <span class='ocrx_word' id='word_1_12' title='bbox 2294 444 2464 514; x_wconf 81' lang='grc' dir='ltr'>ἐμοὺς</span> <span class='ocrx_word' id='word_1_13' title='bbox 2494 443 2696 512; x_wconf 85' lang='grc' dir='ltr'>νόμους</span> <span class='ocrx_word' id='word_1_14' title='bbox 2744 441 2838 496; x_wconf 80' lang='grc' dir='ltr'>καὶ</span> <span class='ocrx_word' id='word_1_15' title='bbox 2866 442 2960 495; x_wconf 83' lang='grc' dir='ltr'><strong>τὸν</strong></span> <span class='ocrx_word' id='word_1_16' title='bbox 2990 440 3134 495; x_wconf 86' lang='grc' dir='ltr'>θεῖον</span> <span class='ocrx_word' id='word_1_17' title='bbox 3180 440 3360 512; x_wconf 75' lang='grc' dir='ltr'>ἔρωτα</span> <span class='ocrx_word' id='word_1_18' title='bbox 3408 437 3505 492; x_wconf 82' lang='grc' dir='ltr'><strong>διὰ</strong></span> <span class='ocrx_word' id='word_1_19' title='bbox 3533 441 3728 502; x_wconf 68' lang='grc' dir='ltr'>παντὸς</span> 
     </span>
    </p>
   </div>
   <div class='ocr_carea' id='block_1_6' title="bbox 453 512 2036 582">
    <p class='ocr_par' dir='ltr' id='par_1_6' title="bbox 453 512 2036 582">
     <span class='ocr_line' id='line_1_6' title="bbox 453 512 2036 582; baseline -0.002 -13"><span class='ocrx_word' id='word_1_20' title='bbox 453 526 561 580; x_wconf 91' lang='lat' dir='ltr'><strong>tur,</strong></span> <span class='ocrx_word' id='word_1_21' title='bbox 576 524 628 568; x_wconf 92' lang='lat' dir='ltr'><strong>et</strong></span> <span class='ocrx_word' id='word_1_22' title='bbox 641 522 898 566; x_wconf 71' lang='lat' dir='ltr'><strong>maternae</strong></span> <span class='ocrx_word' id='word_1_23' title='bbox 917 513 1232 567; x_wconf 88' lang='lat' dir='ltr'><strong>necessitati</strong></span> <span class='ocrx_word' id='word_1_24' title='bbox 1250 522 1298 567; x_wconf 90' lang='lat' dir='ltr'><strong>et</strong></span> <span class='ocrx_word' id='word_1_25' title='bbox 1320 512 1505 581; x_wconf 76' lang='lat' dir='ltr'><strong>gratiae</strong></span> <span class='ocrx_word' id='word_1_26' title='bbox 1527 512 2036 582; x_wconf 64' lang='lat' dir='ltr'><strong>auditorumfinsti-</strong></span> 
     </span>
    </p>
   </div>
   <div class='ocr_carea' id='block_1_7' title="bbox 454 605 2039 677">
    <p class='ocr_par' dir='ltr' id='par_1_7' title="bbox 454 605 2039 677">
     <span class='ocr_line' id='line_1_7' title="bbox 454 605 2039 677; baseline -0.001 -15"><span class='ocrx_word' id='word_1_27' title='bbox 454 608 718 663; x_wconf 90' lang='lat' dir='ltr'><strong>tutionem</strong></span> <span class='ocrx_word' id='word_1_28' title='bbox 735 605 1094 675; x_wconf 64' lang='lat' dir='ltr'><strong>praefertd‘ere</strong></span> <span class='ocrx_word' id='word_1_29' title='bbox 1107 606 1295 661; x_wconf 83' lang='lat' dir='ltr'><strong>dicens</strong></span> <span class='ocrx_word' id='word_1_30' title='bbox 1318 625 1330 659; x_wconf 88' lang='lat'><strong>:</strong></span> <span class='ocrx_word' id='word_1_31' title='bbox 1350 605 1813 672; x_wconf 84' lang='lat' dir='ltr'><strong>Quemadmodum</strong></span> <span class='ocrx_word' id='word_1_32' title='bbox 1829 623 1928 677; x_wconf 77' lang='lat' dir='ltr'><strong>ego</strong></span> <span class='ocrx_word' id='word_1_33' title='bbox 1944 621 2039 660; x_wconf 91' lang='lat' dir='ltr'><strong>vos</strong></span> 
     </span>
    </p>
   </div>
   <div class='ocr_carea' id='block_1_8' title="bbox 453 698 2041 776">
    <p class='ocr_par' dir='ltr' id='par_1_8' title="bbox 453 698 2041 776">
     <span class='ocr_line' id='line_1_8' title="bbox 453 698 2041 776; baseline -0.002 -22"><span class='ocrx_word' id='word_1_34' title='bbox 453 701 970 756; x_wconf 77' lang='lat' dir='ltr'><strong>docensetvestram</strong></span> <span class='ocrx_word' id='word_1_35' title='bbox 986 701 1217 756; x_wconf 76' lang='lat' dir='ltr'><strong>salutem</strong></span> <span class='ocrx_word' id='word_1_36' title='bbox 1234 713 1558 776; x_wconf 77' lang='lat' dir='ltr'><strong>procurans.</strong></span> <span class='ocrx_word' id='word_1_37' title='bbox 1574 708 1875 753; x_wconf 88' lang='lat' dir='ltr'><strong>maternam</strong></span> <span class='ocrx_word' id='word_1_38' title='bbox 1897 698 2041 754; x_wconf 78' lang='lat' dir='ltr'><strong>solli-</strong></span> 
     </span>
    </p>
   </div>
   <div class='ocr_carea' id='block_1_9' title="bbox 456 792 2037 861">
    <p class='ocr_par' dir='ltr' id='par_1_9' title="bbox 456 792 2037 861">
     <span class='ocr_line' id='line_1_9' title="bbox 456 792 2037 861; baseline -0.003 -12"><span class='ocrx_word' id='word_1_39' title='bbox 456 795 780 858; x_wconf 83' lang='lat' dir='ltr'><strong>citudinem,</strong></span> <span class='ocrx_word' id='word_1_40' title='bbox 813 795 1114 848; x_wconf 88' lang='lat' dir='ltr'><strong>secundum</strong></span> <span class='ocrx_word' id='word_1_41' title='bbox 1150 792 1275 856; x_wconf 87' lang='lat' dir='ltr'><strong>feci,</strong></span> <span class='ocrx_word' id='word_1_42' title='bbox 1297 793 1526 847; x_wconf 89' lang='lat' dir='ltr'><strong>salutem</strong></span> <span class='ocrx_word' id='word_1_43' title='bbox 1547 799 1784 846; x_wconf 83' lang='lat' dir='ltr'><strong>vestram</strong></span> <span class='ocrx_word' id='word_1_44' title='bbox 1814 801 2037 861; x_wconf 86' lang='lat' dir='ltr'><strong>antepo-</strong></span> 
     </span>
    </p>
   </div>
   <div class='ocr_carea' id='block_1_10' title="bbox 453 884 2039 956">
    <p class='ocr_par' dir='ltr' id='par_1_10' title="bbox 453 884 2039 956">
     <span class='ocr_line' id='line_1_10' title="bbox 453 884 2039 956; baseline -0.003 -15"><span class='ocrx_word' id='word_1_45' title='bbox 453 902 610 950; x_wconf 89' lang='lat' dir='ltr'><strong>nens,</strong></span> <span class='ocrx_word' id='word_1_46' title='bbox 636 887 708 941; x_wconf 91' lang='lat' dir='ltr'><strong>ita</strong></span> <span class='ocrx_word' id='word_1_47' title='bbox 739 895 954 956; x_wconf 83' lang='lat' dir='ltr'><strong>Oportet</strong></span> <span class='ocrx_word' id='word_1_48' title='bbox 983 901 1081 939; x_wconf 89' lang='lat' dir='ltr'><strong>vos</strong></span> <span class='ocrx_word' id='word_1_49' title='bbox 1117 900 1338 940; x_wconf 89' lang='lat' dir='ltr'><strong>omnem</strong></span> <span class='ocrx_word' id='word_1_50' title='bbox 1388 900 1486 954; x_wconf 87' lang='lat' dir='ltr'><strong>per</strong></span> <span class='ocrx_word' id='word_1_51' title='bbox 1517 884 1735 938; x_wconf 86' lang='lat' dir='ltr'><strong>vincula</strong></span> <span class='ocrx_word' id='word_1_52' title='bbox 1773 898 2039 953; x_wconf 89' lang='lat' dir='ltr'><strong>corporea</strong></span> 
     </span>
    </p>
   </div>
   <div class='ocr_carea' id='block_1_11' title="bbox 455 973 2036 1046">
    <p class='ocr_par' dir='ltr' id='par_1_11' title="bbox 455 973 2036 1046">
     <span class='ocr_line' id='line_1_11' title="bbox 455 973 2036 1046; baseline -0.003 -15"><span class='ocrx_word' id='word_1_53' title='bbox 455 979 836 1046; x_wconf 90' lang='lat' dir='ltr'><strong>procedentem</strong></span> <span class='ocrx_word' id='word_1_54' title='bbox 899 979 1143 1032; x_wconf 85' lang='lat' dir='ltr'><strong>habitum</strong></span> <span class='ocrx_word' id='word_1_55' title='bbox 1199 985 1255 1031; x_wconf 91' lang='lat' dir='ltr'><strong>ct</strong></span> <span class='ocrx_word' id='word_1_56' title='bbox 1318 985 1531 1029; x_wconf 67' lang='lat' dir='ltr'><strong>natura:</strong></span> <span class='ocrx_word' id='word_1_57' title='bbox 1595 973 2036 1029; x_wconf 78' lang='lat' dir='ltr'><strong>convenientiam</strong></span> 
     </span>
    </p>
   </div>
   <div class='ocr_carea' id='block_1_12' title="bbox 456 1067 2037 1141">
    <p class='ocr_par' dir='ltr' id='par_1_12' title="bbox 456 1067 2037 1141">
     <span class='ocr_line' id='line_1_12' title="bbox 456 1067 2037 1141; baseline -0.004 -16"><span class='ocrx_word' id='word_1_58' title='bbox 456 1087 556 1141; x_wconf 90' lang='lat' dir='ltr'><strong>pro</strong></span> <span class='ocrx_word' id='word_1_59' title='bbox 575 1083 753 1126; x_wconf 88' lang='lat' dir='ltr'><strong>vestra</strong></span> <span class='ocrx_word' id='word_1_60' title='bbox 778 1073 952 1127; x_wconf 87' lang='lat' dir='ltr'><strong>salute</strong></span> <span class='ocrx_word' id='word_1_61' title='bbox 971 1081 1025 1126; x_wconf 88' lang='lat' dir='ltr'><strong>et</strong></span> <span class='ocrx_word' id='word_1_62' title='bbox 1042 1081 1355 1126; x_wconf 87' lang='lat' dir='ltr'><strong>nostrarum</strong></span> <span class='ocrx_word' id='word_1_63' title='bbox 1375 1070 1746 1123; x_wconf 86' lang='lat' dir='ltr'><strong>doctrinarum</strong></span> <span class='ocrx_word' id='word_1_64' title='bbox 1777 1076 1832 1122; x_wconf 91' lang='lat' dir='ltr'><strong>et</strong></span> <span class='ocrx_word' id='word_1_65' title='bbox 1857 1067 2037 1136; x_wconf 82' lang='lat' dir='ltr'><strong>legum</strong></span> 
     </span>
    </p>
   </div>
   <div class='ocr_carea' id='block_1_13' title="bbox 457 1159 2036 1218">
    <p class='ocr_par' dir='ltr' id='par_1_13' title="bbox 457 1159 2036 1218">
     <span class='ocr_line' id='line_1_13' title="bbox 457 1159 2036 1218; baseline -0.003 -1"><span class='ocrx_word' id='word_1_66' title='bbox 457 1163 702 1218; x_wconf 88' lang='lat' dir='ltr'><strong>custodia</strong></span> <span class='ocrx_word' id='word_1_67' title='bbox 723 1171 777 1216; x_wconf 88' lang='lat' dir='ltr'><strong>et</strong></span> <span class='ocrx_word' id='word_1_68' title='bbox 797 1163 1176 1218; x_wconf 89' lang='lat' dir='ltr'><strong>observatione</strong></span> <span class='ocrx_word' id='word_1_69' title='bbox 1203 1171 1568 1216; x_wconf 87' lang='lat' dir='ltr'><strong>commutare.</strong></span> <span class='ocrx_word' id='word_1_70' title='bbox 1587 1159 1786 1215; x_wconf 85' lang='lat' dir='ltr'><strong>Eadem</strong></span> <span class='ocrx_word' id='word_1_71' title='bbox 1822 1159 2036 1213; x_wconf 85' lang='lat' dir='ltr'><strong>ratione</strong></span> 
     </span>
    </p>
   </div>
   <div class='ocr_carea' id='block_1_14' title="bbox 457 1254 2038 1325">
    <p class='ocr_par' dir='ltr' id='par_1_14' title="bbox 457 1254 2038 1325">
     <span class='ocr_line' id='line_1_14' title="bbox 457 1254 2038 1325; baseline -0.001 -17"><span class='ocrx_word' id='word_1_72' title='bbox 457 1255 587 1308; x_wconf 89' lang='lat' dir='ltr'><strong>etei</strong></span> <span class='ocrx_word' id='word_1_73' title='bbox 619 1257 710 1324; x_wconf 90' lang='lat' dir='ltr'><strong>qui</strong></span> <span class='ocrx_word' id='word_1_74' title='bbox 737 1256 912 1324; x_wconf 91' lang='lat' dir='ltr'><strong>ipsum</strong></span> <span class='ocrx_word' id='word_1_75' title='bbox 946 1255 1173 1324; x_wconf 84' lang='lat' dir='ltr'><strong>rogabat</strong></span> <span class='ocrx_word' id='word_1_76' title='bbox 1216 1263 1274 1308; x_wconf 91' lang='lat' dir='ltr'><strong>ut</strong></span> <span class='ocrx_word' id='word_1_77' title='bbox 1316 1255 1384 1310; x_wconf 90' lang='lat' dir='ltr'><strong>ad</strong></span> <span class='ocrx_word' id='word_1_78' title='bbox 1421 1254 1793 1325; x_wconf 88' lang='lat' dir='ltr'><strong>sepeliendum</strong></span> <span class='ocrx_word' id='word_1_79' title='bbox 1825 1260 2038 1322; x_wconf 85' lang='lat' dir='ltr'><strong>patrem</strong></span> 
     </span>
    </p>
   </div>
   <div class='ocr_carea' id='block_1_15' title="bbox 457 1346 2036 1414">
    <p class='ocr_par' dir='ltr' id='par_1_15' title="bbox 457 1346 2036 1414">
     <span class='ocr_line' id='line_1_15' title="bbox 457 1346 2036 1414; baseline -0.003 -14"><span class='ocrx_word' id='word_1_80' title='bbox 457 1347 668 1411; x_wconf 90' lang='lat' dir='ltr'><strong>abiret,</strong></span> <span class='ocrx_word' id='word_1_81' title='bbox 728 1364 834 1402; x_wconf 89' lang='lat' dir='ltr'><strong>non</strong></span> <span class='ocrx_word' id='word_1_82' title='bbox 870 1349 1174 1414; x_wconf 87' lang='lat' dir='ltr'><strong>concessit;</strong></span> <span class='ocrx_word' id='word_1_83' title='bbox 1206 1363 1313 1402; x_wconf 92' lang='lat' dir='ltr'><strong>non</strong></span> <span class='ocrx_word' id='word_1_84' title='bbox 1349 1346 1740 1402; x_wconf 82' lang='lat' dir='ltr'><strong>contemnendi</strong></span> <span class='ocrx_word' id='word_1_85' title='bbox 1766 1357 1994 1400; x_wconf 88' lang='lat' dir='ltr'><strong>matrem</strong></span> <span class='ocrx_word' id='word_1_86' title='bbox 2021 1387 2036 1409; x_wconf 92' lang='lat'><strong>,</strong></span> 
     </span>
    </p>
   </div>
   <div class='ocr_carea' id='block_1_16' title="bbox 459 1419 2037 1509">
    <p class='ocr_par' dir='ltr' id='par_1_16' title="bbox 459 1419 2037 1509">
     <span class='ocr_line' id='line_1_16' title="bbox 459 1419 2037 1509; baseline -0.002 -20"><span class='ocrx_word' id='word_1_87' title='bbox 459 1437 621 1501; x_wconf 87' lang='lat' dir='ltr'><strong>absit,</strong></span> <span class='ocrx_word' id='word_1_88' title='bbox 653 1449 706 1491; x_wconf 92' lang='lat' dir='ltr'><strong>et</strong></span> <span class='ocrx_word' id='word_1_89' title='bbox 742 1419 1041 1508; x_wconf 63' lang='lat' dir='ltr'><strong>prtesertim</strong></span> <span class='ocrx_word' id='word_1_90' title='bbox 1078 1439 1243 1509; x_wconf 82' lang='lat' dir='ltr'><strong>piam,</strong></span> <span class='ocrx_word' id='word_1_91' title='bbox 1285 1454 1464 1508; x_wconf 90' lang='lat' dir='ltr'><strong>neque</strong></span> <span class='ocrx_word' id='word_1_92' title='bbox 1506 1438 1678 1506; x_wconf 88' lang='lat' dir='ltr'><strong>patris</strong></span> <span class='ocrx_word' id='word_1_93' title='bbox 1717 1435 2037 1506; x_wconf 78' lang='lat' dir='ltr'><strong>dignitatem</strong></span> 
     </span>
    </p>
   </div>
   <div class='ocr_carea' id='block_1_17' title="bbox 459 1526 2038 1602">
    <p class='ocr_par' dir='ltr' id='par_1_17' title="bbox 459 1526 2038 1602">
     <span class='ocr_line' id='line_1_17' title="bbox 459 1526 2038 1602; baseline -0.002 -19"><span class='ocrx_word' id='word_1_94' title='bbox 459 1531 762 1602; x_wconf 73' lang='lat' dir='ltr'><strong>negligendi</strong></span> <span class='ocrx_word' id='word_1_95' title='bbox 793 1541 846 1585; x_wconf 90' lang='lat' dir='ltr'><strong>et</strong></span> <span class='ocrx_word' id='word_1_96' title='bbox 885 1533 1004 1598; x_wconf 89' lang='lat' dir='ltr'><strong>ejus</strong></span> <span class='ocrx_word' id='word_1_97' title='bbox 1042 1532 1376 1586; x_wconf 88' lang='lat' dir='ltr'><strong>desiderium</strong></span> <span class='ocrx_word' id='word_1_98' title='bbox 1420 1531 1621 1600; x_wconf 86' lang='lat' dir='ltr'><strong>injuria</strong></span> <span class='ocrx_word' id='word_1_99' title='bbox 1666 1526 2038 1598; x_wconf 90' lang='lat' dir='ltr'><strong>prosequendi</strong></span> 
     </span>
    </p>
   </div>
   <div class='ocr_carea' id='block_1_18' title="bbox 457 1622 2039 1694">
    <p class='ocr_par' dir='ltr' id='par_1_18' title="bbox 457 1622 2039 1694">
     <span class='ocr_line' id='line_1_18' title="bbox 457 1622 2039 1694; baseline -0.004 -15"><span class='ocrx_word' id='word_1_100' title='bbox 457 1625 801 1680; x_wconf 84' lang='lat' dir='ltr'><strong>occasionem</strong></span> <span class='ocrx_word' id='word_1_101' title='bbox 847 1625 1125 1694; x_wconf 53' lang='lat' dir='ltr'><strong>praebens;</strong></span> <span class='ocrx_word' id='word_1_102' title='bbox 1170 1625 1263 1679; x_wconf 90' lang='lat' dir='ltr'><strong>sed</strong></span> <span class='ocrx_word' id='word_1_103' title='bbox 1308 1624 1625 1678; x_wconf 88' lang='lat' dir='ltr'><strong>omnimodo</strong></span> <span class='ocrx_word' id='word_1_104' title='bbox 1671 1637 1773 1677; x_wconf 91' lang='lat' dir='ltr'><strong>nos</strong></span> <span class='ocrx_word' id='word_1_105' title='bbox 1809 1622 2039 1674; x_wconf 90' lang='lat' dir='ltr'><strong>hortans</strong></span> 
     </span>
    </p>
   </div>
   <div class='ocr_carea' id='block_1_19' title="bbox 457 1709 2037 1787">
    <p class='ocr_par' dir='ltr' id='par_1_19' title="bbox 457 1709 2037 1787">
     <span class='ocr_line' id='line_1_19' title="bbox 457 1709 2037 1787; baseline -0.004 -18"><span class='ocrx_word' id='word_1_106' title='bbox 457 1725 516 1771; x_wconf 89' lang='lat' dir='ltr'><strong>ut</strong></span> <span class='ocrx_word' id='word_1_107' title='bbox 543 1718 885 1786; x_wconf 84' lang='lat' dir='ltr'><strong>spiritualem</strong></span> <span class='ocrx_word' id='word_1_108' title='bbox 920 1719 1151 1772; x_wconf 87' lang='lat' dir='ltr'><strong>salutem</strong></span> <span class='ocrx_word' id='word_1_109' title='bbox 1177 1733 1456 1787; x_wconf 81' lang='lat' dir='ltr'><strong>corporeae</strong></span> <span class='ocrx_word' id='word_1_110' title='bbox 1481 1717 1630 1772; x_wconf 90' lang='lat' dir='ltr'><strong>omni</strong></span> <span class='ocrx_word' id='word_1_111' title='bbox 1661 1709 2037 1784; x_wconf 88' lang='lat' dir='ltr'><strong>conjunctioni</strong></span> 
     </span>
    </p>
   </div>
   <div class='ocr_carea' id='block_1_20' title="bbox 454 1805 2040 1882">
    <p class='ocr_par' dir='ltr' id='par_1_20' title="bbox 454 1805 2040 1882">
     <span class='ocr_line' id='line_1_20' title="bbox 454 1805 2040 1882; baseline -0.005 -16"><span class='ocrx_word' id='word_1_112' title='bbox 454 1823 509 1866; x_wconf 87' lang='lat' dir='ltr'><strong>et</strong></span> <span class='ocrx_word' id='word_1_113' title='bbox 538 1812 889 1882; x_wconf 84' lang='lat' dir='ltr'><strong>dispositioni</strong></span> <span class='ocrx_word' id='word_1_114' title='bbox 933 1811 1325 1865; x_wconf 85' lang='lat' dir='ltr'><strong>anteferamus.</strong></span> <span class='ocrx_word' id='word_1_115' title='bbox 1367 1809 1492 1864; x_wconf 73' lang='lat' dir='ltr'><strong>Ilaec</strong></span> <span class='ocrx_word' id='word_1_116' title='bbox 1534 1810 1761 1864; x_wconf 78' lang='lat' dir='ltr'><strong>forsitan</strong></span> <span class='ocrx_word' id='word_1_117' title='bbox 1817 1805 2040 1875; x_wconf 81' lang='lat' dir='ltr'><strong>aliquis,</strong></span> 
     </span>
    </p>
   </div>
   <div class='ocr_carea' id='block_1_21' title="bbox 457 1902 2034 1973">
    <p class='ocr_par' dir='ltr' id='par_1_21' title="bbox 457 1902 2034 1973">
     <span class='ocr_line' id='line_1_21' title="bbox 457 1902 2034 1973; baseline -0.002 -15"><span class='ocrx_word' id='word_1_118' title='bbox 457 1913 518 1958; x_wconf 91' lang='lat' dir='ltr'><strong>ut</strong></span> <span class='ocrx_word' id='word_1_119' title='bbox 547 1905 754 1958; x_wconf 83' lang='lat' dir='ltr'><strong>dictum</strong></span> <span class='ocrx_word' id='word_1_120' title='bbox 786 1915 889 1967; x_wconf 90' lang='lat' dir='ltr'><strong>est,</strong></span> <span class='ocrx_word' id='word_1_121' title='bbox 922 1912 1148 1958; x_wconf 86' lang='lat' dir='ltr'><strong>matrem</strong></span> <span class='ocrx_word' id='word_1_122' title='bbox 1182 1915 1382 1972; x_wconf 89' lang='lat' dir='ltr'><strong>putans</strong></span> <span class='ocrx_word' id='word_1_123' title='bbox 1419 1919 1477 1957; x_wconf 91' lang='lat' dir='ltr'><strong>se</strong></span> <span class='ocrx_word' id='word_1_124' title='bbox 1520 1902 1897 1973; x_wconf 73' lang='lat' dir='ltr'><strong>prazrogativis</strong></span> <span class='ocrx_word' id='word_1_125' title='bbox 1935 1902 2034 1956; x_wconf 83' lang='lat' dir='ltr'><strong>bo-</strong></span> 
     </span>
    </p>
   </div>
   <div class='ocr_carea' id='block_1_22' title="bbox 457 1995 2034 2064">
    <p class='ocr_par' dir='ltr' id='par_1_22' title="bbox 457 1995 2034 2064">
     <span class='ocr_line' id='line_1_22' title="bbox 457 1995 2034 2064; baseline 0.002 -18"><span class='ocrx_word' id='word_1_126' title='bbox 457 1995 611 2048; x_wconf 90' lang='lat' dir='ltr'><strong>noris</strong></span> <span class='ocrx_word' id='word_1_127' title='bbox 648 2010 758 2048; x_wconf 92' lang='lat' dir='ltr'><strong>non</strong></span> <span class='ocrx_word' id='word_1_128' title='bbox 791 1997 1028 2064; x_wconf 88' lang='lat' dir='ltr'><strong>privare,</strong></span> <span class='ocrx_word' id='word_1_129' title='bbox 1063 1995 1155 2049; x_wconf 90' lang='lat' dir='ltr'><strong>sed</strong></span> <span class='ocrx_word' id='word_1_130' title='bbox 1188 1995 1237 2048; x_wconf 90' lang='lat' dir='ltr'><strong>ei</strong></span> <span class='ocrx_word' id='word_1_131' title='bbox 1274 1997 1326 2048; x_wconf 91' lang='lat' dir='ltr'><strong>in</strong></span> <span class='ocrx_word' id='word_1_132' title='bbox 1360 1995 1551 2050; x_wconf 88' lang='lat' dir='ltr'><strong>eodem</strong></span> <span class='ocrx_word' id='word_1_133' title='bbox 1583 1997 1756 2064; x_wconf 82' lang='lat' dir='ltr'><strong>gradu</strong></span> <span class='ocrx_word' id='word_1_134' title='bbox 1792 2009 2034 2058; x_wconf 78' lang='lat' dir='ltr'><strong>servare,</strong></span> 
     </span>
    </p>
   </div>
   <div class='ocr_carea' id='block_1_23' title="bbox 457 2085 2039 2141">
    <p class='ocr_par' dir='ltr' id='par_1_23' title="bbox 457 2085 2039 2141">
     <span class='ocr_line' id='line_1_23' title="bbox 457 2085 2039 2141; baseline 0.003 -5"><span class='ocrx_word' id='word_1_135' title='bbox 457 2085 730 2139; x_wconf 81' lang='lat' dir='ltr'><strong>disserere</strong></span> <span class='ocrx_word' id='word_1_136' title='bbox 750 2097 1041 2140; x_wconf 83' lang='lat' dir='ltr'><strong>conaretur</strong></span> <span class='ocrx_word' id='word_1_137' title='bbox 1073 2088 1266 2140; x_wconf 88' lang='lat' dir='ltr'><strong>matris</strong></span> <span class='ocrx_word' id='word_1_138' title='bbox 1311 2095 1365 2140; x_wconf 87' lang='lat' dir='ltr'><strong>et</strong></span> <span class='ocrx_word' id='word_1_139' title='bbox 1411 2088 1828 2141; x_wconf 89' lang='lat' dir='ltr'><strong>convenientem</strong></span> <span class='ocrx_word' id='word_1_140' title='bbox 1872 2101 2039 2141; x_wconf 84' lang='lat' dir='ltr'><strong>vene-</strong></span> 
     </span>
    </p>
   </div>
   <div class='ocr_carea' id='block_1_24' title="bbox 2140 533 3725 606">
    <p class='ocr_par' dir='ltr' id='par_1_24' title="bbox 2140 533 3725 606">
     <span class='ocr_line' id='line_1_24' title="bbox 2140 533 3725 606; baseline -0.001 -18"><span class='ocrx_word' id='word_1_141' title='bbox 2140 535 2495 590; x_wconf 84' lang='grc' dir='ltr'>ἀπολαύουσι.</span> <span class='ocrx_word' id='word_1_142' title='bbox 2527 537 2744 606; x_wconf 85' lang='grc' dir='ltr'>Ταύτης</span> <span class='ocrx_word' id='word_1_143' title='bbox 2773 535 2829 588; x_wconf 80' lang='grc' dir='ltr'><strong>δὲ</strong></span> <span class='ocrx_word' id='word_1_144' title='bbox 2859 537 2957 605; x_wconf 77' lang='grc' dir='ltr'>τῆς</span> <span class='ocrx_word' id='word_1_145' title='bbox 2983 535 3205 605; x_wconf 81' lang='grc' dir='ltr'><strong>ἐντολῆς</strong></span> <span class='ocrx_word' id='word_1_146' title='bbox 3234 535 3295 588; x_wconf 85' lang='grc' dir='ltr'>τὸ</span> <span class='ocrx_word' id='word_1_147' title='bbox 3336 536 3480 606; x_wconf 74' lang='grc' dir='ltr'>ῥᾷον</span> <span class='ocrx_word' id='word_1_148' title='bbox 3515 533 3609 586; x_wconf 67' lang='grc' dir='ltr'>καὶ</span> <span class='ocrx_word' id='word_1_149' title='bbox 3641 534 3725 588; x_wconf 84' lang='grc' dir='ltr'><strong>εὐ-</strong></span> 
     </span>
    </p>
   </div>
   <div class='ocr_carea' id='block_1_25' title="bbox 2140 623 3727 698">
    <p class='ocr_par' dir='ltr' id='par_1_25' title="bbox 2140 623 3727 698">
     <span class='ocr_line' id='line_1_25' title="bbox 2140 623 3727 698; baseline -0.003 -17"><span class='ocrx_word' id='word_1_150' title='bbox 2140 625 2486 698; x_wconf 86' lang='grc' dir='ltr'>κατόρθωτον</span> <span class='ocrx_word' id='word_1_151' title='bbox 2533 626 2808 680; x_wconf 88' lang='grc' dir='ltr'>καθιστῶν</span> <span class='ocrx_word' id='word_1_152' title='bbox 2851 628 2879 679; x_wconf 84' lang='grc' dir='ltr'>ὁ</span> <span class='ocrx_word' id='word_1_153' title='bbox 2920 626 3132 697; x_wconf 76' lang='grc' dir='ltr'>Σωτὴρ,</span> <span class='ocrx_word' id='word_1_154' title='bbox 3167 626 3329 689; x_wconf 77' lang='grc' dir='ltr'>αὐτὸς</span> <span class='ocrx_word' id='word_1_155' title='bbox 3357 623 3578 694; x_wconf 85' lang='grc' dir='ltr'>ταύτην</span> <span class='ocrx_word' id='word_1_156' title='bbox 3616 642 3727 694; x_wconf 84' lang='grc' dir='ltr'>μετ-</span> 
     </span>
    </p>
   </div>
   <div class='ocr_carea' id='block_1_26' title="bbox 2140 717 3727 792">
    <p class='ocr_par' dir='ltr' id='par_1_26' title="bbox 2140 717 3727 792">
     <span class='ocr_line' id='line_1_26' title="bbox 2140 717 3727 792; baseline -0.001 -19"><span class='ocrx_word' id='word_1_157' title='bbox 2140 719 2361 790; x_wconf 88' lang='grc' dir='ltr'>έρχεται</span> <span class='ocrx_word' id='word_1_158' title='bbox 2387 720 2603 792; x_wconf 89' lang='grc' dir='ltr'>πρῶτος</span> <span class='ocrx_word' id='word_1_159' title='bbox 2647 720 2742 773; x_wconf 74' lang='grc' dir='ltr'>καὶ</span> <span class='ocrx_word' id='word_1_160' title='bbox 2784 720 2866 780; x_wconf 86' lang='grc' dir='ltr'><strong>είς</strong></span> <span class='ocrx_word' id='word_1_161' title='bbox 2896 722 3019 782; x_wconf 79' lang='grc' dir='ltr'>τοὺς</span> <span class='ocrx_word' id='word_1_162' title='bbox 3051 721 3325 789; x_wconf 84' lang='grc' dir='ltr'>ἀκροατὰς</span> <span class='ocrx_word' id='word_1_163' title='bbox 3369 717 3727 771; x_wconf 77' lang='grc' dir='ltr'><strong>διδασκαλίαν</strong></span> 
     </span>
    </p>
   </div>
   <div class='ocr_carea' id='block_1_27' title="bbox 2139 809 3726 882">
    <p class='ocr_par' dir='ltr' id='par_1_27' title="bbox 2139 809 3726 882">
     <span class='ocr_line' id='line_1_27' title="bbox 2139 809 3726 882; baseline -0.002 -19"><span class='ocrx_word' id='word_1_164' title='bbox 2139 811 2236 880; x_wconf 84' lang='grc' dir='ltr'><strong>τῆς</strong></span> <span class='ocrx_word' id='word_1_165' title='bbox 2267 810 2544 881; x_wconf 83' lang='grc' dir='ltr'>μητρικῆς</span> <span class='ocrx_word' id='word_1_166' title='bbox 2578 809 2862 881; x_wconf 82' lang='grc' dir='ltr'>προκρίνει</span> <span class='ocrx_word' id='word_1_167' title='bbox 2906 813 3094 880; x_wconf 81' lang='grc' dir='ltr'>χρείας</span> <span class='ocrx_word' id='word_1_168' title='bbox 3139 812 3233 863; x_wconf 69' lang='grc' dir='ltr'><strong>καὶ</strong></span> <span class='ocrx_word' id='word_1_169' title='bbox 3259 812 3513 882; x_wconf 83' lang='grc' dir='ltr'>χάριτος,</span> <span class='ocrx_word' id='word_1_170' title='bbox 3551 827 3726 879; x_wconf 85' lang='grc' dir='ltr'>μονον-</span> 
     </span>
    </p>
   </div>
   <div class='ocr_carea' id='block_1_28' title="bbox 2141 901 3726 974">
    <p class='ocr_par' dir='ltr' id='par_1_28' title="bbox 2141 901 3726 974">
     <span class='ocr_line' id='line_1_28' title="bbox 2141 901 3726 974; baseline -0.002 -18"><span class='ocrx_word' id='word_1_171' title='bbox 2141 903 2262 974; x_wconf 77' lang='grc' dir='ltr'>ουχὶ</span> <span class='ocrx_word' id='word_1_172' title='bbox 2325 903 2500 970; x_wconf 90' lang='grc' dir='ltr'>λέγων</span> <span class='ocrx_word' id='word_1_173' title='bbox 2546 903 2627 956; x_wconf 82' lang='grc' dir='ltr'>ὅτι</span> <span class='ocrx_word' id='word_1_174' title='bbox 2673 902 2927 972; x_wconf 87' lang='grc' dir='ltr'>καθάπερ</span> <span class='ocrx_word' id='word_1_175' title='bbox 2970 901 3080 970; x_wconf 88' lang='grc' dir='ltr'><strong>ἐγὼ</strong></span> <span class='ocrx_word' id='word_1_176' title='bbox 3124 902 3396 956; x_wconf 80' lang='grc' dir='ltr'><strong>διδάσκων</strong></span> <span class='ocrx_word' id='word_1_177' title='bbox 3440 901 3611 970; x_wconf 80' lang='grc' dir='ltr'>ὑμᾶς,</span> <span class='ocrx_word' id='word_1_178' title='bbox 3644 904 3726 954; x_wconf 78' lang='grc' dir='ltr'>καὶ</span> 
     </span>
    </p>
   </div>
   <div class='ocr_carea' id='block_1_29' title="bbox 2140 991 3725 1065">
    <p class='ocr_par' dir='ltr' id='par_1_29' title="bbox 2140 991 3725 1065">
     <span class='ocr_line' id='line_1_29' title="bbox 2140 991 3725 1065; baseline 0 -19"><span class='ocrx_word' id='word_1_179' title='bbox 2140 994 2268 1062; x_wconf 78' lang='grc' dir='ltr'>περὶ</span> <span class='ocrx_word' id='word_1_180' title='bbox 2296 991 2394 1065; x_wconf 81' lang='grc' dir='ltr'><strong>τὴν</strong></span> <span class='ocrx_word' id='word_1_181' title='bbox 2421 993 2574 1064; x_wconf 83' lang='grc' dir='ltr'>ὑμῶν</span> <span class='ocrx_word' id='word_1_182' title='bbox 2603 992 2878 1064; x_wconf 80' lang='grc' dir='ltr'>σωτηρίαν</span> <span class='ocrx_word' id='word_1_183' title='bbox 2905 991 3302 1062; x_wconf 80' lang='grc' dir='ltr'><strong>ἀσχολούμενος</strong></span> <span class='ocrx_word' id='word_1_184' title='bbox 3330 991 3434 1063; x_wconf 81' lang='grc' dir='ltr'>τὴν</span> <span class='ocrx_word' id='word_1_185' title='bbox 3462 992 3725 1062; x_wconf 80' lang='grc' dir='ltr'>μητρικὴν</span> 
     </span>
    </p>
   </div>
   <div class='ocr_carea' id='block_1_30' title="bbox 2141 1082 3726 1156">
    <p class='ocr_par' dir='ltr' id='par_1_30' title="bbox 2141 1082 3726 1156">
     <span class='ocr_line' id='line_1_30' title="bbox 2141 1082 3726 1156; baseline -0.002 -19"><span class='ocrx_word' id='word_1_186' title='bbox 2141 1085 2346 1156; x_wconf 87' lang='grc' dir='ltr'>ἐθέμην</span> <span class='ocrx_word' id='word_1_187' title='bbox 2367 1085 2625 1156; x_wconf 83' lang='grc' dir='ltr'><strong>δευτέραν</strong></span> <span class='ocrx_word' id='word_1_188' title='bbox 2655 1083 2970 1156; x_wconf 89' lang='grc' dir='ltr'>θεραπείαν,</span> <span class='ocrx_word' id='word_1_189' title='bbox 3014 1085 3113 1154; x_wconf 83' lang='grc' dir='ltr'>τὴν</span> <span class='ocrx_word' id='word_1_190' title='bbox 3141 1084 3424 1154; x_wconf 80' lang='grc' dir='ltr'><strong>ὑμετέραν</strong></span> <span class='ocrx_word' id='word_1_191' title='bbox 3457 1082 3726 1152; x_wconf 82' lang='grc' dir='ltr'>σωτηρίαν</span> 
     </span>
    </p>
   </div>
   <div class='ocr_carea' id='block_1_31' title="bbox 2143 1176 3724 1249">
    <p class='ocr_par' dir='ltr' id='par_1_31' title="bbox 2143 1176 3724 1249">
     <span class='ocr_line' id='line_1_31' title="bbox 2143 1176 3724 1249; baseline -0.002 -18"><span class='ocrx_word' id='word_1_192' title='bbox 2143 1178 2528 1249; x_wconf 87' lang='grc' dir='ltr'>προελόμενος,</span> <span class='ocrx_word' id='word_1_193' title='bbox 2559 1176 2702 1230; x_wconf 76' lang='grc' dir='ltr'>οὕτω</span> <span class='ocrx_word' id='word_1_194' title='bbox 2743 1176 2850 1248; x_wconf 83' lang='grc' dir='ltr'>χρὴ</span> <span class='ocrx_word' id='word_1_195' title='bbox 2883 1176 3027 1246; x_wconf 82' lang='grc' dir='ltr'>ὑμᾶς</span> <span class='ocrx_word' id='word_1_196' title='bbox 3059 1177 3278 1244; x_wconf 82' lang='grc' dir='ltr'>ἀπάσης</span> <span class='ocrx_word' id='word_1_197' title='bbox 3326 1177 3436 1246; x_wconf 79' lang='grc' dir='ltr'>τῆς</span> <span class='ocrx_word' id='word_1_198' title='bbox 3487 1176 3578 1228; x_wconf 86' lang='grc' dir='ltr'>διὰ</span> <span class='ocrx_word' id='word_1_199' title='bbox 3626 1176 3724 1228; x_wconf 86' lang='grc' dir='ltr'><strong>τῶν</strong></span> 
     </span>
    </p>
   </div>
   <div class='ocr_carea' id='block_1_32' title="bbox 2143 1264 3726 1337">
    <p class='ocr_par' dir='ltr' id='par_1_32' title="bbox 2143 1264 3726 1337">
     <span class='ocr_line' id='line_1_32' title="bbox 2143 1264 3726 1337; baseline 0 -18"><span class='ocrx_word' id='word_1_200' title='bbox 2143 1267 2476 1337; x_wconf 83' lang='grc' dir='ltr'>σωματικῶν</span> <span class='ocrx_word' id='word_1_201' title='bbox 2515 1266 2728 1335; x_wconf 81' lang='grc' dir='ltr'>δεσμῶν</span> <span class='ocrx_word' id='word_1_202' title='bbox 2761 1265 3056 1337; x_wconf 75' lang='grc' dir='ltr'>προϊούσης</span> <span class='ocrx_word' id='word_1_203' title='bbox 3087 1264 3324 1336; x_wconf 83' lang='grc' dir='ltr'>σχέσεώς</span> <span class='ocrx_word' id='word_1_204' title='bbox 3348 1283 3414 1318; x_wconf 90' lang='grc' dir='ltr'><strong>τε</strong></span> <span class='ocrx_word' id='word_1_205' title='bbox 3465 1267 3566 1319; x_wconf 75' lang='grc' dir='ltr'><strong>καὶ</strong></span> <span class='ocrx_word' id='word_1_206' title='bbox 3608 1285 3726 1336; x_wconf 88' lang='grc' dir='ltr'>συμ-</span> 
     </span>
    </p>
   </div>
   <div class='ocr_carea' id='block_1_33' title="bbox 2143 1347 3721 1427">
    <p class='ocr_par' dir='ltr' id='par_1_33' title="bbox 2143 1347 3721 1427">
     <span class='ocr_line' id='line_1_33' title="bbox 2143 1347 3721 1427; baseline 0 -17"><span class='ocrx_word' id='word_1_207' title='bbox 2143 1357 2376 1420; x_wconf 85' lang='grc' dir='ltr'>παθείας</span> <span class='ocrx_word' id='word_1_208' title='bbox 2404 1357 2504 1426; x_wconf 79' lang='grc' dir='ltr'><strong>τὴν</strong></span> <span class='ocrx_word' id='word_1_209' title='bbox 2530 1357 2684 1427; x_wconf 83' lang='grc' dir='ltr'>ὑμῶν</span> <span class='ocrx_word' id='word_1_210' title='bbox 2707 1357 2888 1410; x_wconf 83' lang='grc' dir='ltr'>αὐτῶν</span> <span class='ocrx_word' id='word_1_211' title='bbox 2921 1347 3200 1426; x_wconf 72' lang='grc' dir='ltr'>σωτηρίαν</span> <span class='ocrx_word' id='word_1_212' title='bbox 3241 1357 3721 1421; x_wconf 69' lang='grc' dir='ltr'>ἀπαλλάττεσθαι,</span> 
     </span>
    </p>
   </div>
   <div class='ocr_carea' id='block_1_34' title="bbox 2142 1446 3724 1518">
    <p class='ocr_par' dir='ltr' id='par_1_34' title="bbox 2142 1446 3724 1518">
     <span class='ocr_line' id='line_1_34' title="bbox 2142 1446 3724 1518; baseline -0.002 -16"><span class='ocrx_word' id='word_1_213' title='bbox 2142 1449 2239 1503; x_wconf 77' lang='grc' dir='ltr'>καὶ</span> <span class='ocrx_word' id='word_1_214' title='bbox 2265 1448 2374 1501; x_wconf 89' lang='grc' dir='ltr'><strong>τῶν</strong></span> <span class='ocrx_word' id='word_1_215' title='bbox 2401 1447 2552 1518; x_wconf 89' lang='grc' dir='ltr'>ἐμῶν</span> <span class='ocrx_word' id='word_1_216' title='bbox 2592 1448 2942 1518; x_wconf 86' lang='grc' dir='ltr'>διδαγμάτων</span> <span class='ocrx_word' id='word_1_217' title='bbox 2971 1449 3069 1500; x_wconf 77' lang='grc' dir='ltr'><strong>καὶ</strong></span> <span class='ocrx_word' id='word_1_218' title='bbox 3122 1448 3304 1518; x_wconf 88' lang='grc' dir='ltr'>νόμων</span> <span class='ocrx_word' id='word_1_219' title='bbox 3332 1446 3439 1518; x_wconf 76' lang='grc' dir='ltr'>τὴν</span> <span class='ocrx_word' id='word_1_220' title='bbox 3485 1447 3724 1517; x_wconf 77' lang='grc' dir='ltr'>φυλακήν</span> 
     </span>
    </p>
   </div>
   <div class='ocr_carea' id='block_1_35' title="bbox 2143 1538 3723 1610">
    <p class='ocr_par' dir='ltr' id='par_1_35' title="bbox 2143 1538 3723 1610">
     <span class='ocr_line' id='line_1_35' title="bbox 2143 1538 3723 1610; baseline -0.003 -16"><span class='ocrx_word' id='word_1_221' title='bbox 2143 1540 2237 1594; x_wconf 78' lang='grc' dir='ltr'><strong>καὶ</strong></span> <span class='ocrx_word' id='word_1_222' title='bbox 2262 1539 2619 1610; x_wconf 88' lang='grc' dir='ltr'>συντήρησιν.</span> <span class='ocrx_word' id='word_1_223' title='bbox 2649 1539 2839 1610; x_wconf 84' lang='grc' dir='ltr'>Ταύτῃ</span> <span class='ocrx_word' id='word_1_224' title='bbox 2871 1556 2956 1592; x_wconf 89' lang='grc' dir='ltr'><strong>τοι</strong></span> <span class='ocrx_word' id='word_1_225' title='bbox 2987 1540 3081 1592; x_wconf 77' lang='grc' dir='ltr'>καὶ</span> <span class='ocrx_word' id='word_1_226' title='bbox 3105 1538 3198 1592; x_wconf 83' lang='grc' dir='ltr'><strong>τὸν</strong></span> <span class='ocrx_word' id='word_1_227' title='bbox 3226 1539 3605 1610; x_wconf 71' lang='grc' dir='ltr'>αἰτησάμενον</span> <span class='ocrx_word' id='word_1_228' title='bbox 3630 1540 3723 1591; x_wconf 85' lang='grc' dir='ltr'>ἀπ-</span> 
     </span>
    </p>
   </div>
   <div class='ocr_carea' id='block_1_36' title="bbox 2143 1627 3721 1700">
    <p class='ocr_par' dir='ltr' id='par_1_36' title="bbox 2143 1627 3721 1700">
     <span class='ocr_line' id='line_1_36' title="bbox 2143 1627 3721 1700; baseline -0.003 -17"><span class='ocrx_word' id='word_1_229' title='bbox 2143 1631 2319 1683; x_wconf 88' lang='grc' dir='ltr'>ελθεῖν</span> <span class='ocrx_word' id='word_1_230' title='bbox 2349 1631 2442 1682; x_wconf 76' lang='grc' dir='ltr'><strong>ἐπὶ</strong></span> <span class='ocrx_word' id='word_1_231' title='bbox 2474 1631 2534 1682; x_wconf 86' lang='grc' dir='ltr'><strong>τὸ</strong></span> <span class='ocrx_word' id='word_1_232' title='bbox 2561 1629 2732 1699; x_wconf 77' lang='grc' dir='ltr'>θάψαι</span> <span class='ocrx_word' id='word_1_233' title='bbox 2766 1631 2856 1684; x_wconf 81' lang='grc' dir='ltr'><strong>τὸν</strong></span> <span class='ocrx_word' id='word_1_234' title='bbox 2884 1629 3128 1700; x_wconf 83' lang='grc' dir='ltr'>Πατέρα,</span> <span class='ocrx_word' id='word_1_235' title='bbox 3167 1629 3269 1682; x_wconf 81' lang='grc' dir='ltr'><strong>οὐκ</strong></span> <span class='ocrx_word' id='word_1_236' title='bbox 3299 1627 3638 1699; x_wconf 65' lang='grc' dir='ltr'>ἐπέτρεψεν·</span> <span class='ocrx_word' id='word_1_237' title='bbox 3669 1629 3721 1680; x_wconf 82' lang='grc' dir='ltr'><strong>οὐ</strong></span> 
     </span>
    </p>
   </div>
   <div class='ocr_carea' id='block_1_37' title="bbox 2144 1719 3724 1795">
    <p class='ocr_par' dir='ltr' id='par_1_37' title="bbox 2144 1719 3724 1795">
     <span class='ocr_line' id='line_1_37' title="bbox 2144 1719 3724 1795; baseline -0.004 -19"><span class='ocrx_word' id='word_1_238' title='bbox 2144 1725 2513 1795; x_wconf 82' lang='grc' dir='ltr'>καταφρονεῖν</span> <span class='ocrx_word' id='word_1_239' title='bbox 2542 1723 2773 1794; x_wconf 74' lang='grc' dir='ltr'>μητρὸς,</span> <span class='ocrx_word' id='word_1_240' title='bbox 2810 1722 2884 1793; x_wconf 86' lang='grc' dir='ltr'><strong>μή</strong></span> <span class='ocrx_word' id='word_1_241' title='bbox 2911 1739 2962 1774; x_wconf 89' lang='grc' dir='ltr'><strong>τι</strong></span> <span class='ocrx_word' id='word_1_242' title='bbox 2993 1721 3205 1788; x_wconf 85' lang='grc' dir='ltr'>γένοιτο</span> <span class='ocrx_word' id='word_1_243' title='bbox 3235 1720 3329 1773; x_wconf 74' lang='grc' dir='ltr'><strong>καὶ</strong></span> <span class='ocrx_word' id='word_1_244' title='bbox 3354 1719 3600 1789; x_wconf 83' lang='grc' dir='ltr'>μάλιστα</span> <span class='ocrx_word' id='word_1_245' title='bbox 3639 1721 3724 1788; x_wconf 78' lang='grc' dir='ltr'>τῆς</span> 
     </span>
    </p>
   </div>
   <div class='ocr_carea' id='block_1_38' title="bbox 2145 1811 3722 1886">
    <p class='ocr_par' dir='ltr' id='par_1_38' title="bbox 2145 1811 3722 1886">
     <span class='ocr_line' id='line_1_38' title="bbox 2145 1811 3722 1886; baseline -0.005 -16"><span class='ocrx_word' id='word_1_246' title='bbox 2145 1817 2316 1883; x_wconf 83' lang='grc' dir='ltr'>ὁσίας,</span> <span class='ocrx_word' id='word_1_247' title='bbox 2353 1815 2475 1869; x_wconf 85' lang='grc' dir='ltr'>οὐδὲ</span> <span class='ocrx_word' id='word_1_248' title='bbox 2503 1814 2597 1868; x_wconf 89' lang='grc' dir='ltr'><strong>τοῦ</strong></span> <span class='ocrx_word' id='word_1_249' title='bbox 2643 1815 2848 1886; x_wconf 74' lang='grc' dir='ltr'>πατρὸς</span> <span class='ocrx_word' id='word_1_250' title='bbox 2892 1813 3246 1884; x_wconf 80' lang='grc' dir='ltr'>ἐξαργεῖσθαι</span> <span class='ocrx_word' id='word_1_251' title='bbox 3275 1812 3376 1883; x_wconf 86' lang='grc' dir='ltr'><strong>τὴν</strong></span> <span class='ocrx_word' id='word_1_252' title='bbox 3413 1813 3604 1882; x_wconf 78' lang='grc' dir='ltr'>σχέσιν</span> <span class='ocrx_word' id='word_1_253' title='bbox 3639 1811 3722 1863; x_wconf 79' lang='grc' dir='ltr'>καὶ</span> 
     </span>
    </p>
   </div>
   <div class='ocr_carea' id='block_1_39' title="bbox 2145 1905 3721 1980">
    <p class='ocr_par' dir='ltr' id='par_1_39' title="bbox 2145 1905 3721 1980">
     <span class='ocr_line' id='line_1_39' title="bbox 2145 1905 3721 1980; baseline -0.005 -16"><span class='ocrx_word' id='word_1_254' title='bbox 2145 1911 2240 1965; x_wconf 77' lang='grc' dir='ltr'>τὸν</span> <span class='ocrx_word' id='word_1_255' title='bbox 2268 1909 2435 1963; x_wconf 80' lang='grc' dir='ltr'>πόθον</span> <span class='ocrx_word' id='word_1_256' title='bbox 2467 1909 2774 1980; x_wconf 77' lang='grc' dir='ltr'>ἐνυϐρίζειν</span> <span class='ocrx_word' id='word_1_257' title='bbox 2801 1909 3056 1978; x_wconf 81' lang='grc' dir='ltr'>ἀφορμάς</span> <span class='ocrx_word' id='word_1_258' title='bbox 3086 1907 3264 1969; x_wconf 78' lang='grc' dir='ltr'>διδοὺς</span> <span class='ocrx_word' id='word_1_259' title='bbox 3285 1945 3301 1970; x_wconf 94' lang='grc'><strong>,</strong></span> <span class='ocrx_word' id='word_1_260' title='bbox 3345 1905 3493 1958; x_wconf 90' lang='grc' dir='ltr'><strong>ἀλλά</strong></span> <span class='ocrx_word' id='word_1_261' title='bbox 3529 1921 3721 1957; x_wconf 86' lang='grc' dir='ltr'>παντα-</span> 
     </span>
    </p>
   </div>
   <div class='ocr_carea' id='block_1_40' title="bbox 2147 1997 3723 2076">
    <p class='ocr_par' dir='ltr' id='par_1_40' title="bbox 2147 1997 3723 2076">
     <span class='ocr_line' id='line_1_40' title="bbox 2147 1997 3723 2076; baseline -0.006 -18"><span class='ocrx_word' id='word_1_262' title='bbox 2147 2005 2242 2076; x_wconf 92' lang='grc' dir='ltr'><strong>χοῦ</strong></span> <span class='ocrx_word' id='word_1_263' title='bbox 2276 2004 2556 2075; x_wconf 86' lang='grc' dir='ltr'>παραινῶν</span> <span class='ocrx_word' id='word_1_264' title='bbox 2585 2003 2682 2074; x_wconf 84' lang='grc' dir='ltr'>τὴν</span> <span class='ocrx_word' id='word_1_265' title='bbox 2705 2003 2943 2072; x_wconf 78' lang='grc' dir='ltr'>ψυχικὴν</span> <span class='ocrx_word' id='word_1_266' title='bbox 2977 1999 3296 2073; x_wconf 77' lang='grc' dir='ltr'>προκρίνειν</span> <span class='ocrx_word' id='word_1_267' title='bbox 3333 1997 3612 2068; x_wconf 76' lang='grc' dir='ltr'>σωτηρίαν</span> <span class='ocrx_word' id='word_1_268' title='bbox 3634 1997 3723 2064; x_wconf 77' lang='grc' dir='ltr'>τῆς</span> 
     </span>
    </p>
   </div>
   <div class='ocr_carea' id='block_1_41' title="bbox 2149 2089 3718 2167">
    <p class='ocr_par' dir='ltr' id='par_1_41' title="bbox 2149 2089 3718 2167">
     <span class='ocr_line' id='line_1_41' title="bbox 2149 2089 3718 2167; baseline -0.006 -17"><span class='ocrx_word' id='word_1_269' title='bbox 2149 2097 2472 2167; x_wconf 80' lang='grc' dir='ltr'>σωματικῆς</span> <span class='ocrx_word' id='word_1_270' title='bbox 2522 2095 2740 2165; x_wconf 86' lang='grc' dir='ltr'>ἁπάσης</span> <span class='ocrx_word' id='word_1_271' title='bbox 2791 2095 2884 2148; x_wconf 60' lang='grc' dir='ltr'><strong>καὶ¹</strong></span> <span class='ocrx_word' id='word_1_272' title='bbox 2915 2093 3210 2162; x_wconf 82' lang='grc' dir='ltr'>συναφείας</span> <span class='ocrx_word' id='word_1_273' title='bbox 3261 2090 3358 2144; x_wconf 69' lang='grc' dir='ltr'>καὶ</span> <span class='ocrx_word' id='word_1_274' title='bbox 3415 2089 3718 2151; x_wconf 80' lang='grc' dir='ltr'>διαθέσεως.</span> 
     </span>
    </p>
   </div>
   <div class='ocr_carea' id='block_1_42' title="bbox 458 2177 2042 2259">
    <p class='ocr_par' dir='ltr' id='par_1_42' title="bbox 458 2177 2039 2233">
     <span class='ocr_line' id='line_1_42' title="bbox 458 2177 2039 2233; baseline -0.001 -2"><span class='ocrx_word' id='word_1_275' title='bbox 458 2177 726 2231; x_wconf 79' lang='lat' dir='ltr'><strong>rationem</strong></span> <span class='ocrx_word' id='word_1_276' title='bbox 767 2187 821 2232; x_wconf 90' lang='lat' dir='ltr'><strong>et</strong></span> <span class='ocrx_word' id='word_1_277' title='bbox 853 2179 1215 2233; x_wconf 89' lang='lat' dir='ltr'><strong>reverentiam</strong></span> <span class='ocrx_word' id='word_1_278' title='bbox 1242 2186 1427 2233; x_wconf 93' lang='lat' dir='ltr'><strong>tuens.</strong></span> <span class='ocrx_word' id='word_1_279' title='bbox 1461 2178 1718 2232; x_wconf 85' lang='lat' dir='ltr'><strong>Attamen</strong></span> <span class='ocrx_word' id='word_1_280' title='bbox 1766 2179 1880 2232; x_wconf 78' lang='lat' dir='ltr'><strong>haec</strong></span> <span class='ocrx_word' id='word_1_281' title='bbox 1923 2178 2039 2233; x_wconf 92' lang='lat' dir='ltr'><strong>col-</strong></span> 
     </span>
    </p>
   </div>
   <div class='ocr_carea' id='block_1_43' title="bbox 2149 2177 3716 2259">
    <p class='ocr_par' dir='ltr' id='par_1_43' title="bbox 2149 2180 3716 2259">
     <span class='ocr_line' id='line_1_43' title="bbox 2149 2180 3716 2259; baseline -0.008 -16"><span class='ocrx_word' id='word_1_282' title='bbox 2149 2189 2320 2243; x_wconf 86' lang='grc' dir='ltr'>Γαῦτα</span> <span class='ocrx_word' id='word_1_283' title='bbox 2350 2190 2450 2259; x_wconf 85' lang='grc' dir='ltr'>μὲν</span> <span class='ocrx_word' id='word_1_284' title='bbox 2475 2186 2568 2242; x_wconf 74' lang='grc' dir='ltr'><strong>οὖν</strong></span> <span class='ocrx_word' id='word_1_285' title='bbox 2601 2189 2732 2251; x_wconf 80' lang='grc' dir='ltr'>ῖσως</span> <span class='ocrx_word' id='word_1_286' title='bbox 2762 2187 2828 2242; x_wconf 79' lang='grc' dir='ltr'>ἄν</span> <span class='ocrx_word' id='word_1_287' title='bbox 2853 2203 2957 2251; x_wconf 89' lang='grc' dir='ltr'>τις,</span> <span class='ocrx_word' id='word_1_288' title='bbox 2983 2185 3173 2254; x_wconf 83' lang='grc' dir='ltr'>ὥσπερ</span> <span class='ocrx_word' id='word_1_289' title='bbox 3197 2184 3442 2255; x_wconf 86' lang='grc' dir='ltr'>εἴρηται,</span> <span class='ocrx_word' id='word_1_290' title='bbox 3470 2180 3637 2234; x_wconf 84' lang='grc' dir='ltr'>δοκῶν</span> <span class='ocrx_word' id='word_1_291' title='bbox 3661 2183 3716 2249; x_wconf 81' lang='grc' dir='ltr'>τῇ</span> 
     </span>
    </p>
   </div>
   <div class='ocr_carea' id='block_1_44' title="bbox 459 2270 2037 2343">
    <p class='ocr_par' dir='ltr' id='par_1_44' title="bbox 459 2270 2037 2343">
     <span class='ocr_line' id='line_1_44' title="bbox 459 2270 2037 2343; baseline 0.003 -21"><span class='ocrx_word' id='word_1_292' title='bbox 459 2270 590 2326; x_wconf 86' lang='lat' dir='ltr'><strong>latio</strong></span> <span class='ocrx_word' id='word_1_293' title='bbox 645 2272 867 2325; x_wconf 90' lang='lat' dir='ltr'><strong>modum</strong></span> <span class='ocrx_word' id='word_1_294' title='bbox 916 2271 1135 2340; x_wconf 87' lang='lat' dir='ltr'><strong>quidem</strong></span> <span class='ocrx_word' id='word_1_295' title='bbox 1195 2272 1421 2341; x_wconf 80' lang='lat' dir='ltr'><strong>exponit</strong></span> <span class='ocrx_word' id='word_1_296' title='bbox 1464 2289 1575 2343; x_wconf 93' lang='lat' dir='ltr'><strong>quo</strong></span> <span class='ocrx_word' id='word_1_297' title='bbox 1615 2273 1679 2325; x_wconf 91' lang='lat' dir='ltr'><strong>ad</strong></span> <span class='ocrx_word' id='word_1_298' title='bbox 1722 2271 2037 2326; x_wconf 75' lang='lat' dir='ltr'><strong>inferiorem</strong></span> 
     </span>
    </p>
   </div>
   <div class='ocr_carea' id='block_1_45' title="bbox 458 2363 2045 2432">
    <p class='ocr_par' dir='ltr' id='par_1_45' title="bbox 458 2363 2045 2432">
     <span class='ocr_line' id='line_1_45' title="bbox 458 2363 2045 2432; baseline 0.002 -17"><span class='ocrx_word' id='word_1_299' title='bbox 458 2363 706 2416; x_wconf 89' lang='lat' dir='ltr'><strong>ordinem</strong></span> <span class='ocrx_word' id='word_1_300' title='bbox 736 2363 1041 2428; x_wconf 89' lang='lat' dir='ltr'><strong>descendit,</strong></span> <span class='ocrx_word' id='word_1_301' title='bbox 1080 2378 1186 2417; x_wconf 94' lang='lat' dir='ltr'><strong>non</strong></span> <span class='ocrx_word' id='word_1_302' title='bbox 1220 2376 1403 2418; x_wconf 92' lang='lat' dir='ltr'><strong>autem</strong></span> <span class='ocrx_word' id='word_1_303' title='bbox 1432 2379 1552 2418; x_wconf 88' lang='lat' dir='ltr'><strong>eam</strong></span> <span class='ocrx_word' id='word_1_304' title='bbox 1601 2365 1670 2420; x_wconf 89' lang='lat' dir='ltr'><strong>ab</strong></span> <span class='ocrx_word' id='word_1_305' title='bbox 1704 2365 1929 2432; x_wconf 72' lang='lat' dir='ltr'><strong>honoris</strong></span> <span class='ocrx_word' id='word_1_306' title='bbox 1959 2365 2045 2419; x_wconf 90' lang='lat' dir='ltr'><strong>di-</strong></span> 
     </span>
    </p>
   </div>
   <div class='ocr_carea' id='block_1_46' title="bbox 458 2455 1007 2511">
    <p class='ocr_par' dir='ltr' id='par_1_46' title="bbox 458 2455 1007 2511">
     <span class='ocr_line' id='line_1_46' title="bbox 458 2455 1007 2511; baseline 0.005 -3"><span class='ocrx_word' id='word_1_307' title='bbox 458 2455 764 2510; x_wconf 90' lang='lat' dir='ltr'><strong>minutione</strong></span> <span class='ocrx_word' id='word_1_308' title='bbox 791 2456 1007 2511; x_wconf 86' lang='lat' dir='ltr'><strong>liberat.</strong></span> 
     </span>
    </p>
   </div>
   <div class='ocr_carea' id='block_1_47' title="bbox 2141 2272 3714 2353">
    <p class='ocr_par' dir='ltr' id='par_1_47' title="bbox 2141 2272 3714 2353">
     <span class='ocr_line' id='line_1_47' title="bbox 2141 2272 3714 2353; baseline -0.009 -17"><span class='ocrx_word' id='word_1_309' title='bbox 2141 2283 2310 2353; x_wconf 79' lang='grc' dir='ltr'>μητρὶ</span> <span class='ocrx_word' id='word_1_310' title='bbox 2367 2281 2477 2334; x_wconf 87' lang='grc' dir='ltr'><strong>τῶν</strong></span> <span class='ocrx_word' id='word_1_311' title='bbox 2526 2281 2836 2351; x_wconf 88' lang='grc' dir='ltr'>προνομίων</span> <span class='ocrx_word' id='word_1_312' title='bbox 2880 2280 2981 2348; x_wconf 85' lang='grc' dir='ltr'><strong>τῆς</strong></span> <span class='ocrx_word' id='word_1_313' title='bbox 3033 2277 3199 2347; x_wconf 79' lang='grc' dir='ltr'>τιμῆς</span> <span class='ocrx_word' id='word_1_314' title='bbox 3241 2275 3344 2329; x_wconf 77' lang='grc' dir='ltr'><strong>οὐκ</strong></span> <span class='ocrx_word' id='word_1_315' title='bbox 3377 2272 3714 2342; x_wconf 87' lang='grc' dir='ltr'>ἀποστερεῖν,</span> 
     </span>
    </p>
   </div>
   <div class='ocr_carea' id='block_1_48' title="bbox 2133 2365 3716 2444">
    <p class='ocr_par' dir='ltr' id='par_1_48' title="bbox 2133 2365 3716 2444">
     <span class='ocr_line' id='line_1_48' title="bbox 2133 2365 3716 2444; baseline -0.011 -14"><span class='ocrx_word' id='word_1_316' title='bbox 2133 2375 2248 2430; x_wconf 87' lang='grc' dir='ltr'>ἀλλ’</span> <span class='ocrx_word' id='word_1_317' title='bbox 2278 2376 2337 2428; x_wconf 80' lang='grc' dir='ltr'><strong>ἐν</strong></span> <span class='ocrx_word' id='word_1_318' title='bbox 2361 2373 2439 2444; x_wconf 83' lang='grc' dir='ltr'>τῷ</span> <span class='ocrx_word' id='word_1_319' title='bbox 2470 2375 2571 2443; x_wconf 78' lang='grc' dir='ltr'><strong>ἴσῳ</strong></span> <span class='ocrx_word' id='word_1_320' title='bbox 2604 2373 2915 2444; x_wconf 81' lang='grc' dir='ltr'>συντηρεῖν,</span> <span class='ocrx_word' id='word_1_321' title='bbox 2946 2369 3146 2423; x_wconf 77' lang='grc' dir='ltr'>διέλθοι</span> <span class='ocrx_word' id='word_1_322' title='bbox 3197 2365 3716 2438; x_wconf 83' lang='grc' dir='ltr'>πραγματευόμενος</span> 
     </span>
    </p>
   </div>
   <div class='ocr_carea' id='block_1_49' title="bbox 2153 2453 3719 2538">
    <p class='ocr_par' dir='ltr' id='par_1_49' title="bbox 2153 2453 3719 2538">
     <span class='ocr_line' id='line_1_49' title="bbox 2153 2453 3719 2538; baseline -0.01 -20"><span class='ocrx_word' id='word_1_323' title='bbox 2153 2467 2250 2521; x_wconf 71' lang='grc' dir='ltr'><strong>καὶ</strong></span> <span class='ocrx_word' id='word_1_324' title='bbox 2288 2469 2387 2536; x_wconf 75' lang='grc' dir='ltr'><strong>τὴν</strong></span> <span class='ocrx_word' id='word_1_325' title='bbox 2434 2466 2823 2538; x_wconf 82' lang='grc' dir='ltr'>προσήκουσαν</span> <span class='ocrx_word' id='word_1_326' title='bbox 2869 2463 3004 2516; x_wconf 81' lang='grc' dir='ltr'>αἰδῶ</span> <span class='ocrx_word' id='word_1_327' title='bbox 3044 2457 3428 2522; x_wconf 82' lang='grc' dir='ltr'>συνδιασὼζων</span> <span class='ocrx_word' id='word_1_328' title='bbox 3458 2458 3553 2512; x_wconf 82' lang='grc' dir='ltr'><strong>καὶ</strong></span> <span class='ocrx_word' id='word_1_329' title='bbox 3581 2453 3719 2508; x_wconf 82' lang='grc' dir='ltr'>σεϐα-</span> 
     </span>
    </p>
   </div>
   <div class='ocr_carea' id='block_1_50' title="bbox 459 2549 3716 2633">
    <p class='ocr_par' dir='ltr' id='par_1_50' title="bbox 459 2549 3716 2633">
     <span class='ocr_line' id='line_1_50' title="bbox 459 2549 3716 2633; baseline 0.001 -34"><span class='ocrx_word' id='word_1_330' title='bbox 459 2550 759 2618; x_wconf 76' lang='grc' dir='ltr'>σμιότητα·</span> <span class='ocrx_word' id='word_1_331' title='bbox 815 2550 908 2603; x_wconf 86' lang='grc' dir='ltr'><strong>καί</strong></span> <span class='ocrx_word' id='word_1_332' title='bbox 935 2567 1021 2604; x_wconf 91' lang='grc' dir='ltr'><strong>τοι</strong></span> <span class='ocrx_word' id='word_1_333' title='bbox 1055 2551 1118 2604; x_wconf 81' lang='grc' dir='ltr'><strong>τὸ</strong></span> <span class='ocrx_word' id='word_1_334' title='bbox 1152 2549 1254 2620; x_wconf 86' lang='grc' dir='ltr'>τῆς</span> <span class='ocrx_word' id='word_1_335' title='bbox 1308 2551 1653 2622; x_wconf 84' lang='grc' dir='ltr'>συγκρίσεως</span> <span class='ocrx_word' id='word_1_336' title='bbox 1703 2555 1794 2608; x_wconf 84' lang='grc' dir='ltr'>τὸν</span> <span class='ocrx_word' id='word_1_337' title='bbox 1839 2557 2041 2629; x_wconf 83' lang='grc' dir='ltr'>τρόπον</span> <span class='ocrx_word' id='word_1_338' title='bbox 2083 2562 2183 2633; x_wconf 82' lang='grc' dir='ltr'><strong>μὲν</strong></span> <span class='ocrx_word' id='word_1_339' title='bbox 2248 2561 2546 2632; x_wconf 85' lang='grc' dir='ltr'>ἐρμηνεύει</span> <span class='ocrx_word' id='word_1_340' title='bbox 2607 2559 2729 2613; x_wconf 85' lang='grc' dir='ltr'>καθ’</span> <span class='ocrx_word' id='word_1_341' title='bbox 2763 2558 2823 2611; x_wconf 84' lang='grc' dir='ltr'>ὃν</span> <span class='ocrx_word' id='word_1_342' title='bbox 2863 2556 3002 2627; x_wconf 85' lang='grc' dir='ltr'>πρὸς</span> <span class='ocrx_word' id='word_1_343' title='bbox 3033 2555 3132 2624; x_wconf 83' lang='grc' dir='ltr'>τὴν</span> <span class='ocrx_word' id='word_1_344' title='bbox 3168 2553 3382 2606; x_wconf 83' lang='grc' dir='ltr'>ἐλάττω</span> <span class='ocrx_word' id='word_1_345' title='bbox 3413 2551 3568 2615; x_wconf 78' lang='grc' dir='ltr'>τάξιν</span> <span class='ocrx_word' id='word_1_346' title='bbox 3600 2565 3716 2601; x_wconf 84' lang='grc' dir='ltr'>κατ·</span> 
     </span>
    </p>
   </div>
   <div class='ocr_carea' id='block_1_51' title="bbox 459 2640 2255 2718">
    <p class='ocr_par' dir='ltr' id='par_1_51' title="bbox 459 2640 2255 2718">
     <span class='ocr_line' id='line_1_51' title="bbox 459 2640 2255 2718; baseline 0.006 -23"><span class='ocrx_word' id='word_1_347' title='bbox 459 2640 557 2712; x_wconf 80' lang='grc' dir='ltr'><strong>έϐη</strong></span> <span class='ocrx_word' id='word_1_348' title='bbox 581 2641 645 2694; x_wconf 77' lang='grc' dir='ltr'>τὸ</span> <span class='ocrx_word' id='word_1_349' title='bbox 669 2643 1118 2714; x_wconf 86' lang='grc' dir='ltr'>συγκρινόμενον,</span> <span class='ocrx_word' id='word_1_350' title='bbox 1148 2645 1249 2698; x_wconf 85' lang='grc' dir='ltr'><strong>οὐκ</strong></span> <span class='ocrx_word' id='word_1_351' title='bbox 1297 2644 1630 2698; x_wconf 84' lang='grc' dir='ltr'>ἀπαλλάττει</span> <span class='ocrx_word' id='word_1_352' title='bbox 1662 2646 1720 2698; x_wconf 84' lang='grc' dir='ltr'>δὲ</span> <span class='ocrx_word' id='word_1_353' title='bbox 1745 2647 1844 2718; x_wconf 84' lang='grc' dir='ltr'>τῆς</span> <span class='ocrx_word' id='word_1_354' title='bbox 1875 2650 2255 2714; x_wconf 84' lang='grc' dir='ltr'>ἐλαττώσεως.</span> 
     </span>
    </p>
   </div>
   <div class='ocr_carea' id='block_1_52' title="bbox 531 2785 2043 2857">
    <p class='ocr_par' dir='ltr' id='par_1_52' title="bbox 531 2785 2043 2857">
     <span class='ocr_line' id='line_1_52' title="bbox 531 2785 2043 2857; baseline 0.004 -17"><span class='ocrx_word' id='word_1_355' title='bbox 531 2787 660 2841; x_wconf 89' lang='lat' dir='ltr'><strong>Scio</strong></span> <span class='ocrx_word' id='word_1_356' title='bbox 684 2787 950 2857; x_wconf 89' lang='lat' dir='ltr'><strong>quosdam</strong></span> <span class='ocrx_word' id='word_1_357' title='bbox 981 2786 1266 2842; x_wconf 89' lang='lat' dir='ltr'><strong>beatorum</strong></span> <span class='ocrx_word' id='word_1_358' title='bbox 1303 2785 1526 2840; x_wconf 85' lang='lat' dir='ltr'><strong>Patrum</strong></span> <span class='ocrx_word' id='word_1_359' title='bbox 1570 2802 1711 2857; x_wconf 89' lang='lat' dir='ltr'><strong>quos</strong></span> <span class='ocrx_word' id='word_1_360' title='bbox 1757 2789 1810 2842; x_wconf 93' lang='lat' dir='ltr'><strong>in</strong></span> <span class='ocrx_word' id='word_1_361' title='bbox 1855 2790 2043 2846; x_wconf 81' lang='lat' dir='ltr'><strong>multis</strong></span> 
     </span>
    </p>
   </div>
   <div class='ocr_carea' id='block_1_53' title="bbox 459 2879 2041 2949">
    <p class='ocr_par' dir='ltr' id='par_1_53' title="bbox 459 2879 2041 2949">
     <span class='ocr_line' id='line_1_53' title="bbox 459 2879 2041 2949; baseline 0.001 -14"><span class='ocrx_word' id='word_1_362' title='bbox 459 2895 603 2949; x_wconf 72' lang='lat' dir='ltr'><strong>sche</strong></span> <span class='ocrx_word' id='word_1_363' title='bbox 648 2880 861 2936; x_wconf 88' lang='lat' dir='ltr'><strong>mirans</strong></span> <span class='ocrx_word' id='word_1_364' title='bbox 907 2889 961 2934; x_wconf 87' lang='lat' dir='ltr'><strong>et</strong></span> <span class='ocrx_word' id='word_1_365' title='bbox 1007 2879 1324 2944; x_wconf 88' lang='lat' dir='ltr'><strong>admittens,</strong></span> <span class='ocrx_word' id='word_1_366' title='bbox 1367 2896 1475 2934; x_wconf 91' lang='lat' dir='ltr'><strong>non</strong></span> <span class='ocrx_word' id='word_1_367' title='bbox 1517 2880 1608 2934; x_wconf 83' lang='lat' dir='ltr'><strong>liic</strong></span> <span class='ocrx_word' id='word_1_368' title='bbox 1645 2881 1761 2949; x_wconf 91' lang='lat' dir='ltr'><strong>pari</strong></span> <span class='ocrx_word' id='word_1_369' title='bbox 1805 2881 2041 2937; x_wconf 62' lang='lat' dir='ltr'><strong>benevoo</strong></span> 
     </span>
    </p>
   </div>
   <div class='ocr_carea' id='block_1_54' title="bbox 458 2971 2043 3042">
    <p class='ocr_par' dir='ltr' id='par_1_54' title="bbox 458 2971 2043 3042">
     <span class='ocr_line' id='line_1_54' title="bbox 458 2971 2043 3042; baseline 0.003 -18"><span class='ocrx_word' id='word_1_370' title='bbox 458 2971 624 3026; x_wconf 88' lang='lat' dir='ltr'><strong>lentia</strong></span> <span class='ocrx_word' id='word_1_371' title='bbox 668 2973 921 3034; x_wconf 90' lang='lat' dir='ltr'><strong>mirarer,</strong></span> <span class='ocrx_word' id='word_1_372' title='bbox 964 2972 1058 3042; x_wconf 86' lang='lat' dir='ltr'><strong>qui</strong></span> <span class='ocrx_word' id='word_1_373' title='bbox 1111 2972 1293 3040; x_wconf 70' lang='lat' dir='ltr'><strong>impize</strong></span> <span class='ocrx_word' id='word_1_374' title='bbox 1333 2972 1606 3042; x_wconf 84' lang='lat' dir='ltr'><strong>Opinionis</strong></span> <span class='ocrx_word' id='word_1_375' title='bbox 1642 2973 2043 3042; x_wconf 89' lang='lat' dir='ltr'><strong>improbatione</strong></span> 
     </span>
    </p>
   </div>
   <div class='ocr_carea' id='block_1_55' title="bbox 460 3064 2040 3134">
    <p class='ocr_par' dir='ltr' id='par_1_55' title="bbox 460 3064 2040 3134">
     <span class='ocr_line' id='line_1_55' title="bbox 460 3064 2040 3134; baseline 0.003 -18"><span class='ocrx_word' id='word_1_376' title='bbox 460 3064 514 3116; x_wconf 92' lang='lat' dir='ltr'><strong>in</strong></span> <span class='ocrx_word' id='word_1_377' title='bbox 553 3065 712 3118; x_wconf 83' lang='lat' dir='ltr'><strong>talem</strong></span> <span class='ocrx_word' id='word_1_378' title='bbox 747 3080 972 3120; x_wconf 89' lang='lat' dir='ltr'><strong>sensum</strong></span> <span class='ocrx_word' id='word_1_379' title='bbox 1011 3064 1437 3118; x_wconf 87' lang='lat' dir='ltr'><strong>descenderunt.</strong></span> <span class='ocrx_word' id='word_1_380' title='bbox 1485 3065 1621 3117; x_wconf 83' lang='lat' dir='ltr'><strong>Cum</strong></span> <span class='ocrx_word' id='word_1_381' title='bbox 1671 3075 1848 3120; x_wconf 85' lang='lat' dir='ltr'><strong>mater</strong></span> <span class='ocrx_word' id='word_1_382' title='bbox 1887 3065 2040 3134; x_wconf 84' lang='lat' dir='ltr'><strong>Jesu,</strong></span> 
     </span>
    </p>
   </div>
   <div class='ocr_carea' id='block_1_56' title="bbox 2220 2781 3715 2859">
    <p class='ocr_par' dir='ltr' id='par_1_56' title="bbox 2220 2781 3715 2859">
     <span class='ocr_line' id='line_1_56' title="bbox 2220 2781 3715 2859; baseline -0.007 -14"><span class='ocrx_word' id='word_1_383' title='bbox 2220 2788 2349 2845; x_wconf 78' lang='grc' dir='ltr'>Οἶδα</span> <span class='ocrx_word' id='word_1_384' title='bbox 2378 2790 2435 2844; x_wconf 85' lang='grc' dir='ltr'><strong>δέ</strong></span> <span class='ocrx_word' id='word_1_385' title='bbox 2463 2805 2616 2852; x_wconf 89' lang='grc' dir='ltr'>τινας</span> <span class='ocrx_word' id='word_1_386' title='bbox 2643 2789 2752 2842; x_wconf 91' lang='grc' dir='ltr'><strong>τῶν</strong></span> <span class='ocrx_word' id='word_1_387' title='bbox 2785 2789 3071 2859; x_wconf 78' lang='grc' dir='ltr'>μακαρίων</span> <span class='ocrx_word' id='word_1_388' title='bbox 3113 2785 3272 2855; x_wconf 84' lang='grc' dir='ltr'>ἡμῶν</span> <span class='ocrx_word' id='word_1_389' title='bbox 3317 2783 3602 2854; x_wconf 84' lang='grc' dir='ltr'>Πατέρων,</span> <span class='ocrx_word' id='word_1_390' title='bbox 3635 2781 3715 2844; x_wconf 77' lang='grc' dir='ltr'><strong>οὓς</strong></span> 
     </span>
    </p>
   </div>
   <div class='ocr_carea' id='block_1_57' title="bbox 2148 2875 3712 2948">
    <p class='ocr_par' dir='ltr' id='par_1_57' title="bbox 2148 2875 3712 2948">
     <span class='ocr_line' id='line_1_57' title="bbox 2148 2875 3712 2948; baseline -0.006 -14"><span class='ocrx_word' id='word_1_391' title='bbox 2148 2883 2208 2936; x_wconf 80' lang='grc' dir='ltr'><strong>ἐν</strong></span> <span class='ocrx_word' id='word_1_392' title='bbox 2257 2881 2472 2945; x_wconf 86' lang='grc' dir='ltr'>πολλοῖς</span> <span class='ocrx_word' id='word_1_393' title='bbox 2519 2880 2782 2942; x_wconf 81' lang='grc' dir='ltr'>πολλάκις</span> <span class='ocrx_word' id='word_1_394' title='bbox 2827 2877 3117 2948; x_wconf 84' lang='grc' dir='ltr'>θαυμάσας</span> <span class='ocrx_word' id='word_1_395' title='bbox 3166 2876 3260 2929; x_wconf 72' lang='grc' dir='ltr'>καὶ</span> <span class='ocrx_word' id='word_1_396' title='bbox 3305 2875 3712 2943; x_wconf 76' lang='grc' dir='ltr'>ἀποδεχόμενος,</span> 
     </span>
    </p>
   </div>
   <div class='ocr_carea' id='block_1_58' title="bbox 2148 2967 3712 3046">
    <p class='ocr_par' dir='ltr' id='par_1_58' title="bbox 2148 2967 3712 3046">
     <span class='ocr_line' id='line_1_58' title="bbox 2148 2967 3712 3046; baseline -0.008 -15"><span class='ocrx_word' id='word_1_397' title='bbox 2148 2976 2247 3031; x_wconf 84' lang='grc' dir='ltr'><strong>οὐκ</strong></span> <span class='ocrx_word' id='word_1_398' title='bbox 2278 2975 2346 3030; x_wconf 84' lang='grc' dir='ltr'><strong>ἂν</strong></span> <span class='ocrx_word' id='word_1_399' title='bbox 2377 2977 2437 3028; x_wconf 92' lang='grc' dir='ltr'><strong>ἐν</strong></span> <span class='ocrx_word' id='word_1_400' title='bbox 2466 2973 2642 3046; x_wconf 81' lang='grc' dir='ltr'>ταύτῃ</span> <span class='ocrx_word' id='word_1_401' title='bbox 2669 2975 2733 3044; x_wconf 82' lang='grc' dir='ltr'>τῇ</span> <span class='ocrx_word' id='word_1_402' title='bbox 2759 2971 2955 3042; x_wconf 85' lang='grc' dir='ltr'>γνώμῃ</span> <span class='ocrx_word' id='word_1_403' title='bbox 2983 2970 3331 3041; x_wconf 88' lang='grc' dir='ltr'>θαυμάσαιμι</span> <span class='ocrx_word' id='word_1_404' title='bbox 3362 2969 3453 3022; x_wconf 86' lang='grc' dir='ltr'>ἐπ’</span> <span class='ocrx_word' id='word_1_405' title='bbox 3481 2967 3712 3036; x_wconf 76' lang='grc' dir='ltr'>άθετήσει</span> 
     </span>
    </p>
   </div>
   <div class='ocr_carea' id='block_1_59' title="bbox 2146 3059 3713 3138">
    <p class='ocr_par' dir='ltr' id='par_1_59' title="bbox 2146 3059 3713 3138">
     <span class='ocr_line' id='line_1_59' title="bbox 2146 3059 3713 3138; baseline -0.007 -16"><span class='ocrx_word' id='word_1_406' title='bbox 2146 3069 2249 3138; x_wconf 77' lang='grc' dir='ltr'><strong>τῆς</strong></span> <span class='ocrx_word' id='word_1_407' title='bbox 2295 3066 2590 3130; x_wconf 87' lang='grc' dir='ltr'>δυσσεϐοῦς</span> <span class='ocrx_word' id='word_1_408' title='bbox 2641 3065 2801 3135; x_wconf 81' lang='grc' dir='ltr'>δόξης</span> <span class='ocrx_word' id='word_1_409' title='bbox 2842 3065 2923 3128; x_wconf 83' lang='grc' dir='ltr'>εἰς</span> <span class='ocrx_word' id='word_1_410' title='bbox 2971 3062 3230 3132; x_wconf 85' lang='grc' dir='ltr'>τοιαύτην</span> <span class='ocrx_word' id='word_1_411' title='bbox 3276 3059 3713 3128; x_wconf 78' lang='grc' dir='ltr'>καταϐεϐηκότας</span> 
     </span>
    </p>
   </div>
   <div class='ocr_carea' id='block_1_60' title="bbox 460 3140 2042 3230">
    <p class='ocr_par' dir='ltr' id='par_1_60' title="bbox 460 3155 2039 3226">
     <span class='ocr_line' id='line_1_60' title="bbox 460 3155 2039 3226; baseline 0.004 -20"><span class='ocrx_word' id='word_1_412' title='bbox 460 3155 665 3224; x_wconf 85' lang='lat' dir='ltr'><strong>aliquid</strong></span> <span class='ocrx_word' id='word_1_413' title='bbox 692 3156 992 3210; x_wconf 89' lang='lat' dir='ltr'><strong>humanum</strong></span> <span class='ocrx_word' id='word_1_414' title='bbox 1037 3167 1261 3223; x_wconf 74' lang='lat' dir='ltr'><strong>experta</strong></span> <span class='ocrx_word' id='word_1_415' title='bbox 1293 3157 1361 3211; x_wconf 90' lang='lat' dir='ltr'><strong>de</strong></span> <span class='ocrx_word' id='word_1_416' title='bbox 1391 3173 1493 3211; x_wconf 86' lang='lat' dir='ltr'><strong>suo</strong></span> <span class='ocrx_word' id='word_1_417' title='bbox 1525 3157 1637 3211; x_wconf 83' lang='lat' dir='ltr'><strong>tilio</strong></span> <span class='ocrx_word' id='word_1_418' title='bbox 1686 3172 1745 3212; x_wconf 90' lang='lat' dir='ltr'><strong>se</strong></span> <span class='ocrx_word' id='word_1_419' title='bbox 1783 3158 2039 3226; x_wconf 89' lang='lat' dir='ltr'><strong>jactaret,</strong></span> 
     </span>
    </p>
   </div>
   <div class='ocr_carea' id='block_1_61' title="bbox 2149 3140 3706 3230">
    <p class='ocr_par' dir='ltr' id='par_1_61' title="bbox 2149 3152 3706 3230">
     <span class='ocr_line' id='line_1_61' title="bbox 2149 3152 3706 3230; baseline -0.008 -15"><span class='ocrx_word' id='word_1_420' title='bbox 2149 3161 2416 3216; x_wconf 88' lang='grc' dir='ltr'>διάνοιαν·</span> <span class='ocrx_word' id='word_1_421' title='bbox 2455 3160 2529 3222; x_wconf 85' lang='grc' dir='ltr'>ὡς</span> <span class='ocrx_word' id='word_1_422' title='bbox 2561 3159 2793 3230; x_wconf 76' lang='grc' dir='ltr'>ἐπείπερ</span> <span class='ocrx_word' id='word_1_423' title='bbox 2825 3159 2857 3226; x_wconf 85' lang='grc' dir='ltr'>ἡ</span> <span class='ocrx_word' id='word_1_424' title='bbox 2892 3157 3093 3227; x_wconf 88' lang='grc' dir='ltr'>Μήτηρ</span> <span class='ocrx_word' id='word_1_425' title='bbox 3118 3155 3211 3210; x_wconf 92' lang='grc' dir='ltr'><strong>τοῦ</strong></span> <span class='ocrx_word' id='word_1_426' title='bbox 3251 3154 3430 3225; x_wconf 87' lang='grc' dir='ltr'><strong>Ἰησοῦ</strong></span> <span class='ocrx_word' id='word_1_427' title='bbox 3461 3152 3706 3222; x_wconf 82' lang='grc' dir='ltr'>ἀνθρώπι-</span> 
     </span>
    </p>
   </div>
   <div class='ocr_carea' id='block_1_62' title="bbox 461 3247 2043 3316">
    <p class='ocr_par' dir='ltr' id='par_1_62' title="bbox 461 3247 2043 3316">
     <span class='ocr_line' id='line_1_62' title="bbox 461 3247 2043 3316; baseline 0.004 -17"><span class='ocrx_word' id='word_1_428' title='bbox 461 3247 630 3300; x_wconf 86' lang='lat' dir='ltr'><strong>libere</strong></span> <span class='ocrx_word' id='word_1_429' title='bbox 663 3256 844 3301; x_wconf 86' lang='lat' dir='ltr'><strong>autem</strong></span> <span class='ocrx_word' id='word_1_430' title='bbox 883 3247 1029 3316; x_wconf 89' lang='lat' dir='ltr'><strong>loqui</strong></span> <span class='ocrx_word' id='word_1_431' title='bbox 1063 3257 1352 3316; x_wconf 71' lang='lat' dir='ltr'><strong>quaereret,</strong></span> <span class='ocrx_word' id='word_1_432' title='bbox 1384 3258 1439 3304; x_wconf 87' lang='lat' dir='ltr'><strong>et</strong></span> <span class='ocrx_word' id='word_1_433' title='bbox 1477 3249 1662 3303; x_wconf 69' lang='lat' dir='ltr'><strong>laetitia</strong></span> <span class='ocrx_word' id='word_1_434' title='bbox 1704 3249 2043 3306; x_wconf 73' lang='lat' dir='ltr'><strong>diffundere-</strong></span> 
     </span>
    </p>
   </div>
   <div class='ocr_carea' id='block_1_63' title="bbox 463 3339 2040 3412">
    <p class='ocr_par' dir='ltr' id='par_1_63' title="bbox 463 3339 2040 3412">
     <span class='ocr_line' id='line_1_63' title="bbox 463 3339 2040 3412; baseline 0.004 -20"><span class='ocrx_word' id='word_1_435' title='bbox 463 3349 575 3400; x_wconf 89' lang='lat' dir='ltr'><strong>tur,</strong></span> <span class='ocrx_word' id='word_1_436' title='bbox 600 3355 666 3394; x_wconf 90' lang='lat' dir='ltr'><strong>eo</strong></span> <span class='ocrx_word' id='word_1_437' title='bbox 699 3341 844 3410; x_wconf 90' lang='lat' dir='ltr'><strong>quod</strong></span> <span class='ocrx_word' id='word_1_438' title='bbox 870 3339 994 3394; x_wconf 90' lang='lat' dir='ltr'><strong>talis</strong></span> <span class='ocrx_word' id='word_1_439' title='bbox 1030 3342 1123 3394; x_wconf 83' lang='lat' dir='ltr'><strong>lilii</strong></span> <span class='ocrx_word' id='word_1_440' title='bbox 1165 3352 1341 3395; x_wconf 88' lang='lat' dir='ltr'><strong>mater</strong></span> <span class='ocrx_word' id='word_1_441' title='bbox 1369 3351 1536 3407; x_wconf 86' lang='lat' dir='ltr'><strong>esset,</strong></span> <span class='ocrx_word' id='word_1_442' title='bbox 1571 3351 1625 3398; x_wconf 91' lang='lat' dir='ltr'><strong>et</strong></span> <span class='ocrx_word' id='word_1_443' title='bbox 1663 3351 1887 3412; x_wconf 87' lang='lat' dir='ltr'><strong>propter</strong></span> <span class='ocrx_word' id='word_1_444' title='bbox 1918 3345 2040 3410; x_wconf 88' lang='lat' dir='ltr'><strong>hoc,</strong></span> 
     </span>
    </p>
   </div>
   <div class='ocr_carea' id='block_1_64' title="bbox 464 3429 2044 3495">
    <p class='ocr_par' dir='ltr' id='par_1_64' title="bbox 464 3429 2044 3495">
     <span class='ocr_line' id='line_1_64' title="bbox 464 3429 2044 3495; baseline 0.004 -15"><span class='ocrx_word' id='word_1_445' title='bbox 464 3429 698 3482; x_wconf 85' lang='lat' dir='ltr'><strong>docente</strong></span> <span class='ocrx_word' id='word_1_446' title='bbox 748 3431 880 3488; x_wconf 83' lang='lat' dir='ltr'><strong>tilio,</strong></span> <span class='ocrx_word' id='word_1_447' title='bbox 930 3429 1245 3495; x_wconf 83' lang='lat' dir='ltr'><strong>accederet;</strong></span> <span class='ocrx_word' id='word_1_448' title='bbox 1297 3437 1352 3484; x_wconf 89' lang='lat' dir='ltr'><strong>et</strong></span> <span class='ocrx_word' id='word_1_449' title='bbox 1399 3440 1458 3485; x_wconf 89' lang='lat' dir='ltr'><strong>ut</strong></span> <span class='ocrx_word' id='word_1_450' title='bbox 1508 3431 1755 3495; x_wconf 83' lang='lat' dir='ltr'><strong>decebat,</strong></span> <span class='ocrx_word' id='word_1_451' title='bbox 1796 3432 2044 3487; x_wconf 83' lang='lat' dir='ltr'><strong>doctrina</strong></span> 
     </span>
    </p>
   </div>
   <div class='ocr_carea' id='block_1_65' title="bbox 465 3523 2042 3594">
    <p class='ocr_par' dir='ltr' id='par_1_65' title="bbox 465 3523 2042 3594">
     <span class='ocr_line' id='line_1_65' title="bbox 465 3523 2042 3594; baseline 0.001 -16"><span class='ocrx_word' id='word_1_452' title='bbox 465 3524 697 3594; x_wconf 84' lang='lat' dir='ltr'><strong>gloriam</strong></span> <span class='ocrx_word' id='word_1_453' title='bbox 745 3523 846 3578; x_wconf 91' lang='lat' dir='ltr'><strong>sibi</strong></span> <span class='ocrx_word' id='word_1_454' title='bbox 896 3523 1007 3577; x_wconf 85' lang='lat' dir='ltr'><strong>ﬁlio</strong></span> <span class='ocrx_word' id='word_1_455' title='bbox 1055 3525 1370 3593; x_wconf 83' lang='lat' dir='ltr'><strong>acquirente</strong></span> <span class='ocrx_word' id='word_1_456' title='bbox 1424 3526 1826 3594; x_wconf 68' lang='lat' dir='ltr'><strong>c0ngloritic-ari</strong></span> <span class='ocrx_word' id='word_1_457' title='bbox 1869 3526 2042 3593; x_wconf 88' lang='lat' dir='ltr'><strong>ipsam</strong></span> 
     </span>
    </p>
   </div>
   <div class='ocr_carea' id='block_1_66' title="bbox 464 3617 2045 3688">
    <p class='ocr_par' dir='ltr' id='par_1_66' title="bbox 464 3617 2045 3688">
     <span class='ocr_line' id='line_1_66' title="bbox 464 3617 2045 3688; baseline 0.002 -17"><span class='ocrx_word' id='word_1_458' title='bbox 464 3629 518 3671; x_wconf 91' lang='lat' dir='ltr'><strong>ct</strong></span> <span class='ocrx_word' id='word_1_459' title='bbox 544 3619 665 3686; x_wconf 89' lang='lat' dir='ltr'><strong>ejus</strong></span> <span class='ocrx_word' id='word_1_460' title='bbox 697 3617 874 3671; x_wconf 86' lang='lat' dir='ltr'><strong>laudis</strong></span> <span class='ocrx_word' id='word_1_461' title='bbox 906 3618 1223 3686; x_wconf 79' lang='lat' dir='ltr'><strong>particime</strong></span> <span class='ocrx_word' id='word_1_462' title='bbox 1259 3619 1371 3672; x_wconf 83' lang='lat' dir='ltr'><strong>lieri</strong></span> <span class='ocrx_word' id='word_1_463' title='bbox 1404 3631 1651 3688; x_wconf 80' lang='lat' dir='ltr'><strong>cuperet,</strong></span> <span class='ocrx_word' id='word_1_464' title='bbox 1685 3619 1806 3674; x_wconf 80' lang='lat' dir='ltr'><strong>ideo</strong></span> <span class='ocrx_word' id='word_1_465' title='bbox 1848 3618 2045 3674; x_wconf 88' lang='lat' dir='ltr'><strong>Salva-</strong></span> 
     </span>
    </p>
   </div>
   <div class='ocr_carea' id='block_1_67' title="bbox 469 3707 2048 3779">
    <p class='ocr_par' dir='ltr' id='par_1_67' title="bbox 469 3707 2048 3779">
     <span class='ocr_line' id='line_1_67' title="bbox 469 3707 2048 3779; baseline 0.002 -16"><span class='ocrx_word' id='word_1_466' title='bbox 469 3719 555 3763; x_wconf 91' lang='lat' dir='ltr'><strong>tor</strong></span> <span class='ocrx_word' id='word_1_467' title='bbox 578 3710 672 3779; x_wconf 92' lang='lat' dir='ltr'><strong>qui</strong></span> <span class='ocrx_word' id='word_1_468' title='bbox 709 3717 764 3762; x_wconf 94' lang='lat' dir='ltr'><strong>et</strong></span> <span class='ocrx_word' id='word_1_469' title='bbox 812 3708 951 3762; x_wconf 84' lang='lat' dir='ltr'><strong>alios</strong></span> <span class='ocrx_word' id='word_1_470' title='bbox 996 3708 1064 3761; x_wconf 90' lang='lat' dir='ltr'><strong>ab</strong></span> <span class='ocrx_word' id='word_1_471' title='bbox 1094 3707 1262 3760; x_wconf 89' lang='lat' dir='ltr'><strong>animi</strong></span> <span class='ocrx_word' id='word_1_472' title='bbox 1309 3709 1702 3778; x_wconf 89' lang='lat' dir='ltr'><strong>cupiditatibus</strong></span> <span class='ocrx_word' id='word_1_473' title='bbox 1739 3711 1965 3766; x_wconf 88' lang='lat' dir='ltr'><strong>mundat</strong></span> <span class='ocrx_word' id='word_1_474' title='bbox 1993 3722 2048 3767; x_wconf 87' lang='lat' dir='ltr'><strong>et</strong></span> 
     </span>
    </p>
   </div>
   <div class='ocr_carea' id='block_1_68' title="bbox 469 3800 2044 3874">
    <p class='ocr_par' dir='ltr' id='par_1_68' title="bbox 469 3800 2044 3874">
     <span class='ocr_line' id='line_1_68' title="bbox 469 3800 2044 3874; baseline 0.002 -18"><span class='ocrx_word' id='word_1_475' title='bbox 469 3802 666 3857; x_wconf 91' lang='lat' dir='ltr'><strong>talibus</strong></span> <span class='ocrx_word' id='word_1_476' title='bbox 690 3808 916 3854; x_wconf 87' lang='lat' dir='ltr'><strong>matrem</strong></span> <span class='ocrx_word' id='word_1_477' title='bbox 949 3800 1358 3856; x_wconf 74' lang='lat' dir='ltr'><strong>infirmitatibus</strong></span> <span class='ocrx_word' id='word_1_478' title='bbox 1383 3801 1594 3869; x_wconf 89' lang='lat' dir='ltr'><strong>eripere</strong></span> <span class='ocrx_word' id='word_1_479' title='bbox 1626 3802 1859 3868; x_wconf 81' lang='lat' dir='ltr'><strong>volebat,</strong></span> <span class='ocrx_word' id='word_1_480' title='bbox 1888 3806 2044 3874; x_wconf 88' lang='lat' dir='ltr'><strong>quasi</strong></span> 
     </span>
    </p>
   </div>
   <div class='ocr_carea' id='block_1_69' title="bbox 465 3893 2048 3962">
    <p class='ocr_par' dir='ltr' id='par_1_69' title="bbox 465 3893 2048 3962">
     <span class='ocr_line' id='line_1_69' title="bbox 465 3893 2048 3962; baseline 0.002 -14"><span class='ocrx_word' id='word_1_481' title='bbox 465 3894 868 3962; x_wconf 90' lang='lat' dir='ltr'><strong>vituperatione</strong></span> <span class='ocrx_word' id='word_1_482' title='bbox 903 3893 1116 3958; x_wconf 88' lang='lat' dir='ltr'><strong>plenam</strong></span> <span class='ocrx_word' id='word_1_483' title='bbox 1150 3894 1335 3948; x_wconf 86' lang='lat' dir='ltr'><strong>emisit</strong></span> <span class='ocrx_word' id='word_1_484' title='bbox 1363 3907 1574 3957; x_wconf 89' lang='lat' dir='ltr'><strong>vocem,</strong></span> <span class='ocrx_word' id='word_1_485' title='bbox 1602 3894 1828 3952; x_wconf 90' lang='lat' dir='ltr'><strong>dicens:</strong></span> <span class='ocrx_word' id='word_1_486' title='bbox 1871 3915 1887 3947; x_wconf 82' lang='grc' dir='ltr'><strong>ι</strong></span> <span class='ocrx_word' id='word_1_487' title='bbox 1915 3897 2048 3962; x_wconf 76' lang='lat' dir='ltr'><strong>Quae</strong></span> 
     </span>
    </p>
   </div>
   <div class='ocr_carea' id='block_1_70' title="bbox 465 3979 2046 4050">
    <p class='ocr_par' dir='ltr' id='par_1_70' title="bbox 465 3979 2046 4050">
     <span class='ocr_line' id='line_1_70' title="bbox 465 3979 2046 4050; baseline 0.001 -12"><span class='ocrx_word' id='word_1_488' title='bbox 465 3993 547 4038; x_wconf 86' lang='lat' dir='ltr'><strong>est</strong></span> <span class='ocrx_word' id='word_1_489' title='bbox 586 3992 761 4036; x_wconf 89' lang='lat' dir='ltr'><strong>mater</strong></span> <span class='ocrx_word' id='word_1_490' title='bbox 803 3996 943 4047; x_wconf 86' lang='lat' dir='ltr'><strong>mea,</strong></span> <span class='ocrx_word' id='word_1_491' title='bbox 993 3991 1047 4034; x_wconf 91' lang='lat' dir='ltr'><strong>et</strong></span> <span class='ocrx_word' id='word_1_492' title='bbox 1087 3981 1178 4050; x_wconf 88' lang='lat' dir='ltr'><strong>qui</strong></span> <span class='ocrx_word' id='word_1_493' title='bbox 1211 3989 1341 4035; x_wconf 91' lang='lat' dir='ltr'><strong>sunt</strong></span> <span class='ocrx_word' id='word_1_494' title='bbox 1373 3979 1574 4037; x_wconf 82' lang='lat' dir='ltr'><strong>fratres</strong></span> <span class='ocrx_word' id='word_1_495' title='bbox 1612 3983 1761 4037; x_wconf 88' lang='lat' dir='ltr'><strong>mei?</strong></span> <span class='ocrx_word' id='word_1_496' title='bbox 1799 4003 1817 4035; x_wconf 80' lang='grc' dir='ltr'><strong>ι</strong></span> <span class='ocrx_word' id='word_1_497' title='bbox 1862 3983 1970 4039; x_wconf 88' lang='lat' dir='ltr'><strong>Sed</strong></span> <span class='ocrx_word' id='word_1_498' title='bbox 1999 3985 2046 4040; x_wconf 90' lang='lat' dir='ltr'><strong>si</strong></span> 
     </span>
    </p>
   </div>
   <div class='ocr_carea' id='block_1_71' title="bbox 467 4075 2047 4147">
    <p class='ocr_par' dir='ltr' id='par_1_71' title="bbox 467 4075 2047 4147">
     <span class='ocr_line' id='line_1_71' title="bbox 467 4075 2047 4147; baseline -0.001 -15"><span class='ocrx_word' id='word_1_499' title='bbox 467 4077 542 4132; x_wconf 92' lang='lat' dir='ltr'><strong>illi</strong></span> <span class='ocrx_word' id='word_1_500' title='bbox 570 4077 768 4147; x_wconf 87' lang='lat' dir='ltr'><strong>quibus</strong></span> <span class='ocrx_word' id='word_1_501' title='bbox 812 4091 875 4130; x_wconf 90' lang='lat' dir='ltr'><strong>ea</strong></span> <span class='ocrx_word' id='word_1_502' title='bbox 923 4075 1108 4129; x_wconf 88' lang='lat' dir='ltr'><strong>dicere</strong></span> <span class='ocrx_word' id='word_1_503' title='bbox 1155 4075 1206 4127; x_wconf 92' lang='lat' dir='ltr'><strong>in</strong></span> <span class='ocrx_word' id='word_1_504' title='bbox 1241 4083 1476 4129; x_wconf 90' lang='lat' dir='ltr'><strong>mentem</strong></span> <span class='ocrx_word' id='word_1_505' title='bbox 1517 4077 1664 4130; x_wconf 90' lang='lat' dir='ltr'><strong>venit</strong></span> <span class='ocrx_word' id='word_1_506' title='bbox 1695 4085 1750 4130; x_wconf 91' lang='lat' dir='ltr'><strong>et</strong></span> <span class='ocrx_word' id='word_1_507' title='bbox 1783 4091 1812 4130; x_wconf 91' lang='lat' dir='ltr'><strong>a</strong></span> <span class='ocrx_word' id='word_1_508' title='bbox 1848 4077 2047 4146; x_wconf 88' lang='lat' dir='ltr'><strong>quibus</strong></span> 
     </span>
    </p>
   </div>
   <div class='ocr_carea' id='block_1_72' title="bbox 467 4169 2042 4239">
    <p class='ocr_par' dir='ltr' id='par_1_72' title="bbox 467 4169 2042 4239">
     <span class='ocr_line' id='line_1_72' title="bbox 467 4169 2042 4239; baseline -0.001 -14"><span class='ocrx_word' id='word_1_509' title='bbox 467 4173 646 4239; x_wconf 77' lang='lat' dir='ltr'><strong>reipsa</strong></span> <span class='ocrx_word' id='word_1_510' title='bbox 683 4172 768 4224; x_wconf 87' lang='lat' dir='ltr'><strong>dic</strong></span> <span class='ocrx_word' id='word_1_511' title='bbox 797 4185 825 4222; x_wconf 88' lang='lat' dir='ltr'><strong>a</strong></span> <span class='ocrx_word' id='word_1_512' title='bbox 853 4178 1002 4228; x_wconf 91' lang='lat' dir='ltr'><strong>sunt,</strong></span> <span class='ocrx_word' id='word_1_513' title='bbox 1034 4177 1350 4222; x_wconf 78' lang='lat' dir='ltr'><strong>contextum</strong></span> <span class='ocrx_word' id='word_1_514' title='bbox 1379 4169 1618 4222; x_wconf 82' lang='lat' dir='ltr'><strong>examini</strong></span> <span class='ocrx_word' id='word_1_515' title='bbox 1659 4169 2042 4239; x_wconf 87' lang='lat' dir='ltr'><strong>subjecissent,</strong></span> 
     </span>
    </p>
   </div>
   <div class='ocr_carea' id='block_1_73' title="bbox 469 4262 2049 4319">
    <p class='ocr_par' dir='ltr' id='par_1_73' title="bbox 469 4262 2049 4319">
     <span class='ocr_line' id='line_1_73' title="bbox 469 4262 2049 4319; baseline 0.001 -2"><span class='ocrx_word' id='word_1_516' title='bbox 469 4263 994 4319; x_wconf 76' lang='lat' dir='ltr'><strong>animadvertissent</strong></span> <span class='ocrx_word' id='word_1_517' title='bbox 1044 4274 1275 4316; x_wconf 89' lang='lat' dir='ltr'><strong>matrem</strong></span> <span class='ocrx_word' id='word_1_518' title='bbox 1320 4262 1456 4316; x_wconf 84' lang='lat' dir='ltr'><strong>nihil</strong></span> <span class='ocrx_word' id='word_1_519' title='bbox 1491 4263 1598 4316; x_wconf 86' lang='lat' dir='ltr'><strong>tale</strong></span> <span class='ocrx_word' id='word_1_520' title='bbox 1622 4264 1914 4317; x_wconf 85' lang='lat' dir='ltr'><strong>ostendere</strong></span> <span class='ocrx_word' id='word_1_521' title='bbox 1947 4279 2049 4318; x_wconf 92' lang='lat' dir='ltr'><strong>nec</strong></span> 
     </span>
    </p>
   </div>
   <div class='ocr_carea' id='block_1_74' title="bbox 469 4352 2046 4427">
    <p class='ocr_par' dir='ltr' id='par_1_74' title="bbox 469 4352 2046 4427">
     <span class='ocr_line' id='line_1_74' title="bbox 469 4352 2046 4427; baseline -0.003 -15"><span class='ocrx_word' id='word_1_522' title='bbox 469 4360 764 4427; x_wconf 87' lang='lat' dir='ltr'><strong>superbum</strong></span> <span class='ocrx_word' id='word_1_523' title='bbox 797 4371 906 4425; x_wconf 68' lang='lat' dir='ltr'><strong>pra:</strong></span> <span class='ocrx_word' id='word_1_524' title='bbox 938 4370 997 4408; x_wconf 76' lang='lat' dir='ltr'><strong>se.</strong></span> <span class='ocrx_word' id='word_1_525' title='bbox 1025 4354 1268 4407; x_wconf 89' lang='lat' dir='ltr'><strong>animum</strong></span> <span class='ocrx_word' id='word_1_526' title='bbox 1311 4368 1523 4423; x_wconf 78' lang='lat' dir='ltr'><strong>gerere.</strong></span> <span class='ocrx_word' id='word_1_527' title='bbox 1551 4352 1667 4408; x_wconf 83' lang='lat' dir='ltr'><strong>Non</strong></span> <span class='ocrx_word' id='word_1_528' title='bbox 1704 4354 1872 4418; x_wconf 90' lang='lat' dir='ltr'><strong>enim,</strong></span> <span class='ocrx_word' id='word_1_529' title='bbox 1909 4355 2046 4408; x_wconf 84' lang='lat' dir='ltr'><strong>Filio</strong></span> 
     </span>
    </p>
   </div>
   <div class='ocr_carea' id='block_1_75' title="bbox 2149 3245 3712 3320">
    <p class='ocr_par' dir='ltr' id='par_1_75' title="bbox 2149 3245 3712 3320">
     <span class='ocr_line' id='line_1_75' title="bbox 2149 3245 3712 3320; baseline -0.009 -12"><span class='ocrx_word' id='word_1_530' title='bbox 2149 3254 2238 3308; x_wconf 92' lang='grc' dir='ltr'><strong>νόν</strong></span> <span class='ocrx_word' id='word_1_531' title='bbox 2267 3271 2320 3306; x_wconf 90' lang='grc' dir='ltr'><strong>τι</strong></span> <span class='ocrx_word' id='word_1_532' title='bbox 2352 3251 2600 3306; x_wconf 76' lang='grc' dir='ltr'>παθοῦσα</span> <span class='ocrx_word' id='word_1_533' title='bbox 2626 3251 3027 3320; x_wconf 86' lang='grc' dir='ltr'>ἐπεσεμνύνετο</span> <span class='ocrx_word' id='word_1_534' title='bbox 3061 3247 3160 3319; x_wconf 84' lang='grc' dir='ltr'>μὲν</span> <span class='ocrx_word' id='word_1_535' title='bbox 3209 3247 3288 3318; x_wconf 84' lang='grc' dir='ltr'>τῷ</span> <span class='ocrx_word' id='word_1_536' title='bbox 3315 3247 3480 3302; x_wconf 74' lang='grc' dir='ltr'>Παιδὶ</span> <span class='ocrx_word' id='word_1_537' title='bbox 3503 3289 3518 3311; x_wconf 93' lang='grc'><strong>,</strong></span> <span class='ocrx_word' id='word_1_538' title='bbox 3551 3245 3712 3315; x_wconf 73' lang='grc' dir='ltr'>ἐζήτει</span> 
     </span>
    </p>
   </div>
   <div class='ocr_carea' id='block_1_76' title="bbox 2145 3337 3710 3417">
    <p class='ocr_par' dir='ltr' id='par_1_76' title="bbox 2145 3337 3710 3417">
     <span class='ocr_line' id='line_1_76' title="bbox 2145 3337 3710 3417; baseline -0.01 -17"><span class='ocrx_word' id='word_1_539' title='bbox 2145 3346 2204 3400; x_wconf 82' lang='grc' dir='ltr'>δὲ</span> <span class='ocrx_word' id='word_1_540' title='bbox 2229 3344 2712 3417; x_wconf 80' lang='grc' dir='ltr'>παρῤησιασθῆναι</span> <span class='ocrx_word' id='word_1_541' title='bbox 2741 3342 2836 3395; x_wconf 74' lang='grc' dir='ltr'>καὶ</span> <span class='ocrx_word' id='word_1_542' title='bbox 2862 3340 3186 3412; x_wconf 77' lang='grc' dir='ltr'>διαχυθῆναι</span> <span class='ocrx_word' id='word_1_543' title='bbox 3213 3339 3292 3410; x_wconf 82' lang='grc' dir='ltr'><strong>τῷ</strong></span> <span class='ocrx_word' id='word_1_544' title='bbox 3337 3337 3710 3407; x_wconf 81' lang='grc' dir='ltr'>ἀγαλλιάματι,</span> 
     </span>
    </p>
   </div>
   <div class='ocr_carea' id='block_1_77' title="bbox 2146 3425 3713 3507">
    <p class='ocr_par' dir='ltr' id='par_1_77' title="bbox 2146 3425 3713 3507">
     <span class='ocr_line' id='line_1_77' title="bbox 2146 3425 3713 3507; baseline -0.008 -17"><span class='ocrx_word' id='word_1_545' title='bbox 2146 3438 2226 3490; x_wconf 88' lang='grc' dir='ltr'>ὅτι</span> <span class='ocrx_word' id='word_1_546' title='bbox 2256 3435 2576 3507; x_wconf 87' lang='grc' dir='ltr'>τηλικούτου</span> <span class='ocrx_word' id='word_1_547' title='bbox 2607 3433 2806 3497; x_wconf 82' lang='grc' dir='ltr'>Παιδὸς</span> <span class='ocrx_word' id='word_1_548' title='bbox 2839 3432 3181 3504; x_wconf 83' lang='grc' dir='ltr'>ἐχρημάτισε</span> <span class='ocrx_word' id='word_1_549' title='bbox 3230 3431 3438 3500; x_wconf 81' lang='grc' dir='ltr'>Μήτηρ</span> <span class='ocrx_word' id='word_1_550' title='bbox 3461 3469 3476 3495; x_wconf 91' lang='grc'><strong>,</strong></span> <span class='ocrx_word' id='word_1_551' title='bbox 3525 3427 3614 3481; x_wconf 72' lang='grc' dir='ltr'>καὶ</span> <span class='ocrx_word' id='word_1_552' title='bbox 3640 3425 3713 3477; x_wconf 69' lang='grc' dir='ltr'>διὰ</span> 
     </span>
    </p>
   </div>
   <div class='ocr_carea' id='block_1_78' title="bbox 2147 3518 3711 3599">
    <p class='ocr_par' dir='ltr' id='par_1_78' title="bbox 2147 3518 3711 3599">
     <span class='ocr_line' id='line_1_78' title="bbox 2147 3518 3711 3599; baseline -0.008 -17"><span class='ocrx_word' id='word_1_553' title='bbox 2147 3529 2309 3583; x_wconf 90' lang='grc' dir='ltr'>τοῦτο</span> <span class='ocrx_word' id='word_1_554' title='bbox 2340 3527 2568 3599; x_wconf 84' lang='grc' dir='ltr'>προσῄει</span> <span class='ocrx_word' id='word_1_555' title='bbox 2613 3527 2960 3588; x_wconf 79' lang='grc' dir='ltr'>διδάσκοντος</span> <span class='ocrx_word' id='word_1_556' title='bbox 3007 3524 3101 3577; x_wconf 91' lang='grc' dir='ltr'><strong>τοῦ</strong></span> <span class='ocrx_word' id='word_1_557' title='bbox 3133 3522 3299 3577; x_wconf 76' lang='grc' dir='ltr'>Υίοῦο</span> <span class='ocrx_word' id='word_1_558' title='bbox 3357 3523 3456 3576; x_wconf 75' lang='grc' dir='ltr'><strong>καὶ</strong></span> <span class='ocrx_word' id='word_1_559' title='bbox 3484 3522 3557 3584; x_wconf 84' lang='grc' dir='ltr'>ὡς</span> <span class='ocrx_word' id='word_1_560' title='bbox 3585 3518 3711 3577; x_wconf 68' lang='grc' dir='ltr'>εἰκὸς</span> 
     </span>
    </p>
   </div>
   <div class='ocr_carea' id='block_1_79' title="bbox 2147 3607 3711 3690">
    <p class='ocr_par' dir='ltr' id='par_1_79' title="bbox 2147 3607 3711 3690">
     <span class='ocr_line' id='line_1_79' title="bbox 2147 3607 3711 3690; baseline -0.008 -19"><span class='ocrx_word' id='word_1_561' title='bbox 2147 3622 2213 3690; x_wconf 83' lang='grc' dir='ltr'>τῇ</span> <span class='ocrx_word' id='word_1_562' title='bbox 2261 3619 2580 3688; x_wconf 75' lang='grc' dir='ltr'>διδασκαλίᾳ</span> <span class='ocrx_word' id='word_1_563' title='bbox 2623 3615 2986 3685; x_wconf 79' lang='grc' dir='ltr'>δοξαζομένου</span> <span class='ocrx_word' id='word_1_564' title='bbox 3020 3613 3454 3683; x_wconf 81' lang='grc' dir='ltr'>συνδοξασθῆναι</span> <span class='ocrx_word' id='word_1_565' title='bbox 3507 3612 3596 3664; x_wconf 74' lang='grc' dir='ltr'><strong>καὶ</strong></span> <span class='ocrx_word' id='word_1_566' title='bbox 3634 3607 3711 3660; x_wconf 69' lang='grc' dir='ltr'>τὸν</span> 
     </span>
    </p>
   </div>
   <div class='ocr_carea' id='block_1_80' title="bbox 2147 3699 3711 3780">
    <p class='ocr_par' dir='ltr' id='par_1_80' title="bbox 2147 3699 3711 3780">
     <span class='ocr_line' id='line_1_80' title="bbox 2147 3699 3711 3780; baseline -0.007 -17"><span class='ocrx_word' id='word_1_567' title='bbox 2147 3711 2370 3764; x_wconf 73' lang='grc' dir='ltr'>ἔπαινον</span> <span class='ocrx_word' id='word_1_568' title='bbox 2405 3706 2886 3780; x_wconf 86' lang='grc' dir='ltr'>συμμερίσασθαι·</span> <span class='ocrx_word' id='word_1_569' title='bbox 2917 3705 3001 3759; x_wconf 82' lang='grc' dir='ltr'><strong>διὸ</strong></span> <span class='ocrx_word' id='word_1_570' title='bbox 3035 3707 3128 3758; x_wconf 77' lang='grc' dir='ltr'>καὶ</span> <span class='ocrx_word' id='word_1_571' title='bbox 3162 3704 3353 3775; x_wconf 76' lang='grc' dir='ltr'>Σωτὴρ</span> <span class='ocrx_word' id='word_1_572' title='bbox 3409 3704 3509 3756; x_wconf 78' lang='grc' dir='ltr'><strong>καὶ</strong></span> <span class='ocrx_word' id='word_1_573' title='bbox 3541 3703 3569 3754; x_wconf 90' lang='grc' dir='ltr'><strong>ό</strong></span> <span class='ocrx_word' id='word_1_574' title='bbox 3603 3699 3711 3759; x_wconf 73' lang='grc' dir='ltr'>τοὺς</span> 
     </span>
    </p>
   </div>
   <div class='ocr_carea' id='block_1_81' title="bbox 2149 3793 3710 3870">
    <p class='ocr_par' dir='ltr' id='par_1_81' title="bbox 2149 3793 3710 3870">
     <span class='ocr_line' id='line_1_81' title="bbox 2149 3793 3710 3870; baseline -0.008 -15"><span class='ocrx_word' id='word_1_575' title='bbox 2149 3802 2344 3865; x_wconf 80' lang='grc' dir='ltr'>ἄλλους</span> <span class='ocrx_word' id='word_1_576' title='bbox 2394 3800 2786 3870; x_wconf 85' lang='grc' dir='ltr'>ἀποκαθαίρων</span> <span class='ocrx_word' id='word_1_577' title='bbox 2819 3800 2929 3852; x_wconf 88' lang='grc' dir='ltr'><strong>τῶν</strong></span> <span class='ocrx_word' id='word_1_578' title='bbox 2976 3797 3225 3868; x_wconf 78' lang='grc' dir='ltr'>ψυχικῶν</span> <span class='ocrx_word' id='word_1_579' title='bbox 3278 3796 3472 3852; x_wconf 88' lang='grc' dir='ltr'>παθῶν</span> <span class='ocrx_word' id='word_1_580' title='bbox 3511 3795 3599 3848; x_wconf 76' lang='grc' dir='ltr'><strong>καὶ</strong></span> <span class='ocrx_word' id='word_1_581' title='bbox 3627 3793 3710 3858; x_wconf 83' lang='grc' dir='ltr'>τὴν</span> 
     </span>
    </p>
   </div>
   <div class='ocr_carea' id='block_1_82' title="bbox 2147 3889 3708 3966">
    <p class='ocr_par' dir='ltr' id='par_1_82' title="bbox 2147 3889 3708 3966">
     <span class='ocr_line' id='line_1_82' title="bbox 2147 3889 3708 3966; baseline -0.008 -17"><span class='ocrx_word' id='word_1_582' title='bbox 2147 3895 2380 3966; x_wconf 81' lang='grc' dir='ltr'>Μητέρα</span> <span class='ocrx_word' id='word_1_583' title='bbox 2431 3896 2540 3948; x_wconf 89' lang='grc' dir='ltr'><strong>τῶν</strong></span> <span class='ocrx_word' id='word_1_584' title='bbox 2585 3893 2846 3947; x_wconf 86' lang='grc' dir='ltr'>τοιούτων</span> <span class='ocrx_word' id='word_1_585' title='bbox 2879 3892 3242 3945; x_wconf 76' lang='grc' dir='ltr'>ἀπαλλάττειν</span> <span class='ocrx_word' id='word_1_586' title='bbox 3299 3889 3472 3943; x_wconf 86' lang='grc' dir='ltr'>θέλων</span> <span class='ocrx_word' id='word_1_587' title='bbox 3499 3889 3708 3941; x_wconf 80' lang='grc' dir='ltr'>ἐλαττω-</span> 
     </span>
    </p>
   </div>
   <div class='ocr_carea' id='block_1_83' title="bbox 2153 3977 3708 4060">
    <p class='ocr_par' dir='ltr' id='par_1_83' title="bbox 2153 3977 3708 4060">
     <span class='ocr_line' id='line_1_83' title="bbox 2153 3977 3708 4060; baseline -0.008 -18"><span class='ocrx_word' id='word_1_588' title='bbox 2153 3989 2360 4060; x_wconf 84' lang='grc' dir='ltr'>μάτων,</span> <span class='ocrx_word' id='word_1_589' title='bbox 2388 3987 2543 4054; x_wconf 81' lang='grc' dir='ltr'>τάξιν</span> <span class='ocrx_word' id='word_1_590' title='bbox 2579 3987 2950 4056; x_wconf 82' lang='grc' dir='ltr'>ἐπιτιμήσεως</span> <span class='ocrx_word' id='word_1_591' title='bbox 2976 3984 3281 4053; x_wconf 79' lang='grc' dir='ltr'>ἐπέχουσαν</span> <span class='ocrx_word' id='word_1_592' title='bbox 3312 3983 3496 4052; x_wconf 81' lang='grc' dir='ltr'>άφῆκε</span> <span class='ocrx_word' id='word_1_593' title='bbox 3520 3979 3610 4050; x_wconf 82' lang='grc' dir='ltr'>τὴν</span> <span class='ocrx_word' id='word_1_594' title='bbox 3633 3977 3708 4029; x_wconf 81' lang='grc' dir='ltr'>λέ-</span> 
     </span>
    </p>
   </div>
   <div class='ocr_carea' id='block_1_84' title="bbox 2149 4073 3707 4152">
    <p class='ocr_par' dir='ltr' id='par_1_84' title="bbox 2149 4073 3707 4152">
     <span class='ocr_line' id='line_1_84' title="bbox 2149 4073 3707 4152; baseline -0.008 -17"><span class='ocrx_word' id='word_1_595' title='bbox 2149 4098 2352 4151; x_wconf 87' lang='grc' dir='ltr'>γουσαν</span> <span class='ocrx_word' id='word_1_596' title='bbox 2386 4083 2595 4152; x_wconf 72' lang='grc' dir='ltr'>φωνήψ</span> <span class='ocrx_word' id='word_1_597' title='bbox 2630 4100 2648 4132; x_wconf 81' lang='grc' dir='ltr'><strong>ι</strong></span> <span class='ocrx_word' id='word_1_598' title='bbox 2685 4079 2782 4143; x_wconf 81' lang='grc' dir='ltr'>Τίς</span> <span class='ocrx_word' id='word_1_599' title='bbox 2811 4081 2959 4132; x_wconf 85' lang='grc' dir='ltr'>ἐστιν</span> <span class='ocrx_word' id='word_1_600' title='bbox 2987 4080 3022 4149; x_wconf 82' lang='grc' dir='ltr'><strong>ἡ</strong></span> <span class='ocrx_word' id='word_1_601' title='bbox 3050 4079 3249 4148; x_wconf 79' lang='grc' dir='ltr'>Μήτηρ</span> <span class='ocrx_word' id='word_1_602' title='bbox 3289 4094 3414 4147; x_wconf 89' lang='grc' dir='ltr'>μου,</span> <span class='ocrx_word' id='word_1_603' title='bbox 3454 4074 3547 4130; x_wconf 83' lang='grc' dir='ltr'>καὶ</span> <span class='ocrx_word' id='word_1_604' title='bbox 3584 4073 3707 4131; x_wconf 81' lang='grc' dir='ltr'>τίνες</span> 
     </span>
    </p>
   </div>
   <div class='ocr_carea' id='block_1_85' title="bbox 2149 4164 3706 4244">
    <p class='ocr_par' dir='ltr' id='par_1_85' title="bbox 2149 4164 3706 4244">
     <span class='ocr_line' id='line_1_85' title="bbox 2149 4164 3706 4244; baseline -0.008 -16"><span class='ocrx_word' id='word_1_605' title='bbox 2149 4177 2198 4229; x_wconf 90' lang='grc' dir='ltr'>οἱ</span> <span class='ocrx_word' id='word_1_606' title='bbox 2249 4175 2470 4243; x_wconf 85' lang='grc' dir='ltr'>ἀδελφοί</span> <span class='ocrx_word' id='word_1_607' title='bbox 2505 4189 2642 4244; x_wconf 91' lang='grc' dir='ltr'>μου;</span> <span class='ocrx_word' id='word_1_608' title='bbox 2680 4191 2698 4224; x_wconf 76' lang='grc' dir='ltr'><strong>ι</strong></span> <span class='ocrx_word' id='word_1_609' title='bbox 2743 4173 2888 4226; x_wconf 79' lang='grc' dir='ltr'>Ἀλλ’</span> <span class='ocrx_word' id='word_1_610' title='bbox 2913 4166 2995 4236; x_wconf 77' lang='grc' dir='ltr'>οἷς</span> <span class='ocrx_word' id='word_1_611' title='bbox 3029 4171 3129 4241; x_wconf 88' lang='grc' dir='ltr'><strong>μέν</strong></span> <span class='ocrx_word' id='word_1_612' title='bbox 3172 4169 3408 4239; x_wconf 80' lang='grc' dir='ltr'>ἐπῆλθεν</span> <span class='ocrx_word' id='word_1_613' title='bbox 3459 4167 3620 4222; x_wconf 87' lang='grc' dir='ltr'>ταῦτα</span> <span class='ocrx_word' id='word_1_614' title='bbox 3644 4164 3706 4216; x_wconf 85' lang='grc' dir='ltr'><strong>εἰ·</strong></span> 
     </span>
    </p>
   </div>
   <div class='ocr_carea' id='block_1_86' title="bbox 2151 4259 3705 4337">
    <p class='ocr_par' dir='ltr' id='par_1_86' title="bbox 2151 4259 3705 4337">
     <span class='ocr_line' id='line_1_86' title="bbox 2151 4259 3705 4337; baseline -0.008 -17"><span class='ocrx_word' id='word_1_615' title='bbox 2151 4270 2295 4334; x_wconf 85' lang='grc' dir='ltr'>πεῖν,</span> <span class='ocrx_word' id='word_1_616' title='bbox 2349 4267 2444 4320; x_wconf 84' lang='grc' dir='ltr'><strong>καί</strong></span> <span class='ocrx_word' id='word_1_617' title='bbox 2472 4283 2536 4335; x_wconf 89' lang='grc' dir='ltr'><strong>γε</strong></span> <span class='ocrx_word' id='word_1_618' title='bbox 2565 4267 2781 4337; x_wconf 75' lang='grc' dir='ltr'>εἴρηται</span> <span class='ocrx_word' id='word_1_619' title='bbox 2819 4267 2852 4336; x_wconf 88' lang='grc' dir='ltr'><strong>ή</strong></span> <span class='ocrx_word' id='word_1_620' title='bbox 2879 4265 2934 4318; x_wconf 79' lang='grc' dir='ltr'>δὲ</span> <span class='ocrx_word' id='word_1_621' title='bbox 2959 4266 3059 4334; x_wconf 85' lang='grc' dir='ltr'>τῆς</span> <span class='ocrx_word' id='word_1_622' title='bbox 3097 4263 3422 4325; x_wconf 86' lang='grc' dir='ltr'>ἀκολουθίας</span> <span class='ocrx_word' id='word_1_623' title='bbox 3458 4259 3705 4324; x_wconf 79' lang='grc' dir='ltr'>συνεξέτα-</span> 
     </span>
    </p>
   </div>
   <div class='ocr_carea' id='block_1_87' title="bbox 2153 4350 3706 4428">
    <p class='ocr_par' dir='ltr' id='par_1_87' title="bbox 2153 4350 3706 4428">
     <span class='ocr_line' id='line_1_87' title="bbox 2153 4350 3706 4428; baseline -0.008 -16"><span class='ocrx_word' id='word_1_624' title='bbox 2153 4377 2261 4422; x_wconf 88' lang='grc' dir='ltr'>σις,</span> <span class='ocrx_word' id='word_1_625' title='bbox 2281 4359 2500 4428; x_wconf 85' lang='grc' dir='ltr'>πρῶτον</span> <span class='ocrx_word' id='word_1_626' title='bbox 2537 4358 2636 4428; x_wconf 88' lang='grc' dir='ltr'>μὲν</span> <span class='ocrx_word' id='word_1_627' title='bbox 2661 4359 2758 4426; x_wconf 87' lang='grc' dir='ltr'><strong>οὐχ</strong></span> <span class='ocrx_word' id='word_1_628' title='bbox 2787 4359 2888 4427; x_wconf 78' lang='grc' dir='ltr'><strong>ὁρᾷ</strong></span> <span class='ocrx_word' id='word_1_629' title='bbox 2914 4357 3012 4426; x_wconf 79' lang='grc' dir='ltr'><strong>τὴν</strong></span> <span class='ocrx_word' id='word_1_630' title='bbox 3044 4355 3279 4426; x_wconf 84' lang='grc' dir='ltr'>Μητέρα</span> <span class='ocrx_word' id='word_1_631' title='bbox 3308 4354 3464 4407; x_wconf 76' lang='grc' dir='ltr'>οὐδὲν</span> <span class='ocrx_word' id='word_1_632' title='bbox 3495 4350 3706 4405; x_wconf 81' lang='grc' dir='ltr'>τοιοῦτον</span> 
     </span>
    </p>
   </div>
   <div class='ocr_carea' id='block_1_88' title="bbox 469 4442 2042 4532">
    <p class='ocr_par' dir='ltr' id='par_1_88' title="bbox 469 4447 2042 4517">
     <span class='ocr_line' id='line_1_88' title="bbox 469 4447 2042 4517; baseline 0.001 -17"><span class='ocrx_word' id='word_1_633' title='bbox 469 4450 717 4513; x_wconf 88' lang='lat' dir='ltr'><strong>docente,</strong></span> <span class='ocrx_word' id='word_1_634' title='bbox 744 4449 858 4517; x_wconf 84' lang='lat' dir='ltr'><strong>ipsa</strong></span> <span class='ocrx_word' id='word_1_635' title='bbox 889 4449 1080 4502; x_wconf 89' lang='lat' dir='ltr'><strong>nuntia</strong></span> <span class='ocrx_word' id='word_1_636' title='bbox 1100 4447 1342 4513; x_wconf 85' lang='lat' dir='ltr'><strong>advenit,</strong></span> <span class='ocrx_word' id='word_1_637' title='bbox 1368 4463 1466 4501; x_wconf 90' lang='lat' dir='ltr'><strong>nec</strong></span> <span class='ocrx_word' id='word_1_638' title='bbox 1490 4448 1542 4501; x_wconf 91' lang='lat' dir='ltr'><strong>in</strong></span> <span class='ocrx_word' id='word_1_639' title='bbox 1569 4447 1808 4503; x_wconf 90' lang='lat' dir='ltr'><strong>medium</strong></span> <span class='ocrx_word' id='word_1_640' title='bbox 1842 4459 2042 4503; x_wconf 71' lang='lat' dir='ltr'><strong>coetum</strong></span> 
     </span>
    </p>
   </div>
   <div class='ocr_carea' id='block_1_89' title="bbox 2149 4442 3703 4532">
    <p class='ocr_par' dir='ltr' id='par_1_89' title="bbox 2153 4442 3703 4516">
     <span class='ocr_line' id='line_1_89' title="bbox 2153 4442 3703 4516; baseline -0.005 -18"><span class='ocrx_word' id='word_1_641' title='bbox 2153 4446 2601 4516; x_wconf 86' lang='grc' dir='ltr'>ἐπιδεικνυμένην</span> <span class='ocrx_word' id='word_1_642' title='bbox 2682 4446 2800 4499; x_wconf 81' lang='grc' dir='ltr'>οὐδὲ</span> <span class='ocrx_word' id='word_1_643' title='bbox 2853 4444 3087 4516; x_wconf 83' lang='grc' dir='ltr'>σοϐαρὸν</span> <span class='ocrx_word' id='word_1_644' title='bbox 3133 4446 3408 4515; x_wconf 80' lang='grc' dir='ltr'>φέρουσαν</span> <span class='ocrx_word' id='word_1_645' title='bbox 3459 4442 3703 4514; x_wconf 82' lang='grc' dir='ltr'>φρόνημα.</span> 
     </span>
    </p>
   </div>
   <div class='ocr_carea' id='block_1_90' title="bbox 470 4539 2045 4612">
    <p class='ocr_par' dir='ltr' id='par_1_90' title="bbox 470 4539 2045 4612">
     <span class='ocr_line' id='line_1_90' title="bbox 470 4539 2045 4612; baseline -0.003 -15"><span class='ocrx_word' id='word_1_646' title='bbox 470 4541 814 4612; x_wconf 90' lang='lat' dir='ltr'><strong>supervenit;</strong></span> <span class='ocrx_word' id='word_1_647' title='bbox 863 4555 1040 4609; x_wconf 90' lang='lat' dir='ltr'><strong>neque</strong></span> <span class='ocrx_word' id='word_1_648' title='bbox 1081 4539 1330 4593; x_wconf 86' lang='lat' dir='ltr'><strong>docentis</strong></span> <span class='ocrx_word' id='word_1_649' title='bbox 1377 4552 1684 4593; x_wconf 89' lang='lat' dir='ltr'><strong>sermonem</strong></span> <span class='ocrx_word' id='word_1_650' title='bbox 1732 4539 2045 4608; x_wconf 81' lang='lat' dir='ltr'><strong>interrupit,</strong></span> 
     </span>
    </p>
   </div>
   <div class='ocr_carea' id='block_1_91' title="bbox 471 4630 2045 4704">
    <p class='ocr_par' dir='ltr' id='par_1_91' title="bbox 471 4630 2045 4704">
     <span class='ocr_line' id='line_1_91' title="bbox 471 4630 2045 4704; baseline -0.002 -17"><span class='ocrx_word' id='word_1_651' title='bbox 471 4650 646 4704; x_wconf 89' lang='lat' dir='ltr'><strong>neque</strong></span> <span class='ocrx_word' id='word_1_652' title='bbox 699 4633 997 4702; x_wconf 87' lang='lat' dir='ltr'><strong>quidquam</strong></span> <span class='ocrx_word' id='word_1_653' title='bbox 1045 4633 1214 4684; x_wconf 91' lang='lat' dir='ltr'><strong>altum</strong></span> <span class='ocrx_word' id='word_1_654' title='bbox 1256 4643 1349 4684; x_wconf 85' lang='lat' dir='ltr'><strong>aut</strong></span> <span class='ocrx_word' id='word_1_655' title='bbox 1389 4631 1686 4698; x_wconf 89' lang='lat' dir='ltr'><strong>superbum</strong></span> <span class='ocrx_word' id='word_1_656' title='bbox 1729 4630 1907 4695; x_wconf 79' lang='lat' dir='ltr'><strong>dixit;</strong></span> <span class='ocrx_word' id='word_1_657' title='bbox 1951 4631 2045 4685; x_wconf 86' lang='lat' dir='ltr'><strong>sed</strong></span> 
     </span>
    </p>
   </div>
   <div class='ocr_carea' id='block_1_92' title="bbox 472 4724 2049 4790">
    <p class='ocr_par' dir='ltr' id='par_1_92' title="bbox 472 4724 2049 4790">
     <span class='ocr_line' id='line_1_92' title="bbox 472 4724 2049 4790; baseline 0 -11"><span class='ocrx_word' id='word_1_658' title='bbox 472 4726 606 4781; x_wconf 74' lang='lat' dir='ltr'><strong>foris</strong></span> <span class='ocrx_word' id='word_1_659' title='bbox 635 4725 878 4783; x_wconf 89' lang='lat' dir='ltr'><strong>modeste</strong></span> <span class='ocrx_word' id='word_1_660' title='bbox 928 4732 1102 4788; x_wconf 88' lang='lat' dir='ltr'><strong>stans,</strong></span> <span class='ocrx_word' id='word_1_661' title='bbox 1135 4739 1288 4777; x_wconf 88' lang='lat' dir='ltr'><strong>suam</strong></span> <span class='ocrx_word' id='word_1_662' title='bbox 1331 4724 1677 4790; x_wconf 71' lang='lat' dir='ltr'><strong>praesentiam</strong></span> <span class='ocrx_word' id='word_1_663' title='bbox 1724 4732 1937 4778; x_wconf 88' lang='lat' dir='ltr'><strong>tantum</strong></span> <span class='ocrx_word' id='word_1_664' title='bbox 1971 4725 2049 4779; x_wconf 90' lang='lat' dir='ltr'><strong>si-</strong></span> 
     </span>
    </p>
   </div>
   <div class='ocr_carea' id='block_1_93' title="bbox 473 4817 2052 4888">
    <p class='ocr_par' dir='ltr' id='par_1_93' title="bbox 473 4817 2052 4888">
     <span class='ocr_line' id='line_1_93' title="bbox 473 4817 2052 4888; baseline 0.002 -18"><span class='ocrx_word' id='word_1_665' title='bbox 473 4818 774 4888; x_wconf 77' lang='lat' dir='ltr'><strong>gniﬁcavit,</strong></span> <span class='ocrx_word' id='word_1_666' title='bbox 805 4833 981 4885; x_wconf 90' lang='lat' dir='ltr'><strong>neque</strong></span> <span class='ocrx_word' id='word_1_667' title='bbox 1009 4819 1173 4871; x_wconf 91' lang='lat' dir='ltr'><strong>etiam</strong></span> <span class='ocrx_word' id='word_1_668' title='bbox 1209 4817 1395 4882; x_wconf 85' lang='lat' dir='ltr'><strong>verbo,</strong></span> <span class='ocrx_word' id='word_1_669' title='bbox 1440 4817 1532 4870; x_wconf 88' lang='lat' dir='ltr'><strong>sed</strong></span> <span class='ocrx_word' id='word_1_670' title='bbox 1574 4820 1677 4871; x_wconf 84' lang='lat' dir='ltr'><strong>suo</strong></span> <span class='ocrx_word' id='word_1_671' title='bbox 1706 4826 1956 4887; x_wconf 90' lang='lat' dir='ltr'><strong>aspectu,</strong></span> <span class='ocrx_word' id='word_1_672' title='bbox 1992 4827 2052 4873; x_wconf 92' lang='lat' dir='ltr'><strong>ut</strong></span> 
     </span>
    </p>
   </div>
   <div class='ocr_carea' id='block_1_94' title="bbox 471 4909 2048 4983">
    <p class='ocr_par' dir='ltr' id='par_1_94' title="bbox 471 4909 2048 4983">
     <span class='ocr_line' id='line_1_94' title="bbox 471 4909 2048 4983; baseline -0.001 -15"><span class='ocrx_word' id='word_1_673' title='bbox 471 4914 630 4983; x_wconf 73' lang='lat' dir='ltr'><strong>signo</strong></span> <span class='ocrx_word' id='word_1_674' title='bbox 657 4923 715 4965; x_wconf 90' lang='lat' dir='ltr'><strong>ut</strong></span> <span class='ocrx_word' id='word_1_675' title='bbox 747 4911 795 4963; x_wconf 92' lang='lat' dir='ltr'><strong>id</strong></span> <span class='ocrx_word' id='word_1_676' title='bbox 833 4909 1188 4962; x_wconf 86' lang='lat' dir='ltr'><strong>annuntiaret</strong></span> <span class='ocrx_word' id='word_1_677' title='bbox 1217 4925 1313 4963; x_wconf 92' lang='lat' dir='ltr'><strong>usa</strong></span> <span class='ocrx_word' id='word_1_678' title='bbox 1358 4919 1462 4963; x_wconf 86' lang='lat' dir='ltr'><strong>est.</strong></span> <span class='ocrx_word' id='word_1_679' title='bbox 1496 4910 1780 4976; x_wconf 81' lang='lat' dir='ltr'><strong>Quomodo</strong></span> <span class='ocrx_word' id='word_1_680' title='bbox 1825 4911 1878 4965; x_wconf 91' lang='lat' dir='ltr'><strong>id</strong></span> <span class='ocrx_word' id='word_1_681' title='bbox 1931 4912 2048 4976; x_wconf 67' lang='lat' dir='ltr'><strong>glo-</strong></span> 
     </span>
    </p>
   </div>
   <div class='ocr_carea' id='block_1_95' title="bbox 471 5003 2040 5078">
    <p class='ocr_par' dir='ltr' id='par_1_95' title="bbox 471 5003 2040 5078">
     <span class='ocr_line' id='line_1_95' title="bbox 471 5003 2040 5078; baseline 0.003 -18"><span class='ocrx_word' id='word_1_682' title='bbox 471 5007 608 5060; x_wconf 82' lang='lat' dir='ltr'><strong>riam</strong></span> <span class='ocrx_word' id='word_1_683' title='bbox 639 5003 930 5058; x_wconf 86' lang='lat' dir='ltr'><strong>ambientis</strong></span> <span class='ocrx_word' id='word_1_684' title='bbox 970 5016 1138 5069; x_wconf 88' lang='lat' dir='ltr'><strong>esset,</strong></span> <span class='ocrx_word' id='word_1_685' title='bbox 1178 5006 1259 5059; x_wconf 85' lang='lat' dir='ltr'><strong>vel</strong></span> <span class='ocrx_word' id='word_1_686' title='bbox 1288 5009 1689 5063; x_wconf 85' lang='lat' dir='ltr'><strong>venerationem</strong></span> <span class='ocrx_word' id='word_1_687' title='bbox 1723 5010 2040 5078; x_wconf 68' lang='lat' dir='ltr'><strong>quaerentis,</strong></span> 
     </span>
    </p>
   </div>
   <div class='ocr_carea' id='block_1_96' title="bbox 439 5098 2046 5169">
    <p class='ocr_par' dir='ltr' id='par_1_96' title="bbox 439 5098 2046 5169">
     <span class='ocr_line' id='line_1_96' title="bbox 439 5098 2046 5169; baseline 0.007 -22"><span class='ocrx_word' id='word_1_688' title='bbox 439 5109 523 5152; x_wconf 63' lang='grc' dir='ltr'>,ιιι</span> <span class='ocrx_word' id='word_1_689' title='bbox 563 5115 629 5152; x_wconf 80' lang='lat' dir='ltr'><strong>ex</strong></span> <span class='ocrx_word' id='word_1_690' title='bbox 682 5098 777 5152; x_wconf 83' lang='lat' dir='ltr'><strong>ﬁlii</strong></span> <span class='ocrx_word' id='word_1_691' title='bbox 833 5098 1207 5167; x_wconf 78' lang='lat' dir='ltr'><strong>magnitudine</strong></span> <span class='ocrx_word' id='word_1_692' title='bbox 1264 5100 1618 5169; x_wconf 82' lang='lat' dir='ltr'><strong>superbiam?</strong></span> <span class='ocrx_word' id='word_1_693' title='bbox 1667 5104 1809 5168; x_wconf 85' lang='lat' dir='ltr'><strong>Quid</strong></span> <span class='ocrx_word' id='word_1_694' title='bbox 1866 5114 2046 5159; x_wconf 87' lang='lat' dir='ltr'><strong>autem</strong></span> 
     </span>
    </p>
   </div>
   <div class='ocr_carea' id='block_1_97' title="bbox 469 5192 2052 5261">
    <p class='ocr_par' dir='ltr' id='par_1_97' title="bbox 469 5192 2052 5261">
     <span class='ocr_line' id='line_1_97' title="bbox 469 5192 2052 5261; baseline 0.004 -15"><span class='ocrx_word' id='word_1_695' title='bbox 469 5192 615 5246; x_wconf 87' lang='lat' dir='ltr'><strong>aliud</strong></span> <span class='ocrx_word' id='word_1_696' title='bbox 644 5193 846 5260; x_wconf 79' lang='lat' dir='ltr'><strong>egisset</strong></span> <span class='ocrx_word' id='word_1_697' title='bbox 879 5207 1091 5256; x_wconf 86' lang='lat' dir='ltr'><strong>servus,</strong></span> <span class='ocrx_word' id='word_1_698' title='bbox 1120 5207 1277 5261; x_wconf 91' lang='lat' dir='ltr'><strong>quem</strong></span> <span class='ocrx_word' id='word_1_699' title='bbox 1308 5209 1405 5248; x_wconf 90' lang='lat' dir='ltr'><strong>sua</strong></span> <span class='ocrx_word' id='word_1_700' title='bbox 1436 5196 1736 5251; x_wconf 89' lang='lat' dir='ltr'><strong>necessitas</strong></span> <span class='ocrx_word' id='word_1_701' title='bbox 1765 5197 2052 5252; x_wconf 86' lang='lat' dir='ltr'><strong>invitasset</strong></span> 
     </span>
    </p>
   </div>
   <div class='ocr_carea' id='block_1_98' title="bbox 468 5284 2048 5357">
    <p class='ocr_par' dir='ltr' id='par_1_98' title="bbox 468 5284 2048 5357">
     <span class='ocr_line' id='line_1_98' title="bbox 468 5284 2048 5357; baseline 0 -15"><span class='ocrx_word' id='word_1_702' title='bbox 468 5285 522 5342; x_wconf 88' lang='lat' dir='ltr'><strong>id</strong></span> <span class='ocrx_word' id='word_1_703' title='bbox 549 5285 615 5340; x_wconf 89' lang='lat' dir='ltr'><strong>ad</strong></span> <span class='ocrx_word' id='word_1_704' title='bbox 655 5285 945 5341; x_wconf 85' lang='lat' dir='ltr'><strong>Dominum</strong></span> <span class='ocrx_word' id='word_1_705' title='bbox 979 5285 1299 5340; x_wconf 84' lang='lat' dir='ltr'><strong>clamitare?</strong></span> <span class='ocrx_word' id='word_1_706' title='bbox 1332 5284 1476 5354; x_wconf 84' lang='lat' dir='ltr'><strong>Ergo</strong></span> <span class='ocrx_word' id='word_1_707' title='bbox 1504 5301 1611 5340; x_wconf 92' lang='lat' dir='ltr'><strong>non</strong></span> <span class='ocrx_word' id='word_1_708' title='bbox 1637 5295 1756 5341; x_wconf 88' lang='lat' dir='ltr'><strong>erat</strong></span> <span class='ocrx_word' id='word_1_709' title='bbox 1785 5287 2048 5357; x_wconf 80' lang='lat' dir='ltr'><strong>objurga-</strong></span> 
     </span>
    </p>
   </div>
   <div class='ocr_carea' id='block_1_99' title="bbox 467 5375 2100 5442">
    <p class='ocr_par' dir='ltr' id='par_1_99' title="bbox 467 5375 2100 5442">
     <span class='ocr_line' id='line_1_99' title="bbox 467 5375 2100 5442; baseline 0.001 -8"><span class='ocrx_word' id='word_1_710' title='bbox 467 5379 546 5434; x_wconf 92' lang='lat' dir='ltr'><strong>tio</strong></span> <span class='ocrx_word' id='word_1_711' title='bbox 578 5378 708 5432; x_wconf 91' lang='lat' dir='ltr'><strong>illud</strong></span> <span class='ocrx_word' id='word_1_712' title='bbox 744 5376 872 5431; x_wconf 85' lang='lat' dir='ltr'><strong>Jesu</strong></span> <span class='ocrx_word' id='word_1_713' title='bbox 907 5375 1110 5431; x_wconf 85' lang='lat' dir='ltr'><strong>Christi</strong></span> <span class='ocrx_word' id='word_1_714' title='bbox 1149 5377 1214 5430; x_wconf 91' lang='lat' dir='ltr'><strong>ad</strong></span> <span class='ocrx_word' id='word_1_715' title='bbox 1248 5389 1476 5431; x_wconf 88' lang='lat' dir='ltr'><strong>matrem</strong></span> <span class='ocrx_word' id='word_1_716' title='bbox 1523 5379 1771 5440; x_wconf 87' lang='lat' dir='ltr'><strong>verbum.</strong></span> <span class='ocrx_word' id='word_1_717' title='bbox 1809 5395 1912 5435; x_wconf 88' lang='lat' dir='ltr'><strong>nec</strong></span> <span class='ocrx_word' id='word_1_718' title='bbox 1948 5380 2050 5435; x_wconf 90' lang='lat' dir='ltr'><strong>ali-</strong></span> <span class='ocrx_word' id='word_1_719' title='bbox 2091 5416 2100 5442; x_wconf 64' lang='grc' dir='ltr'>ς</span> 
     </span>
    </p>
   </div>
   <div class='ocr_carea' id='block_1_100' title="bbox 467 5470 2048 5544">
    <p class='ocr_par' dir='ltr' id='par_1_100' title="bbox 467 5470 2048 5544">
     <span class='ocr_line' id='line_1_100' title="bbox 467 5470 2048 5544; baseline -0.001 -17"><span class='ocrx_word' id='word_1_720' title='bbox 467 5473 594 5544; x_wconf 85' lang='lat' dir='ltr'><strong>quis</strong></span> <span class='ocrx_word' id='word_1_721' title='bbox 611 5473 805 5528; x_wconf 92' lang='lat' dir='ltr'><strong>modus</strong></span> <span class='ocrx_word' id='word_1_722' title='bbox 823 5471 1093 5526; x_wconf 80' lang='lat' dir='ltr'><strong>defectum</strong></span> <span class='ocrx_word' id='word_1_723' title='bbox 1113 5486 1210 5540; x_wconf 68' lang='lat' dir='ltr'><strong>per</strong></span> <span class='ocrx_word' id='word_1_724' title='bbox 1227 5470 1681 5540; x_wconf 85' lang='lat' dir='ltr'><strong>vituperationem</strong></span> <span class='ocrx_word' id='word_1_725' title='bbox 1698 5473 2048 5536; x_wconf 86' lang='lat' dir='ltr'><strong>inclamandi;</strong></span> 
     </span>
    </p>
   </div>
   <div class='ocr_carea' id='block_1_101' title="bbox 469 5560 2049 5630">
    <p class='ocr_par' dir='ltr' id='par_1_101' title="bbox 469 5560 2049 5630">
     <span class='ocr_line' id='line_1_101' title="bbox 469 5560 2049 5630; baseline 0 -12"><span class='ocrx_word' id='word_1_726' title='bbox 469 5580 576 5618; x_wconf 88' lang='lat' dir='ltr'><strong>non</strong></span> <span class='ocrx_word' id='word_1_727' title='bbox 605 5565 749 5619; x_wconf 88' lang='lat' dir='ltr'><strong>enitn</strong></span> <span class='ocrx_word' id='word_1_728' title='bbox 773 5571 893 5618; x_wconf 87' lang='lat' dir='ltr'><strong>erat</strong></span> <span class='ocrx_word' id='word_1_729' title='bbox 915 5563 1024 5616; x_wconf 93' lang='lat' dir='ltr'><strong>ullo</strong></span> <span class='ocrx_word' id='word_1_730' title='bbox 1053 5561 1216 5617; x_wconf 90' lang='lat' dir='ltr'><strong>modo</strong></span> <span class='ocrx_word' id='word_1_731' title='bbox 1238 5560 1517 5616; x_wconf 90' lang='lat' dir='ltr'><strong>delictum.</strong></span> <span class='ocrx_word' id='word_1_732' title='bbox 1546 5561 1650 5615; x_wconf 86' lang='lat' dir='ltr'><strong>Sed</strong></span> <span class='ocrx_word' id='word_1_733' title='bbox 1674 5562 1819 5630; x_wconf 88' lang='lat' dir='ltr'><strong>quod</strong></span> <span class='ocrx_word' id='word_1_734' title='bbox 1845 5563 2049 5618; x_wconf 87' lang='lat' dir='ltr'><strong>dictum</strong></span> 
     </span>
    </p>
   </div>
   <div class='ocr_carea' id='block_1_102' title="bbox 468 5653 2052 5726">
    <p class='ocr_par' dir='ltr' id='par_1_102' title="bbox 468 5653 2052 5726">
     <span class='ocr_line' id='line_1_102' title="bbox 468 5653 2052 5726; baseline 0 -16"><span class='ocrx_word' id='word_1_735' title='bbox 468 5666 574 5722; x_wconf 88' lang='lat' dir='ltr'><strong>cst,</strong></span> <span class='ocrx_word' id='word_1_736' title='bbox 602 5655 883 5713; x_wconf 69' lang='lat' dir='ltr'><strong>Iudaicam</strong></span> <span class='ocrx_word' id='word_1_737' title='bbox 917 5655 1175 5726; x_wconf 84' lang='lat' dir='ltr'><strong>repressit</strong></span> <span class='ocrx_word' id='word_1_738' title='bbox 1207 5655 1541 5710; x_wconf 89' lang='lat' dir='ltr'><strong>irrisionem.</strong></span> <span class='ocrx_word' id='word_1_739' title='bbox 1589 5653 1726 5707; x_wconf 85' lang='lat' dir='ltr'><strong>Male</strong></span> <span class='ocrx_word' id='word_1_740' title='bbox 1769 5654 2052 5723; x_wconf 84' lang='lat' dir='ltr'><strong>dispositis</strong></span> 
     </span>
    </p>
   </div>
   <div class='ocr_carea' id='block_1_103' title="bbox 472 5746 2051 5821">
    <p class='ocr_par' dir='ltr' id='par_1_103' title="bbox 472 5746 2051 5821">
     <span class='ocr_line' id='line_1_103' title="bbox 472 5746 2051 5821; baseline 0 -19"><span class='ocrx_word' id='word_1_741' title='bbox 472 5746 616 5804; x_wconf 87' lang='lat' dir='ltr'><strong>enim</strong></span> <span class='ocrx_word' id='word_1_742' title='bbox 671 5758 727 5804; x_wconf 90' lang='lat' dir='ltr'><strong>et</strong></span> <span class='ocrx_word' id='word_1_743' title='bbox 756 5749 983 5821; x_wconf 82' lang='lat' dir='ltr'><strong>ingratis</strong></span> <span class='ocrx_word' id='word_1_744' title='bbox 1017 5747 1220 5805; x_wconf 66' lang='lat' dir='ltr'><strong>Judazis</strong></span> <span class='ocrx_word' id='word_1_745' title='bbox 1257 5762 1401 5804; x_wconf 90' lang='lat' dir='ltr'><strong>nunc</strong></span> <span class='ocrx_word' id='word_1_746' title='bbox 1435 5764 1528 5818; x_wconf 89' lang='lat' dir='ltr'><strong>per</strong></span> <span class='ocrx_word' id='word_1_747' title='bbox 1567 5746 1896 5804; x_wconf 87' lang='lat' dir='ltr'><strong>calumniam</strong></span> <span class='ocrx_word' id='word_1_748' title='bbox 1933 5746 2051 5804; x_wconf 86' lang='lat' dir='ltr'><strong>Sal-</strong></span> 
     </span>
    </p>
   </div>
   <div class='ocr_carea' id='block_1_104' title="bbox 2154 4534 3705 4612">
    <p class='ocr_par' dir='ltr' id='par_1_104' title="bbox 2154 4534 3705 4612">
     <span class='ocr_line' id='line_1_104' title="bbox 2154 4534 3705 4612; baseline -0.003 -18"><span class='ocrx_word' id='word_1_749' title='bbox 2154 4541 2287 4594; x_wconf 78' lang='grc' dir='ltr'><strong>Οὐδὲ</strong></span> <span class='ocrx_word' id='word_1_750' title='bbox 2317 4540 2422 4612; x_wconf 82' lang='grc' dir='ltr'><strong>γάρ</strong></span> <span class='ocrx_word' id='word_1_751' title='bbox 2450 4541 2571 4594; x_wconf 82' lang='grc' dir='ltr'>οὐδὲ</span> <span class='ocrx_word' id='word_1_752' title='bbox 2602 4541 2949 4603; x_wconf 87' lang='grc' dir='ltr'>διδάσκοντος</span> <span class='ocrx_word' id='word_1_753' title='bbox 2980 4539 3393 4608; x_wconf 86' lang='grc' dir='ltr'>αύτεπάγγελος</span> <span class='ocrx_word' id='word_1_754' title='bbox 3435 4534 3705 4607; x_wconf 76' lang='grc' dir='ltr'>ἐπεχωρία·</span> 
     </span>
    </p>
   </div>
   <div class='ocr_carea' id='block_1_105' title="bbox 2155 4625 3706 4704">
    <p class='ocr_par' dir='ltr' id='par_1_105' title="bbox 2155 4625 3706 4704">
     <span class='ocr_line' id='line_1_105' title="bbox 2155 4625 3706 4704; baseline -0.006 -18"><span class='ocrx_word' id='word_1_755' title='bbox 2155 4652 2266 4700; x_wconf 87' lang='grc' dir='ltr'>σεν,</span> <span class='ocrx_word' id='word_1_756' title='bbox 2304 4636 2412 4687; x_wconf 82' lang='grc' dir='ltr'>οὐδ’</span> <span class='ocrx_word' id='word_1_757' title='bbox 2443 4636 2521 4698; x_wconf 86' lang='grc' dir='ltr'>εἱς</span> <span class='ocrx_word' id='word_1_758' title='bbox 2553 4634 2614 4686; x_wconf 81' lang='grc' dir='ltr'>τὸ</span> <span class='ocrx_word' id='word_1_759' title='bbox 2651 4635 2813 4704; x_wconf 84' lang='grc' dir='ltr'>μέσον</span> <span class='ocrx_word' id='word_1_760' title='bbox 2861 4634 3098 4703; x_wconf 82' lang='grc' dir='ltr'>ἐπῆλθεν</span> <span class='ocrx_word' id='word_1_761' title='bbox 3147 4633 3242 4686; x_wconf 91' lang='grc' dir='ltr'><strong>τοῦ</strong></span> <span class='ocrx_word' id='word_1_762' title='bbox 3291 4632 3568 4701; x_wconf 85' lang='grc' dir='ltr'>συλλόγου,</span> <span class='ocrx_word' id='word_1_763' title='bbox 3605 4625 3706 4680; x_wconf 79' lang='grc' dir='ltr'>οὐδὲ</span> 
     </span>
    </p>
   </div>
   <div class='ocr_carea' id='block_1_106' title="bbox 2153 4717 3704 4797">
    <p class='ocr_par' dir='ltr' id='par_1_106' title="bbox 2153 4717 3704 4797">
     <span class='ocr_line' id='line_1_106' title="bbox 2153 4717 3704 4797; baseline -0.005 -17"><span class='ocrx_word' id='word_1_764' title='bbox 2153 4727 2242 4780; x_wconf 75' lang='grc' dir='ltr'><strong>τὸν</strong></span> <span class='ocrx_word' id='word_1_765' title='bbox 2272 4726 2650 4780; x_wconf 81' lang='grc' dir='ltr'>διδασκαλικὸν</span> <span class='ocrx_word' id='word_1_766' title='bbox 2697 4726 2856 4793; x_wconf 86' lang='grc' dir='ltr'>λόγον</span> <span class='ocrx_word' id='word_1_767' title='bbox 2881 4724 3231 4797; x_wconf 69' lang='grc' dir='ltr'>περιέκοψεν,</span> <span class='ocrx_word' id='word_1_768' title='bbox 3259 4725 3369 4778; x_wconf 85' lang='grc' dir='ltr'>οὐδ’</span> <span class='ocrx_word' id='word_1_769' title='bbox 3401 4720 3550 4778; x_wconf 81' lang='grc' dir='ltr'>εἶπεν</span> <span class='ocrx_word' id='word_1_770' title='bbox 3577 4717 3704 4772; x_wconf 81' lang='grc' dir='ltr'>οὐδὲν</span> 
     </span>
    </p>
   </div>
   <div class='ocr_carea' id='block_1_107' title="bbox 2154 4814 3703 4892">
    <p class='ocr_par' dir='ltr' id='par_1_107' title="bbox 2154 4814 3703 4892">
     <span class='ocr_line' id='line_1_107' title="bbox 2154 4814 3703 4892; baseline -0.007 -18"><span class='ocrx_word' id='word_1_771' title='bbox 2154 4821 2356 4892; x_wconf 69' lang='grc' dir='ltr'>ὑψηλὸν</span> <span class='ocrx_word' id='word_1_772' title='bbox 2402 4820 2436 4890; x_wconf 81' lang='grc' dir='ltr'>ἦ</span> <span class='ocrx_word' id='word_1_773' title='bbox 2489 4819 2866 4890; x_wconf 88' lang='grc' dir='ltr'>μεγάλαυχον,</span> <span class='ocrx_word' id='word_1_774' title='bbox 2902 4818 3017 4872; x_wconf 84' lang='grc' dir='ltr'>ἀλλ’</span> <span class='ocrx_word' id='word_1_775' title='bbox 3058 4817 3164 4882; x_wconf 73' lang='grc' dir='ltr'><strong>ἔξω</strong></span> <span class='ocrx_word' id='word_1_776' title='bbox 3195 4815 3549 4878; x_wconf 85' lang='grc' dir='ltr'>πανευλαϐῶς</span> <span class='ocrx_word' id='word_1_777' title='bbox 3577 4814 3703 4865; x_wconf 77' lang='grc' dir='ltr'>ἱστα-</span> 
     </span>
    </p>
   </div>
   <div class='ocr_carea' id='block_1_108' title="bbox 2157 4901 3702 4982">
    <p class='ocr_par' dir='ltr' id='par_1_108' title="bbox 2157 4901 3702 4982">
     <span class='ocr_line' id='line_1_108' title="bbox 2157 4901 3702 4982; baseline -0.009 -17"><span class='ocrx_word' id='word_1_778' title='bbox 2157 4913 2294 4982; x_wconf 83' lang='grc' dir='ltr'>μένη</span> <span class='ocrx_word' id='word_1_779' title='bbox 2330 4911 2430 4982; x_wconf 86' lang='grc' dir='ltr'>τὴν</span> <span class='ocrx_word' id='word_1_780' title='bbox 2467 4909 2776 4981; x_wconf 81' lang='grc' dir='ltr'>παρουσίαν</span> <span class='ocrx_word' id='word_1_781' title='bbox 2817 4909 2979 4979; x_wconf 90' lang='grc' dir='ltr'>μόνον</span> <span class='ocrx_word' id='word_1_782' title='bbox 3009 4909 3302 4979; x_wconf 84' lang='grc' dir='ltr'>ἐμήνυσεν,</span> <span class='ocrx_word' id='word_1_783' title='bbox 3346 4907 3379 4978; x_wconf 83' lang='grc' dir='ltr'>ἦ</span> <span class='ocrx_word' id='word_1_784' title='bbox 3418 4906 3535 4960; x_wconf 83' lang='grc' dir='ltr'>οὐδὲ</span> <span class='ocrx_word' id='word_1_785' title='bbox 3570 4901 3702 4956; x_wconf 83' lang='grc' dir='ltr'>τοῦτο</span> 
     </span>
    </p>
   </div>
   <div class='ocr_carea' id='block_1_109' title="bbox 2153 4991 3702 5075">
    <p class='ocr_par' dir='ltr' id='par_1_109' title="bbox 2153 4991 3702 5075">
     <span class='ocr_line' id='line_1_109' title="bbox 2153 4991 3702 5075; baseline -0.005 -19"><span class='ocrx_word' id='word_1_786' title='bbox 2153 5005 2296 5075; x_wconf 89' lang='grc' dir='ltr'>λόγῳ</span> <span class='ocrx_word' id='word_1_787' title='bbox 2342 5004 2635 5074; x_wconf 85' lang='grc' dir='ltr'>ἐμήνυσεν,</span> <span class='ocrx_word' id='word_1_788' title='bbox 2683 5001 2800 5054; x_wconf 88' lang='grc' dir='ltr'>ἀλλ’</span> <span class='ocrx_word' id='word_1_789' title='bbox 2850 5000 3221 5069; x_wconf 83' lang='grc' dir='ltr'>ἀπαγγέλλειν</span> <span class='ocrx_word' id='word_1_790' title='bbox 3270 4999 3574 5068; x_wconf 86' lang='grc' dir='ltr'>ἐφιλοσόφει</span> <span class='ocrx_word' id='word_1_791' title='bbox 3623 4991 3702 5059; x_wconf 74' lang='grc' dir='ltr'>τὴν</span> 
     </span>
    </p>
   </div>
   <div class='ocr_carea' id='block_1_110' title="bbox 2155 5085 3699 5168">
    <p class='ocr_par' dir='ltr' id='par_1_110' title="bbox 2155 5085 3699 5168">
     <span class='ocr_line' id='line_1_110' title="bbox 2155 5085 3699 5168; baseline -0.008 -19"><span class='ocrx_word' id='word_1_792' title='bbox 2155 5097 2282 5150; x_wconf 91' lang='grc' dir='ltr'>θέαν</span> <span class='ocrx_word' id='word_1_793' title='bbox 2304 5097 2364 5149; x_wconf 86' lang='grc' dir='ltr'><strong>τὸ</strong></span> <span class='ocrx_word' id='word_1_794' title='bbox 2398 5098 2622 5168; x_wconf 85' lang='grc' dir='ltr'>μήνυμα</span> <span class='ocrx_word' id='word_1_795' title='bbox 2641 5111 2655 5125; x_wconf 84' lang='grc'><strong>·</strong></span> <span class='ocrx_word' id='word_1_796' title='bbox 2695 5095 2723 5147; x_wconf 84' lang='grc' dir='ltr'>ὃ</span> <span class='ocrx_word' id='word_1_797' title='bbox 2756 5094 2872 5157; x_wconf 88' lang='grc' dir='ltr'><strong>πῶς</strong></span> <span class='ocrx_word' id='word_1_798' title='bbox 2903 5093 2968 5148; x_wconf 82' lang='grc' dir='ltr'><strong>ἂν</strong></span> <span class='ocrx_word' id='word_1_799' title='bbox 3031 5092 3525 5163; x_wconf 86' lang='grc' dir='ltr'>φιλουτιμουμένης</span> <span class='ocrx_word' id='word_1_800' title='bbox 3556 5088 3610 5141; x_wconf 79' lang='grc' dir='ltr'><strong>τὸ</strong></span> <span class='ocrx_word' id='word_1_801' title='bbox 3637 5085 3699 5137; x_wconf 86' lang='grc' dir='ltr'>δο·</span> 
     </span>
    </p>
   </div>
   <div class='ocr_carea' id='block_1_111' title="bbox 2155 5172 3699 5256">
    <p class='ocr_par' dir='ltr' id='par_1_111' title="bbox 2155 5172 3699 5256">
     <span class='ocr_line' id='line_1_111' title="bbox 2155 5172 3699 5256; baseline -0.005 -14"><span class='ocrx_word' id='word_1_802' title='bbox 2155 5189 2435 5255; x_wconf 81' lang='grc' dir='ltr'>ξάζεσθαι,</span> <span class='ocrx_word' id='word_1_803' title='bbox 2465 5188 2582 5252; x_wconf 83' lang='grc' dir='ltr'><strong>πῶς</strong></span> <span class='ocrx_word' id='word_1_804' title='bbox 2621 5189 2676 5241; x_wconf 82' lang='grc' dir='ltr'><strong>δὲ</strong></span> <span class='ocrx_word' id='word_1_805' title='bbox 2702 5185 2975 5256; x_wconf 83' lang='grc' dir='ltr'>ζητούσης</span> <span class='ocrx_word' id='word_1_806' title='bbox 3007 5186 3371 5256; x_wconf 86' lang='grc' dir='ltr'>σεμνύνεσθαι</span> <span class='ocrx_word' id='word_1_807' title='bbox 3407 5187 3500 5239; x_wconf 86' lang='grc' dir='ltr'><strong>καὶ</strong></span> <span class='ocrx_word' id='word_1_808' title='bbox 3529 5183 3589 5252; x_wconf 76' lang='grc' dir='ltr'>τῇ</span> <span class='ocrx_word' id='word_1_809' title='bbox 3622 5172 3699 5229; x_wconf 64' lang='grc' dir='ltr'>’τοῦ</span> 
     </span>
    </p>
   </div>
   <div class='ocr_carea' id='block_1_112' title="bbox 2154 5267 3698 5351">
    <p class='ocr_par' dir='ltr' id='par_1_112' title="bbox 2154 5267 3698 5351">
     <span class='ocr_line' id='line_1_112' title="bbox 2154 5267 3698 5351; baseline -0.007 -15"><span class='ocrx_word' id='word_1_810' title='bbox 2154 5282 2272 5336; x_wconf 81' lang='grc' dir='ltr'>υἱοῦ</span> <span class='ocrx_word' id='word_1_811' title='bbox 2305 5272 2741 5351; x_wconf 76' lang='grc' dir='ltr'>ἐπιγαυροῦόθαι</span> <span class='ocrx_word' id='word_1_812' title='bbox 2773 5279 3157 5350; x_wconf 87' lang='grc' dir='ltr'>μεγαλείοτητι</span> <span class='ocrx_word' id='word_1_813' title='bbox 3176 5296 3188 5344; x_wconf 91' lang='grc'><strong>;</strong></span> <span class='ocrx_word' id='word_1_814' title='bbox 3208 5280 3260 5332; x_wconf 89' lang='grc' dir='ltr'><strong>τί</strong></span> <span class='ocrx_word' id='word_1_815' title='bbox 3279 5280 3324 5332; x_wconf 85' lang='grc' dir='ltr'>δ’</span> <span class='ocrx_word' id='word_1_816' title='bbox 3348 5279 3415 5332; x_wconf 85' lang='grc' dir='ltr'><strong>ἂν</strong></span> <span class='ocrx_word' id='word_1_817' title='bbox 3437 5279 3607 5348; x_wconf 74' lang='grc' dir='ltr'>ἕτερον</span> <span class='ocrx_word' id='word_1_818' title='bbox 3623 5267 3698 5324; x_wconf 75' lang='grc' dir='ltr'>καὶ</span> 
     </span>
    </p>
   </div>
   <div class='ocr_carea' id='block_1_113' title="bbox 2154 5373 3699 5449">
    <p class='ocr_par' dir='ltr' id='par_1_113' title="bbox 2154 5373 3699 5449">
     <span class='ocr_line' id='line_1_113' title="bbox 2154 5373 3699 5449; baseline -0.006 -19"><span class='ocrx_word' id='word_1_819' title='bbox 2154 5378 2408 5449; x_wconf 87' lang='grc' dir='ltr'>θεράπων</span> <span class='ocrx_word' id='word_1_820' title='bbox 2440 5376 2647 5447; x_wconf 77' lang='grc' dir='ltr'>ἔπραξε</span> <span class='ocrx_word' id='word_1_821' title='bbox 2673 5377 2865 5447; x_wconf 88' lang='grc' dir='ltr'>χρείας</span> <span class='ocrx_word' id='word_1_822' title='bbox 2893 5375 3058 5428; x_wconf 75' lang='grc' dir='ltr'>αὐτὸν</span> <span class='ocrx_word' id='word_1_823' title='bbox 3087 5374 3180 5426; x_wconf 73' lang='grc' dir='ltr'><strong>ἐπὶ</strong></span> <span class='ocrx_word' id='word_1_824' title='bbox 3206 5375 3298 5426; x_wconf 81' lang='grc' dir='ltr'><strong>τὸν</strong></span> <span class='ocrx_word' id='word_1_825' title='bbox 3324 5373 3524 5443; x_wconf 89' lang='grc' dir='ltr'>Κύριον</span> <span class='ocrx_word' id='word_1_826' title='bbox 3550 5379 3699 5434; x_wconf 79' lang='grc' dir='ltr'>παρα·</span> 
     </span>
    </p>
   </div>
   <div class='ocr_carea' id='block_1_114' title="bbox 2152 5455 3695 5541">
    <p class='ocr_par' dir='ltr' id='par_1_114' title="bbox 2152 5455 3695 5541">
     <span class='ocr_line' id='line_1_114' title="bbox 2152 5455 3695 5541; baseline -0.008 -16"><span class='ocrx_word' id='word_1_827' title='bbox 2152 5472 2409 5541; x_wconf 88' lang='grc' dir='ltr'>γενέσθαι</span> <span class='ocrx_word' id='word_1_828' title='bbox 2435 5470 2704 5540; x_wconf 89' lang='grc' dir='ltr'>καλούσης</span> <span class='ocrx_word' id='word_1_829' title='bbox 2733 5488 2748 5536; x_wconf 89' lang='grc'>;</span> <span class='ocrx_word' id='word_1_830' title='bbox 2784 5468 2980 5522; x_wconf 76' lang='grc' dir='ltr'>οὔκουν</span> <span class='ocrx_word' id='word_1_831' title='bbox 3008 5469 3108 5520; x_wconf 79' lang='grc' dir='ltr'><strong>οὐκ</strong></span> <span class='ocrx_word' id='word_1_832' title='bbox 3138 5463 3207 5539; x_wconf 75' lang='grc' dir='ltr'>ἦν</span> <span class='ocrx_word' id='word_1_833' title='bbox 3238 5467 3551 5535; x_wconf 74' lang='grc' dir='ltr'>ἐπιτίμησις</span> <span class='ocrx_word' id='word_1_834' title='bbox 3577 5462 3602 5513; x_wconf 85' lang='grc' dir='ltr'>ὁ</span> <span class='ocrx_word' id='word_1_835' title='bbox 3625 5455 3695 5506; x_wconf 73' lang='grc' dir='ltr'>λό-</span> 
     </span>
    </p>
   </div>
   <div class='ocr_carea' id='block_1_115' title="bbox 2152 5550 3692 5635">
    <p class='ocr_par' dir='ltr' id='par_1_115' title="bbox 2152 5550 3692 5635">
     <span class='ocr_line' id='line_1_115' title="bbox 2152 5550 3692 5635; baseline -0.011 -14"><span class='ocrx_word' id='word_1_836' title='bbox 2152 5583 2248 5634; x_wconf 90' lang='grc' dir='ltr'><strong>γος</strong></span> <span class='ocrx_word' id='word_1_837' title='bbox 2276 5565 2370 5619; x_wconf 82' lang='grc' dir='ltr'><strong>τοῦ</strong></span> <span class='ocrx_word' id='word_1_838' title='bbox 2409 5564 2585 5635; x_wconf 81' lang='grc' dir='ltr'>Ἰησοῦ</span> <span class='ocrx_word' id='word_1_839' title='bbox 2609 5566 2677 5634; x_wconf 81' lang='grc' dir='ltr'>τῇ</span> <span class='ocrx_word' id='word_1_840' title='bbox 2709 5563 2910 5634; x_wconf 68' lang='grc' dir='ltr'>Μητρὶ,</span> <span class='ocrx_word' id='word_1_841' title='bbox 2938 5562 3056 5615; x_wconf 76' lang='grc' dir='ltr'>οὐδέ</span> <span class='ocrx_word' id='word_1_842' title='bbox 3087 5579 3169 5624; x_wconf 87' lang='grc' dir='ltr'><strong>τις</strong></span> <span class='ocrx_word' id='word_1_843' title='bbox 3202 5561 3404 5632; x_wconf 83' lang='grc' dir='ltr'>τρόπος</span> <span class='ocrx_word' id='word_1_844' title='bbox 3425 5550 3692 5614; x_wconf 66' lang='grc' dir='ltr'>ἀνακαλού-</span> 
     </span>
    </p>
   </div>
   <div class='ocr_carea' id='block_1_116' title="bbox 2158 5644 3689 5729">
    <p class='ocr_par' dir='ltr' id='par_1_116' title="bbox 2158 5644 3689 5729">
     <span class='ocr_line' id='line_1_116' title="bbox 2158 5644 3689 5729; baseline -0.014 -17"><span class='ocrx_word' id='word_1_845' title='bbox 2158 5678 2316 5729; x_wconf 76' lang='grc' dir='ltr'>μενος</span> <span class='ocrx_word' id='word_1_846' title='bbox 2354 5659 2441 5712; x_wconf 81' lang='grc' dir='ltr'><strong>διά</strong></span> <span class='ocrx_word' id='word_1_847' title='bbox 2490 5657 2750 5728; x_wconf 72' lang='grc' dir='ltr'>μέμψεως</span> <span class='ocrx_word' id='word_1_848' title='bbox 2787 5657 2848 5709; x_wconf 79' lang='grc' dir='ltr'>τὸ</span> <span class='ocrx_word' id='word_1_849' title='bbox 2885 5657 3195 5724; x_wconf 81' lang='grc' dir='ltr'>ἐλάττωμα.</span> <span class='ocrx_word' id='word_1_850' title='bbox 3235 5655 3309 5706; x_wconf 69' lang='lat' dir='ltr'><strong>Uti</strong></span> <span class='ocrx_word' id='word_1_851' title='bbox 3337 5653 3445 5724; x_wconf 83' lang='grc' dir='ltr'><strong>γάρ</strong></span> <span class='ocrx_word' id='word_1_852' title='bbox 3470 5647 3533 5721; x_wconf 84' lang='grc' dir='ltr'>ἦν</span> <span class='ocrx_word' id='word_1_853' title='bbox 3561 5644 3689 5698; x_wconf 82' lang='grc' dir='ltr'>ἐλάτ-</span> 
     </span>
    </p>
   </div>
   <div class='ocr_carea' id='block_1_117' title="bbox 2156 5729 3694 5822">
    <p class='ocr_par' dir='ltr' id='par_1_117' title="bbox 2156 5729 3694 5822">
     <span class='ocr_line' id='line_1_117' title="bbox 2156 5729 3694 5822; baseline -0.01 -19"><span class='ocrx_word' id='word_1_854' title='bbox 2156 5766 2315 5822; x_wconf 85' lang='grc' dir='ltr'>τωμα</span> <span class='ocrx_word' id='word_1_855' title='bbox 2376 5749 2649 5818; x_wconf 77' lang='grc' dir='ltr'>οὐδαμοῦ,</span> <span class='ocrx_word' id='word_1_856' title='bbox 2711 5746 2846 5800; x_wconf 84' lang='grc' dir='ltr'>ἀλλὰ</span> <span class='ocrx_word' id='word_1_857' title='bbox 2917 5745 3207 5801; x_wconf 64' lang='grc' dir='ltr'>Ἰουδαϊκὸν</span> <span class='ocrx_word' id='word_1_858' title='bbox 3277 5738 3590 5811; x_wconf 79' lang='grc' dir='ltr'>ἐπεστόμιζε</span> <span class='ocrx_word' id='word_1_859' title='bbox 3646 5729 3694 5780; x_wconf 78' lang='grc' dir='ltr'>τὸ</span> 
     </span>
    </p>
   </div>
  </div>
