3820 6212
111 316 209 381 345
1057 318 1156 377 AD
1195 313 1619 396 AMPHILOCli

1869 315 2175 376 lUAESTIO
2196 318 2370 378 XLV.
3271 326 3377 388 346

111 436 394 509 εἰρημένον
446 433 766 505 χλεύασμα’
802 433 911 486 τῶν
956 434 1066 504 γὰρ
1119 434 1442 504 κακοχύλων
1492 449 1550 484 τε
1597 450 1619 484 κ

1869 433 1994 486 toris
2021 443 2074 488 et
2124 434 2473 488 insolentiam
2509 434 2864 492 dicentibus:
2905 455 2924 488 ι
2962 435 3266 492 Nonnchic
3291 449 3377 494 est

110 528 437 598 ἀγνωμόνων
469 527 736 580 Ἰουδαίων
763 527 860 582 νῦν
888 526 1155 594 λεγόντων
1185 527 1280 578 ἐπὶ
1325 526 1544 596 διαϐολῇ
1587 543 1618 578 κ

1870 525 1932 578 iri
1969 525 2109 581 filius
2142 526 2232 579 ‘°?
2269 546 2286 578 ι
2330 527 2485 583 Nunc
2539 544 2691 592 vero,
2741 544 2923 584 nonne
2967 540 3140 586 mater
3173 531 3294 600 eius
3321 543 3378 587 et

109 621 254 690 ὕϐρει
283 621 557 690 Σωτῆρος,
586 620 698 690 Οὐχ
727 613 884 683 οὗτός
921 621 1071 672 ἐστιν
1118 618 1214 671 τοῦ
1246 618 1497 682 τέκτονος
1529 620 1617 672 υἱός

1862 628 1986 673 ιιτθε
2035 622 2178 688 apud
2236 621 2379 674 nos?
2426 619 2494 673 Et
2540 636 2803 675 rursum:
2844 641 2861 672 ι
2919 623 3078 675 Hunc
3129 625 3370 687 scimus,

106 712 196 764 νῦν
225 711 288 764 δὲ’
309 711 410 780 οὐχ
439 713 469 779 ἠ
501 712 687 780 μήτηρ
717 709 886 761 αὐτοῦ
915 709 1010 762 καὶ
1035 711 1084 761 οἱ
1106 707 1326 776 ἀδελφοὶ
1350 711 1479 779 παρ’
1508 711 1614 779 ἡμῖ

1866 714 1932 765 de
1962 722 2044 766 est
2079 712 2144 764 θ’.
2179 732 2196 760 ι
2234 711 2441 767 Deinde
2471 723 2523 768 et
2551 722 2680 767 tunc
2701 714 2930 768 docente
2954 725 3008 768 et
3031 715 3370 783 spiritualem

105 804 207 856 Καὶ
234 801 414 854 πάλιν·
443 820 459 851 ι
483 798 684 852 Τοῦτον
713 799 768 852 δὲ
787 800 1008 868 οἴδαμεν
1043 798 1209 852 πόθεν
1229 800 1613 854 ἐστίνΛἝπειί

1873 815 2016 860 utem
2038 804 2318 868 afferente,
2336 806 2672 861 multitudini
2709 807 3024 862 invidebant
3042 820 3095 862 et
3122 807 3373 868 malevoli

106 899 190 949 mi.
218 896 336 948 τότε
362 894 709 956 διδάσκοντος
737 895 833 946 καὶ
859 894 958 964 τὴν
990 894 1228 965 ψυχικὴν
1254 896 1531 964 σωτηρίαν
1563 897 1609 948 εί

1863 904 1963 960 ιιιι,
1998 905 2053 950 et
2073 896 2138 949 ad
2167 896 2502 950 calumniam
2537 898 2827 952 ardebant.
2857 899 2916 953 Si
2949 907 3131 953 autem
3155 903 3371 956 abesset

101 988 419 1060 ηγουμένου,
451 987 528 1055 τῷ
554 986 756 1058 πλήθει
784 986 1104 1056 διεφθόνουν
1137 1005 1194 1040 τε
1236 989 1331 1040 καὶ
1353 989 1609 1042 διεδάσκο

1859 989 2073 1044 lumnim
2112 988 2290 1052 locus,
2349 990 2417 1044 ad
2452 991 2640 1045 solitas
2681 989 3074 1061 confugiebant
3116 992 3367 1061 injurias,

101 1099 181 1133 νον
210 1078 302 1132 καὶ
330 1078 470 1149 πρὸς
494 1078 748 1141 διαϐολάς
783 1079 1147 1148 ἀνεφλέγοντο
1165 1081 1296 1133 ὀὐκ
1318 1077 1386 1151 ἦν
1415 1081 1472 1133 δέ
1505 1081 1609 1152 πόρ

1861 1093 2090 1137 matrem
2133 1099 2353 1138 rursum
2399 1083 2452 1136 in
2507 1083 2852 1152 vitupcrium.
2895 1094 2948 1138 et
2994 1094 3369 1152 contemptum

98 1171 220 1233 ὅλως
253 1168 514 1238 διαϐολῆς
559 1170 653 1220 ἐπὶ
690 1168 793 1237 τὴν
839 1169 1043 1239 συνήθη
1084 1167 1354 1239 λοιδορίαν
1401 1185 1606 1238 καταφε

1862 1176 2146 1240 .lucehant,
2205 1177 2446 1231 dicentes
2495 1176 2645 1234 fere;
2681 1195 2699 1228 ι
2737 1176 2878 1243 Quid
2935 1177 3136 1231 doces?
3197 1177 3370 1243 Quem

97 1281 263 1334 γουσι,
296 1265 389 1316 καὶ
423 1263 523 1333 τὴν
561 1263 778 1334 μητέρα
812 1262 979 1315 πάλιν
1007 1263 1254 1325 καὶτοὺς
1289 1262 1554 1332 ἀδελφοὺς
1591 1280 1605 1314 ε

1862 1282 2011 1334 psum
2073 1266 2277 1321 facis?
2338 1287 2356 1318 ›
2418 1265 2610 1322 Nonne
2674 1283 2734 1322 es
2813 1269 3060 1324 mulieris
3136 1285 3370 1339 pauper-

95 1359 249 1427 ᾁόγον
276 1358 370 1410 καὶ
399 1356 744 1426 ἐξουθένημα
793 1355 1216 1426 προκομίζουσι,
1253 1355 1537 1426 μονονουχὶ
1579 1354 1603 1406 λ

1858 1363 1916 1415 lae
1945 1361 2132 1415 ﬁlius?
2175 1361 2239 1415 Et
2275 1361 2472 1416 fratres
2525 1361 2600 1414 tui
2654 1360 2790 1414 nihil
2820 1361 3098 1425 ditferunt,
3132 1378 3366 1430 quorum

95 1467 304 1519 γοντες·
346 1449 486 1503 Τίνα
516 1449 824 1514 διδάσκεις;
876 1449 997 1500 τίνα
1053 1447 1109 1500 δὲ
1150 1448 1346 1500 σαυτὸν
1387 1446 1602 1517 κομίζει

1861 1469 1885 1507 a
1918 1468 2016 1523 per
2070 1468 2266 1508 manus
2310 1469 2439 1508 suas
2483 1462 2849 1510 sustentatur.
2893 1453 3034 1508 Ecce
3082 1454 3169 1508 isti
3221 1464 3369 1508 stant

95 1544 218 1613 Οὐχὶ
239 1544 501 1611 γυναικὸς
529 1544 760 1614 πένητος
790 1543 1057 1613 ὑπάρχεις
1085 1545 1234 1609 υἱὸς;
1260 1543 1357 1597 καὶ
1383 1544 1432 1595 ot
1451 1541 1603 1610 ἀδελιε

1864 1542 1910 1597 is
1941 1552 2254 1611 quaerentes
2310 1551 2379 1594 te.
2417 1539 2620 1596 Omitte
2644 1542 2840 1596 docere
2871 1552 2925 1595 et
2949 1546 3014 1595 ad
3038 1543 3368 1611 consangui-

97 1651 182 1688 σου
214 1635 368 1688 οὐδὲν
388 1636 763 1706 διαφέρουσιν,
792 1631 869 1690 ὢν
911 1637 938 1689 ὁ
982 1635 1096 1706 βίος
1145 1635 1234 1689 διὰ
1269 1636 1502 1707 χειρῶν;
1531 1636 1602 1688 Ἰδ

1852 1649 1911 1689 os
1946 1633 2104 1696 vade,
2141 1631 2390 1688 eamdem
2437 1648 2503 1686 ac
2543 1632 2619 1685 illi
2656 1634 2780 1686 vita:
2825 1633 3094 1687 rationem
3132 1631 3360 1696 habens,

95 1723 232 1782 οὗτοι
277 1730 578 1798 ἑστήκασιν
627 1729 732 1796 ἔξω
760 1728 1051 1799 ζητοῦντές
1080 1745 1139 1780 σε
1160 1746 1173 1759 ⁸
1204 1727 1268 1782 ἔα
1304 1728 1366 1780 τὸ
1391 1727 1603 1780 διδάσκε

1572 1743 1666 1780 εειν
1775 1724 1870 1780 sed
1907 1739 2015 1778 non
2045 1724 2111 1778 ad
2144 1722 2377 1776 docendi
2411 1737 2705 1790 assurgens
2738 1722 3080 1790 dignitatem.

93 1828 340 1898 καὶπρὸς
367 1828 497 1890 τοὺς
527 1829 814 1896 συγγενεῖς
842 1825 1136 1897 ἀπότρεχε,
1192 1825 1292 1896 τὴν
1319 1825 1553 1888 ἐκείνοις
1616 1823 1741 1894 ἴσην
1779 1820 1979 1894 μετιὼν
2017 1818 2323 1885 πολιτείαν,
2377 1817 2518 1870 ἀλλὰ
2565 1816 2640 1888 μὴ
2697 1815 2829 1888 πρὸς
2872 1815 2931 1868 τὸ
2981 1812 3360 1868 διδασκαλικὸν

91 1921 384 1974 ἀναϐαίνων
425 1918 670 1988 ἀξίωμα.
954 1921 960 1934 ⁸

155 2016 295 2069 Ταῦτ
313 2016 325 2035 ⁹
350 2014 445 2067 οὖν
475 2015 722 2080 ἐκείνων,
745 2013 820 2076 ὡς
852 2009 1474 2082 ἔθος,ξπονηρευομένων
1501 2007 1529 2060 ὁ
1556 2008 1663 2060 Σω-

1858 2003 1940 2057 llla
1991 2003 2159 2073 igitur
2207 2001 2310 2065 eis,
2362 2011 2422 2054 ιιι
2483 1999 2716 2064 solebat,
2780 2000 3028 2068 improbe
3078 2001 3366 2070 agentibus

91 2107 183 2176 τὴρ
207 2105 496 2169 ἀντιτιθεὶς
539 2107 632 2159 καὶ
674 2104 1056 2173 ἀντεπεξάγων
1083 2105 1148 2175 τῇ
1190 2100 1542 2174 μακροθυμίᾳ
1575 2118 1599 2152 κ

1857 2096 2030 2150 lvator
2055 2109 2366 2165 opponens,
2405 2109 2466 2147 ac
2493 2109 2587 2148 eos
2624 2095 2894 2162 patienter
2926 2093 3090 2147 simul
3119 2104 3174 2147 et
3208 2111 3365 2147 tuan-

92 2197 365 2266 πραότητι,
387 2195 679 2261 Τοσοῦτον,
711 2197 893 2266 φησὶν,
921 2195 1110 2265 ἀπέχω
1129 2193 1226 2246 τοῦ
1249 2192 1600 2264 ἐπαισχύνεσε

1859 2199 1929 2242 :te
1956 2189 2264 2242 reducens:
2304 2185 2564 2250 Tantum,
2602 2187 2807 2255 inquit,
2833 2185 2988 2240 abest
3019 2196 3078 2239 ut
3101 2187 3166 2239 de
3192 2200 3367 2240 matre

95 2289 249 2360 μητρὶ
287 2287 392 2342 καὶ
446 2291 558 2352 τοῖς
608 2288 881 2358 ἀδελφοῖς,
915 2289 997 2340 ὅτι
1047 2287 1106 2339 οὐ
1147 2287 1310 2356 μόνον
1345 2287 1412 2356 ἢν
1439 2287 1472 2353 ὴ
1507 2285 1603 2354 φύε

1872 2280 2138 2335 fratribus
2191 2279 2535 2343 erubescam,
2589 2287 2649 2331 ut
2687 2293 2795 2333 non
2845 2279 3007 2331 modo
3045 2293 3165 2331 eam
3200 2295 3365 2347 quam

93 2383 279 2435 ἔδωκεν
319 2382 414 2436 καὶ
446 2381 542 2445 οὓς
569 2383 649 2444 εἰς
672 2383 827 2447 γένος
854 2383 886 2452 ἡ
915 2379 1184 2450 ὑπόληψις
1214 2379 1367 2431 ἔθετο
1407 2379 1506 2431 οὐκ
1531 2380 1601 2430 ἀπ

1857 2372 1924 2425 lit
1954 2383 2167 2436 natura,
2199 2380 2251 2424 ct
2287 2385 2382 2424 cos
2417 2385 2559 2440 quos
2595 2369 2649 2423 in
2690 2385 2890 2438 genere
2932 2384 3051 2422 mea
3080 2369 3365 2438 conceptio

94 2474 400 2545 στρέφομαι,
425 2475 550 2527 οὐδὲ
581 2475 844 2545 αἰσχύνην
876 2473 1119 2544 ἡγοῦμαι
1146 2473 1268 2525 οὐδὲ
1291 2471 1512 2537 ὄνειδος,
1533 2471 1600 2523 ἀλ

1860 2465 1958 2517 mit
1993 2479 2099 2516 non
2140 2463 2387 2532 rejiciam
2428 2477 2605 2530 neque
2632 2460 2989 2530 opprobrium
3029 2470 3124 2514 aut
3149 2461 3368 2529 vitupe-

93 2568 177 2620 καὶ
206 2568 424 2630 τούτους
454 2567 703 2631 ἅπαντας
733 2566 824 2629 οὓς
858 2568 1018 2640 ὁρᾶτε
1053 2565 1161 2617 τῶν
1194 2564 1355 2635 ἱερῶν
1384 2564 1557 2632 λόγων
1583 2564 1601 2616 ἔ

1857 2572 1920 2610 n1
1949 2557 2172 2620 ducam,
2207 2557 2300 2610 sed
2335 2565 2388 2609 et
2422 2571 2518 2609 eos
2546 2569 2688 2625 quos
2713 2554 2906 2609 videtis
2933 2570 3216 2609 sacrorum
3248 2571 3365 2609 ser-

93 2677 178 2721 τας
211 2659 496 2730 σωτηρίων
547 2657 842 2729 ἀκροατάς,
875 2659 969 2712 καὶ
1006 2660 1252 2729 πατέρας
1279 2661 1374 2712 καὶ
1405 2658 1601 2725 ἀδελφο

1857 2665 1995 2701 unum
2025 2649 2309 2704 auditores
2342 2657 2396 2702 et
2418 2657 2600 2718 patres
2635 2655 2689 2700 et
2727 2645 2927 2702 fratres
2961 2664 3065 2702 non
3103 2647 3365 2718 dedigner

93 2752 184 2803 οὐκ
242 2752 464 2815 ἀπαξιῶ
520 2749 939 2821 κατονομάζειν,
983 2752 1042 2804 τὸ
1070 2751 1337 2822 πατρικὸν
1390 2749 1601 2820 μόνονθ

1852 2741 2082 2802 minare,
2117 2749 2398 2810 paternam
2429 2743 2765 2796 voluntatem
2798 2741 3099 2794 dummodo
3125 2740 3360 2806 faciant,

95 2842 232 2913 λημα
251 2844 566 2907 ποιοῦντας,
596 2843 698 2898 κᾶν
720 2845 857 2915 μήτε
886 2845 952 2914 τῇ
979 2843 1163 2912 φύσει,
1195 2844 1332 2914 μήτε
1363 2846 1429 2914 τῇ
1462 2842 1603 2896 ὐπολη

1859 2831 2027 2885 ιιιινὶε
2057 2848 2234 2900 neque
2257 2841 2452 2884 natura
2486 2848 2661 2901 neque
2687 2832 3047 2900 conceptione
3073 2831 3367 2900 prredictos

93 2935 173 3004 ψει
208 2938 304 2999 τάς
335 2937 636 3006 εἰρημένας
666 2936 1055 3006 φιλοστόργους
1088 2936 1299 3005 σχέσεις
1332 2935 1497 3005 ἔχωσι
1540 2935 1600 3005 βο

1861 2924 1975 2979 oris
2016 2923 2236 2978 habitus
2283 2923 2502 2993 adjutos
2554 2925 2815 2977 habeant.
2848 2942 2866 2973 ι
2911 2923 3044 2988 Qua:
3086 2934 3169 2977 est
3197 2923 3365 2991 igitur

96 3026 368 3098 Θουμένας.
408 3029 509 3090 Τίς
555 3028 648 3081 οὖν
683 3029 888 3100 ἐστινή
919 3030 1103 3098 μήτηρ
1138 3045 1239 3098 μου
1274 3029 1368 3081 καὶ
1399 3029 1432 3096 ἡ
1463 3028 1604 3094 ἀδελς

1854 3025 1944 3069 iter
1977 3030 2097 3069 mea
2127 3023 2177 3068 et
2211 3031 2370 3070 soror
2401 3015 2566 3068 mea?
2597 3034 2613 3065 ι
2650 3014 2793 3080 Quid
2832 3014 2962 3067 mihi
2995 3015 3094 3067 has
3124 3014 3362 3082 appellu-

98 3137 226 3188 μου;
264 3123 314 3173 τί
345 3138 436 3190 μοι
477 3119 571 3182 τάς
599 3119 819 3190 κλήσεις
850 3119 1050 3184 ταύτας
1083 3121 1162 3182 είς
1195 3118 1352 3190 ὕϐριν
1404 3120 1498 3173 καὶ
1528 3119 1606 3173 ὅνε

1851 3125 1947 3164 nes
1973 3110 2028 3163 in
2068 3108 2424 3178 opprobrium
2472 3118 2525 3161 et
2574 3107 2831 3176 iniuriam
2880 3106 3081 3177 lingis?
3124 3103 3359 3159 Tantum

95 3210 172 3273 δος
201 3213 638 3282 μεταπλάττεις;
671 3211 782 3281 ἐγὼ
812 3211 1066 3265 τοσοῦτον
1093 3211 1518 3284 ἐπαισχύνεσθαι
1538 3230 1598 3266 το

1853 3213 1926 3257 est
1974 3211 2034 3256 ut
2085 3202 2193 3255 illis
2244 3201 2587 3266 erubescam,
2623 3208 2683 3254 ut
2713 3214 2869 3254 veros
2896 3198 3198 3267 discipulos
3243 3198 3361 3253 istis

92 3319 194 3365 τοις
209 3303 491 3376 διέστηκα,
514 3302 654 3357 ὥστε
684 3305 777 3357 καὶ
799 3304 925 3366 τοὺς
955 3303 1244 3375 ἀληθινοὺς
1269 3303 1520 3374 μαθητάς
1545 3321 1600 3358 το

1855 3297 2232 3366 aellationibus
2275 3307 2330 3349 et
2377 3294 2654 3348 habilibus
2708 3293 2840 3346 mihi
2885 3293 3221 3362 conjungere
3251 3303 3363 3347 sta-

96 3392 302 3463 κλήσεσι
361 3393 594 3455 ταύταις
655 3391 749 3446 καὶ
809 3388 1058 3461 σχέσεσιν
1115 3391 1340 3463 ἐμαυτῷ
1372 3391 1604 3444 συνάπτε

1855 3391 1991 3444 :rim.
2027 3389 2092 3442 Et
2135 3389 2264 3443 inde
2299 3391 2484 3442 videre
2521 3397 2606 3440 est
2651 3386 2782 3440 nihil
2827 3385 3023 3454 ingrati
3060 3385 3228 3439 animi
3267 3397 3363 3440 aut

96 3487 430 3557 προειλόμην.
468 3485 580 3539 Καὶ
611 3484 757 3538 ἔστιν
781 3483 1032 3538 ἐντεῦθεν
1059 3485 1289 3555 συνορᾷν
1321 3484 1396 3546 ὡς
1417 3485 1478 3536 ού
1511 3482 1604 3553 μόν

1851 3491 2120 3552 ntemptus
2161 3497 2286 3550 erga
2339 3491 2567 3534 matrem
2614 3479 2893 3549 praecilata
2932 3477 3096 3531 verba
3137 3493 3359 3548 expres-

95 3579 230 3631 οὐδὲν
280 3579 698 3649 ἀγνωμοσύνης,
727 3578 847 3632 οὐδὲ
898 3578 1258 3649 παροράσεως
1293 3580 1568 3648 μητρυιῆς
1599 3598 1603 3610 ι

1852 3591 1932 3641 se,
1962 3576 2056 3629 sed
2103 3584 2156 3628 et
2201 3575 2504 3628 maximum
2535 3572 2610 3624 illi
2658 3581 2714 3626 et
2761 3569 3042 3624 decentem
3095 3571 3357 3624 honorem

96 3671 530 3743 προενηνεγμένα
581 3671 803 3741 ῥήματα
845 3665 936 3741 ἦν,
967 3669 1103 3724 ἀλλὰ
1148 3671 1240 3723 καὶ
1269 3671 1368 3741 τὴν
1403 3671 1604 3741 μεγίστ

1849 3682 2132 3740 ενοι-3586.
2176 3666 2500 3720 Adeoenim
2542 3664 2618 3718 illi
2658 3665 3066 3717 veneratiom-m
3117 3673 3170 3716 et
3213 3677 3357 3716 mer-

94 3763 218 3834 αὐτῇ
250 3765 340 3817 καὶ
366 3763 692 3834 πρέπουσαν
712 3763 1218 3832 συγκατασκευάζει
1249 3763 1436 3831 τιμήν.
1469 3763 1602 3813 Τοσο

1853 3759 1958 3815 lem
2003 3759 2217 3827 tribuit,
2261 3768 2316 3812 et
2357 3759 2501 3828 quod
2548 3758 2752 3810 amoris
2799 3757 3011 3824 justum
3051 3766 3154 3819 est,
3205 3763 3262 3806 nt
3307 3765 3361 3808 ιιι

95 3871 174 3906 τον
202 3856 306 3925 γάρ
337 3856 482 3925 αὐτῇ
524 3855 621 3923 τὴν
654 3854 1062 3924 σεϐασμιότητα
1091 3855 1186 3906 καὶ¹
1230 3852 1291 3906 τὸ
1328 3855 1496 3924 γέρας
1531 3853 1603 3904 ἀπ

1849 3856 2107 3909 luntatem
2169 3865 2450 3923 paternam
2500 3840 2863 3920 adimplcntes
2899 3862 2951 3902 et
2994 3849 3059 3900 ad
3109 3856 3357 3901 sanctam

93 3949 229 4018 νέμει
245 3950 341 4011 καὶ,
363 3951 428 4003 τὸ
456 3948 665 4002 δίκαιον
686 3948 784 4016 τῆς
808 3947 1066 4018 στοργῆς,
1087 3947 1226 3999 ὥστε
1247 3946 1337 4000 καὶ
1362 3947 1488 4008 τοὺς
1512 3947 1601 3998 ὲκτ

1858 3953 1990 4004 tutis
2015 3949 2410 4003 sublimitatem
2454 3955 2810 4015 assurgentes
2856 3953 3116 4010 tanquam
3159 3943 3211 3995 in
3249 3957 3361 3994 ma-

93 4040 300 4107 λοῦντας
353 4044 416 4096 τὸ
475 4043 746 4113 πατρικὸν
793 4041 1024 4111 θέλημα,
1081 4041 1173 4093 καὶ
1224 4039 1359 4111 πρὸς
1411 4039 1601 4092 τοσοῦτ

1848 4060 1929 4096 am
1963 4043 2200 4111 aliquam
2229 4049 2282 4094 et
2306 4040 2564 4093 eximiam
2605 4039 2858 4109 gloriam,
2887 4039 2941 4092 in
2981 4036 3173 4092 matris
3199 4035 3356 4088 habi-

93 4135 415 4206 ἐπαρθέντας
477 4134 610 4203 ὕψος
659 4135 882 4205 ἀρετῆς,
913 4133 989 4194 ὼς
1018 4135 1098 4197 εἰς
1133 4133 1277 4204 μέγα
1305 4150 1358 4184 τι
1384 4131 1542 4203 δόξης
1569 4149 1601 4184 κ

1847 4150 1886 4187 at
1920 4142 1973 4188 et
2005 4133 2426 4202 appellationem
2456 4131 2716 4195 inducat;
2752 4127 2910 4196 cujus
2940 4145 3108 4184 causa
3137 4135 3191 4181 et
3224 4138 3355 4181 tunc

92 4227 370 4300 ἐξαίρετον,
405 4231 490 4292 εἰς
518 4228 614 4298 τὴν
651 4227 925 4299 μητρικὴν
957 4226 1142 4296 σχέσιν
1199 4227 1294 4278 καὶ
1321 4227 1514 4294 κλῆσιν
1543 4245 1600 4278 το

1848 4227 2032 4296 nporis
2070 4226 2303 4280 fratrum
2351 4223 2641 4293 appellatio
2688 4222 2897 4275 honore
2942 4220 3160 4274 fruitur.
3203 4219 3356 4273 Patet

91 4337 204 4385 τους
237 4324 483 4392 ἀνάγειν,
537 4322 615 4374 δι’
640 4321 707 4392 ἣν
755 4321 850 4374 καὶ
885 4323 918 4390 ἡ
945 4321 1054 4372 τῶν
1088 4319 1334 4388 ἀδελφῶν
1368 4318 1463 4373 νῦν
1497 4337 1596 4388 τιμ

1849 4330 1958 4383 tur,
2016 4327 2078 4373 ut
2119 4319 2323 4372 dictum
2381 4325 2484 4379 est,
2521 4331 2628 4368 non
2674 4315 2837 4369 modo
2877 4329 2984 4367 non
3029 4313 3083 4366 iu
3117 4313 3351 4366 materni

91 4413 340 4466 ἀπολαύει
365 4415 749 4486 προσηγορία·
788 4411 892 4465 ποῦ
931 4413 1041 4484 γὰρ
1089 4413 1157 4483 ἢν
1209 4412 1448 4482 ἔκρινεν,
1502 4411 1598 4464 είπ

1841 4413 1974 4468 toris
1995 4421 2049 4468 et
2080 4412 2450 4466 venerationis
2467 4409 2854 4463 detrimentum
2885 4407 3000 4460 hmc
3029 4406 3175 4460 dicta
3205 4419 3349 4467 esse:

92 4505 312 4577 ἔκρινεν,
360 4506 844 4570 ἀποσκευάζεσθαι
895 4505 1105 4575 σχέσιν,
1145 4504 1246 4558 ποῦ
1277 4505 1320 4557 δ’
1347 4503 1414 4557 ἂν
1456 4507 1522 4578 ἣν
1555 4506 1600 4558 et

1843 4508 1955 4574 Quae
1974 4516 2056 4562 est
2083 4512 2254 4560 mater
2283 4506 2437 4560 mea?
2461 4514 2622 4564 ietc.,
2652 4504 2815 4556 sedet
2834 4501 3244 4556 convenientem
3276 4499 3351 4551 illi

91 4599 256 4665 καίου,
283 4601 445 4671 εἴπερ
493 4600 754 4665 ἐδικαίου,
781 4599 1248 4669 παραγράφεσθαι
1277 4599 1489 4669 κλῆσιν,
1524 4615 1599 4650 τα

1838 4602 2084 4658 mimode
2151 4600 2381 4671 gloriam
2448 4607 2503 4653 et
2568 4597 3001 4653 benedictionem
3073 4594 3346 4650 conciliat.

92 4708 182 4761 την
209 4692 280 4757 ὡς
308 4691 578 4764 κορωνίδα
605 4692 698 4745 καὶ
729 4693 1027 4761 κεφάλαιον
1045 4691 1153 4744 τῶν
1176 4691 1394 4759 ἀγαθῶν
1419 4694 1533 4754 τοῖς
1552 4692 1600 4745 τι

1843 4694 2054 4747 tomodo
2092 4692 2236 4746 enim
2283 4707 2446 4760 quam
2490 4690 2794 4755 statuisset,
2841 4689 2889 4744 si
2912 4689 3216 4749 statuisset,
3253 4685 3351 4739 ha-

91 4783 318 4856 οὐρανῶν
347 4784 628 4856 βασιλείας
664 4783 1021 4855 κληρονόμοις
1053 4785 1334 4854 ἐπιφέρειν
1360 4800 1420 4836 τε
1447 4784 1540 4836 καὶ
1563 4801 1596 4854 χ

1838 4787 2074 4842 tudinem
2122 4785 2408 4851 abiecisse.
2445 4799 2609 4854 quam
2647 4783 2932 4846 voluisset,
2983 4781 3031 4836 si
3064 4779 3346 4835 voluisset.

97 4874 325 4944 ρίξεσθαι
386 4869 575 4948 χώραν
626 4871 808 4946 εἶχεν;
856 4875 1301 4946 Ἐμφανέστατον
1354 4875 1447 4929 οὖν
1503 4871 1605 4946 οἷμ.

1841 4879 2192 4950 pellationem
2223 4878 2570 4939 submovere,
2599 4891 2724 4930 eam
2774 4882 2831 4928 ut
2878 4875 3152 4943 tastigtum
3179 4881 3233 4926 et
3257 4886 3349 4926 ca-

95 4969 223 5023 κα.θά
253 4971 344 5023 καὶ
375 4971 701 5042 προείρηται
729 4971 976 5038 γέγονεν,
1004 4970 1080 5035 ὡς
1113 4969 1171 5022 οὑ
1200 4969 1360 5038 μόνον
1392 4970 1493 5022 οὐκ
1515 4969 1603 5022 ἔστ

1847 4963 2185 5036 tbonorum,
2215 4969 2368 5038 regni
2413 4963 2681 5024 cmlo'rum
2729 4966 3040 5022 haeredibus
3083 4964 3351 5022 inferendi

96 5061 205 5114 οὐδὲ
227 5065 300 5122 εἰς
322 5064 479 5135 ὓϐριν
495 5062 594 5132 τῆς
618 5061 894 5133 μητρικῆς
913 5063 1169 5133 στοργῆς,
1192 5062 1285 5115 καὶ
1302 5062 1485 5125 αίδοῦς
1499 5063 1561 5115 τὸ
1579 5080 1604 5116 τ

1242 5062 1285 5115 ϊι
1302 5062 1485 5125 αἰδοῦς
1499 5063 1561 5115 τὸ
1579 5063 1664 5126 τίς
1772 5071 1826 5118 ει
1849 5061 2192 5133 gratificandi
2217 5060 2501 5116 habuisset
2531 5060 2750 5114 locum?

97 5160 231 5216 ἐστιν
263 5163 297 5233 η
322 5163 507 5234 μήτηρ
543 5179 666 5232 μου,
690 5179 745 5214 κ.
765 5179 816 5214 τ.
833 5159 886 5215 λ.
911 5159 1200 5231 είρημένα,
1220 5160 1354 5214 ἀλλά
1385 5161 1481 5214 καὶ
1503 5163 1603 5231 τὴν
1629 5161 1952 5236 πρέπουσαν
1976 5161 2111 5231 αὐτῇ
2140 5157 2474 5229 πανταχόθεν
2508 5158 2730 5226 συνάγει
2760 5156 2917 5222 δόξαν
2939 5156 3032 5209 καὶ
3053 5156 3347 5227 εὐφημίαν.

167 5252 310 5308 (λ’ΰτω
351 5255 396 5308 δ’
428 5255 494 5310 ἃν
525 5257 896 5328 περιτραπείη
921 5258 1036 5319 τοῖς
1059 5254 1308 5326 ἀνοήτοις
1337 5254 1476 5326 πρὸς
1504 5255 1662 5307 τούν-

1844 5253 1919 5309 Ita
1944 5261 2122 5308 autem
2150 5252 2362 5307 insanis
2382 5251 2540 5321 longe
2565 5251 2724 5304 aliter
2737 5265 2902 5318 quam
2954 5248 3352 5318 gloriabantur,

100 5343 264 5401 ἀντίον
293 5349 325 5420 ἢ
350 5351 736 5421 ἐφρυάττοντο,
789 5351 926 5421 πρὸς
972 5351 1030 5404 δὲ
1071 5351 1171 5418 τὴν
1208 5350 1409 5421 εὐσεδῆ
1457 5352 1549 5404 καὶ
1589 5369 1608 5404 c

1874 5348 2018 5418 piam
2065 5355 2119 5402 et
2151 5345 2426 5416 propriam
2467 5344 2705 5398 divinam
2739 5344 3062 5412 sapientiam
3124 5357 3351 5396 convcr-

102 5439 244 5493 κείαν
268 5442 620 5496 ἀπευθύνοιτο
639 5442 929 5513 θεοσοφίαν
951 5441 1045 5496 κα)⁵
1059 5442 1142 5496 τόν
1167 5462 1185 5495 ι
1214 5443 1415 5508 Τίέμοὶ
1436 5445 1530 5496 καὶ
1554 5461 1610 5496 σο

1844 5447 1976 5496 'etur
2015 5447 2070 5495 et
2104 5438 2270 5492 illud:
2317 5456 2336 5490 ι
2367 5436 2506 5504 Quid
2552 5436 2688 5490 mihi
2718 5445 2772 5490 et
2805 5434 2924 5497 tibi,
2950 5433 3187 5489 mulier?
3211 5446 3352 5485 non-

102 5529 276 5598 γύναι;
307 5533 460 5590 οὔπω
485 5537 612 5609 ἥκει
643 5537 676 5606 ἠ
702 5535 820 5606 ὥρα
849 5552 974 5606 μου.
1008 5554 1025 5588 ι
1053 5536 1120 5590 El’
1146 5553 1228 5599 τις
1265 5537 1370 5607 γὰρ
1392 5535 1610 5604 ἐπιμελί

1840 5547 1905 5587 tm
1937 5533 2080 5587 venit
2121 5532 2255 5587 hora
2283 5546 2403 5586 mea
2424 5531 2490 5585 θ’.
2535 5548 2555 5582 ι
2601 5530 2656 5585 Si
2687 5529 2811 5600 quis
2861 5529 3008 5586 enim
3046 5529 3299 5582 acCurate
3330 5559 3348 5590 ,

169 5711 211 5742 ⁶⁹
239 5714 424 5767 Matth.
467 5729 583 5778 χιιι,
779 5718 818 5746 ⁸³
851 5713 1009 5768 Joan.
1054 5713 1240 5779 Ix,9.9.
1320 5713 1362 5744 °’
1394 5710 1549 5767 Joan.
1620 5727 1680 5777 ιι,
1745 5712 1796 5764 4.
