3820 6212
459 317 563 382 317

1616 305 1880 368 ΡΗΟΤΙΙ
1921 301 2428 364 PATRIARCHIE
2455 301 2565 362 CP.

3617 295 3714 359 348

460 450 524 491 ex
574 431 683 487 illis
731 443 853 499 qua:
901 428 1048 484 dicta
1088 433 1218 483 sunt
1257 425 1376 480 haec
1444 420 1818 481 meditaretur,
1853 416 2037 471 divina

2157 409 2228 481 ιφ’
2251 406 2334 472 οἷς
2371 409 2581 481 ἐρρήθη
2620 407 2793 462 ταῦτα
2834 406 3199 476 διαμελετῴη,
3231 405 3333 475 τῆς
3377 405 3531 468 θείας
3563 409 3714 477 χάρι-

462 525 636 594 gratia
683 527 1013 591 cooperante
1100 527 1156 573 et
1208 515 1388 571 labori
1437 512 1764 584 opitulante,
1797 509 2041 564 inveniet

462 631 588 670 eum
611 613 840 685 gloriam
863 621 918 666 et
951 611 1219 666 honorem
1251 609 1634 663 decernentem
1661 603 1844 673 potius
1875 615 2040 670 quam

463 715 837 776 contemptum
868 703 1094 759 omnino
1122 703 1265 756 hanc
1285 714 1475 755 vocem
1531 695 1806 752 emisisse.
1829 693 2042 748 Etenim

465 800 521 854 in
564 797 846 854 miraculis
888 795 1026 849 nihil
1073 801 1190 848 erat
1241 792 1402 846 matri
1437 796 1493 843 et
1540 787 1652 842 ﬁlio
1714 798 2040 851 commune;

463 889 726 960 quoniam
745 886 977 942 Deitatis
1011 892 1130 941 erat
1156 897 1253 954 per
1277 881 1512 950 seipsam
1549 875 1812 932 miracula
1846 875 2042 940 facere;

467 984 720 1038 humana:
759 989 941 1034 autem
970 987 1182 1032 natura:
1198 989 1309 1028 non
1341 971 1453 1042 jam
1482 986 1580 1040 per
1601 984 1681 1033 se,
1715 967 1810 1023 sed
1836 982 1932 1038 per
1956 981 2047 1022 as-

467 1089 688 1130 sumens
747 1072 999 1127 Verbum.
1048 1071 1296 1122 Attamen
1369 1064 1426 1119 in
1459 1062 1526 1117 iis
1589 1061 1645 1115 in
1683 1060 1881 1130 quibus
1910 1058 2048 1113 nihil

468 1167 629 1220 matri
666 1175 718 1219 et
757 1164 867 1217 filio
896 1172 1186 1216 commune
1214 1165 1352 1222 erat,
1395 1155 1519 1208 vide
1547 1151 1822 1223 quomodo
1854 1166 2046 1206 exces-

468 1273 591 1311 sum
622 1254 847 1310 honoris
878 1253 961 1307 vcl
992 1252 1046 1306 in
1077 1248 1396 1304 discrimine
1445 1245 1655 1300 statuit.
1691 1244 1862 1298 Matre
1895 1243 2044 1298 enim

468 1348 588 1418 ejus
621 1357 844 1416 rogante
879 1353 938 1397 ut
990 1342 1316 1396 miraculum
1352 1340 1577 1402 faceret,
1619 1347 1903 1406 postquam
1969 1335 2046 1388 si-

469 1437 743 1508 gnificavit
772 1451 880 1489 non
911 1449 1034 1489 esse
1061 1433 1114 1486 id
1146 1445 1438 1487 commune
1477 1430 1552 1483 illi
1590 1437 1642 1483 et
1667 1428 1788 1492 sibi,
1822 1435 1876 1480 et
1908 1434 2047 1479 tem-

468 1541 572 1594 pus
605 1523 846 1578 nondum
883 1522 1075 1576 adesse
1108 1535 1219 1590 quo
1255 1519 1540 1588 oportebat
1598 1516 1750 1585 signa
1795 1512 2049 1583 operari,

467 1630 595 1684 erga
631 1621 861 1668 matrem
922 1610 1282 1664 reverentiam
1317 1615 1372 1661 et
1424 1606 1686 1660 honorem
1729 1602 1967 1659 ostendit
1995 1609 2051 1656 et

468 1715 717 1776 tempore
766 1713 819 1758 et
847 1709 1192 1773 permutante
1243 1699 1488 1768 potentia
1523 1695 1804 1750 fortiorem
1837 1711 1851 1748 :
1883 1701 1937 1747 et
1975 1691 2050 1746 ita

2140 519 2232 566 τος
2265 501 2632 573 συνεργούσης
2671 517 2733 553 τε
2761 499 2855 552 καὶ
2879 501 2944 570 τῇ
2979 498 3176 569 μελέτῃ
3212 499 3710 568 συναντιλαμόανο-

2147 595 2335 666 μένης,
2369 593 2593 664 εὑρήσει
2620 593 2686 662 τῇ
2721 590 2892 662 μητρὶ
2927 575 3126 659 μᾶλλον
3167 589 3327 654 δόξαν
3355 590 3719 661 περιάπτοντα

2145 684 2240 738 καὶ
2277 684 2462 753 τιμὴν,
2489 682 2522 751 ἢ
2547 682 2852 752 παρόρασιν
2889 681 3026 744 ὅλως
3070 683 3318 750 ἀφιέντα.
3348 682 3460 736 Καὶ
3496 681 3604 752 γὰρ
3635 683 3719 735 ἐπὶ

2143 776 2256 837 τοῖς
2280 773 2550 844 θαύμασιν
2569 770 2722 825 οὐδὲν
2741 766 2811 842 ἦν
2833 771 3013 825 κοινὸν
3047 775 3127 841 cf
3140 771 3319 842 Μητρὶ
3347 771 3444 824 καὶ
3473 770 3555 840 τῷ
3577 771 3715 840 Υἱῷ·

2147 864 2270 917 ἐπεὶ
2309 866 2406 918 καὶ
2461 863 2716 930 θεότητος
2764 860 2866 929 μὲν
2908 857 2976 933 ἦν
3019 861 3080 915 τὸ
3119 862 3563 932 θαυματουργεῖν
3606 862 3717 914 καθ’

2148 957 2382 1026 ἑαυτήνο
2413 953 2761 1024 ἀνθρωπίνης
2795 953 2853 1007 δὲ
2881 953 3097 1021 φύσεως
3123 951 3312 1006 ούκὲτι
3355 951 3480 1004 καθ’
3508 952 3718 1018 ἑαυτήν,

2151 1047 2285 1102 ἀλλά
2311 1047 2399 1100 διά
2426 1046 2516 1099 τὸν
2547 1043 2954 1117 προσειληφότα
2986 1043 3180 1110 Λόγον.
3217 1041 3366 1112 Πλὴν
3399 1041 3496 1095 καὶ
3531 1040 3617 1108 ἐφ’
3649 1036 3718 1102 οἷς

2151 1139 2330 1194 κοινὸν
2379 1138 2534 1192 οὐδὲν
2578 1133 2647 1208 ἦν
2681 1135 2852 1208 μητρὶ
2873 1134 2968 1188 καὶ
3001 1133 3121 1203 υἱῷ,
3151 1134 3252 1201 ὅρα
3283 1132 3405 1196 πῶς
3434 1132 3536 1201 τὴν
3560 1133 3718 1202 ὑπερ-

2157 1231 2318 1302 ϐολὴν
2350 1230 2449 1298 τῆς
2474 1229 2641 1299 τιμῆς
2668 1230 2761 1282 καὶ
2789 1230 2849 1282 ἐν
2874 1231 2942 1298 τῇ
2963 1227 3192 1296 διαφορᾷ
3211 1226 3457 1295 συνιστᾷ.
3478 1224 3720 1294 Θαυματ-

2150 1323 2370 1393 ουργεῖν
2412 1319 2524 1389 γὰρ
2555 1320 2652 1385 τῆς
2698 1320 2905 1390 μητρὸς
2951 1317 3231 1386 ἀξιούσης,
3271 1316 3625 1385 ὲπισημῄνας
3656 1315 3721 1384 μὴ

2150 1411 2292 1468 εἶναι
2323 1412 2482 1466 τοῦτο
2512 1413 2689 1464 κοινὸν
2718 1411 2887 1482 αὐτῆς
2913 1427 2972 1462 τε
3006 1411 3100 1462 καὶ
3121 1408 3340 1472 ἑαυτοῦ,
3372 1407 3466 1461 καὶ
3495 1409 3592 1460 τὸν
3609 1426 3720 1460 και-

2156 1505 2247 1575 ρὸν
2284 1505 2359 1575 μὴ
2395 1508 2652 1576 παρεῖναι
2703 1503 2960 1573 προσθεὶς
3020 1500 3141 1554 καθ’
3171 1500 3230 1553 ὃν
3270 1501 3379 1552 ἔδει
3408 1499 3510 1562 τὰς
3541 1499 3721 1569 θεοσηο

2156 1598 2311 1669 μείας
2334 1600 2603 1670 ἐνεργεῖν,
2631 1597 2733 1668 τὴν
2762 1596 2898 1666 πρὸς
2915 1594 3016 1666 τὴν
3057 1596 3270 1665 μητέρα
3292 1593 3429 1648 αἰδῶ
3450 1593 3549 1646 καὶ
3571 1592 3722 1664 τιμὴν

2152 1688 2322 1752 ἔδειξε
2368 1690 2463 1740 καὶ
2487 1685 2582 1739 τοῦ
2625 1683 2818 1754 καιροῦ
2855 1683 3073 1752 καὶτῆς
3120 1682 3552 1752 διαλλαττούσης
3577 1682 3720 1734 δυνά-

470 1773 680 1852 tantum
715 1796 869 1849 abest
919 1791 1118 1860 utejus
1147 1791 1290 1844 dicta
1328 1797 1626 1842 maternam
1685 1784 1908 1854 gloriam
1949 1783 2053 1836 mi-

2159 1795 2304 1849 μεως
2346 1776 2845 1848 ἐπικρατεστέραν·
2876 1775 3016 1829 ὥστε
3059 1773 3312 1826 τοσοῦτον
3353 1775 3426 1826 τὰ
3468 1774 3720 1843 εἰρημένα

470 1900 661 1954 nuant,
716 1891 776 1942 ut
817 1895 1004 1941 contra
1024 1895 1078 1940 et
1104 1883 1276 1936 multo
1313 1881 1576 1950 majorem
1624 1893 1743 1932 eam
1794 1877 2049 1930 elliciant.

469 1981 605 2034 Eam
638 1979 782 2033 enim
811 1985 864 2030 et
911 1983 1156 2043 tempore
1183 1970 1499 2025 validiorem
1533 1968 1755 2026 credere
1794 1973 1848 2019 et
1880 1965 2051 2018 mira-

471 2073 720 2128 culorum
757 2067 1124 2138 congruentiae
1145 2063 1289 2135 leges
1324 2059 1629 2131 transgredi
1657 2056 1874 2121 deinde,
1905 2055 2050 2126 quod

472 2160 857 2234 praetendebat,
889 2157 1088 2221 facere,
1115 2162 1320 2226 quanto
1355 2153 1621 2224 majorem
1685 2150 1949 2204 honorem
1996 2154 2053 2202 et

474 2231 830 2302 reverentiam
870 2249 1044 2312 parat,
1072 2255 1236 2309 quam
1283 2238 1326 2292 si
1355 2238 1468 2290 haec
1512 2251 1616 2289 non
1670 2235 1816 2287 dit-ta
1847 2241 1901 2287 et
1960 2231 2050 2286 de.

475 2339 776 2386 iuonstrata
815 2335 1024 2381 essent.
1049 2323 1186 2377 Fere
1220 2322 1363 2377 enim
1390 2335 1485 2390 per
1508 2333 1571 2373 ea
1602 2333 1724 2387 quae
1747 2316 1960 2372 dicebat
2001 2322 2055 2369 et

475 2419 734 2480 faciebat,
791 2414 1030 2471 ostendit
1101 2413 1284 2467 dicens
1340 2429 1355 2464 :
1409 2409 1782 2464 Communitas
1846 2416 2054 2460 natura:

473 2510 922 2566 communitatem
987 2521 1094 2561 non
1138 2503 1346 2558 inducit
1403 2501 1665 2556 miracula
1726 2497 1970 2568 patrandi
2037 2514 2050 2550 :

479 2597 648 2664 «Quid
665 2595 796 2649 mihi
813 2605 865 2648 et
883 2593 999 2659 tibi,
1016 2592 1210 2646 mulier
1223 2590 1286 2644 ἰν»
1314 2589 1498 2659 Neque
1516 2587 1605 2642 Dei
1623 2587 1903 2656 signorum
1923 2599 2055 2638 con-

473 2704 673 2762 gruens
701 2699 913 2756 tempus
938 2696 1040 2740 est.
1073 2687 1322 2738 Attamen
1351 2692 1408 2735 ut
1437 2679 1599 2746 scias,
1625 2688 1680 2732 tu
1715 2687 1770 2732 et
1790 2682 2057 2745 quotquot

475 2783 543 2835 ad
585 2780 874 2834 videndum
893 2788 945 2833 et
973 2776 1300 2832 audiendum
1349 2772 1647 2844 indigentia
1690 2769 1935 2832 adduxit,
1970 2781 2056 2820 me

475 2871 574 2927 tibi
605 2882 849 2924 materna
875 2870 1001 2939 jura
1045 2867 1366 2922 intemerata
1400 2880 1640 2930 servare,
1691 2873 1745 2916 et
1777 2875 1899 2916 esse
1928 2873 2053 2914 eum

475 2964 569 3034 qui
606 2963 776 3025 legem
809 2961 972 3016 statui
1030 2969 1089 3014 ut
1115 2958 1273 3012 matri
1295 2959 1698 3011 venerationem
1749 2951 1847 3005 lilii
1913 2963 2058 3020 pra:-

476 3059 642 3117 stent,
689 3051 802 3105 imo
848 3064 976 3104 vero
1004 3062 1090 3101 me
1122 3047 1189 3101 iis
1217 3062 1338 3112 quae
1372 3045 1424 3098 in
1453 3055 1648 3098 natura
1681 3041 1850 3097 series
1875 3037 2059 3094 consi-

2151 1871 2252 1939 τῆς
2300 1869 2575 1940 μητρικῆς
2619 1867 2774 1938 δόξης
2810 1867 3017 1920 ἔνδειαν
3060 1866 3254 1929 ποιεῖν,
3296 1863 3372 1926 ὼς
3411 1864 3507 1916 καὶ
3540 1863 3720 1915 πολλα-

2154 1961 2416 2014 πλασίονα
2449 1959 2658 2030 ταύτην
2688 1959 2995 2013 ἀποτελεῖν.
3031 1955 3105 2011 Τὸ
3133 1958 3238 2026 γὰρ
3271 1958 3367 2009 καὶ
3400 1956 3594 2026 καιροῦ
3636 1972 3720 2008 xa-

2156 2051 2422 2123 ριωτέραν
2449 2050 2725 2121 ἡγεῖσθαι,
2756 2051 2852 2104 καί⁸
2881 2051 2985 2120 τῆς
3024 2049 3083 2102 ὲν
3117 2047 3393 2118 θαύμασιν
3410 2046 3718 2107 ἀκολουθίας

2154 2144 2589 2216 ὑπερϐαίνουσαν
2621 2143 2746 2206 τοὺς
2773 2142 2991 2212 νόμους,
3030 2139 3149 2194 εἶτα
3191 2139 3454 2210 πράττειν
3502 2138 3564 2191 τὸ
3603 2137 3718 2207 παρ’

2154 2237 2324 2306 αὐτῆς
2380 2234 2815 2306 προτεινόμενον,
2846 2234 2998 2300 πόσῳ
3032 2231 3470 2285 πολλαπλασίονα
3525 2230 3622 2300 τὴν
3644 2246 3715 2282 τι·

2158 2327 2264 2400 μὴν
2296 2328 2389 2380 καὶ
2413 2327 2513 2397 τὴν
2551 2325 2685 2379 αἰδῶ
2717 2324 3154 2390 κατασκευάζεις
3182 2323 3216 2394 ἢ
3245 2325 3295 2376 εἰ
3337 2321 3415 2393 μὴ
3436 2321 3607 2375 ταῦτα
3651 2323 3716 2372 εί-

2157 2419 2288 2490 ρητό
2315 2435 2374 2472 τε
2403 2418 2496 2471 καὶ
2527 2417 2898 2470 ἐπεδείκνυτο·
2929 2416 3212 2486 μονονουχὶ
3232 2414 3340 2483 γὰρ
3358 2413 3428 2468 δι’
3448 2409 3524 2466 ὧν
3539 2412 3716 2481 ἐφθέγ-

2155 2509 2282 2579 γετό
2309 2526 2366 2562 τε
2398 2509 2490 2562 καὶ
2519 2509 2806 2580 ἔπραττεν,
2835 2509 3201 2562 ἐπιδείκνυται
3228 2509 3423 2576 λέγων·
3453 2509 3519 2561 Ἦ
3544 2525 3717 2562 κοινωο

2156 2602 2245 2656 νία
2276 2602 2372 2672 μὲν
2404 2602 2504 2671 τῆς
2537 2601 2771 2670 φύσεως,
2802 2601 3090 2655 κοινωνίαν
3131 2602 3192 2655 ού
3225 2601 3448 2670 συνάγει
3475 2599 3572 2653 τοῦ
3600 2599 3716 2651 θαυ-

2160 2694 2506 2764 ματουργεῖν.
2538 2693 2604 2746 Τί
2641 2693 2764 2763 ὲμοί
2793 2692 2890 2746 καὶ
2934 2693 3039 2757 σοι,
3091 2692 3286 2759 γύναι;
3316 2693 3451 2745 Οὐδὲ
3484 2693 3513 2744 ὁ
3546 2691 3715 2759 καιρὸς

2157 2783 2422 2856 πάρεστιν
2467 2785 2496 2836 ὁ
2552 2783 2854 2853 ἐπιτήδειος
2905 2783 3012 2836 τῶν
3063 2783 3388 2856 θεουργιῶν.
3456 2783 3602 2852 Πλὴν
3645 2784 3717 2834 iu

2157 2875 2323 2942 γνῷς,
2354 2874 2417 2927 σύ
2439 2891 2500 2928 τε
2537 2875 2634 2928 καὶ
2656 2874 2814 2938 ὅσους
2834 2876 2967 2946 όρᾷν
2991 2875 3085 2929 καὶ
3112 2875 3332 2929 ἀκούειν
3361 2877 3395 2946 ή
3420 2875 3577 2947 χρεία
3609 2884 3715 2928 συν-

2158 2967 2385 3036 ήγαγεν,
2413 2967 2494 3020 ὅτι
2525 2967 2618 3020 καὶ
2643 2965 2709 3020 τὰ
2745 2967 2993 3036 μητρικά
3015 2985 3098 3020 σοι
3119 2967 3306 3021 δίκαια
3334 2968 3716 3036 ἀκαινοτόμῃτι

2159 3055 2431 3121 διασώζω,
2461 3057 2557 3110 καὶ
2578 3057 2739 3119 αὐτὸς
2767 3059 2795 3111 ὁ
2821 3057 2986 3126 νόμον
3020 3057 3244 3129 θέμενος
3270 3060 3386 3129 εἰμι
3417 3060 3584 3130 μητρὶ
3607 3060 3716 3120 toi»;

476 3145 737 3199 derantur
771 3149 825 3196 et
859 3138 1118 3208 temporis
1141 3137 1530 3208 opportunitati
1563 3149 1710 3188 tuam
1744 3131 2049 3186 veneratio-

2157 3147 2345 3211 παῖδας
2391 3149 2490 3216 τὴν
2536 3148 2943 3220 σεϐασμιότητα
2982 3149 3188 3220 νέμειν,
3221 3150 3422 3221 μᾶλλον
3454 3151 3513 3203 δὲ
3536 3151 3616 3203 ὅτι
3640 3151 3718 3201 καὶ

479 3245 602 3284 nem
637 3239 692 3283 et
732 3227 1095 3282 obedientiam
1144 3233 1200 3279 et
1252 3224 1478 3295 gloriam
1529 3233 1878 3290 anteponere,
1928 3232 2055 3273 ecce

478 3327 632 3372 muto
683 3332 882 3386 aquam
945 3315 1000 3368 in
1059 3315 1272 3378 vinum,
1331 3315 1440 3367 tuis
1483 3312 1736 3382 precibus
1766 3309 1884 3363 'illa
1935 3323 2056 3380 qua;

479 3408 590 3462 dixi
610 3409 848 3462 secunda
881 3404 1221 3460 facientibus.
1257 3404 1372 3458 Non
1399 3403 1540 3457 enim
1572 3401 1761 3457 eodem
1787 3400 1948 3454 modo
1980 3400 2051 3453 ibi

480 3499 686 3553 dictum
716 3509 798 3551 est
829 3497 958 3552 illud
985 3515 997 3550 :
1032 3496 1198 3562 «Quid
1228 3497 1322 3550 tibi
1350 3505 1403 3551 et
1433 3497 1616 3559 mihi,»
1664 3509 1774 3564 quo
1802 3494 1868 3548 ad
1902 3493 2054 3547 illum

480 3590 684 3644 dictum
731 3589 930 3658 estqui
971 3588 1247 3659 quaerebat
1275 3600 1330 3642 ut
1359 3589 1462 3658 ipsi
1496 3597 1734 3658 paternas
1769 3585 2055 3640 haeredita-

483 3679 552 3734 tis
583 3678 783 3732 arbiter
807 3677 962 3732 foret.
993 3676 1069 3732 lbi
1091 3679 1234 3732 enim
1267 3677 1441 3732 dixit:
1477 3677 1645 3743 «Quid
1686 3676 1819 3730 mihi
1844 3685 1898 3730 et
1919 3673 2057 3729 tibi?

480 3781 534 3825 et
551 3771 674 3840 quis
693 3785 778 3824 me
795 3769 1072 3823 constituit
1088 3769 1382 3838 principem
1405 3779 1458 3823 et
1464 3770 1702 3838 judicent
1715 3781 1880 3837 super
1895 3765 2045 3820 vos‘h

483 3861 634 3916 Hanc
661 3864 823 3917 verbo
857 3862 1264 3916 excusationem
1313 3869 1433 3915 actu
1468 3860 1766 3924 roboravit,
1801 3874 1900 3914 nec
1927 3873 2057 3913 cou-

483 3955 790 4009 testationis
820 3953 1039 4007 humilis
1070 3961 1122 4005 et
1145 3953 1341 4007 terreni
1404 3951 1540 4006 lucri
1579 3950 1744 4021 judex
1795 3950 1911 4004 fieri
1959 3963 2054 4003 vo-

480 4045 584 4100 luit
612 4063 626 4111 ;
657 4045 749 4100 sed
767 4060 888 4115 quae
921 4059 1015 4114 per
1038 4046 1198 4098 verba
1223 4043 1529 4114 abnegavit,
1559 4057 1656 4114 per
1678 4057 1844 4114 opera
1861 4041 2057 4097 deinde

483 4135 747 4192 ﬁrmavit.

554 4501 629 4556 lbi
654 4502 802 4558 vocis
827 4500 1001 4558 forma
1036 4519 1194 4570 usus,
1229 4513 1530 4560 maternam
1561 4507 1706 4561 circa
1731 4509 2050 4563 miraculum
2090 4479 2134 4535 Β

484 4594 808 4648 sententiam
840 4608 947 4648 non
978 4596 1307 4664 repudiavit,
1358 4612 1536 4666 neque
1580 4599 1910 4667 precationis
1949 4601 2054 4654 im~

483 4687 857 4754 probationem
891 4687 1157 4756 adjunxit.
1222 4688 1325 4743 Sed
1355 4700 1644 4760 postquam
1680 4692 2057 4746 incommuni-

487 4785 595 4830 tate
623 4786 831 4832 naturae
859 4777 1164 4833 divinorum
1183 4795 1408 4848 operum
1438 4782 1814 4837 excellentiam
1834 4784 2056 4838 docuis-

483 4875 586 4931 set,
618 4882 756 4936 opus
788 4883 1123 4924 concurrens
1154 4873 1793 4940 postulationiconcessit
1823 4894 1838 4942 ;
1887 4877 2053 4944 clare,

483 4967 545 5012 ut
559 4959 764 5013 dictum
793 4970 897 5023 est,
924 4962 1126 5031 pluries
1143 4974 1387 5020 statuens
1406 4975 1460 5020 et
1479 4969 1883 5038 opportunitate
1915 4979 2055 5025 tem-

484 5050 632 5121 poris
675 5061 729 5105 et
759 5053 1144 5109 miraculorum
1177 5059 1504 5126 proprietate
1547 5073 1846 5117 maternam
1887 5064 2054 5119 dilec-

486 5144 686 5208 tionem
726 5153 780 5199 et
809 5144 975 5199 decus
1006 5146 1126 5217 plus
1155 5149 1293 5217 apud
1321 5149 1496 5219 ipsum
1527 5153 1738 5208 valere.

2154 3237 2262 3291 τῶν
2286 3239 2344 3291 ὲν
2373 3240 2439 3309 τῇ
2471 3240 2631 3307 φύσει
2663 3238 3052 3310 θεωρουμένων
3078 3241 3288 3310 εἰρμῶν
3309 3241 3524 3310 καὶτῆς
3547 3241 3719 3306 Emm-

2155 3328 2424 3400 δειότητος
2449 3329 2545 3382 τοῦ
2588 3330 2782 3401 καιροῦ
2817 3332 2917 3403 ’ὴν
2957 3331 3053 3402 σὴν
3084 3332 3215 3384 αἰδῶ
3241 3334 3337 3386 καί
3364 3332 3608 3402 ὑπακοὴν
3638 3334 3719 3384 καὶ

2155 3421 2311 3488 δόξαν
2341 3421 2650 3495 ἔμπροσθεν
2677 3425 2959 3494 ποιοῦμαι,
2991 3425 3098 3478 ἰδοὺ
3146 3425 3470 3496 μεταϐάλλω
3496 3426 3556 3479 τὸ
3589 3425 3718 3495 ὕδωρ

2161 3515 2244 3579 εἰς
2266 3509 2429 3580 οἶνον,
2459 3517 2557 3585 τῆς
2585 3515 2683 3586 σῆς
2718 3515 2995 3582 ἀξιώσεως
3028 3520 3209 3570 ἐκεῖνα
3233 3518 3462 3590 δεύτερα
3508 3535 3719 3589 ποιησα-

2160 3606 2353 3676 μένης.
2392 3606 2528 3660 Ούδὲ
2553 3607 2661 3676 γάρ
2687 3609 2827 3668 κατὰ
2849 3609 2942 3661 τὸν
2963 3609 3074 3662 ἴσον
3092 3611 3292 3680 τρόπον
3315 3609 3550 3664 ἐνταῦθα
3575 3609 3715 3679 εἴρη-

2154 3714 2244 3751 ται
2278 3697 2337 3750 τὸ
2371 3716 2390 3749 ι
2423 3698 2488 3751 Τί
2518 3701 2661 3770 ἐμοὶ,
2687 3701 2778 3754 καὶ
2813 3701 2916 3767 σοί,
2945 3721 2963 3752 ι
3001 3703 3120 3755 καθ’
3149 3703 3207 3754 ὃν
3235 3703 3451 3773 εἴρηται
3481 3702 3614 3774 πρὸς
3637 3702 3716 3754 τὸν

2157 3789 2515 3859 ἐπιζητοῦντα
2582 3791 2862 3863 διαιτητὴν
2916 3792 3063 3865 αὐτῷ
3109 3794 3200 3847 τοῦ
3233 3794 3500 3864 πατρικοῦ
3528 3795 3713 3866 κλήρου

2157 3881 2513 3952 χρηματίσαι.
2553 3885 2701 3937 Ἐκεῖ
2717 3885 2825 3956 γὰρ
2849 3881 3027 3952 εἶπεν,
3065 3904 3082 3938 ι
3109 3886 3175 3941 Τί
3208 3888 3332 3956 ἐμοὶ
3361 3888 3454 3942 καὶ
3500 3888 3579 3941 σοί
3597 3907 3614 3954 ς
3641 3888 3720 3940 καὶ

2156 3974 2239 4038 τίς
2267 3991 2334 4045 με
2358 3975 2963 4055 κατέστησενιᾶρχοντα
2987 3981 3084 4032 καὶ
3111 3979 3375 4050 δικαστὴν
3403 3980 3489 4050 ἐφ’
3521 3982 3717 4050 opim

2156 4066 2235 4136 Τῇ
2271 4066 2467 4136 πράξει
2514 4068 2614 4136 τὴν
2646 4070 2705 4121 ὲν
2736 4069 2812 4140 τῷ
2852 4070 2994 4140 λόγῳ
3040 4071 3372 4142 παραίτησιν
3420 4071 3718 4133 ἐϐεϐαίωσε,

2157 4158 2252 4209 καὶ
2281 4157 2539 4228 δικαστὴς
2589 4160 3050 4233 ἀμφισϐητήσεως
3078 4163 3418 4234 χαμαιζήλου
3439 4165 3537 4218 καὶ
3574 4183 3722 4236 προσ-

2160 4245 2284 4299 ύλου
2319 4248 2546 4320 κέρδους
2574 4250 2674 4321 ούχ
2717 4252 2896 4306 εἵλετο
2928 4253 3204 4322 γενέσθαι,
3235 4254 3379 4310 ἀλλά
3408 4257 3509 4326 τὴν
3541 4258 3597 4310 ὲν
3625 4260 3721 4319 τοῖς

2161 4338 2402 4410 ῥήμασιν
2443 4339 2837 4413 ἀπαγόρευσιν,
2869 4346 2903 4416 ή
2931 4345 3020 4399 διὰ
3049 4345 3154 4399 τῶν
3181 4345 3360 4418 ἔργων
3396 4351 3719 4419 παραγρεφὴ

2158 4430 2445 4497 διεδέξατο.

2245 4523 2512 4576 Ἐνταῦθα
2561 4525 2618 4577 δὲ
2681 4526 2759 4596 τῷ
2826 4529 3066 4599 σχήματι
3117 4530 3464 4602 χρησάμενος
3500 4531 3599 4602 τῆς
3631 4550 3722 4602 9a;-

2163 4618 2280 4687 νῆς,
2325 4617 2426 4686 τὴν
2467 4619 2740 4689 μητρικὴν
2790 4621 2890 4674 ούκ
2927 4622 3292 4693 ἀπεπέμψατο
3321 4626 3449 4696 περὶ
3491 4625 3571 4696 τῷ
3617 4626 3725 4680 θαύ-

2165 4724 2297 4777 ματι
2353 4706 2614 4779 γνώμηνο
2667 4711 2787 4765 οὐδὲ
2827 4712 2930 4783 τῆς
2962 4715 3234 4785 αἰτήσεως
3275 4717 3608 4787 εἰσηγήσατο
3642 4717 3724 4785 τὴν

2163 4799 2441 4871 ἀθέτησιν,
2470 4802 2583 4856 ἀλλ’
2616 4805 2674 4857 ὲν
2702 4805 2768 4875 τῇ
2819 4805 3077 4877 κοινωνία
3107 4808 3206 4878 τῆς
3252 4807 3469 4877 φύσεως
3495 4811 3592 4878 τὴν
3628 4809 3726 4862 δια-

2165 4891 2338 4965 φορὰν
2369 4893 2718 4966 διδαξάμενος
2747 4896 2856 4950 τῶν
2885 4897 3333 4970 θεουργημάτων,
3358 4902 3421 4954 τὸ
3447 4902 3602 4973 ἔργον
3623 4901 3726 4955 σύν-

2161 4984 2361 5056 δρομον
2393 4985 2560 5051 ἔδειξε
2591 4987 2656 5057 τῇ
2687 4987 2930 5055 ἀξιώσει·
2950 4989 3158 5060 σαφῶς,
3176 4991 3252 5055 ὡς
3274 4991 3512 5063 εἴρηται,
3545 4992 3725 5046 πολλά-

2164 5091 2249 5139 κις
2278 5079 2558 5147 παριστῶν
2587 5081 2682 5134 καὶ
2713 5081 2813 5152 τῆς
2834 5084 3273 5156 ἐπιτηδειότητος
3296 5085 3392 5139 τοῦ
3422 5085 3615 5158 καιροῦ
3645 5087 3724 5140 καὶ

2162 5166 2260 5235 τῆς
2292 5168 2351 5220 ὲν
2378 5165 2650 5239 θαύμασιν
2681 5171 2941 5243 ἰδιότητος
2966 5176 3064 5245 τὴν
3089 5178 3362 5250 μητρικὴν
3398 5181 3629 5252 στοργήν
3649 5181 3723 5232 καὶ

2163 5255 2223 5307 τὸ
2254 5256 2408 5320 κλέος
2441 5259 2625 5330 μεῖζον
2656 5261 2860 5332 ἰσχύειν
2891 5266 3021 5337 παρ’
3056 5266 3222 5339 αύτῷ.
