3820 6212
158 310 257 372 349

668 424 1005 480 ΕΡΩΤΗΣΙΣ
1043 423 1191 489 MQ”.

1106 308 1205 368 AD
1235 304 1833 368 AMPHILOCHIUM
1873 304 2220 376 QU/ESTIO
2279 302 2483 371 XLVI.

3298 317 3405 380 350

2198 422 2527 489 QUASSTIO
2573 424 2738 480 XLvt
2778 428 2879 499 [aL
2912 428 3096 502 XLV].

156 514 282 582 Πῶς
297 517 369 570 οὐ
381 515 635 585 μάχεται
656 517 724 569 τὸ
745 534 766 567 ‹
818 515 1073 584 Ἐρῤήθη
1088 584 1091 585 ν
1109 512 1238 585 τοῖς
1270 514 1567 585 ἀρχαίοις*
1586 516 1719 583 ’οφ-

1900 514 2175 579 Quomodo
2203 530 2304 568 non
2333 516 2571 584 implicat
2630 517 2763 570 illud
2780 495 2816 573 *τ
2856 495 3100 573 «Dictum
3153 530 3229 575 est
3267 522 3403 576 unti-

220 583 451 655 θαλμόν
467 586 600 640 ἀντὶ
620 583 933 655 ὀφθαλμοῦ
950 585 1049 639 καὶ
1067 583 1282 655 ὀδόῖτα
1297 584 1431 655 ἀντὶ
1450 584 1716 655 ὀδόντος·

218 651 341 725 ἐγὼ
368 655 437 726 δὲ
461 656 615 723 λέγω
646 651 790 726 ὑμῖν
815 651 908 725 μὴ
937 651 1401 726 ἀντιστῆναιλτῷ
1435 654 1718 726 πονηρῷ·

217 721 352 779 ἀλλ’
394 721 562 791 ὅστις
602 721 956 794 adpositum
986 724 1085 779 ἐπὶ
1131 721 1247 790 τὴν
1284 721 1512 791 δεξιὰν,
1544 721 1721 794 στρέ-

217 798 335 863 ψογ
374 794 534 860 αὐτῷ
559 796 658 850 καὶ
685 797 800 864 τὴν
828 796 1050 865 ἄλλην.
1092 816 1111 850 ι

1826 588 1943 655 quis
1974 585 2245 661 :_0cului_n_
2269 603 2363 655 pro
2391 587 2541 638 oculo
2563 596 2611 661 _et
2647 588 2847 641 dentem
2875 590 3151 657 prodente,
3184 608 3275 661 ego
3305 609 3405 645 au-

1832 664 1935 709 tem
1964 656 2096 731 _di_co
2131 657 2274 709 vobis
2322 672 2426 708 non
2470 659 2714 731 resistere
2766 668 2928 731 moto,
2988 661 3078 731 sed
3116 656 3406 731 quicunque

1832 736 1880 780 te
1904 726 1975 778 ad
2014 728 2286 780 dexteram
2315 728 2590 795 percutiet,
2630 737 2766 782 certe
2783 727 2864 782 illi
2890 738 2938 783 et
2968 726 3261 785 sinistram.
3311 726 3329 782 ἰ

1134 910 1279 961 Edita
1302 926 1329 961 a
1357 911 1505 972 Maio,
1536 913 1572 962 ι.
1599 924 1664 973 c.,
1686 924 1737 973 p.
1769 908 1933 960 35-56.
1958 908 2023 957 In
2056 906 2229 957 Matth.
2264 921 2311 969 ν,
2343 907 2421 956 59.

218 1011 440 1081 Πρῶτον
467 1012 567 1083 μὲν
593 1015 729 1067 διότι
758 1014 787 1067 6
822 1015 1012 1070 εἰπών’
1051 1035 1070 1069 ι
1096 1018 1210 1071 Οὐκ
1237 1013 1401 1088 ἦλθον
1430 1017 1729 1073 καταλῦσαι

152 1102 236 1155 τὸν
257 1102 443 1171 νόμον,
462 1103 599 1157 άλλά
618 1104 722 1176 πλη
734 1105 927 1176 ρῶσαι,
950 1126 969 1158 ›
1001 1108 1163 1172 αὐτός
1190 1110 1338 1162 ἐστιν
1355 1111 1382 1162 6
1401 1109 1579 1180 ψῆφον
1601 1112 1731 1164 ἐκα-
1768 1098 1771 1102 Α

151 1195 308 1265 τέραν
338 1196 643 1264 ἐξενεγκὼν
666 1216 679 1229 ·
715 1200 892 1263 οὐδεὶς
919 1201 975 1253 δέ
1006 1201 1116 1271 ἄρα
1144 1202 1266 1256 ούδέ
1296 1203 1402 1257 τῶν
1433 1207 1729 1275 τυχόντων,

156 1289 276 1358 μήτι
303 1305 365 1356 γε
393 1290 718 1360 νομοθέτης,
762 1290 879 1361 ἅμα
916 1294 1180 1348 τάναντία
1212 1295 1361 1363 λέγει
1393 1296 1593 1366 ἐαυτῷ,
1619 1294 1730 1348 οὐδ’

151 1382 177 1432 6
198 1381 365 1448 λέγων
390 1382 687 1437 καταλύειν
703 1385 793 1438 τὸν
808 1387 993 1457 νόμον,
1014 1387 1115 1441 οὐκ
1143 1387 1210 1441 ἄν
1239 1388 1337 1451 τὰς
1354 1387 1731 1450 καταλυούσας

153 1479 305 1531 αὐτὸν
332 1480 663 1550 προεκόμιζε
683 1483 889 1555 φωνὰς,
910 1484 1004 1538 κα)¹
1028 1484 1265 1554 μάλιστα
1281 1486 1381 1540 οὐκ
1401 1487 1457 1540 ἐν
1476 1484 1620 1556 ἄλλῳ
1637 1485 1732 1539 καὶ

154 1573 205 1624 ἐν
234 1573 370 1643 ἄλλῳ
396 1573 595 1642 χρόνῳ,
621 1574 730 1628 οὐδ’
758 1578 813 1628 ἐν
850 1576 1014 1648 ἑτέρᾳ
1047 1579 1246 1647 φράσει
1268 1579 1363 1631 καὶ
1391 1579 1575 1650 ἑτέρᾳ,
1613 1579 1729 1631 ἀλλ’

154 1663 238 1713 ἐπὶ
266 1662 371 1715 τῶν
395 1664 577 1716 αὐτῶν
613 1666 875 1735 ῥημάτων
910 1668 1007 1719 καὶ
1032 1669 1160 1737 ἑξῆς
1179 1681 1193 1694 ·
1230 1668 1425 1723 οὐκοῦν
1454 1669 1555 1723 οὐκ
1578 1669 1729 1722 ἀντί-

153 1770 319 1807 κειται
336 1756 533 1821 ταῦτα,
553 1758 688 1810 ἀλλά
712 1760 909 1814 πολλοῦ
932 1762 1028 1815 δεῖ.
1050 1763 1102 1816 Ἀ
1113 1761 1237 1832 λλ’ή
1254 1762 1353 1832 μὲν
1373 1763 1481 1816 τῶν
1498 1762 1727 1816 ἐντολῶν

153 1848 297 1918 λόγον
312 1851 512 1921 ἔχουσα
529 1855 850 1925 νομοθεσίας
866 1859 1186 1929 ρυθμίζειτε
1199 1860 1290 1913 καὶ
1307 1861 1621 1930 καταρτίζει
1635 1860 1727 1913 τὸν

154 1943 334 2015 κριτὴν
362 1946 660 2001 ἀδέκαστον
690 1950 788 2019 μὲν
809 1949 954 2020 ἔχειν
973 1952 1072 2021 τὴν
1095 1951 1341 2021 γνώμην,
1375 1951 1729 2024 ἀδυσώπητον

154 2036 205 2090 δὲ
233 2039 328 2106 τὴν
356 2038 564 2107 ψῆφον,
596 2042 883 2111 ἰσόρροπον
904 2043 963 2095 δὲ
1000 2046 1265 2115 παρέχειν
1297 2048 1408 2109 τοῖς
1432 2045 1728 2115 δικαζομέ-

153 2147 253 2191 νοις
276 2129 363 2181 τὸν
391 2130 493 2199 τῆς
520 2130 676 2200 δίκης
708 2134 1006 2204 ὀφθαλμόν.
1053 2136 1116 2188 ἹΙ
1130 2136 1186 2188 δὲ
1214 2136 1449 2205 λέγουσα
1484 2136 1558 2207 μὴ
1579 2138 1729 2191 ἀντι-

155 2222 332 2289 στῆναι
369 2221 447 2293 τῷ
496 2224 741 2295 πονηρῷ,
772 2229 831 2280 ὲν
864 2227 963 2299 ἴσῳ
1010 2229 1128 2282 ἐστὶ
1160 2230 1256 2283 τοῦ
1309 2229 1384 2300 μὴ
1415 2228 1725 2294 ἐπεξελθεῖν

157 2310 269 2380 μηδ’
332 2313 646 2382 ἀμύνασθαι
691 2318 836 2370 κατὰ
876 2320 942 2371 τὰ
991 2318 1385 2390 πονηρεύματα
1430 2319 1597 2373 αὐτοῦ
1636 2321 1728 2373 τὸν

154 2402 381 2473 ἄρξαντα
411 2407 615 2479 χειρῶν
639 2410 841 2463 ἀδίκων
860 2426 874 2439 ⁶
910 2412 1004 2463 καὶ
1043 2413 1144 2466 οὐκ
1183 2413 1264 2467 ἔτι
1292 2414 1431 2486 αὐτὴ
1474 2416 1613 2486 πρὸς
1634 2415 1727 2469 τὸν

155 2500 338 2566 κριτὴν
386 2500 602 2571 ἀφορᾷ,
652 2502 788 2556 ἀλλὰ
834 2503 895 2556 τὸ
943 2505 1273 2576 ἠδικημένον
1316 2509 1609 2578 πρόσωπον
1647 2510 1728 2573 εἰς

155 2589 441 2645 ἐπιείκειαν
486 2597 580 2647 καὶ
613 2596 905 2650 εὐλάϐειαν
943 2600 1276 2671 παρακαλεῖ.
1311 2601 1480 2655 Τοῦτό
1522 2619 1586 2670 γε
1633 2603 1728 2656 καὶ

155 2682 238 2734 τὸν
265 2685 561 2754 ἠδικηκότα
595 2687 841 2757 αἰσχύνει
875 2695 967 2745 καὶ
1005 2693 1233 2761 μετάγει
1260 2694 1358 2763 τῆς
1389 2694 1728 2765 θρασύτητος

156 2775 244 2826 καὶ
271 2777 529 2841 ἀπονοίας
559 2780 650 2831 ἐπὶ
674 2780 732 2833 τὸ
762 2783 1073 2852 μεταμελού
1083 2802 1243 2854 μενον
1273 2785 1368 2838 καὶ
1391 2786 1653 2855 κατηφὲς,
1678 2786 1728 2838 εί

160 2868 330 2938 μήπου
368 2869 562 2942 θηρίον
675 2874 886 2946 μορφὴν
915 2876 1203 2947 ἀνθρώπου
1240 2877 1724 2948 περιϐαλλόμενον,

157 2962 245 3014 καὶ
277 2962 365 3015 τὸν
408 2964 740 3036 ἠδικημένον
774 2968 851 3037 τῷ
880 2969 983 3039 τῆς
1024 2970 1331 3040 πραότητος
1375 2972 1467 3023 καὶ
1512 2971 1727 3040 φιλοσο-

159 3053 277 3122 φίας
323 3058 578 3128 στεφάνῳ
610 3062 823 3128 κοσμεῖ.
863 3062 974 3114 Καὶ
1026 3063 1135 3135 γὰρ
1181 3062 1429 3127 ἐξουσίαν
1466 3062 1616 3134 αὐτῷ
1650 3063 1730 3117 δί-

1901 1014 2084 1083 Primo
2120 1013 2362 1082 quidem,
2388 1013 2518 1084 quia
2550 1013 2643 1084 qui
2671 1012 2807 1068 dixit
2837 1030 2851 1068 :
2876 1011 3023 1067 «Non
3053 1014 3174 1068 veni
3196 1014 3408 1069 solvere

1829 1086 2026 1177 legem,
2069 1105 2163 1160 sed
2220 1106 2521 1176 adimplere
2553 1106 2618 1169 “,
2659 1124 2677 1157 ι
2717 1106 2832 1175 ipse
2879 1114 2963 1159 est
2991 1104 3085 1173 qui
3116 1114 3409 1176 utrumque

1828 1198 2106 1252 deet-etum
2152 1198 2319 1261 tulit;
2349 1212 2510 1252 nemo
2545 1197 2730 1267 igitur,
2764 1198 3080 1267 quicunque
3117 1198 3280 1250 etiam
3313 1198 3404 1262 sit,

1828 1292 1932 1347 sibi
1973 1292 2075 1360 ipsi
2102 1292 2449 1355 contradicit,
2488 1301 2541 1345 et
2592 1291 2687 1361 qui
2740 1305 2800 1345 se
2848 1304 2957 1343 non
2993 1290 3205 1345 solvere
3235 1290 3407 1359 legem

1828 1384 1979 1447 dicit,
2014 1399 2123 1438 non
2157 1400 2277 1452 quae
2315 1384 2492 1452 ipsum
2535 1383 2831 1445 solverent,
2882 1396 3045 1436 voces
3106 1382 3403 1447 emisisset,

1828 1486 1881 1529 et
1908 1476 2207 1545 praesertim
2251 1491 2359 1530 non
2396 1476 2503 1529 alio
2532 1484 2586 1529 et
2613 1475 2721 1528 alio
2756 1482 3018 1541 tempore,
3057 1490 3166 1528 non
3205 1475 3259 1527 in
3303 1475 3408 1528 alia

1827 1577 1881 1623 et
1912 1567 2017 1621 alia
2043 1567 2248 1636 phrasi,
2269 1567 2361 1620 sed
2396 1567 2591 1620 iisdem
2623 1566 2800 1620 verbis
2828 1575 2880 1620 et
2908 1582 2973 1619 ex
2993 1566 3205 1619 ordine.
3237 1567 3407 1634 Igitur

1828 1658 1944 1713 IIIBC
1972 1675 2081 1713 non
2113 1657 2216 1713 sibi
2241 1657 2643 1721 contradicunt,
2665 1656 2892 1709 multum
2929 1670 3061 1709 sane
3100 1655 3273 1708 abest.
3303 1652 3409 1707 Sed

1832 1764 2004 1804 unum
2042 1749 2260 1819 quidem
2325 1748 2682 1816 legislationis
2722 1750 2991 1801 rationem
3021 1747 3226 1800 habens
3260 1745 3410 1815 judi-

1832 1860 1950 1899 eem
2000 1844 2065 1897 ad
2098 1842 2373 1897 ferendam
2405 1842 2775 1910 incorruptam
2831 1839 3153 1893 sententiam
3193 1846 3246 1892 et
3275 1839 3412 1893 irre-

1827 1935 2073 1990 vocabile
2097 1934 2376 1988 decretum
2449 1932 2669 1987 ordinat
2723 1941 2777 1985 et
2826 1937 2977 1999 aptat
3009 1936 3063 1983 et
3097 1929 3163 1984 ad
3194 1943 3411 1998 zequum

1826 2028 2053 2098 justitiee
2082 2026 2302 2081 oculum
2362 2024 2415 2079 in
2465 2024 2734 2095 judicium
2790 2022 2997 2077 vocatis
3040 2021 3409 2091 praebendum.

1830 2120 1988 2187 Quod
2028 2129 2210 2174 autem
2239 2117 2391 2188 jubet
2433 2116 2684 2187 improbo
2711 2130 2819 2169 non
2864 2114 3140 2180 resistere,
3189 2112 3415 2183 perinde

1830 2218 1915 2265 est
1951 2226 2016 2266 ac
2047 2210 2092 2264 si
2128 2208 2346 2279 juberet
2370 2207 2781 2276 noninsurgere
2814 2218 2992 2275 neque
3029 2218 3089 2258 se
3126 2202 3415 2257 defendere

1830 2303 2090 2356 adversus
2140 2316 2265 2355 eum
2321 2301 2414 2369 qui
2468 2314 2569 2353 sua
2625 2299 2833 2354 scelera
2889 2297 3144 2351 manibus
3197 2294 3416 2366 injustis

1831 2394 2111 2464 cwpit;et
2143 2392 2272 2447 illud
2304 2407 2414 2446 non
2443 2391 2557 2461 jam
2605 2391 2673 2446 ad
2707 2390 2947 2460 judicem
2991 2390 3245 2460 respicit,
3318 2389 3416 2444 sed

1830 2489 2064 2544 multum
2094 2486 2297 2556 injuria
2335 2485 2589 2539 aﬂ‘eetum
2644 2484 2709 2537 ad
2737 2483 3207 2539 mansuetudinem
3247 2491 3304 2537 et
3324 2482 3418 2536 be-

1830 2580 2200 2637 nevolentiam
2255 2578 2472 2633 invitat.
2500 2576 2574 2631 Ex
2606 2592 2710 2630 una
2740 2585 2894 2646 parte
2937 2575 3157 2645 quidem
3194 2582 3249 2629 et
3272 2574 3418 2644 inju—

1828 2675 1967 2729 riam
2037 2673 2328 2727 facientem
2391 2671 2592 2724 rubore
2641 2669 2926 2735 suﬂundit,
2965 2679 3019 2723 et
3078 2684 3141 2722 ea
3188 2668 3417 2722 audacia

1831 2776 1886 2822 et
1914 2766 2186 2821 dementia
2214 2764 2281 2819 ad
2304 2763 2680 2834 paenitentiam
2710 2772 2765 2817 et
2790 2762 3149 2817 humilitatem
3179 2760 3415 2828 reducit,

1831 2860 1876 2915 si
1939 2860 2183 2912 nondum
2234 2859 2350 2912 fera
2392 2856 2463 2912 sit
2529 2856 2772 2911 hominis
2827 2854 3005 2909 forma
3077 2854 3315 2919 induta;
3362 2860 3418 2908 et;

1831 2950 2030 3020 injuria
2110 2947 2363 3002 affectum
2425 2945 2867 3000 mansuetudinis
2939 2955 2994 3000 et
3060 2944 3417 3014 phiIOSOphia:

1830 3059 2035 3098 corona
2062 3042 2314 3096 adornat.
2349 3040 2561 3095 Etenim
2594 3039 2871 3094 licentiam
2900 3038 2949 3092 ei
2986 3038 3079 3093 dat
3139 3038 3222 3093 lex
3256 3053 3285 3092 a
3316 3038 3410 3092 lae-

157 3145 309 3199 δωσιν
334 3150 361 3202 6
386 3150 556 3219 νόμος
587 3151 681 3205 τὸν
702 3130 1048 3223 λελυπηκότα
1076 3130 1234 3227 δίκην
1263 3130 1690 3228 εἰσπράττεσθαι
1712 3176 1726 3191 ³

1837 3137 2004 3191 dente
2037 3149 2258 3205 ptenam
2289 3130 2615 3202 reposeendi
2649 3149 2664 3197 ;
2725 3131 2771 3186 si
2804 3141 2987 3185 autem
3028 3130 3117 3183 ille
3150 3130 3291 3185 hanc
3349 3130 3418 3185 li-

156 3238 182 3288 6
208 3238 259 3290 δέ
288 3240 382 3311 τὴν
432 3242 684 3306 ἐξουσίαν
720 3244 786 3298 ἂν
829 3247 911 3309 είς
956 3246 1367 3317 φιλανθρωπίαν
1409 3248 1585 3321 τρέψῃ
1633 3249 1729 3302 καὶ

157 3328 242 3382 τοῦ
269 3333 541 3401 ὁμοφύλου
568 3333 707 3406 λάϐῃ
736 3335 904 3400 ἔλεον,
935 3339 1013 3400 είς
1045 3339 1204 3407 μόνον
1226 3338 1318 3391 τὸν
1342 3338 1589 3409 ἀρχηγὸν
1617 3338 1727 3394 τῶν

160 3421 330 3475 κακῶν
366 3426 466 3477 καὶ
512 3425 605 3477 τὸν
638 3426 864 3497 ἀρχαῖον
901 3426 1160 3498 πολέμιον
1194 3429 1288 3481 τοῦ
1335 3430 1528 3498 γένους
1568 3429 1727 3501 ἡμῶν

156 3516 444 3571 ἀποτείνων
474 3518 563 3571 τὸν
591 3520 801 3574 δίκαιον
833 3522 1022 3590 θυμὸν,
1051 3516 1204 3585 οὗτός
1231 3524 1380 3575 ἐστιν
1410 3522 1484 3586 ὡς
1512 3522 1727 3593 ἀληθῶς

157 3606 183 3658 6
211 3610 297 3660 καὶ
325 3611 421 3680 τῆς
464 3611 815 3684 ἀνθρωπίνης
860 3614 1076 3682 φύσεως
1120 3613 1475 3683 ἐξευγενίζων
1509 3615 1569 3670 τὸ
1595 3616 1727 3669 αύτ-

160 3698 407 3769 εξούσιον,
440 3705 539 3758 καὶ
570 3706 662 3759 τὸν
696 3708 874 3760 κοινὸν
919 3708 1195 3778 Δεσπότην
1228 3708 1325 3771 τὰς
1377 3706 1727 3779 ἀνθρωπίνας

159 3792 363 3862 ὀφειλάς
394 3798 538 3868 ἔχων
561 3800 867 3855 διαλύοντα.
900 3803 974 3855 Οὐ
1003 3802 1112 3871 γὰρ
1140 3801 1277 3872 πρὸς
1304 3800 1432 3855 ἄλλο
1457 3800 1553 3854 τοῦ
1578 3801 1728 3854 ἐναν-

158 3888 266 3941 τίου
304 3890 471 3959 φύσις
514 3893 925 3962 συμπλέκεσθαι
949 3911 963 3926 ο
1015 3895 1152 3948 ἀλλὰ
1179 3895 1269 3947 διὰ
1300 3893 1410 3947 τῶν
1436 3893 1615 3947 αὐτῶν
1644 3891 1725 3958 οἷς

158 3982 219 4036 ἂν
249 3987 515 4056 πρόεισιν,
561 3990 595 4060 ἡ
631 3988 779 4060 μάχη
825 3989 1093 4059 πρόεισιν.
1126 3988 1357 4051 Ἔλαϐες
1400 3988 1603 4058 κράτος
1635 3986 1725 4041 τὸν

158 4076 446 4148 ἠδικηκότα
477 4082 628 4151 νόμῳ
665 4080 946 4146 κολάζειν·
980 4083 1028 4134 εί
1078 4079 1177 4151 μὲν
1201 4080 1471 4145 κολάσεις,
1504 4078 1721 4150 ἄδηλον,

160 4167 205 4219 εί
236 4171 322 4223 καὶ
358 4171 430 4242 μὴ
461 4171 640 4227 λαῦὼν
671 4176 735 4244 τῇ
767 4174 1009 4244 τιμωρίᾳ
1047 4172 1142 4226 τοῦ
1182 4173 1412 4242 πλησίον
1445 4173 1724 4245 ἐπεπήδη-

164 4273 271 4323 σας,
305 4262 481 4315 καὶτὸ
512 4262 716 4331 φθάσαι
749 4262 941 4317 παθεῖν
971 4262 1063 4317 τοῦ
1098 4264 1173 4333 μὴ
1206 4265 1451 4333 ποιῆσαι,
1484 4262 1618 4315 ἀλλὰ
1649 4262 1724 4334 μὴ

162 4353 518 4425 φιλανθρώπῳ
563 4354 756 4426 γνώμῃ
793 4355 888 4407 καὶ
938 4355 1247 4425 φιλαδέλφῳ
1274 4355 1373 4425 τὴν
1412 4354 1610 4425 πρᾶξιν
1636 4354 1726 4419 ἐξ·

160 4444 403 4514 ἤνεγκας.
442 4449 506 4500 Ei
543 4448 600 4502 δέ
633 4449 708 4518 μὴ
751 4448 1025 4513 κολάσεις,
1060 4440 1259 4520 στήλην
1294 4447 1529 4515 έστησας
1571 4446 1727 4512 ἀνεξ-

1835 3231 2068 3287 centiam
2111 3229 2165 3282 in
2217 3228 2616 3281 humanitatem
2645 3233 2817 3279 vertat
2842 3232 2897 3279 et
2940 3224 3261 3294 congeneris
3314 3225 3418 3277 mi-

1836 3323 2190 3379 sericordiam
2228 3320 2523 3389 concipiat,
2554 3320 2605 3372 in
2641 3333 2808 3371 unum
2839 3317 3105 3372 malorum
3141 3318 3336 3372 ducem
3364 3330 3419 3373 et

1835 3415 2120 3485 antiquum
2170 3413 2385 3483 generis
2418 3411 2587 3466 nostri
2653 3410 2865 3465 hostem
2928 3410 3132 3479 justum
3171 3410 3418 3465 animum

1836 3508 2185 3578 protendens,
2218 3505 2306 3558 ille
2337 3512 2422 3559 est
2450 3519 2578 3559 vere
2604 3503 2861 3557 humana:
2923 3511 3129 3557 natura:
3185 3503 3417 3558 liberum

1834 3600 2120 3657 arbitrium
2163 3598 2325 3669 plane
2378 3611 2704 3667 generosum
2739 3595 2948 3652 faciens
2975 3604 3030 3651 et
3066 3611 3416 3651 communem

1834 3694 2123 3748 Dominum
2165 3694 2403 3746 humana
2474 3691 2653 3745 debita
2718 3690 2927 3745 habens
3004 3689 3413 3745 dissolventem.

1832 3784 1950 3841 Non
1984 3786 2128 3839 enim
2178 3785 2244 3839 ad
2269 3784 2415 3838 aliud
2460 3782 2722 3837 contrarii
2767 3792 2961 3836 natura
3010 3793 3094 3837 est
3129 3784 3413 3850 connecli;

1834 3879 1928 3934 sed
1981 3878 2170 3932 iisdem
2197 3878 2398 3946 quibus
2461 3875 2728 3954 procedit,
2789 3889 2966 3945 pugna
3003 3877 3268 3944 procedit.
3314 3877 3416 3930 Po-

1834 3977 2083 4024 testatem
2119 3966 2381 4037 accepisti
2427 3980 2551 4020 eum
2589 3966 2682 4034 qni
2725 3965 2982 4035 injuriam
3028 3966 3221 4021 fecerit
3296 3968 3415 4036 lege

1834 4060 2132 4128 castigandi
2176 4075 2191 4125 ;
2227 4059 2271 4113 si
2308 4056 2529 4127 quidem
2575 4048 2956 4127 castigaveris,
3011 4058 3280 4112 incertum
3328 4070 3415 4114 est

1834 4152 2143 4209 voluerisne
2198 4150 2437 4205 vindicta
2475 4150 2760 4220 praemium
2820 4150 3165 4217 conculcare,
3205 4166 3277 4205 an
3316 4167 3416 4207 vo-

1833 4248 2005 4303 lueris
2036 4247 2146 4316 pati
2188 4260 2297 4299 non
2329 4257 2513 4313 agere,
2551 4242 2902 4313 humanaque
2935 4252 2990 4298 et
3033 4242 3272 4299 fraterna
3321 4262 3415 4301 vo-

1832 4342 2045 4396 luntate
2096 4339 2367 4393 actionem
2420 4335 2691 4406 posueris.
2723 4335 2779 4390 Si
2814 4347 2994 4390 autem
3022 4353 3125 4391 non
3181 4339 3414 4409 castiga-

1835 4434 1999 4499 veris,
2025 4431 2367 4487 indelebilem
2398 4429 2707 4484 columnam
2742 4429 3097 4484 humanitatis
3115 4431 3414 4485 etelemen-

161 4511 402 4593 ἀλειπτον
431 4540 527 4594 καὶ
552 4511 964 4611 φιλανθρωπίας
1000 4511 1093 4594 καὶ
1134 4511 1460 4611 πραότητος,
1508 4539 1602 4592 καὶ
1647 4538 1725 4610 τῷ

1833 4527 1919 4581 tia:
1964 4524 2208 4589 erexisti,
2238 4532 2292 4578 et
2321 4522 2387 4576 ad
2420 4523 2544 4577 vita:
2573 4522 2882 4577 institutum
2913 4523 3219 4591 exemplum
3275 4539 3410 4592 prte-

163 4633 255 4703 βίῳ
282 4637 629 4707 παράδειγμα
660 4636 1076 4698 καταλέλοιπας,
1111 4633 1513 4705 φιλανθρώπως
1542 4650 1599 4685 τε
1632 4634 1726 4687 καὶ

1833 4618 1994 4673 buisti
2026 4633 2084 4673 se
2116 4616 2428 4670 humaniter
2460 4623 2514 4668 et
2550 4614 2975 4669 misericorditer
3020 4614 3075 4667 in
3133 4614 3411 4684 proximos

162 4705 497 4795 πραωςήτοϊς
541 4705 833 4799 δμογενέσι
880 4725 1441 4797 συναναστρέφεσθαι,
1493 4724 1726 4794 μάλιστα

1833 4707 2202 4765 convertendi.
2266 4705 2371 4760 Sed
2431 4706 2575 4775 quod
2613 4705 3067 4760 amabilissimum
3113 4708 3410 4776 praesertim

161 4817 212 4870 δὲ
254 4821 311 4872 τὺ
357 4819 772 4891 ἐρασμιώτατον
822 4819 916 4871 καὶ
968 4817 1390 4889 μακαριώτατον
1446 4816 1581 4888 πρὸς
1628 4815 1726 4887 τὴν

1833 4811 2003 4858 estet
2054 4799 2456 4861 beatissimum,
2505 4813 2600 4865 per
2637 4797 2783 4852 hunc
2831 4807 3012 4851 actum
3047 4800 3111 4851 ad
3170 4798 3411 4853 divinam

163 4908 300 4962 θείαν
348 4890 497 4966 ἐστὶν
550 4912 854 4981 ἀναχθῆναι
900 4910 988 4963 διὰ
1028 4909 1129 4979 τῆς
1177 4908 1431 4978 τοιαύτης
1475 4906 1726 4979 πράξεως

1833 4894 2055 4965 erigeris
2079 4892 2435 4946 imitationem
2470 4901 2523 4943 et
2553 4890 2872 4954 bonitatem,
2903 4900 2956 4945 et
3004 4890 3149 4946 ﬁlius
3191 4892 3285 4947 Dei
3329 4908 3414 4949 se-

166 5000 384 5072 μὶμησίν
413 5020 473 5056 τε
509 5004 602 5058 καὶ
637 5003 972 5073 ἁγαθότητα,
1001 5003 1097 5056 καὶ
1127 5001 1256 5055 Υίὸν
1293 4998 1431 5053 Θεοῦ
1461 4998 1603 5053 κατά
1628 4998 1724 5068 χά-

1833 4990 2061 5045 :undum
2094 4987 2322 5054 gratiam
2380 4995 2432 5039 et
2451 4994 2579 5039 eset
2611 4985 2874 5047 nosceris,
2924 4994 2983 5039 ut
3036 4987 3411 5043 substantialis

166 5108 242 5161 ριν
270 5100 360 5149 καὶ
392 5098 731 5168 χρηματίσαι
772 5097 869 5150 καὶ
899 5095 1233 5165 γνωσθῆναι,
1258 5094 1333 5156 ὡς
1370 5095 1404 5165 ἡ
1430 5093 1725 5147 ἐνυπὸστα-

1833 5081 2108 5137 afﬁrmavit
2150 5077 2416 5148 sapientia
2455 5084 2509 5131 et
2539 5076 2782 5132 veritas:
2820 5076 3037 5132 (Estote
3081 5078 3225 5132 enim
3246 5081 3411 5134 mise-

164 5199 247 5247 τος
300 5186 595 5241 ἐϐεϐαίωσε
661 5189 823 5256 σοφία
870 5187 968 5240 καὶ
1026 5186 1291 5254 ἀλήθεια·
1342 5184 1558 5251 γίνεσθε
1616 5183 1726 5253 γὰρ

1833 5174 2084 5237 ricordes,
2107 5173 2249 5229 sicut
2296 5180 2351 5225 et
2407 5169 2566 5225 Pater
2616 5182 2794 5226 vester
2819 5171 3130 5226 misericors
3158 5180 3243 5226 est
3283 5172 3328 5203 °’*
3358 5191 3404 5224 .›

165 5277 491 5349 οἶκτίρμονες
543 5280 728 5344 καθὼς
762 5281 860 5334 καὶ
893 5278 1281 5350 Πατὴρήμῷν
1326 5276 1438 5349 [Ita
1469 5272 1615 5347 cod.]
1645 5274 1725 5325 οἰο

1833 5266 1884 5322 Si
1915 5278 2096 5321 autem
2129 5267 2213 5321 vis
2261 5274 2316 5319 et
2359 5264 2543 5318 adhuc
2604 5261 2748 5331 leges
2795 5262 3164 5326 considerare,
3219 5275 3407 5314 earum

166 5369 397 5442 κτίρμων
430 5375 564 5428 ἐστί.
614 5376 686 5428 Σὺ
734 5376 849 5429 δἐἰ
902 5349 1083 5439 βούλει
1126 5372 1221 5427 καὶ
1251 5371 1331 5424 ἔτι
1375 5373 1488 5433 τοῖς
1542 5368 1726 5435 νόμοις

1833 5359 2172 5416 concordiam
2214 5366 2269 5413 et
2294 5372 2361 5413 ex
2399 5355 2500 5410 hac
2546 5363 2698 5426 parte
2738 5352 3141 5423 investiga.Qui
3189 5349 3408 5406 oculum

231 5507 271 5538 ⁸³
300 5508 480 5567 Matth.
509 5531 566 5580 v,
603 5514 687 5569 ιτ.
751 5513 981 5582 suum.
1007 5510 1057 5566 7.

1657 5598 1885 5654 NOT.-'E.

232 5747 335 5819 (38)
360 5747 605 5818 Ejusdem
635 5753 747 5807 fere
766 5750 1074 5821 argumenti
1097 5758 1223 5805 sunt
1247 5756 1437 5817 quaest.
1473 5741 1712 5797 XXXVII
1755 5752 1806 5795 et
1847 5735 1978 5793 ΕΜ.
