3820 6212
428 275 529 334 351

1597 265 1864 327 PHOTII
1906 261 2420 323 ΡΑΤΙῖῙΑΙὶΟΗίΕ
2440 261 2548 321 CP.

3613 263 3704 327 352

429 405 528 459 pro
563 386 722 441 oculo
750 384 987 456 judicem
1022 398 1269 438 resecare
1299 382 1468 454 jubet.
1507 382 1724 443 timore,
1785 389 1843 434 ut
1867 386 2010 449 patet

2154 376 2519 446 ἐφιλοσοφεῖν,
2567 375 2664 446 τὴν
2729 375 3051 444 συμφωνίαν
3101 373 3286 427 αὐτῶν
3333 371 3582 426 ἐντεῦθεν
3623 376 3703 426 ἐπ-

430 498 497 534 ne
524 497 646 550 quae
679 495 785 534 non
818 481 940 533 licet
973 479 1159 547 fugere
1191 477 1567 539 iacui-rantur,
1605 475 1893 530 scelestam
1933 488 2026 526 au-

429 571 646 626 daciam
687 580 855 626 arcet.
910 571 1097 624 Virtus
1129 579 1306 623 autem
1339 585 1460 636 qtae
1497 569 1703 622 nullam
1760 565 2026 637 permittit

430 665 828 728 defensionem,
862 663 1062 732 injuria
1110 663 1362 717 allectum
1407 660 1602 730 cupida
1638 669 1819 713 mente
1841 667 1895 713 et
1925 659 2028 712 liu-

433 773 596 809 mana
639 756 884 808 molestia
928 753 1391 824 praestantiorem,
1430 760 1483 804 et
1527 749 1889 804 admiratione
1944 748 2028 802 di-

431 864 598 917 gnum
664 847 939 916 praedicat.
1030 843 1274 913 Utroque
1369 842 1533 896 modo
1594 840 2026 896 benevolentiam

433 941 815 1011 procedentem
836 941 1016 994 videre
1054 939 1198 1002 licet,
1230 947 1283 991 et
1305 937 1573 991 sinceram
1593 934 2027 989 misericordiam

433 1035 490 1089 in
533 1049 866 1103 eongeueres
893 1031 1171 1088 dill'usam.
1214 1031 1268 1084 Si
1300 1039 1479 1082 autem
1517 1037 1751 1096 utroque
1779 1037 1903 1081 actu
1936 1027 2030 1080 be-

434 1128 744 1182 nevolentia
794 1136 848 1179 et
894 1125 1255 1178 mansuetudo
1301 1123 1628 1183 OSlelldlltll‘,
1681 1129 1826 1189 patet
1884 1121 2028 1189 leges

431 1221 575 1275 inter
635 1236 695 1273 se
755 1235 857 1271 non
893 1234 1154 1286 pugnare,
1204 1230 1382 1282 neque
1416 1230 1513 1282 per
1549 1215 1774 1267 alletam
1806 1215 2032 1267 alterius

433 1308 843 1377 abrogationem
901 1307 1043 1360 lieri.
1092 1306 1380 1372 Quomodo
1413 1307 1556 1359 enim
1589 1307 1752 1360 ambo
1789 1306 2035 1375 proxime

434 1399 720 1453 hominum
754 1400 985 1452 salutem
1013 1410 1408 1468 prmparaSseut
1430 1415 1443 1450 :
1467 1415 1573 1452 una
1595 1399 1812 1467 quidem
1842 1414 2032 1452 eorum

431 1484 526 1552 qui
551 1483 782 1551 injustas
809 1499 1002 1534 manus
1036 1483 1344 1544 intendunt,
1377 1494 1561 1536 motus
1601 1497 1896 1547 coercens;
1953 1483 2034 1536 al-

440 1587 558 1630 tera
599 1575 799 1643 injuria
831 1573 1054 1629 affectos
1082 1590 1245 1643 supra
1289 1589 1506 1628 onmem
1541 1575 1708 1628 animi
1751 1576 2038 1630 inlirmita-

432 1673 541 1718 tem
585 1680 794 1733 ponens
827 1677 880 1717 et
905 1677 1000 1719 eos
1027 1666 1376 1719 contumeliie
1411 1667 1650 1721 motibus
1681 1669 1884 1722 servire
1926 1684 2034 1724 non

2132 472 2277 542 όψει.
2313 474 2372 524 Ὀ
2407 472 2514 542 μὴν
2536 469 2816 540 ὀφθαλμὸν
2852 471 2975 524 ἀντὶ
3007 467 3292 538 ὀφθαλμοῦ
3313 467 3406 519 τὸν
3423 467 3612 538 κριτὴν
3630 471 3706 521 ἐκ·

2128 566 2355 619 κόπτειν
2389 565 2574 630 ἀξιῶν,
2607 564 2757 632 φόϐῳ
2798 563 3041 633 δηλονότι
3072 562 3167 615 τοῦ
3199 560 3400 614 παθεῖν
3430 559 3466 613 ἃ.
3502 563 3574 631 μή
3607 564 3707 614 ἐστι

2130 661 2345 726 φυγεῖν,
2374 655 2472 726 τὴν
2503 656 2591 708 ἐπ’
2622 655 2830 718 ἀδίκοις
2857 656 3066 725 τόλμαν
3092 653 3418 708 ἀναστέλλει
3440 670 3454 683 ·
3488 655 3523 722 ἡ
3550 653 3604 704 δέ
3629 654 3707 704 τοῦ

2135 749 2208 820 μὴ
2235 747 2547 818 ἀμύνασθαι
2591 749 2762 819 ἀρετὴ
2791 747 2882 801 τὸν
2914 747 3246 817 ἠδικημένον
3292 746 3535 816 κρείττω
3562 762 3704 815 περι-

2133 843 2341 904 παθοῦς
2369 841 2663 904 διαθέσεως
2689 841 2784 894 καὶ
2817 840 3169 910 ἀνθρωπίνης
3193 839 3610 906 ἀντιλυπήσεως
3633 841 3709 890 καὶ

2133 933 2436 1004 θαυμάζειν
2489 932 2944 1004 άνακηρύττουσα
2992 931 3174 998 ἄξιον·
3240 929 3312 982 δι’
3359 930 3622 998 ἐκατέρου
3664 929 3710 979 δὲ

2133 1027 2340 1099 τρόπου
2393 1027 2511 1078 ἐστὶ
2556 1025 2654 1097 τὴν
2686 1025 3103 1096 φιλανθρωπίαν
3136 1025 3270 1094 όρᾷν
3309 1021 3608 1093 προϊοῦσαν
3637 1024 3713 1074 καὶ

2137 1120 2377 1189 καθαρὸν
2408 1121 2499 1173 τὸν
2531 1121 2678 1173 ἔλεον
2717 1121 2808 1172 ἐπὶ
2833 1121 2948 1180 τοῖς
3004 1118 3302 1186 ὁμοφύλοις
3342 1115 3710 1187 προχεόμενον.

2141 1211 2204 1264 Et
2243 1211 2299 1264 δὲ
2319 1210 2386 1263 δι’
2410 1211 2676 1280 ἑκατέρας
2710 1209 2964 1280 πράξεως
2995 1210 3028 1278 ὴ
3055 1207 3440 1278 φιλανθρωπία
3473 1209 3569 1258 καὶ
3600 1209 3714 1276 ἡμε-

2140 1305 2302 1376 ρότης
2351 1304 2690 1364 συνίσταται,
2727 1302 2885 1372 δῆλον
2935 1303 3018 1354 ὅτι
3069 1300 3299 1370 ούδεμία
3350 1300 3587 1370 μάχεται
3616 1303 3713 1362 ταῖς

2139 1397 2407 1462 ἐντολαῖς,
2451 1395 2571 1449 ούδέ
2616 1395 2769 1465 παρά
2805 1394 3040 1463 θατὲρας
3074 1396 3106 1464 ἡ
3144 1395 3242 1462 τῆς
3288 1395 3491 1464 ἐτέρας
3522 1395 3714 1464 ἀναίρε-

2141 1505 2247 1550 σις.
2300 1487 2425 1550 Πῶς
2460 1486 2567 1556 γάρ
2608 1485 2674 1538 ἂν
2718 1483 3117 1555 παραπλησίως
3163 1481 3335 1553 ἄμφω
3367 1483 3467 1553 τὴν
3496 1483 3601 1534 τῶν
3637 1485 3714 1533 ἀπ.-

2141 1578 2376 1650 θρώπων
2409 1579 2684 1650 σωτηρίαν
2711 1579 3145 1644 κατεσκεύαζον*
3180 1579 3213 1649 ἡ
3259 1578 3362 1646 μὲν
3391 1576 3501 1628 τῶν
3524 1576 3716 1637 ἀδίκους

2143 1670 2332 1740 χεῖρας
2379 1669 2847 1723 ἐπανατεινόντων
2881 1668 2978 1740 τὴν
3022 1670 3202 1739 ὁρμὴν
3253 1667 3713 1734 ἀνακόπτουσαὴ

433 1757 653 1812 sineris?
693 1757 757 1810 Et
785 1758 952 1811 altera
1009 1759 1190 1826 qualis
1215 1759 1265 1811 in
1303 1759 1519 1828 qualem
1559 1760 1698 1814 ictus
1747 1760 1994 1829 iujecerit

2140 1761 2197 1812 δέ
2226 1761 2352 1824 τοὺς
2389 1761 2754 1830 ἠδικημένους
2784 1760 3117 1831 ὑψηλότερον
3147 1759 3524 1830 μικροψυχίας
3558 1759 3715 1827 πάσης

431 1858 487 1902 et
521 1845 798 1918 quomodo
830 1864 937 1918 qua
978 1850 1176 1920 dignus
1202 1861 1320 1904 crat
1361 1850 1571 1905 fortiori
1604 1867 1819 1921 patinam
1889 1853 2032 1907 infli-

435 1939 591 2003 xerit,
627 1948 680 1992 et
729 1940 897 1992 multa
918 1939 1020 1994 alia
1047 1956 1141 2009 per
1182 1941 1280 1996 has
1342 1942 1481 1996 duas
1507 1941 1772 1996 salutares
1795 1952 1849 1996 et
1871 1944 2031 2000 utiles

436 2029 582 2098 leges
619 2031 670 2082 in
715 2047 882 2084 unum
913 2042 1252 2086 concurrunt
1297 2033 1724 2102 etadaptantur.

2133 1851 2348 1906 τιθεῖσα
2379 1853 2475 1906 καὶ
2508 1852 2610 1904 οὐκ
2653 1850 2881 1916 ἀξιοῦσα
2919 1851 3196 1904 δουλεύειν
3231 1850 3471 1902 πάθεσιν
3505 1849 3712 1918 ὕϐρεως.

2134 1943 2292 2012 Καλή
2313 1943 2412 2013 μὲν
2433 1943 2752 1996 δεικνύουσα
2774 1938 2886 2006 οἷος
2904 1943 3023 1994 καθ’
3043 1942 3155 1994 οἴου
3172 1941 3270 2013 τὴν
3292 1940 3511 2011 πληγὴν
3532 1940 3710 2008 ἀφῆκε,

2134 2038 2231 2090 καὶ
2261 2036 2335 2100 ὡς
2357 2038 2384 2089 6
2413 2037 2606 2090 παθεῖν
2635 2037 2785 2104 ἄξιος
2813 2039 2902 2090 τὸν
2933 2037 3170 2108 κρείττω
3197 2037 3584 2107 ἐτιμωρήσατο
3602 2051 3615 2064 ·
3638 2035 3715 2085 καὶ

435 2123 607 2177 πολλὰ
643 2124 777 2178 ἄλλα
813 2125 880 2178 δι’
905 2127 1108 2194 ἀμφοῖν
1131 2126 1240 2178 τῶν
1263 2127 1495 2180 ἐντολῶν
1524 2128 1632 2181 τῶν
1663 2130 2026 2200 σωτηριωδῶν
2060 2135 2157 2187 καὶ
2193 2133 2489 2204 ὠφελίμων
2535 2135 2613 2196 είς
2641 2133 2698 2186 ἒν
2754 2134 3044 2204 συντρέχει
3080 2135 3176 2186 καίΙ
3247 2131 3714 2203 συναπαρτίζεταε.

753 2213 1054 2279 QUES'l‘lO
1085 2216 1296 2280 xtvn.
1327 2217 1440 2288 [Αι.
1473 2217 1686 2289 καί]

435 2305 662 2359 Domino
721 2308 924 2361 dicente
967 2323 984 2360 :

506 2379 670 2431 rimus
699 2395 849 2448 quem
872 2380 1016 2432 dicat
1057 2382 1330 2434 diabolum
1354 2393 1400 2434 et
1429 2399 1580 2452 quem
1613 2387 1997 2454 patremejus?

1027 2329 1045 2361 ι
1106 2309 1188 2362 Ea:
1239 2321 1386 2376 patre
1432 2311 1636 2364 diaboli
1672 2314 1819 2376 estis,
1858 2333 1876 2365 ι
1903 2331 2042 2378 qna:-

2684 2226 3023 2279 ΕΡΩΤΗΣΙΣ
3059 2227 3192 2279 ΜΖ’.

2150 2320 2262 2374 Τοῦ
2293 2321 2518 2387 Κιιρίου
2550 2318 2863 2388 λέγοντος·
2899 2337 2917 2369 ‹
2939 2317 3128 2386 Ὑμεῖς
3149 2319 3218 2371 ἐκ
3246 2317 3357 2371 τοῦ
3377 2317 3599 2383 πατρὸς
3627 2316 3715 2370 τείν

2215 2391 2502 2444 διαϐόλου
2545 2389 2708 2451 ἐστὲ,
2743 2388 3031 2460 ζητοῦμεν
3072 2391 3206 2460 τινα
3235 2389 3402 2460 λέγει
3430 2388 3712 2447 διάϐολον,

2228 2462 2329 2517 καί
2362 2463 2497 2515 τίνα
2531 2463 2636 2512 τόν
2666 2459 2893 2528 πατέρα
2917 2459 3145 2522 αὐτοῦ;

947 2556 1090 2605 Edita
1113 2556 1172 2604 ab
1198 2561 1323 2618 Aug.
1355 2557 1496 2617 Maio,
1525 2562 1556 2607 Ι.
1581 2574 1647 2619 c.,
1674 2574 1723 2622 p.
1748 2561 1911 2609 5640.
1947 2561 2017 2610 De
2053 2569 2194 2624 patre
2220 2555 2426 2614 diaboli,
2452 2568 2544 2604 seu
2578 2555 2642 2605 de
2669 2556 2778 2604 loco
2801 2555 2982 2604 Joann.
3013 2568 3115 2615 vut,
3142 2555 3218 2603 44.

506 2639 624 2694 Non
661 2640 848 2693 eodem
884 2642 1064 2704 modo,
1093 2642 1183 2709 qui
1233 2657 1331 2696 nos
1367 2657 1780 2712 praecesserunt,
1805 2646 1872 2700 de
1923 2649 2024 2702 bac

436 2733 743 2804 quaestione
781 2732 992 2802 opinati
1045 2743 1195 2786 sunt.
1226 2734 1333 2787 Alii
1377 2736 1522 2788 enim
1577 2738 1770 2791 dicunt
1813 2749 2023 2808 patrem

436 2824 636 2879 diaboli
656 2839 780 2876 eum
807 2837 928 2877 esse
951 2823 1045 2892 qui
1074 2825 1126 2877 in
1154 2841 1427 2880 summam
1457 2828 1724 2882 malitiam
1753 2833 2024 2894 ascendit,

435 2926 492 2972 et
527 2917 620 2988 qui
657 2915 860 2970 diaboli
895 2916 949 2969 in
982 2931 1042 2972 se
1088 2919 1473 2987 multiplicavit
1527 2918 1694 2984 fetus,
1726 2929 1781 2976 et
1829 2925 2028 2978 multo-

434 3008 539 3063 ties
592 3007 731 3062 tales
781 3015 940 3061 actus
997 3009 1187 3076 genuit
1233 3010 1426 3079 quales
1474 3025 1652 3080 neque
1692 3012 1810 3082 ipse
1853 3017 2030 3070 malus

438 3105 589 3174 prius
631 3120 802 3159 ausus
829 3113 994 3160 esset.
1051 3103 1110 3158 Si
1136 3105 1208 3159 ita
1265 3107 1356 3171 sit,
1387 3107 1521 3160 nihil
1544 3107 1917 3178 impeditquin
1943 3125 2032 3179 pa-

440 3199 522 3242 ter
555 3198 712 3256 partu
744 3203 936 3242 eorum
972 3203 1097 3257 qua:
1143 3203 1172 3241 a
1204 3204 1264 3242 se
1294 3190 1569 3259 prodeunt
1600 3191 1831 3246 inferior
1856 3193 2033 3249 factus

437 3279 684 3332 ordinem
715 3279 812 3331 filii
869 3279 1137 3348 suscipiat
1169 3297 1182 3344 ;
1221 3280 1310 3332 ille
1345 3295 1475 3335 vero
1515 3282 2033 3352 quiquodatnmodo

439 3367 736 3436 genitorem
780 3367 971 3437 genuit
1003 3367 1055 3420 in
1088 3374 1371 3436 paternum
1429 3368 1676 3422 habitum
1707 3378 2036 3424 transmuta-

441 3469 532 3513 tus
564 3459 655 3514 sit.
689 3459 761 3514 Ut
805 3460 962 3525 Cain,
1004 3459 1050 3514 si
1081 3460 1236 3513 velis.
1261 3459 1458 3513 Multos
1483 3461 1628 3514 enim
1672 3461 1762 3514 ille
1786 3461 2035 3516 diabolus

439 3553 630 3620 genuit
659 3571 672 3607 :
714 3552 766 3606 id
795 3563 899 3617 est,
931 3563 1221 3622 postquam
1248 3553 1450 3608 diaboli
1497 3554 1746 3607 actiones
1761 3557 2032 3623 concepit,

439 3650 534 3690 eas
583 3637 792 3705 peperit
862 3637 1106 3690 nondum
1167 3637 1383 3691 dolores
1465 3638 1734 3706 puerperii
1788 3636 2032 3691 solvendi

442 3725 594 3792 prius
627 3724 910 3778 audaciam
955 3725 1240 3790 habentes,
1283 3727 1571 3779 mendacio
1618 3725 1798 3778 nitens
1849 3724 2036 3780 fallere

441 3837 548 3874 non
579 3820 747 3874 alium
779 3821 1101 3889 quemdam,
1145 3821 1236 3874 sed
1287 3837 1411 3874 eum
1464 3821 1558 3889 qui
1587 3822 1774 3874 omnia
1817 3830 1871 3874 et
1909 3831 2036 3875 ante

440 3918 623 3961 ortum
654 3908 849 3970 noscit,
879 3906 1006 3962 dolo
1031 3906 1254 3960 fratrem
1285 3907 1589 3976 alloquens,
1613 3916 1667 3961 et
1693 3907 1878 3961 dolum
1908 3923 2038 3960 con-

441 3999 524 4044 tra
554 3990 880 4044 charissima
915 3992 1124 4047 viscera
1168 3991 1464 4046 intendens
1516 3991 1722 4046 amoris
1774 4000 2032 4060 praetextu

439 4083 740 4148 occultum,
798 4083 1000 4137 cuidem
1065 4082 1304 4137 fraterna
1336 4084 1557 4137 dextera
1612 4100 1940 4153 exsequens,
1984 4090 2038 4135 et

442 4177 640 4218 terram
691 4168 908 4234 primus
945 4168 1188 4220 humatio
1225 4167 1834 4238 sanguitteinquinaus,
1867 4167 2035 4220 ictum

442 4247 778 4318 genitoribus
821 4250 1180 4304 insanabilem
1213 4249 1473 4306 inferens.
1521 4250 1584 4303 Et
1627 4250 1774 4319 quod
1829 4251 2034 4314 dicunt,

442 4348 566 4384 eum
603 4342 662 4385 ut
696 4343 883 4401 partus
933 4334 1239 4388 mercedem
1271 4336 1520 4402 exegisse
1545 4343 1601 4387 ut
1626 4350 1732 4388 non
1777 4333 2032 4388 secundis

445 4426 706 4494 partubus
746 4428 1065 4488 exsultaret,
1099 4427 1330 4481 stultitia
1369 4436 1422 4480 et
1448 4427 1882 4481 contradictione
1913 4444 2032 4482 ma-

443 4507 638 4562 nifesta
673 4525 782 4577 pra:
801 4510 1052 4562 cedentia
1087 4510 1334 4564 laborare
1361 4511 1736 4576 convincunt;
1783 4519 1833 4564 et
1881 4527 2032 4579 quie—

442 4606 660 4660 cunque
733 4594 838 4645 alia
915 4593 1244 4648 istiusmodi.
1302 4594 1417 4648 Etsi
1474 4609 1603 4648 vero
1637 4608 1704 4647 ex
1769 4597 2032 4664 oppositis

443 4688 642 4740 similia
681 4688 1032 4757 probabiliter
1057 4690 1520 4759 intelligerelicet.
1558 4689 2032 4756 Quemadmodum

444 4783 534 4839 ille
576 4785 668 4854 qui
699 4786 751 4838 in
792 4797 1090 4840 extremam
1124 4787 1379 4841 virtutem
1429 4788 1588 4858 hujus
1615 4789 1760 4857 quod
1793 4789 2031 4843 sanctis-

445 4876 641 4930 simum
691 4887 777 4932 est
829 4876 1277 4948 frequentatione
1324 4889 1379 4934 et
1407 4880 1727 4937 elﬁcacilate
1761 4883 2030 4952 pervenit,

442 4978 494 5023 et
536 4968 590 5022 in
638 4985 698 5024 se
731 4973 961 5040 gratiam
996 4972 1388 5040 multiplicatet
1412 4974 1599 5028 multis
1631 4974 1854 5029 salutari
1875 4985 2032 5045 partu

446 5057 593 5113 utilis
639 5059 716 5124 fit,
769 5075 1044 5129 generans
1115 5062 1285 5115 Deum
1333 5064 1558 5132 spiritus
1616 5066 1818 5120 dicitur
1851 5083 1864 5119 :
1901 5067 2034 5120 «Per

445 5141 696 5198 timorem
731 5144 877 5199 enim
925 5154 998 5211 te,
1026 5145 1281 5211 Domine,
1309 5146 1364 5200 in
1397 5149 1520 5202 sinu
1555 5160 1749 5204 nostro
1776 5151 2034 5220 concepi-

441 5243 570 5285 mus
600 5239 654 5284 et
686 5232 998 5300 peperimus
1033 5241 1088 5286 et
1119 5232 1444 5302 genuimus;
1473 5234 1726 5303 spiritmu
1773 5236 2033 5291 salutaris

442 5317 519 5370 tui
556 5316 610 5370 in
640 5325 782 5371 terra
814 5319 1199 5388 generavimus
1218 5321 1286 5386 ⁶⁵;
1329 5339 1347 5372 ι
1374 5319 1446 5374 ita
1475 5336 1606 5376 sane
1637 5323 1730 5392 qui
1770 5323 1824 5377 in
1852 5335 2029 5378 extre-

442 5422 588 5464 mam
634 5409 902 5464 malitiam
931 5411 1178 5480 pervenit
1222 5411 1409 5477 homo,
1455 5412 1688 5482 improbi
1720 5413 1930 5469 semina
1977 5414 2030 5468 in

443 5509 503 5550 se
531 5497 875 5567 concipiens.
903 5508 1233 5569 partumque
1264 5509 1314 5554 et
1346 5499 1619 5570 genimiua
1641 5502 2028 5572 multiplicans,

443 5587 662 5656 gignere
716 5590 999 5645 diabolum
1054 5594 1250 5648 merito
1303 5592 1579 5650 diceretur
1630 5604 1686 5648 et
1720 5603 1875 5664 pater
1909 5595 2031 5663 ejus

441 5693 581 5735 esse.

522 5794 568 5826 ⁸⁸
597 5793 745 5852 Psal.
777 5812 923 5863 xxvi,
961 5797 1048 5852 18.

2199 2645 2468 2714 Διάφορος
2511 2641 2638 2706 δόξα
2661 2644 2775 2703 τοῖς
2802 2642 2908 2711 πρὸ
2933 2641 3091 2710 ἡμῶν
3122 2640 3254 2709 περὶ
3274 2640 3474 2694 τούτου
3504 2638 3716 2711 προελή-

2133 2739 2262 2792 λυθε
2305 2735 2402 2790 τοῦ
2460 2735 2802 2806 ζητήματος.
2855 2736 2921 2787 Οἱ
2973 2733 3072 2803 μὲν
3102 2734 3210 2804 γὰρ
3263 2733 3489 2801 λέγουσι
3527 2734 3716 2806 πατέρι

2129 2832 2223 2886 τοῦ
2288 2828 2576 2888 διαϐόλου,
2641 2828 2734 2880 τὸν
2805 2829 2885 2890 εἰς
2939 2827 3108 2897 ἄκρον
3167 2828 3367 2890 κακίας
3431 2828 3715 2882 ἐλάσαντα·

2133 2923 2230 2977 καὶ
2255 2921 2350 2974 τοῦ
2400 2918 2640 2991 πονηροῦ
2679 2920 2736 2974 ἐν
2765 2917 2944 2988 ἐαυτῷ
2993 2918 3554 2972 πολλαπλασιάσαντα
3604 2937 3711 2986 γεν-

2137 3017 2381 3086 νήματα,
2413 3013 2510 3066 καὶ
2557 3011 2820 3074 πολλάκις
2872 3011 3046 3065 πολλά
3089 3011 3435 3065 ἀποτεκόντα
3483 3010 3720 3073 τοιαύτας

2137 3107 2390 3179 πράξεις,
2443 3107 2558 3170 οίας
2627 3106 2694 3160 ἂν
2729 3107 2758 3159 ό
2816 3105 3052 3175 πονηρὸς
3115 3107 3215 3168 οὐκ
3263 3105 3536 3176 ἐτόλμησε
3600 3107 3719 3176 πρό-

2135 3217 2312 3271 τερον.
2347 3199 2411 3251 Et
2431 3198 2487 3252 δὲ
2516 3197 2694 3251 ταῦτα
2727 3198 2883 3251 οὐδὲν
2918 3197 3120 3251 κωλύει
3152 3199 3247 3252 καὶ
3276 3199 3373 3252 τὸν
3412 3201 3629 3270 πατέρα
3657 3201 3719 3267 τῷ

2135 3293 2281 3362 τόκῳ
2309 3291 2417 3344 τῶν
2445 3290 2503 3357 ἐξ
2528 3289 2692 3344 αὐτοῦ
2728 3289 3104 3360 προελθόντων
3145 3291 3547 3355 ὲλαττωθέντα,
3576 3295 3718 3347 αὑτὴ-ο

2141 3383 2242 3453 μὲν
2265 3382 2364 3452 τὴν
2388 3382 2482 3434 τοῦ
2503 3382 2620 3435 υίοῦ
2650 3382 2974 3452 μεταλαὸεῖν
2993 3383 3168 3447 τάξιν,
3194 3383 3286 3436 τὸν
3313 3384 3372 3436 δὲ
3402 3385 3722 3456 πλεονεκτή-

2141 3494 2312 3531 σαντα
2341 3479 2400 3529 ἐν
2427 3480 2494 3548 τῇ
2527 3476 2696 3548 κακίᾳ
2727 3477 2822 3529 καὶ
2862 3478 3064 3548 τρόπον
3093 3480 3218 3531 τινὰ
3263 3479 3358 3532 τὸν
3393 3483 3724 3552 γεννήσαντα

2138 3572 2509 3639 γεγεννηκότα
2542 3571 2621 3632 είς
2648 3569 2747 3640 τὴν
2775 3570 3051 3641 πατρικὴν
3079 3573 3491 3634 ἀντιμετελθεῑν
3529 3575 3719 3643 σχέσιν.

2139 3661 2265 3718 Οίον
2287 3665 2315 3717 6
2343 3663 2504 3730 Καῒν,
2549 3666 2598 3716 εί
2631 3663 2810 3733 βούλει
2831 3681 2846 3695 ο
2878 3664 3105 3728 πολλοὺς
3153 3665 3264 3736 γὰρ
3290 3659 3451 3729 οὗτος
3486 3668 3605 3737 ἀμα
3624 3668 3723 3720 δια·

2139 3755 2331 3819 ϐόλους
2383 3755 2574 3808 τέτοκε
2601 3770 2616 3784 ⁸
2649 3754 2896 3808 τουτέστι
2937 3755 3036 3818 τὰς
3077 3754 3173 3808 τοῦ
3218 3756 3474 3809 διαϐόλου
3507 3757 3722 3828 πράξεις

2141 3845 2422 3901 συλλαϐὼν
2443 3845 2778 3916 ἀπεκύησεν,
2807 3845 2964 3900 οΰπω
2987 3848 3257 3918 πρότερον
3282 3848 3487 3919 θάρσος
3503 3850 3720 3920 ἐχούσας

2139 3938 2288 3992 λύειν
2311 3941 2408 4002 τὰς
2454 3939 2670 4001 ὠδῖνας,
2707 3938 2898 4007 ψεύδει
2946 3939 3263 4006 φενακίζειν
3307 3942 3611 4012 ἐπιχειρῶν
3636 3944 3721 4010 οίιχ

2139 4029 2328 4100 ἕτερόν
2355 4046 2498 4092 τινα,
2523 4029 2663 4082 ἀλλὰ
2693 4029 2786 4082 τὸν
2831 4031 3010 4082 πάντα
3038 4032 3134 4082 καὶ
3162 4033 3292 4099 πρὶν
3335 4034 3610 4100 γενέσεως
3633 4037 3720 4086 ἐπ-

2143 4121 2451 4188 ιστάμενον,
2481 4120 2663 4191 ἀπάτῃ
2710 4121 3109 4192 μετερχόμενος
3154 4123 3385 4192 ἀδελφόν
3408 4141 3424 4156 °
3464 4127 3559 4180 καί
3586 4127 3719 4180 δόλον

2141 4213 2282 4265 κατὰ
2306 4212 2413 4266 τῶν
2446 4211 2718 4280 φιλτάτων
2746 4213 3070 4283 σπλάγχνων
3095 4216 3349 4269 ἐντείνων
3373 4219 3477 4287 τῆς
3499 4226 3719 4290 στοργῆς

2066 4307 2108 4364 D
2140 4302 2217 4373 τῷ
2274 4305 2514 4373 σχήματι
2564 4304 2995 4374 καλυπτόμενον,
3046 4307 3208 4372 φόνον
3259 4307 3525 4380 ἀδελφικῇ
3585 4311 3721 4381 δεξιᾷ

2137 4393 2562 4463 παλαμώμενος,
2596 4396 2690 4449 καὶ
2709 4395 2806 4466 τὴν
2839 4397 2942 4466 γῆν
2967 4398 3182 4466 πρῶτος
3219 4400 3555 4473 ἀνθρωπίνῳ
3603 4407 3722 4456 καί·-

2137 4486 2372 4555 υ6ρίςων
2405 4487 2620 4556 αἵματι,
2649 4487 2863 4558 πληγὴν
2892 4489 3116 4556 ἐπάγων
3149 4495 3261 4556 τοῖς
3305 4498 3720 4566 γεννησαμένης

2133 4580 2538 4652 ἀθεράπευτον
2583 4583 2676 4635 καὶ
2708 4583 2802 4636 τοῦ
2831 4583 2993 4637 τόκου
3026 4585 3220 4655 μισθὸν
3248 4589 3525 4652 ἀπαιτεῖν,
3561 4591 3623 4643 τὸ
3653 4595 3718 4660 μὴ

2133 4672 2408 4741 δευτέροις
2435 4673 2613 4736 τόκοις
2626 4673 3052 4742 ἐπαγάλλεσθαι,
3080 4677 3312 4750 ἀπονοία
3327 4680 3422 4732 καὶ
3447 4682 3718 4753 ἀντιλογίᾳ

2134 4765 2496 4837 χαλεπωτέρᾳ
2523 4766 2593 4818 τὰ
2619 4765 2903 4835 φθάσαντα
2923 4769 3296 4840 διελέγχουσι·
3324 4773 3419 4826 καὶ
3458 4775 3560 4828 ὅσα
3594 4777 3716 4829 ἄλλα

2133 4857 2380 4910 τοιαῦτα.
2429 4856 2491 4911 Et
2517 4858 2574 4910 δὲ
2611 4858 2707 4912 καὶ
2737 4860 2804 4912 ἐκ
2833 4861 2942 4914 τῶν
2971 4863 3233 4918 ἐναντίων
3270 4865 3420 4918 ἐστὶν
3449 4869 3716 4936 ἀναλόγως

2134 4950 2204 5004 τὰ
2232 4953 2398 5019 ὃμοια
2429 4954 2660 5024 συνορᾷν
2684 4969 2698 4982 ·
2736 4952 2926 5026 ὥσπερ
2949 4955 2978 5007 6
3005 4956 3086 5018 είς
3106 4957 3277 5027 ἀκρον
3299 4959 3506 5029 ἀρετῆς
3528 4965 3597 5032 τῇ
3629 4961 3712 5014 τοῦ

2134 5043 2402 5111 παναγίου
2446 5045 2666 5109 πάντως
2705 5045 3046 5118 ἐπιφοιτήσει
3087 5050 3183 5101 καὶ
3249 5052 3508 5122 ἐνεργείᾳ
3551 5054 3711 5124 ἥκων,

2134 5136 2230 5190 καὶ
2265 5135 2720 5203 πολυπλασιάζων
2743 5140 2801 5192 ἐν
2835 5141 3014 5212 ἐαυτῷ
3044 5143 3144 5211 τὴν
3167 5142 3353 5214 χάριν,
3384 5144 3482 5198 καὶ
3510 5145 3715 5207 πολλοῖς

2135 5228 2411 5299 ὠφέλιμος
2439 5231 2535 5283 καὶ
2557 5231 2844 5302 σωτηρίοις
2875 5231 2953 5303 τῷ
2980 5233 3126 5305 τόκῳ
3164 5236 3473 5306 γινόμενος,
3504 5239 3709 5308 πνεῦμα

2135 5321 2354 5390 λέγεται
2379 5322 2563 5375 τικτδν
2586 5323 2744 5379 Θεοῦ.
2766 5324 2865 5378 Διὰ
2886 5325 2996 5397 γάρ
3017 5325 3108 5379 τὸν
3131 5327 3299 5394 φόϐον
3312 5346 3431 5394 σου,
3454 5331 3644 5403 Κύριε,
3660 5333 3709 5381 ἐν

2134 5414 2334 5484 γαστρὶ
2385 5412 2651 5484 ἐλάόομεν
2711 5416 2807 5469 καὶ
2873 5416 3222 5489 ὼδινήσαμεν
3269 5423 3368 5474 καὶ
3419 5422 3707 5491 ἐτέκομεν,

2135 5505 2352 5574 πνεῦμα
2384 5505 2654 5577 σωτηρίου
2678 5525 2769 5560 σου
2798 5511 3112 5579 ἐκυήσαμεν
3145 5512 3240 5563 ἐπὶ
3264 5512 3368 5583 τῆς
3401 5514 3519 5584 γῆς.
3567 5513 3710 5567 Uitta

2133 5596 2218 5665 δὴ,
2245 5595 2386 5648 οὕτω
2413 5597 2505 5650 καὶ
2533 5601 2560 5650 6
2583 5601 2660 5658 εἰς
2691 5600 2858 5669 ἄκρον
2889 5602 3083 5665 κακίας
3107 5602 3308 5668 ἐλάσας
3343 5606 3622 5677 ἄνθρωπος
3650 5607 3711 5657 τά

2140 5686 2233 5740 τοῦ
2267 5690 2502 5759 πονηροῦ
2546 5689 2836 5761 σπέρματα
2874 5693 2931 5744 ἐν
2964 5694 3141 5765 ἐαυτῷ
3179 5696 3463 5751 συλλαϐὼν
3503 5703 3596 5752 καὶ
3623 5715 3712 5749 πο-
