3820 6212
73 265 167 330 353

1011 247 1110 319 ΑΙ)
1131 257 1736 318 'AMPHILOCHIUM
1776 255 2124 328 QUIESTIO
2151 259 2385 319 XLVII.
2459 242 2463 246 ’

3223 261 3330 324 354

70 373 426 435 λυτιλασιάσας
445 367 537 423 τὸν
557 366 717 421 τόκον
737 364 832 420 καὶ
853 364 921 419 τὰ
943 365 1045 436 τῆς
1098 368 1360 437 πονηρίας
1416 367 1697 438 κυήματα,
1740 367 1947 420 τίκτειν
1987 368 2054 420 ἂν
2086 369 2313 438 εἰκότως
2351 369 2684 444 λέγοιτοίτὸν
2729 371 2974 426 διάϐολον
3013 374 3329 449 καὶ-πατὴρ

72 463 421 540 χρηματίζειν
456 458 643 514 αὐτοῦ.

135 557 192 610 0i
245 554 300 609 δὲ
351 552 629 622 οὐδέτερον
713 550 810 622 μὲν
888 547 998 601 τῶν
1071 547 1377 619 εἰρημένων
1431 547 1676 631 ἐγκρί-Α

1801 552 1908 606 Alii
1969 560 2100 608 Vero
2153 548 2292 610 nihil
2337 570 2402 611 ex
2438 555 2589 623 his.
2629 545 2960 642 admittunt;
3021 573 3325 631 serpentem

72 643 381 711 voum,-1bv
424 641 544 712 ὅφιν
608 637 666 694 δὲ
708 638 803 693 τοῦ
857 637 1106 694 διαϐόλου
1159 637 1373 708 πατέρα
1421 626 1630 709 κληθῆ-

73 757 151 795 ναι
192 736 498 808 νομίζουσι’
530 731 708 798 διατί;
738 731 861 785 Ὅτι
888 731 1106 802 πρῶτον
1129 732 1158 786 ό
1197 732 1318 802 ὄφις
1345 731 1445 804 τὴν
1474 731 1632 809 ὲκείέ-

75 849 155 888 νου
197 827 446 899 διαϐολὴν
495 825 800 891 συλλαϐὼν,
850 825 915 896 τῇ
965 823 1181 896 γλώττῃ
1225 824 1498 878 ιΞιπεῖτέκε⁹
1527 825 1634 892 πρὸ

75 929 170 996 γὰρ
197 923 290 992 τῆς
317 919 892 998 ἀνθρῴπουπλάσεως
925 916 1021 971 καὶ
1049 920 1148 988 τῆς
1177 915 1268 970 τοῦ
1300 917 1478 987 ὄφεως
1503 915 1636 969 ὐπο-

76 1019 319 1082 στάσεως,
348 1015 450 1068 οὐκ
471 1009 541 1097 ᾖν
572 1013 603 1066 6
629 1011 930 1084 ἀπορρυεὶς
969 1011 1068 1081 τῆς
1094 1010 1397 1081 ἀγγελικῆς
1425 1009 1637 1078 εὐγνωιο

80 1108 298 1182 μοσύνης
321 1105 417 1161 καὶ
446 1104 668 1170 τάξεως,
692 1103 763 1159 τὰ
785 1102 882 1157 τοῦ
915 1103 1165 1158 διαϐόλου
1200 1103 1478 1174 πράττων,
1512 1101 1637 1155 καί·

75 1218 148 1254 τοι
177 1197 348 1268 ζητῶν
375 1196 544 1259 κακὸς
574 1191 713 1249 εἶναι
750 1193 848 1248 καὶ
877 1193 1064 1267 χώραν
1095 1195 1195 1248 οὐκ
1239 1192 1380 1264 ἔχων
1407 1208 1640 1263 παρεισ-

74 1292 295 1376 δύσεως·
330 1288 528 1343 οὐκοῦν
555 1288 618 1343 τὸ
664 1287 895 1362 ἑρπετὸν
938 1289 968 1342 ὁ
1019 1285 1141 1356 ὄφις
1191 1277 1334 1350 τοὺς
1361 1284 1644 1348 διαϐόλους

75 1373 436 1452 ἐγκυμονήσας
483 1379 782 1450 λογισμοὺς
831 1373 927 1433 καῖ
956 1379 1022 1450 τῇ
1058 1377 1279 1447 γλώσσῃ
1313 1376 1537 1438 εἰκότως
1577 1373 1644 1428 ἂν

77 1472 160 1527 τοῦ
189 1470 429 1526 διαϐόλου
464 1469 646 1540 πατὴρ
671 1468 902 1538 λέγοιτο.
946 1467 1106 1522 Ἀλλὰ
1149 1467 1322 1521 ταῦτα
1350 1464 1645 1537 μενέτερα

77 1563 282 1638 τοιαῦτα
309 1563 389 1626 εἰς
415 1560 718 1626 ἀνάπτυξιν
741 1560 840 1615 τοῦ
871 1558 1061 1638 ῥητοῦ,
1096 1557 1182 1620 τίς
1205 1575 1264 1610 τε
1287 1556 1506 1612 καλοῖτο
1531 1556 1647 1610 διά-

77 1637 235 1723 ϐολος,
263 1653 356 1708 καὶ
381 1653 469 1717 τίς
506 1654 535 1706 ὁ
567 1651 757 1706 τούτου
789 1652 995 1723 πατὴρ,
1022 1637 1248 1729 ἑτέροις
1280 1648 1648 1720 πεφιλοσόφη-

77 1765 192 1803 ται·
236 1747 357 1818 ἐμοὶ
403 1745 465 1801 δέ
515 1746 618 1810 τὰς
662 1743 963 1817 εἰρημένας
1025 1743 1310 1807 ἐπιλύσεις
1359 1741 1485 1796 οὐτε
1529 1741 1658 1810 λίαν,

79 1841 239 1894 ἔπεισι
271 1839 601 1911 θαυμάζειν,
628 1837 751 1892 οὐτε
787 1837 889 1909 μὲν
934 1835 1236 1907 φιλολόγων
1282 1831 1424 1897 εἶναι
1453 1836 1680 1900 πόνους-

1736 654 1918 700 autem
1981 645 2180 702 diaboli
2247 657 2450 722 patrem
2535 651 2720 704 vocari
2767 661 3013 722 putant.
3090 651 3332 724 Quach

1736 735 1874 801 Quia
1891 736 2087 805 primo,
2107 749 2392 808 postquam
2411 755 2634 810 serpens
2652 741 2771 811 ejus
2791 737 3334 804 ealumniamconce-

1737 830 1837 900 pit,
1875 830 2056 901 lingua
2087 833 2317 901 peperit.
2374 835 2680 905 Antequam
2707 836 2849 890 enim
2879 839 3045 894 homo
3071 840 3330 904 eﬂ'orma-

1739 931 1889 978 retur
1915 933 1971 980 et
2027 927 2633 1016 serpenssubsisteret,
2675 931 2742 986 ab
2790 933 3033 1005 angelica
3064 916 3342 1008 sapientia

1740 1025 1796 1070 et
1828 1015 2019 1071 o'rdinc
2055 1015 2296 1088 quierat
2355 1018 2636 1090 delapsus,
2685 1038 2791 1077 non
2827 1039 2990 1094 opera
3017 1024 3220 1090 diaboli
3253 1027 3333 1083 ta-
3426 1076 3429 1078 _

1742 1106 1941 1174 ciebat,
2003 1108 2181 1162 malus
2233 1117 2413 1164 tamen
2469 1124 2593 1166 esse
2654 1115 2952 1182 nitebatur,
2994 1134 3098 1173 nec
3153 1118 3334 1176 locum
3376 1102 3395 1173 i.

1743 1199 2134 1256 transfusionis
2167 1202 2419 1258 habebat.
2474 1205 2641 1276 igitur
2706 1211 2893 1280 reptile
2947 1212 3091 1284 quod
3115 1218 3337 1274 estser-

1747 1304 1880 1359 pens
1902 1290 2202 1376 diaboli‘cos
2218 1296 2466 1366 concepit
2478 1309 2758 1364 seusus,et
2777 1302 2957 1373 lingua
2972 1304 3172 1362 diaboli
3182 1317 3338 1382 pater

1748 1382 1945 1436 merito
1975 1382 2268 1440 diceretur.
2325 1385 2433 1441 Sed
2461 1388 2576 1444 hzec
2601 1390 2821 1460 quidem
2858 1394 2961 1469 alia
2994 1397 3122 1453 talia
3142 1407 3201 1454 ut
3233 1402 3340 1458 hoc
3417 1410 3422 1414 '

1747 1471 1954 1528 dictum
1983 1475 2295 1566 explanent,
2331 1479 2454 1549 quis
2479 1494 2702 1537 vocetur
2717 1484 2970 1544 diabolus
2998 1501 3051 1545 et
3071 1493 3195 1562 quis
3219 1495 3340 1566 ejus

1749 1571 1923 1635 pater,
1957 1565 2026 1648 ab
2054 1567 2178 1622 aliis
2209 1567 2468 1638 inquisita
2509 1582 2655 1627 sunt.
2693 1573 2823 1630 Mihi
2882 1595 3016 1634 vero
3049 1583 3340 1650 praedictas

1753 1659 2063 1748 solutiones
2103 1670 2208 1714 n'o‘n
2241 1663 2390 1717 venit
2431 1664 2485 1717 in
2545 1675 2780 1721 tuentem
2834 1669 3118 1740 admirari,
3162 1692 3356 1748 neque.

1753 1751 1886 1814 puto
1907 1757 2000 1800 eas
2025 1744 2149 1800 esse
2174 1746 2460 1802 dortorum
2483 1749 2724 1804 virorum
2751 1757 2909 1823 opus.
2935 1755 3039 1821 Qui
3065 1773 3194 1814 vero
3226 1744 3344 1816 haec
3374 1782 3379 1787 ·

1757 1837 1932 1908 magis
1980 1849 2205 1908 possent
2240 1839 2565 1912 intelligere,
2595 1842 2632 1898 ii
2678 1860 2812 1900 sane
2842 1847 3124 1904 meliorem
3146 1852 3213 1907 de
3259 1854 3344 1908 his

78 1919 302 2009 ἀνδρῶν’
350 1939 500 2003 ὅσοις
539 1935 598 1989 δὲ
643 1935 846 2007 μᾶλλον
895 1919 964 1988 τά
1017 1931 1242 1988 τοιαῦτα
1294 1931 1649 2012 εὐτρέπισται

1777 1929 2081 1984 ιεηιοηιὶοιη
2125 1931 2266 1987 ferre
2305 1933 2565 1989 valerent.-
2603 1933 2735 2002 Quae
2758 1947 2940 1994 autem
2969 1941 3104 1996 mihi
3159 1943 3344 2004 obsta-

81 2036 308 2108 συνορᾷν,
326 2035 659 2106 δικαιότεροι
682 2031 748 2087 ἂν
769 2027 880 2085 εἷεν
895 2023 1039 2085 οὗτοι
1062 2031 1158 2084 καὶ
1174 2030 1272 2101 τὴν
1292 2029 1502 2101 ἀμείνω
1519 2030 1652 2102 περὶ

79 2127 240 2182 αὐτῶν
281 2126 462 2198 ψῆφον
516 2124 856 2195 ἐξενεγκεῖν·
895 2123 931 2176 ἃ
970 2121 1015 2175 δ’
1062 2121 1128 2175 ἂν
1185 2121 1456 2193 προσταίη
1511 2122 1637 2193 ἐμοί

1763 2031 1886 2078 rent
1907 2022 2117 2080 etforte
2133 2026 2290 2080 alteri
2309 2028 2524 2083 cuidam
2552 2045 2621 2084 ne
2650 2031 2769 2101 ejus
2795 2033 3184 2102 perfectionem
3215 2054 3344 2094 con-

1751 2109 2042 2187 cipiamus.
2085 2119 2201 2174 haec
2242 2109 2458 2176 ratione
2488 2137 2811 2194 persequor.
3219 2107 3222 2110 i

81 2229 131 2277 τε
166 2226 253 2278 καὶ
285 2222 414 2286 tam;
447 2221 622 2292 ἑτέρῳ
671 2219 778 2272 τινὶ
817 2217 918 2289 τὴν
942 2215 1255 2285 τελειότητα
1293 2217 1499 2286 ταύτης
1543 2217 1622 2288 μὴ
1663 2215 2015 2281 καταλαϐεῖν,
2044 2216 2229 2276 ἐκεῖνα
2260 2215 2355 2268 καὶ
2388 2215 2454 2287 δὴ
2481 2212 2558 2288 τῷ
2586 2217 2730 2290 λόγῳ
2767 2220 3024 2294 διέξειμι.

139 2318 350 2393 Πρῶτον
377 2317 482 2389 μὲν
504 2313 744 2384 οὐδαμοῦ
785 2313 888 2387 τῆς
918 2313 1072 2384 ἱερᾶς
1109 2312 1265 2383 ἡμῶν
1296 2312 1523 2384 Γραφῆς
1557 2312 1652 2381 γέ.

81 2391 200 2486 γονα
237 2394 458 2474 δυνατδς
505 2409 712 2480 εὑρεῖν,
736 2405 861 2460 οὐτε
893 2409 1034 2460 κατὰ
1081 2406 1151 2461 τὰ
1191 2404 1528 2476 παλαιότερα
1555 2407 1659 2476 τῆς

81 2505 402 2577 νομοθεσίας,
437 2500 572 2557 οὐτε
621 2500 682 2552 ἐν
726 2492 808 2562 οἷς
834 2499 891 2569 ,ἡ
933 2498 1095 2569 χάρις
1129 2496 1193 2550 τὸ
1231 2497 1330 2568 τῆς
1378 2496 1662 2562 εὐσεϐείας

83 2598 183 2668 φῶς
209 2593 594 2670 λαμπρότερον
634 2589 937 2665 ἧστραψεν,
970 2589 1258 2660 οὐμενοῦνΔ
1281 2588 1520 2660 οὐδαμοῦ
1553 2606 1664 2643 πα-

81 2688 334 2762 τέρατινά
355 2686 451 2742 τοῦ
490 2685 738 2740 διαϐόλου
778 2683 1107 2754 λεγόμενονδ
1165 2681 1408 2750 καίτοιγε
1475 2681 1668 2736 πολλαὶ

81 2786 320 2849 πολλάκις
361 2783 584 2856 χωρίων
615 2780 854 2852 περίοδοι
895 2780 995 2850 τῆς
1037 2780 1284 2850 πονηρᾶς
1317 2779 1534 2850 ἐκείνης
1572 2777 1669 2831 καὶ

82 2879 339 2950 ἀλιτηρίου
365 2877 615 2948 μνήμην
639 2871 1073 2944 καταϐάλλονται
1096 2873 1471 2944 προαιρέσεως
1491 2888 1504 2901 °
1532 2871 1668 2926 ἀλλά

85 2967 308 3025 Σατανᾶν
346 2969 447 3041 μὲν
493 2967 596 3023 καὶ
633 2965 882 3023 διάϐολον
918 2967 1014 3020 καὶ
1065 2965 1383 3039 ἀποστάτην
1420 2965 1514 3018 καὶ
1543 2963 1668 3018 νοῦν

96 3062 358 3134 ’Δσσύριον
382 3058 609 3116 καὶτῶν
626 3057 816 3112 παθῶν
845 3057 1085 3128 ἄρχοντα
1110 3058 1207 3111 καὶ
1231 3055 1340 3110 τῶν
1362 3058 1462 3127 τῆς
1494 3072 1667 3124 πονη-

89 3148 195 3224 ρίας
231 3143 560 3224 πνευμάτων
605 3147 966 3220 ἐξουσιαστὴν
1013 3147 1116 3202 καὶ
1143 3145 1370 3201 τοιαῦτά
1399 3162 1527 3201 τινα
1569 3146 1660 3200 τὸν

85 3242 371 3314 ἀρχέκακον
389 3240 590 3320 ἐχθρὸν
609 3238 706 3292 τοῦ
745 3237 936 3307 γένους
961 3235 1121 3307 ἡμῶν
1138 3233 1544 3307 ὀνομαζόμενον
1569 3236 1663 3289 ἐκ-

1823 2306 2008 2368 Prim'o
2029 2311 2214 2366 nullihi
2235 2323 2437 2369 saneta:
2454 2323 2655 2371 nostra:
2667 2315 2986 2389 Scriptura,
3006 2337 3186 2393 neque
3207 2318 3349 2396 apud

1756 2405 2071 2474 antiquiora
2112 2405 2270 2476 legis.
2329 2420 2506 2476 neque
2547 2407 2687 2478 apud
2736 2425 2802 2465 ea
2846 2411 2900 2467 in
2942 2413 3142 2481 quibus
3167 2419 3348 2488 gratia

1760 2499 1980 2569 pietatis
1997 2499 2175 2554 lucem
2197 2496 2625 2569 splendidiorem
2644 2501 2856 2568 ell‘udit,
2879 2516 3088 2575 patrem
3107 2509 3346 2580 aliquem

1709 2639 1719 2648 .
1765 2591 1965 2646 diaboli
2025 2590 2230 2646 dictum
2289 2592 2535 2646 invenire
2601 2596 2783 2663 potui;
2845 2605 2899 2652 et
2952 2615 3088 2654 sane
3129 2603 3348 2672 quidem

1767 2683 1952 2738 multa:
2003 2681 2057 2736 in
2089 2682 2276 2738 multis
2311 2683 2444 2738 locis
2473 2685 2822 2755 periphrases
2868 2689 3131 2760 improba:
3187 2693 3351 2759 istius

1767 2773 2103 2828 eterrautis
2156 2773 2452 2828 voluntatis
2514 2779 2836 2833 memoriam
2904 2791 3187 2853 statuunt;
3256 2788 3351 2844 sed

1759 2864 2027 2924 .Satanam
2098 2863 2316 2933 quidem
2377 2875 2432 2923 et
2501 2867 2778 2924 diabolum
2821 2881 2876 2926 et
2936 2882 3244 2942 apostatam
3299 2887 3354 2934 et

1767 2952 2051 3023 Assyrium
2101 2953 2356 3024 spiritum
2428 2966 2484 3013 et
2513 2958 2875 3027 cupiditatum
2911 2963 3116 3020 ducem
3151 2977 3204 3020 et
3251 2968 3354 3023 im-

1769 3045 2068 3115 proborum
2142 3047 2435 3116 spirituum
2516 3049 2844 3128 dominum,
2905 3063 2960 3117 et
3021 3040 3357 3129 aliahujusé

1744 3139 1938 3223 -modi_,
1981 3137 2250 3210 malorum
2304 3150 2587 3223 auctorem
2623 3153 2678 3199 et
2713 3146 2888 3201 nostri
2925 3149 3144 3218 generis
3173 3150 3353 3223 inimia

1770 3217 2256 3288 cumnominatum
2281 3213 2512 3304 docent;
2548 3251 2946 3310 nonnunquam
2966 3241 3132 3298 etiam
3175 3218 3348 3310 ﬁlium

87 3334 392 3388 διδάσκουσιο
411 3333 508 3388 καὶ
540 3331 655 3385 υἱὸν
686 3329 799 3384 ἐσθ’
820 3330 912 3383 ὅτε
933 3326 1185 3415 διαϐόλου
1221 3326 1424 3397 μᾶλλον
1445 3325 1538 3380 τὸν
1567 3325 1665 3389 τὰς

1777 3323 1970 3380 diaboli
1999 3326 2184 3396 potius
2233 3343 2358 3382 eum
2388 3330 2485 3400 qui
2527 3331 2585 3386 iu
2629 3345 2690 3388 se
2735 3331 2950 3409 funesta
2983 3335 3102 3406 ejus
3145 3340 3356 3408 semina

90 3416 348 3499 μοχθηρὰς
376 3423 550 3480 αὐτοῦ
578 3421 743 3494 γονὰς
783 3423 840 3475 ἐν
871 3419 1054 3492 ἐαυτῷ
1089 3417 1427 3501 συλλαϐόντα
1464 3418 1564 3489 και
1583 3419 1664 3489 τῷ

87 3517 173 3588 τῆς
197 3518 401 3590 πλάνης
429 3517 578 3588 τόκῳ
608 3509 1020 3584 υίοθετούμενον
1040 3529 1055 3542 ⁵
1089 3511 1149 3577 ἐξ
1194 3503 1255 3565 οῦ
1288 3512 1383 3565 καὶ
1415 3513 1444 3565 ὁ
1471 3511 1666 3584 θεσπέ-

91 3627 191 3675 σιος
219 3610 426 3674 Παῦλος
459 3609 582 3664 υἱὸν
614 3607 866 3662 διαϐόλου
899 3606 992 3660 τὸν
1025 3603 1268 3674 Έλύμαν
1301 3603 1663 3674 ἐπωνόμασε·

94 3703 289 3776 πατέρα
314 3703 409 3758 τοῦ
431 3698 687 3781 διαϐόλου
724 3699 888 3772 μέχρι
918 3697 1014 3753 νῦν
1046 3697 1236 3770 ἕτερόν
1275 3714 1399 3750 τινα
1430 3696 1535 3750 οὐκ
1559 3696 1668 3766 ἔχω

93 3793 216 3860 τέως
242 3791 712 3866 ἀπισχυρίσασθαι
746 3790 845 3860 τὴν
895 3788 1048 3860 ἱερὰν
1073 3788 1252 3865 ,ἡμῶν
1297 3789 1597 3858 ἐπιστάνην
1621 3787 1666 3858 ’ἧ

91 3888 515 3960 ἐπονομάζουσαν
553 3884 811 3958 Γραιρήν⁶
837 3882 953 3938 ἀλλ’
981 3881 1038 3935 ἒν
1070 3881 1173 3953 μὲν
1207 3880 1364 3934 τοῦτο
1397 3880 1457 3933 τὸ
1493 3880 1670 3950 μηδα-

96 3978 188 4050 μοῦ
214 3980 426 4052 πατέρα
450 3965 549 4032 τοῦ
588 3976 839 4032 διαϐόλου
863 3975 973 4029 τῶν
992 3975 1088 4028 τοῦ
1123 3972 1442 4044 Πνεύματος
1471 3972 1668 4040 λογίων

91 4074 160 4145 τῷ
199 4074 446 4145 ἰδιώματι
499 4073 642 4143 μήτε
683 4067 1052 4140 γινώσκεσθαι
1101 4069 1240 4139 μήτε
1285 4065 1691 4136 ὀνομάζεσθαιέι

93 4166 334 4240 Δεύτερον
380 4165 439 4220 δέ
483 4164 594 4218 οὐδ’
625 4163 757 4218 ἔνθα
784 4160 1003 4216 δοκοῦσι
1045 4161 1268 4231 μνήμην
1309 4158 1475 4213 αὐτοῦ
1511 4177 1670 4228 γεγε-

92 4259 290 4326 νῆσθαι,
312 4258 423 4313 οὐδ’
443 4255 686 4313 ἐνταῦθα
714 4257 1019 4330 παρασχεῖν
1045 4253 1143 4323 τὴν
1164 4251 1433 4324 ὑπόληψιν
1454 4250 1670 4321 ἀσφαλῆ

93 4351 364 4408 δύνανται’
403 4353 505 4416 καὶ
540 4350 653 4422 γάρ
697 4351 726 4403 ὁ
773 4349 885 4402 τῶν
931 4345 1203 4400 Ἰουδαίων
1235 4345 1408 4416 δῆμος
1449 4344 1550 4398 οὐκ
1593 4344 1674 4407 εἰς

95 4446 296 4516 πατέρα
325 4445 422 4498 τοῦ
459 4442 598 4498 Θεοῦ
627 4441 925 4512 ἀναφέρειν
954 4437 1194 4509 οὐδαμοῦ
1227 4436 1516 4491 διετείνετο
1550 4437 1675 4488 ἐαυ-

95 4536 195 4602 τὸν,
223 4537 359 4595 ἀλλὰ
404 4538 498 4591 τὸν
528 4536 662 4590 Θεὸν
700 4535 800 4607 μὲν
841 4530 1174 4596 ἐσπούδαζον
1194 4531 1274 4603 τῷ
1318 4533 1521 4602 ῥήματι
1551 4531 1674 4583 ἐπι-

97 4628 388 4709 γράφεσθαι
421 4628 660 4700 πατέρα,
703 4623 899 4690 παῖδας
929 4625 986 4679 δέ
1015 4625 1142 4689 τούς
1191 4625 1252 4690 ἐξ
1292 4617 1539 4696 Ἰσραήλο
1581 4625 1675 4678 καὶ

1770 3419 2021 3488 concepit
2052 3428 2108 3474 et
2138 3421 2342 3477 erroris
2373 3431 2533 3493 partu
2575 3423 2720 3480 filius
2756 3427 3046 3498 adoptatus
3067 3439 3171 3486 est.
3203 3429 3358 3488 Unde

1767 3511 1927 3568 divus
1950 3510 2154 3586 Paulus
2191 3514 2361 3569 [ilium
2391 3515 2592 3572 diaboli
2628 3517 2874 3589 Elymam
2915 3523 3355 3592 cegnominavit;

1774 3611 1987 3670 patrem
2047 3600 2254 3657 diaboli
2308 3603 2477 3659 alium
2508 3621 2836 3677 quemquam
2870 3613 3226 3682 nonreperio
3257 3629 3358 3668 no-

1770 3699 1942 3746 stram
1961 3706 2171 3748 sacram
2191 3693 2560 3765 disciplinam,
2591 3711 2710 3762 seu,
2740 3700 2990 3762 utaiunt,
3017 3700 3357 3772 Scripturam

1771 3795 2214 3853 asseverantem;
2277 3786 2374 3843 sed
2426 3803 2597 3842 unum
2631 3790 3021 3858 quidem-hoc
3080 3810 3359 3867 nusquam

1772 3887 1982 3947 patrem
2006 3877 2208 3933 diaboli
2233 3879 2409 3934 sancti
2426 3878 2665 3949 Spiritus
2704 3882 2962 3937 idiomate
2989 3900 3166 3956 neque
3202 3888 3360 3942 nosci

1773 3982 1951 4038 neque
1982 3969 2272 4024 nominari.
2311 3967 2565 4026 Secundo
2591 3982 2773 4026 autem
2806 3989 2981 4044 neque
3011 3977 3103 4030 ubi
3131 3979 3360 4032 credunt
3387 4040 3393 4047 ,

1774 4061 2104 4116 mentionem
2136 4061 2203 4116 de
2223 4076 2289 4117 eo
2317 4062 2456 4127 ﬁeri,
2512 4064 2587 4118 ibi
2629 4064 2840 4120 firmam
2874 4067 3188 4137 opinionem
3222 4085 3362 4139 pne-

1774 4163 1922 4211 stare
1952 4164 2205 4225 possunt.
2258 4154 2473 4210 Etenim
2519 4155 2833 4212 Judzeorum
2897 4160 3128 4228 populus
3156 4177 3263 4216 non
3305 4166 3359 4217 in

1780 4257 1992 4318 patrem
2024 4247 2118 4304 Dei
2158 4249 2402 4318 seipsum
2431 4250 2642 4319 erigere
2668 4251 3008 4318 conabatur;
3067 4255 3160 4309 sed
3185 4253 3359 4311 Deum

1776 4339 1997 4408 quidem
2032 4347 2240 4408 patrem
2281 4340 2385 4396 sibi
2426 4340 2710 4423 ascribere
2755 4341 3195 4419 annulabantur,
3221 4346 3362 4400 lilius

1779 4447 1908 4498 vero
1966 4425 2110 4513 ejus,
2151 4434 2244 4504 qui
2289 4450 2354 4489 ex
2423 4435 2588 4490 lsrael
2644 4445 2823 4491 erant.
2853 4434 2964 4492 Nec
2998 4436 3243 4493 Creatori
3266 4455 3364 4494 nec

1781 4524 2048 4579 Salvatori
2097 4536 2299 4599 nostro.
2329 4542 2530 4596 scopus
2573 4538 2690 4583 erat
2713 4526 2931 4588 Iudaeos
2959 4529 3129 4598 patris
3160 4530 3362 4585 diaboli

1779 4617 1930 4672 lilios
1981 4618 2286 4674 ostendere.
2349 4619 2467 4671 Alia
2507 4618 2652 4672 enim
2704 4619 2784 4673 eis
2826 4617 3020 4674 fuisset
3048 4654 3055 4662 -
3087 4620 3365 4690 jactautiae

96 4720 164 4792 τῷ
185 4704 508 4794 Δημιουργῷ
541 4721 635 4774 καὶ
667 4721 881 4791 Σωτῆρι
921 4718 1081 4790 ἡμῶν
1107 4717 1206 4772 οὐκ
1232 4715 1301 4790 ἦν
1342 4722 1541 4781 axon);
1565 4721 1670 4773 δεῖ·

1778 4730 1980 4781 causa;
2011 4723 2065 4769 et
2094 4714 2160 4768 ad
2193 4713 2360 4767 alium
2411 4713 2569 4793 cujus
2599 4701 2846 4769 nondum
2913 4716 3272 4783 Oppi-obrium
3310 4726 3365 4770 et

100 4811 176 4876 ξαι
217 4816 338 4879 τοὺς
375 4815 670 4876 Ἰουδαίους
708 4813 802 4865 τοῦ
850 4813 1055 4884 πατρὸς
1076 4811 1182 4867 ’τοῦ
1232 4811 1482 4865 διαϐόλου
1506 4813 1672 4866 τέκνα

100 4907 464 4976 χρηματίζειν
487 4906 673 4978 ἕτερον
694 4905 805 4978 γὰρ
826 4903 890 4960 ἂν
912 4907 1144 4968 ἐκείνοις
1173 4903 1555 4975 ἠλαζονεύετοο
1574 4905 1670 4958 καὶ

100 4998 220 5069 πρὸς
248 5000 428 5069 ἕτερον
450 4992 512 5053 οῦ
539 5001 704 5071 μήπω
737 4998 836 5070 μὲν
876 4997 1098 5062 ὄνειδος,
1130 4999 1295 5068 μήπω
1329 4996 1387 5048 δὲ
1428 5013 1667 5068 κατηγο-

104 5091 213 5164 ρίαν
235 5089 398 5164 εἶχον,
435 5092 684 5163 μεθεῖλεν
717 5091 784 5145 ἂν
811 5092 907 5148 καὶ
951 5090 1271 5162 μετέφερεν,
1309 5090 1447 5162 ὅπερ
1471 5091 1571 5144 οὐκ
1600 5087 1669 5160 ἦν

104 5189 478 5258 συντηροῦντος
505 5187 568 5240 τὸ
608 5187 926 5251 ἀκόλουθον,
960 5185 1076 5240 ἀλλ’
1123 5185 1288 5239 αὐτοῦ
1334 5201 1398 5254 γε
1427 5185 1670 5256 δηλονότι

101 5279 185 5331 τοῦ
230 5280 475 5335 διαϐόλου
505 5281 700 5344 παῖδας
751 5277 1056 5349 ὠνόμαζεν,
1103 5269 1163 5331 οὗ
1213 5277 1306 5330 καὶ
1355 5277 1452 5348 τὴν
1501 5280 1558 5329 ἐν
1601 5279 1668 5348 τῇ

104 5372 277 5444 κλήσει
323 5377 509 5445 σχέσιν
567 5373 670 5428 κᾶν
725 5373 822 5426 καὶ
890 5375 954 5442 τῇ
1001 5365 1195 5443 γνώμη
1255 5374 1350 5424 καὶ
1403 5372 1468 5441 τῇ
1497 5371 1670 5442 μιμήι-

107 5481 178 5519 σει
229 5466 336 5520 τῶν
396 5467 650 5538 πράξεων
704 5464 1086 5536 συνεφέροντο,
1116 5510 1121 5514 .
1152 5461 1294 5533 βαρύ
1331 5478 1390 5514 τε
1449 5458 1518 5531 ἦν
1569 5461 1669 5513 αὐ-

106 5559 207 5620 τοῖς
246 5551 467 5616 ἀκούειν
501 5563 596 5613 καὶ
632 5559 1037 5629 ἀποτρόπαιον·
1073 5556 1198 5609 ἐπεὶ
1229 5550 1322 5608 οῦν
1351 5557 1378 5607 ὀ
1425 5553 1681 5616 Ἰουδαῖος

107 5655 306 5724 πατέρα
335 5656 427 5709 τὸν
474 5655 604 5708 Θεὸν
655 5655 971 5724 ἐπέγραφεν
1028 5650 1245 5713 ἑαυτοῦ,
1281 5651 1375 5702 καὶ
1419 5651 1447 5701 ὁ
1491 5646 1680 5718 Σωτὴρ

113 5745 394 5812 ἐσπούδαζε
425 5747 690 5802 δεικνύειν
722 5745 812 5799 διὰ
851 5745 960 5797 τῶν
995 5743 1172 5815 ἔργων
1207 5741 1366 5796 τοῦτο
1415 5739 1512 5810 μὲν
1537 5737 1678 5790 ψευ-

431 5867 701 5929 PATROL.
753 5868 869 5929 Gn.
903 5865 1010 5926 ΕΙ.

1764 4821 1979 4867 nomen
2009 4804 2285 4875 habebant
2332 4819 2427 4859 eos
2457 4803 2842 4870 convertisset,
2867 4816 2921 4859 et
2953 4805 3362 4875 transtulisset;

1776 4898 1922 4969 quod
1961 4912 2070 4952 non
2111 4908 2227 4954 erat
2273 4899 2662 4968 consequentia
2745 4900 3038 4961 servantis,
3091 4899 3183 4954 sed
3211 4909 3364 4974 patet

1778 5003 1900 5044 eum
1942 4988 2063 5042 illos
2090 4988 2293 5042 diaboli
2331 4988 2468 5042 lilios
2501 4988 2844 5053 nominasse,
2885 4988 3041 5057 cujus
3092 4989 3277 5063 habitu
3309 4997 3366 5050 et

1777 5086 1830 5137 in
1865 5083 2085 5136 nomine
2128 5093 2181 5138 et
2236 5083 2290 5136 in
2349 5092 2530 5136 mente
2565 5092 2618 5136 et
2676 5084 2730 5137 in
2791 5070 3386 5137 imitatione.actuum.

1782 5185 2028 5240 utuntur,
2082 5175 2334 5245 quodque
2373 5177 2596 5229 eratcis
2654 5177 2846 5229 audire
2884 5177 3084 5230 durum
3129 5185 3185 5230 et
3230 5179 3363 5229 abo-

1782 5269 2122 5323 minandum.
2185 5265 2322 5321 Cbm
2371 5266 2517 5321 enim
2549 5263 2771 5321 Judaeus
2807 5277 3017 5336 patrem
3053 5265 3222 5320 Deum
3255 5266 3360 5323 sibi

1781 5361 2116 5426 ascriberet,
2146 5409 2149 5411 .
2183 5370 2238 5415 ct
2289 5357 2537 5420 Salvator
2579 5358 2740 5415 vellet
2795 5373 2890 5413 eos
2945 5359 3231 5413 ostendere
3265 5370 3364 5426 per

1782 5472 1946 5525 opera
1985 5454 2114 5508 illud
2152 5453 2371 5523 quidem
2407 5436 2754 5515 mentientes,
2785 5451 3061 5506 diabolum
3095 5463 3224 5502 vero
3265 5443 3363 5516 per

1780 5564 1842 5602 ea
1873 5560 1996 5616 qua:
2029 5538 2263 5616 agebant
2285 5544 2386 5599 sibi
2429 5553 2636 5613 patrem
2684 5542 2968 5604 facientes,
3005 5537 3134 5608 quid
3160 5535 3363 5606 egisset

1777 5652 1964 5694 sermo
2003 5645 2211 5708 patrem
2246 5635 2444 5690 diaboli
2473 5646 2681 5703 patrem
2709 5632 3022 5688 Judacorum
3053 5644 3147 5699 per
3179 5627 3361 5682 divina

1781 5731 2000 5788 oracula
2035 5731 2310 5786 nominari
2337 5727 2579 5785 docens?

2960 5829 3024 5888 12
