3864 6208
1629 272 1891 336 PIIOTII
1922 252 2433 332 PATRIARCHzE
2466 272 2575 333 CP.
3634 289 3727 353 356

468 399 748 471 δομένους,
793 396 886 450 τὸν
924 393 1176 448 διάϐολον
1204 393 1259 447 δὲ
1291 393 1357 445 δι’
1408 384 1482 445 ὧν
1536 390 1804 461 ἔπραττον
1846 386 2061 457 πατέρα
2096 384 2475 456 ποιουμένους,
2507 386 2594 451 τίς
2628 385 2695 441 ἂν
2735 389 2822 461 είή
2861 387 3017 459 λόγος
3062 392 3091 444 6
3147 394 3425 465 περαίνων
3481 396 3575 453 τὸν
3641 420 3735 456 πα.

467 498 603 566 τέρα
633 495 726 549 τοῦ
760 493 1009 569 διαϐόλου
1047 493 1262 563 πατέρα
1284 490 1394 542 τῶν
1430 488 1705 543 Ἰουδαίων
1735 486 1823 540 διὰ
1849 485 1960 538 τῶν
1996 482 2209 549 Λογίων
2232 484 2643 554 ¹ὀνομάζεσθαι;

541 586 656 641 Vox
687 586 835 641 enim
862 584 1166 639 Salvator-is
1200 582 1268 637 ad
1298 580 1515 635 Iudaeos
1545 596 1642 650 per
1677 577 2053 648 exprobratio-
2086 578 2132 634 Α

468 694 590 735 nem
630 679 836 733 directa
880 676 1035 730 nihil'
1065 689 1255 736 eorum
1318 673 1425 727 sibi
1472 670 1749 742 proponit.
1814 665 2046 722 Obvium

466 774 612 828 enim
671 778 725 826 et
769 768 1020 823 lectionis
1057 765 1479 836 explicationem
1521 761 1800 827 nesciens,
1873 774 2050 828 neque

466 865 753 920 attendens
783 862 849 916 ad
884 878 1046 932 quam
1091 848 1393 930 praesertim
1432 858 1729 911 multorum
1780 854 1963 923 lingua
1993 862 2050 906 ut

426 964 429 969 '
465 958 722 1028 loquatur
753 964 975 1020 temere,
1013 952 1337 1016 abducatur,
1367 956 1563 1025 sponte
1593 944 1803 1001 invenit
1835 954 2046 1015 patrem

464 1051 668 1106 diaboli
699 1052 870 1119 ‘quem
912 1047 1096 1101 nullus
1134 1060 1268 1100 usus
1310 1060 1486 1113 neque
1534 1042 1652 1112 ipsa
1684 1040 2049 1111 appellatione

374 1200 377 1203 _
464 1142 730 1195 exsistere
761 1146 949 1192 notum
979 1135 1127 1190 facit.
1181 1134 1237 1189 Si
1263 1143 1442 1188 autem
1479 1131 1865 1203 explicationis
1886 1129 2049 1185 modo

463 1232 887 1294 consideretur,
940 1218 1195 1298 et'juxta
1254 1226 1627 1297 praecedentes
1683 1222 2048 1293 cogitationes

466 1334 682 1396 aptetur
707 1332 761 1379 et
798 1323 1144 1393 explanetur,
1206 1319 1323 1387 ipse
1374 1318 1627 1373 diabolus
1682 1325 1839 1387 pater
1864 1314 2049 1386 ingra-

465 1428 648 1472 torum
672 1414 987 1485 Judacorum
1021 1410 1402 1467 annuntiatur.
1450 1408 1517 1463 Et
1560 1424 1724 1480 quem
1763 1422 1874 1462 non
1905 1406 2049 1463 inbi-

465 1510 612 1564 bitus
658 1509 856 1578 linguae
879 1521 1075 1562 cursus
1108 1504 1524 1576 explicationem
1554 1502 1814 1558 omittens
1835 1510 2045 1572 patrem

463 1600 659 1656 diaboli
681 1599 834 1669 lingit
859 1608 916 1653 et
945 1597 1257 1661 annuntiat,
1290 1594 1442 1649 nullo
1468 1592 1630 1647 modo
1662 1590 2044 1648 cxsistentiam

462 1692 647 1748 habet.
688 1689 943 1745 Salvator
970 1698 1154 1742 autem
1186 1701 1282 1756 per
1300 1682 1785 1755 exprobrationem
1816 1680 2044 1736 verbum

461 1781 768 1855 proferens,
795 1795 920 1834 cum
960 1776 1272 1833 Judaeorum
1306 1775 1774 1855 pepnlusdiceret,
1813 1792 1833 1825 ι
1866 1773 2044 1829 Unum

460 1850 668 1946 patrem
688 1872 953 1926 habemus
973 1868 1167 1936 Deum,
1192 1887 1211 1921 ι
1244 1868 1457 1923 audetis
1482 1867 1669 1938 igitur,
1690 1850 1903 1936 inquit,
1941 1880 2043 1920 nec

460 1982 561 2022 vos
587 1965 749 2036 pudet
769 1973 984 2034 patrem
1020 1960 1190 2016 Deum
1219 1974 1450 2025 vocare;
1498 1968 1593 2013 aut
1624 1972 1808 2012 nonne
1837 1971 1937 2012 vos
1971 1972 2041 2011 ex

462 2058 680 2113 diabolo
710 2057 866 2119 estis,
917 2069 985 2110 eo
1010 2053 1155 2125 quod
1185 2053 1440 2107 mandata
1470 2051 1590 2121 ejus
1635 2050 1802 2105 vultis
1838 2048 2038 2113 facere,

460 2164 561 2204 vos
590 2148 730 2204 lilios
765 2147 885 2217 ejus
918 2146 1263 2200 exhibentes.
1310 2143 1484 2213 Cujus
1535 2142 1681 2196 enim
1710 2142 1833 2211 quis
1883 2140 2041 2211 juxta

463 2238 717 2313 mandata
748 2237 1021 2292 formatur
1048 2244 1104 2291 et
1136 2234 1381 2306 ﬁngitur,
1412 2232 1614 2304 dignus
1644 2240 1729 2287 est
1760 2230 1923 2293 etiam
1947 2230 2041 2300 qui

461 2330 583 2400 ejus
613 2328 756 2383 frlius
778 2326 1218 2399 cognominetur.
1273 2325 1420 2391 Quas
1457 2324 1605 2378 enim
1637 2322 1784 2393 leges
1812 2320 2046 2376 aemula-

461 2425 663 2477 bantur
714 2419 909 2487 Judaei,
971 2418 1077 2474 nisi
1139 2432 1233 2471 eas
1278 2417 1480 2487 quibus
1522 2415 1750 2487 gloriam
1794 2413 1897 2467 sibi
1952 2426 2044 2468 ac-

462 2515 716 2585 quircbat
742 2513 1029 2568 diabolus?
1062 2511 1301 2567 Gloriam
1325 2512 1393 2565 ab
1427 2509 1660 2564 invicem
1694 2508 2042 2577 recipientes,

462 2608 741 2678 proximos
788 2606 1082 2661 calumniis
1133 2604 1379 2667 edentes,
1437 2602 1641 2656 invidia
1674 2598 2043 2671 pulcherrima

459 2704 829 2779 inquiuantes,
862 2700 1058 2757 caedem
1098 2701 1151 2755 in
1188 2696 1943 2758 Salvatorommachinantes,
1992 2700 2048 2748 et

460 2798 642 2868 lingua
711 2795 1094 2864 sententiaque
1176 2800 1408 2846 mortem
1475 2789 1595 2859 ejus
1648 2794 2042 2858 prmparantes,

456 2890 671 2944 Veritati
740 2888 1080 2943 mendacium
1171 2884 1561 2956 prailercntes,
1624 2891 1679 2935 et
1749 2880 1934 2935 dolum
1993 2887 2047 2933 et

456 2980 784 3035 calumniam
836 2987 891 3033 et
920 2976 1209 3032 avaritiam
1240 2966 1405 3030 vitam
1440 2989 1597 3029 suam
1651 2971 1937 3032 facientes,
1990 2978 2046 3025 et

454 3075 563 3129 alia
625 3074 809 3128 omnia
862 3072 950 3126 bis
1002 3070 1204 3125 similia
1228 3077 1394 3133 sunt;
1442 3081 1538 3137 per
1593 3079 1714 3136 quae
1750 3072 1804 3119 ct
1843 3063 2043 3118 diaboli

457 3162 973 3235 congeneratiouem
1011 3170 1070 3215 ut
1100 3160 1343 3215 auctoris
1366 3168 1419 3213 et
1476 3159 1681 3211 satoris
1727 3157 1834 3223 sui,
1865 3154 2042 3208 mani-

2224 574 2313 625 οἭ
2341 575 2447 647 γάρ
2477 594 2559 631 τοι
2581 578 2650 630 δι’
2677 578 2961 649 ὑποφορᾶς
2991 580 3126 649 πρδς
3146 582 3270 646 τοὺς
3290 584 3585 652 Ἰουδαίους
3608 591 3732 645 ἀπο-

2151 666 2438 735 τεινομένη
2453 666 2546 719 τοῦ
2575 668 2824 739 Σωτῆρος
2853 669 3194 739 φωνὴ,οὺδὲν
3216 674 3395 727 αὐτῶν
3430 680 3731 750 συναντιλή.

2150 758 2311 826 ψεται
2345 762 2413 831 τῇ
2463 759 2761 831 προθέσει⁹
2789 762 2849 815 τὸ
2882 762 2982 832 μὲν
3031 764 3140 835 γὰρ
3178 762 3491 839 πρόχειρον’
3527 774 3618 825 καὶ
3645 774 3730 845 τὴν

2150 850 2431 923 διαστολὴν
2455 853 2555 905 οὐκ
2585 850 2740 916 είδὼς
2780 853 2881 923 τῆς
2927 855 3309 923 ἀναγνώσεως,
3356 862 3457 914 καὶ
3507 865 3641 933 πρὸς
3674 866 3731 934 ἣν

2154 940 2391 1010 μάλιστα.
2420 942 2529 995 τῶν
2560 942 2775 997 πολλῶν
2824 945 2857 1015 ή
2894 944 3113 1013 γλῶττα
3159 951 3552 1021 παρασύρεται
3584 955 3731 1008 αὑτο-

2152 1032 2478 1101 σχεδιάζειν,
2534 1028 2693 1104 εὗρεν
2717 1034 2938 1105 ἕτοιμον
2988 1038 3208 1109 πατέρα
3236 1040 3335 1094 τοῦ
3369 1044 3646 1113 διαϐόλου,
3680 1047 3731 1101 ὃν

2150 1124 2378 1196 οὐδεμία
2424 1124 2623 1197 χρῆσις
2672 1127 2790 1182 αὐδ’
2821 1129 2881 1182 ὲν
2916 1132 2983 1202 τῇ
3020 1130 3213 1202 κλήσει
3253 1134 3353 1205 τὴν
3386 1136 3556 1205 φύσιν
3597 1126 3729 1209 ἔχειν

2150 1214 2436 1286 ὲγνώρισε’
2463 1216 2528 1269 τὸ
2552 1216 2609 1270 δὲ
2653 1222 3127 1292 περιεσκεμμένον
3155 1225 3234 1295 τῷ
3270 1227 3463 1299 τρόπῳ
3486 1229 3588 1297 τῆς
3621 1232 3727 1285 δια·

2152 1307 2369 1377 στολῆς,
2395 1307 2798 1389 ρυθμιζόμενον
2820 1313 2915 1366 καὶ
2934 1315 3053 1377 ταῖς
3077 1316 3485 1386 προλαϐούσαις
3517 1322 3728 1387 ἐννοίαις

2154 1399 2462 1469 συνδιαιρού
2473 1418 2657 1471 μενον,
2689 1402 2853 1480 αὐτόν
2880 1420 2940 1457 τε
2972 1405 3065 1459 τὸν
3105 1392 3353 1462 διάϐολον
3386 1412 3604 1483 πατέρα
3632 1414 3727 1466 τῶν

2149 1493 2482 1564 ἀγνωμόνων
2506 1494 2782 1549 Ἰουδαίων
2807 1497 3167 1567 ἀπαγγέλλει·
3193 1502 3288 1557 καὶ
3304 1502 3363 1555 ὃν
3389 1506 3419 1558 6
3446 1506 3727 1578 ἀνεπίσχε-

2147 1600 2240 1648 τος
2259 1584 2357 1655 τῆς
2382 1584 2631 1657 γλώττης
2667 1586 2867 1659 δρόμος
2913 1589 3013 1661 τὴν
3061 1591 3351 1665 διαστολὴν
3390 1597 3725 1668 ὑπερϐαίνων

2150 1678 2537 1749 περιαγγέλλει
2575 1681 2789 1751 πατέρα
2818 1681 2913 1735 τοῦ
2937 1682 3186 1738 διαϐόλου
3214 1686 3497 1753 πλάττων,
3534 1691 3723 1763 οὐμεν-

2149 1767 2244 1822 οῦν
2295 1769 2547 1839 οὐδαμῶς
2588 1773 3015 1828 συνεπίσταται·
3048 1777 3425 1849 ἐπιτιμήσεως
3458 1779 3518 1834 δὲ
3556 1780 3725 1852 τρόπῳ

2148 1862 2238 1914 τδν
2269 1862 2426 1930 λόγον
2459 1864 2487 1916 6
2522 1865 2715 1937 Σωτὴρ
2752 1868 3033 1937 προάγων,
3056 1869 3288 1942 ἐπείπερ
3321 1872 3515 1942 ἔλεγεν
3554 1877 3582 1927 ό
3609 1874 3726 1928 Ἰου-

2143 1954 2308 2008 δαίων
2323 1955 2519 2029 δῆμος,
2550 1974 2569 2007 ί
2583 1956 2722 2010 Ἕνα
2742 1958 2956 2031 πατέρα
2974 1959 3169 2031 ἔχομεν
3189 1962 3444 2017 τὸνθεόν⁹
3460 1983 3480 2017 ι
3507 1964 3723 2037 τολμᾶτε

2143 2045 2200 2098 δέ
2229 2063 2291 2114 γε
2316 2042 2446 2116 ἆρα,
2474 2048 2634 2118 φησι,
2659 2049 2755 2102 καὶ
2778 2042 2878 2102 οὐκ
2916 2051 3327 2119 ὲγκαλύπτεσθε
3353 2055 3573 2127 πατέρα
3603 2074 3722 2109 κατ-

2144 2135 2431 2206 ονομάζειν
2473 2136 2759 2211 τὸν-Θεόνς
2790 2138 2822 2209 ἢ
2850 2139 2972 2210 οὐχὶ
3005 2142 3164 2211 ὑμεῖς
3187 2143 3282 2196 τοῦ
3311 2144 3565 2200 διαϐόλου
3594 2149 3719 2211 ἐστὲ,

2145 2228 2211 2281 δι’
2244 2221 2319 2282 ὧν
2342 2228 2439 2293 τὰς
2468 2230 2688 2295 ἐντολὰς
2728 2231 2895 2286 αὑτοῦ
2928 2233 3110 2288 θέλετε
3144 2238 3339 2303 ποιεῖν,
3373 2238 3530 2301 υἱοὺς
3573 2240 3722 2291 αὑτοῦ

2144 2320 2453 2385 δεικνύντες
2498 2323 2762 2391 ἑαυτούς;
2795 2320 2855 2379 οὗ
2890 2327 3125 2399 γάριτις
3177 2329 3322 2383 κατὰ
3368 2330 3476 2394 τὰς
3521 2330 3722 2395 ἐντολάς

2150 2413 2452 2486 μορφοῦται
2476 2416 2572 2469 καὶ
2610 2416 3022 2484 διαπλάττεται,
3086 2419 3279 2473 τούτου
3319 2424 3415 2475 καὶ
3451 2423 3567 2487 υίὸς
3608 2440 3723 2477 κατ-

2146 2506 2510 2577 ονομάζεσθαι
2556 2508 2768 2573 δίκαιος
2799 2510 2883 2581 εἴη
2920 2512 3019 2564 ἄν’
3053 2512 3207 2576 τίνας
3236 2512 3282 2566 δ’
3321 2513 3390 2567 ἂν
3436 2514 3653 2578 ἐντολὰς
3678 2516 3720 2567 ot

2085 2615 2094 2625 ·
2148 2597 2395 2653 Ἰουδαῖοι
2420 2599 2777 2666 ἐσπούδαζον,
2805 2603 2837 2675 ἢ
2873 2604 2941 2656 δῖ’
2969 2597 3044 2657 ὧν
3074 2606 3102 2658 6
3134 2604 3381 2670 διάϐολος
3416 2606 3717 2672 ἐδοξάζετος

2145 2691 2303 2758 δόξαν
2342 2694 2473 2766 παρ’
2517 2687 2695 2748 ἄλλων
2737 2695 3132 2767 λαμϐάνοντες,
3173 2701 3293 2763 ταῖς
3345 2700 3721 2769 συκοφαντίαις

2145 2786 2274 2847 τοὺς
2303 2784 2532 2857 πλησίον
2572 2787 2974 2853 κατεσθίοντες,
3010 2790 3192 2861 φθόνῳ
3235 2790 3305 2844 τά
3346 2792 3615 2846 κάλλιστα
3639 2791 3720 2844 λυ-

2150 2876 2489 2946 μαινόμενοι,
2531 2864 2692 2948 φόνον
2734 2881 2877 2933 κατά
2907 2879 3003 2934 τοῦ
3037 2883 3287 2953 Σωτῆρος
3326 2884 3717 2954 μηχανώμενοι,

2147 2970 2242 3023 καὶ
2276 2969 2495 3043 γλώσσῃ
2523 2972 2617 3025 καὶ
2649 2973 2842 3044 γνώμῃ
2876 2973 2967 3027 τὸν
3008 2974 3240 3029 θάνατον
3281 2978 3717 3043 συσκευάζοντες,

2144 3066 2207 3118 τὸ
2240 3064 2435 3136 ψεῦδος
2461 3066 2560 3137 τῆς
2593 3066 2853 3138 ἀληθείας
2894 3058 3209 3138 ἔμπροσθεν
3244 3069 3498 3137 ἄγοντες,
3528 3069 3619 3123 καὶ
3646 3069 3718 3122 δύο

2146 3156 2237 3209 λον
2265 3159 2359 3209 καὶ
2385 3157 2636 3227 διαϐολὴν
2660 3159 2754 3211 καὶ
2784 3157 3152 3230 φιλαργυρίαν
3196 3159 3287 3211 τὸν
3322 3159 3717 3231 βίον-ποιούμε-

458 3260 595 3311 teste
646 3257 750 3311 sibi
808 3254 1180 3308 vindicabant.
1264 3250 1535 3304 Przcterea
1591 3258 1645 3303 et
1696 3248 1925 3301 allatum
1986 3252 2038 3299 et

2148 3266 2249 3311 νοι,
2289 3250 2383 3302 καὶ
2406 3249 2505 3310 ὅσα
2529 3249 2742 3314 τούτοις
2774 3250 3159 3319 παραπλήσια,
3193 3250 3261 3305 δι’
3292 3246 3367 3305 ὧν
3395 3254 3494 3306 καὶ
3516 3253 3609 3323 τὴν
3635 3252 3717 3305 τοῦ

458 3363 768 3403 connexum
801 3344 1083 3400 oraculum
1136 3358 1244 3397 non
1278 3341 1481 3395 indicat
1510 3338 1732 3410 quidem
1765 3338 2037 3393 nominari

452 3450 692 3510 patrem,
744 3436 993 3507 inquam,
1041 3435 1264 3499 diaboli,
1306 3435 1563 3503 aliquem.
1628 3430 1867 3487 Rursum
1911 3446 2040 3486 vero

458 3535 722 3607 supponit
755 3533 1075 3587 annuntiari
1123 3538 1335 3602 patrem
1390 3527 1703 3584 Iuda-orum
1754 3528 2032 3583 diabolum

460 3640 516 3685 et
571 3643 692 3683 esse
727 3637 781 3682 et
808 3618 1111 3680 nominari.
1185 3622 1326 3677 Dicit
1356 3622 1543 3678 enim:
1590 3621 1722 3676 «Ille
1771 3622 1842 3676 ab
1882 3623 2039 3676 initio

458 3716 735 3772 homicida
770 3724 889 3769 erat
914 3714 985 3777 “,
1014 3732 1033 3765 ι
1109 3712 1386 3773 diabolum
1422 3710 1732 3776 manifeste,
1771 3726 1880 3766 non
1938 3712 2039 3765 ali-

458 3824 619 3879 quem
659 3816 868 3877 patrem
901 3804 1128 3861 diaboli.
1153 3803 1255 3858 Cui
1294 3803 1439 3859 enim
1465 3805 1621 3858 alteri
1661 3804 1816 3870 illud,
1855 3805 2034 3858 homic

459 3897 869 3966 cida,-cti|lud,
930 3898 1041 3951 «ab
1078 3896 1260 3957 initio,
1292 3914 1310 3946 ›
1392 3896 1716 3951 conveniet?
1780 3904 1834 3951 et
1881 3897 2033 3961 illud,

463 4013 484 4046 ι
522 3976 749 4048 minime
782 3991 835 4044 in
871 3990 1097 4044 veritate
1141 3989 1318 4044 stare?
1349 4006 1367 4040 ι
1405 3988 1506 4041 nisi
1545 3988 1645 4057 ipsi
1676 3988 1916 4054 diabolo,
1942 3990 2035 4059 qui

452 4085 697 4155 linguam
745 4089 936 4137 contra
978 4078 1292 4135 Creatorem
1342 4080 1627 4135 mendacio
1679 4082 1849 4144 acuit,
1912 4081 2037 4135 dolo

2144 3342 2391 3396 διαϐόλου
2410 3342 2848 3411 συγγένειαννὼς
2865 3342 3112 3415 ἀρχηγοῦ
3130 3344 3225 3397 καὶ
3240 3345 3493 3415 σπορέως
3507 3345 3716 3411 τούτων,

2144 3436 2459 3507 περιφανῶς
2493 3435 2844 3508 ᾠκειώσαντο
2868 3454 2881 3467 ο
2914 3438 3011 3490 ἐπὶ
3049 3438 3259 3502 τοιὶτοις
3290 3441 3386 3493 καὶ
3414 3439 3483 3493 τὸ
3526 3440 3718 3508 ἑπαγό-

2147 3545 2307 3597 μενον
2325 3530 2419 3582 καὶ
2443 3528 2855 3600 συνηρτημένον
2870 3529 3071 3600 λόγιον,
3089 3530 3151 3583 τὸ
3168 3532 3269 3602 μὲν
3290 3533 3388 3585 οὐκ
3406 3528 3553 3587 οἶδεν
3572 3531 3717 3597 ὅλως,

2143 3620 2357 3690 πατέρα
2406 3618 2552 3687 λέγω
2588 3621 2711 3673 τινὰ
2764 3622 2861 3673 τοῦ
2906 3620 3178 3688 διαϐόλου,
3229 3622 3713 3693 κατονομάζεσθαι·

2141 3712 2202 3765 τὸ
2237 3712 2294 3766 δὲ
2321 3714 2483 3781 πάλιν
2527 3712 2819 3767 ὑποϐάλλει
2880 3714 3355 3783 καταγγέλλεσθαι
3390 3716 3606 3788 πατέρα
3620 3715 3717 3768 τῶν

2140 3805 2411 3859 Ἰουδαίων
2453 3804 2543 3859 τὸν
2564 3804 2813 3859 διάϐολον
2849 3807 2942 3859 καὶ
3001 3804 3140 3859 εἶναι
3184 3809 3280 3860 καὶ
3333 3808 3713 3877 ὀνομάζεσθαιι

2143 3896 2276 3967 φησὶ
2294 3896 2422 3985 γὰρ,
2448 3893 2714 3959 «Ἐκεῖνος
2725 3896 2819 3949 ἀπ’
2838 3898 3011 3968 ἀρχῆς
3022 3896 3471 3973 ἀνθρωποκτόνος
3489 3895 3609 3972 ἧν,’›
3635 3900 3717 3952 τὸν

2141 3988 2387 4077 διάϐολον
2418 3988 2681 4058 δηλονότι,
2721 3990 2835 4043 ἀλλ’
2872 3993 2969 4061 οὐχ
3016 3991 3206 4063 ἕτερόν
3238 4008 3361 4046 τινα
3393 3995 3609 4065 πατέρα
3630 3991 3715 4046 τοῦ

2140 4080 2413 4134 διαϐόλουο
2443 4080 2551 4134 τίνι
2596 4080 2722 4135 δ’ἀν
2754 4082 2926 4154 ἑτέρῳ
2941 4082 3021 4148 τὸ,
3051 4084 3553 4159 «ἀνθρωποκτόνος,
3580 4104 3599 4137 ι
3632 4084 3715 4138 καὶ

457 4189 639 4229 autem
692 4190 813 4229 eam
862 4162 1181 4227 dulcorans‘
1213 4172 1403 4241 primae
1446 4180 1710 4226 creatura:
1736 4172 2033 4242 protendit,

2148 4176 2218 4239 εδ,
2250 4194 2267 4227 ι
2300 4176 2395 4228 ἀπ’
2419 4176 2615 4247 ἀρχῆς,
2642 4195 2661 4228 ι
2687 4179 2989 4249 ἐφαρμόσει
3007 4196 3020 4244 ;
3040 4179 3132 4231 καὶ
3173 4180 3253 4245 τὸ,
3279 4198 3296 4231 ι
3311 4181 3714 4253 μηδαμῶςέντῇ

456 4278 511 4323 et
533 4276 822 4339 postquam
862 4265 1044 4321 verbis
1087 4263 1463 4318 fraudulenter
1500 4278 1618 4317 eam
1664 4263 1982 4343 incantavit,
2007 4278 2037 4318 e

2148 4263 2369 4336 ἀληθείᾳ
2398 4266 2619 4319 ἑστάναι
2642 4305 2658 4330 ,
2681 4285 2699 4317 ι
2722 4268 2770 4318 εί
2802 4266 2878 4337 μὴ
2900 4267 3050 4337 αὐτῷ
3079 4284 3140 4336 γε
3163 4266 3239 4338 τῷ
3259 4267 3515 4339 διαϐόλῳ,
3546 4268 3602 4325 6;
3628 4266 3715 4335 τὴν

454 4362 579 4416 vitze
600 4361 654 4415 in
673 4359 930 4431 paradiso
965 4366 1101 4413 acta'
1125 4366 1179 4412 et
1194 4357 1517 4412 deliciarum
1545 4364 1874 4411 aeternarum
1912 4357 2036 4411 lini-

2148 4357 2391 4427 γλῶσσαν
2422 4358 2521 4428 μὲν
2570 4361 2713 4413 κατὰ
2752 4359 2844 4412 τοῦ
2878 4361 3222 4433 Δημιουργοῦ
3262 4361 3339 4432 τῷ
3368 4362 3556 4432 ψεύδει
3587 4376 3716 4430 παρ·

456 4453 798 4523 busexpulit,
841 4450 1272 4507 immortalitatis
1304 4449 1483 4504 locum
1525 4463 1799 4504 carcerem
1840 4452 2035 4505 mortis

2148 4450 2333 4517 ῶξυνε,
2349 4450 2431 4521 τῷ
2448 4451 2586 4522 δόλῳ
2607 4451 2665 4505 δὲ
2688 4452 2893 4522 ταύτην
2919 4446 3194 4521 γλυκάνας
3218 4454 3295 4526 τῷ
3320 4453 3715 4527 πρωτοπλάστῳ

452 4547 732 4603 elliciens?
785 4545 1011 4601 Mortem
1044 4546 1189 4599 enim
1216 4542 1357 4597 Deus
1393 4557 1499 4596 non
1529 4540 1693 4609 fecit;
1733 4542 1826 4597 sed
1864 4542 2025 4617 primi

2148 4541 2427 4613 προῦτεινε
2453 4559 2465 4573 ⁸
2519 4544 2613 4597 καὶ
2665 4544 2845 4612 λόγοις
2892 4545 3207 4610 ἔπικλόπως
3259 4547 3712 4615 καταγοητεύσας,

452 4641 696 4709 parentis
723 4636 1107 4709 transgressio,
1162 4635 1396 4691 consilio
1424 4650 1453 4686 a
1499 4641 1755 4703 serpente
1785 4642 2032 4703 accepto,

2148 4634 2240 4703 τῆς
2268 4635 2324 4686 ὲν
2354 4634 2670 4706 παραδείσῳ
2706 4635 2852 4704 ζωῆς
2881 4639 2974 4690 καὶ
3004 4638 3218 4709 τρυφῆς
3249 4638 3421 4723 ἀϊδίου
3451 4637 3716 4709 ὑπερώρι-

453 4744 686 4789 mortem
713 4724 917 4803 genuit.
948 4733 1118 4803 Igitur
1139 4741 1193 4787 ct
1214 4730 1486 4786 homicida
1510 4731 1577 4784 ab
1607 4729 1763 4785 initio
1788 4729 2040 4785 diabolus

2148 4742 2259 4793 σεν,
2287 4727 2652 4798 ἐργαστήριον
2699 4728 2954 4805 θανάτου,
2974 4729 3075 4800 τῆς
3098 4716 3404 4795 ἀθανασίας
3424 4732 3485 4784 τὸ
3532 4731 3717 4803 χωρίον

453 4833 510 4879 ct
538 4825 589 4878 iu
618 4827 845 4879 veritate
866 4840 975 4878 non
1009 4823 1194 4888 stetit;
1231 4833 1285 4875 et
1313 4821 1387 4875 illi
1417 4821 1705 4876 Dominum
1729 4821 2036 4891 quaerentes

2148 4817 2551 4889 ἐργασάμενος;
2591 4818 2823 4871 θάνατον
2840 4819 2950 4890 γὰρ
2985 4822 3014 4873 6
3033 4821 3162 4883 Θεὸς
3184 4822 3282 4874 οὐκ
3314 4822 3588 4893 ἐποίησεν·
3613 4818 3717 4875 ἀλλ’

454 4914 783 4980 interﬁcere,
813 4923 867 4969 et
891 4913 1106 4968 veritati
1127 4912 1474 4967 mendacium
1503 4925 1721 4981 semper
1742 4910 2032 4981 proferen-

2148 4910 2276 4980 ίλτοῦ
2299 4910 2727 4982 πρωτοπλάστου
2748 4912 3059 4983 παράϐασις
3087 4913 3187 4984 τὴν
3211 4930 3274 4966 συ
3284 4914 3523 4986 μϐουλὴν
3540 4912 3717 4967 συλλα-

456 5015 555 5071 tes,
592 5004 821 5058 formam
846 5004 1099 5081 parentis
1127 5002 1471 5057 indelebilem
1501 5012 1850 5058 conservant.

2148 5003 2304 5057 Ξοῦσα
2361 5004 2455 5057 τοῦ
2487 5003 2684 5073 δφεως,
2714 5004 2806 5058 τὸν
2860 5005 3091 5059 θάνατον
3132 5006 3488 5078 ἀπεκύησενο
3539 5004 3716 5060 οὐκοίν

426 5098 430 5102 ’
455 5101 552 5155 καὶ
568 5100 1018 5171 ἀνθρωποκτόνος
1036 5097 1132 5151 ἀπ’
1147 5090 1320 5169 ἀρχῆς
1342 5099 1369 5149 6
1388 5096 1652 5164 διάϐολος,
1667 5099 1760 5152 καὶ
1783 5101 1841 5153 ἐν
1856 5102 1923 5170 τῇ
1948 5099 2181 5170 ἀληθείᾳ
2199 5100 2296 5170 οὐχ
2310 5099 2542 5170 ἕστηκεν
2560 5116 2574 5131 ο
2590 5100 2683 5155 καὶ
2701 5101 2856 5155 αὐτοὶ
2879 5102 3167 5172 ζητοῦντες
3178 5104 3495 5158 ἀποκτεῖναι
3515 5097 3603 5158 τδν
3620 5102 3717 5156 Κύ-

457 5208 592 5263 ριον,
625 5192 720 5243 καί
751 5190 812 5243 τὸ
846 5188 1037 5258 ψεῦδος
1055 5188 1141 5242 ἀεὶ
1178 5188 1284 5259 πρὸ
1312 5191 1409 5260 τῆς
1445 5189 1701 5261 ἀληθείας
1727 5190 2114 5263 ὲλόμενοι,τῆν
2140 5192 2353 5268 μορξὴν
2374 5191 2469 5245 τοῦ
2494 5192 2886 5262 γεγεννηκότος
2904 5195 3372 5266 ἀπαραχάρακτον
3384 5198 3711 5264 διασώζουσι.

523 5287 681 5343 Patet
734 5304 799 5342 ex
871 5288 1033 5341 dictis
1096 5284 1412 5341 Judaznrum
1477 5274 1686 5358 patrem
1756 5288 2036 5345 diabolum

2218 5292 2327 5343 Καὶ
2354 5291 2590 5361 φανερὸν
2620 5289 2683 5343 ἐνί
2712 5292 2820 5343 τῶν
2842 5292 3149 5361 εἰρημένων
3181 5294 3261 5346 ὅτι
3290 5294 3473 5363 πατὴρ
3506 5295 3601 5365 μὲν
3620 5292 3715 5346 τῶν

453 5372 758 5444 nominari;
812 5377 982 5447 patris
1027 5372 1209 5431 autem
1257 5376 1458 5431 diaboli
1500 5386 1749 5431 naturam
1794 5378 2036 5446 reperire

452 5488 563 5527 non
582 5480 688 5535 cst,
723 5484 901 5540 nequc
947 5470 1365 5540 appellationem
1408 5484 1526 5523 eam
1558 5470 2028 5534 manifestantem,

454 5581 629 5636 neque
673 5565 789 5635 ipsa
829 5562 1181 5634 cogitatione.
1250 5563 1348 5617 Illa
1388 5562 1689 5649 propositae
1740 5562 1807 5617 ab
1870 5563 2025 5618 initio

526 5731 569 5762 ⁸⁸
599 5728 753 5784 Joau.
793 5745 914 5797 vm,
938 5728 1025 5783 44.

2157 5382 2430 5436 Ἰουδαίων
2454 5385 2480 5435 ό
2509 5382 2757 5447 διάϐολος
2788 5385 3139 5455 ὀνομάζεταιο
3166 5384 3373 5457 πατρὸς
3404 5388 3462 5440 δὲ
3492 5388 3583 5439 τοῦ
3608 5386 3715 5438 δια-

2142 5473 2300 5527 ϐόλου
2343 5472 2467 5526 οὔτε
2503 5473 2693 5526 λαϐεῖν
2722 5474 2838 5526 ἐστι
2879 5474 3061 5543 φύσιν,
3105 5476 3231 5530 οὔτε
3259 5477 3450 5548 κλῆσιν
3478 5476 3710 5547 οὐδαμύς

2142 5565 2651 5636 παραδηλουμένην,
2681 5564 2805 5620 οὔτε
2830 5567 2909 5637 τῷ
2934 5568 3166 5639 νοήματι
3195 5584 3209 5599 ·
3244 5573 3275 5639 ἡ
3310 5571 3495 5641 μέντοι
3543 5587 3601 5640 γε
3625 5568 3712 5638 τῆς
