  <div class='ocr_page' id='page_1' title='image "/cluster/home/n/w/nwhite01/storage/ocr_20150623/101 pt.1/mdp.39015061955830/200.png"; bbox 0 0 3820 6212; ppageno 0'>
   <div class='ocr_carea' id='block_1_1' title="bbox 88 352 178 418">
    <p class='ocr_par' dir='ltr' id='par_1_1' title="bbox 88 352 178 418">
     <span class='ocr_line' id='line_1_1' title="bbox 88 352 178 418; baseline -0.022 0"><span class='ocrx_word' id='word_1_1' title='bbox 88 352 178 418; x_wconf 63' lang='grc'><strong>351</strong></span> 
     </span>
    </p>
   </div>
   <div class='ocr_carea' id='block_1_2' title="bbox 985 304 2460 398">
    <p class='ocr_par' dir='ltr' id='par_1_2' title="bbox 985 304 2460 398">
     <span class='ocr_line' id='line_1_2' title="bbox 985 304 2460 398; baseline -0.013 -2"><span class='ocrx_word' id='word_1_2' title='bbox 985 337 1084 398; x_wconf 78' lang='lat' dir='ltr'><strong>AD</strong></span> <span class='ocrx_word' id='word_1_3' title='bbox 1115 324 1713 395; x_wconf 80' lang='lat' dir='ltr'><strong>AMPIlll.0ClllUM</strong></span> <span class='ocrx_word' id='word_1_4' title='bbox 1741 318 2090 393; x_wconf 61' lang='lat' dir='ltr'><strong>QUIESl‘lO</strong></span> <span class='ocrx_word' id='word_1_5' title='bbox 2113 304 2378 379; x_wconf 74' lang='lat' dir='ltr'><strong>XLVIII.</strong></span> <span class='ocrx_word' id='word_1_6' title='bbox 2452 349 2460 358; x_wconf 84' lang='lat'><strong>-</strong></span> 
     </span>
    </p>
   </div>
   <div class='ocr_carea' id='block_1_3' title="bbox 3216 309 3324 377">
    <p class='ocr_par' dir='ltr' id='par_1_3' title="bbox 3216 309 3324 377">
     <span class='ocr_line' id='line_1_3' title="bbox 3216 309 3324 377; baseline 0.028 -4"><span class='ocrx_word' id='word_1_7' title='bbox 3216 309 3324 377; x_wconf 73' lang='lat'><strong>358</strong></span> 
     </span>
    </p>
   </div>
   <div class='ocr_carea' id='block_1_4' title="bbox 87 410 1685 543">
    <p class='ocr_par' dir='ltr' id='par_1_4' title="bbox 87 432 1685 543">
     <span class='ocr_line' id='line_1_4' title="bbox 87 432 1685 543; baseline -0.018 -24"><span class='ocrx_word' id='word_1_8' title='bbox 87 457 421 543; x_wconf 72' lang='grc' dir='ltr'>προκειμένης</span> <span class='ocrx_word' id='word_1_9' title='bbox 455 453 514 520; x_wconf 79' lang='grc' dir='ltr'><strong>ἐξ</strong></span> <span class='ocrx_word' id='word_1_10' title='bbox 536 454 709 525; x_wconf 79' lang='grc' dir='ltr'>ἀρχῆς</span> <span class='ocrx_word' id='word_1_11' title='bbox 735 432 1045 521; x_wconf 82' lang='grc' dir='ltr'>ὑποθέσεως</span> <span class='ocrx_word' id='word_1_12' title='bbox 1074 439 1637 512; x_wconf 57' lang='grc' dir='ltr'>τελευταίτπερίοδος</span> <span class='ocrx_word' id='word_1_13' title='bbox 1667 446 1685 500; x_wconf 67' lang='grc' dir='ltr'>έ</span> 
     </span>
    </p>
   </div>
   <div class='ocr_carea' id='block_1_5' title="bbox 1773 410 3324 543">
    <p class='ocr_par' dir='ltr' id='par_1_5' title="bbox 1773 434 3324 529">
     <span class='ocr_line' id='line_1_5' title="bbox 1773 434 3324 529; baseline -0.008 -20"><span class='ocrx_word' id='word_1_14' title='bbox 1773 451 2064 529; x_wconf 45' lang='lat' dir='ltr'><strong>iumstjonis</strong></span> <span class='ocrx_word' id='word_1_15' title='bbox 2096 448 2307 505; x_wconf 80' lang='lat' dir='ltr'><strong>ultima</strong></span> <span class='ocrx_word' id='word_1_16' title='bbox 2342 438 2605 519; x_wconf 77' lang='lat' dir='ltr'><strong>periodus</strong></span> <span class='ocrx_word' id='word_1_17' title='bbox 2638 443 2825 502; x_wconf 84' lang='lat' dir='ltr'><strong>forsan</strong></span> <span class='ocrx_word' id='word_1_18' title='bbox 2864 434 2935 503; x_wconf 86' lang='lat' dir='ltr'><strong>iis</strong></span> <span class='ocrx_word' id='word_1_19' title='bbox 2968 445 3064 516; x_wconf 95' lang='lat' dir='ltr'><strong>qui</strong></span> <span class='ocrx_word' id='word_1_20' title='bbox 3087 446 3153 500; x_wconf 90' lang='lat' dir='ltr'><strong>ad</strong></span> <span class='ocrx_word' id='word_1_21' title='bbox 3184 443 3324 499; x_wconf 80' lang='lat' dir='ltr'><strong>nihil</strong></span> 
     </span>
    </p>
   </div>
   <div class='ocr_carea' id='block_1_6' title="bbox 87 534 1638 622">
    <p class='ocr_par' dir='ltr' id='par_1_6' title="bbox 87 534 1638 622">
     <span class='ocr_line' id='line_1_6' title="bbox 87 534 1638 622; baseline -0.026 3"><span class='ocrx_word' id='word_1_22' title='bbox 87 534 208 622; x_wconf 50' lang='grc' dir='ltr'>δέξει</span> <span class='ocrx_word' id='word_1_23' title='bbox 242 534 335 622; x_wconf 44' lang='lat' dir='ltr'><strong>Pili</strong></span> <span class='ocrx_word' id='word_1_24' title='bbox 369 551 495 612; x_wconf 72' lang='grc' dir='ltr'>ἴσως</span> <span class='ocrx_word' id='word_1_25' title='bbox 519 548 631 609; x_wconf 79' lang='grc' dir='ltr'>τοῖς</span> <span class='ocrx_word' id='word_1_26' title='bbox 658 545 796 616; x_wconf 80' lang='grc' dir='ltr'>πρὸς</span> <span class='ocrx_word' id='word_1_27' title='bbox 836 543 1003 615; x_wconf 81' lang='grc' dir='ltr'>μηδὲν</span> <span class='ocrx_word' id='word_1_28' title='bbox 1036 541 1149 595; x_wconf 81' lang='grc' dir='ltr'>τῶν</span> <span class='ocrx_word' id='word_1_29' title='bbox 1188 536 1502 610; x_wconf 77' lang='grc' dir='ltr'><strong>βαθυτέρων</strong></span> <span class='ocrx_word' id='word_1_30' title='bbox 1530 534 1638 603; x_wconf 52' lang='grc' dir='ltr'>ηὲμ-</span> 
     </span>
    </p>
   </div>
   <div class='ocr_carea' id='block_1_7' title="bbox 89 626 1635 718">
    <p class='ocr_par' dir='ltr' id='par_1_7' title="bbox 89 626 1635 718">
     <span class='ocr_line' id='line_1_7' title="bbox 89 626 1635 718; baseline -0.014 -19"><span class='ocrx_word' id='word_1_31' title='bbox 89 645 382 718; x_wconf 70' lang='grc' dir='ltr'>φιλοχωρεῖν</span> <span class='ocrx_word' id='word_1_32' title='bbox 414 640 603 712; x_wconf 80' lang='grc' dir='ltr'>κέρδος</span> <span class='ocrx_word' id='word_1_33' title='bbox 631 641 1001 708; x_wconf 77' lang='grc' dir='ltr'><strong>ποιουμένοις,</strong></span> <span class='ocrx_word' id='word_1_34' title='bbox 1029 636 1105 699; x_wconf 83' lang='grc' dir='ltr'><strong>ὡς</strong></span> <span class='ocrx_word' id='word_1_35' title='bbox 1130 634 1215 702; x_wconf 73' lang='grc' dir='ltr'><strong>εἴη</strong></span> <span class='ocrx_word' id='word_1_36' title='bbox 1248 630 1344 684; x_wconf 78' lang='grc' dir='ltr'>τοῦ</span> <span class='ocrx_word' id='word_1_37' title='bbox 1383 626 1635 682; x_wconf 78' lang='grc' dir='ltr'>διαϐόλου</span> 
     </span>
    </p>
   </div>
   <div class='ocr_carea' id='block_1_8' title="bbox 90 725 1638 810">
    <p class='ocr_par' dir='ltr' id='par_1_8' title="bbox 90 725 1638 810">
     <span class='ocr_line' id='line_1_8' title="bbox 90 725 1638 810; baseline -0.014 -17"><span class='ocrx_word' id='word_1_38' title='bbox 90 744 277 810; x_wconf 78' lang='grc' dir='ltr'>πατέρα</span> <span class='ocrx_word' id='word_1_39' title='bbox 326 733 775 806; x_wconf 80' lang='grc' dir='ltr'><strong>ὑποσημαίνουσα</strong></span> <span class='ocrx_word' id='word_1_40' title='bbox 796 746 809 760; x_wconf 74' lang='grc'><strong><em>⁸</em></strong></span> <span class='ocrx_word' id='word_1_41' title='bbox 856 727 1169 783; x_wconf 73' lang='grc' dir='ltr'>τούναντίον</span> <span class='ocrx_word' id='word_1_42' title='bbox 1192 725 1250 780; x_wconf 84' lang='grc' dir='ltr'>δὲ</span> <span class='ocrx_word' id='word_1_43' title='bbox 1288 725 1433 797; x_wconf 81' lang='grc' dir='ltr'>ἆπαν</span> <span class='ocrx_word' id='word_1_44' title='bbox 1462 736 1638 784; x_wconf 84' lang='grc' dir='ltr'>κατα-</span> 
     </span>
    </p>
   </div>
   <div class='ocr_carea' id='block_1_9' title="bbox 90 818 1655 901">
    <p class='ocr_par' dir='ltr' id='par_1_9' title="bbox 90 818 1655 901">
     <span class='ocr_line' id='line_1_9' title="bbox 90 818 1655 901; baseline -0.013 -13"><span class='ocrx_word' id='word_1_45' title='bbox 90 833 317 898; x_wconf 74' lang='grc' dir='ltr'><strong>σκευάζει</strong></span> <span class='ocrx_word' id='word_1_46' title='bbox 355 831 449 885; x_wconf 74' lang='grc' dir='ltr'>καὶ</span> <span class='ocrx_word' id='word_1_47' title='bbox 477 831 591 893; x_wconf 83' lang='grc' dir='ltr'>τοῖς</span> <span class='ocrx_word' id='word_1_48' title='bbox 637 829 743 901; x_wconf 83' lang='grc' dir='ltr'><strong>πρὸ</strong></span> <span class='ocrx_word' id='word_1_49' title='bbox 773 827 943 896; x_wconf 80' lang='grc' dir='ltr'>αὑτῆς</span> <span class='ocrx_word' id='word_1_50' title='bbox 970 824 1184 895; x_wconf 80' lang='grc' dir='ltr'>συνᾴδει</span> <span class='ocrx_word' id='word_1_51' title='bbox 1235 818 1655 891; x_wconf 82' lang='grc' dir='ltr'>ἐνθυμήμασιν,,</span> 
     </span>
    </p>
   </div>
   <div class='ocr_carea' id='block_1_10' title="bbox 91 909 1642 997">
    <p class='ocr_par' dir='ltr' id='par_1_10' title="bbox 91 909 1642 997">
     <span class='ocr_line' id='line_1_10' title="bbox 91 909 1642 997; baseline -0.013 -16"><span class='ocrx_word' id='word_1_52' title='bbox 91 928 277 997; x_wconf 82' lang='grc' dir='ltr'>πατέρα</span> <span class='ocrx_word' id='word_1_53' title='bbox 314 919 415 978; x_wconf 58' lang='grc' dir='ltr'>καῖ</span> <span class='ocrx_word' id='word_1_54' title='bbox 450 922 589 993; x_wconf 77' lang='grc' dir='ltr'>αὑτὴ</span> <span class='ocrx_word' id='word_1_55' title='bbox 639 920 748 975; x_wconf 82' lang='grc' dir='ltr'><strong>τῶν</strong></span> <span class='ocrx_word' id='word_1_56' title='bbox 791 917 1063 972; x_wconf 81' lang='grc' dir='ltr'>Ἰουδαίων</span> <span class='ocrx_word' id='word_1_57' title='bbox 1096 910 1516 982; x_wconf 80' lang='grc' dir='ltr'>ἐπιδεικνυμένη</span> <span class='ocrx_word' id='word_1_58' title='bbox 1550 909 1642 961; x_wconf 71' lang='grc' dir='ltr'>τὸν</span> 
     </span>
    </p>
   </div>
   <div class='ocr_carea' id='block_1_11' title="bbox 90 1001 1643 1085">
    <p class='ocr_par' dir='ltr' id='par_1_11' title="bbox 90 1001 1643 1085">
     <span class='ocr_line' id='line_1_11' title="bbox 90 1001 1643 1085; baseline -0.013 -13"><span class='ocrx_word' id='word_1_59' title='bbox 90 1018 307 1073; x_wconf 76' lang='grc' dir='ltr'>διάϐολον</span> <span class='ocrx_word' id='word_1_60' title='bbox 328 1032 342 1048; x_wconf 75' lang='grc' dir='ltr'><strong>ο</strong></span> <span class='ocrx_word' id='word_1_61' title='bbox 366 1015 555 1084; x_wconf 83' lang='grc' dir='ltr'>διπλῆς</span> <span class='ocrx_word' id='word_1_62' title='bbox 585 1012 693 1085; x_wconf 84' lang='grc' dir='ltr'>γὰρ</span> <span class='ocrx_word' id='word_1_63' title='bbox 720 1009 1030 1082; x_wconf 74' lang='grc' dir='ltr'>προσϐολῆς</span> <span class='ocrx_word' id='word_1_64' title='bbox 1064 1006 1263 1069; x_wconf 84' lang='grc' dir='ltr'>παντὸς</span> <span class='ocrx_word' id='word_1_65' title='bbox 1286 1001 1380 1057; x_wconf 73' lang='grc' dir='ltr'>τοῦ</span> <span class='ocrx_word' id='word_1_66' title='bbox 1415 1017 1643 1073; x_wconf 88' lang='grc' dir='ltr'>προκει-</span> 
     </span>
    </p>
   </div>
   <div class='ocr_carea' id='block_1_12' title="bbox 92 1092 1643 1183">
    <p class='ocr_par' dir='ltr' id='par_1_12' title="bbox 92 1092 1643 1183">
     <span class='ocr_line' id='line_1_12' title="bbox 92 1092 1643 1183; baseline -0.013 -19"><span class='ocrx_word' id='word_1_67' title='bbox 92 1112 232 1183; x_wconf 85' lang='grc' dir='ltr'>μένου</span> <span class='ocrx_word' id='word_1_68' title='bbox 251 1109 403 1177; x_wconf 87' lang='grc' dir='ltr'>λόγου</span> <span class='ocrx_word' id='word_1_69' title='bbox 446 1106 854 1177; x_wconf 73' lang='grc' dir='ltr'>ἐνθυμημάτων</span> <span class='ocrx_word' id='word_1_70' title='bbox 899 1099 1219 1172; x_wconf 75' lang='grc' dir='ltr'>γενομένης,</span> <span class='ocrx_word' id='word_1_71' title='bbox 1266 1097 1361 1149; x_wconf 74' lang='grc' dir='ltr'><strong>καὶ</strong></span> <span class='ocrx_word' id='word_1_72' title='bbox 1402 1095 1497 1149; x_wconf 85' lang='grc' dir='ltr'>νῦν</span> <span class='ocrx_word' id='word_1_73' title='bbox 1545 1092 1643 1162; x_wconf 79' lang='grc' dir='ltr'><strong>μὲν</strong></span> 
     </span>
    </p>
   </div>
   <div class='ocr_carea' id='block_1_13' title="bbox 90 1185 1643 1273">
    <p class='ocr_par' dir='ltr' id='par_1_13' title="bbox 90 1185 1643 1273">
     <span class='ocr_line' id='line_1_13' title="bbox 90 1185 1643 1273; baseline -0.013 -17"><span class='ocrx_word' id='word_1_74' title='bbox 90 1206 146 1258; x_wconf 83' lang='grc' dir='ltr'><strong>ἐκ</strong></span> <span class='ocrx_word' id='word_1_75' title='bbox 168 1206 259 1273; x_wconf 85' lang='grc' dir='ltr'>τῆς</span> <span class='ocrx_word' id='word_1_76' title='bbox 287 1203 391 1255; x_wconf 85' lang='grc' dir='ltr'><strong>τῶν</strong></span> <span class='ocrx_word' id='word_1_77' title='bbox 423 1197 839 1271; x_wconf 75' lang='grc' dir='ltr'>γεγεννημένων</span> <span class='ocrx_word' id='word_1_78' title='bbox 869 1193 1066 1258; x_wconf 81' lang='grc' dir='ltr'>κακίας</span> <span class='ocrx_word' id='word_1_79' title='bbox 1114 1191 1208 1244; x_wconf 84' lang='grc' dir='ltr'>τοῦ</span> <span class='ocrx_word' id='word_1_80' title='bbox 1252 1185 1643 1259; x_wconf 74' lang='grc' dir='ltr'>γεγεννηκότος</span> 
     </span>
    </p>
   </div>
   <div class='ocr_carea' id='block_1_14' title="bbox 90 1280 1647 1368">
    <p class='ocr_par' dir='ltr' id='par_1_14' title="bbox 90 1280 1647 1368">
     <span class='ocr_line' id='line_1_14' title="bbox 90 1280 1647 1368; baseline -0.018 -12"><span class='ocrx_word' id='word_1_81' title='bbox 90 1298 175 1368; x_wconf 78' lang='grc' dir='ltr'><strong>τὴν</strong></span> <span class='ocrx_word' id='word_1_82' title='bbox 203 1296 423 1366; x_wconf 79' lang='grc' dir='ltr'>μίμησιν</span> <span class='ocrx_word' id='word_1_83' title='bbox 463 1289 937 1361; x_wconf 77' lang='grc' dir='ltr'>ἐπιδεικνυμένης,</span> <span class='ocrx_word' id='word_1_84' title='bbox 960 1287 1055 1340; x_wconf 80' lang='grc' dir='ltr'>νῦν</span> <span class='ocrx_word' id='word_1_85' title='bbox 1093 1285 1150 1339; x_wconf 80' lang='grc' dir='ltr'>δὲ</span> <span class='ocrx_word' id='word_1_86' title='bbox 1189 1283 1278 1339; x_wconf 77' lang='grc' dir='ltr'><strong>διὰ</strong></span> <span class='ocrx_word' id='word_1_87' title='bbox 1314 1280 1411 1354; x_wconf 74' lang='grc' dir='ltr'><strong>τού</strong></span> <span class='ocrx_word' id='word_1_88' title='bbox 1456 1292 1647 1349; x_wconf 87' lang='grc' dir='ltr'>γεννη-</span> 
     </span>
    </p>
   </div>
   <div class='ocr_carea' id='block_1_15' title="bbox 93 1370 1646 1461">
    <p class='ocr_par' dir='ltr' id='par_1_15' title="bbox 93 1370 1646 1461">
     <span class='ocr_line' id='line_1_15' title="bbox 93 1370 1646 1461; baseline -0.012 -18"><span class='ocrx_word' id='word_1_89' title='bbox 93 1390 300 1461; x_wconf 82' lang='grc' dir='ltr'>σαμένου</span> <span class='ocrx_word' id='word_1_90' title='bbox 323 1387 429 1441; x_wconf 82' lang='grc' dir='ltr'>τῶν</span> <span class='ocrx_word' id='word_1_91' title='bbox 459 1385 875 1455; x_wconf 80' lang='grc' dir='ltr'>γεγεννημένων</span> <span class='ocrx_word' id='word_1_92' title='bbox 906 1379 1328 1454; x_wconf 79' lang='grc' dir='ltr'>τὴνόμοιότητα</span> <span class='ocrx_word' id='word_1_93' title='bbox 1367 1370 1646 1445; x_wconf 78' lang='grc' dir='ltr'>παριστώο</span> 
     </span>
    </p>
   </div>
   <div class='ocr_carea' id='block_1_16' title="bbox 93 1467 1645 1552">
    <p class='ocr_par' dir='ltr' id='par_1_16' title="bbox 93 1467 1645 1552">
     <span class='ocr_line' id='line_1_16' title="bbox 93 1467 1645 1552; baseline -0.013 -17"><span class='ocrx_word' id='word_1_94' title='bbox 93 1501 196 1552; x_wconf 78' lang='grc' dir='ltr'>σης,</span> <span class='ocrx_word' id='word_1_95' title='bbox 223 1482 298 1547; x_wconf 71' lang='grc' dir='ltr'>ἔτι</span> <span class='ocrx_word' id='word_1_96' title='bbox 324 1481 484 1535; x_wconf 82' lang='grc' dir='ltr'>πάλιν</span> <span class='ocrx_word' id='word_1_97' title='bbox 503 1481 611 1534; x_wconf 80' lang='grc' dir='ltr'>άπὸ</span> <span class='ocrx_word' id='word_1_98' title='bbox 634 1481 743 1533; x_wconf 84' lang='grc' dir='ltr'><strong>τῶν</strong></span> <span class='ocrx_word' id='word_1_99' title='bbox 766 1472 1183 1547; x_wconf 74' lang='grc' dir='ltr'>γεγεννημένων</span> <span class='ocrx_word' id='word_1_100' title='bbox 1213 1470 1305 1523; x_wconf 74' lang='grc' dir='ltr'><strong>ἐπὶ</strong></span> <span class='ocrx_word' id='word_1_101' title='bbox 1332 1467 1424 1522; x_wconf 82' lang='grc' dir='ltr'><strong>τὸν</strong></span> <span class='ocrx_word' id='word_1_102' title='bbox 1450 1481 1645 1544; x_wconf 80' lang='grc' dir='ltr'>γεγεν-</span> 
     </span>
    </p>
   </div>
   <div class='ocr_carea' id='block_1_17' title="bbox 92 1556 1648 1643">
    <p class='ocr_par' dir='ltr' id='par_1_17' title="bbox 92 1556 1648 1643">
     <span class='ocr_line' id='line_1_17' title="bbox 92 1556 1648 1643; baseline -0.013 -16"><span class='ocrx_word' id='word_1_103' title='bbox 92 1573 271 1643; x_wconf 77' lang='grc' dir='ltr'>νηκότα</span> <span class='ocrx_word' id='word_1_104' title='bbox 315 1570 689 1635; x_wconf 86' lang='grc' dir='ltr'>διαϐαίνουσα,</span> <span class='ocrx_word' id='word_1_105' title='bbox 741 1566 1164 1638; x_wconf 80' lang='grc' dir='ltr'>ἀπαράλλακτον</span> <span class='ocrx_word' id='word_1_106' title='bbox 1206 1559 1305 1631; x_wconf 82' lang='grc' dir='ltr'>τὴν</span> <span class='ocrx_word' id='word_1_107' title='bbox 1351 1556 1648 1629; x_wconf 81' lang='grc' dir='ltr'>ὁμοιότητα</span> 
     </span>
    </p>
   </div>
   <div class='ocr_carea' id='block_1_18' title="bbox 94 1649 1645 1737">
    <p class='ocr_par' dir='ltr' id='par_1_18' title="bbox 94 1649 1645 1737">
     <span class='ocr_line' id='line_1_18' title="bbox 94 1649 1645 1737; baseline -0.013 -19"><span class='ocrx_word' id='word_1_108' title='bbox 94 1663 393 1737; x_wconf 74' lang='grc' dir='ltr'>στηλιτεύει,</span> <span class='ocrx_word' id='word_1_109' title='bbox 423 1663 521 1717; x_wconf 81' lang='grc' dir='ltr'>καὶ</span> <span class='ocrx_word' id='word_1_110' title='bbox 565 1662 665 1732; x_wconf 75' lang='grc' dir='ltr'><strong>τὴν</strong></span> <span class='ocrx_word' id='word_1_111' title='bbox 697 1659 1021 1729; x_wconf 83' lang='grc' dir='ltr'>συγγένειαν</span> <span class='ocrx_word' id='word_1_112' title='bbox 1060 1653 1240 1709; x_wconf 82' lang='grc' dir='ltr'>αὐτῶν</span> <span class='ocrx_word' id='word_1_113' title='bbox 1265 1650 1419 1706; x_wconf 81' lang='grc' dir='ltr'>οὐδὲν</span> <span class='ocrx_word' id='word_1_114' title='bbox 1452 1649 1645 1716; x_wconf 82' lang='grc' dir='ltr'>ἐπιφε-</span> 
     </span>
    </p>
   </div>
   <div class='ocr_carea' id='block_1_19' title="bbox 94 1741 1643 1830">
    <p class='ocr_par' dir='ltr' id='par_1_19' title="bbox 94 1741 1643 1830">
     <span class='ocr_line' id='line_1_19' title="bbox 94 1741 1643 1830; baseline -0.012 -18"><span class='ocrx_word' id='word_1_115' title='bbox 94 1758 303 1828; x_wconf 84' lang='grc' dir='ltr'>ρομένην</span> <span class='ocrx_word' id='word_1_116' title='bbox 343 1755 677 1830; x_wconf 71' lang='grc' dir='ltr'>ἐπιδείκνυσι</span> <span class='ocrx_word' id='word_1_117' title='bbox 704 1753 858 1808; x_wconf 81' lang='grc' dir='ltr'>νόθον</span> <span class='ocrx_word' id='word_1_118' title='bbox 881 1768 896 1783; x_wconf 88' lang='grc'><strong>·</strong></span> <span class='ocrx_word' id='word_1_119' title='bbox 928 1749 1093 1821; x_wconf 78' lang='grc' dir='ltr'>φησὶν</span> <span class='ocrx_word' id='word_1_120' title='bbox 1122 1742 1238 1801; x_wconf 74' lang='grc' dir='ltr'>οὖν.</span> <span class='ocrx_word' id='word_1_121' title='bbox 1263 1746 1432 1797; x_wconf 78' lang='grc' dir='ltr'>Ὅταν</span> <span class='ocrx_word' id='word_1_122' title='bbox 1460 1741 1643 1796; x_wconf 84' lang='grc' dir='ltr'>ὁἸου-</span> 
     </span>
    </p>
   </div>
   <div class='ocr_carea' id='block_1_20' title="bbox 1742 535 3325 616">
    <p class='ocr_par' dir='ltr' id='par_1_20' title="bbox 1742 535 3325 616">
     <span class='ocr_line' id='line_1_20' title="bbox 1742 535 3325 616; baseline -0.008 -16"><span class='ocrx_word' id='word_1_123' title='bbox 1742 543 2167 616; x_wconf 89' lang='lat' dir='ltr'><strong>profundiorum</strong></span> <span class='ocrx_word' id='word_1_124' title='bbox 2246 540 2484 594; x_wconf 73' lang='lat' dir='ltr'><strong>libenter</strong></span> <span class='ocrx_word' id='word_1_125' title='bbox 2550 536 2888 611; x_wconf 87' lang='lat' dir='ltr'><strong>commorari</strong></span> <span class='ocrx_word' id='word_1_126' title='bbox 2950 536 3053 592; x_wconf 83' lang='lat' dir='ltr'><strong>sibi</strong></span> <span class='ocrx_word' id='word_1_127' title='bbox 3107 535 3325 592; x_wconf 87' lang='lat' dir='ltr'><strong>lucrum</strong></span> 
     </span>
    </p>
   </div>
   <div class='ocr_carea' id='block_1_21' title="bbox 1742 627 3326 700">
    <p class='ocr_par' dir='ltr' id='par_1_21' title="bbox 1742 627 3326 700">
     <span class='ocr_line' id='line_1_21' title="bbox 1742 627 3326 700; baseline -0.004 -11"><span class='ocrx_word' id='word_1_128' title='bbox 1742 636 1980 697; x_wconf 88' lang='lat' dir='ltr'><strong>faciunt,</strong></span> <span class='ocrx_word' id='word_1_129' title='bbox 2013 632 2216 687; x_wconf 85' lang='lat' dir='ltr'><strong>diaboli</strong></span> <span class='ocrx_word' id='word_1_130' title='bbox 2257 640 2466 700; x_wconf 82' lang='lat' dir='ltr'><strong>patrem</strong></span> <span class='ocrx_word' id='word_1_131' title='bbox 2500 627 2772 683; x_wconf 74' lang='lat' dir='ltr'><strong>videbitur</strong></span> <span class='ocrx_word' id='word_1_132' title='bbox 2810 627 3154 697; x_wconf 80' lang='lat' dir='ltr'><strong>significare;</strong></span> <span class='ocrx_word' id='word_1_133' title='bbox 3196 643 3326 683; x_wconf 89' lang='lat' dir='ltr'><strong>con-</strong></span> 
     </span>
    </p>
   </div>
   <div class='ocr_carea' id='block_1_22' title="bbox 1742 719 3332 781">
    <p class='ocr_par' dir='ltr' id='par_1_22' title="bbox 1742 719 3332 781">
     <span class='ocr_line' id='line_1_22' title="bbox 1742 719 3332 781; baseline -0.004 0"><span class='ocrx_word' id='word_1_134' title='bbox 1742 727 1973 781; x_wconf 85' lang='lat' dir='ltr'><strong>trarium</strong></span> <span class='ocrx_word' id='word_1_135' title='bbox 2027 742 2157 781; x_wconf 86' lang='lat' dir='ltr'><strong>vero</strong></span> <span class='ocrx_word' id='word_1_136' title='bbox 2229 725 2609 779; x_wconf 85' lang='lat' dir='ltr'><strong>demonstrant</strong></span> <span class='ocrx_word' id='word_1_137' title='bbox 2677 719 2860 775; x_wconf 88' lang='lat' dir='ltr'><strong>omnia</strong></span> <span class='ocrx_word' id='word_1_138' title='bbox 2927 727 2982 774; x_wconf 89' lang='lat' dir='ltr'><strong>et</strong></span> <span class='ocrx_word' id='word_1_139' title='bbox 3034 722 3332 775; x_wconf 73' lang='lat' dir='ltr'><strong>concordat</strong></span> 
     </span>
    </p>
   </div>
   <div class='ocr_carea' id='block_1_23' title="bbox 1742 814 3333 891">
    <p class='ocr_par' dir='ltr' id='par_1_23' title="bbox 1742 814 3333 891">
     <span class='ocr_line' id='line_1_23' title="bbox 1742 814 3333 891; baseline -0.005 -18"><span class='ocrx_word' id='word_1_140' title='bbox 1742 819 2163 891; x_wconf 74' lang='lat' dir='ltr'><strong>cogitationibus</strong></span> <span class='ocrx_word' id='word_1_141' title='bbox 2218 833 2341 886; x_wconf 77' lang='lat' dir='ltr'><strong>qua:</strong></span> <span class='ocrx_word' id='word_1_142' title='bbox 2408 823 2537 869; x_wconf 87' lang='lat' dir='ltr'><strong>ante</strong></span> <span class='ocrx_word' id='word_1_143' title='bbox 2591 814 2767 884; x_wconf 83' lang='lat' dir='ltr'><strong>ipsam</strong></span> <span class='ocrx_word' id='word_1_144' title='bbox 2839 821 2988 876; x_wconf 88' lang='lat' dir='ltr'><strong>sunt,</strong></span> <span class='ocrx_word' id='word_1_145' title='bbox 3038 821 3246 880; x_wconf 77' lang='lat' dir='ltr'><strong>patrem</strong></span> <span class='ocrx_word' id='word_1_146' title='bbox 3279 822 3333 865; x_wconf 88' lang='lat' dir='ltr'><strong>et</strong></span> 
     </span>
    </p>
   </div>
   <div class='ocr_carea' id='block_1_24' title="bbox 1745 905 3411 983">
    <p class='ocr_par' dir='ltr' id='par_1_24' title="bbox 1745 905 3411 983">
     <span class='ocr_line' id='line_1_24' title="bbox 1745 905 3411 983; baseline -0.005 -16"><span class='ocrx_word' id='word_1_147' title='bbox 1745 912 1868 983; x_wconf 90' lang='lat' dir='ltr'><strong>ipsa</strong></span> <span class='ocrx_word' id='word_1_148' title='bbox 1933 910 2249 966; x_wconf 65' lang='lat' dir='ltr'><strong>Judteorum</strong></span> <span class='ocrx_word' id='word_1_149' title='bbox 2315 907 2564 963; x_wconf 84' lang='lat' dir='ltr'><strong>indicans</strong></span> <span class='ocrx_word' id='word_1_150' title='bbox 2629 905 2941 970; x_wconf 87' lang='lat' dir='ltr'><strong>diabolum;</strong></span> <span class='ocrx_word' id='word_1_151' title='bbox 3014 914 3070 959; x_wconf 92' lang='lat' dir='ltr'><strong>et</strong></span> <span class='ocrx_word' id='word_1_152' title='bbox 3129 905 3335 974; x_wconf 84' lang='lat' dir='ltr'><strong>duplici</strong></span> <span class='ocrx_word' id='word_1_153' title='bbox 3404 940 3411 949; x_wconf 72' lang='lat'><strong>.</strong></span> 
     </span>
    </p>
   </div>
   <div class='ocr_carea' id='block_1_25' title="bbox 1746 995 3334 1072">
    <p class='ocr_par' dir='ltr' id='par_1_25' title="bbox 1746 995 3334 1072">
     <span class='ocr_line' id='line_1_25' title="bbox 1746 995 3334 1072; baseline -0.004 -16"><span class='ocrx_word' id='word_1_154' title='bbox 1746 1003 2058 1072; x_wconf 85' lang='lat' dir='ltr'><strong>adjectione</strong></span> <span class='ocrx_word' id='word_1_155' title='bbox 2122 1001 2290 1057; x_wconf 84' lang='lat' dir='ltr'><strong>totius</strong></span> <span class='ocrx_word' id='word_1_156' title='bbox 2376 998 2648 1055; x_wconf 83' lang='lat' dir='ltr'><strong>sermonis</strong></span> <span class='ocrx_word' id='word_1_157' title='bbox 2717 997 3112 1068; x_wconf 81' lang='lat' dir='ltr'><strong>cogitationum</strong></span> <span class='ocrx_word' id='word_1_158' title='bbox 3167 995 3334 1061; x_wconf 81' lang='lat' dir='ltr'><strong>facta,</strong></span> 
     </span>
    </p>
   </div>
   <div class='ocr_carea' id='block_1_26' title="bbox 1745 1088 3338 1165">
    <p class='ocr_par' dir='ltr' id='par_1_26' title="bbox 1745 1088 3338 1165">
     <span class='ocr_line' id='line_1_26' title="bbox 1745 1088 3338 1165; baseline -0.006 -15"><span class='ocrx_word' id='word_1_159' title='bbox 1745 1110 1890 1150; x_wconf 90' lang='lat' dir='ltr'><strong>nunc</strong></span> <span class='ocrx_word' id='word_1_160' title='bbox 1923 1094 2142 1165; x_wconf 85' lang='lat' dir='ltr'><strong>quidem</strong></span> <span class='ocrx_word' id='word_1_161' title='bbox 2178 1110 2242 1150; x_wconf 77' lang='lat' dir='ltr'><strong>ex</strong></span> <span class='ocrx_word' id='word_1_162' title='bbox 2271 1095 2581 1163; x_wconf 74' lang='lat' dir='ltr'><strong>genitor-nm</strong></span> <span class='ocrx_word' id='word_1_163' title='bbox 2619 1090 2824 1145; x_wconf 87' lang='lat' dir='ltr'><strong>malitia</strong></span> <span class='ocrx_word' id='word_1_164' title='bbox 2851 1088 3166 1161; x_wconf 86' lang='lat' dir='ltr'><strong>generantis</strong></span> <span class='ocrx_word' id='word_1_165' title='bbox 3209 1089 3338 1142; x_wconf 86' lang='lat' dir='ltr'><strong>imi-</strong></span> 
     </span>
    </p>
   </div>
   <div class='ocr_carea' id='block_1_27' title="bbox 1745 1172 3328 1253">
    <p class='ocr_par' dir='ltr' id='par_1_27' title="bbox 1745 1172 3328 1253">
     <span class='ocr_line' id='line_1_27' title="bbox 1745 1172 3328 1253; baseline -0.004 -11"><span class='ocrx_word' id='word_1_166' title='bbox 1745 1186 2007 1242; x_wconf 88' lang='lat' dir='ltr'><strong>tationem</strong></span> <span class='ocrx_word' id='word_1_167' title='bbox 2033 1186 2332 1252; x_wconf 88' lang='lat' dir='ltr'><strong>indicante,</strong></span> <span class='ocrx_word' id='word_1_168' title='bbox 2381 1200 2530 1240; x_wconf 90' lang='lat' dir='ltr'><strong>nunc</strong></span> <span class='ocrx_word' id='word_1_169' title='bbox 2580 1172 2764 1238; x_wconf 82' lang='lat' dir='ltr'><strong>autem</strong></span> <span class='ocrx_word' id='word_1_170' title='bbox 2810 1198 2906 1253; x_wconf 87' lang='lat' dir='ltr'><strong>per</strong></span> <span class='ocrx_word' id='word_1_171' title='bbox 2971 1190 3328 1253; x_wconf 86' lang='lat' dir='ltr'><strong>generantem</strong></span> 
     </span>
    </p>
   </div>
   <div class='ocr_carea' id='block_1_28' title="bbox 1746 1272 3341 1346">
    <p class='ocr_par' dir='ltr' id='par_1_28' title="bbox 1746 1272 3341 1346">
     <span class='ocr_line' id='line_1_28' title="bbox 1746 1272 3341 1346; baseline -0.003 -15"><span class='ocrx_word' id='word_1_172' title='bbox 1746 1277 2055 1346; x_wconf 88' lang='lat' dir='ltr'><strong>genitorum</strong></span> <span class='ocrx_word' id='word_1_173' title='bbox 2089 1277 2504 1333; x_wconf 81' lang='lat' dir='ltr'><strong>similitudinem</strong></span> <span class='ocrx_word' id='word_1_174' title='bbox 2533 1284 2828 1339; x_wconf 83' lang='lat' dir='ltr'><strong>statuente,</strong></span> <span class='ocrx_word' id='word_1_175' title='bbox 2861 1274 3045 1329; x_wconf 80' lang='lat' dir='ltr'><strong>adhuc</strong></span> <span class='ocrx_word' id='word_1_176' title='bbox 3066 1275 3229 1328; x_wconf 89' lang='lat' dir='ltr'><strong>etiam</strong></span> <span class='ocrx_word' id='word_1_177' title='bbox 3271 1272 3341 1327; x_wconf 90' lang='lat' dir='ltr'><strong>ab</strong></span> 
     </span>
    </p>
   </div>
   <div class='ocr_carea' id='block_1_29' title="bbox 1747 1364 3340 1441">
    <p class='ocr_par' dir='ltr' id='par_1_29' title="bbox 1747 1364 3340 1441">
     <span class='ocr_line' id='line_1_29' title="bbox 1747 1364 3340 1441; baseline -0.004 -17"><span class='ocrx_word' id='word_1_178' title='bbox 1747 1370 1947 1440; x_wconf 81' lang='lat' dir='ltr'><strong>genitis</strong></span> <span class='ocrx_word' id='word_1_179' title='bbox 1976 1370 2045 1425; x_wconf 86' lang='lat' dir='ltr'><strong>ad</strong></span> <span class='ocrx_word' id='word_1_180' title='bbox 2095 1379 2446 1441; x_wconf 86' lang='lat' dir='ltr'><strong>generantetn</strong></span> <span class='ocrx_word' id='word_1_181' title='bbox 2502 1375 2843 1431; x_wconf 86' lang='lat' dir='ltr'><strong>transeunte,</strong></span> <span class='ocrx_word' id='word_1_182' title='bbox 2890 1378 3097 1421; x_wconf 86' lang='lat' dir='ltr'><strong>certam</strong></span> <span class='ocrx_word' id='word_1_183' title='bbox 3139 1364 3340 1421; x_wconf 88' lang='lat' dir='ltr'><strong>simili-</strong></span> 
     </span>
    </p>
   </div>
   <div class='ocr_carea' id='block_1_30' title="bbox 1749 1457 3343 1531">
    <p class='ocr_par' dir='ltr' id='par_1_30' title="bbox 1749 1457 3343 1531">
     <span class='ocr_line' id='line_1_30' title="bbox 1749 1457 3343 1531; baseline -0.003 -14"><span class='ocrx_word' id='word_1_184' title='bbox 1749 1462 1994 1518; x_wconf 88' lang='lat' dir='ltr'><strong>tudinem</strong></span> <span class='ocrx_word' id='word_1_185' title='bbox 2029 1462 2403 1531; x_wconf 89' lang='lat' dir='ltr'><strong>describit,_et</strong></span> <span class='ocrx_word' id='word_1_186' title='bbox 2430 1476 2621 1515; x_wconf 89' lang='lat' dir='ltr'><strong>eorum</strong></span> <span class='ocrx_word' id='word_1_187' title='bbox 2652 1460 3170 1530; x_wconf 87' lang='lat' dir='ltr'><strong>congenerationem</strong></span> <span class='ocrx_word' id='word_1_188' title='bbox 3204 1457 3343 1512; x_wconf 82' lang='lat' dir='ltr'><strong>nihil</strong></span> 
     </span>
    </p>
   </div>
   <div class='ocr_carea' id='block_1_31' title="bbox 1752 1546 3427 1625">
    <p class='ocr_par' dir='ltr' id='par_1_31' title="bbox 1752 1546 3427 1625">
     <span class='ocr_line' id='line_1_31' title="bbox 1752 1546 3427 1625; baseline -0.004 -15"><span class='ocrx_word' id='word_1_189' title='bbox 1752 1554 1928 1625; x_wconf 81' lang='lat' dir='ltr'><strong>spurii</strong></span> <span class='ocrx_word' id='word_1_190' title='bbox 1985 1555 2246 1611; x_wconf 85' lang='lat' dir='ltr'><strong>inducere</strong></span> <span class='ocrx_word' id='word_1_191' title='bbox 2306 1559 2608 1609; x_wconf 82' lang='lat' dir='ltr'><strong>monstrat.’</strong></span> <span class='ocrx_word' id='word_1_192' title='bbox 2665 1553 2807 1607; x_wconf 88' lang='lat' dir='ltr'><strong>Dicit</strong></span> <span class='ocrx_word' id='word_1_193' title='bbox 2863 1546 3010 1607; x_wconf 90' lang='lat' dir='ltr'><strong>enim</strong></span> <span class='ocrx_word' id='word_1_194' title='bbox 3061 1569 3075 1605; x_wconf 88' lang='lat'>:</span> <span class='ocrx_word' id='word_1_195' title='bbox 3121 1549 3344 1621; x_wconf 86' lang='lat' dir='ltr'><strong>quando</strong></span> <span class='ocrx_word' id='word_1_196' title='bbox 3422 1550 3427 1555; x_wconf 83' lang='grc'><strong>’</strong></span> 
     </span>
    </p>
   </div>
   <div class='ocr_carea' id='block_1_32' title="bbox 1751 1638 3343 1725">
    <p class='ocr_par' dir='ltr' id='par_1_32' title="bbox 1751 1638 3343 1725">
     <span class='ocr_line' id='line_1_32' title="bbox 1751 1638 3343 1725; baseline -0.003 -23"><span class='ocrx_word' id='word_1_197' title='bbox 1751 1638 1980 1704; x_wconf 66' lang='lat' dir='ltr'><strong>Judazus</strong></span> <span class='ocrx_word' id='word_1_198' title='bbox 2041 1646 2391 1703; x_wconf 84' lang='lat' dir='ltr'><strong>mendacium</strong></span> <span class='ocrx_word' id='word_1_199' title='bbox 2446 1645 2711 1725; x_wconf 78' lang='lat' dir='ltr'><strong>loquitur,</strong></span> <span class='ocrx_word' id='word_1_200' title='bbox 2751 1654 2891 1699; x_wconf 87' lang='lat' dir='ltr'><strong>utet</strong></span> <span class='ocrx_word' id='word_1_201' title='bbox 2935 1659 3099 1710; x_wconf 90' lang='lat' dir='ltr'><strong>nunc,</strong></span> <span class='ocrx_word' id='word_1_202' title='bbox 3133 1654 3343 1712; x_wconf 85' lang='lat' dir='ltr'><strong>patrem</strong></span> 
     </span>
    </p>
   </div>
   <div class='ocr_carea' id='block_1_33' title="bbox 1757 1733 3346 1807">
    <p class='ocr_par' dir='ltr' id='par_1_33' title="bbox 1757 1733 3346 1807">
     <span class='ocr_line' id='line_1_33' title="bbox 1757 1733 3346 1807; baseline -0.003 -13"><span class='ocrx_word' id='word_1_203' title='bbox 1757 1754 1919 1794; x_wconf 89' lang='lat' dir='ltr'><strong>suum</strong></span> <span class='ocrx_word' id='word_1_204' title='bbox 1953 1739 2121 1793; x_wconf 83' lang='lat' dir='ltr'><strong>Deum</strong></span> <span class='ocrx_word' id='word_1_205' title='bbox 2155 1738 2367 1803; x_wconf 86' lang='lat' dir='ltr'><strong>dicens,</strong></span> <span class='ocrx_word' id='word_1_206' title='bbox 2415 1753 2481 1793; x_wconf 77' lang='lat' dir='ltr'><strong>ex</strong></span> <span class='ocrx_word' id='word_1_207' title='bbox 2522 1736 2759 1807; x_wconf 82' lang='lat' dir='ltr'><strong>propriis</strong></span> <span class='ocrx_word' id='word_1_208' title='bbox 2805 1735 3069 1805; x_wconf 89' lang='lat' dir='ltr'><strong>loquitur.</strong></span> <span class='ocrx_word' id='word_1_209' title='bbox 3121 1733 3346 1805; x_wconf 81' lang='lat' dir='ltr'><strong>Propria</strong></span> 
     </span>
    </p>
   </div>
   <div class='ocr_carea' id='block_1_34' title="bbox 90 1808 1685 1919">
    <p class='ocr_par' dir='ltr' id='par_1_34' title="bbox 90 1808 1685 1919">
     <span class='ocr_line' id='line_1_34' title="bbox 94 1808 1685 1830; baseline -0.014 4"><span class='ocrx_word' id='word_1_210' title='bbox 94 1808 271 1828; x_wconf 57' lang='grc' dir='ltr'><strong>⁸Ἲ⁷⁷⁷’⁷⁶</strong></span> <span class='ocrx_word' id='word_1_211' title='bbox 347 1808 453 1810; x_wconf 57' lang='lat'><strong>&quot;&quot;’</strong></span> <span class='ocrx_word' id='word_1_212' title='bbox 663 1818 673 1830; x_wconf 84' lang='lat'><strong>.</strong></span> <span class='ocrx_word' id='word_1_213' title='bbox 938 1808 952 1820; x_wconf 72' lang='grc' dir='ltr'><strong>υ</strong></span> <span class='ocrx_word' id='word_1_214' title='bbox 990 1808 1004 1821; x_wconf 72' lang='grc' dir='ltr'><strong>υ</strong></span> <span class='ocrx_word' id='word_1_215' title='bbox 1684 1810 1685 1813; x_wconf 42' lang='grc' dir='ltr'><strong>η</strong></span> 
     </span>
     <span class='ocr_line' id='line_1_35' title="bbox 90 1832 1685 1919; baseline -0.013 -15"><span class='ocrx_word' id='word_1_216' title='bbox 90 1853 220 1915; x_wconf 83' lang='grc' dir='ltr'>δαῖος</span> <span class='ocrx_word' id='word_1_217' title='bbox 248 1850 306 1904; x_wconf 75' lang='grc' dir='ltr'>τὸ</span> <span class='ocrx_word' id='word_1_218' title='bbox 333 1847 532 1919; x_wconf 77' lang='grc' dir='ltr'>ψεῦδος</span> <span class='ocrx_word' id='word_1_219' title='bbox 556 1847 730 1909; x_wconf 84' lang='grc' dir='ltr'>λαλεῖ,</span> <span class='ocrx_word' id='word_1_220' title='bbox 756 1844 949 1914; x_wconf 79' lang='grc' dir='ltr'>ὥσπερ</span> <span class='ocrx_word' id='word_1_221' title='bbox 976 1841 1070 1895; x_wconf 72' lang='grc' dir='ltr'><strong>καὶ</strong></span> <span class='ocrx_word' id='word_1_222' title='bbox 1096 1838 1193 1895; x_wconf 83' lang='grc' dir='ltr'>νῦν</span> <span class='ocrx_word' id='word_1_223' title='bbox 1230 1835 1444 1907; x_wconf 87' lang='grc' dir='ltr'>πατέρα</span> <span class='ocrx_word' id='word_1_224' title='bbox 1474 1832 1651 1901; x_wconf 86' lang='grc' dir='ltr'>λέγων</span> <span class='ocrx_word' id='word_1_225' title='bbox 1684 1858 1685 1863; x_wconf 57' lang='grc' dir='ltr'><strong>η</strong></span> 
     </span>
    </p>
   </div>
   <div class='ocr_carea' id='block_1_35' title="bbox 1773 1808 3350 1919">
    <p class='ocr_par' dir='ltr' id='par_1_35' title="bbox 1773 1827 3350 1903">
     <span class='ocr_line' id='line_1_36' title="bbox 1773 1827 3350 1903; baseline -0.005 -15"><span class='ocrx_word' id='word_1_226' title='bbox 1773 1832 1904 1888; x_wconf 77' lang='lat' dir='ltr'><strong>:nim</strong></span> <span class='ocrx_word' id='word_1_227' title='bbox 1935 1832 2072 1903; x_wconf 89' lang='lat' dir='ltr'><strong>patri</strong></span> <span class='ocrx_word' id='word_1_228' title='bbox 2107 1831 2418 1894; x_wconf 57' lang='lat' dir='ltr'><strong>licereditas,</strong></span> <span class='ocrx_word' id='word_1_229' title='bbox 2452 1830 2627 1903; x_wconf 83' lang='lat' dir='ltr'><strong>patris</strong></span> <span class='ocrx_word' id='word_1_230' title='bbox 2649 1837 2781 1885; x_wconf 89' lang='lat' dir='ltr'><strong>sunt</strong></span> <span class='ocrx_word' id='word_1_231' title='bbox 2808 1828 3032 1883; x_wconf 74' lang='lat' dir='ltr'><strong>dlvitiae.</strong></span> <span class='ocrx_word' id='word_1_232' title='bbox 3087 1827 3168 1882; x_wconf 78' lang='lat' dir='ltr'><strong>Ex</strong></span> <span class='ocrx_word' id='word_1_233' title='bbox 3220 1842 3350 1897; x_wconf 89' lang='lat' dir='ltr'><strong>pro-</strong></span> 
     </span>
    </p>
   </div>
   <div class='ocr_carea' id='block_1_36' title="bbox 93 1924 1685 2007">
    <p class='ocr_par' dir='ltr' id='par_1_36' title="bbox 93 1924 1655 2007">
     <span class='ocr_line' id='line_1_37' title="bbox 93 1924 1655 2007; baseline -0.012 -11"><span class='ocrx_word' id='word_1_234' title='bbox 93 1942 267 1996; x_wconf 75' lang='grc' dir='ltr'>ἐαυτοῦ</span> <span class='ocrx_word' id='word_1_235' title='bbox 295 1943 383 1996; x_wconf 85' lang='grc' dir='ltr'><strong>τδν</strong></span> <span class='ocrx_word' id='word_1_236' title='bbox 417 1941 579 2007; x_wconf 76' lang='grc' dir='ltr'>Θεὸν,</span> <span class='ocrx_word' id='word_1_237' title='bbox 602 1943 666 1992; x_wconf 84' lang='grc' dir='ltr'><strong>ἐκ</strong></span> <span class='ocrx_word' id='word_1_238' title='bbox 694 1938 803 1992; x_wconf 85' lang='grc' dir='ltr'><strong>τῶν</strong></span> <span class='ocrx_word' id='word_1_239' title='bbox 837 1936 985 1991; x_wconf 81' lang='grc' dir='ltr'>ἰδίων</span> <span class='ocrx_word' id='word_1_240' title='bbox 1015 1932 1198 1987; x_wconf 83' lang='grc' dir='ltr'>λαλεῖ·</span> <span class='ocrx_word' id='word_1_241' title='bbox 1232 1929 1363 1993; x_wconf 82' lang='grc' dir='ltr'>ἴδιος</span> <span class='ocrx_word' id='word_1_242' title='bbox 1389 1927 1499 1997; x_wconf 86' lang='grc' dir='ltr'><strong>γάρ</strong></span> <span class='ocrx_word' id='word_1_243' title='bbox 1521 1924 1655 1995; x_wconf 81' lang='grc' dir='ltr'>κλῆ-</span> 
     </span>
    </p>
   </div>
   <div class='ocr_carea' id='block_1_37' title="bbox 1773 1924 3348 2007">
    <p class='ocr_par' dir='ltr' id='par_1_37' title="bbox 1773 1924 3348 2004">
     <span class='ocr_line' id='line_1_38' title="bbox 1773 1924 3348 2004; baseline -0.004 -22"><span class='ocrx_word' id='word_1_244' title='bbox 1773 1928 1895 2004; x_wconf 63' lang='lat' dir='ltr'><strong>priis</strong></span> <span class='ocrx_word' id='word_1_245' title='bbox 1929 1929 2096 1999; x_wconf 79' lang='lat' dir='ltr'><strong>igitur</strong></span> <span class='ocrx_word' id='word_1_246' title='bbox 2120 1926 2343 1991; x_wconf 70' lang='lat' dir='ltr'><strong>Judzeus</strong></span> <span class='ocrx_word' id='word_1_247' title='bbox 2374 1925 2612 1997; x_wconf 88' lang='lat' dir='ltr'><strong>loquitur</strong></span> <span class='ocrx_word' id='word_1_248' title='bbox 2656 1934 2940 1996; x_wconf 87' lang='lat' dir='ltr'><strong>paternam</strong></span> <span class='ocrx_word' id='word_1_249' title='bbox 2974 1924 3348 1978; x_wconf 75' lang='lat' dir='ltr'><strong>[nereditatem</strong></span> 
     </span>
    </p>
   </div>
   <div class='ocr_carea' id='block_1_38' title="bbox 95 2013 1685 2107">
    <p class='ocr_par' dir='ltr' id='par_1_38' title="bbox 95 2013 1654 2107">
     <span class='ocr_line' id='line_1_39' title="bbox 95 2013 1654 2107; baseline -0.015 -16"><span class='ocrx_word' id='word_1_250' title='bbox 95 2055 174 2107; x_wconf 92' lang='grc' dir='ltr'><strong>ρος</strong></span> <span class='ocrx_word' id='word_1_251' title='bbox 207 2036 279 2106; x_wconf 80' lang='grc' dir='ltr'>τῷ</span> <span class='ocrx_word' id='word_1_252' title='bbox 307 2013 498 2104; x_wconf 74' lang='grc' dir='ltr'>πατρὶ,</span> <span class='ocrx_word' id='word_1_253' title='bbox 532 2032 627 2087; x_wconf 81' lang='grc' dir='ltr'>τοῦ</span> <span class='ocrx_word' id='word_1_254' title='bbox 672 2022 932 2102; x_wconf 83' lang='grc' dir='ltr'>πατρόςό</span> <span class='ocrx_word' id='word_1_255' title='bbox 963 2025 1192 2087; x_wconf 77' lang='grc' dir='ltr'>πλοῦτος</span> <span class='ocrx_word' id='word_1_256' title='bbox 1216 2039 1230 2053; x_wconf 89' lang='grc'><strong>·</strong></span> <span class='ocrx_word' id='word_1_257' title='bbox 1264 2024 1330 2076; x_wconf 86' lang='grc' dir='ltr'><strong>ἐκ</strong></span> <span class='ocrx_word' id='word_1_258' title='bbox 1352 2019 1461 2074; x_wconf 86' lang='grc' dir='ltr'><strong>τῶν</strong></span> <span class='ocrx_word' id='word_1_259' title='bbox 1507 2015 1654 2071; x_wconf 79' lang='grc' dir='ltr'>ἰδίων</span> 
     </span>
    </p>
   </div>
   <div class='ocr_carea' id='block_1_39' title="bbox 1773 2013 3352 2107">
    <p class='ocr_par' dir='ltr' id='par_1_39' title="bbox 1773 2017 3352 2090">
     <span class='ocr_line' id='line_1_40' title="bbox 1773 2017 3352 2090; baseline -0.004 -14"><span class='ocrx_word' id='word_1_260' title='bbox 1773 2021 2010 2076; x_wconf 79' lang='lat' dir='ltr'><strong>subiens.</strong></span> <span class='ocrx_word' id='word_1_261' title='bbox 2072 2018 2231 2074; x_wconf 85' lang='lat' dir='ltr'><strong>Patet</strong></span> <span class='ocrx_word' id='word_1_262' title='bbox 2278 2019 2444 2090; x_wconf 80' lang='lat' dir='ltr'><strong>igitur</strong></span> <span class='ocrx_word' id='word_1_263' title='bbox 2470 2018 2652 2089; x_wconf 88' lang='lat' dir='ltr'><strong>ipsum</strong></span> <span class='ocrx_word' id='word_1_264' title='bbox 2676 2017 2827 2073; x_wconf 86' lang='lat' dir='ltr'><strong>verbi</strong></span> <span class='ocrx_word' id='word_1_265' title='bbox 2858 2024 3208 2087; x_wconf 87' lang='lat' dir='ltr'><strong>apparatum.</strong></span> <span class='ocrx_word' id='word_1_266' title='bbox 3240 2030 3352 2069; x_wconf 93' lang='lat' dir='ltr'><strong>non</strong></span> 
     </span>
    </p>
   </div>
   <div class='ocr_carea' id='block_1_40' title="bbox 95 2108 1685 2190">
    <p class='ocr_par' dir='ltr' id='par_1_40' title="bbox 95 2109 1651 2190">
     <span class='ocr_line' id='line_1_41' title="bbox 95 2109 1651 2190; baseline -0.013 -10"><span class='ocrx_word' id='word_1_267' title='bbox 95 2126 175 2181; x_wconf 73' lang='grc' dir='ltr'>οὖν</span> <span class='ocrx_word' id='word_1_268' title='bbox 196 2130 221 2190; x_wconf 76' lang='grc' dir='ltr'><strong>ό</strong></span> <span class='ocrx_word' id='word_1_269' title='bbox 242 2128 493 2189; x_wconf 85' lang='grc' dir='ltr'>Ἰουδαῖος</span> <span class='ocrx_word' id='word_1_270' title='bbox 522 2123 674 2177; x_wconf 87' lang='grc' dir='ltr'>λαλεῖ</span> <span class='ocrx_word' id='word_1_271' title='bbox 704 2122 795 2176; x_wconf 74' lang='grc' dir='ltr'>τὸν</span> <span class='ocrx_word' id='word_1_272' title='bbox 832 2118 1088 2189; x_wconf 82' lang='grc' dir='ltr'>πατρῷον</span> <span class='ocrx_word' id='word_1_273' title='bbox 1121 2112 1371 2169; x_wconf 87' lang='grc' dir='ltr'>ὑπελθὼν</span> <span class='ocrx_word' id='word_1_274' title='bbox 1415 2109 1618 2178; x_wconf 83' lang='grc' dir='ltr'>κλῆρον</span> <span class='ocrx_word' id='word_1_275' title='bbox 1636 2124 1651 2140; x_wconf 80' lang='grc' dir='ltr'><strong>ο</strong></span> 
     </span>
    </p>
   </div>
   <div class='ocr_carea' id='block_1_41' title="bbox 1773 2108 3351 2190">
    <p class='ocr_par' dir='ltr' id='par_1_41' title="bbox 1773 2108 3351 2189">
     <span class='ocr_line' id='line_1_42' title="bbox 1773 2108 3351 2189; baseline -0.003 -22"><span class='ocrx_word' id='word_1_276' title='bbox 1773 2114 1927 2169; x_wconf 84' lang='lat' dir='ltr'><strong>modo</strong></span> <span class='ocrx_word' id='word_1_277' title='bbox 1943 2128 2051 2167; x_wconf 88' lang='lat' dir='ltr'><strong>non</strong></span> <span class='ocrx_word' id='word_1_278' title='bbox 2072 2112 2139 2168; x_wconf 83' lang='lat' dir='ltr'><strong>iis</strong></span> <span class='ocrx_word' id='word_1_279' title='bbox 2164 2121 2472 2167; x_wconf 78' lang='lat' dir='ltr'><strong>censonare</strong></span> <span class='ocrx_word' id='word_1_280' title='bbox 2500 2111 2827 2189; x_wconf 28' lang='lat' dir='ltr'><strong>qui&#39;patrem</strong></span> <span class='ocrx_word' id='word_1_281' title='bbox 2857 2110 3097 2180; x_wconf 87' lang='lat' dir='ltr'><strong>aliquem</strong></span> <span class='ocrx_word' id='word_1_282' title='bbox 3120 2146 3131 2173; x_wconf 59' lang='grc' dir='ltr'>χ</span> <span class='ocrx_word' id='word_1_283' title='bbox 3146 2108 3351 2164; x_wconf 85' lang='lat' dir='ltr'><strong>diaboli</strong></span> 
     </span>
    </p>
   </div>
   <div class='ocr_carea' id='block_1_42' title="bbox 95 2197 1685 2288">
    <p class='ocr_par' dir='ltr' id='par_1_42' title="bbox 95 2197 1685 2288">
     <span class='ocr_line' id='line_1_43' title="bbox 95 2197 1685 2288; baseline -0.013 -17"><span class='ocrx_word' id='word_1_284' title='bbox 95 2219 177 2271; x_wconf 83' lang='grc' dir='ltr'><strong>καί</strong></span> <span class='ocrx_word' id='word_1_285' title='bbox 201 2215 358 2281; x_wconf 84' lang='grc' dir='ltr'>αὑτὸς</span> <span class='ocrx_word' id='word_1_286' title='bbox 388 2214 503 2286; x_wconf 84' lang='grc' dir='ltr'>γὰρ</span> <span class='ocrx_word' id='word_1_287' title='bbox 525 2212 768 2283; x_wconf 75' lang='grc' dir='ltr'>ψεύστης</span> <span class='ocrx_word' id='word_1_288' title='bbox 800 2211 948 2264; x_wconf 72' lang='grc' dir='ltr'>ἐστὶν</span> <span class='ocrx_word' id='word_1_289' title='bbox 977 2208 1164 2288; x_wconf 81' lang='grc' dir='ltr'>ὥσπερ</span> <span class='ocrx_word' id='word_1_290' title='bbox 1192 2207 1220 2258; x_wconf 85' lang='grc' dir='ltr'><strong>ὁ</strong></span> <span class='ocrx_word' id='word_1_291' title='bbox 1240 2202 1427 2273; x_wconf 80' lang='grc' dir='ltr'>πατὴρ</span> <span class='ocrx_word' id='word_1_292' title='bbox 1456 2197 1622 2254; x_wconf 82' lang='grc' dir='ltr'>αὑτοῦ</span> <span class='ocrx_word' id='word_1_293' title='bbox 1642 2214 1656 2230; x_wconf 87' lang='grc'><strong>·</strong></span> <span class='ocrx_word' id='word_1_294' title='bbox 1680 2273 1685 2280; x_wconf 31' lang='grc' dir='ltr'><strong>Ι</strong></span> 
     </span>
    </p>
   </div>
   <div class='ocr_carea' id='block_1_43' title="bbox 1773 2197 3352 2288">
    <p class='ocr_par' dir='ltr' id='par_1_43' title="bbox 1773 2203 3352 2276">
     <span class='ocr_line' id='line_1_44' title="bbox 1773 2203 3352 2276; baseline -0.003 -16"><span class='ocrx_word' id='word_1_295' title='bbox 1773 2208 1995 2276; x_wconf 80' lang='lat' dir='ltr'><strong>lingunt,</strong></span> <span class='ocrx_word' id='word_1_296' title='bbox 2027 2206 2120 2261; x_wconf 87' lang='lat' dir='ltr'><strong>sed</strong></span> <span class='ocrx_word' id='word_1_297' title='bbox 2152 2214 2208 2260; x_wconf 89' lang='lat' dir='ltr'><strong>et</strong></span> <span class='ocrx_word' id='word_1_298' title='bbox 2244 2203 2560 2260; x_wconf 68' lang='lat' dir='ltr'><strong>Judaaorum</strong></span> <span class='ocrx_word' id='word_1_299' title='bbox 2590 2212 2802 2274; x_wconf 83' lang='lat' dir='ltr'><strong>patrem</strong></span> <span class='ocrx_word' id='word_1_300' title='bbox 2850 2203 3130 2271; x_wconf 84' lang='lat' dir='ltr'><strong>diabolum</strong></span> <span class='ocrx_word' id='word_1_301' title='bbox 3176 2203 3352 2258; x_wconf 84' lang='lat' dir='ltr'><strong>solum</strong></span> 
     </span>
    </p>
   </div>
   <div class='ocr_carea' id='block_1_44' title="bbox 95 2293 1685 2378">
    <p class='ocr_par' dir='ltr' id='par_1_44' title="bbox 95 2293 1662 2378">
     <span class='ocr_line' id='line_1_45' title="bbox 95 2293 1662 2378; baseline -0.012 -16"><span class='ocrx_word' id='word_1_302' title='bbox 95 2308 235 2378; x_wconf 76' lang='grc' dir='ltr'>δῆλον</span> <span class='ocrx_word' id='word_1_303' title='bbox 260 2305 351 2361; x_wconf 88' lang='grc' dir='ltr'><strong>οὑν</strong></span> <span class='ocrx_word' id='word_1_304' title='bbox 366 2308 456 2372; x_wconf 84' lang='grc' dir='ltr'><strong>-ὼς</strong></span> <span class='ocrx_word' id='word_1_305' title='bbox 498 2308 529 2378; x_wconf 83' lang='grc' dir='ltr'><strong>ή</strong></span> <span class='ocrx_word' id='word_1_306' title='bbox 564 2304 844 2374; x_wconf 78' lang='grc' dir='ltr'>τοῦλόγου</span> <span class='ocrx_word' id='word_1_307' title='bbox 885 2300 1026 2371; x_wconf 74' lang='grc' dir='ltr'>αὕτη</span> <span class='ocrx_word' id='word_1_308' title='bbox 1071 2295 1368 2368; x_wconf 74' lang='grc' dir='ltr'>περικοπή,</span> <span class='ocrx_word' id='word_1_309' title='bbox 1406 2294 1468 2347; x_wconf 87' lang='grc' dir='ltr'><strong>οὑ</strong></span> <span class='ocrx_word' id='word_1_310' title='bbox 1503 2293 1662 2363; x_wconf 87' lang='grc' dir='ltr'>μόνον</span> 
     </span>
    </p>
   </div>
   <div class='ocr_carea' id='block_1_45' title="bbox 1773 2293 3353 2378">
    <p class='ocr_par' dir='ltr' id='par_1_45' title="bbox 1773 2294 3353 2367">
     <span class='ocr_line' id='line_1_46' title="bbox 1773 2294 3353 2367; baseline -0.003 -14"><span class='ocrx_word' id='word_1_311' title='bbox 1773 2298 2051 2353; x_wconf 85' lang='lat' dir='ltr'><strong>deliniant.</strong></span> <span class='ocrx_word' id='word_1_312' title='bbox 2086 2296 2193 2353; x_wconf 86' lang='lat' dir='ltr'><strong>Sed</strong></span> <span class='ocrx_word' id='word_1_313' title='bbox 2225 2297 2345 2353; x_wconf 70' lang='lat' dir='ltr'><strong>haec</strong></span> <span class='ocrx_word' id='word_1_314' title='bbox 2366 2297 2589 2367; x_wconf 82' lang='lat' dir='ltr'><strong>quidem</strong></span> <span class='ocrx_word' id='word_1_315' title='bbox 2615 2295 2926 2353; x_wconf 87' lang='lat' dir='ltr'><strong>communis</strong></span> <span class='ocrx_word' id='word_1_316' title='bbox 2942 2294 3353 2350; x_wconf 82' lang='lat' dir='ltr'><strong>exercitationis</strong></span> 
     </span>
    </p>
   </div>
   <div class='ocr_carea' id='block_1_46' title="bbox 100 2384 1685 2470">
    <p class='ocr_par' dir='ltr' id='par_1_46' title="bbox 100 2384 1661 2470">
     <span class='ocr_line' id='line_1_47' title="bbox 100 2384 1661 2470; baseline -0.012 -16"><span class='ocrx_word' id='word_1_317' title='bbox 100 2398 490 2470; x_wconf 76' lang='grc' dir='ltr'>συμφθέγγεται</span> <span class='ocrx_word' id='word_1_318' title='bbox 518 2404 631 2462; x_wconf 85' lang='grc' dir='ltr'>τοῖς</span> <span class='ocrx_word' id='word_1_319' title='bbox 678 2397 896 2468; x_wconf 83' lang='grc' dir='ltr'>πατέρα</span> <span class='ocrx_word' id='word_1_320' title='bbox 932 2394 1229 2448; x_wconf 83' lang='grc' dir='ltr'>πλάττουσι</span> <span class='ocrx_word' id='word_1_321' title='bbox 1257 2388 1354 2442; x_wconf 83' lang='grc' dir='ltr'>τοῦ</span> <span class='ocrx_word' id='word_1_322' title='bbox 1388 2384 1661 2449; x_wconf 82' lang='grc' dir='ltr'>διαϐόλου,</span> 
     </span>
    </p>
   </div>
   <div class='ocr_carea' id='block_1_47' title="bbox 1773 2384 3352 2470">
    <p class='ocr_par' dir='ltr' id='par_1_47' title="bbox 1773 2386 3352 2468">
     <span class='ocr_line' id='line_1_48' title="bbox 1773 2386 3352 2468; baseline -0.002 -24"><span class='ocrx_word' id='word_1_323' title='bbox 1773 2390 2001 2445; x_wconf 82' lang='lat' dir='ltr'><strong>l&#39;ormam</strong></span> <span class='ocrx_word' id='word_1_324' title='bbox 2027 2400 2081 2445; x_wconf 87' lang='lat' dir='ltr'><strong>et</strong></span> <span class='ocrx_word' id='word_1_325' title='bbox 2102 2390 2374 2447; x_wconf 88' lang='lat' dir='ltr'><strong>rationem</strong></span> <span class='ocrx_word' id='word_1_326' title='bbox 2398 2386 2660 2453; x_wconf 83' lang='lat' dir='ltr'><strong>habeant,</strong></span> <span class='ocrx_word' id='word_1_327' title='bbox 2707 2388 2982 2459; x_wconf 81' lang='lat' dir='ltr'><strong>dogmatis</strong></span> <span class='ocrx_word' id='word_1_328' title='bbox 3032 2401 3208 2456; x_wconf 84' lang='lat' dir='ltr'><strong>usque</strong></span> <span class='ocrx_word' id='word_1_329' title='bbox 3253 2401 3352 2468; x_wconf 75' lang='lat' dir='ltr'><strong>ap-</strong></span> 
     </span>
    </p>
   </div>
   <div class='ocr_carea' id='block_1_48' title="bbox 97 2463 1685 2557">
    <p class='ocr_par' dir='ltr' id='par_1_48' title="bbox 97 2463 1665 2557">
     <span class='ocr_line' id='line_1_49' title="bbox 97 2463 1665 2557; baseline -0.008 -16"><span class='ocrx_word' id='word_1_330' title='bbox 97 2463 222 2543; x_wconf 61' lang='grc' dir='ltr'>ἁλλά</span> <span class='ocrx_word' id='word_1_331' title='bbox 251 2463 489 2545; x_wconf 57' lang='grc' dir='ltr'>καιτῶν</span> <span class='ocrx_word' id='word_1_332' title='bbox 514 2490 786 2544; x_wconf 82' lang='grc' dir='ltr'>Ἰουδαίων</span> <span class='ocrx_word' id='word_1_333' title='bbox 822 2463 1037 2557; x_wconf 78' lang='grc' dir='ltr'>πατέρα</span> <span class='ocrx_word' id='word_1_334' title='bbox 1077 2484 1169 2537; x_wconf 75' lang='grc' dir='ltr'><strong>τὸν</strong></span> <span class='ocrx_word' id='word_1_335' title='bbox 1212 2478 1459 2536; x_wconf 75' lang='grc' dir='ltr'>διάϐολον</span> <span class='ocrx_word' id='word_1_336' title='bbox 1505 2476 1665 2548; x_wconf 87' lang='grc' dir='ltr'>μόνον</span> 
     </span>
    </p>
   </div>
   <div class='ocr_carea' id='block_1_49' title="bbox 1773 2463 3353 2557">
    <p class='ocr_par' dir='ltr' id='par_1_49' title="bbox 1773 2463 3353 2553">
     <span class='ocr_line' id='line_1_50' title="bbox 1773 2463 3353 2553; baseline -0.003 -16"><span class='ocrx_word' id='word_1_337' title='bbox 1773 2481 2111 2553; x_wconf 89' lang='lat' dir='ltr'><strong>pellationem</strong></span> <span class='ocrx_word' id='word_1_338' title='bbox 2195 2481 2563 2552; x_wconf 76' lang='lat' dir='ltr'><strong>refugientes,</strong></span> <span class='ocrx_word' id='word_1_339' title='bbox 2650 2481 3011 2551; x_wconf 82' lang='lat' dir='ltr'><strong>quoadusque</strong></span> <span class='ocrx_word' id='word_1_340' title='bbox 3081 2463 3353 2536; x_wconf 80' lang='lat' dir='ltr'><strong>excelsius</strong></span> 
     </span>
    </p>
   </div>
   <div class='ocr_carea' id='block_1_50' title="bbox 98 2569 1685 2655">
    <p class='ocr_par' dir='ltr' id='par_1_50' title="bbox 98 2569 1664 2655">
     <span class='ocr_line' id='line_1_51' title="bbox 98 2569 1664 2655; baseline -0.009 -19"><span class='ocrx_word' id='word_1_341' title='bbox 98 2585 343 2655; x_wconf 73' lang='grc' dir='ltr'>ἀφορίζει.</span> <span class='ocrx_word' id='word_1_342' title='bbox 391 2583 561 2649; x_wconf 69' lang='grc' dir='ltr'>Ἀλλὰ.</span> <span class='ocrx_word' id='word_1_343' title='bbox 599 2583 772 2637; x_wconf 84' lang='grc' dir='ltr'>ταῦτα</span> <span class='ocrx_word' id='word_1_344' title='bbox 806 2580 904 2652; x_wconf 85' lang='grc' dir='ltr'><strong>μὲν</strong></span> <span class='ocrx_word' id='word_1_345' title='bbox 946 2575 1363 2652; x_wconf 78' lang='grc' dir='ltr'>συγγυμνασίας</span> <span class='ocrx_word' id='word_1_346' title='bbox 1405 2569 1547 2634; x_wconf 79' lang='grc' dir='ltr'>εἶδος</span> <span class='ocrx_word' id='word_1_347' title='bbox 1567 2569 1664 2624; x_wconf 76' lang='grc' dir='ltr'><strong>καὶ</strong></span> 
     </span>
    </p>
   </div>
   <div class='ocr_carea' id='block_1_51' title="bbox 1773 2569 3354 2655">
    <p class='ocr_par' dir='ltr' id='par_1_51' title="bbox 1773 2575 3354 2646">
     <span class='ocr_line' id='line_1_52' title="bbox 1773 2575 3354 2646; baseline -0.001 -15"><span class='ocrx_word' id='word_1_348' title='bbox 1773 2575 1994 2631; x_wconf 79' lang='lat' dir='ltr'><strong>verbum</strong></span> <span class='ocrx_word' id='word_1_349' title='bbox 2056 2575 2358 2641; x_wconf 80' lang='lat' dir='ltr'><strong>revelatum</strong></span> <span class='ocrx_word' id='word_1_350' title='bbox 2423 2585 2480 2630; x_wconf 88' lang='lat' dir='ltr'><strong>et</strong></span> <span class='ocrx_word' id='word_1_351' title='bbox 2538 2576 2738 2646; x_wconf 84' lang='lat' dir='ltr'><strong>dogma</strong></span> <span class='ocrx_word' id='word_1_352' title='bbox 2787 2590 2910 2631; x_wconf 86' lang='lat' dir='ltr'><strong>esse</strong></span> <span class='ocrx_word' id='word_1_353' title='bbox 2971 2575 3246 2631; x_wconf 85' lang='lat' dir='ltr'><strong>sententia</strong></span> <span class='ocrx_word' id='word_1_354' title='bbox 3299 2584 3354 2631; x_wconf 78' lang='lat' dir='ltr'><strong>et</strong></span> 
     </span>
    </p>
   </div>
   <div class='ocr_carea' id='block_1_52' title="bbox 98 2660 1685 2747">
    <p class='ocr_par' dir='ltr' id='par_1_52' title="bbox 98 2660 1667 2746">
     <span class='ocr_line' id='line_1_53' title="bbox 98 2660 1667 2746; baseline -0.008 -19"><span class='ocrx_word' id='word_1_355' title='bbox 98 2672 237 2741; x_wconf 84' lang='grc' dir='ltr'>λόγον</span> <span class='ocrx_word' id='word_1_356' title='bbox 263 2674 430 2745; x_wconf 76' lang='grc' dir='ltr'>ἐχέτω</span> <span class='ocrx_word' id='word_1_357' title='bbox 460 2677 562 2746; x_wconf 77' lang='grc' dir='ltr'><strong>τὴν</strong></span> <span class='ocrx_word' id='word_1_358' title='bbox 588 2673 684 2726; x_wconf 78' lang='grc' dir='ltr'>τοῦ</span> <span class='ocrx_word' id='word_1_359' title='bbox 710 2672 980 2743; x_wconf 87' lang='grc' dir='ltr'>δόγματος</span> <span class='ocrx_word' id='word_1_360' title='bbox 1005 2669 1146 2733; x_wconf 89' lang='grc' dir='ltr'>τέως</span> <span class='ocrx_word' id='word_1_361' title='bbox 1179 2662 1554 2737; x_wconf 85' lang='grc' dir='ltr'>προσηγορίαν</span> <span class='ocrx_word' id='word_1_362' title='bbox 1576 2660 1667 2714; x_wconf 81' lang='grc' dir='ltr'><strong>εὑ⁴</strong></span> 
     </span>
    </p>
   </div>
   <div class='ocr_carea' id='block_1_53' title="bbox 1773 2660 3353 2747">
    <p class='ocr_par' dir='ltr' id='par_1_53' title="bbox 1773 2667 3353 2747">
     <span class='ocr_line' id='line_1_54' title="bbox 1773 2667 3353 2747; baseline -0.001 -23"><span class='ocrx_word' id='word_1_363' title='bbox 1773 2670 2013 2739; x_wconf 89' lang='lat' dir='ltr'><strong>potentia</strong></span> <span class='ocrx_word' id='word_1_364' title='bbox 2061 2667 2367 2724; x_wconf 88' lang='lat' dir='ltr'><strong>decernens</strong></span> <span class='ocrx_word' id='word_1_365' title='bbox 2431 2682 2639 2722; x_wconf 91' lang='lat' dir='ltr'><strong>eorum.</strong></span> <span class='ocrx_word' id='word_1_366' title='bbox 2675 2667 2772 2737; x_wconf 81' lang='lat' dir='ltr'><strong>qui</strong></span> <span class='ocrx_word' id='word_1_367' title='bbox 2826 2682 2921 2736; x_wconf 91' lang='lat' dir='ltr'><strong>per</strong></span> <span class='ocrx_word' id='word_1_368' title='bbox 2969 2667 3138 2721; x_wconf 89' lang='lat' dir='ltr'><strong>vitam</strong></span> <span class='ocrx_word' id='word_1_369' title='bbox 3171 2667 3353 2747; x_wconf 83' lang='lat' dir='ltr'><strong>philo-</strong></span> 
     </span>
    </p>
   </div>
   <div class='ocr_carea' id='block_1_54' title="bbox 100 2753 1685 2837">
    <p class='ocr_par' dir='ltr' id='par_1_54' title="bbox 100 2753 1665 2837">
     <span class='ocr_line' id='line_1_55' title="bbox 100 2753 1665 2837; baseline -0.008 -19"><span class='ocrx_word' id='word_1_370' title='bbox 100 2764 403 2837; x_wconf 79' lang='grc' dir='ltr'>λαϐούμενον</span> <span class='ocrx_word' id='word_1_371' title='bbox 427 2783 441 2797; x_wconf 85' lang='grc'><strong>·</strong></span> <span class='ocrx_word' id='word_1_372' title='bbox 479 2767 584 2830; x_wconf 77' lang='grc' dir='ltr'>ἓως</span> <span class='ocrx_word' id='word_1_373' title='bbox 611 2765 680 2819; x_wconf 82' lang='grc' dir='ltr'>ἂν</span> <span class='ocrx_word' id='word_1_374' title='bbox 716 2765 748 2818; x_wconf 86' lang='grc' dir='ltr'><strong>δ</strong></span> <span class='ocrx_word' id='word_1_375' title='bbox 781 2762 1111 2834; x_wconf 72' lang='grc' dir='ltr'>ὑψηλότερος</span> <span class='ocrx_word' id='word_1_376' title='bbox 1149 2758 1306 2827; x_wconf 87' lang='grc' dir='ltr'>λόγος</span> <span class='ocrx_word' id='word_1_377' title='bbox 1348 2753 1665 2825; x_wconf 70' lang='grc' dir='ltr'>ἀναφανεὶς,</span> 
     </span>
    </p>
   </div>
   <div class='ocr_carea' id='block_1_55' title="bbox 1773 2753 3354 2837">
    <p class='ocr_par' dir='ltr' id='par_1_55' title="bbox 1773 2756 3354 2827">
     <span class='ocr_line' id='line_1_56' title="bbox 1773 2756 3354 2827; baseline 0 -15"><span class='ocrx_word' id='word_1_378' title='bbox 1773 2756 1988 2827; x_wconf 87' lang='lat' dir='ltr'><strong>sophati</strong></span> <span class='ocrx_word' id='word_1_379' title='bbox 2045 2765 2210 2813; x_wconf 88' lang='lat' dir='ltr'><strong>erunt</strong></span> <span class='ocrx_word' id='word_1_380' title='bbox 2253 2765 2440 2827; x_wconf 83' lang='lat' dir='ltr'><strong>votum</strong></span> <span class='ocrx_word' id='word_1_381' title='bbox 2483 2756 2787 2826; x_wconf 90' lang='lat' dir='ltr'><strong>complens,</strong></span> <span class='ocrx_word' id='word_1_382' title='bbox 2814 2756 2948 2810; x_wconf 89' lang='lat' dir='ltr'><strong>illud</strong></span> <span class='ocrx_word' id='word_1_383' title='bbox 2967 2757 3219 2811; x_wconf 85' lang='lat' dir='ltr'><strong>ostendat</strong></span> <span class='ocrx_word' id='word_1_384' title='bbox 3246 2772 3354 2812; x_wconf 82' lang='lat' dir='ltr'><strong>non</strong></span> 
     </span>
    </p>
   </div>
   <div class='ocr_carea' id='block_1_56' title="bbox 103 2845 1685 2930">
    <p class='ocr_par' dir='ltr' id='par_1_56' title="bbox 103 2845 1672 2930">
     <span class='ocr_line' id='line_1_57' title="bbox 103 2845 1672 2930; baseline -0.008 -21"><span class='ocrx_word' id='word_1_385' title='bbox 103 2857 185 2909; x_wconf 77' lang='grc' dir='ltr'><strong>καί</strong></span> <span class='ocrx_word' id='word_1_386' title='bbox 207 2857 376 2930; x_wconf 82' lang='grc' dir='ltr'>δόγμα</span> <span class='ocrx_word' id='word_1_387' title='bbox 400 2855 546 2913; x_wconf 83' lang='grc' dir='ltr'>εἶναι</span> <span class='ocrx_word' id='word_1_388' title='bbox 569 2860 635 2929; x_wconf 82' lang='grc' dir='ltr'>τῇ</span> <span class='ocrx_word' id='word_1_389' title='bbox 662 2858 894 2927; x_wconf 81' lang='grc' dir='ltr'>διανοίᾳ,</span> <span class='ocrx_word' id='word_1_390' title='bbox 926 2855 1023 2908; x_wconf 70' lang='grc' dir='ltr'><strong>καὶ</strong></span> <span class='ocrx_word' id='word_1_391' title='bbox 1041 2852 1119 2923; x_wconf 83' lang='grc' dir='ltr'>τῷ</span> <span class='ocrx_word' id='word_1_392' title='bbox 1144 2851 1336 2921; x_wconf 84' lang='grc' dir='ltr'>κράτει</span> <span class='ocrx_word' id='word_1_393' title='bbox 1362 2848 1463 2916; x_wconf 82' lang='grc' dir='ltr'>τὴν</span> <span class='ocrx_word' id='word_1_394' title='bbox 1490 2845 1672 2916; x_wconf 83' lang='grc' dir='ltr'>κρίσιν</span> 
     </span>
    </p>
   </div>
   <div class='ocr_carea' id='block_1_57' title="bbox 1773 2845 3355 2930">
    <p class='ocr_par' dir='ltr' id='par_1_57' title="bbox 1776 2848 3355 2920">
     <span class='ocr_line' id='line_1_58' title="bbox 1776 2848 3355 2920; baseline 0.001 -17"><span class='ocrx_word' id='word_1_395' title='bbox 1776 2848 1986 2905; x_wconf 83' lang='lat' dir='ltr'><strong>frustra</strong></span> <span class='ocrx_word' id='word_1_396' title='bbox 2043 2864 2166 2905; x_wconf 83' lang='lat' dir='ltr'><strong>esse</strong></span> <span class='ocrx_word' id='word_1_397' title='bbox 2225 2858 2546 2920; x_wconf 86' lang='lat' dir='ltr'><strong>protensum</strong></span> <span class='ocrx_word' id='word_1_398' title='bbox 2580 2848 2646 2903; x_wconf 90' lang='lat' dir='ltr'><strong>ad</strong></span> <span class='ocrx_word' id='word_1_399' title='bbox 2698 2862 2896 2904; x_wconf 86' lang='lat' dir='ltr'><strong>sensus</strong></span> <span class='ocrx_word' id='word_1_400' title='bbox 2920 2848 3355 2919; x_wconf 89' lang='lat' dir='ltr'><strong>inquisitionem,</strong></span> 
     </span>
    </p>
   </div>
   <div class='ocr_carea' id='block_1_58' title="bbox 103 2938 1685 3022">
    <p class='ocr_par' dir='ltr' id='par_1_58' title="bbox 103 2938 1675 3022">
     <span class='ocr_line' id='line_1_59' title="bbox 103 2938 1675 3022; baseline -0.008 -20"><span class='ocrx_word' id='word_1_401' title='bbox 103 2950 282 3014; x_wconf 82' lang='grc' dir='ltr'>λαϐὼν,</span> <span class='ocrx_word' id='word_1_402' title='bbox 312 2954 406 3006; x_wconf 79' lang='grc' dir='ltr'>καὶ</span> <span class='ocrx_word' id='word_1_403' title='bbox 452 2953 566 3007; x_wconf 84' lang='grc' dir='ltr'><strong>τῶν</strong></span> <span class='ocrx_word' id='word_1_404' title='bbox 610 2952 699 3006; x_wconf 72' lang='grc' dir='ltr'>διὰ</span> <span class='ocrx_word' id='word_1_405' title='bbox 730 2951 849 3022; x_wconf 78' lang='grc' dir='ltr'>βίου</span> <span class='ocrx_word' id='word_1_406' title='bbox 898 2943 1339 3018; x_wconf 75' lang='grc' dir='ltr'>φιλοσοφούντων</span> <span class='ocrx_word' id='word_1_407' title='bbox 1377 2941 1477 3012; x_wconf 79' lang='grc' dir='ltr'><strong>τὴν</strong></span> <span class='ocrx_word' id='word_1_408' title='bbox 1524 2938 1675 3008; x_wconf 85' lang='grc' dir='ltr'>ἱερὰν</span> 
     </span>
    </p>
   </div>
   <div class='ocr_carea' id='block_1_59' title="bbox 1773 2938 3031 3022">
    <p class='ocr_par' dir='ltr' id='par_1_59' title="bbox 1773 2938 3031 3010">
     <span class='ocr_line' id='line_1_60' title="bbox 1773 2938 3031 3010; baseline -0.001 -17"><span class='ocrx_word' id='word_1_409' title='bbox 1773 2940 1875 3009; x_wconf 88' lang='lat' dir='ltr'><strong>.qni</strong></span> <span class='ocrx_word' id='word_1_410' title='bbox 1912 2950 1996 2997; x_wconf 86' lang='lat' dir='ltr'><strong>est</strong></span> <span class='ocrx_word' id='word_1_411' title='bbox 2030 2941 2173 2995; x_wconf 88' lang='lat' dir='ltr'><strong>ultra</strong></span> <span class='ocrx_word' id='word_1_412' title='bbox 2203 2940 2572 3010; x_wconf 80' lang='lat' dir='ltr'><strong>mpltitudinis</strong></span> <span class='ocrx_word' id='word_1_413' title='bbox 2596 2938 3031 3009; x_wconf 83' lang='lat' dir='ltr'><strong>intelligentiam.</strong></span> 
     </span>
    </p>
   </div>
   <div class='ocr_carea' id='block_1_60' title="bbox 99 3029 3359 3116">
    <p class='ocr_par' dir='ltr' id='par_1_60' title="bbox 99 3029 3359 3116">
     <span class='ocr_line' id='line_1_61' title="bbox 99 3029 3359 3116; baseline -0.004 -17"><span class='ocrx_word' id='word_1_414' title='bbox 99 3042 361 3116; x_wconf 76' lang='grc' dir='ltr'>ἐμπλήσας</span> <span class='ocrx_word' id='word_1_415' title='bbox 399 3043 724 3115; x_wconf 80' lang='grc' dir='ltr'>ἐπιθυμίαν,</span> <span class='ocrx_word' id='word_1_416' title='bbox 757 3042 907 3115; x_wconf 75' lang='grc' dir='ltr'>δείξῃ</span> <span class='ocrx_word' id='word_1_417' title='bbox 948 3038 1024 3111; x_wconf 78' lang='grc' dir='ltr'><strong>μὴ</strong></span> <span class='ocrx_word' id='word_1_418' title='bbox 1090 3037 1268 3110; x_wconf 84' lang='grc' dir='ltr'>μάτην</span> <span class='ocrx_word' id='word_1_419' title='bbox 1311 3033 1398 3086; x_wconf 73' lang='grc' dir='ltr'>ἀεὶ</span> <span class='ocrx_word' id='word_1_420' title='bbox 1469 3030 1605 3102; x_wconf 78' lang='grc' dir='ltr'>πρὸς</span> <span class='ocrx_word' id='word_1_421' title='bbox 1669 3030 1897 3103; x_wconf 79' lang='grc' dir='ltr'>ζήτησιν</span> <span class='ocrx_word' id='word_1_422' title='bbox 1938 3032 2367 3105; x_wconf 76' lang='grc' dir='ltr'>ἀνατεινομένην</span> <span class='ocrx_word' id='word_1_423' title='bbox 2405 3030 2501 3087; x_wconf 83' lang='grc' dir='ltr'>τοῦ</span> <span class='ocrx_word' id='word_1_424' title='bbox 2541 3029 2881 3103; x_wconf 73' lang='grc' dir='ltr'>ἐξῃρημένον</span> <span class='ocrx_word' id='word_1_425' title='bbox 2919 3032 3193 3103; x_wconf 82' lang='grc' dir='ltr'>νοήματος</span> <span class='ocrx_word' id='word_1_426' title='bbox 3258 3032 3359 3103; x_wconf 76' lang='grc' dir='ltr'>τῆς</span> 
     </span>
    </p>
   </div>
   <div class='ocr_carea' id='block_1_61' title="bbox 99 3138 892 3210">
    <p class='ocr_par' dir='ltr' id='par_1_61' title="bbox 99 3138 892 3210">
     <span class='ocr_line' id='line_1_62' title="bbox 99 3138 892 3210; baseline 0.003 -20"><span class='ocrx_word' id='word_1_427' title='bbox 99 3138 196 3193; x_wconf 84' lang='grc' dir='ltr'><strong>τῶν</strong></span> <span class='ocrx_word' id='word_1_428' title='bbox 220 3139 421 3195; x_wconf 84' lang='grc' dir='ltr'>πολλῶν</span> <span class='ocrx_word' id='word_1_429' title='bbox 462 3138 845 3210; x_wconf 73' lang='grc' dir='ltr'>καταλήψεως.</span> <span class='ocrx_word' id='word_1_430' title='bbox 878 3174 892 3185; x_wconf 87' lang='grc'><strong><em>-</em></strong></span> 
     </span>
    </p>
   </div>
   <div class='ocr_carea' id='block_1_62' title="bbox 612 3252 1129 3324">
    <p class='ocr_par' dir='ltr' id='par_1_62' title="bbox 612 3252 1129 3324">
     <span class='ocr_line' id='line_1_63' title="bbox 612 3252 1129 3324; baseline -0.008 -11"><span class='ocrx_word' id='word_1_431' title='bbox 612 3252 1129 3324; x_wconf 60' lang='grc' dir='ltr'><strong>ΕΡΩΤΗΣιΣΜΗα</strong></span> 
     </span>
    </p>
   </div>
   <div class='ocr_carea' id='block_1_63' title="bbox 162 3348 1598 3419">
    <p class='ocr_par' dir='ltr' id='par_1_63' title="bbox 162 3348 1598 3419">
     <span class='ocr_line' id='line_1_64' title="bbox 162 3348 1598 3419; baseline -0.006 -10"><span class='ocrx_word' id='word_1_432' title='bbox 162 3356 339 3409; x_wconf 81' lang='grc' dir='ltr'>Πόσαι</span> <span class='ocrx_word' id='word_1_433' title='bbox 371 3352 538 3409; x_wconf 71' lang='grc' dir='ltr'>εἰσὶν</span> <span class='ocrx_word' id='word_1_434' title='bbox 569 3354 633 3406; x_wconf 72' lang='grc' dir='ltr'>αἱ</span> <span class='ocrx_word' id='word_1_435' title='bbox 656 3352 765 3406; x_wconf 74' lang='grc' dir='ltr'><strong>τόν</strong></span> <span class='ocrx_word' id='word_1_436' title='bbox 797 3350 1020 3419; x_wconf 72' lang='grc' dir='ltr'>Κύριον</span> <span class='ocrx_word' id='word_1_437' title='bbox 1049 3348 1383 3419; x_wconf 71' lang='grc' dir='ltr'>ἀλείψασαι</span> <span class='ocrx_word' id='word_1_438' title='bbox 1406 3348 1598 3417; x_wconf 76' lang='grc' dir='ltr'>μύρῳῖ</span> 
     </span>
    </p>
   </div>
   <div class='ocr_carea' id='block_1_64' title="bbox 2077 3236 3107 3312">
    <p class='ocr_par' dir='ltr' id='par_1_64' title="bbox 2077 3236 3107 3312">
     <span class='ocr_line' id='line_1_65' title="bbox 2077 3236 3107 3312; baseline -0.003 -15"><span class='ocrx_word' id='word_1_439' title='bbox 2077 3238 2409 3309; x_wconf 63' lang='lat' dir='ltr'><strong>QUALSTto</strong></span> <span class='ocrx_word' id='word_1_440' title='bbox 2432 3238 2643 3294; x_wconf 72' lang='lat' dir='ltr'><strong>xum</strong></span> <span class='ocrx_word' id='word_1_441' title='bbox 2687 3236 2788 3311; x_wconf 74' lang='lat' dir='ltr'><strong>[aL</strong></span> <span class='ocrx_word' id='word_1_442' title='bbox 2817 3237 3050 3312; x_wconf 70' lang='lat' dir='ltr'><strong>xnvn].</strong></span> <span class='ocrx_word' id='word_1_443' title='bbox 3098 3264 3107 3274; x_wconf 93' lang='lat'><em>-</em></span> 
     </span>
    </p>
   </div>
   <div class='ocr_carea' id='block_1_65' title="bbox 1893 3326 3248 3407">
    <p class='ocr_par' dir='ltr' id='par_1_65' title="bbox 1893 3326 3248 3407">
     <span class='ocr_line' id='line_1_66' title="bbox 1893 3326 3248 3407; baseline -0.001 -15"><span class='ocrx_word' id='word_1_444' title='bbox 1893 3338 2033 3406; x_wconf 73' lang='lat' dir='ltr'><strong>Quot</strong></span> <span class='ocrx_word' id='word_1_445' title='bbox 2058 3349 2178 3392; x_wconf 77' lang='lat' dir='ltr'><strong>sunt</strong></span> <span class='ocrx_word' id='word_1_446' title='bbox 2207 3352 2327 3407; x_wconf 65' lang='lat' dir='ltr'><strong>quia</strong></span> <span class='ocrx_word' id='word_1_447' title='bbox 2353 3334 2637 3390; x_wconf 82' lang='lat' dir='ltr'><strong>Dominum</strong></span> <span class='ocrx_word' id='word_1_448' title='bbox 2664 3326 2927 3405; x_wconf 77' lang='lat' dir='ltr'><strong>unguento</strong></span> <span class='ocrx_word' id='word_1_449' title='bbox 2948 3336 3248 3391; x_wconf 74' lang='lat' dir='ltr'><strong>unxerunt?</strong></span> 
     </span>
    </p>
   </div>
   <div class='ocr_carea' id='block_1_66' title="bbox 1336 3475 2131 3540">
    <p class='ocr_par' dir='ltr' id='par_1_66' title="bbox 1336 3475 2131 3540">
     <span class='ocr_line' id='line_1_67' title="bbox 1336 3475 2131 3540; baseline -0.01 -8"><span class='ocrx_word' id='word_1_450' title='bbox 1336 3480 1475 3533; x_wconf 68' lang='lat' dir='ltr'><strong>Edita</strong></span> <span class='ocrx_word' id='word_1_451' title='bbox 1497 3496 1524 3530; x_wconf 90' lang='lat' dir='ltr'><strong>a</strong></span> <span class='ocrx_word' id='word_1_452' title='bbox 1563 3478 1708 3540; x_wconf 77' lang='lat' dir='ltr'><strong>Maio,</strong></span> <span class='ocrx_word' id='word_1_453' title='bbox 1732 3479 1767 3527; x_wconf 94' lang='lat' dir='ltr'><strong>l.</strong></span> <span class='ocrx_word' id='word_1_454' title='bbox 1788 3492 1854 3538; x_wconf 57' lang='grc' dir='ltr'>ιη,</span> <span class='ocrx_word' id='word_1_455' title='bbox 1890 3475 2131 3540; x_wconf 56' lang='lat' dir='ltr'><strong>prio-4&#39;5.</strong></span> 
     </span>
    </p>
   </div>
   <div class='ocr_carea' id='block_1_67' title="bbox 161 3584 1685 3681">
    <p class='ocr_par' dir='ltr' id='par_1_67' title="bbox 161 3587 1672 3681">
     <span class='ocr_line' id='line_1_68' title="bbox 161 3587 1672 3681; baseline -0.009 -22"><span class='ocrx_word' id='word_1_456' title='bbox 161 3604 285 3676; x_wconf 73' lang='grc' dir='ltr'><strong>Οὐχὶ</strong></span> <span class='ocrx_word' id='word_1_457' title='bbox 306 3605 404 3677; x_wconf 81' lang='grc' dir='ltr'><strong>τὴν</strong></span> <span class='ocrx_word' id='word_1_458' title='bbox 430 3604 609 3676; x_wconf 78' lang='grc' dir='ltr'>αὐτὴν</span> <span class='ocrx_word' id='word_1_459' title='bbox 636 3602 878 3672; x_wconf 78' lang='grc' dir='ltr'>εὑρίσκω</span> <span class='ocrx_word' id='word_1_460' title='bbox 921 3598 1218 3671; x_wconf 66' lang='grc' dir='ltr'>τ-ιροῖοὖσαν</span> <span class='ocrx_word' id='word_1_461' title='bbox 1241 3597 1402 3664; x_wconf 80' lang='grc' dir='ltr'>δόξαν</span> <span class='ocrx_word' id='word_1_462' title='bbox 1431 3594 1562 3681; x_wconf 78' lang='grc' dir='ltr'>παρ’</span> <span class='ocrx_word' id='word_1_463' title='bbox 1592 3587 1672 3659; x_wconf 83' lang='grc' dir='ltr'>οἷς</span> 
     </span>
    </p>
   </div>
   <div class='ocr_carea' id='block_1_68' title="bbox 1773 3584 3365 3681">
    <p class='ocr_par' dir='ltr' id='par_1_68' title="bbox 1848 3584 3365 3658">
     <span class='ocr_line' id='line_1_69' title="bbox 1848 3584 3365 3658; baseline -0.003 -13"><span class='ocrx_word' id='word_1_464' title='bbox 1848 3590 1966 3645; x_wconf 80' lang='lat' dir='ltr'><strong>Non</strong></span> <span class='ocrx_word' id='word_1_465' title='bbox 2019 3587 2271 3645; x_wconf 83' lang='lat' dir='ltr'><strong>eamdem</strong></span> <span class='ocrx_word' id='word_1_466' title='bbox 2339 3586 2555 3658; x_wconf 90' lang='lat' dir='ltr'><strong>reperio</strong></span> <span class='ocrx_word' id='word_1_467' title='bbox 2605 3584 2990 3656; x_wconf 85' lang='lat' dir='ltr'><strong>procedentem</strong></span> <span class='ocrx_word' id='word_1_468' title='bbox 3047 3584 3365 3655; x_wconf 84' lang='lat' dir='ltr'><strong>opinionem</strong></span> 
     </span>
    </p>
   </div>
   <div class='ocr_carea' id='block_1_69' title="bbox 101 3686 1673 3771">
    <p class='ocr_par' dir='ltr' id='par_1_69' title="bbox 101 3686 1673 3771">
     <span class='ocr_line' id='line_1_70' title="bbox 101 3686 1673 3771; baseline -0.006 -21"><span class='ocrx_word' id='word_1_469' title='bbox 101 3698 256 3752; x_wconf 83' lang='grc' dir='ltr'>ταῦτα</span> <span class='ocrx_word' id='word_1_470' title='bbox 302 3686 685 3771; x_wconf 61' lang='grc' dir='ltr'>διερευνᾶσθαι</span> <span class='ocrx_word' id='word_1_471' title='bbox 733 3696 956 3765; x_wconf 87' lang='grc' dir='ltr'>γέγονεν</span> <span class='ocrx_word' id='word_1_472' title='bbox 982 3698 1017 3765; x_wconf 86' lang='grc' dir='ltr'><strong>ή</strong></span> <span class='ocrx_word' id='word_1_473' title='bbox 1061 3691 1288 3762; x_wconf 87' lang='grc' dir='ltr'>σπουδή.</span> <span class='ocrx_word' id='word_1_474' title='bbox 1324 3690 1390 3745; x_wconf 85' lang='grc' dir='ltr'><strong>Οἱ</strong></span> <span class='ocrx_word' id='word_1_475' title='bbox 1433 3689 1534 3760; x_wconf 83' lang='grc' dir='ltr'><strong>μὲν</strong></span> <span class='ocrx_word' id='word_1_476' title='bbox 1566 3689 1673 3759; x_wconf 84' lang='grc' dir='ltr'>γὰρ</span> 
     </span>
    </p>
   </div>
   <div class='ocr_carea' id='block_1_70' title="bbox 102 3778 1676 3864">
    <p class='ocr_par' dir='ltr' id='par_1_70' title="bbox 102 3778 1676 3864">
     <span class='ocr_line' id='line_1_71' title="bbox 102 3778 1676 3864; baseline -0.008 -18"><span class='ocrx_word' id='word_1_477' title='bbox 102 3792 461 3864; x_wconf 81' lang='grc' dir='ltr'>ἁπλούστερον</span> <span class='ocrx_word' id='word_1_478' title='bbox 485 3792 583 3845; x_wconf 77' lang='grc' dir='ltr'><strong>καὶ</strong></span> <span class='ocrx_word' id='word_1_479' title='bbox 630 3788 1100 3859; x_wconf 77' lang='grc' dir='ltr'>ἐπιπολαιότερον,</span> <span class='ocrx_word' id='word_1_480' title='bbox 1130 3786 1220 3840; x_wconf 78' lang='grc' dir='ltr'>ἵνα</span> <span class='ocrx_word' id='word_1_481' title='bbox 1249 3784 1325 3856; x_wconf 80' lang='grc' dir='ltr'>μὴ</span> <span class='ocrx_word' id='word_1_482' title='bbox 1369 3778 1676 3854; x_wconf 58' lang='grc' dir='ltr'>ἀμαθέστετ</span> 
     </span>
    </p>
   </div>
   <div class='ocr_carea' id='block_1_71' title="bbox 104 3874 1675 3959">
    <p class='ocr_par' dir='ltr' id='par_1_71' title="bbox 104 3874 1675 3959">
     <span class='ocr_line' id='line_1_72' title="bbox 104 3874 1675 3959; baseline -0.01 -18"><span class='ocrx_word' id='word_1_483' title='bbox 104 3905 186 3959; x_wconf 87' lang='grc' dir='ltr'><strong>ρον</strong></span> <span class='ocrx_word' id='word_1_484' title='bbox 218 3888 375 3953; x_wconf 78' lang='grc' dir='ltr'>εἴπω,</span> <span class='ocrx_word' id='word_1_485' title='bbox 404 3889 479 3958; x_wconf 78' lang='grc' dir='ltr'>τῇ</span> <span class='ocrx_word' id='word_1_486' title='bbox 527 3884 773 3955; x_wconf 68' lang='grc' dir='ltr'>διαφόρῳ</span> <span class='ocrx_word' id='word_1_487' title='bbox 804 3882 997 3954; x_wconf 80' lang='grc' dir='ltr'>κλήσει</span> <span class='ocrx_word' id='word_1_488' title='bbox 1044 3880 1152 3936; x_wconf 82' lang='grc' dir='ltr'><strong>τῶν</strong></span> <span class='ocrx_word' id='word_1_489' title='bbox 1195 3874 1675 3948; x_wconf 71' lang='grc' dir='ltr'>ἁναγραψαμένων</span> 
     </span>
    </p>
   </div>
   <div class='ocr_carea' id='block_1_72' title="bbox 100 3960 1673 4056">
    <p class='ocr_par' dir='ltr' id='par_1_72' title="bbox 100 3960 1673 4056">
     <span class='ocr_line' id='line_1_73' title="bbox 100 3960 1673 4056; baseline -0.007 -24"><span class='ocrx_word' id='word_1_490' title='bbox 100 3980 188 4050; x_wconf 85' lang='grc' dir='ltr'>τὴν</span> <span class='ocrx_word' id='word_1_491' title='bbox 214 3980 475 4056; x_wconf 36' lang='grc' dir='ltr'>ἱστορίαν,</span> <span class='ocrx_word' id='word_1_492' title='bbox 503 3978 711 4048; x_wconf 84' lang='grc' dir='ltr'>ταύτην</span> <span class='ocrx_word' id='word_1_493' title='bbox 755 3977 852 4030; x_wconf 63' lang='grc' dir='ltr'><strong>καὶ⁸</strong></span> <span class='ocrx_word' id='word_1_494' title='bbox 881 3975 951 4029; x_wconf 82' lang='grc' dir='ltr'><strong>τὰ</strong></span> <span class='ocrx_word' id='word_1_495' title='bbox 986 3960 1094 4027; x_wconf 78' lang='grc' dir='ltr'>τῶν</span> <span class='ocrx_word' id='word_1_496' title='bbox 1121 3970 1402 4041; x_wconf 82' lang='grc' dir='ltr'>γυναικῶν</span> <span class='ocrx_word' id='word_1_497' title='bbox 1434 3969 1673 4023; x_wconf 87' lang='grc' dir='ltr'>συνδιαι-</span> 
     </span>
    </p>
   </div>
   <div class='ocr_carea' id='block_1_73' title="bbox 106 4055 1674 4142">
    <p class='ocr_par' dir='ltr' id='par_1_73' title="bbox 106 4055 1674 4142">
     <span class='ocr_line' id='line_1_74' title="bbox 106 4055 1674 4142; baseline -0.008 -17"><span class='ocrx_word' id='word_1_498' title='bbox 106 4072 245 4140; x_wconf 82' lang='grc' dir='ltr'>ροῦσι</span> <span class='ocrx_word' id='word_1_499' title='bbox 286 4055 579 4142; x_wconf 80' lang='grc' dir='ltr'>πρόσωπα.</span> <span class='ocrx_word' id='word_1_500' title='bbox 628 4069 740 4123; x_wconf 78' lang='grc' dir='ltr'><strong>Καὶ</strong></span> <span class='ocrx_word' id='word_1_501' title='bbox 778 4067 1049 4137; x_wconf 91' lang='grc' dir='ltr'>τέσσαρας</span> <span class='ocrx_word' id='word_1_502' title='bbox 1094 4062 1299 4125; x_wconf 88' lang='grc' dir='ltr'>ταύτας</span> <span class='ocrx_word' id='word_1_503' title='bbox 1337 4055 1478 4115; x_wconf 77' lang='grc' dir='ltr'>εἷναί</span> <span class='ocrx_word' id='word_1_504' title='bbox 1518 4076 1674 4130; x_wconf 86' lang='grc' dir='ltr'>φασι,</span> 
     </span>
    </p>
   </div>
   <div class='ocr_carea' id='block_1_74' title="bbox 105 4159 1685 4239">
    <p class='ocr_par' dir='ltr' id='par_1_74' title="bbox 105 4159 1685 4239">
     <span class='ocr_line' id='line_1_75' title="bbox 105 4159 1685 4239; baseline -0.008 -18"><span class='ocrx_word' id='word_1_505' title='bbox 105 4168 228 4239; x_wconf 77' lang='grc' dir='ltr'>πρὸς</span> <span class='ocrx_word' id='word_1_506' title='bbox 254 4169 423 4235; x_wconf 82' lang='grc' dir='ltr'>οὐδὲν,</span> <span class='ocrx_word' id='word_1_507' title='bbox 441 4162 622 4238; x_wconf 79' lang='grc' dir='ltr'>οἶμαι,</span> <span class='ocrx_word' id='word_1_508' title='bbox 655 4163 956 4235; x_wconf 80' lang='grc' dir='ltr'>βαθύτερον</span> <span class='ocrx_word' id='word_1_509' title='bbox 977 4159 1237 4230; x_wconf 84' lang='grc' dir='ltr'>λογισμὸν</span> <span class='ocrx_word' id='word_1_510' title='bbox 1256 4159 1685 4233; x_wconf 74' lang='grc' dir='ltr'>ἐπιστήσαντες,</span> 
     </span>
    </p>
   </div>
   <div class='ocr_carea' id='block_1_75' title="bbox 102 4248 1671 4330">
    <p class='ocr_par' dir='ltr' id='par_1_75' title="bbox 102 4248 1671 4330">
     <span class='ocr_line' id='line_1_76' title="bbox 102 4248 1671 4330; baseline -0.01 -17"><span class='ocrx_word' id='word_1_511' title='bbox 102 4259 133 4329; x_wconf 82' lang='grc' dir='ltr'>ἦ</span> <span class='ocrx_word' id='word_1_512' title='bbox 160 4260 287 4330; x_wconf 80' lang='grc' dir='ltr'>πρὸς</span> <span class='ocrx_word' id='word_1_513' title='bbox 330 4259 501 4330; x_wconf 81' lang='grc' dir='ltr'>μόνην</span> <span class='ocrx_word' id='word_1_514' title='bbox 544 4256 645 4328; x_wconf 82' lang='grc' dir='ltr'>τὴν</span> <span class='ocrx_word' id='word_1_515' title='bbox 675 4256 782 4309; x_wconf 83' lang='grc' dir='ltr'>τῶν</span> <span class='ocrx_word' id='word_1_516' title='bbox 818 4250 1347 4323; x_wconf 77' lang='grc' dir='ltr'>εὐαγγελισαμένων</span> <span class='ocrx_word' id='word_1_517' title='bbox 1376 4248 1671 4317; x_wconf 86' lang='grc' dir='ltr'>ποσότητα.</span> 
     </span>
    </p>
   </div>
   <div class='ocr_carea' id='block_1_76' title="bbox 104 4337 1675 4419">
    <p class='ocr_par' dir='ltr' id='par_1_76' title="bbox 104 4337 1675 4419">
     <span class='ocr_line' id='line_1_77' title="bbox 104 4337 1675 4419; baseline -0.01 -16"><span class='ocrx_word' id='word_1_518' title='bbox 104 4350 219 4414; x_wconf 84' lang='grc' dir='ltr'>Τοῖς</span> <span class='ocrx_word' id='word_1_519' title='bbox 261 4351 313 4404; x_wconf 78' lang='grc' dir='ltr'>δὲ</span> <span class='ocrx_word' id='word_1_520' title='bbox 338 4353 419 4415; x_wconf 83' lang='grc' dir='ltr'>εἰς</span> <span class='ocrx_word' id='word_1_521' title='bbox 445 4348 541 4404; x_wconf 85' lang='grc' dir='ltr'><strong>δύο</strong></span> <span class='ocrx_word' id='word_1_522' title='bbox 591 4346 928 4419; x_wconf 89' lang='grc' dir='ltr'>περιεστάλη</span> <span class='ocrx_word' id='word_1_523' title='bbox 976 4345 1045 4396; x_wconf 80' lang='grc' dir='ltr'><strong>τά</strong></span> <span class='ocrx_word' id='word_1_524' title='bbox 1094 4342 1398 4413; x_wconf 84' lang='grc' dir='ltr'>πρόσωπα·</span> <span class='ocrx_word' id='word_1_525' title='bbox 1447 4339 1543 4391; x_wconf 74' lang='grc' dir='ltr'><strong>καὶ</strong></span> <span class='ocrx_word' id='word_1_526' title='bbox 1577 4337 1675 4407; x_wconf 79' lang='grc' dir='ltr'>τὴν</span> 
     </span>
    </p>
   </div>
   <div class='ocr_carea' id='block_1_77' title="bbox 108 4426 1674 4514">
    <p class='ocr_par' dir='ltr' id='par_1_77' title="bbox 108 4426 1674 4514">
     <span class='ocr_line' id='line_1_78' title="bbox 108 4426 1674 4514; baseline -0.01 -21"><span class='ocrx_word' id='word_1_527' title='bbox 108 4442 199 4510; x_wconf 80' lang='grc' dir='ltr'><strong>μέν</strong></span> <span class='ocrx_word' id='word_1_528' title='bbox 228 4459 363 4514; x_wconf 76' lang='grc' dir='ltr'>φασι</span> <span class='ocrx_word' id='word_1_529' title='bbox 395 4440 604 4510; x_wconf 83' lang='grc' dir='ltr'>σεμνὴν</span> <span class='ocrx_word' id='word_1_530' title='bbox 632 4434 893 4491; x_wconf 74' lang='grc' dir='ltr'>εἶναικαὶ</span> <span class='ocrx_word' id='word_1_531' title='bbox 920 4433 1172 4504; x_wconf 81' lang='grc' dir='ltr'>σώφρονα</span> <span class='ocrx_word' id='word_1_532' title='bbox 1200 4429 1295 4483; x_wconf 79' lang='grc' dir='ltr'><strong>καὶ</strong></span> <span class='ocrx_word' id='word_1_533' title='bbox 1323 4426 1561 4498; x_wconf 83' lang='grc' dir='ltr'>ἀδελφὴν</span> <span class='ocrx_word' id='word_1_534' title='bbox 1579 4426 1674 4478; x_wconf 80' lang='grc' dir='ltr'>τοῦ</span> 
     </span>
    </p>
   </div>
   <div class='ocr_carea' id='block_1_78' title="bbox 107 4516 1678 4603">
    <p class='ocr_par' dir='ltr' id='par_1_78' title="bbox 107 4516 1678 4603">
     <span class='ocr_line' id='line_1_79' title="bbox 107 4516 1678 4603; baseline -0.011 -18"><span class='ocrx_word' id='word_1_535' title='bbox 107 4530 345 4603; x_wconf 76' lang='grc' dir='ltr'>Λαζάρου</span> <span class='ocrx_word' id='word_1_536' title='bbox 371 4533 467 4585; x_wconf 71' lang='grc' dir='ltr'><strong>καὶ</strong></span> <span class='ocrx_word' id='word_1_537' title='bbox 496 4530 598 4600; x_wconf 75' lang='grc' dir='ltr'>τῆς</span> <span class='ocrx_word' id='word_1_538' title='bbox 628 4528 863 4600; x_wconf 80' lang='grc' dir='ltr'>Μάρθας</span> <span class='ocrx_word' id='word_1_539' title='bbox 882 4541 896 4554; x_wconf 78' lang='grc'><strong><em>⁸</em></strong></span> <span class='ocrx_word' id='word_1_540' title='bbox 925 4524 1026 4596; x_wconf 76' lang='grc' dir='ltr'>τὴν</span> <span class='ocrx_word' id='word_1_541' title='bbox 1051 4522 1110 4576; x_wconf 78' lang='grc' dir='ltr'>δὲ</span> <span class='ocrx_word' id='word_1_542' title='bbox 1136 4519 1395 4590; x_wconf 78' lang='grc' dir='ltr'>διαφόρου</span> <span class='ocrx_word' id='word_1_543' title='bbox 1424 4516 1524 4589; x_wconf 86' lang='grc' dir='ltr'>μὲν</span> <span class='ocrx_word' id='word_1_544' title='bbox 1552 4516 1678 4570; x_wconf 80' lang='grc' dir='ltr'>ἀνα-</span> 
     </span>
    </p>
   </div>
   <div class='ocr_carea' id='block_1_79' title="bbox 108 4606 1674 4693">
    <p class='ocr_par' dir='ltr' id='par_1_79' title="bbox 108 4606 1674 4693">
     <span class='ocr_line' id='line_1_80' title="bbox 108 4606 1674 4693; baseline -0.013 -16"><span class='ocrx_word' id='word_1_545' title='bbox 108 4624 309 4693; x_wconf 79' lang='grc' dir='ltr'>γραφῆς</span> <span class='ocrx_word' id='word_1_546' title='bbox 338 4624 548 4692; x_wconf 86' lang='grc' dir='ltr'>τυχεῖν,</span> <span class='ocrx_word' id='word_1_547' title='bbox 579 4619 708 4689; x_wconf 89' lang='grc' dir='ltr'>μίαν</span> <span class='ocrx_word' id='word_1_548' title='bbox 741 4617 800 4669; x_wconf 81' lang='grc' dir='ltr'><strong>δὲ</strong></span> <span class='ocrx_word' id='word_1_549' title='bbox 830 4612 970 4668; x_wconf 69' lang='grc' dir='ltr'>εἶναι</span> <span class='ocrx_word' id='word_1_550' title='bbox 1005 4612 1099 4670; x_wconf 73' lang='grc' dir='ltr'><strong>καὶ</strong></span> <span class='ocrx_word' id='word_1_551' title='bbox 1118 4610 1331 4680; x_wconf 77' lang='grc' dir='ltr'>ταύτην</span> <span class='ocrx_word' id='word_1_552' title='bbox 1353 4606 1415 4673; x_wconf 80' lang='grc' dir='ltr'><strong>ἐξ</strong></span> <span class='ocrx_word' id='word_1_553' title='bbox 1437 4607 1674 4676; x_wconf 84' lang='grc' dir='ltr'>ἁσέμνου</span> 
     </span>
    </p>
   </div>
   <div class='ocr_carea' id='block_1_80' title="bbox 109 4698 1677 4783">
    <p class='ocr_par' dir='ltr' id='par_1_80' title="bbox 109 4698 1677 4783">
     <span class='ocr_line' id='line_1_81' title="bbox 109 4698 1677 4783; baseline -0.011 -17"><span class='ocrx_word' id='word_1_554' title='bbox 109 4714 195 4766; x_wconf 73' lang='grc' dir='ltr'><strong>καὶ</strong></span> <span class='ocrx_word' id='word_1_555' title='bbox 222 4713 507 4783; x_wconf 81' lang='grc' dir='ltr'><strong>πανδήμου¹</strong></span> <span class='ocrx_word' id='word_1_556' title='bbox 537 4710 654 4782; x_wconf 77' lang='grc' dir='ltr'>βίον</span> <span class='ocrx_word' id='word_1_557' title='bbox 687 4706 1054 4780; x_wconf 78' lang='grc' dir='ltr'>παρθενικοὺς</span> <span class='ocrx_word' id='word_1_558' title='bbox 1084 4702 1306 4772; x_wconf 83' lang='grc' dir='ltr'>ἀγῶνας</span> <span class='ocrx_word' id='word_1_559' title='bbox 1341 4700 1402 4766; x_wconf 78' lang='grc' dir='ltr'><strong>ἐξ</strong></span> <span class='ocrx_word' id='word_1_560' title='bbox 1439 4698 1677 4769; x_wconf 79' lang='grc' dir='ltr'>ἀκαθαρο</span> 
     </span>
    </p>
   </div>
   <div class='ocr_carea' id='block_1_81' title="bbox 111 4792 1677 4877">
    <p class='ocr_par' dir='ltr' id='par_1_81' title="bbox 111 4792 1677 4877">
     <span class='ocr_line' id='line_1_82' title="bbox 111 4792 1677 4877; baseline -0.008 -20"><span class='ocrx_word' id='word_1_561' title='bbox 111 4807 220 4869; x_wconf 82' lang='grc' dir='ltr'>σίας</span> <span class='ocrx_word' id='word_1_562' title='bbox 253 4804 620 4877; x_wconf 77' lang='grc' dir='ltr'>μετελθοῦσαν</span> <span class='ocrx_word' id='word_1_563' title='bbox 639 4816 652 4829; x_wconf 79' lang='grc'><strong>⁸</strong></span> <span class='ocrx_word' id='word_1_564' title='bbox 684 4801 829 4871; x_wconf 73' lang='grc' dir='ltr'>περὶ,</span> <span class='ocrx_word' id='word_1_565' title='bbox 856 4798 1060 4869; x_wconf 83' lang='grc' dir='ltr'>ταύτης</span> <span class='ocrx_word' id='word_1_566' title='bbox 1094 4797 1151 4849; x_wconf 84' lang='grc' dir='ltr'>δὲ</span> <span class='ocrx_word' id='word_1_567' title='bbox 1190 4796 1285 4877; x_wconf 82' lang='grc' dir='ltr'><strong>τόν</strong></span> <span class='ocrx_word' id='word_1_568' title='bbox 1308 4810 1368 4846; x_wconf 87' lang='grc' dir='ltr'><strong>τε</strong></span> <span class='ocrx_word' id='word_1_569' title='bbox 1396 4792 1677 4847; x_wconf 80' lang='grc' dir='ltr'>Ματθαῐον</span> 
     </span>
    </p>
   </div>
   <div class='ocr_carea' id='block_1_82' title="bbox 109 4871 1678 4970">
    <p class='ocr_par' dir='ltr' id='par_1_82' title="bbox 109 4883 1678 4970">
     <span class='ocr_line' id='line_1_83' title="bbox 109 4883 1678 4970; baseline -0.011 -18"><span class='ocrx_word' id='word_1_570' title='bbox 109 4900 195 4952; x_wconf 86' lang='grc' dir='ltr'><strong>καί</strong></span> <span class='ocrx_word' id='word_1_571' title='bbox 221 4897 464 4970; x_wconf 84' lang='grc' dir='ltr'>Μάρκον,</span> <span class='ocrx_word' id='word_1_572' title='bbox 490 4896 626 4951; x_wconf 79' lang='grc' dir='ltr'>ἀλλὰ</span> <span class='ocrx_word' id='word_1_573' title='bbox 651 4894 747 4949; x_wconf 68' lang='grc' dir='ltr'>καὶ</span> <span class='ocrx_word' id='word_1_574' title='bbox 780 4893 871 4946; x_wconf 83' lang='grc' dir='ltr'><strong>τὸν</strong></span> <span class='ocrx_word' id='word_1_575' title='bbox 899 4890 1114 4946; x_wconf 84' lang='grc' dir='ltr'>Λουκᾶν</span> <span class='ocrx_word' id='word_1_576' title='bbox 1141 4886 1434 4942; x_wconf 82' lang='grc' dir='ltr'>διαλαϐεῖν·</span> <span class='ocrx_word' id='word_1_577' title='bbox 1460 4885 1553 4938; x_wconf 73' lang='grc' dir='ltr'><strong>καὶ</strong></span> <span class='ocrx_word' id='word_1_578' title='bbox 1576 4883 1678 4961; x_wconf 79' lang='grc' dir='ltr'>τὴν</span> 
     </span>
    </p>
   </div>
   <div class='ocr_carea' id='block_1_83' title="bbox 1781 3678 3367 3756">
    <p class='ocr_par' dir='ltr' id='par_1_83' title="bbox 1781 3678 3367 3756">
     <span class='ocr_line' id='line_1_84' title="bbox 1781 3678 3367 3756; baseline -0.004 -18"><span class='ocrx_word' id='word_1_579' title='bbox 1781 3682 1923 3756; x_wconf 84' lang='lat' dir='ltr'><strong>apud</strong></span> <span class='ocrx_word' id='word_1_580' title='bbox 1942 3698 2039 3740; x_wconf 88' lang='lat' dir='ltr'><strong>eos</strong></span> <span class='ocrx_word' id='word_1_581' title='bbox 2058 3682 2151 3754; x_wconf 91' lang='lat' dir='ltr'><strong>qui</strong></span> <span class='ocrx_word' id='word_1_582' title='bbox 2186 3682 2302 3736; x_wconf 71' lang='lat' dir='ltr'><strong>haec</strong></span> <span class='ocrx_word' id='word_1_583' title='bbox 2326 3679 2605 3751; x_wconf 88' lang='lat' dir='ltr'><strong>inquirere</strong></span> <span class='ocrx_word' id='word_1_584' title='bbox 2634 3679 2994 3735; x_wconf 90' lang='lat' dir='ltr'><strong>studuerunt.</strong></span> <span class='ocrx_word' id='word_1_585' title='bbox 3017 3678 3121 3733; x_wconf 85' lang='lat' dir='ltr'><strong>Alii</strong></span> <span class='ocrx_word' id='word_1_586' title='bbox 3144 3679 3367 3750; x_wconf 85' lang='lat' dir='ltr'><strong>quidem</strong></span> 
     </span>
    </p>
   </div>
   <div class='ocr_carea' id='block_1_84' title="bbox 1782 3762 3368 3847">
    <p class='ocr_par' dir='ltr' id='par_1_84' title="bbox 1782 3762 3368 3847">
     <span class='ocr_line' id='line_1_85' title="bbox 1782 3762 3368 3847; baseline -0.005 -16"><span class='ocrx_word' id='word_1_587' title='bbox 1782 3775 2117 3847; x_wconf 83' lang='lat' dir='ltr'><strong>indigentius</strong></span> <span class='ocrx_word' id='word_1_588' title='bbox 2162 3782 2218 3829; x_wconf 89' lang='lat' dir='ltr'><strong>et</strong></span> <span class='ocrx_word' id='word_1_589' title='bbox 2257 3772 2561 3843; x_wconf 77' lang='lat' dir='ltr'><strong>vulgarius,</strong></span> <span class='ocrx_word' id='word_1_590' title='bbox 2593 3762 2663 3826; x_wconf 91' lang='lat' dir='ltr'><strong>ne</strong></span> <span class='ocrx_word' id='word_1_591' title='bbox 2685 3771 2867 3826; x_wconf 86' lang='lat' dir='ltr'><strong>dicam</strong></span> <span class='ocrx_word' id='word_1_592' title='bbox 2907 3770 3209 3835; x_wconf 89' lang='lat' dir='ltr'><strong>indoctius,</strong></span> <span class='ocrx_word' id='word_1_593' title='bbox 3258 3784 3368 3825; x_wconf 91' lang='lat' dir='ltr'><strong>non</strong></span> 
     </span>
    </p>
   </div>
   <div class='ocr_carea' id='block_1_85' title="bbox 1781 3861 3369 3935">
    <p class='ocr_par' dir='ltr' id='par_1_85' title="bbox 1781 3861 3369 3935">
     <span class='ocr_line' id='line_1_86' title="bbox 1781 3861 3369 3935; baseline -0.007 -12"><span class='ocrx_word' id='word_1_594' title='bbox 1781 3869 1970 3923; x_wconf 86' lang='lat' dir='ltr'><strong>eadem</strong></span> <span class='ocrx_word' id='word_1_595' title='bbox 2002 3876 2219 3921; x_wconf 77' lang='lat' dir='ltr'><strong>utentes</strong></span> <span class='ocrx_word' id='word_1_596' title='bbox 2248 3861 2615 3935; x_wconf 82' lang='lat' dir='ltr'><strong>appellatione</strong></span> <span class='ocrx_word' id='word_1_597' title='bbox 2644 3878 2711 3918; x_wconf 91' lang='lat' dir='ltr'><strong>ac</strong></span> <span class='ocrx_word' id='word_1_598' title='bbox 2758 3862 2855 3933; x_wconf 93' lang='lat' dir='ltr'><strong>qui</strong></span> <span class='ocrx_word' id='word_1_599' title='bbox 2902 3861 3045 3916; x_wconf 79' lang='lat' dir='ltr'><strong>lianc</strong></span> <span class='ocrx_word' id='word_1_600' title='bbox 3079 3861 3369 3917; x_wconf 84' lang='lat' dir='ltr'><strong>historiam</strong></span> 
     </span>
    </p>
   </div>
   <div class='ocr_carea' id='block_1_86' title="bbox 1780 3951 3372 4031">
    <p class='ocr_par' dir='ltr' id='par_1_86' title="bbox 1780 3951 3372 4031">
     <span class='ocr_line' id='line_1_87' title="bbox 1780 3951 3372 4031; baseline -0.005 -16"><span class='ocrx_word' id='word_1_601' title='bbox 1780 3960 2129 4031; x_wconf 87' lang='lat' dir='ltr'><strong>scripserunt</strong></span> <span class='ocrx_word' id='word_1_602' title='bbox 2183 3966 2239 4011; x_wconf 91' lang='lat' dir='ltr'><strong>et</strong></span> <span class='ocrx_word' id='word_1_603' title='bbox 2292 3957 2587 4011; x_wconf 87' lang='lat' dir='ltr'><strong>mulierum</strong></span> <span class='ocrx_word' id='word_1_604' title='bbox 2638 3969 2907 4025; x_wconf 87' lang='lat' dir='ltr'><strong>personas</strong></span> <span class='ocrx_word' id='word_1_605' title='bbox 2954 3953 3224 4010; x_wconf 85' lang='lat' dir='ltr'><strong>dividunt.</strong></span> <span class='ocrx_word' id='word_1_606' title='bbox 3304 3951 3372 4007; x_wconf 86' lang='lat' dir='ltr'><strong>Et</strong></span> 
     </span>
    </p>
   </div>
   <div class='ocr_carea' id='block_1_87' title="bbox 1781 4044 3368 4119">
    <p class='ocr_par' dir='ltr' id='par_1_87' title="bbox 1781 4044 3368 4119">
     <span class='ocr_line' id='line_1_88' title="bbox 1781 4044 3368 4119; baseline -0.003 -15"><span class='ocrx_word' id='word_1_607' title='bbox 1781 4050 1975 4106; x_wconf 89' lang='lat' dir='ltr'><strong>dicunt</strong></span> <span class='ocrx_word' id='word_1_608' title='bbox 2022 4063 2118 4104; x_wconf 85' lang='lat' dir='ltr'><strong>eas</strong></span> <span class='ocrx_word' id='word_1_609' title='bbox 2167 4061 2290 4119; x_wconf 86' lang='lat' dir='ltr'><strong>esse</strong></span> <span class='ocrx_word' id='word_1_610' title='bbox 2346 4061 2577 4101; x_wconf 88' lang='lat' dir='ltr'><strong>numero</strong></span> <span class='ocrx_word' id='word_1_611' title='bbox 2622 4054 2896 4115; x_wconf 88' lang='lat' dir='ltr'><strong>quatuor,</strong></span> <span class='ocrx_word' id='word_1_612' title='bbox 2948 4044 3127 4117; x_wconf 79' lang='lat' dir='ltr'><strong>nullo,</strong></span> <span class='ocrx_word' id='word_1_613' title='bbox 3177 4044 3368 4105; x_wconf 90' lang='lat' dir='ltr'><strong>credo.</strong></span> 
     </span>
    </p>
   </div>
   <div class='ocr_carea' id='block_1_88' title="bbox 1782 4134 3370 4209">
    <p class='ocr_par' dir='ltr' id='par_1_88' title="bbox 1782 4134 3370 4209">
     <span class='ocr_line' id='line_1_89' title="bbox 1782 4134 3370 4209; baseline -0.003 -16"><span class='ocrx_word' id='word_1_614' title='bbox 1782 4139 1977 4194; x_wconf 89' lang='lat' dir='ltr'><strong>altiore</strong></span> <span class='ocrx_word' id='word_1_615' title='bbox 2000 4147 2329 4209; x_wconf 88' lang='lat' dir='ltr'><strong>argumento</strong></span> <span class='ocrx_word' id='word_1_616' title='bbox 2359 4137 2595 4191; x_wconf 85' lang='lat' dir='ltr'><strong>nitentes</strong></span> <span class='ocrx_word' id='word_1_617' title='bbox 2621 4134 2728 4191; x_wconf 90' lang='lat' dir='ltr'><strong>nisi</strong></span> <span class='ocrx_word' id='word_1_618' title='bbox 2765 4138 2881 4190; x_wconf 90' lang='lat' dir='ltr'><strong>sola</strong></span> <span class='ocrx_word' id='word_1_619' title='bbox 2909 4134 3370 4205; x_wconf 85' lang='lat' dir='ltr'><strong>evangelistarum</strong></span> 
     </span>
    </p>
   </div>
   <div class='ocr_carea' id='block_1_89' title="bbox 1782 4228 3373 4303">
    <p class='ocr_par' dir='ltr' id='par_1_89' title="bbox 1782 4228 3373 4303">
     <span class='ocr_line' id='line_1_90' title="bbox 1782 4228 3373 4303; baseline -0.003 -16"><span class='ocrx_word' id='word_1_620' title='bbox 1782 4232 2106 4303; x_wconf 88' lang='lat' dir='ltr'><strong>quantitate.</strong></span> <span class='ocrx_word' id='word_1_621' title='bbox 2155 4230 2262 4285; x_wconf 87' lang='lat' dir='ltr'><strong>Alii</strong></span> <span class='ocrx_word' id='word_1_622' title='bbox 2294 4229 2363 4285; x_wconf 90' lang='lat' dir='ltr'><strong>ad</strong></span> <span class='ocrx_word' id='word_1_623' title='bbox 2391 4230 2530 4286; x_wconf 88' lang='lat' dir='ltr'><strong>duas</strong></span> <span class='ocrx_word' id='word_1_624' title='bbox 2558 4242 2821 4299; x_wconf 85' lang='lat' dir='ltr'><strong>personas</strong></span> <span class='ocrx_word' id='word_1_625' title='bbox 2856 4235 3174 4295; x_wconf 83' lang='lat' dir='ltr'><strong>coarctant;</strong></span> <span class='ocrx_word' id='word_1_626' title='bbox 3204 4237 3263 4283; x_wconf 94' lang='lat' dir='ltr'><strong>et</strong></span> <span class='ocrx_word' id='word_1_627' title='bbox 3290 4228 3373 4303; x_wconf 88' lang='lat' dir='ltr'><strong>al-</strong></span> 
     </span>
    </p>
   </div>
   <div class='ocr_carea' id='block_1_90' title="bbox 1785 4320 3374 4392">
    <p class='ocr_par' dir='ltr' id='par_1_90' title="bbox 1785 4320 3374 4392">
     <span class='ocr_line' id='line_1_91' title="bbox 1785 4320 3374 4392; baseline -0.003 -12"><span class='ocrx_word' id='word_1_628' title='bbox 1785 4335 1957 4380; x_wconf 89' lang='lat' dir='ltr'><strong>teram</strong></span> <span class='ocrx_word' id='word_1_629' title='bbox 2021 4323 2381 4379; x_wconf 78' lang='lat' dir='ltr'><strong>veneratione</strong></span> <span class='ocrx_word' id='word_1_630' title='bbox 2441 4323 2660 4392; x_wconf 86' lang='lat' dir='ltr'><strong>dignam</strong></span> <span class='ocrx_word' id='word_1_631' title='bbox 2710 4337 2832 4375; x_wconf 88' lang='lat' dir='ltr'><strong>esse</strong></span> <span class='ocrx_word' id='word_1_632' title='bbox 2880 4329 2936 4375; x_wconf 85' lang='lat' dir='ltr'><strong>ct</strong></span> <span class='ocrx_word' id='word_1_633' title='bbox 2994 4320 3296 4389; x_wconf 85' lang='lat' dir='ltr'><strong>sapientem</strong></span> <span class='ocrx_word' id='word_1_634' title='bbox 3317 4331 3374 4376; x_wconf 84' lang='lat' dir='ltr'><strong>et</strong></span> 
     </span>
    </p>
   </div>
   <div class='ocr_carea' id='block_1_91' title="bbox 1786 4413 3377 4481">
    <p class='ocr_par' dir='ltr' id='par_1_91' title="bbox 1786 4413 3377 4481">
     <span class='ocr_line' id='line_1_92' title="bbox 1786 4413 3377 4481; baseline -0.004 -9"><span class='ocrx_word' id='word_1_635' title='bbox 1786 4419 1977 4472; x_wconf 81' lang='lat' dir='ltr'><strong>Lazari</strong></span> <span class='ocrx_word' id='word_1_636' title='bbox 2015 4426 2071 4472; x_wconf 81' lang='lat' dir='ltr'><strong>et</strong></span> <span class='ocrx_word' id='word_1_637' title='bbox 2095 4415 2320 4471; x_wconf 58' lang='lat' dir='ltr'><strong>Marthae</strong></span> <span class='ocrx_word' id='word_1_638' title='bbox 2353 4430 2632 4481; x_wconf 87' lang='lat' dir='ltr'><strong>sororem;</strong></span> <span class='ocrx_word' id='word_1_639' title='bbox 2689 4414 3151 4467; x_wconf 82' lang='lat' dir='ltr'><strong>alteram-autem</strong></span> <span class='ocrx_word' id='word_1_640' title='bbox 3208 4413 3377 4467; x_wconf 74' lang='lat' dir='ltr'><strong>dissi-</strong></span> 
     </span>
    </p>
   </div>
   <div class='ocr_carea' id='block_1_92' title="bbox 1785 4506 3375 4578">
    <p class='ocr_par' dir='ltr' id='par_1_92' title="bbox 1785 4506 3375 4578">
     <span class='ocr_line' id='line_1_93' title="bbox 1785 4506 3375 4578; baseline -0.003 -14"><span class='ocrx_word' id='word_1_641' title='bbox 1785 4510 1966 4564; x_wconf 91' lang='lat' dir='ltr'><strong>milem</strong></span> <span class='ocrx_word' id='word_1_642' title='bbox 2020 4506 2449 4578; x_wconf 80' lang='lat' dir='ltr'><strong>descriptionem</strong></span> <span class='ocrx_word' id='word_1_643' title='bbox 2508 4506 2717 4571; x_wconf 89' lang='lat' dir='ltr'><strong>sortiri,</strong></span> <span class='ocrx_word' id='word_1_644' title='bbox 2766 4520 2932 4560; x_wconf 86' lang='lat' dir='ltr'><strong>unam</strong></span> <span class='ocrx_word' id='word_1_645' title='bbox 2956 4514 3138 4558; x_wconf 85' lang='lat' dir='ltr'><strong>tamen</strong></span> <span class='ocrx_word' id='word_1_646' title='bbox 3161 4520 3283 4559; x_wconf 88' lang='lat' dir='ltr'><strong>esse</strong></span> <span class='ocrx_word' id='word_1_647' title='bbox 3316 4514 3375 4559; x_wconf 85' lang='lat' dir='ltr'><strong>et</strong></span> 
     </span>
    </p>
   </div>
   <div class='ocr_carea' id='block_1_93' title="bbox 1782 4588 3373 4669">
    <p class='ocr_par' dir='ltr' id='par_1_93' title="bbox 1782 4588 3373 4669">
     <span class='ocr_line' id='line_1_94' title="bbox 1782 4588 3373 4669; baseline -0.005 -13"><span class='ocrx_word' id='word_1_648' title='bbox 1782 4616 1904 4657; x_wconf 90' lang='lat' dir='ltr'><strong>eam</strong></span> <span class='ocrx_word' id='word_1_649' title='bbox 1936 4615 2003 4655; x_wconf 78' lang='lat' dir='ltr'><strong>ex</strong></span> <span class='ocrx_word' id='word_1_650' title='bbox 2028 4599 2299 4669; x_wconf 86' lang='lat' dir='ltr'><strong>probrosa</strong></span> <span class='ocrx_word' id='word_1_651' title='bbox 2323 4605 2377 4651; x_wconf 87' lang='lat' dir='ltr'><strong>et</strong></span> <span class='ocrx_word' id='word_1_652' title='bbox 2394 4588 2742 4667; x_wconf 35' lang='lat' dir='ltr'><strong>plebeia‘vita</strong></span> <span class='ocrx_word' id='word_1_653' title='bbox 2773 4595 3016 4665; x_wconf 86' lang='lat' dir='ltr'><strong>virginea</strong></span> <span class='ocrx_word' id='word_1_654' title='bbox 3072 4593 3373 4648; x_wconf 82' lang='lat' dir='ltr'><strong>certamina</strong></span> 
     </span>
    </p>
   </div>
   <div class='ocr_carea' id='block_1_94' title="bbox 1784 4682 3437 4764">
    <p class='ocr_par' dir='ltr' id='par_1_94' title="bbox 1784 4682 3437 4764">
     <span class='ocr_line' id='line_1_95' title="bbox 1784 4682 3437 4764; baseline -0.008 -13"><span class='ocrx_word' id='word_1_655' title='bbox 1784 4706 1905 4764; x_wconf 89' lang='lat' dir='ltr'><strong>post</strong></span> <span class='ocrx_word' id='word_1_656' title='bbox 1933 4694 2204 4749; x_wconf 78' lang='lat' dir='ltr'><strong>luxuriam</strong></span> <span class='ocrx_word' id='word_1_657' title='bbox 2237 4691 2490 4757; x_wconf 85' lang='lat' dir='ltr'><strong>inivisse;</strong></span> <span class='ocrx_word' id='word_1_658' title='bbox 2548 4691 2616 4745; x_wconf 89' lang='lat' dir='ltr'><strong>de</strong></span> <span class='ocrx_word' id='word_1_659' title='bbox 2655 4705 2720 4744; x_wconf 87' lang='lat' dir='ltr'><strong>ea</strong></span> <span class='ocrx_word' id='word_1_660' title='bbox 2760 4697 2941 4743; x_wconf 86' lang='lat' dir='ltr'><strong>autem</strong></span> <span class='ocrx_word' id='word_1_661' title='bbox 2974 4697 3031 4742; x_wconf 87' lang='lat' dir='ltr'><strong>et</strong></span> <span class='ocrx_word' id='word_1_662' title='bbox 3058 4686 3372 4741; x_wconf 71' lang='lat' dir='ltr'><strong>Mattbaeum</strong></span> <span class='ocrx_word' id='word_1_663' title='bbox 3436 4682 3437 4685; x_wconf 60' lang='grc'><em>“</em></span> 
     </span>
    </p>
   </div>
   <div class='ocr_carea' id='block_1_95' title="bbox 1784 4779 3372 4851">
    <p class='ocr_par' dir='ltr' id='par_1_95' title="bbox 1784 4779 3372 4851">
     <span class='ocr_line' id='line_1_96' title="bbox 1784 4779 3372 4851; baseline -0.008 -10"><span class='ocrx_word' id='word_1_664' title='bbox 1784 4796 1839 4841; x_wconf 88' lang='lat' dir='ltr'><strong>ct</strong></span> <span class='ocrx_word' id='word_1_665' title='bbox 1875 4785 2141 4851; x_wconf 81' lang='lat' dir='ltr'><strong>Marcum,</strong></span> <span class='ocrx_word' id='word_1_666' title='bbox 2184 4783 2291 4842; x_wconf 65' lang='lat' dir='ltr'><strong>.‘sed</strong></span> <span class='ocrx_word' id='word_1_667' title='bbox 2324 4790 2379 4837; x_wconf 87' lang='lat' dir='ltr'><strong>et</strong></span> <span class='ocrx_word' id='word_1_668' title='bbox 2406 4780 2612 4837; x_wconf 87' lang='lat' dir='ltr'><strong>Lucam</strong></span> <span class='ocrx_word' id='word_1_669' title='bbox 2651 4780 2959 4845; x_wconf 85' lang='lat' dir='ltr'><strong>disserere;</strong></span> <span class='ocrx_word' id='word_1_670' title='bbox 3017 4785 3073 4833; x_wconf 87' lang='lat' dir='ltr'><strong>et</strong></span> <span class='ocrx_word' id='word_1_671' title='bbox 3123 4779 3372 4831; x_wconf 87' lang='lat' dir='ltr'><strong>eamdem</strong></span> 
     </span>
    </p>
   </div>
   <div class='ocr_carea' id='block_1_96' title="bbox 1787 4871 3374 4943">
    <p class='ocr_par' dir='ltr' id='par_1_96' title="bbox 1787 4871 3374 4943">
     <span class='ocr_line' id='line_1_97' title="bbox 1787 4871 3374 4943; baseline -0.01 -3"><span class='ocrx_word' id='word_1_672' title='bbox 1787 4882 2073 4940; x_wconf 81' lang='lat' dir='ltr'><strong>historiam</strong></span> <span class='ocrx_word' id='word_1_673' title='bbox 2129 4877 2509 4943; x_wconf 71' lang='lat' dir='ltr'><strong>differentibus</strong></span> <span class='ocrx_word' id='word_1_674' title='bbox 2577 4875 2760 4932; x_wconf 77' lang='lat' dir='ltr'><strong>verbis</strong></span> <span class='ocrx_word' id='word_1_675' title='bbox 2814 4882 3102 4929; x_wconf 88' lang='lat' dir='ltr'><strong>narrantes</strong></span> <span class='ocrx_word' id='word_1_676' title='bbox 3163 4871 3374 4927; x_wconf 86' lang='lat' dir='ltr'><strong>descri-</strong></span> 
     </span>
    </p>
   </div>
   <div class='ocr_carea' id='block_1_97' title="bbox 109 4965 1685 5063">
    <p class='ocr_par' dir='ltr' id='par_1_97' title="bbox 109 4965 1678 5063">
     <span class='ocr_line' id='line_1_98' title="bbox 109 4965 1678 5063; baseline -0.01 -19"><span class='ocrx_word' id='word_1_677' title='bbox 109 4992 267 5063; x_wconf 81' lang='grc' dir='ltr'>αὐτην</span> <span class='ocrx_word' id='word_1_678' title='bbox 317 4965 569 5062; x_wconf 43' lang='grc' dir='ltr'>’ἱστορίαν</span> <span class='ocrx_word' id='word_1_679' title='bbox 627 4986 907 5056; x_wconf 83' lang='grc' dir='ltr'>διαφόροις</span> <span class='ocrx_word' id='word_1_680' title='bbox 971 4986 1213 5055; x_wconf 80' lang='grc' dir='ltr'>ῥήμασιν</span> <span class='ocrx_word' id='word_1_681' title='bbox 1252 4977 1678 5050; x_wconf 85' lang='grc' dir='ltr'>ἁπηγγελκότας</span> 
     </span>
    </p>
   </div>
   <div class='ocr_carea' id='block_1_98' title="bbox 1773 4965 3375 5063">
    <p class='ocr_par' dir='ltr' id='par_1_98' title="bbox 1787 4965 3375 5044">
     <span class='ocr_line' id='line_1_99' title="bbox 1787 4965 3375 5044; baseline -0.005 -17"><span class='ocrx_word' id='word_1_682' title='bbox 1787 4974 1983 5044; x_wconf 88' lang='lat' dir='ltr'><strong>psisse.</strong></span> <span class='ocrx_word' id='word_1_683' title='bbox 2003 4972 2108 5027; x_wconf 81' lang='lat' dir='ltr'><strong>Alii</strong></span> <span class='ocrx_word' id='word_1_684' title='bbox 2134 4987 2266 5027; x_wconf 84' lang='lat' dir='ltr'><strong>vero</strong></span> <span class='ocrx_word' id='word_1_685' title='bbox 2281 4979 2337 5025; x_wconf 91' lang='lat' dir='ltr'><strong>et</strong></span> <span class='ocrx_word' id='word_1_686' title='bbox 2364 4970 2432 5025; x_wconf 90' lang='lat' dir='ltr'><strong>ad</strong></span> <span class='ocrx_word' id='word_1_687' title='bbox 2457 4985 2619 5024; x_wconf 88' lang='lat' dir='ltr'><strong>unam</strong></span> <span class='ocrx_word' id='word_1_688' title='bbox 2640 4983 2837 5030; x_wconf 80' lang='lat' dir='ltr'><strong>omnes.</strong></span> <span class='ocrx_word' id='word_1_689' title='bbox 2859 4968 3146 5031; x_wconf 86' lang='lat' dir='ltr'><strong>reducunt,</strong></span> <span class='ocrx_word' id='word_1_690' title='bbox 3167 4965 3375 5020; x_wconf 85' lang='lat' dir='ltr'><strong>nullam</strong></span> 
     </span>
    </p>
   </div>
   <div class='ocr_carea' id='block_1_99' title="bbox 112 5069 1685 5149">
    <p class='ocr_par' dir='ltr' id='par_1_99' title="bbox 112 5069 1685 5149">
     <span class='ocr_line' id='line_1_100' title="bbox 112 5069 1685 5149; baseline -0.007 -20"><span class='ocrx_word' id='word_1_691' title='bbox 112 5078 549 5149; x_wconf 74' lang='grc' dir='ltr'>ἀναγράψασθαι.</span> <span class='ocrx_word' id='word_1_692' title='bbox 592 5076 658 5129; x_wconf 85' lang='grc' dir='ltr'>Οί</span> <span class='ocrx_word' id='word_1_693' title='bbox 708 5074 766 5128; x_wconf 81' lang='grc' dir='ltr'><strong>δὲ</strong></span> <span class='ocrx_word' id='word_1_694' title='bbox 810 5072 1077 5143; x_wconf 70' lang='grc' dir='ltr'>καὶπρὸς</span> <span class='ocrx_word' id='word_1_695' title='bbox 1126 5069 1255 5137; x_wconf 84' lang='grc' dir='ltr'>μίαν</span> <span class='ocrx_word' id='word_1_696' title='bbox 1309 5070 1492 5131; x_wconf 86' lang='grc' dir='ltr'>πάσας</span> <span class='ocrx_word' id='word_1_697' title='bbox 1557 5084 1685 5120; x_wconf 85' lang='grc' dir='ltr'>συν-</span> 
     </span>
    </p>
   </div>
   <div class='ocr_carea' id='block_1_100' title="bbox 110 5159 1688 5241">
    <p class='ocr_par' dir='ltr' id='par_1_100' title="bbox 110 5159 1688 5241">
     <span class='ocr_line' id='line_1_101' title="bbox 110 5159 1688 5241; baseline -0.01 -15"><span class='ocrx_word' id='word_1_698' title='bbox 110 5162 479 5236; x_wconf 80' lang='grc' dir='ltr'>ἇγουσιν,οὑδε</span> <span class='ocrx_word' id='word_1_699' title='bbox 487 5171 617 5241; x_wconf 89' lang='grc' dir='ltr'>μίαν</span> <span class='ocrx_word' id='word_1_700' title='bbox 631 5172 698 5237; x_wconf 83' lang='grc' dir='ltr'>τῇ</span> <span class='ocrx_word' id='word_1_701' title='bbox 717 5165 845 5238; x_wconf 76' lang='grc' dir='ltr'>δόξῃ</span> <span class='ocrx_word' id='word_1_702' title='bbox 866 5163 1165 5233; x_wconf 83' lang='grc' dir='ltr'>ἀσφάλειαν</span> <span class='ocrx_word' id='word_1_703' title='bbox 1183 5160 1551 5232; x_wconf 85' lang='grc' dir='ltr'>περιθέμενοι·</span> <span class='ocrx_word' id='word_1_704' title='bbox 1572 5159 1688 5211; x_wconf 80' lang='grc' dir='ltr'>ἀλλ’</span> 
     </span>
    </p>
   </div>
   <div class='ocr_carea' id='block_1_101' title="bbox 111 5252 1689 5335">
    <p class='ocr_par' dir='ltr' id='par_1_101' title="bbox 111 5252 1689 5335">
     <span class='ocr_line' id='line_1_102' title="bbox 111 5252 1689 5335; baseline -0.008 -19"><span class='ocrx_word' id='word_1_705' title='bbox 111 5263 213 5316; x_wconf 67' lang='grc' dir='ltr'>οὐδ’</span> <span class='ocrx_word' id='word_1_706' title='bbox 234 5264 340 5317; x_wconf 69' lang='grc' dir='ltr'><strong>ἀπὸ</strong></span> <span class='ocrx_word' id='word_1_707' title='bbox 364 5265 463 5335; x_wconf 80' lang='grc' dir='ltr'><strong>τῆς</strong></span> <span class='ocrx_word' id='word_1_708' title='bbox 486 5263 594 5316; x_wconf 85' lang='grc' dir='ltr'><strong>τῶν</strong></span> <span class='ocrx_word' id='word_1_709' title='bbox 637 5252 949 5331; x_wconf 84' lang='grc' dir='ltr'>προσώπων</span> <span class='ocrx_word' id='word_1_710' title='bbox 982 5255 1266 5325; x_wconf 75' lang='grc' dir='ltr'>ποιότητος</span> <span class='ocrx_word' id='word_1_711' title='bbox 1298 5255 1399 5325; x_wconf 74' lang='grc' dir='ltr'>τῆς</span> <span class='ocrx_word' id='word_1_712' title='bbox 1432 5253 1689 5322; x_wconf 88' lang='grc' dir='ltr'>τοιαύτης</span> 
     </span>
    </p>
   </div>
   <div class='ocr_carea' id='block_1_102' title="bbox 114 5345 1682 5427">
    <p class='ocr_par' dir='ltr' id='par_1_102' title="bbox 114 5345 1682 5427">
     <span class='ocr_line' id='line_1_103' title="bbox 114 5345 1682 5427; baseline -0.008 -18"><span class='ocrx_word' id='word_1_713' title='bbox 114 5356 450 5427; x_wconf 74' lang='grc' dir='ltr'>ὑπολήψεως,</span> <span class='ocrx_word' id='word_1_714' title='bbox 470 5353 873 5426; x_wconf 82' lang='grc' dir='ltr'>ἐπιφερομένης</span> <span class='ocrx_word' id='word_1_715' title='bbox 894 5351 954 5403; x_wconf 87' lang='grc' dir='ltr'><strong>τὸ</strong></span> <span class='ocrx_word' id='word_1_716' title='bbox 971 5349 1271 5418; x_wconf 83' lang='grc' dir='ltr'>αἰδέσιμον.</span> <span class='ocrx_word' id='word_1_717' title='bbox 1302 5345 1682 5417; x_wconf 82' lang='grc' dir='ltr'>Ἀπολινάριος</span> 
     </span>
    </p>
   </div>
   <div class='ocr_carea' id='block_1_103' title="bbox 115 5438 1685 5519">
    <p class='ocr_par' dir='ltr' id='par_1_103' title="bbox 115 5438 1685 5519">
     <span class='ocr_line' id='line_1_104' title="bbox 115 5438 1685 5519; baseline -0.008 -18"><span class='ocrx_word' id='word_1_718' title='bbox 115 5451 214 5519; x_wconf 80' lang='grc' dir='ltr'>γὰρ</span> <span class='ocrx_word' id='word_1_719' title='bbox 252 5451 348 5502; x_wconf 70' lang='grc' dir='ltr'><strong>καὶ</strong></span> <span class='ocrx_word' id='word_1_720' title='bbox 393 5451 424 5503; x_wconf 83' lang='grc' dir='ltr'>ὁ</span> <span class='ocrx_word' id='word_1_721' title='bbox 467 5446 844 5519; x_wconf 78' lang='grc' dir='ltr'>Μοψουεστίας</span> <span class='ocrx_word' id='word_1_722' title='bbox 889 5445 1161 5513; x_wconf 83' lang='grc' dir='ltr'>Θεόδωρος</span> <span class='ocrx_word' id='word_1_723' title='bbox 1196 5439 1401 5502; x_wconf 87' lang='grc' dir='ltr'>ταύτης</span> <span class='ocrx_word' id='word_1_724' title='bbox 1446 5440 1586 5491; x_wconf 76' lang='grc' dir='ltr'>εἰσὶν</span> <span class='ocrx_word' id='word_1_725' title='bbox 1633 5438 1685 5489; x_wconf 74' lang='grc' dir='ltr'>οἱ</span> 
     </span>
    </p>
   </div>
   <div class='ocr_carea' id='block_1_104' title="bbox 116 5531 1690 5615">
    <p class='ocr_par' dir='ltr' id='par_1_104' title="bbox 116 5531 1690 5615">
     <span class='ocr_line' id='line_1_105' title="bbox 116 5531 1690 5615; baseline -0.008 -21"><span class='ocrx_word' id='word_1_726' title='bbox 116 5543 458 5615; x_wconf 73' lang='grc' dir='ltr'><strong>γεννήτορες⁸</strong></span> <span class='ocrx_word' id='word_1_727' title='bbox 491 5542 593 5613; x_wconf 83' lang='grc' dir='ltr'>ἐμὲ</span> <span class='ocrx_word' id='word_1_728' title='bbox 624 5541 680 5594; x_wconf 80' lang='grc' dir='ltr'>δὲ</span> <span class='ocrx_word' id='word_1_729' title='bbox 707 5538 829 5593; x_wconf 85' lang='grc' dir='ltr'>οὑδὲ</span> <span class='ocrx_word' id='word_1_730' title='bbox 856 5537 950 5592; x_wconf 79' lang='grc' dir='ltr'><strong>δύο</strong></span> <span class='ocrx_word' id='word_1_731' title='bbox 982 5536 1187 5596; x_wconf 84' lang='grc' dir='ltr'>ταύτας</span> <span class='ocrx_word' id='word_1_732' title='bbox 1211 5533 1567 5604; x_wconf 83' lang='grc' dir='ltr'>ἐπιτρέπουσι</span> <span class='ocrx_word' id='word_1_733' title='bbox 1596 5531 1690 5583; x_wconf 81' lang='grc' dir='ltr'>λέ-</span> 
     </span>
    </p>
   </div>
   <div class='ocr_carea' id='block_1_105' title="bbox 120 5622 1690 5703">
    <p class='ocr_par' dir='ltr' id='par_1_105' title="bbox 120 5622 1690 5703">
     <span class='ocr_line' id='line_1_106' title="bbox 120 5622 1690 5703; baseline -0.008 -17"><span class='ocrx_word' id='word_1_734' title='bbox 120 5648 253 5699; x_wconf 83' lang='grc' dir='ltr'>γειν,</span> <span class='ocrx_word' id='word_1_735' title='bbox 287 5634 413 5690; x_wconf 84' lang='grc' dir='ltr'>οὑτε</span> <span class='ocrx_word' id='word_1_736' title='bbox 444 5634 536 5689; x_wconf 80' lang='grc' dir='ltr'>τοῦ</span> <span class='ocrx_word' id='word_1_737' title='bbox 556 5632 813 5703; x_wconf 76' lang='grc' dir='ltr'>Σωτῆρος</span> <span class='ocrx_word' id='word_1_738' title='bbox 851 5632 898 5685; x_wconf 82' lang='grc' dir='ltr'><strong>οἱ</strong></span> <span class='ocrx_word' id='word_1_739' title='bbox 926 5630 1097 5698; x_wconf 88' lang='grc' dir='ltr'>λόγοι,</span> <span class='ocrx_word' id='word_1_740' title='bbox 1126 5627 1249 5681; x_wconf 86' lang='grc' dir='ltr'>οὑτε</span> <span class='ocrx_word' id='word_1_741' title='bbox 1279 5626 1385 5680; x_wconf 82' lang='grc' dir='ltr'><strong>τῶν</strong></span> <span class='ocrx_word' id='word_1_742' title='bbox 1424 5622 1690 5695; x_wconf 80' lang='grc' dir='ltr'>φιλοθέων</span> 
     </span>
    </p>
   </div>
   <div class='ocr_carea' id='block_1_106' title="bbox 124 5716 1691 5803">
    <p class='ocr_par' dir='ltr' id='par_1_106' title="bbox 124 5716 1691 5803">
     <span class='ocr_line' id='line_1_107' title="bbox 124 5716 1691 5803; baseline -0.007 -25"><span class='ocrx_word' id='word_1_743' title='bbox 124 5727 392 5803; x_wconf 81' lang='grc' dir='ltr'>γυναικῶν</span> <span class='ocrx_word' id='word_1_744' title='bbox 423 5729 476 5782; x_wconf 85' lang='grc' dir='ltr'>αἱ</span> <span class='ocrx_word' id='word_1_745' title='bbox 519 5725 768 5798; x_wconf 85' lang='grc' dir='ltr'>πράξεις,</span> <span class='ocrx_word' id='word_1_746' title='bbox 798 5724 923 5778; x_wconf 81' lang='grc' dir='ltr'>οὔτε</span> <span class='ocrx_word' id='word_1_747' title='bbox 951 5723 1014 5775; x_wconf 87' lang='grc' dir='ltr'><strong>τὸ</strong></span> <span class='ocrx_word' id='word_1_748' title='bbox 1049 5722 1306 5791; x_wconf 86' lang='grc' dir='ltr'>διάφορον</span> <span class='ocrx_word' id='word_1_749' title='bbox 1347 5718 1440 5772; x_wconf 80' lang='grc' dir='ltr'><strong>τοῦ</strong></span> <span class='ocrx_word' id='word_1_750' title='bbox 1472 5716 1691 5785; x_wconf 83' lang='grc' dir='ltr'>καιροῦ,</span> 
     </span>
    </p>
   </div>
   <div class='ocr_carea' id='block_1_107' title="bbox 121 5809 1696 5887">
    <p class='ocr_par' dir='ltr' id='par_1_107' title="bbox 121 5809 1696 5887">
     <span class='ocr_line' id='line_1_108' title="bbox 121 5809 1696 5887; baseline -0.01 -9"><span class='ocrx_word' id='word_1_751' title='bbox 121 5821 230 5876; x_wconf 72' lang='grc' dir='ltr'>ἀλλ’</span> <span class='ocrx_word' id='word_1_752' title='bbox 258 5822 377 5878; x_wconf 77' lang='grc' dir='ltr'>οὐδὲ</span> <span class='ocrx_word' id='word_1_753' title='bbox 410 5824 516 5878; x_wconf 82' lang='grc' dir='ltr'><strong>τῶν</strong></span> <span class='ocrx_word' id='word_1_754' title='bbox 547 5820 754 5877; x_wconf 82' lang='grc' dir='ltr'>θεατῶν</span> <span class='ocrx_word' id='word_1_755' title='bbox 792 5819 885 5874; x_wconf 79' lang='grc' dir='ltr'><strong>καὶ</strong></span> <span class='ocrx_word' id='word_1_756' title='bbox 927 5815 1216 5887; x_wconf 81' lang='grc' dir='ltr'>ἀκροατῶν</span> <span class='ocrx_word' id='word_1_757' title='bbox 1253 5814 1287 5885; x_wconf 77' lang='grc' dir='ltr'>ὴ</span> <span class='ocrx_word' id='word_1_758' title='bbox 1326 5811 1415 5865; x_wconf 76' lang='grc' dir='ltr'><strong>ἐπὶ</strong></span> <span class='ocrx_word' id='word_1_759' title='bbox 1447 5809 1526 5882; x_wconf 75' lang='grc' dir='ltr'>τῷ</span> <span class='ocrx_word' id='word_1_760' title='bbox 1554 5826 1696 5881; x_wconf 82' lang='grc' dir='ltr'>πρα-</span> 
     </span>
    </p>
   </div>
   <div class='ocr_carea' id='block_1_108' title="bbox 464 5900 572 5921">
    <p class='ocr_par' dir='ltr' id='par_1_108' title="bbox 464 5900 572 5921">
     <span class='ocr_line' id='line_1_109' title="bbox 464 5900 572 5921; baseline -0.009 -17"><span class='ocrx_word' id='word_1_761' title='bbox 464 5902 484 5921; x_wconf 62' lang='lat'><em>.</em></span> <span class='ocrx_word' id='word_1_762' title='bbox 568 5900 572 5903; x_wconf 49' lang='grc' dir='ltr'><strong><em>η</em></strong></span> 
     </span>
    </p>
   </div>
   <div class='ocr_carea' id='block_1_109' title="bbox 1788 5059 3376 5136">
    <p class='ocr_par' dir='ltr' id='par_1_109' title="bbox 1788 5059 3376 5136">
     <span class='ocr_line' id='line_1_110' title="bbox 1788 5059 3376 5136; baseline -0.005 -16"><span class='ocrx_word' id='word_1_763' title='bbox 1788 5065 2033 5136; x_wconf 83' lang='lat' dir='ltr'><strong>opinioni</strong></span> <span class='ocrx_word' id='word_1_764' title='bbox 2066 5064 2381 5119; x_wconf 83' lang='lat' dir='ltr'><strong>firmitatem</strong></span> <span class='ocrx_word' id='word_1_765' title='bbox 2407 5062 2805 5127; x_wconf 82' lang='lat' dir='ltr'><strong>conciliantes;</strong></span> <span class='ocrx_word' id='word_1_766' title='bbox 2856 5059 2954 5114; x_wconf 88' lang='lat' dir='ltr'><strong>sed</strong></span> <span class='ocrx_word' id='word_1_767' title='bbox 2984 5074 3162 5128; x_wconf 82' lang='lat' dir='ltr'><strong>neque</strong></span> <span class='ocrx_word' id='word_1_768' title='bbox 3190 5073 3221 5111; x_wconf 88' lang='lat' dir='ltr'><strong>a</strong></span> <span class='ocrx_word' id='word_1_769' title='bbox 3249 5074 3376 5129; x_wconf 86' lang='lat' dir='ltr'><strong>per-</strong></span> 
     </span>
    </p>
   </div>
   <div class='ocr_carea' id='block_1_110' title="bbox 1790 5150 3378 5233">
    <p class='ocr_par' dir='ltr' id='par_1_110' title="bbox 1790 5150 3378 5233">
     <span class='ocr_line' id='line_1_111' title="bbox 1790 5150 3378 5233; baseline -0.007 -19"><span class='ocrx_word' id='word_1_770' title='bbox 1790 5172 2051 5214; x_wconf 83' lang='lat' dir='ltr'><strong>sonarum</strong></span> <span class='ocrx_word' id='word_1_771' title='bbox 2088 5157 2359 5225; x_wconf 86' lang='lat' dir='ltr'><strong>dignitate</strong></span> <span class='ocrx_word' id='word_1_772' title='bbox 2414 5156 2542 5210; x_wconf 79' lang='lat' dir='ltr'><strong>talis</strong></span> <span class='ocrx_word' id='word_1_773' title='bbox 2585 5153 2772 5233; x_wconf 78' lang='lat' dir='ltr'><strong>opinio</strong></span> <span class='ocrx_word' id='word_1_774' title='bbox 2817 5152 2922 5206; x_wconf 89' lang='lat' dir='ltr'><strong>sibi</strong></span> <span class='ocrx_word' id='word_1_775' title='bbox 2963 5150 3378 5206; x_wconf 79' lang='lat' dir='ltr'><strong>venerationem</strong></span> 
     </span>
    </p>
   </div>
   <div class='ocr_carea' id='block_1_111' title="bbox 1789 5241 3379 5320">
    <p class='ocr_par' dir='ltr' id='par_1_111' title="bbox 1789 5241 3379 5320">
     <span class='ocr_line' id='line_1_112' title="bbox 1789 5241 3379 5320; baseline -0.006 -14"><span class='ocrx_word' id='word_1_776' title='bbox 1789 5251 2072 5306; x_wconf 87' lang='lat' dir='ltr'><strong>conciliat.</strong></span> <span class='ocrx_word' id='word_1_777' title='bbox 2102 5248 2476 5320; x_wconf 84' lang='lat' dir='ltr'><strong>Apollinarius</strong></span> <span class='ocrx_word' id='word_1_778' title='bbox 2498 5246 2646 5302; x_wconf 90' lang='lat' dir='ltr'><strong>enim</strong></span> <span class='ocrx_word' id='word_1_779' title='bbox 2675 5254 2730 5300; x_wconf 90' lang='lat' dir='ltr'><strong>et</strong></span> <span class='ocrx_word' id='word_1_780' title='bbox 2763 5243 3085 5299; x_wconf 84' lang='lat' dir='ltr'><strong>Theodorus</strong></span> <span class='ocrx_word' id='word_1_781' title='bbox 3121 5241 3379 5311; x_wconf 79' lang='lat' dir='ltr'><strong>Mopsue-</strong></span> 
     </span>
    </p>
   </div>
   <div class='ocr_carea' id='block_1_112' title="bbox 1794 5333 3375 5411">
    <p class='ocr_par' dir='ltr' id='par_1_112' title="bbox 1794 5333 3375 5411">
     <span class='ocr_line' id='line_1_113' title="bbox 1794 5333 3375 5411; baseline -0.009 -12"><span class='ocrx_word' id='word_1_782' title='bbox 1794 5345 1934 5399; x_wconf 84' lang='lat' dir='ltr'><strong>stius</strong></span> <span class='ocrx_word' id='word_1_783' title='bbox 1978 5358 2100 5398; x_wconf 85' lang='lat' dir='ltr'><strong>eam</strong></span> <span class='ocrx_word' id='word_1_784' title='bbox 2155 5341 2317 5411; x_wconf 87' lang='lat' dir='ltr'><strong>primi</strong></span> <span class='ocrx_word' id='word_1_785' title='bbox 2358 5339 2412 5394; x_wconf 90' lang='lat' dir='ltr'><strong>in</strong></span> <span class='ocrx_word' id='word_1_786' title='bbox 2448 5340 2625 5396; x_wconf 86' lang='lat' dir='ltr'><strong>lucem</strong></span> <span class='ocrx_word' id='word_1_787' title='bbox 2657 5336 3019 5407; x_wconf 84' lang='lat' dir='ltr'><strong>protulerunt.</strong></span> <span class='ocrx_word' id='word_1_788' title='bbox 3067 5333 3148 5387; x_wconf 84' lang='lat' dir='ltr'><strong>Me</strong></span> <span class='ocrx_word' id='word_1_789' title='bbox 3191 5342 3375 5387; x_wconf 81' lang='lat' dir='ltr'><strong>autent</strong></span> 
     </span>
    </p>
   </div>
   <div class='ocr_carea' id='block_1_113' title="bbox 1792 5426 3375 5506">
    <p class='ocr_par' dir='ltr' id='par_1_113' title="bbox 1792 5426 3375 5506">
     <span class='ocr_line' id='line_1_114' title="bbox 1792 5426 3375 5506; baseline -0.01 -13"><span class='ocrx_word' id='word_1_790' title='bbox 1792 5455 1887 5493; x_wconf 86' lang='lat' dir='ltr'><strong>eas</strong></span> <span class='ocrx_word' id='word_1_791' title='bbox 1909 5452 2029 5493; x_wconf 90' lang='lat' dir='ltr'><strong>esse</strong></span> <span class='ocrx_word' id='word_1_792' title='bbox 2076 5438 2214 5491; x_wconf 87' lang='lat' dir='ltr'><strong>duas</strong></span> <span class='ocrx_word' id='word_1_793' title='bbox 2264 5448 2440 5506; x_wconf 85' lang='lat' dir='ltr'><strong>neque</strong></span> <span class='ocrx_word' id='word_1_794' title='bbox 2477 5426 2776 5503; x_wconf 80' lang='lat' dir='ltr'><strong>Salvatoris</strong></span> <span class='ocrx_word' id='word_1_795' title='bbox 2828 5432 2990 5485; x_wconf 75' lang='lat' dir='ltr'><strong>w-‘rba</strong></span> <span class='ocrx_word' id='word_1_796' title='bbox 3020 5426 3375 5491; x_wconf 85' lang='lat' dir='ltr'><strong>convincunt,</strong></span> 
     </span>
    </p>
   </div>
   <div class='ocr_carea' id='block_1_114' title="bbox 1797 5517 3381 5599">
    <p class='ocr_par' dir='ltr' id='par_1_114' title="bbox 1797 5517 3381 5599">
     <span class='ocr_line' id='line_1_115' title="bbox 1797 5517 3381 5599; baseline -0.009 -14"><span class='ocrx_word' id='word_1_797' title='bbox 1797 5544 1975 5599; x_wconf 84' lang='lat' dir='ltr'><strong>neque</strong></span> <span class='ocrx_word' id='word_1_798' title='bbox 1999 5529 2323 5583; x_wconf 86' lang='lat' dir='ltr'><strong>dilectarum</strong></span> <span class='ocrx_word' id='word_1_799' title='bbox 2354 5542 2384 5579; x_wconf 85' lang='lat' dir='ltr'><strong>a</strong></span> <span class='ocrx_word' id='word_1_800' title='bbox 2415 5524 2543 5579; x_wconf 72' lang='lat' dir='ltr'><strong>Deo&#39;</strong></span> <span class='ocrx_word' id='word_1_801' title='bbox 2566 5523 2880 5586; x_wconf 71' lang='lat' dir='ltr'><strong>mulierum,</strong></span> <span class='ocrx_word' id='word_1_802' title='bbox 2918 5534 3092 5588; x_wconf 77' lang='lat' dir='ltr'><strong>ireque</strong></span> <span class='ocrx_word' id='word_1_803' title='bbox 3129 5517 3381 5571; x_wconf 80' lang='lat' dir='ltr'><strong>occasio-</strong></span> 
     </span>
    </p>
   </div>
   <div class='ocr_carea' id='block_1_115' title="bbox 1796 5600 3381 5686">
    <p class='ocr_par' dir='ltr' id='par_1_115' title="bbox 1796 5600 3381 5686">
     <span class='ocr_line' id='line_1_116' title="bbox 1796 5600 3381 5686; baseline -0.01 -10"><span class='ocrx_word' id='word_1_804' title='bbox 1796 5622 1884 5676; x_wconf 89' lang='lat' dir='ltr'><strong>nis</strong></span> <span class='ocrx_word' id='word_1_805' title='bbox 1910 5620 2240 5684; x_wconf 73' lang='lat' dir='ltr'><strong>differentia,</strong></span> <span class='ocrx_word' id='word_1_806' title='bbox 2266 5617 2359 5672; x_wconf 89' lang='lat' dir='ltr'><strong>sed</strong></span> <span class='ocrx_word' id='word_1_807' title='bbox 2392 5630 2572 5686; x_wconf 77' lang='lat' dir='ltr'><strong>neque</strong></span> <span class='ocrx_word' id='word_1_808' title='bbox 2591 5600 2955 5682; x_wconf 78' lang='lat' dir='ltr'><strong>spectantium</strong></span> <span class='ocrx_word' id='word_1_809' title='bbox 2973 5606 3381 5663; x_wconf 81' lang='lat' dir='ltr'><strong>etaudientium</strong></span> 
     </span>
    </p>
   </div>
   <div class='ocr_carea' id='block_1_116' title="bbox 1798 5697 3411 5775">
    <p class='ocr_par' dir='ltr' id='par_1_116' title="bbox 1798 5697 3411 5775">
     <span class='ocr_line' id='line_1_117' title="bbox 1798 5697 3411 5775; baseline -0.01 -6"><span class='ocrx_word' id='word_1_810' title='bbox 1798 5714 1866 5769; x_wconf 89' lang='lat' dir='ltr'><strong>de</strong></span> <span class='ocrx_word' id='word_1_811' title='bbox 1919 5712 2066 5768; x_wconf 84' lang='lat' dir='ltr'><strong>facto</strong></span> <span class='ocrx_word' id='word_1_812' title='bbox 2125 5708 2418 5767; x_wconf 84' lang='lat' dir='ltr'><strong>sententia.</strong></span> <span class='ocrx_word' id='word_1_813' title='bbox 2483 5705 2604 5760; x_wconf 87' lang='lat' dir='ltr'><strong>Alia</strong></span> <span class='ocrx_word' id='word_1_814' title='bbox 2624 5718 2757 5759; x_wconf 87' lang='lat' dir='ltr'><strong>vero</strong></span> <span class='ocrx_word' id='word_1_815' title='bbox 2780 5700 2991 5757; x_wconf 78' lang='lat' dir='ltr'><strong>iisnon</strong></span> <span class='ocrx_word' id='word_1_816' title='bbox 3026 5697 3238 5752; x_wconf 83' lang='lat' dir='ltr'><strong>minora</strong></span> <span class='ocrx_word' id='word_1_817' title='bbox 3275 5709 3411 5775; x_wconf 77' lang='lat' dir='ltr'><strong>trrs</strong></span> 
     </span>
    </p>
   </div>
   <div class='ocr_carea' id='block_1_117' title="bbox 1803 5789 3386 5886">
    <p class='ocr_par' dir='ltr' id='par_1_117' title="bbox 1803 5789 3386 5886">
     <span class='ocr_line' id='line_1_118' title="bbox 1803 5789 3386 5886; baseline -0.011 -24"><span class='ocrx_word' id='word_1_818' title='bbox 1803 5821 1896 5883; x_wconf 75' lang='lat' dir='ltr'><strong>eas</strong></span> <span class='ocrx_word' id='word_1_819' title='bbox 1927 5820 2049 5863; x_wconf 87' lang='lat' dir='ltr'><strong>esse</strong></span> <span class='ocrx_word' id='word_1_820' title='bbox 2079 5802 2438 5886; x_wconf 76' lang='lat' dir='ltr'><strong>convincunt,</strong></span> <span class='ocrx_word' id='word_1_821' title='bbox 2470 5797 2565 5857; x_wconf 86' lang='lat' dir='ltr'><strong>sed</strong></span> <span class='ocrx_word' id='word_1_822' title='bbox 2583 5799 2775 5878; x_wconf 83' lang='lat' dir='ltr'><strong>neque</strong></span> <span class='ocrx_word' id='word_1_823' title='bbox 2798 5792 2975 5850; x_wconf 80' lang='lat' dir='ltr'><strong>tribus</strong></span> <span class='ocrx_word' id='word_1_824' title='bbox 3004 5789 3191 5881; x_wconf 72' lang='lat' dir='ltr'><strong>plures</strong></span> <span class='ocrx_word' id='word_1_825' title='bbox 3208 5803 3386 5865; x_wconf 70' lang='lat' dir='ltr'><strong>ucqtm</strong></span> 
     </span>
    </p>
   </div>
  </div>
