3864 6208
3717 230 3750 256 δ

467 374 574 454 359
623 433 631 440 .
1628 373 1890 465 PlIO'l‘II
1916 373 2057 432 PAT

2161 370 2422 433 ARCH/E
2455 371 2562 431 CP.
3618 373 3719 435 360

471 485 760 559 pauciores
793 498 916 540 esse
941 485 1190 541 edocent.
1229 485 1414 540 Primo
1468 485 1631 555 igitur
1667 494 1752 540 est
1779 501 1840 540 ea
1872 499 2034 555 quam

2161 485 2319 554 [θέντι
2365 485 2579 556 γνώμη,
2630 484 2722 539 καὶ
2760 485 2894 540 ἄλλα
2937 485 2993 538 δὲ
3041 484 3246 540 τούτων
3290 485 3388 539 οὐκ
3438 483 3718 550 ἐλάττονα,

465 581 642 634 Lucas
689 577 1025 647 descripsit,.
1070 592 1192 647 qua:
1247 573 1374 639 ante
1432 577 1634 632 multos
1669 576 1798 632 Jesu
1827 576 2032 633 Christi

2161 579 2286 647 τρεῖς
2339 573 2478 630 εἶναι
2501 576 2735 640 ταύτας·
2785 577 2901 630 ἀλλ’
2951 576 3074 631 οὔτε
3114 561 3334 642 πλείους
3386 577 3509 632 τῶν
3561 578 3721 650 τριῶν

463 683 618 728 actus
644 680 700 726 et
721 670 1003 747 doctrina;
1029 670 1084 724 in
1109 671 1394 726 historiam
1418 671 1739 726 assumitur.
1763 669 1893 725 Post
1921 663 2039 726 haec

2161 668 2260 722 ιῦτε
2300 655 2556 733 ἐλάττους
2607 668 2935 724 ἐκδιδάσκει.
2985 671 3182 740 Πρώτη
3229 671 3328 741 μέν
3370 667 3472 724 οὖν
3516 671 3719 742 ἐστινὴ

465 767 727 843 enimet
775 765 845 820 ad
898 765 1341 836 praedicationem
1399 763 1694 833 discipulos
1747 763 1934 829 mittit,
1986 773 2040 818 et

2161 762 2294 835 παρὰ
2318 762 2398 834 τῷ
2431 763 2617 833 Λουκᾷ
2655 763 3146 834 ἀναγεγραμμένη,
3175 763 3300 832 ἥτις
3325 763 3420 816 καὶ
3453 759 3566 832 πρὸ
3599 763 3721 815 πολ.

467 859 873 917 multitudinem
916 858 1246 913 miraculose
1296 857 1542 926 quinque
1577 855 1813 925 panibus
1841 856 2036 919 nutrit,

375 971 387 982 ·
467 961 522 1007 et
571 953 640 1017 ab
667 949 934 1020 apostolis
955 949 1141 1020 opinio
1193 949 1261 1004 de
1294 949 1523 1004 Domino
1542 948 1830 1018 quaeritur,
1873 957 1927 1003 et
1956 948 2042 1004 di-

468 1043 630 1098 vinus
673 1040 1169 1110 transﬁgurationis
1188 1050 1347 1098 actus
1371 1055 1536 1112 supra
1551 1047 1784 1095 mentem
1803 1049 1856 1096 et
1875 1041 2041 1097 ratio-

472 1149 594 1189 nem
649 1133 902 1188 ellicitur.
966 1131 1352 1200 «Factijsunt,
1427 1132 1607 1203 inquit
1673 1131 1852 1199 enim,
1920 1142 2044 1203 post

471 1239 756 1278 sermones
804 1225 935 1278 istos
967 1223 1084 1280 dies
1114 1232 1260 1290 octo,
1316 1232 1370 1279 et
1417 1239 1704 1281 assumens
1747 1225 1962 1280 Petrum
1993 1233 2046 1281 et

473 1315 736 1371 Joannem
763 1324 817 1370 et
837 1313 1123 1380 Jacobum,
1155 1316 1468 1371 ascenditin
1496 1325 1732 1371 montem
1771 1331 1954 1382 orare,
1993 1325 2047 1372 et

473 1406 602 1461 dum
643 1417 844 1472 oraret,
900 1405 1040 1461 facta
1095 1416 1177 1462 est
1226 1405 1398 1463 facies
1451 1410 1632 1464 vultus
1681 1408 1801 1478 ejus
1853 1409 1955 1462 alia
1993 1419 2049 1464 et

475 1501 795 1554 vestimenta
831 1499 950 1578 ejus
997 1498 1119 1554 alba
1158 1507 1211 1554 et
1244 1499 1581 1569 splendentia
1609 1502 1673 1567 ⁵⁷,
1705 1521 1724 1554 ι
1773 1509 1880 1558 etc.
1942 1501 2048 1558 Sed

473 1591 617 1645 enim
640 1587 691 1644 et
717 1591 1055 1661 septuaginta
1081 1581 1331 1661 discipuli
1362 1601 1486 1662 post
1521 1594 1639 1648 liazc‘
1664 1594 2046 1666 designantur,

472 1690 527 1737 et
552 1683 825 1752 parabolae
854 1683 1257 1738 hortationibus
1273 1693 1660 1750 contexuntur.
1693 1685 1846 1741 Patet
1870 1698 2049 1742 autem

474 1774 782 1842 passionem
869 1775 1108 1828 nondum
1165 1774 1401 1842 instare;
1498 1792 1672 1842 neque
1731 1779 2048 1852 carniﬁcum

2129 857 2247 911 -λῶν
2287 854 2539 927 πράξεων
2571 856 2665 908 καὶ
2706 855 3067 908 διδασκαλιῶν
3103 854 3197 908 τοῦ
3235 855 3414 926 Ἰησοῦ
3467 859 3553 918 εἰς
3588 855 3719 908 ἱστο-

2143 952 2266 1023 ρίαν
2317 951 2542 1023 μνήμης
2586 944 2942 1022 παρελήφθηο
2989 948 3129 1020 μετά
3177 947 3353 1002 ταῦτα
3400 949 3516 1019 γὰρ
3551 950 3628 1011 εἰς
3665 949 3723 1002 τὸ

2143 1045 2406 1116 κήρυγμα
2438 1043 2531 1096 καὶ
2557 1043 2688 1106 τοὺς
2722 1041 2969 1112 μαθητὰς
3018 1040 3359 1107 ἀποστέλλει,
3391 1041 3499 1093 καὶ
3534 1040 3595 1092 τὸ
3625 1039 3722 1093 τῶν

2145 1136 2304 1189 πέντε
2335 1136 2518 1208 ἄρτων
2548 1134 3044 1205 θαυματουργετται
3080 1133 3316 1201 πλῆθος,
3364 1132 3468 1185 καὶ
3516 1131 3552 1201 ὴ
3606 1132 3722 1200 περὶ

2144 1227 2239 1281 τοῦ
2267 1226 2592 1282 διδασκάλου
2612 1227 2725 1280 τῶν
2756 1225 3014 1298 μαθητῶν
3038 1225 3311 1295 ὑπόληψις
3335 1223 3718 1292 λογοθετεῖται,

2147 1322 2242 1376 καὶ
2276 1323 2309 1392 ή
2337 1321 2436 1391 τῆς
2461 1304 2942 1390 μεταμορφώσεως
2965 1319 3104 1388 ὑπὲρ
3127 1317 3253 1370 νοῦν
3283 1317 3376 1371 καὶ
3405 1317 3570 1383 λόγον
3598 1316 3725 1386 πρᾶ-

2149 1413 2230 1479 ξις
2242 1410 2600 1482 θεουργεῖται.
2623 1430 2641 1463 ι
2665 1409 2910 1480 Ἐγένετο
2930 1409 3062 1480 γὰρ,
3077 1409 3231 1479 φησὶ,
3251 1409 3390 1480 μετά
3404 1410 3534 1471 τοὺς
3546 1408 3723 1476 λόγους

2148 1502 2373 1565 τούτους
2411 1500 2542 1554 ὡσεὶ
2578 1501 2783 1571 ἡμέραι
2812 1499 2976 1567 ὀκτὼ,
3024 1502 3118 1552 καὶ
3149 1497 3492 1570 παραλαϐὼν
3533 1498 3722 1569 Πέτρον

2151 1596 2245 1650 καὶ
2284 1594 2540 1664 Ἰωάννην
2584 1593 2679 1646 καὶ
2721 1581 2975 1646 Ἰάκωϐον
3004 1590 3172 1662 ἀνέϐη
3205 1593 3286 1655 είς
3312 1591 3376 1644 τὺ
3401 1591 3532 1662 ὅρος
3556 1608 3720 1662 προσ-

2151 1688 2452 1756 εύξασθαιο
2501 1687 2596 1741 καὶ
2654 1687 2870 1754 ἐγένετο
2897 1687 2954 1739 ἐν
2993 1684 3070 1755 τῷ
3115 1685 3524 1754 προσεύχεσθαι
3553 1684 3720 1748 αὑτὸν,

2150 1781 2213 1835 τὸ
2241 1777 2380 1844 εἶδος
2425 1779 2518 1833 τοῦ
2571 1777 2863 1850 προσώπου
2896 1776 3068 1833 ,αὐτοῦ
3109 1777 3317 1849 ἕτερον,
3359 1777 3460 1831 καὶ
3493 1779 3522 1830 6
3568 1777 3722 1845 ἱματι-

472 1866 785 1920 Judaeorum
817 1864 1041 1920 cons‘ilia
1078 1879 1174 1935 per
1203 1866 1533 1922 voluntatem
1559 1877 1613 1922 et
1635 1849 2046 1926 meditationem

2161 1873 2293 1944 σμὸς
2318 1870 2484 1932 αὐτοῦ
2523 1849 2714 1933 λευκὸς
2742 1869 3165 1941 ἐξαστράπτων,
3202 1887 3221 1920 ι
3255 1869 3351 1922 καὶ
3384 1869 3539 1939 ἑξῆς.
3581 1866 3724 1920 Ἀλλὰ

471 1957 582 2011 vim
630 1965 969 2024 acceperant.

2156 1961 2263 2031 γάρ
2292 1959 2385 2014 καὶ
2409 1959 2459 2011 οἱ
2491 1958 2861 2029 ἐϐδομήκοντα
2895 1957 3134 2028 μαθηταὶ
3161 1957 3301 2036 μετὰ
3332 1956 3518 2010 ταῦτα
3532 1954 3722 2010 ἀναδεί·
3810 2011 3812 2013 ς

473 2040 832 2103 κνυνταικαὶ
861 2048 1170 2120 παραϐολαὶ
1215 2051 1336 2113 ταῖς
1371 2049 1680 2117 νουθεσίαις
1728 2054 2146 2122 συνυφαίνονται
2167 2071 2181 2087 ·
2221 2052 2377 2122 δῆλον
2399 2050 2457 2104 δὲ
2485 2051 2561 2115 ὡς
2601 2050 2722 2103 οὐδέ
2747 2051 2808 2103 τὸ
2839 2048 3011 2114 πάθος
3042 2032 3194 2103 οὔπω
3218 2049 3508 2120 ἐνεστήκει
3527 2063 3545 2081 ·
3571 2047 3720 2118 own

475 2145 583 2198 τῶν
625 2145 926 2214 μιαιφόνων
964 2145 1233 2199 Ἰουδαίων
1275 2146 1534 2219 ἐπιϐουλὴ
1584 2148 1673 2202 διὰ
1699 2148 1909 2220 ’βουλῆς
1954 2149 2050 2204 καί¹
2089 2149 2322 2222 μελέτης
2344 2147 2406 2200 τὸ
2439 2145 2606 2218 κῦρος
2639 2143 2962 2216 ἐλάμϐανεν.

548 2239 625 2293 Ex
670 2240 1086 2296 circumstantia
1132 2242 1351 2310 quidem
1401 2243 1709 2301 dillerentia
1757 2246 1901 2301 inter
1932 2261 2088 2301 eam~

471 2347 602 2403 qua:
639 2333 784 2402 apud
825 2330 1030 2386 Lucam
1083 2341 1170 2387 est
1211 2334 1492 2389 mulierem
1545 2346 1598 2391 et
1637 2338 1776 2392 inter
1806 2339 1942 2393 alias
1973 2338 2053 2394 sic

477 2424 756 2480 evidenter
776 2434 828 2479 et
861 2418 1234 2479 indubitanter
1259 2408 1572 2484 volentibus
1591 2428 1718 2484 licet
1745 2431 2051 2502 concipere.

478 2516 695 2571 Etenim
744 2516 974 2570 aliarum
1029 2516 1477 2588 uniuscujusque,
1543 2519 1885 2576 Dominieam
1923 2536 2053 2591 pas-

480 2607 691 2662 sionem
731 2605 948 2662 ‘Judaeis
1012 2608 1366 2665 meditatione
1423 2611 1535 2680 jam
1589 2612 2052 2678 machinantibus,

475 2697 724 2775 historiae
772 2697 1092 2752 memoriam
1147 2698 1414 2755 inducunt
1459 2701 1732 2757 :alterius
1791 2703 1938 2757 enim
1999 2703 2056 2757 tit

401 2809 406 2812 ·
477 2790 690 2846 mentio
715 2799 841 2846 ante
867 2807 960 2846 sex
995 2792 1109 2847 dies
1151 2792 1410 2858 Paschte;
1470 2793 1695 2850 alterius
1744 2809 1875 2849 vero
1929 2796 2056 2851 ante

472 2884 620 2940 duos
673 2883 968 2955 passionis.
1029 2884 1093 2938 Et
1140 2885 1365 2940 alterius
1412 2886 1680 2942 actionem
1727 2889 1958 2944 dilectus
2004 2898 2058 2943 et

478 2976 632 3046 virgo
679 2976 978 3046 discipulus
1031 2976 1310 3044 describit,
1359 2993 1478 3048 quae
1514 2977 1708 3033 Lazari
1753 2989 1807 3034 et
1836 2978 2058 3035 Marthae

466 3083 640 3123 -soror
655 3076 792 3134 erat,
821 3077 878 3122 et
905 3083 1027 3137 qua:
1053 3083 1121 3122 ex.
1138 3067 1352 3124 dilectis
1381 3084 1412 3124 ιι
1435 3070 1661 3125 Domino
1688 3069 1815 3127 Jesu
1841 3070 2058 3126 Christo

481 3177 607 3218 esse
640 3161 988 3226 noscebatur,
1018 3168 1070 3214 ct
1091 3175 1214 3214 cum
1243 3159 1350 3216 illis
1367 3161 1780 3217 admirationem
1807 3163 2082 3232 movebat,

483 3256 541 3310 in
573 3255 642 3310 iis
665 3271 788 3325 quae
805 3255 874 3310 ad
904 3256 1026 3310 vita:
1041 3255 1442 3310 venerationem
1485 3244 1649 3308 suntf
1689 3255 1822 3320 Qua:
1851 3266 1906 3310 et
1931 3264 2059 3310 ante

480 3332 582 3403 sex
652 3346 770 3402 dies
831 3345 1058 3402 Pascha:
1094 3339 1271 3403 'sacra
1334 3347 1424 3401 illa
1480 3331 1763 3402 celebrans
1803 3349 2056 3417 mysteria

485 3439 707 3494 domum
741 3453 896 3494 suam
956 3453 1168 3493 sacram
1223 3447 1277 3494 et
1323 3438 1580 3492 mundam
1651 3438 1797 3497 fecit.
1860 3440 2060 3496 Practer

2236 2245 2372 2298 ’Λπὸ
2404 2244 2502 2315 μὲν
2561 2242 2664 2299 τοῦ.
2712 2241 2906 2314 καιροῦ
2936 2241 2998 2294 τὸ
3031 2241 3286 2312 διάφορον
3320 2243 3426 2310 τῆς
3453 2242 3603 2314 παιρά

2154 2338 2340 2408 Λουκᾷ
2365 2335 2628 2404 γυναικὸς
2655 2335 2794 2407 πρὸς
2829 2336 2927 2399 τὰς
2953 2334 3119 2398 ἄλλας
3147 2334 3292 2388 οὕτω
3340 2335 3598 2406 φανερῶς
3640 2337 3720 2389 καὶ

2155 2429 2544 2501 ἀναμφιϐόλως
2581 2429 2790 2494 ἔξεστιν
2813 2427 3014 2482 ἐννοεῖν
3034 2431 3144 2492 τοῖς
3176 2428 3528 2498 βουλομένοις
3563 2445 3578 2483 τ
3639 2431 3720 2483 καὶ

2155 2522 2264 2592 γάρ
2293 2521 2401 2574 τῶν
2427 2520 2600 2575 ἄλλων
2623 2522 2889 2591 ἑκατέρας
2919 2520 3019 2591 ἤδη
3051 2519 3144 2572 τοῦ
3173 2520 3513 2575 Δεσποτικοῦ
3537 2520 3720 2582 πάθους

2156 2615 2277 2675 ταῖς
2305 2612 2414 2664 τῶν
2453 2611 2722 2665 Ἰουδαίων
2751 2612 3005 2682 μελέταις
3036 2612 3436 2683 ἐνεργουμένου
3483 2614 3538 2665 αί
3593 2612 3718 2664 lato-

2161 2703 2274 2774 ρίαι
2300 2703 2398 2774 τὴν
2431 2703 2654 2774 μνήμην
2683 2702 2962 2769 εἰσάγουσι
2993 2718 3008 2732 ·
3059 2701 3157 2770 τὴν
3209 2701 3305 2770 μὲν
3367 2701 3481 2770 πρὸ
3513 2700 3570 2766 ἒξ
3601 2701 3719 2770 ἠμε-

2162 2795 2269 2864 ρῶν
2291 2794 2384 2848 τοῦ
2421 2793 2630 2864 Πάσχα,
2663 2792 2760 2863 τὴν
2785 2793 2842 2846 δέ
2867 2791 2974 2864 πρὸ
3003 2777 3096 2846 δύο
3123 2791 3216 2844 τοῦ
3241 2791 3454 2854 πάθους
3481 2808 3499 2824 ο
3529 2790 3718 2860 καὶτῆς

2161 2885 2259 2954 μὲν
2288 2883 2387 2954 τὴν
2423 2883 2620 2954 πρᾶξιν
2649 2884 2676 2935 6
2705 2882 3065 2953 ἡγαπημένος
3101 2883 3204 2936 ’καὶ
3243 2882 3519 2952 παρθένος
3566 2882 3718 2951 μαθη-

2157 2977 2258 3045 τὴς
2296 2975 2624 3044 ἀναγράφει,
2667 2975 2790 3044 ἧτις
2841 2975 2935 3028 καὶ
2987 2973 3190 3044 ἀδελφὴ
3243 2974 3339 3027 τοῦ
3380 2991 3445 3027 τε
3489 2974 3715 3042 Λαζάρου

2159 3065 2373 3136 καὶτῆς
2408 3064 2639 3136 Μάρθας
2671 3065 3031 3136 ἐχρημάτιζε,
3076 3067 3170 3118 καὶ
3198 3064 3307 3118 τῶν
3352 3067 3716 3135 ἀγαπωμένων

2159 3158 2488 3229 ὲγνωρίζετο
2547 3158 2640 3212 τοῦ
2696 3159 2922 3227 Κυρίου·
2951 3158 3125 3230 Ἰησοῦ
3180 3158 3445 3229 Χριστοῦ,
3495 3158 3584 3211 καὶ
3625 3155 3718 3209 τῶν

2162 3249 2615 3320 Θαυμαζομένων,
2648 3251 2749 3303 ὅσα
2771 3267 2834 3318 γε
2859 3251 2951 3303 ἐπὶ
2981 3253 3048 3321 τῇ
3097 3251 3193 3303 τοῦ
3234 3251 3349 3320 βίου
3386 3251 3674 3321 σεμνότητι
3700 3264 3711 3277 ·

2159 3340 2281 3410 ἥτις
2330 3339 2425 3393 καὶ
2452 3340 2560 3409 πρδ
2591 3340 2650 3404 ἓξ
2681 3340 2905 3412 ἡμερῶν
2927 3339 3020 3394 τοῦ
3049 3342 3240 3411 Πάσχα
3266 3341 3368 3412 τὴν
3413 3341 3560 3412 ἱερὰν
3590 3338 3715 3392 ἐκεί-

2161 3449 2258 3501 νην
2302 3431 2709 3503 ίερουργὴσασα
2763 3431 3009 3504 τελετὴν,
3060 3433 3151 3486 τὸν
3211 3429 3360 3486 οἷκον
3403 3419 3716 3503 αὺτῆςίερὸν

489 3531 590 3589 has
633 3530 791 3584 tertia
837 3537 890 3584 et
916 3529 1127 3584 ultima
1169 3533 1290 3598 quae
1321 3538 1447 3585 ante
1478 3531 1616 3584 duos
1644 3531 1760 3586 dies
1789 3531 2057 3602 passionis

2166 3523 2472 3594 ἀνάκτορον
2494 3524 2869 3596 ἀπειργάσατο
2898 3540 2912 3554 °
2939 3526 3032 3579 ἐπὶ
3061 3524 3287 3589 ταύταις
3313 3528 3347 3596 ἡ
3388 3526 3543 3597 τρίτη
3576 3523 3659 3576 καὶ
3686 3523 3713 3591 ή

487 3618 780 3674 Dominum
826 3619 1012 3683 .unxit,
1074 3621 1140 3675 de
1206 3636 1312 3692 qua
1363 3620 1648 3676 Mattheus
1711 3632 1765 3677 et
1838 3621 2054 3679 Marcus

487 3711 862 3766 narrationem
910 3710 1304 3768 ordinaverunt
1347 3714 1555 3783 :igitur
1601 3729 1782 3770 sermo
1805 3715 1926 3772 illas
1951 3724 2062 3772 tres

489 3804 686 3860 merito
707 3804 1032 3874 proclamat.
2057 3821 2059 3824 ‘

557 3974 628 4030 Et
665 3989 729 4029 ex
757 3974 861 4028 hac
890 3977 1044 4044 parte
1070 3973 1292 4042 insuper
1329 3973 1640 4029 considera.
1685 3973 1817 4030 .Una
1840 3974 2062 4046 quidem

483 4067 810 4137 simpliciter
851 4066 1070 4128 malitias
1109 4067 1331 4132 nomine
1379 4069 1652 4136 peccatrix
1713 4055 1967 4132 vocatur,
2009 4075 2064 4122 et

485 4159 543 4212 in
598 4141 761 4212 domo
806 4155 1101 4222 Pharisaei,
1160 4173 1267 4212 non
1317 4161 1515 4212 autem
1545 4157 1786 4214 Simonis
1839 4159 2061 4230 leprosi,

489 4248 678 4305 Jesum
706 4249 873 4316 videt,
921 4249 1016 4319 qui
1045 4247 1356 4303 convivium
1385 4249 1713 4304 celebrantis
1745 4251 2064 4305 invitatione

463 4330 634 4404 mea
664 4347 718 4394 et
762 4352 964 4393 mensa:
999 4337 1271 4406 particeps
1325 4337 1701 4392 accumbebat.
1761 4335 1883 4408 Ipsa
1934 4349 2061 4394 ante

436 4475 442 4482 .
489 4436 828 4500 unguentum
871 4426 1134 4484 .ell‘undit
1209 4427 1509 4498 lacryutas;
1599 4437 1654 4484 et
1700 4431 1865 4499 pedes
1930 4429 2062 4486 Jesu

491 4523 684 4594 irrigat
735 4530 792 4577 et
836 4514 1050 4591 capillis
1097 4520 1292 4591 capitis
1351 4521 1532 4591 tergit,
1571 4529 1638 4577 et.
1675 4522 1890 4576 amandi
1923 4524 2066 4592 capit

492 4612 749 4667 ﬁduciam
795 4620 850 4670 et
894 4611 1018 4666 dein
1087 4611 1254 4666 libere
1307 4612 1415 4682 agit
1479 4619 1534 4666 et
1585 4622 1863 4682 unguento
1903 4613 2065 4682 pedes

433 4769 438 4775 τ
491 4704 683 4774 ungit;
745 4717 856 4773 quo
901 4704 1067 4768 facto,
1134 4712 1311 4758 tacent
1375 4703 1596 4774 quidem
1655 4705 1748 4782 qui
1779 4705 1980 4760 adsunt
2011 4716 2066 4761 et

491 4810 654 4851 nemo
711 4794 880 4848 ullam
941 4795 1415 4863 exprobrationem
1469 4794 1808 4860 mulierculae
1866 4796 2057 4865 injicit.

433 4919 436 4921 λ
493 4886 802 4942 Pharisaeus
834 4893 1014 4942 autem
1043 4885 1194 4942 solus
1212 4895 1267 4941 et
1289 4896 1417 4942 tunc
1436 4887 1492 4941 in
1517 4902 1576 4944 se
1601 4903 1668 4944 eo
1693 4899 1814 4944 actu
1838 4901 2064 4944 vexatus

2164 3614 2468 3688 τελευταία,
2505 3616 2538 3684 ή
2570 3614 2676 3683 πρὸ
2705 3613 2797 3668 δύο
2825 3615 3047 3688 ἡμερῶν
3095 3617 3369 3686 ἀλείψασα
3403 3615 3494 3668 τοῦ
3536 3613 3714 3673 πάθους

2162 3706 2252 3760 τὸν
2284 3687 2537 3776 Σίωτῆρα,
2577 3705 2708 3777 περὶ
2731 3701 2800 3780 ἦς
2825 3708 3106 3770 Masilam;
3155 3725 3214 3761 τε
3247 3691 3594 3779 καιΜάρκος
3631 3705 3715 3773 τὴν

2161 3791 2414 3867 διήγησιν
2459 3797 2788 3862 ἀνετάξαντο
2823 3813 2838 3829 ·
2867 3786 3068 3854 οὐκοῦν
3109 3801 3136 3853 6
3162 3799 3320 3870 λόγος
3361 3799 3596 3868 εὐλόγως
3634 3795 3710 3849 ati-

2162 3889 2260 3952 τὰς
2286 3890 2435 3959 τρεῖς
2460 3887 2841 3960 ἀνακηρύττει.
3175 3945 3185 3956 ,

2237 3976 2345 4033 Καὶ
2363 3982 2466 4044 ὅρα
2493 3981 2828 4036 κάντεῦθεν⁶
2877 3983 2975 4037 καὶ
3021 3985 3055 4054 ἡ
3113 3983 3214 4055 μὲν
3267 3985 3460 4050 ἁπλῶς
3515 3983 3588 4054 τῷ
3630 3979 3714 4048 τῆς

2165 4071 2364 4135 κακίας
2423 4072 2695 4143 ὀνόματι,
2757 4064 3079 4145 ἁμαρτωλὸς
3147 4076 3506 4146 ὀνομάζεται,
3541 4077 3624 4128 καὶ
3647 4073 3713 4133 είς

2111 4190 2116 4194 ~
2162 4164 2262 4234 τὴν
2329 4163 2508 4217 οἰκίαν
2553 4164 2646 4217 τοῦ
2697 4165 3030 4236 Φαρισαίου,
3080 4167 3202 4238 οὐχὶ
3251 4169 3308 4222 δέ
3353 4169 3451 4222 τοῦ
3502 4167 3712 4239 Σίμωνος

2165 4255 2260 4309 τοῦ
2332 4258 2574 4328 λεπροῦ,
2649 4260 2772 4331 τὸν.
2807 4260 3012 4331 Ἰησοῦν
3064 4262 3207 4332 ὁρᾷ,
3264 4265 3328 4332 τῇ
3403 4261 3712 4333 παρακλήσει

2164 4348 2256 4401 τοῦ
2342 4349 2629 4414 ἐστιῶντος
2691 4350 2836 4404 ἀλῶν
2914 4352 3009 4406 καὶ
3075 4353 3354 4424 τραπέζης
3417 4349 3710 4419 κοινωνῆσαι

2165 4441 2628 4510 κατακεκλιμένον
2673 4456 2688 4472 ⁸
2761 4441 2899 4513 αὕτη
2954 4444 3050 4497 καὶ
3116 4443 3210 4497 τοῦ
3277 4444 3462 4517 μύρου,
3520 4441 3710 4513 προχέει

2164 4532 2232 4586 τὰ
2293 4533 2526 4603 δάκρυα,
2595 4535 2690 4588 καὶ
2746 4536 2874 4605 τοὺς
2932 4535 3101 4600 πόδας
3153 4536 3341 4608 βρέχει
3392 4536 3483 4590 τοῦ
3541 4531 3706 4602 Ἰησοῦ,

2165 4624 2257 4676 καὶ
2291 4627 2407 4688 ταῖς
2432 4625 2578 4696 θριξὶ
2597 4625 2697 4694 τῆς
2735 4624 2975 4698 κεφαλῆς
3031 4630 3319 4699 ἐκμάσσει,
3380 4630 3474 4683 καὶ
3507 4640 3710 4691 καταφιο

2164 4715 2274 4768 λεϊν
2303 4715 2570 4787 λαμϐάνει
2593 4716 2814 4788 θάρσος,
2855 4720 3108 4774 κάκεῖθεν
3139 4722 3586 4794 παρρησιάζεται,
3631 4714 3707 4768 καὶ

2164 4810 2243 4881 τῷ
2279 4798 2435 4882 μύρῳ
2471 4811 2598 4874 τοὺς
2655 4813 2822 4876 πόδας
2897 4813 3107 4882 ἀλείφει
3136 4831 3152 4845 ο
3203 4817 3298 4868 καὶ
3350 4812 3584 4867 σιωπῶσι
3624 4807 3709 4875 μὲν

2166 4903 2258 4956 ἐπὶ
2274 4905 2343 4974 τῇ
2376 4904 2572 4972 πράξει
2605 4905 2815 4969 πάντες,
2836 4906 2887 4957 oi
2915 4907 3203 4976 παρόντες,
3253 4909 3344 4961 διαὶ
3369 4907 3536 4968 οὐδεὶς
3582 4900 3705 4954 οὐδε·

492 4975 713 5046 aguitus
743 4983 848 5033 est.
881 4975 1063 5045 lnquit
1086 4976 1231 5054 enim
1268 4994 1282 5030 :
1332 4993 1350 5028 ι
1375 4975 1474 5032 llic
1503 4977 1549 5033 si
1593 4977 1854 5048 prepheta
1898 4987 2057 5044 esset,

2173 4995 2302 5064 μίαν
2331 4996 2648 5066 ἐπιτίμησιν
2675 4997 2871 5064 ἐπάγει
2927 4975 3004 5067 τῷ
3033 4999 3259 5069 γυναίῳο
3283 5001 3311 5052 6
3346 5000 3403 5052 δὲ
3451 4993 3705 5066 Φαρισαῖος

490 5069 656 5125 sciret
709 5063 898 5140 utique
960 5083 1210 5138 quaenam
1270 5078 1324 5124 et
1376 5069 1552 5141 qualis
1591 5070 1661 5124 sit
1701 5071 1896 5126 mulier
1941 5088 2063 5140 quae

489 5147 615 5218 eum
646 5165 839 5231 tangit,
883 5169 939 5216 et
977 5176 1095 5216 cam
1155 5163 1512 5231 peccatricem
1549 5178 1669 5217 esse
1689 5163 1754 5218 ⁸⁸.
1779 5181 1799 5216 ι
1864 5163 2064 5218 Deinde

489 5255 652 5310 Jesus
671 5253 820 5309 illum
843 5253 1078 5324 propriis
1105 5254 1286 5309 verbis
1309 5264 1525 5309 coercet
1558 5269 1730 5322 osque
1750 5255 1798 5308 ei
1838 5255 2061 5322 claudit,

490 5341 738 5396 mulieris
772 5351 953 5397 autem
1009 5350 1192 5397 actum
1243 5343 1457 5400 extollit
1513 5350 1568 5397 ct
1618 5343 2063 5410 convenientibus

489 5433 680 5505 elogiis
718 5443 1031 5497 veneratur,
1084 5440 1158 5497 et_
1191 5430 1497 5486 mercedem
1538 5436 1693 5485 actus
1728 5429 1776 5484 ei
1803 5445 2060 5501 maguum

419 5547 434 5559 ι
489 5541 693 5582 munus
715 5525 914 5590 reddit,
947 5531 1297 5596 peccatorum
1339 5521 1751 5590 remissionem;
1797 5532 1851 5578 et
1891 5539 2066 5594 neque

491 5619 594 5674 hoc
625 5617 702 5672 illi
729 5617 960 5683 sullicit,
1002 5615 1097 5672 sed
1126 5625 1180 5670 et
1219 5615 1448 5670 salutem
1493 5614 1545 5668 in
1573 5613 1692 5683 ejus
1741 5616 2064 5672 sententiam

534 5801 576 5830 ⁸⁷
602 5798 793 5853 Matth.
825 5812 960 5862 xvn,
992 5796 1016 5849 l
1054 5812 1206 5868 seqq.
1245 5797 1289 5829 °°
1315 5767 1570 5862 Luc:vn,
1606 5797 1698 5851 59.

2174 5087 2335 5156 μόνος
2350 5087 2444 5138 καὶ
2470 5087 2593 5140 τότε
2610 5089 2666 5152 ἐν
2685 5081 2862 5158 ἐαυτῷ
2882 5092 2946 5160 τῇ
2970 5090 3166 5160 πράξει
3187 5090 3541 5162 δυσχεραίνων
3561 5079 3701 5167 £7905.-

2173 5179 2271 5248 σθη
2307 5195 2321 5209 ⁸
2358 5181 2493 5250 φησὶ
2523 5181 2630 5251 γάρ
2661 5198 2677 5212 ⁸
2713 5199 2732 5232 ε
2773 5179 2939 5245 Οὗτος
2963 5185 3011 5235 εὶ
3042 5177 3108 5252 ἦν
3133 5185 3416 5254 προφήτης
3445 5179 3702 5248 ἐγίνωσκεν

2172 5271 2240 5324 ἂν
2270 5270 2353 5333 τίς
2373 5272 2467 5324 καὶ
2511 5274 2729 5342 ποταπὴ
2758 5274 2790 5342 ἡ
2817 5273 2954 5345 γυνὴ
2987 5274 3110 5345 ἥτις
3162 5275 3394 5328 ἅπτεται
3440 5267 3609 5331 αὑτοῦ,
3634 5264 3701 5316 δτι

2172 5365 2499 5435 ἁμαρτωλός
2551 5368 2699 5419 ἐστιν
2724 5383 2740 5440 '_
2776 5386 2794 5419 ι
2831 5363 2948 5420 εἶτα
2989 5371 3018 5421 6
3050 5367 3255 5439 Ἰησοῦς
3284 5371 3482 5420 ἐκεῖνον
3510 5362 3599 5433 μὲν
3648 5355 3700 5405 ἐκ

2172 5455 2520 5510 τῶνοίκείων
2578 5456 2750 5526 λόγων
2800 5461 3119 5530 συμποδίζει
3147 5479 3204 5515 τε
3257 5462 3352 5515 καὶ
3377 5451 3695 5523 ἐπιστομίζειν

2173 5551 2271 5619 τῆς
2323 5550 2382 5603 δὲ
2439 5552 2700 5619 γυναικὸς
2723 5553 2822 5624 τὴν
2872 5554 3070 5624 πρᾶξιν
3120 5556 3339 5626 ἐπαίρει
3374 5571 3448 5618 τε,
3491 5541 3698 5602 καὶτοῖς

2176 5632 2480 5712 πρέπουσιν
2508 5643 2805 5715 ἐγκωμίοις
2834 5646 3219 5718 ἀποσεμνύνει,
3249 5646 3342 5702 καὶ
3379 5641 3551 5717 μισθὸν
3580 5630 3694 5698 αὖτῇ
