3864 6208
122 254 144 269 .
171 215 260 281 861
432 234 461 287 ·,
1055 223 1157 284 AD
1185 223 1781 308 AMPHIL‘OCHIUM
1815 229 2160 303 QUIESTIO
2191 208 2460 294 xctr‘nrt

3308 232 3415 299 362

171 329 257 397 τῆς
283 325 519 396 πράξεως
549 328 890 386 ἀντιδίδωσιν
917 333 976 387 τὸ
1001 332 1146 404 μέγα
1178 336 1373 408 δῶρον,
1396 339 1504 392 τῶν
1536 341 1720 412 ἁμαρ-

1829 333 2090 398 adducit:
2161 341 2365 397 «Fides
2415 351 2531 409 tua,
2584 342 2784 413 inquit,
2833 353 2883 401 te
2914 345 3121 401 salvam
3165 343 3408 403 focit‘h

169 420 407 488 τημάτων
434 421 532 492 τὴν
564 423 760 490 ἄφεσιν
790 439 804 453 ⁸
852 424 948 478 καὶ
971 425 1094 479 οὑδὲ
1130 428 1294 499 μέχρι
1348 431 1540 484 τούτου
1575 431 1729 486 ἵστα-

171 526 269 575 ται,
301 511 424 585 ἄλλᾲ
480 515 578 567 καὶ
632 514 778 592 τὴν,
819 515 924 587 τῆς
983 520 1244 586 γυναικὸς
1303 523 1582 593 σωτηρίαν
1646 526 1729 589 είς

1837 435 1912 490 Ea
1982 436 2151 507 igitur
2219 451 2357 508 quae
2403 435 2546 506 apud
2613 435 2815 492 Lucam
2884 438 3160 496 invenitur
3212 439 3415 495 talibus

1833 524 2156 583 differentiis
2182 527 2252 582 ab
2285 527 2409 581 aliis
2439 526 2789 584 discernitur.
3161 525 3166 530 ’

170 604 257 675 τὴν
282 604 438 675 αὐτῆς
467 604 659 675 ἀνάγει
688 607 939 680 γνώμην,
977 628 998 661 ι
1023 611 1092 665 Ἥ
1118 611 1298 686 πίστις
1330 631 1423 668 σου
1449 617 1578 688 γὰρ,
1610 618 1766 689 φησι,
1809 617 2030 672 σέσωκέ
2060 636 2140 675 σε.
2173 638 2194 670 ι
2236 618 2387 690 Αὕτη
2418 620 2516 690 μὲν
2558 616 2652 676 οὖν
2690 621 2900 693 ἡπαρᾶι
2946 624 3024 694 τῷ
3075 624 3261 696 Δουκᾷ
3319 623 3416 678 καὶ

169 698 430 762 τοσαύταις
499 701 634 770 πρὸς

250 793 312 847 Ἠ
361 794 412 848 δὲ
481 796 634 882 παρὰ
697 799 777 870 τῷ
830 800 1181 873 ἠγαπημένῳ
1223 804 1436 876 μαθητῇ
1486 808 1722 879 ἐμφανε-

175 884 353 953 στάτην
398 884 496 955 μὲν
560 886 674 956 ἔχει
733 889 833 960 τὴν
887 891 1174 962 διαφορὰν,
1227 887 1314 947 ὅτι
1377 897 1474 949 καὶ
1537 898 1724 966 γένους

170 973 396 1046 λαμπροῦ
449 977 544 1030 καὶ
604 979 784 1042 οἰκίας
828 980 1102 1052 ἐπισήμου
1161 983 1258 1038 καὶ
1307 984 1726 1059 θαυμαζομένου

174 1064 293 1132 βίου,
324 1066 408 1138 καὶ
459 1066 552 1120 τὸν
609 1069 842 1138 ἀδελφὺν
906 1072 1182 1127 ἀπέλαϐεν
1222 1075 1350 1146 ἄρτι
1401 1077 1513 1132 τῶν
1543 1079 1728 1133 πυλῶν

161 1156 500 1234 ἠναδεδυκότα
553 1159 648 1214 τοῦ
680 1161 807 1232 ᾆδου
834 1178 848 1192 ⁶
893 1163 970 1226 ὡς
1013 1165 1108 1218 καὶ
1147 1168 1493 1222 συνανέκειτο
1537 1172 1593 1222 ὲν
1647 1171 1726 1242 τῷ

170 1246 347 1319 δείπνῳ
385 1249 477 1304 τοῦ
541 1251 740 1322 Ἰησοῦ,
795 1254 898 1326 τῆς
949 1248 1170 1326 Μαρίας
1222 1259 1394 1332 αὐτῆς
1442 1261 1726 1316 διακονού-

173 1354 276 1404 σης,
316 1339 470 1408 ἡνίκα
498 1343 597 1396 καὶ
630 1345 898 1413 προσάγει
952 1347 1014 1401 τὸ
1069 1347 1261 1419 μῦρον,
1321 1352 1416 1405 καὶ
1454 1337 1722 1424 ἐκμάσσει

716 705 837 768 ταῖς
910 704 1098 771 ἄλλαις
1151 707 1474 780 ἀφορίζεται
1536 712 1839 784 διαφοραῖς.

1896 807 2030 876 Quae
2052 825 2191 865 vero
2211 819 2292 865 est
2318 809 2462 879 apud
2495 808 3101 880 dilectum'discipnlum
3123 809 3415 866 manifesta

1823 901 2044 970 quidem
2077 909 2300 955 notatur
2330 901 2657 968 differentia,
2709 901 2855 972 quod
2889 916 3085 974 nempe
3120 909 3176 958 et
3215 916 3420 972 genere

1824 991 2025 1048 illuétri
2054 1001 2108 1048 et
2137 993 2337 1050 celebri
2364 981 2526 1050 dumo
2556 1004 2611 1050 et
2643 993 2878 1050 mirabili
2909 993 3020 1049 vita
3055 1005 3175 1061 est;
3209 1004 3264 1051 et
3304 995 3415 1049 fra-

1828 1092 1961 1140 trem
1993 1085 2197 1155 recepit
2221 1100 2414 1142 recens
2446 1101 2495 1141 a‘
2525 1087 2696 1161 portis
2729 1086 2890 1141 inferi
2944 1095 3280 1150 retractum;
3321 1087 3414 1156 qui

1832 1175 2083 1230 recubuit
2111 1175 2164 1230 in
2183 1191 2338 1232 caena
2371 1191 2493 1232 cum
2517 1175 2667 1244 Iesu,
2701 1176 2870 1233 Maria
2895 1178 3014 1248 ipsa
3047 1177 3415 1242 ministrante,

1832 1263 2051 1332 quando
2081 1270 2136 1318 et
2187 1269 2468 1335 ungue‘nta’
2510 1264 2742 1320 effundit
2793 1275 2848 1319 et
2886 1267 3049 1334 tergit
3091 1275 3146 1320 et
3179 1265 3294 1338 ipsa
3325 1277 3418 1329 ca-

1833 1345 2154 1424 pillis,non
2191 1356 2255 1410 ad
2307 1357 2804 1413 remunerationem
2855 1359 3095 1429 aliquam
3165 1358 3413 1414 divinum

171 1431 250 1522 καὶ
276 1432 405 1502 αὐτὴ
443 1437 564 1499 ταῖς
601 1435 800 1506 θριξὶν.
834 1439 897 1493 οὐ
927 1439 1066 1512 πρὸς
1115 1442 1446 1512 ἀντάμειψίν
1488 1461 1614 1500 τινα
1663 1447 1723 1501 τὸ

1829 1446 1935 1502 hoc
1975 1462 2113 1518 opus
2137 1462 2371 1518 ponens,
2410 1451 2502 1506 sed
2535 1451 2716 1522 potius
2750 1451 3100 1522 gratitudinis
3137 1451 3412 1522 piaculum

175 1520 449 1592 θεοπρεπὲς
471 1525 656 1603 οέργον
714 1529 1196 1604 καταϐαλλομένη,
1229 1533 1347 1588 ἀλλ’
1375 1535 1728 1608 εὐχαριστίας

173 1608 350 1676 μᾶλλον
381 1611 478 1682 τῆς
505 1617 884 1688 γεγενημένης
905 1621 1035 1692 περὶ
1068 1621 1160 1675 ¹τὸν
1185 1624 1412 1694 ἀδελφὸν
1441 1625 1728 1700 θεουργίας

168 1699 434 1768 ἀφοσίωσίν
479 1722 600 1760 τινα
628 1709 939 1764 ὲπινοοῦσα.
976 1713 1276 1770 Κάνταῦθα
1325 1716 1424 1788 μὲν
1451 1718 1502 1771 of
1553 1699 1730 1788 μαθηο

167 1791 244 1843 ταὶ
273 1793 482 1859 πάντες,
514 1800 642 1869 σιγῇ
663 1799 761 1870 τὴν
786 1800 986 1870 πρᾶξιν
1002 1803 1332 1873 ἠσπάζοντο’
1361 1809 1458 1862 καὶ
1480 1808 1572 1863 τοῦ
1597 1810 1728 1882 περὶ

167 1880 245 1934 τὸν
270 1884 509 1957 Λάζαρον
542 1887 822 1960 θαύματος
852 1893 985 1958 ἴσως
1015 1895 1114 1966 τὴν
1163 1897 1470 1970 ὑπερϐολὴν
1513 1880 1726 1956 ἐννοοῦ-

173 1985 302 2038 μενοι
327 1973 415 2026 καὶ
463 1975 863 2051 τῆς-γυναικὸς
918 1982 1018 2052 τὴν
1072 1981 1362 2040 εὐλάϐειαν
1417 1987 1484 2042 δι’
1544 1987 1727 2054 αἰδοῦς

173 2061 405 2131 φέροντες
428 2080 444 2097 ο
504 2066 670 2136 μόνος
701 2069 759 2123 δὲ
790 2073 889 2142 τῆς
917 2073 1282 2148 φιλαργυρίας
1337 2078 1400 2132 τὸ
1455 2081 1728 2152 ἀνδράπο-

161 2153 381 2245 tamen;
439 2158 730 2229 προδοσίας
782 2164 810 2216 ὁ
868 2164 1113 2238 κάπηλος
1165 2171 1566 2240 καταγογγύζει
1625 2177 1726 2245 τῆς

169 2244 390 2315 πράξεως
417 2264 432 2280 ο
458 2251 554 2303 καὶ
580 2253 608 2304 ὀ
640 2252 850 2322 Ἰησοῦς
875 2257 975 2328 τὴν
1005 2259 1165 2313 νόσον
1193 2261 1283 2330 ὑφ’
1325 2281 1393 2336 ης
1447 2244 1724 2337 κεκρατη-

171 2337 307 2406 μένος
340 2339 508 2395 ταῦτα
541 2342 814 2413 ἔπραττεν
869 2349 950 2411 είς
1010 2350 1177 2420 μέσον
1219 2353 1393 2422 ἄγων,
1443 2351 1597 2412 εἶπεν
1627 2361 1724 2414 αὺ-

167 2428 248 2500 τῷ·
282 2448 300 2482 ι
331 2432 499 2502 Ἀφες
527 2435 725 2508 αὐτὴν,
759 2426 841 2503 εἷς
873 2440 971 2511 τὴν
996 2443 1209 2514 ἡμέραν
1231 2447 1326 2500 τοῦ
1349 2450 1720 2521 ἐνταφιασμοῦ

1831 1549 2051 1610 propter
2077 1528 2280 1596 factum
2318 1543 2374 1597 in
2403 1543 2631 1598 fratrem
2672 1543 2997 1598 miraculum
3046 1544 3313 1615 cogitans.
3348 1543 3416 1598 Et

1830 1639 1962 1685 tunc
1999 1630 2255 1701 discipuli
2317 1647 2511 1689 omnes
2566 1634 2786 1689 silentio
2827 1632 3097 1690 actionem
3145 1635 3412 1705 probave-

1829 1731 1994 1790 runt;
2042 1731 2096 1778 et
2137 1724 2389 1779 miraculi
2427 1725 2482 1779 in
2515 1723 2782 1779 Lazarum
2830 1725 2968 1782 forte
3005 1741 3292 1781 excessum
3326 1727 3412 1780 in;

1801 1815 2156 1885 ‘telligentes,
2205 1825 2260 1871 et
2327 1815 2544 1871 feminzc
2599 1816 3024 1872 sollicitudinem
3070 1817 3413 1873 venerationi

1829 1908 2110 1964 habentes.
2161 1907 2326 1965 Solus
2357 1909 2600 1965 avaritia:
2637 1925 2830 1967 servus
2869 1908 3198 1982 proditionis
3231 1925 3411 1980 caupo

1829 2010 2014 2055 actum
2046 2001 2339 2072 vituperat,
2397 2001 2636 2059 etJesns
2695 2003 2946 2058 morbum
3002 2017 3112 2072 quo
3157 2001 3413 2079 laborans

1829 2093 1931 2148 hoc
1955 2094 2168 2165 agebat,
2199 2095 2254 2149 in
2295 2095 2534 2150 medium
2559 2093 2866 2166 proferens,
2887 2094 3062 2166 inquit
3093 2093 3204 2148 illi:
3237 2113 3256 2146 ι
3284 2093 3415 2148 Sine

1826 2184 2008 2253 illam;
2041 2186 2094 2241 in
2123 2187 2266 2249 diem
2301 2187 2446 2242 enim
2489 2187 2781 2258 sepulturae
2835 2201 2971 2242 mea
3025 2185 3129 2242 hoc
3159 2185 3417 2240 observa-

1825 2276 1901 2331 vit
1923 2276 2004 2341 7°;
2045 2295 2062 2328 ι
2092 2277 2144 2332 id
2167 2285 2251 2332 est
2279 2295 2292 2332 :
2323 2285 2378 2332 tu
2396 2277 2622 2348 quidem
2647 2293 2780 2334 meae
2799 2274 2960 2332 morti
2990 2274 3261 2343 Studes,et
3290 2274 3414 2332 ideo

1824 2368 1920 2423 tibi
1951 2362 2119 2439 hujus
2154 2371 2422 2442 unguenti
2456 2371 2694 2440 pretium
2739 2369 3160 2426 dilectissimum
3187 2378 3288 2425 est.
3315 2367 3410 2423 Illa

1824 2470 2008 2516 autem
2035 2473 2184 2518 tuam
2217 2463 2458 2534 exlegem
2512 2463 2783 2518 actionem
2812 2477 2908 2533 per
2931 2477 2993 2517 ea
3028 2477 3152 2532 quae
3190 2470 3412 2531 operata

171 2525 581 2620 μου
604 2528 757 2583 αὑτό.
789 2549 808 2580 ι
850 2529 996 2586 Ἀντὶ
1022 2535 1136 2597 τοῦ,
1171 2536 1244 2589 Σὺ
1297 2537 1397 2609 μὲν
1451 2540 1543 2598 τὸν
1587 2543 1720 2612 ἐμὸν

1829 2561 1906 2606 est
1932 2552 2210 2620 inscribit;
2250 2565 2304 2608 et
2331 2525 2510 2617 docet,
2543 2550 2645 2606 etsi
2669 2525 2879 2605 disce-re
2903 2565 3014 2619 prae.
3035 2525 3412 2614 divitia-nolis,

170 2615 456 2681 σπουδάζεις
482 2618 737 2686 θάνατον,
756 2621 847 2674 διὰ
864 2623 1019 2677 τοῦτό
1045 2642 1126 2679 σοι
1153 2627 1245 2680 καὶ
1269 2630 1302 2700 ἡ
1329 2629 1422 2683 τοῦ
1456 2631 1628 2702 μύρου
1641 2650 1720 2686 τι-

1829 2658 1881 2699 se
1906 2645 1953 2698 ei
1983 2626 2143 2714 quem
2172 2644 2329 2715 cupis
2351 2643 2586 2714 prodere
2611 2651 2672 2698 ut
2693 2641 2803 2696 Deo
2829 2641 3161 2699 sacrificium
3189 2639 3411 2714 offerre,

172 2706 232 2776 μὴ
257 2709 738 2794 περισπούδαστον·
773 2713 913 2785 αῦτη
925 2714 982 2768 δέ
1005 2734 1098 2772 σου
1112 2718 1490 2792 τὴνέκθεσμον
1517 2724 1715 2794 πρᾶξιν

169 2797 245 2849 καὶ
261 2798 320 2851 δι’
345 2793 426 2854 ὤν’
448 2803 748 2873 εἰργάσατο
764 2806 1100 2881 ’στηλιτεύειο
1135 2811 1230 2863 καὶ
1249 2811 1488 2867 διδάσκει
1514 2793 1617 2868 κᾶν
1645 2815 1720 2886 μὴ

172 2890 338 2956 μαθεῖν
353 2895 688 2974 ,ἐπωρώθηα
722 2899 806 2952 ὅτι
839 2899 1008 2970 ὅνπερ
1037 2902 1100 2955 σὺ
1144 2903 1438 2973 προδοῦναι
1486 2906 1722 2960 σπουδά-

169 2977 282 3045 ζεις,
309 2983 442 3054 αὕτη
466 2985 586 3057 Θεῷ
613 2988 703 3040 ἴσα
733 2987 980 3053 θυσιάζει
1014 2991 1110 3044 καὶ
1135 2991 1349 3048 σέϐεται
1375 3009 1391 3026 ⁸
1437 2988 1576 3069 ἀλλα
1608 3000 1720 3051 τοι-

170 3073 286 3145 αύτη
317 3076 412 3147 μὲν
451 3079 543 3132 καὶ
577 3080 612 3151 ἡ
652 3080 749 3134 τοῦ
792 3081 1050 3154 Λαζάρου
1079 3083 1310 3156 ἀδελφή.
1353 3085 1418 3140 Ἦ
1471 3087 1528 3141 δὲ
1555 3090 1717 3160 λοιπὴ

168 3166 296 3255 τρὶτη
326 3169 429 3223 τῶν
457 3173 838 3242 ἐπικειμένων
865 3175 944 3246 τῷ
989 3177 1234 3249 Δεσπότῃ
1253 3178 1324 3231 -τὸ
1356 3179 1547 3252 μύρον,
1591 3184 1722 3255 περὶ

169 3249 223 3325 ἧς
245 3259 458 3330 Μάρκος
487 3261 584 3316 καὶ
622 3264 903 3329 Ματθαῖος
955 3269 1334 3338 ἱστορήκασιν,
1360 3249 1483 3326 im.
1511 3274 1568 3328 δὲ
1623 3249 1719 3329 τοῦ

169 3347 252 3427 τῆς
275 3353 526 3422 πορνείας
559 3349 725 3422 ἄγους
760 3357 1184 3428 ἐπονομάζεται,
1217 3363 1274 3414 ἐν
1329 3365 1392 3434 τῇ
1427 3365 1576 3436 οἰκίᾳ
1624 3367 1723 3434 μὲν

169 3447 498 3514 παραγίνεται
519 3450 776 3520 Σίμωνος
806 3451 900 3505 τοῦ
935 3453 1162 3524 λεπροῦ,
1197 3456 1257 3508 οὐ
1309 3456 1432 3510 τότε
1479 3457 1724 3530 λεπρῶν-

168 3552 258 3603 τος,
280 3537 409 3594 ἀλλα
443 3540 608 3595 πάλαι
641 3542 740 3612 μὲν
771 3543 849 3614 τῷ
883 3545 1050 3599 πάθει
1081 3547 1470 3618 κατεχομένου,
1513 3549 1632 3603 τότε
1666 3549 1724 3604 δὲ

171 3630 222 3699 τῇ
246 3629 332 3684 τοῦ
399 3631 579 3702 Ἰησοῦ
603 3633 988 3707 φιλανθρωπίᾳ
1020 3636 1462 3709 κεκαθαρμένον,
1522 3640 1590 3694 ὃν
1625 3642 1722 3696 καὶ

171 3717 196 3786 ἡ
236 3721 396 3793 πόρνη
435 3712 876 3795 συνεπισταμένη
951 3726 1047 3780 καὶ
1093 3726 1152 3792 ἐξ
1199 3728 1312 3781 οἵου
1352 3729 1722 3802 βδελυγματος

171 3810 236 3872 εἰς
259 3813 366 3865 οἷαν
413 3814 535 3884 ὄψιν
584 3816 932 3888 ἀποκατέστη
973 3817 1066 3872 τὸν
1106 3819 1310 3889 χρῶτα,
1374 3821 1593 3885 ἐλπίδας
1661 3841 1719 3876 τε

170 3901 476 3974 ἀνελάμϐανε
507 3895 751 3980 imm;
783 3911 1168 3982 ἀπαλλαγῆναι
1199 3910 1295 3965 τοῦ
1339 3911 1575 3984 ψυχικοῦ
1611 3916 1717 3985 μύο

173 4012 293 4063 σονς,
321 4003 413 4054 καὶ
432 4004 748 4075 παρρησίας
795 3995 1005 4082 ἐγίνετο
1063 4007 1382 4074 προσελθεῖν
1406 4007 1484 4077 τῷ
1517 4007 1716 4080 Ἰησοῦ,

171 4089 246 4141 καὶ
271 4090 330 4162 δὴ
356 4093 728 4164 προσελθοῦσα
753 4093 852 4164 οὐχ
872 4095 1104 4152 ἅπτεται
1141 4097 1241 4166 μὲν
1275 4100 1355 4169 ⁸τῇ
1393 4099 1558 4172 χειρὶ,
1591 4099 1714 4152 οὐδὲ

172 4182 268 4245 ταῖς
290 4181 456 4253 θριξὶν
503 4185 775 4256 ὲκμάσσει
831 4185 992 4240 ὀὐδὲ
1026 4187 1135 4256 γὰρ
1171 4187 1353 4242 οὐδενὶ⁸
1407 4188 1558 4257 μέλει
1622 4187 1718 4241 τοῦ

174 4272 392 4343 σώματος
436 4276 641 4346 ψαῦσαι
677 4276 771 4331 τοῦ
819 4278 1071 4347 Σωτῆρος
1121 4276 1428 4347 ἁτὸλμητον
1465 4280 1721 4344 ἐποιεῖτο,

107 4397 110 4400 ~
172 4365 266 4442 ἀλλ’
293 4369 561 4438 ἄψαυστον
611 4370 745 4424 αὐτὸ
795 4369 1311 4443 τοῦὲρῤυπωμένου
1356 4370 1564 4441 χρωτὸς
1594 4388 1722 4424 συν-

171 4461 406 4530 τηροῦσα,
439 4463 665 4518 κλέπτει
692 4464 793 4533 τὴν
821 4463 910 4516 διὰ
934 4463 1028 4516 τοῦ
1066 4463 1242 4534 μόρου
1278 4462 1444 4534 τιμὴν
1491 4463 1584 4516 καὶ
1632 4462 1724 4516 θυ-

175 4553 274 4606 σίαν
292 4572 306 4587 ο
337 4558 429 4610 καὶ
452 4557 512 4610 τὸ
537 4555 879 4628 ἀλάϐαστρον
911 4556 1499 4628 συντρίψασαγὰθρόοκ)
1525 4557 1588 4610 τὸ
1616 4557 1722 4627 μύ-

178 4658 248 4710 ρον
267 4646 356 4716 τῆς
375 4648 618 4717 κεφαλῆς
641 4647 850 4718 ἐπιχέει
871 4665 885 4679 ·
917 4649 1009 4701 καὶ
1028 4650 1394 4716 ἀγανακτοῦσι
1421 4642 1725 4718 τηνικαῦτα

174 4733 250 4803 οὐχ
277 4736 304 4788 ὁ
343 4738 656 4808 Φαρισαῖος,
687 4739 810 4792 οὐδὲ
855 4739 1016 4810 μόνος
1063 4739 1402 4812 ἀπροδότης,
1445 4740 1582 4795 ἀλλὰ
1616 4742 1724 4796 τῶν

178 4825 400 4896 μαθητῶν
455 4831 556 4884 οὐκ
603 4829 799 4898 ὀλίγοι.
839 4828 904 4884 Ἦ
952 4831 1009 4884 δὲ
1065 4833 1403 4903 γεγενημένη
1451 4833 1724 4903 διαφόρως

176 4914 511 4993 ἀγανάκτησις
545 4923 650 4978 οὐκ
679 4925 788 4977 ἀπὸ
811 4923 910 4995 τῆς
941 4924 1113 4996 αὐτῆς
1157 4925 1542 4998 ἀνερριπίζετο
1584 4927 1723 4996 γνὼ-

178 5024 282 5077 μης,
308 5013 438 5069 ἀλλὰ
483 5015 580 5069 τοῦ
624 5017 722 5087 μὲν
756 5017 998 5088 Σίμωνος
1049 5018 1124 5083 ὡς
1168 5019 1320 5072 οὐδὲν
1357 5018 1559 5090 ὑψηλὸν
1593 5021 1723 5089 περὶ

177 5098 248 5180 τὶν
273 5101 602 5178 θεραπευτὴν
643 5107 740 5160 καὶ
787 5109 1018 5180 Σωτῆρα
1055 5109 1489 5180 φανταζομένου,
1529 5109 1624 5163 τοῦ
1666 5111 1722 5164 δὲ

177 5175 319 5265 Ἰούδα
344 5196 416 5261 ὡς
443 5197 522 5269 τῷ
554 5175 656 5269 τῆς
695 5175 1252 5271 φιλαργυρίας-πάθει
1285 5175 1718 5273 κεκρατημένου,
1759 5237 1766 5242 -

177 5282 266 5337 τῶν
293 5287 345 5341 δὲ
383 5289 640 5360 μαθητῶν
674 5291 749 5352 ὡς
776 5291 910 5360 ἐλέῳ
943 5292 1051 5354 τῶν
1083 5292 1396 5361 πενομένων
1440 5295 1722 5363 ἐκνενικη-

183 5374 359 5440 μένων·
392 5383 488 5453 οὐχ
519 5382 664 5436 ὥστε
703 5383 766 5436 τὸ
796 5384 1127 5445 Δεσποτικὸν
1162 5384 1381 5456 φίλτρον
1427 5385 1521 5439 καὶ
1557 5385 1721 5448 σέϐας

183 5464 621 5546 ἒνδευτερωθῆνάι,
663 5475 780 5529 ἀλλ’
812 5476 893 5530 ὅτι
929 5478 1181 5532 κάκεῖνον
1203 5477 1426 5548 ᾔδεισαν
1450 5479 1544 5531 τὸν
1573 5479 1720 5532 ἔλεον

184 5561 258 5614 κιὶ
279 5565 435 5638 αὐτῆς
461 5569 823 5640 προκρίνοντα
837 5568 939 5640 τῆς
962 5568 1170 5633 θυσίαςι
1204 5569 1391 5626 Ἔλεον
1410 5571 1540 5645 γὰρ,
1564 5571 1719 5641 φησι,

213 5677 250 5712 ⁸⁸
269 5676 386 5738 Luc.
417 5700 512 5748 vit,
553 5685 642 5741 50.
719 5684 762 5716 π’
803 5682 958 5739 Joan.
988 5698 1079 5748 xu,
1111 5685 1162 5738 7.

1823 2742 1876 2788 ct
1898 2749 2021 2788 eum
2051 2743 2110 2789 ut
2137 2734 2305 2790 Deum
2332 2735 2604 2791 venerari.
2637 2733 2742 2788 Sed
2772 2729 2834 2787 ea
2869 2740 2986 2788 erat
3010 2731 3202 2786 Lazari
3232 2747 3409 2789 soror.

1828 2824 2056 2895 Reliqua
2089 2841 2220 2881 vero
2264 2827 2422 2885 tertia
2449 2841 2636 2880 earum
2667 2841 2788 2896 qua:
2817 2823 3047 2878 Domino
3074 2831 3411 2895 unguentum

1827 2918 2170 2983 effuderunt,
2209 2918 2369 2987 cujus
2413 2916 2628 2972 Marcus
2657 2927 2711 2973 et
2764 2916 3066 2970 Matthreus
3107 2912 3402 2969 historiam
3503 2932 3506 2935 ·

1829 3009 2102 3075 scribunt,
2138 2999 2202 3064 ex
2255 3009 2638 3064 fornicationis
2692 3009 2897 3064 scelere
2949 3007 3409 3077 cognominatur;

1817 3100 1882 3155 .in
1914 3101 2080 3155 domo
2114 3100 2336 3169 quidem
2388 3100 2634 3155 Simonis
2681 3099 2880 3168 lcprosi
2929 3096 3106 3161 adest,
3159 3110 3270 3150 non
3298 3094 3410 3165 jam

1827 3193 1976 3263 lepra
2007 3193 2334 3259 laborantis,
2373 3193 2469 3248 sed
2504 3192 2634 3246 olim
2671 3192 2776 3245 hoc
2809 3190 3002 3246 morbo
3045 3175 3245 3260 operti,
3283 3193 3415 3246 tunc

1826 3300 1956 3341 vero
1989 3283 2118 3340 Jesu
2174 3284 2548 3340 misericordia
2602 3283 2886 3350 mandati;
2938 3297 3100 3351 quem
3135 3282 3411 3352 peccatrix

1826 3388 2166 3447 cognoscens
2195 3384 2250 3432 et
2273 3377 2453 3433 sciens
2477 3392 2542 3431 ex
2599 3393 2704 3446 qua
2731 3375 2886 3447 pellis
2911 3373 3316 3431 abominatione
3343 3375 3414 3430 ad

1826 3483 1989 3539 quem
2022 3479 2302 3537 aspectum
2331 3485 2630 3526 conversus
2669 3468 2775 3534 sit,
2831 3483 3091 3539 spemque
3156 3467 3416 3544 concepit-

1826 3560 2027 3615 bonam
2055 3561 2171 3616 fore
2201 3570 2260 3616 ut
2285 3571 2338 3617 et
2380 3561 2494 3632 ipsa
2529 3577 2556 3613 a
2593 3560 2868 3631 spirituali
2907 3560 3112 3616 scelere
3147 3558 3414 3615 liberare:

1827 3659 1936 3714 tur,
1955 3661 2010 3706 et
2025 3650 2513 3706 licentiam-habuit
2535 3648 2722 3706 Jesum
2751 3649 3010 3713 adeundi,
3045 3657 3098 3704 et
3119 3659 3410 3720 postquam

1826 3744 2082 3808 accessit,
2116 3744 2432 3813 non-tangit
2459 3758 2583 3798 enm
2618 3757 2804 3804 manu,
2835 3757 3016 3812 neque
3059 3740 3271 3811 capillis
3303 3749 3413 3796 ter—

1826 3833 1936 3904 git;
1970 3846 2079 3886 non
2101 3833 2246 3886 enim
2291 3833 2403 3886 ullo
2430 3831 2678 3886 membro
2719 3829 3020 3885 Salvatoris
3063 3843 3267 3898 corpus
3291 3837 3415 3883 tan-

1823 3937 1948 3994 gere
1969 3934 2102 3975 ausa
2125 3919 2416 3980 esset,.sed
2447 3919 2711 3974 intactum
2737 3917 2920 3987 ipsum
2943 3930 2975 3971 a
3006 3916 3212 3987 polluta
3243 3929 3412 3971 carne

1824 3996 2456 4076 observansghonorem
2488 4024 2585 4079 per
2610 4016 2951 4079 unguentum
2980 4014 3034 4063 et
3077 4006 3409 4064 sacrificium

1824 4103 2026 4165 celat;
2059 4110 2116 4156 ct
2169 4100 2503 4154 alabastrum
2532 4094 2826 4169 postquam
2870 4097 3140 4169 fregisset,
3177 4097 3410 4152 multum

1833 4201 2173 4264 unguentum
2210 4193 2263 4247 in
2289 4199 2453 4262 caput
2487 4191 2605 4259 ejus
2650 4189 2902 4246 effundit.
2943 4188 3009 4244 Et
3061 4188 3416 4261 indignantur

1832 4295 1964 4340 tunc
2000 4285 2328 4348 Pharismus,
2360 4297 2537 4353 neque
2568 4279 3015 4350 solusproditor,
3039 4281 3134 4336 sed
3164 4281 3414 4351 disicipu-

1832 4376 2010 4430 lorum
2040 4391 2150 4429 non
2175 4375 2358 4446 pauci.
2392 4372 2653 4429 Dissimili
2680 4382 2863 4427 autem
2904 4367 3065 4428 modo
3099 4371 3236 4427 facta
3269 4373 3412 4428 indi-
3453 4397 3455 4399 ί

1831 4467 2015 4538 gnatio
2049 4482 2158 4522 non
2209 4466 2277 4520 ab
2309 4464 2498 4520 eadem
2547 4463 2771 4539 emicuit
2819 4473 3033 4528 mente;
3075 4463 3170 4518 sed
3222 4462 3410 4518 Simon

1833 4560 2051 4628 quidem
2089 4554 2224 4613 nihil
2269 4558 2363 4612 alti
2423 4570 2602 4626 neque
2645 4555 2712 4610 de
2758 4554 3092 4630 famulante,
3127 4568 3302 4624 neque
3346 4558 3412 4610 de

1833 4650 2068 4706 Domino
2098 4649 2534 4720 imaginabatur;
2569 4646 2740 4701 Judas
2765 4655 2946 4700 autem
2986 4646 3228 4700 avaritia:
3259 4647 3387 4716 cupi

1830 4744 2000 4799 (litate
2029 4743 2350 4806 tenebatur;
2379 4740 2612 4809 apostoli
2632 4754 2762 4792 vero
2795 4738 3171 4793 misericordia
3198 4737 3249 4791 in
3277 4753 3412 4807 pau-

1830 4851 1988 4907 peres
2012 4834 2395 4900 vincebantur,
2423 4847 2534 4886 non
2574 4842 2633 4885 ut
2654 4829 2865 4884 Domini
2893 4843 3133 4884 amorem
3167 4831 3412 4886 secundo

1797 4926 1800 4928 ⁷
1829 4928 1952 4983 loco
1994 4933 2281 4997 ponerent,
2314 4923 2409 4979 sed
2433 4932 2487 4978 et
2515 4923 2757 4980 sciebant
2778 4922 2934 4993 illum,
2977 4921 3408 4978 misericordiam

1829 5022 1883 5074 c't
1913 5019 2013 5089 ipsi
2054 5016 2312 5087 praeferre
2337 5015 2630 5071 sacrificio.
2688 5014 2923 5068 Aliunde
2977 5024 3030 5068 et
3062 5013 3273 5066 Domini
3325 5014 3410 5068 sui

1830 5108 2197 5173 veneratione,
2250 5105 2581 5161 horrendum
2611 5106 2911 5160 censebant
2946 5105 3090 5175 quod
3125 5104 3324 5160 mulier
3355 5105 3408 5158 in

1829 5210 1995 5273 caput
2022 5202 2141 5271 ejus
2165 5207 2499 5270 unguentum
2531 5199 2828 5254 effudisset.
2880 5197 3034 5252 Unde
3057 5207 3110 5253 et
3141 5196 3302 5254 Jesus
3341 5212 3408 5251 ex

1829 5293 1932 5348 hac
1957 5293 2010 5346 in
2039 5308 2158 5347 eam
2188 5291 2882 5361 indignationediscipulos
2901 5290 3188 5348 reducens.
3215 5307 3234 5340 ‹
3263 5288 3408 5342 Nihil

1829 5384 1979 5448 mali,
2009 5383 2208 5452 inquit,
2257 5382 2383 5437 fecit
2418 5383 2539 5443 Sila;
2592 5382 2684 5436 sed
2732 5382 2936 5437 bonum
2990 5394 3128 5448 opus
3187 5383 3410 5445 operata

1827 5485 1929 5532 est.
1957 5495 1975 5528 ›
2021 5474 2086 5528 Et
2123 5476 2226 5530 hoc
2247 5474 2464 5544 quidem
2500 5474 2567 5528 ad
2596 5489 2690 5529 eos
2720 5473 2812 5542 qni
2840 5489 2903 5527 ex
2933 5468 3218 5540 discipulis
3266 5466 3452 5552 bona.

1830 5568 2186 5626 movebantur
2206 5567 2503 5623 voluntate.
2522 5565 2676 5624 Judze
2696 5582 2843 5627 vero,
2869 5565 2921 5619 in
2953 5563 3189 5618 medium
3215 5572 3408 5618 rursus
