3864 6208
141 230 232 291 365
290 196 295 199 ’
999 226 1100 286 AD
1139 226 1739 289 AMPHILOCIIIUM
1789 204 2141 300 QUmero
2182 230 2456 291 XLVIII.
2667 293 2671 299 ,
2770 250 2776 255 -
3288 231 3396 294 366

143 335 358 407 γυναίων
389 332 802 402 ἐπαγγέλλεται·
838 333 901 385 ού
930 332 1116 404 μέντοι
1148 334 1385 405 θατέροις
1416 335 1446 388 6
1483 334 1751 407 9460ng

1853 350 1904 389 er
1935 350 2151 391 sacram
2196 338 2344 393 illam
2401 339 2719 393 unctionem
2772 339 2827 393 in
2877 338 3136 394 universo
3191 340 3397 394 mundo

143 434 225 502 τὴν
260 430 445 499 ἑτέραν
496 426 804 497 ἀγέραστον
853 425 1195 481 καταλείπει.
1232 426 1351 480 Καὶ
1384 427 1493 498 γὰρ
1526 426 1697 496 ἄμφω

1853 428 2238 493 roclamantur,
2273 438 2328 484 et
2376 430 2584 485 meritae
2614 439 2742 484 sunt
2772 439 2830 485 ut
2873 448 2967 501 per
3012 432 3210 488 sazcula
3246 433 3392 504 ipsa-

146 523 229 592 μὲν
252 519 363 607 τῶν⁵
378 517 790 590 ἁμαρτημάτων
806 516 906 587 τὴν
932 515 1129 586 ἄφεσιν
1150 515 1411 588 εὕραντο,
1441 518 1616 587 ἄμφω
1641 516 1698 570 δὲ

1857 535 1929 574 Im
1962 521 2229 577 memoria
2262 521 2519 578 laudibus
2547 535 2816 577 coronatas
2847 523 3074 584 feratur.

143 613 217 666 Eri
238 611 329 681 τῆς
353 610 500 680 ἱερᾶς
525 608 732 680 ταύτης
765 608 1019 681 πράξεως
1066 609 1124 662 ἐν
1158 609 1265 681 ὅλῳ
1292 608 1374 680 τῷ
1403 609 1596 681 κόσμῳ
1617 608 2007 680 κηρύσσονται,
2061 614 2160 668 καὶ
2196 615 2263 669 δι’
2296 616 2494 681 αἰῶνος
2536 615 2922 688 ἐκληρώσαντο
2966 617 3028 671 τὸ
3050 619 3395 691 μνημόσυνον

146 706 308 775 φέρειν
333 704 441 765 τοίς
468 702 713 766 ἐπαίνοις
747 702 1205 774 στεφανούμενον.
3154 718 3159 721 ·

118 806 119 809 ‘
214 794 345 849 Ἀλλ’
374 794 403 847 δ
432 794 529 865 μὲν
581 793 825 865 ἥρμοζεν
875 794 1117 865 ἑκατέρα
1152 794 1291 867 πρὸς
1338 795 1701 867 παραμυθίαν

1881 791 1987 848 Sed
2016 791 2161 862 quod
2198 808 2646 865 unamquamque
2673 794 2861 852 decuit
2900 803 2961 849 ut
3006 797 3311 855 consolatio
3340 802 3409 853 er

148 889 228 942 καὶ
270 886 534 956 ἀποδοχὴν
592 889 694 958 τῆς
731 886 1011 957 -ἐργασίας
1043 887 1506 956 ἐπαγγέλλεσθαι,
1546 890 1706 942 τοῦτο

1853 883 2059 955 eneﬁcii
2089 886 2395 955 acceptatio
2441 888 2831 954 aununtietur,
2891 889 2996 943 hoc
3043 887 3247 943 dictum
3288 900 3395 945 est.

148 983 358 1052 εἴρηται·
411 980 507 1033 καλ⁵
560 978 672 1050 γὰρ
716 979 817 1048 τὴν
870 978 972 1050 μὲν
1014 980 1293 1050 ἐπετίμων
1323 982 1372 1035 οί
1415 980 1710 1036 ἀπόστολοι

1853 976 2033 1033 ἰιθηίῐη
2071 990 2237 1031 unam
2282 976 2506 1046 quidem
2568 970 2827 1047 apostolL
2858 978 3311 1047 vituperavernnt
3347 986 3405 1032 et

148 1072 210 1136 ὼς
235 1070 671 1143 παραχρωμένην
700 1070 778 1142 τῷ
810 1072 970 1143 μύρῳ
990 1072 1086 1125 καὶ
1112 1072 1292 1144 μάτην
1318 1073 1713 1127 ἐκδαπανῶσαν

1859 1075 2103 1138 nguento
2140 1065 2459 1127 abutentem
2485 1077 2540 1124 et
2565 1068 2697 1124 illud
2727 1068 2934 1125 frustra
2978 1070 3398 1139 impendentem

150 1163 262 1217 αὐτὸ
282 1163 371 1216 καὶ
395 1161 910 1217 καταναλίσκουσαν
928 1161 1105 1235 ἰπερὶ
1126 1163 1183 1217 δὲ
1203 1163 1303 1235 τῆς
1329 1164 1525 1236 λοιπῆς
1548 1164 1577 1217 6
1603 1166 1710 1218 Φα-

1853 1159 2303 1229 tdispensantem
2329 1176 2346 1225 ;
2378 1161 2633 1217 alteram.
2663 1176 2799 1217 vero
2828 1160 3145 1218 Pharisaeus
3168 1161 3402 1215 cavilla-

152 1259 337 1329 ρισαῖος
368 1255 741 1325 διεγόγγυζεν,
798 1256 882 1310 ὅτι
912 1256 1253 1331 ,ἁμαρτωλὸς
1283 1252 1422 1312 οὖσα
1446 1257 1541 1310 καὶ
1585 1274 1713 1310 κατ-

1853 1268 1911 1308 us
1935 1263 2044 1319 est,
2084 1253 2253 1323 quod,
2288 1268 2412 1308 cum
2435 1263 2582 1309 esset
2622 1254 2901 1325 peccatrix
2939 1263 2994 1309 et
3025 1264 3091 1309 ut
3126 1254 3253 1309 talis
3302 1270 3402 1307 no-

152 1349 439 1420 εγνωσμένη
472 1349 702 1403 τοιαῦτα
728 1350 990 1421 πράττειν
1007 1350 1100 1403 ἐπὶ
1128 1348 1255 1405 νοῦν
1282 1352 1434 1423 ὅμως
1474 1351 1709 1405 ἐπεϐάλ-

1853 1353 2092 1409 ceretur,
2129 1359 2193 1400 ea
2226 1355 2405 1400 tamen
2440 1346 2633 1416 agendi
2674 1356 2912 1402 mentem
2943 1346 3170 1416 ceperit,
3214 1344 3405 1400 etMa-

151 1443 271 1496 λετο”
296 1444 387 1495 καὶ
432 1440 718 1495 λανθάνειν
778 1442 991 1514 ἐνόμιζε
1017 1441 1111 1496 τὸν
1158 1425 1480 1496 διδάσκαλον
1506 1442 1565 1509 ἐξ
1596 1443 1710 1497 οἴου

1855 1437 2053 1493 istrum
2106 1437 2279 1493 latere
2339 1438 2597 1493 credebat
2624 1454 2733 1509 qua
2760 1438 2889 1494 vita:
2915 1447 2971 1493 et
3002 1437 3257 1493 instituto
3289 1454 3405 1493 mu-

110 1590 113 1591 ν
154 1535 253 1604 βίου
293 1535 385 1587 καὶ⁵
413 1534 692 1598 πολιτείας
716 1534 778 1587 τὺ
800 1534 1023 1603 γύναιον
1052 1536 1400 1607 ἐγνωρίζετο.
1429 1535 1520 1589 Διὸ
1539 1535 1710 1607 ταύτῃ

1853 1542 1922 1581 .er
1984 1538 2325 1584 nosceretur.
2362 1528 2708 1601 Quapropter
2756 1531 2887 1587 huic
2929 1545 3143 1586 merces
3184 1547 3402 1585 annun-

156 1627 239 1695 μὲν
263 1628 289 1680 6
321 1625 509 1697 μισθὸς
541 1627 823 1699 ἀνερρήθη
850 1627 961 1681 τῶν
985 1628 1401 1700 ἁμαρτημάτων
1431 1630 1464 1700 ἡ
1492 1629 1711 1697 ἄφεσις
1745 1613 1751 1669 Ῐ

1859 1629 1949 1675 ata
1980 1629 2065 1676 est
2088 1629 2442 1690 peccatorum
2477 1623 2766 1692 remissio;
2812 1624 2894 1680 illi
2931 1626 3165 1681 vero~ad
3206 1639 3413 1680 omnes

153 1720 314 1793 ἐκείνη
343 1719 399 1773 δὲ
425 1720 489 1774 τὸ
537 1721 620 1785 εἰς
659 1720 871 1787 πάντας
901 1721 1310 1797 περιηχηθῆναι
1352 1720 1453 1793 τὴν
1513 1720 1715 1793 πρᾶξιν

1853 1713 2210 1770 nnuntiatum
2273 1715 2341 1770 iri
2385 1715 2563 1785 ipsius
2620 1717 2899 1771 actionem
2950 1718 3275 1788 praedictum
3320 1725 3415 1770 est-

152 1811 493 1883 ἀνεκηρύχθη,
517 1812 611 1866 καὶ
632 1813 785 1883 παρά
811 1812 1031 1867 πάντων
1064 1812 1485 1886 μακαρίζεσθαι·
1503 1816 1569 1884 τῇ
1591 1812 1717 1883 μέν·

1853 1812 1869 1858 ι
1900 1802 1971 1858 ab
1990 1803 2490 1860 omnibusbeatam
2523 1805 2730 1859 dictum
2758 1805 2846 1860 iri.
2884 1805 3071 1860 Sorori
3120 1821 3251 1862 sane
3295 1804 3403 1860 La-

152 1922 252 1958 a:o-.
280 1920 339 1971 γε
367 1904 573 1976 ἀδελφῇ
604 1904 697 1981 τοῦ
737 1904 992 1976 Λαζάρου
1025 1905 1308 1978 οὐδέτερον
1339 1906 1545 1961 τούτων
1584 1906 1714 1961 ἀντ-

1853 1897 2181 1957 ονί,.ηυιιυηι
2213 1912 2280 1953 ex
2333 1898 2419 1951 his
2470 1898 2744 1955 mercedis
2778 1897 2938 1953 titulo
2970 1899 3237 1955 redditur.
3282 1898 3411 1957 Non

156 1998 455 2052 αποδίδοται·
481 1998 676 2069 ἐπειδὴ
699 1998 822 2052 οὐδέ
851 1998 1038 2071 ἐκείνη
1070 1999 1532 2071 προσδοκωμένης
1558 1999 1716 2071 εὐερ-

1853 1990 1961 2043 nim
1989 1989 2079 2043 illa
2113 1990 2317 2059 sperati
2346 1990 2601 2046 beneﬁcii
2624 1999 2681 2046 et
2707 1990 2896 2061 gratia:
2923 1991 3117 2046 arrhas
3142 1990 3404 2062 iaciebat;

156 2095 320 2159 γεσίας
364 2093 461 2146 καὶ
509 2093 735 2164 χάριτος
790 2092 1092 2165 ἁῤῥαῦῶνα
1156 2091 1563 2146 κατεϐάλλετο’
1596 2089 1714 2145 ἀλλ’

1853 2082 1913 2137 ed
1937 2092 2222 2153 propterea
2257 2084 2406 2154 quod
2435 2084 2624 2155 gavisa
2652 2094 2757 2152 est,
2778 2085 3056 2156 accipiens
3077 2085 3404 2140 mirabiliter

158 2185 276 2256 ὑπὲρ
302 2178 374 2238 ὧν
402 2184 728 2256 ἀπήλαυσεν
782 2184 923 2255 ὑπὲρ
976 2184 1133 2254 λόγον
1189 2182 1280 2237 τὸν
1328 2183 1561 2252 ἀδελφὸν
1595 2183 1717 2237 ἀντὶ

1853 2188 2047 2234 ratrem
2077 2194 2145 2234 ex
2170 2187 2390 2236 mortuo
2423 2194 2565 2235 nova
2612 2179 2726 2235 vita
2757 2179 2955 2235 mortis
2990 2178 3403 2234 mortiﬁcationi

157 2279 327 2351 νεκροῦ
376 2279 673 2350 ηινοτέρᾳ
727 2278 839 2350 ζωῇ
896 2278 997 2349 τὴν
1031 2277 1127 2331 τοῦ
1187 2276 1420 2331 θανάτου
1444 2276 1717 2349 νέκρωσιν

1857 2271 2236 2340 τωιυᾶθοιοω,
2268 2280 2428 2344 grato
2456 2272 2646 2351 animo
2700 2272 3112 2330 benefactorem
3156 2272 3357 2327 habuit
3388 2289 3402 2335 ;

158 2369 635 2441 προοιμιασάμενον
708 2367 1096 2434 ἀπολαϐοῦσα,
1152 2368 1243 2421 τὸν
1300 2368 1599 2439 εὐεργέτην
1645 2365 1718 2419 δι’

1853 2377 2006 2438 tpro
2043 2367 2329 2422 voluntate
2378 2374 2435 2422 et
2480 2366 2725 2437 potentia
2799 2366 3105 2431 m‘ercedem
3148 2366 3195 2420 ei
3249 2364 3406 2419 exhi-

160 2463 479 2532 εὐχαριστίας
521 2458 629 2531 ἦγε
653 2478 666 2491 ’
701 2461 797 2515 καὶ
824 2462 967 2515 κατά
990 2478 1053 2531 γε
1075 2461 1307 2531 γνώμην
1336 2462 1432 2515 καὶ
1463 2460 1715 2531 δύναμιν,

1859 2456 2232 2517 nit.-A|iunde
2284 2470 2339 2515 et
2384 2460 2509 2515 aliae
2545 2460 2877 2532 imperfecta:
2923 2469 3102 2526 erant,
3157 2470 3211 2515 et
3273 2473 3409 2513 sane

160 2555 209 2606 τὸ
230 2555 385 2625 γέρας
436 2552 738 2623 ἀπένεμεν.
800 2550 1011 2614 "anu;
1049 2567 1109 2603 τε
1136 2550 1192 2603 δὲ
1250 2548 1453 2631 αίλμὲν
1506 2548 1719 2611 ἀτελεῖς

1861 2555 2043 2609 υἰιΙεπι
2070 2563 2422 2625 peccatorum
2443 2554 2687 2623 pondere
2705 2553 3098 2623 premebantur
3127 2568 3141 2617 ;
3174 2550 3411 2622 egebant

161 2641 299 2716 ἦσαν,
356 2646 452 2700 ml.
482 2644 552 2716 δὴ
584 2644 681 2699 καὶ
740 2641 1076 2715 τῷ-φορτίῳ
1128 2640 1241 2695 τῶν
1297 2640 1720 2712 ἁμαρτημάτων

1855 2660 1951 2716 rgo
2001 2645 2385 2715 consolatione
2416 2642 2666 2716 'quadam
2720 2653 2775 2700 et
2832 2640 3201 2715 persuasione
3258 2639 3409 2710 quod

163 2739 455 2810 ἐὸαρύνοντο
479 2755 493 2768 ’
525 2738 742 2793 ἐδέοντο
794 2737 975 2791 τοίνυν
1005 2732 1408 2808 παρακλήσεώς
1454 2751 1600 2798 τινος
1628 2733 1721 2786 καὶ

1853 2751 2061 2806 psarum
2103 2737 2251 2791 actio
2282 2744 2509 2806 accepta
2538 2744 2704 2801 esset,
2740 2743 2795 2791 et
2825 2750 2921 2804 spe
2945 2749 3059 2789 sua
3089 2748 3199 2787 non
3242 2729 3409 2810 deci-

164 2796 511 2900 τιληροφορίας
546 2827 623 2889 ώς
645 2828 680 2897 ἡ
715 2827 912 2898 πρᾶξις
938 2796 1117 2879 αὐτῶν
1146 2796 1447 2895 ἀπεδέχθη,
1478 2796 1591 2877 καὶὴ
1613 2822 1720 2877 τῶν

1853 2796 2061 2881 ίίειιιιιιε.
2114 2826 2328 2881 lJcirco
2388 2796 2607 2895 generis
2664 2796 3129 2879 nostri-Salvator
3178 2796 3411 2891 singulis

166 2919 366 2972 ἐλπίδων
391 2918 452 2973 ού
478 2912 901 2988 ψευσθήσονταιο
955 2916 1034 2970 διὸ
1063 2916 1158 2970 καὶ
1220 2916 1314 2969 τοῦ
1348 2912 1538 2985 γένους
1564 2913 1721 2985 ἡμῶν
1750 2980 1751 2993 χ

1860 2920 2121 2990 tproprie
2151 2920 2553 2990 promissiones
2569 2918 2879 2974 distribuit.
2907 2916 3265 2984 Quae'autem
3292 2921 3412 2968 erat

167 3012 191 3062 6
216 3010 388 3082 Σωτὴρ
406 3009 761 3081 καταλλήλως
782 3009 973 3073 αὑταῖς
996 3004 1093 3062 καὶ
1110 3007 1328 3070 οἰκείως
1356 3005 1456 3069 τὰς
1479 3007 1722 3073 ἐπαγγε-

1853 3010 2129 3068 ιειοΐοοιίοι*
2161 3009 2472 3066 etmirabili
2512 3008 2828 3078 spectaculo
2854 3007 3032 3062 adhuc
3055 3005 3229 3061 oculis
3246 3004 3433 3063 [ruina

169 3102 268 3167 λίας
323 3100 823 3173 διενείματο-ἠδὲ
870 3100 1183 3170 τελειοτέρα
1233 3116 1293 3152 τε
1345 3098 1583 3169 ὑπῆρχε,
1632 3098 1728 3151 καὶ

1853 3108 1968 3166 :rat,
2006 3116 2107 3155 nec
2162 3099 2465 3170 majoribus
2512 3097 2975 3169 promissionibus
3028 3096 3268 3167 egebat;
3310 3092 3414 3147 mi-

169 3195 249 3247 τοῦ
303 3194 608 3266 παραδόξου
669 3193 945 3265 θεάματος
1004 3191 1086 3246 ἐτι
1147 3192 1239 3245 διὰ
1299 3192 1406 3246 τῶν
1460 3189 1729 3262 ὀμμάτων

1853 3193 1991 3249 ἰὼίιί
2023 3200 2208 3248 autem
2246 3192 2353 3247 hoc
2379 3191 2693 3262 spectaculo
2733 3198 2787 3263 et
2818 3187 3101 3265 communi
3121 3186 3187 3240 ad
3218 3199 3427 3245 omnes,

170 3289 414 3359 ἁπήλαυε,
437 3288 534 3342 καὶ
559 3289 661 3342 οὐκ
689 3288 858 3341 ἐδεῖτο
880 3287 1015 3351 τέως
1053 3286 1404 3357 ὑποσχέσεων
1436 3284 1725 3355 μειζόνωνθ

1853 3284 2023 3341 ldeles
2064 3283 2285 3338 Domini
2314 3282 2686 3351 promissione
2726 3289 2983 3336 contenta
3038 3286 3178 3343 erat,
3222 3290 3418 3345 nempe

173 3381 368 3447 ἠρκεῖτο
399 3382 456 3433 δὲ
498 3381 578 3450 τῷ
612 3397 675 3434 τε
722 3378 1012 3451 παραδόξῳ
1072 3377 1307 3449 θεάματι
1359 3377 1455 3431 καὶ
1478 3379 1547 3448 τῇ
1573 3378 1727 3446 κοινῇ

1853 3394 1957 3434 tum
1986 3377 2078 3448 qui
2118 3376 2298 3431 credit
2321 3375 2377 3429 in
2404 3375 2609 3445 ipsum,
2638 3360 2764 3428 vitm
2793 3382 3015 3429 αξιοι-ηαξ
3034 3369 3429 3426 haereditatent

175 3475 293 3544 πρὸς
342 3477 553 3539 πάντας
609 3474 738 3543 τοὺς
787 3472 1228 3547 πεπιστευκότας
1276 3471 1582 3543 ἐπαγγελίᾳ
1634 3470 1731 3525 τοῦ

1854 3485 1943 3525 Ion
1964 3470 2313 3526 aulerihilcm
2356 3468 2677 3523 habiturum
2702 3480 2847 3522 esse.

177 3567 439 3634 Δεσπότου,
501 3568 583 3622 ὅτι
614 3569 644 3620 6
671 3566 945 3621 πιστεύων
995 3567 1075 3631 εἰς
1140 3564 1325 3629 αὑτὸν,
1364 3564 1467 3635 τῆς
1508 3564 1731 3617 αἰωνίου
2402 3554 2405 3555 ⁷

178 3659 301 3730 ζωῆς
346 3662 435 3715 τὸν
475 3660 683 3731 κλῆρον
713 3660 1077 3731 ἀναφαίρετον
1102 3656 1235 3724 ἕξει.
1571 3637 1582 3647 ’

233 3752 320 3805 Διὰ
346 3751 397 3804 τί
427 3752 487 3805 δὲ
517 3753 611 3805 ἐπὶ
648 3751 747 3822 μὲν
771 3751 871 3821 τῆς
924 3750 1088 3823 παρά
1128 3749 1209 3821 τῷ
1238 3750 1425 3821 Λουκᾷ
1472 3749 1736 3817 γυναικὸς

1908 3739 2093 3807 Quare
2122 3745 2306 3793 autem
2333 3745 2529 3792 contra
2551 3749 2671 3791 eam
2693 3749 2815 3804 quze
2836 3733 2978 3805 apud
3006 3731 3208 3788 Lucam
3229 3740 3315 3787 est
3345 3731 3422 3788 fe-

145 3842 325 3908 -o-362l.;
364 3845 473 3899 τῶν
528 3844 788 3916 μαθητῶν
837 3844 960 3898 οὐδὲ
983 3846 1011 3897 6
1053 3842 1258 3907 Ἰούδας
1292 3844 1612 3913 ἀγανακτεῖ,
1645 3844 1737 3897 ἐπὶ

1853 3833 2046 3888 minam
2083 3831 2273 3887 nullus
2304 3829 2704 3900 discipulorum
2750 3841 2927 3896 neque
2977 3825 3096 3896 ipse
3129 3824 3303 3880 Judas
3336 3825 3423 3877 in-

179 3935 261 3997 τῆς
306 3936 395 3989 τοῦ
451 3915 714 4007 Λαζάρου
754 3935 916 4006 μόνος
960 3936 988 3989 6
1029 3920 1333 4007 προδότης;
1390 3935 1483 3989 ἐπὶ
1526 3935 1584 3990 δὲ
1634 3934 1736 4005 τῆς

1853 3927 2120 3998 dignatur,
2156 3916 2346 3979 centra
2378 3937 2629 3979 sororem
2676 3920 2870 3975 Lazari
2912 3918 3064 3973 solus
3131 3915 3425 3987 proditor?

180 4024 377 4098 πόρνης,
408 4025 521 4080 τῶν
555 4006 815 4097 μαθητῶν
855 4026 955 4079 ούκ
989 4006 1198 4091 ὀλίγοις
1235 4024 1383 4096 me.
1440 4024 1599 4078 τοῦτο
1628 4025 1738 4077 τῶν

1853 4018 2045 4073 Contra
2072 4015 2385 4095 adulteram
2418 4013 2821 4083 discipulorum
2864 4025 2971 4065 non
3007 4009 3167 4079 pauci
3198 4010 3211 4062 !
3248 4006 3423 4062 Disci-

170 4092 413 4188 ’μαθητῶν
453 4092 633 4182 οὐδεὶς
680 4092 774 4171 ἐπὶ
813 4118 879 4189 τῇ
944 4113 1135 4188 πρώτῃ
1158 4155 1174 4179 ,
1229 4092 1354 4169 οὐδὲ
1402 4118 1431 4169 ό
1474 4116 1740 4188 προδότης

1853 4111 2095 4182 pulorum
2121 4092 2309 4164 nullus
2329 4112 2523 4170 contra
2553 4105 2810 4176 primam,
2838 4115 3019 4172 neque
3042 4101 3158 4172 ipse
3179 4097 3427 4170 proditor

181 4208 471 4274 ἀγανακτεῖ,
526 4209 666 4262 διότι
698 4209 727 4260 6
760 4206 879 4279 μὲν
903 4208 1107 4271 Ἰούδας
1136 4206 1292 4261 οὔπω
1311 4203 1380 4279 ἦν
1414 4206 1556 4261 κατά
1594 4207 1735 4278 κράο

1845 4203 2183 4274 indignatur,
2226 4201 2356 4272 quia
2395 4197 2568 4254 Judas
2611 4196 2833 4267 quidem
2864 4210 2975 4248 non
3009 4192 3280 4248 violenter
3307 4197 3429 4245 erat

182 4314 256 4362 τος
295 4299 449 4364 ἀλοὺς
484 4299 567 4371 τῷ
587 4300 687 4370 τῆς
748 4299 1120 4376 φιλαργυρίας
1164 4299 1460 4371 νοσήματι,
1492 4299 1614 4353 οὐδὲ
1640 4300 1739 4375 τῆς

1853 4293 2094 4355 avaritia:
2120 4295 2317 4352 morbo
2345 4300 2562 4364 captus,
2594 4304 2771 4360 neque
2798 4287 3031 4343 Satanas
3076 4284 3260 4340 adhuc
3305 4281 3428 4353 ejus

184 4382 770 4479 προδοσίαςδΣαται-ιᾶς
812 4392 966 4446 οὔπω
1012 4388 1082 4464 ἦν
1134 4393 1302 4447 αὑτοῦ
1360 4393 1461 4477 τὴν
1514 4392 1743 4464 καρδίαν

188 4486 717 4558 κατασκευασάμενος
766 4488 1073 4558 ἐπιτήδειον
1116 4486 1349 4558 ὄργανον
1372 4502 1385 4517 °
1416 4487 1465 4540 οἱ
1491 4487 1549 4541 δὲ
1594 4485 1744 4541 ἄλλοι

192 4577 404 4649 μαθηταὶ
454 4581 546 4635 διὰ
605 4579 765 4634 τοῦτο
839 4580 977 4651 πρὸς
1036 4578 1135 4648 τὴν
1212 4578 1590 4649 ἀγανάκτησιν
1647 4578 1792 4650 οὐχ.

191 4667 455 4742 ὑπήγοντο,
483 4671 622 4726 διότι
669 4673 797 4735 τοὺς
825 4671 923 4741 τῆς
953 4668 1327 4740 ἐλεημοσύνης
1355 4668 1449 4723 τοῦ
1480 4656 1745 4724 Διδάσκα-

191 4757 269 4812 im
298 4762 477 4830 λόγους
506 4752 662 4815 οὔπω
677 4757 817 4833 ἦσαν
836 4761 1046 4832 σφόδρα
1066 4759 1459 4832 ἐμπεπηγότας
1487 4762 1748 4832 φέροντες

193 4854 248 4921 τῇ
265 4853 399 4927 ψυΧῇ
425 4870 437 4882 ’
473 4855 586 4909 οὐδ’
623 4855 795 4918 οὓτως
834 4855 1034 4917 αὖτοὺς
1060 4855 1095 4925 ἢ
1125 4854 1233 4907 τῶν
1266 4854 1517 4925 πενήτων
1544 4855 1747 4926 ᾑρήκει

195 4947 408 5012 φροντίς.
445 4948 570 5001 Ἐτι
607 4948 665 5002 δὲ
698 4949 794 5001 καὶ
812 4948 914 5019 τὴν
951 4949 1186 5017 γυναῖκα
1216 4946 1510 5000 κλαίουσαν
1534 4947 1747 5020 ἐώρων,

196 5036 277 5089 καί
315 5038 431 5110 οὐδὲ
457 5040 556 5112 τῆς
610 5038 855 5110 κεφαλῆς
888 5038 1267 5110 καταχέουσαν
1303 5037 1363 5092 ἰνδ
1391 5038 1586 5110 μύρον,
1614 5037 1751 5092 ἀλλά

196 5128 300 5190 τοὺς
345 5131 511 5194 πόδας
559 5130 891 5204 ἀλείφουσαν
917 5146 930 5161 ο
985 5130 1080 5183 καὶ
1122 5128 1181 5182 τὸ
1216 5128 1393 5203 πάθος
1447 5130 1751 5198 ἀφεστάναι

199 5220 330 5290 παρὰ
350 5223 438 5277 τοῦ
468 5214 721 5295 Σωτῆρος
748 5222 900 5277 οὔπω
930 5222 1290 5277 ἐδιδάσκοντο·
1320 5220 1356 5275 ἂ
1388 5222 1566 5277 πάντα
1594 5223 1755 5277 ἱκανὰ

200 5304 256 5379 ἦν
278 5313 363 5384 τῆς
390 5316 817 5387 ἀγανακτήσεως
847 5316 1089 5384 ἀπάγειν
1113 5315 1333 5379 αὐτούς.
1369 5315 1579 5380 ’Λλλως
1600 5334 1664 5377 τε
1692 5316 1754 5369 δὲ

202 5404 281 5455 καὶ
321 5407 538 5477 μηδενὸς
596 5410 707 5462 τῶν
762 5409 1068 5481 είρημὲνων
1104 5410 1395 5477 παρόντος,
1434 5409 1487 5462 εἴ
1510 5427 1617 5463 τινι
1646 5409 1755 5462 τῶν

209 5496 436 5568 μαθητῶν
475 5502 849 5573 ἀγανάκτησις
888 5502 1181 5572 ύπεφύετο,
1219 5504 1298 5567 εἰς
1330 5502 1391 5555 τὸ
1421 5502 1660 5572 φανερὸν

208 5586 447 5661 ἐπεσχέθη
468 5593 771 5666 προελθεῖν.
805 5592 1099 5665 Προλαϐὼν
1121 5594 1228 5664 γάρ
1250 5596 1277 5648 ὁ
1296 5595 1617 5665 Φαρισαῖος,
1650 5591 1752 5661 τῆς

212 5677 547 5752 ἐπιτιμήσεως
600 5683 805 5754 ὑπέσχε
862 5684 952 5738 τὸν
1009 5684 1248 5755 ἕλεγχοψ
1287 5685 1380 5738 καὶ
1409 5684 1506 5754 τῆς
1542 5683 1750 5754 σιωπῆς

1848 4400 2038 4464 pectus
2078 4388 2187 4446 sibi
2226 4393 2518 4457 paraverat
2558 4376 3283 4454 proditionis‘commodum
3335 4388 3455 4459 or-p

1848 4497 2073 4553 ganum.
2107 4479 2215 4553 Alii
2242 4474 2717 4546 autem-discipuli
2747 4472 2813 4527 ad
2850 4468 3285 4540 indignationem
3317 4480 3428 4521 non

1848 4573 2072 4657 adducti
2118 4580 2269 4638 sunt,
2312 4569 2440 4654 quia
2480 4566 2730 4640 Magistri
2785 4565 2853 4622 de
2906 4564 3252 4633 eleemosyna
3289 4573 3430 4657 ‘ser-

1848 4650 2313 4722 moncsuondum
2353 4649 2420 4716 in
2456 4669 2639 4715 mente
2672 4657 2863 4712 vivide
2921 4655 3224 4725 impressos
3285 4649 3431 4706 fere-
3500 4702 3509 4709 .

1849 4754 2005 4821 bant,
2039 4766 2219 4828 neque
2244 4751 2380 4805 adeo
2430 4763 2528 4805 eos
2567 4746 2943 4818 indigentium
2968 4746 3190 4815 ceperat
3231 4741 3432 4798 sollici-

1852 4846 2007 4903 tudo.
2033 4846 2227 4901 Adhuc
2256 4855 2437 4898 autem
2482 4843 2770 4898 mulierem
2807 4840 3027 4895 ﬂentem
3074 4830 3339 4893 videbant
3377 4844 3434 4891 et

1852 4955 1961 4997 non
1991 4946 2328 5009 ungttentum
2371 4937 2425 4990 in
2468 4944 2637 5005 caput
2675 4934 3072 4996 elI‘undcntem,
3115 4931 3210 4987 sed
3264 4930 3434 5001 pedes

1852 5038 2183 5101 ungentem;
2213 5037 2268 5084 et
2300 5026 2614 5099 passionem
2639 5026 2891 5082 instarea
2926 5024 3159 5081 Domino
3192 5023 3433 5078 nonduin

1854 5112 2202 5189 didicerant;
2235 5136 2357 5192 quae
2389 5106 2574 5175 omnia
2609 5134 2706 5175 eos
2741 5119 2809 5173 ab
2845 5117 3223 5188 indignatione
3261 5125 3438 5171 retra-

1855 5218 1987 5274 here
2026 5217 2315 5271 valebant.
2348 5214 2583 5269 Aliunde
2615 5213 2661 5269 si
2695 5212 2905 5267 nullum
2938 5227 3003 5265 ex
3051 5210 3141 5265 his
3186 5210 3432 5271 adesset,

1856 5312 1901 5367 si
1935 5310 2099 5366 alicui
2120 5307 2521 5379 discipulorum
2557 5317 2685 5361 nata
2718 5305 2868 5361 esset
2895 5286 3218 5373 indignatio,
3249 5300 3317 5355 ad
3351 5302 3438 5352 lu-

1856 5419 1976 5459 cem
2009 5402 2229 5473 prodire
2259 5400 2486 5456 inhibita
2527 5409 2690 5455 esset.
2728 5396 3080 5452 Praeveniens
3120 5392 3267 5449 enim
3299 5389 3439 5444 Pha-

1859 5496 2075 5558 risaeus,
2110 5491 2550 5563 reprehensionis
2581 5489 2991 5546 accusationem
3025 5484 3225 5543 subiit;
3246 5488 3317 5557 et
3354 5479 3437 5536 sic

1858 5584 2324 5641 aliorutnsilcntii
2379 5583 2545 5639 visus.
2583 5591 2732 5638 esset
2789 5578 3092 5635 admonitio
3140 5585 3196 5628 et
3244 5586 3437 5628 causa.

1862 5683 2063 5735 Contra
2096 5695 2225 5734 vero
2271 5677 2461 5732 Lazari
2524 5690 2773 5731 sororem
2826 5690 2931 5727 non
2985 5670 3344 5735 indignantur
3371 5681 3437 5722 ex
