3820 6212
181 260 286 324 369

1145 264 1244 322 AD
1267 251 1869 320 AMPHILOCHIUM
1895 255 2246 328 QUIESTIO
2273 259 2484 322 XLIX.
2561 298 2566 302 -

3345 261 3450 325 370

180 372 413 444 οὐδεμία
470 373 627 444 κηλὶς
687 345 1074 446 αἱρετιζούσης
1117 372 1324 454 δόξης,
1366 375 1434 428 τὰ
1493 373 1764 444 εἰρημένα

1876 373 2078 428 macula
2111 374 2382 429 haeretica:
2410 357 2690 444 opinionis
2717 359 3076 432 eorum’tlicta
3107 375 3320 448 polluit,
3350 392 3451 433 nec

180 464 502 528 καταστίζει
571 464 830 536 οὐδεμίαν
887 466 1164 537 πρόφασιν
1212 467 1406 520 ἔλαϐεν
1434 482 1447 495 ·
1483 466 1765 537 εἰρήσεται

177 556 232 610 δὲ
281 555 376 619 νῦν
413 555 451 609 ἃ
494 557 594 627 τῆς
643 558 740 628 μὲν
795 557 1070 628 προτέρας
1112 558 1294 620 αἰτίας
1345 557 1446 610 οὐκ
1497 556 1763 610 ἐλάττονα

181 647 543 721 προόἀλλεται
597 649 925 720 τῆν’ίσχὺν,
978 651 1079 720 τὴν
1126 650 1186 704 δὲ
1238 650 1502 720 δευτέραν
1560 649 1764 718 μᾶλλον

180 743 296 795 ἐστὶ
343 741 682 812 πεφευγότα.
715 742 1076 812 Οὐκ.ἀφίεται
1109 741 1403 810 τοιγαροῦν
1432 744 1546 805 τοῖς
1575 743 1655 806 εἰς
1701 740 1764 795 τὸ

179 833 401 905 Πνεῦμα
441 834 505 887 τὸ
559 833 718 902 ἆγιον
764 834 1223 906 βλασφημήσασιν
1328 834 1596 905 ἁμαρτία,
1628 834 1764 887 διότι

181 926 300 998 μηδ’
345 925 704 980 ὑπελείποντο
749 927 988 992 ἑαυτοῖς,
1013 925 1079 979 δι’
1098 917 1160 980 οὗ
1181 927 1282 996 τῆς
1308 926 1560 995 ἀφέσεως
1603 922 1766 990 ἀξιω-

177 1018 432 1089 Θήσονται
455 1035 472 1051 ·
496 1017 592 1071 καὶ
630 1018 739 1088 γὰρ
775 1019 810 1090 ή
840 1018 950 1070 τῶν
985 1019 1402 1090 ἁμαρτημάτων
1434 1018 1652 1087 ἄφεσις.
1676 1017 1766 1071 διὰ

180 1109 270 1164 τοῦ
326 1109 646 1180 Πνεύματος
680 1108 913 1167 δίδοταιο
940 1109 1015 1173 ῶς
1049 1127 1151 1164 που
1196 1110 1344 1164 καὶὸ
1372 1110 1562 1180 Σωτὴρ
1596 1113 1766 1180 ὲμαρ·

178 1202 412 1273 τύρησεν
446 1200 651 1256 εἰπών·
703 1219 721 1252 ι
760 1202 969 1255 Λάϐετε
1020 1200 1242 1272 Πνεῦμα
1298 1201 1486 1270 ἆγιον·
1523 1194 1764 1255 ὧντινων

179 1291 363 1359 ἀφίετε
395 1288 516 1354 ’τὰς
549 1289 850 1362 ἁμαρτίας,
879 1290 1161 1372 ἀφίενται·
1193 1283 1268 1345 ὧν
1290 1291 1335 1344 δ’
1369 1291 1436 1346 ἂν
1498 1291 1763 1362 κρατῆτε,

179 1383 571 1454 κεκράτηνται⁹
605 1403 625 1436 ι
661 1383 761 1454 τὴν
791 1383 989 1452 ἄφεσιν
1017 1384 1124 1438 τῶν
1155 1385 1443 1455 ἁμαρτιῶν
1473 1386 1567 1439 καὶ
1590 1384 1762 1438 κατά-

177 1493 354 1544 κρισιν
393 1475 641 1545 δηλονότι
693 1477 796 1544 τῆς
842 1476 938 1531 τοῦ
993 1476 1314 1548 Πνεύματος
1357 1477 1608 1544 ἐξουσίας
1667 1476 1764 1529 καὶ

177 1567 457 1636 δυνάμεως
497 1562 639 1620 εῖναι
690 1567 965 1620 δ.δσὶσκει·
1007 1568 1118 1622 διὰ
1151 1567 1244 1621 τοῦ
1299 1567 1623 1636 Πνεῦματος
1669 1563 1766 1620 οὖν

166 1658 542 1728 ’ἱερουργείται
586 1657 696 1710 τῶν
745 1657 1168 1729 ἁμαρτημάτων
1219 1660 1252 1727 ὴ
1310 1658 1617 1728 κάθαρσις,
1667 1657 1764 1710 καὶ

1871 466 2297 542 ullum'haeresi
2371 468 2505 521 dant
2557 453 2900 538 prmiextum.
2961 469 3224 525 Dicentur
3268 482 3450 528 autem

1867 560 2164 628 nuncquae
2193 565 2248 612 et
2269 567 2463 613 contra
2517 559 2671 628 prius
2719 559 2926 615 crimen
2975 575 3084 617 non
3136 563 3321 621 minus
3349 580 3452 620 ro-

1867 648 2020 704 boris
2051 659 2348 720 opponunt,
2406 658 2462 706 ct
2514 665 2637 722 qua:
2696 653 2998 708 secundum
3049 657 3224 726 magis
3272 655 3454 716 adhuc

1868 737 2102 810 fugiunt.
2137 738 2255 794 Non
2287 741 2585 796 remittitur
2635 757 2802 812 porro
2843 751 3132 813 peccatum
3163 745 3250 810 iis,
3271 735 3366 818 qui
3395 747 3451 803 in

1868 831 2132 901 Spiritum
2157 840 2404 914 sanctum
2433 832 2834 905 blasphemant,
2865 835 2992 904 quia
3049 836 3154 892 sibi
3183 849 3295 893 non
3325 840 3455 895 reli-

1818 932 1824 938 '
1866 934 2106 995 queruut
2153 926 2299 981 unde
2356 926 2685 982 remissione
2745 928 2898 999 digni
2949 928 3296 998 iudicentur.
3339 931 3451 987 Re-

1869 1016 2057 1071 tnissio
2115 1016 2260 1071 enim
2297 1027 2648 1086 peccatorum
2685 1033 2784 1089 per
2838 1018 3110 1090 Spiritqu
3161 1019 3356 1089 datur;
3391 1031 3454 1077 ut

1819 1147 1821 1149 ι
1869 1108 1922 1163 in
1961 1107 2198 1179 quodam
2233 1109 2354 1164 loco
2406 1108 2659 1165 Salvator
2697 1112 3029 1168 testiﬁcatus
3079 1120 3165 1168 est
3207 1112 3403 1169 dicens
3436 1131 3450 1169 ;

1874 1218 1895 1252 τ
1924 1201 2164 1271 Accipite
2208 1199 2474 1272 Spiritum
2531 1213 2807 1268 sanctum,
2838 1219 3072 1274 quorum
3129 1202 3457 1260 remiseritis

1865 1300 2122 1361 peccata,
2153 1291 2537 1360 remittemur;
2567 1307 2806 1363 quorum
2841 1301 3024 1348 autem
3094 1293 3453 1360 retinueritis,

1867 1389 2074 1434 retenta
2114 1381 2338 1435 sunt“.
2366 1399 2384 1431 ι
2439 1371 2844 1437 Reinissionem
2893 1388 2988 1436 aut
3037 1379 3455 1437 damnationem

1867 1472 2156 1528 manifeste
2203 1487 2272 1528 ex
2328 1473 2531 1528 virtute
2573 1473 2906 1544 et'poteutia
2965 1457 3236 1542 Spiritus,
3267 1473 3446 1530 sancti

1833 1559 1840 1565 ’
1865 1581 1986 1621 esse
2011 1566 2208 1631 docet;
2239 1579 2334 1636 per
2353 1564 2617 1635 Spiritum
2647 1566 2813 1636 igitur
2841 1566 2901 1620 tit
2925 1559 3285 1635 peccatorum
3302 1563 3459 1634 puri-

1869 1661 2048 1716 licatio
2077 1668 2131 1714 et
2169 1659 2466 1715 absolutio.
2507 1656 2824 1724 Quiautem
2852 1658 3008 1712 illum
3034 1656 3377 1727 blasphemat
3401 1662 3457 1709 et
3490 1727 3494 1731 η

176 1748 507 1813 ἀοώωσιςοό
568 1749 625 1803 δὲ
676 1749 1019 1821 βλασφημῶν
1063 1751 1242 1804 ἐκεῖνο
1289 1750 1386 1804 καὶ
1447 1750 1550 1818 τῆς
1591 1747 1760 1803 αὐτοῦ

1876 1767 1926 1808 ιο
1954 1752 2102 1807 illius
2126 1751 2353 1806 salutari
2406 1750 2596 1822 gratiae"
2635 1749 2931 1813 subtrahit,
2984 1748 3206 1826 quando
3241 1746 3312 1802 ab
3361 1747 3457 1802 illo

180 1842 450 1913 σωτηρίας
511 1841 1052 1916 ἁποσκευαζὸμενος,
1103 1843 1222 1907 πῶς
1273 1841 1341 1898 ἂν
1377 1842 1462 1914 εἴη
1492 1841 1562 1895 δι’
1590 1840 1758 1896 αὐτοῦ

178 1933 596 2004 καθαιρόμενος,
622 1933 654 2006 ἢ
690 1935 794 2005 τῆς
826 1919 1280 2006 χρεωστουμένης
1314 1934 1465 2004 αὑτῴ
1490 1934 1764 2006 τιμωρίας

178 2027 270 2081 καὶ
323 2028 436 2080 τῶν
490 2017 835 2099 είσττράξεων
887 2026 1275 2098 ἁθωούμενος;
1339 2027 1450 2083 Καὶ
1503 2027 1764 2098 οὐδεμίαν

177 2113 323 2188 οἶμαι
352 2116 584 2190 ζήτησιν
599 2119 695 2176 ἔτι
719 2120 982 2191 παρέχειν
1011 2122 1124 2184 τοῖς
1152 2119 1398 2192 ἀκριϐῶς
1436 2118 1766 2172 ἐπισκοποῦ-

181 2227 262 2264 etv
283 2209 430 2274 ὅπως
471 2211 586 2265 τῶν
638 2209 1057 2284 ἁμαρτημάτων
1077 2214 1112 2267 ’ὁ
1139 2213 1280 2267 κατὰ
1304 2211 1400 2265 τοῦ
1441 2212 1765 2280 Πνεύματος

181 2301 519 2374 βλασφημῶν
573 2303 674 2374 οὐχ
728 2301 952 2378 εὑρήσει
1005 2305 1106 2376 τὴν
1147 2291 1362 2375 ἄφεσιν.
1415 2305 1478 2358 Εἰ
1506 2304 1565 2357 δὲ
1591 2303 1765 2358 καὶτὸ

180 2391 398 2465 λουτρὸν
442 2393 550 2464 τῆς
602 2394 1024 2464 παλιγγενεσίας
1050 2395 1138 2449 διὰ
1162 2396 1257 2448 τοῦ
1299 2395 1620 2465 Πνεύματος
1646 2395 1765 2468 ἱερ-

181 2487 476 2556 ουργεῖται,
529 2487 629 2540 καὶ
691 2487 754 2540 τὸ
791 2486 965 2558 δῶρον
1013 2487 1224 2541 ἐκεῖθεν
1284 2488 1460 2558 βρύει,
1523 2489 1617 2542 καὶ
1665 2491 1767 2558 τῆς

183 2576 388 2647 ἐκεῖθεν
417 2578 663 2645 πηγάζει
702 2577 950 2650 χάριτος,
982 2580 1030 2632 οἱ
1054 2576 1109 2634 δὲ
1139 2581 1298 2635 τοῦτο
1314 2579 1641 2652 διασύρουσι
1671 2580 1768 2634 καὶ

186 2666 594 2744 βλασφημοῦσιν
611 2671 686 2734 ὡς
713 2671 864 2725 οὐδὲν
883 2675 1191 2746 παρασχεῖν
1216 2673 1410 2744 δφελος
1433 2675 1554 2728 οὐδὲ
1575 2675 1768 2746 κέρδος

185 2759 470 2831 δυνάμενον
491 2779 506 2792 ·
537 2762 591 2816 τί
622 2763 731 2834 γὰρ
764 2761 910 2835 ὕδωρ
964 2766 1076 2818 καὶ.
1108 2765 1289 2820 ἔλαιον
1343 2766 1615 2837 ἐπιψαῦον
1669 2767 1766 2822 τοῦ

189 2855 402 2924 σαρκίου
439 2855 556 2910 τῶν
589 2857 675 2911 διὰ
697 2855 896 2936 βάθους
929 2859 1265 2913 ὲντακέντων
1329 2861 1431 2929 τῆς
1488 2861 1770 2933 ἁμαρτίας

192 2945 498 3014 στιγμάτων
518 2948 616 3002 καὶ
643 2948 753 3002 τῶν
796 2951 1048 3020 ψυχικῶν
1064 2953 1408 3024 παθημάτων
1443 2954 1770 3028 ἀπαλλαγὴν

1865 1843 2245 1908 mundaretur,
2286 1843 2370 1897 vel
2415 1842 2598 1898 debita
2626 1841 2729 1897 sibi
2764 1855 2928 1911 paena
2960 1850 3016 1895 et
3054 1823 3453 1895 ollensionibus

1865 1937 2261 1992 absolveretur.
2295 1934 2359 1990 Et
2387 1935 2481 2005 qui
2541 1933 2592 1988 id
2645 1941 2901 1988 accurate
2941 1931 3309 1995 considerant,
3342 1944 3456 1985 non

1862 2029 1976 2098 jam
2033 2027 2200 2092 ultra,
2253 2025 2469 2096 opinor,
2528 2026 2810 2095 inquirere
2898 2022 3120 2089 debent,
3177 2021 3456 2091 quomodo

1867 2129 2213 2188 peccatorum
2291 2117 2674 2173 remissionem
2751 2115 2850 2188 qui
2907 2124 3102 2171 contra
3180 2113 3454 2183 Spiritum

1868 2213 2235 2282 blasphemat,
2274 2227 2383 2268 non
2437 2211 2765 2290 inventurus
2817 2208 2909 2263 sit.
2967 2206 3026 2262 Si
3071 2215 3254 2263 antem
3310 2207 3458 2261 lava-
3559 2214 3562 2218 '

1868 2322 2026 2361 crum
2079 2304 2514 2377 regenerationis
2549 2319 2646 2374 per
2679 2301 2948 2372 Spiritum
2990 2307 3250 2357 sanctum
3291 2297 3460 2355 cilici-

1869 2409 1978 2464 tur,
2010 2409 2068 2454 et
2089 2399 2293 2453 donum
2325 2397 2452 2452 inde
2487 2394 2690 2466 prodit,
2726 2402 2782 2450 et
2820 2408 2889 2450 ex
2923 2394 3030 2449 hoc
3061 2392 3252 2462 gratiae
3305 2391 3459 2447 fonte

1868 2489 2120 2552 scaturit,
2170 2488 2261 2544 isti
2298 2502 2430 2543 vero
2476 2488 2607 2542 illud
2636 2485 2903 2541 irrideant
2956 2493 3013 2539 et
3057 2483 3457 2554 blasphement,

1873 2593 2130 2652 tanquam
2212 2570 2427 2636 nullum
2481 2580 2658 2651 possit
2718 2576 3068 2635 commodum
3138 2584 3194 2631 et
3241 2575 3460 2631 lucrum

1871 2684 2164 2744 praestare;
2198 2671 2474 2744 quomodo
2503 2674 2650 2728 enim
2700 2686 2844 2742 aqua
2890 2678 2946 2725 et
2995 2672 3178 2726 oleum
3231 2681 3456 2724 carnem

1873 2769 2150 2839 tangentia
2188 2768 2296 2822 alte
2328 2767 2727 2836 impressarum
2783 2764 2996 2834 peccati
3031 2761 3376 2817 macularum
3405 2766 3462 2814 et

1871 2860 2237 2930 spirituaiium
2273 2857 2632 2928 cupiditatum
2667 2865 2723 2910 et
2793 2855 3121 2910 solutionem
3183 2852 3460 2920 produce-

1871 2957 2036 3012 reht‘l
2069 2954 2172 3021 Qui
2206 2953 2373 3024 igitur
2418 2952 2567 3006 illam
2610 2949 3012 3022 blasphemiam
3049 2957 3243 3003 contra
3297 2945 3463 3016 spiri-

191 3036 526 3104 épyéaacﬂar
551 3040 810 3096 δύνανται
833 3058 846 3106 ;
867 3042 924 3096 '0
937 3035 1038 3097 ὀὖν
1054 3043 1260 3114 ταύτην
1286 3045 1386 3125 τὴν
1413 3044 1767 3117 βλασφημίαν

1878 3047 2079 3106 tualem
2111 3046 2585 3118 regenerationem
2614 3054 2669 3100 et
2717 3045 2920 3098 donum
2967 3041 3114 3108 haud
3153 3033 3460 3117 pulcherri-

192 3129 325 3182 κατὰ
380 3133 766 3202 πνευματικῆς
817 3135 1253 3209 ἀναγεννήσεως,
1279 3123 1375 3192 καὶ
1410 3139 1506 3192 τοῦ
1539 3139 1768 3210 μηδενὸς

192 3218 291 3273 τῶν
345 3221 649 3280 καλλίστων
704 3224 894 3297 δώρων
937 3227 1768 3302 ὲνδεεστέρου,κατασκεδάζειν

193 3312 441 3385 ἐπαρθεὶς
492 3317 576 3380 είς
625 3311 910 3387 ἀπόνοιαν,
960 3321 1055 3374 καὶ
1105 3321 1192 3377 διὰ
1212 3322 1373 3376 τοῦτο
1425 3323 1766 3377 τελειοῦσθαι

192 3403 266 3496 τῷ
307 3409 668 3480 πνευματικῷ
721 3411 1021 3482 χαρίσματι
1077 3413 1158 3496 ’μὴ
1211 3414 1538 3486 ἀνεχόμενος
1567 3455 1581 3477 ,
1632 3413 1804 3469 διλλάΔ

193 3494 452 3568 διασύρων
479 3501 612 3554 αὐτὸ
650 3503 745 3556 καὶ
774 3502 975 3574 χλεύην
1000 3494 1342 3575 ποιούμενος,
1376 3499 1533 3568 οὗτος
1556 3504 1642 3575 δὴ,
1674 3497 1769 3558 οῦ-

193 3604 277 3652 τος
305 3591 396 3674 καὶ
421 3592 488 3646 δι’
515 3594 664 3648 ὅσων
690 3594 868 3648 ἄλλων
906 3594 1064 3666 ἕρπει
1085 3594 1146 3650 τὸ
1175 3595 1519 3666 βλάσφημον,
1564 3595 1690 3651 οὕτε
1711 3597 1770 3652 ἐν

104 3759 108 3762 1
193 3679 267 3751 τῷ
289 3673 379 3736 νῦν
401 3684 562 3739 αίῶνι
601 3685 726 3740 οὔτε
748 3689 804 3741 ὲν
821 3685 900 3758 τῷ
933 3673 1203 3758 μέλλοντι,
1226 3689 1327 3758 τὴν
1368 3689 1468 3758 τῆς
1529 3676 1774 3762 βλασφη-

199 3772 317 3842 μίας
368 3777 596 3848 εὑρήσει
639 3777 856 3850 ἄφεσιν·
910 3781 1006 3844 καὶ
1034 3782 1143 3853 γὰρ
1161 3781 1302 3835 καὶὸ
1351 3781 1542 3852 Σωτὴρ
1586 3781 1769 3837 διαδε-

198 3864 510 3939 6αιούμενος
533 3870 792 3940 ἔλεγενοῒ
814 3873 1012 3943 Ἀμὴν,
1037 3873 1184 3943 ἀμὴν
1217 3872 1360 3941 λέγω
1387 3874 1537 3945 ὑμῖν·
1567 3874 1666 3930 ἐὰν
1692 3877 1770 3948 μή

197 3961 274 4022 τις
329 3962 670 4036 ἀναγεννηθῇ
701 3965 769 4019 δι’
806 3965 1000 4030 ὕδατος
1028 3967 1123 4020 καὶ
1155 3968 1495 4039 Πνεύματος,
1521 3969 1622 4022 οὐκ
1649 3971 1769 4021 εἰσ-

197 4051 463 4110 ελεύσεται
491 4057 572 4120 είς
587 4057 685 4128 τὴν
717 4057 997 4126 βασιλείαν
1022 4058 1133 4111 τῶν
1155 4059 1425 4130 οὐρανῶν.
1452 4081 1469 4111 ι
1505 4060 1567 4112 Εἰ
1594 4059 1651 4112 δὲ
1677 4059 1772 4113 καὶ

198 4145 410 4218 Πνεῦμα
455 4151 518 4202 οὐ
581 4149 740 4220 μόνον
774 4150 1064 4222 ίδιαίτερον
1123 4151 1183 4204 τὸ
1222 4153 1491 4220 πανάγιον
1548 4151 1776 4223 Πνεῦμα

200 4235 424 4305 λέγεται,
463 4241 603 4295 ἀλλὰ
622 4243 715 4296 καὶ
734 4232 1042 4314 κοινότερον
1069 4246 1102 4313 ἡ
1125 4245 1258 4313 ἁγία
1282 4245 1452 4315 Τριὰς
1473 4248 1516 4314 (ι
1549 4245 1776 4316 Πνεῦμα

199 4325 303 4397 γὰρ
323 4329 517 4395 ὁΘεὸς,
543 4331 638 4386 καὶ
665 4331 794 4397 τοὺς
823 4333 1266 4404 προσκυνοῦντας
1296 4334 1456 4389 αὑτὸν
1489 4337 1546 4388 ἐν
1611 4328 1776 4388 πνεύ-

1875 3142 1980 3197 mis
2003 3140 2178 3210 impar
2207 3139 2261 3194 in
2296 3137 2582 3212 emittendi
2631 3133 2967 3190 dementiam
2994 3131 3271 3203 impulsus
3327 3130 3462 3210 erit,

1843 3245 1920 3305 let
1949 3234 2070 3289 ideo
2108 3231 2378 3304 spirituali
2409 3231 2584 3301 gratia
2608 3228 2794 3299 perlici
2825 3241 2934 3282 non
2969 3223 3317 3289 sustinuerit,
3339 3222 3446 3277 sed

1874 3326 2008 3380 itlud
2041 3324 2273 3379 irriserit
2328 3331 2382 3378 et
2402 3321 2703 3378 ludibrium
2733 3319 2943 3382 fecerit,
2990 3317 3080 3372 ille
3115 3329 3248 3372 sane
3305 3323 3361 3369 et
3385 3312 3463 3368 illi

1871 3434 2064 3474 omnes
2092 3418 2187 3488 p'er
2222 3431 2360 3486 quos
2394 3416 2562 3486 serpit
2592 3412 2955 3484 blasphemia,
2993 3423 3171 3480 neque
3210 3409 3267 3462 in
3320 3421 3462 3477 prte-

1875 3512 2014 3566 senti
2070 3512 2292 3577 saeculo,
2325 3524 2501 3581 neque
2532 3511 2584 3563 in
2643 3508 2850 3574 futuro,
2881 3505 3128 3561 inveniet
3177 3489 3465 3558 remissio-

1875 3622 2018 3662 nem.
2054 3606 2263 3662 Etenim
2282 3605 2533 3661 Salvator
2549 3605 2598 3659 id
2617 3602 2950 3660 conﬁrmans
2965 3599 3213 3656 dicebat:
3240 3595 3465 3660 (Amen,

1876 3716 2030 3755 amen
2067 3701 2193 3755 dico
2249 3699 2451 3755 vobis:
2484 3698 2588 3753 nisi
2615 3697 2738 3768 quis
2769 3703 2995 3750 renatus
3023 3691 3190 3773 fuerit
3226 3703 3294 3746 ex
3321 3702 3464 3757 aqua

1877 3803 1933 3849 ct
1978 3793 2435 3862 Spiritusancto,
2470 3807 2578 3845 non
2644 3788 2870 3845 intrabit
2917 3789 2970 3841 in
3014 3798 3246 3855 regnum
3290 3783 3463 3836 r0310-

1879 3874 2000 3940 rum
2039 3885 2102 3939 ⁷³.
2134 3905 2152 3938 ι
2187 3885 2300 3940 Etsi
2331 3893 2513 3939 autem
2542 3882 2846 3953 .propriore
2877 3880 3043 3936 modo
3066 3876 3313 3949 Spiritus
3364 3890 3466 3930 vo—

1878 3986 2054 4043 catur,
2082 3977 2466 4032 sanetissimus
2538 3975 2800 4043 Spiritus,
2848 3973 2945 4028 sed
2989 3958 3152 4026 etiam
3212 3983 3465 4023 commu-

1880 4070 2020 4123 niori
2052 4078 2241 4124 sancta
2272 4067 2553 4134 Trinitas;
2607 4086 2639 4132 ι,
2660 4065 2899 4135 Spiritus
2947 4062 3120 4125 enim
3147 4060 3293 4114 Deus
3328 4043 3385 4114 et
3415 4059 3461 4113 si

1871 4167 2090 4230 Oportet
2114 4175 2208 4215 eos
2236 4160 2329 4230 qui
2377 4159 2530 4214 illum
2568 4157 2821 4221 adorant,
2875 4155 2932 4209 in
2969 4152 3166 4222 spiritu
3220 4158 3276 4205 et
3318 4147 3465 4204 veri-

1880 4259 1990 4306 tate
2019 4250 2169 4306 illum
2217 4248 2447 4304 adorare
2469 4248 2537 4315 τδ,
2574 4267 2593 4298 ι
2641 4244 2932 4300 manifeste
2965 4243 3061 4312 qui
3105 4242 3161 4296 in
3196 4240 3464 4311 Spiritum

1830 4390 1837 4395 .
1881 4343 2244 4414 blasphemat,
2301 4341 2465 4396 idest
2513 4339 2611 4411 qui
2641 4347 2833 4394 contra
2868 4350 3032 4392 unam
3087 4342 3300 4402 tantum
3346 4331 3464 4388 exi-
3512 4339 3514 4342 '

205 4435 324 4485 ματι
361 4423 453 4475 καί
502 4422 732 4495 ἀληθείᾳ.
774 4425 856 4478 δεῖ
891 4426 1303 4496 προσκυνείνι),
1334 4425 1579 4497 δηλονότι
1605 4429 1633 4479 ὁ
1683 4429 1763 4491 εἰς

1885 4438 2118 4492 miarum
2146 4447 2201 4492 et
2252 4433 2802 4491 consubstantialium
2849 4443 3234 4502 personarum,
3282 4425 3465 4497 reipsa

204 4511 415 4596 Πνεῦμα
468 4515 827 4586 βλασφημῶν,
877 4517 1159 4571 τουτέστιν
1188 4517 1386 4571 ὀκατέι
1450 4521 1579 4588 μιᾶς
1624 4536 1776 4583 τινος

205 4605 304 4657 τῶν
342 4606 635 4678 ὑπερφυῶν
656 4607 751 4662 καὶ
787 4596 1090 4680 ὀμοουσξίων
1119 4609 1479 4664 ὑποστάσεων
1508 4611 1609 4680 τῆς
1638 4629 1776 4678 παν-

203 4703 591 4773 τοκρατορικῆς
643 4701 739 4756 καὶ
788 4702 1117 4775 ὑπερουσίου
1170 4702 1424 4773 Θεότητος
1447 4703 1772 4774 βλάσφημον

206 4791 444 4856 γλῶσσαν
472 4795 677 4863 ἀφιεὶς,
721 4795 826 4848 κᾶν
854 4795 984 4866 δοκῇ
1012 4794 1115 4865 τῆς
1151 4794 1280 4867 περὶ
1309 4795 1408 4859 τὰς
1444 4795 1649 4866 ἀρετὰς
1679 4797 1774 4847 καὶ

205 4881 289 4934 τὸν
345 4883 455 4954 βίον
511 4885 721 4956 ὕϐρεως
779 4887 876 4939 καὶ
927 4886 1242 4956 δυσφημίας
1291 4884 1582 4948 ἀνεύθυνος
1611 4879 1772 4949 εἶναι,

208 4975 314 5028 ἀλλ’
359 4973 452 5032 οὖν
512 4978 590 5049 τῷ
648 4977 828 5048 πολλῷ
885 4977 1092 5048 μείζονι
1146 4977 1508 5048 συνεχόμενός
1564 4993 1626 5028 τε
1683 4977 1781 5041 καὶ

211 5070 515 5142 ἐταζόμενος
558 5073 942 5144 ἁμαρτήματι,
992 5071 1246 5143 οὐδαμῶς
1295 5071 1516 5142 εὑρήσει
1539 5070 1637 5141 τὴν
1673 5069 1777 5138 ἄφ-

210 5176 334 5231 εσιν,
386 5163 504 5217 οὔτε
534 5167 592 5218 ὲν
620 5163 699 5234 τῷ
755 5162 850 5216 νῦν
876 5161 1059 5226 αἰῶνι,
1104 5161 1229 5216 οὔτε
1281 5163 1340 5215 ὲν
1389 5161 1468 5231 τῷ
1507 5161 1776 5232 μέλλοντι.

276 5253 412 5324 Ὅρα
430 5256 484 5309 δὲ
524 5254 854 5313 κάντεῦθενσ
881 5255 1010 5319 Υἱὸς
1042 5254 1330 5326 ἀνθρώπου
1365 5254 1584 5322 λέγεται
1620 5255 1646 5308 ὁ
1671 5255 1778 5306 Σω-

209 5342 327 5414 τὴρ,
363 5345 590 5417 ἐπείπερ
642 5345 862 5418 ἀληθῶς
896 5345 1289 5416 ’ἐχρημάτισεν
1343 5343 1632 5415 ἄνθρωπος
1685 5345 1780 5397 καὶ

212 5434 556 5502 ἀνθρωπίνοις
581 5439 723 5493 ἑκὼν
751 5438 1030 5509 ὑποκύψαι
1053 5437 1273 5507 λέγεται
1291 5436 1520 5491 πάθεσιν
1550 5453 1565 5468 ο
1603 5438 1662 5488 ὲν
1681 5431 1778 5500 of;

212 5525 244 5594 ἡ
299 5529 602 5602 ἀνθρωπίνη
649 5529 813 5600 φύσις
863 5514 1139 5601 ὁρωμένη,
1198 5531 1282 5582 τδ
1314 5528 1640 5598 ἀδιάϐλητον
1684 5530 1777 5598 καὶ

283 5729 324 5761 ⁷³
353 5729 503 5791 Joan.
530 5752 620 5802 xx,
648 5735 738 5803 ‘29.,
766 5734 876 5790 :25.
967 5735 1012 5768 ⁷³
1046 5734 1199 5792 .‘oau.
1247 5751 1327 5801 ιιι,
1362 5737 1413 5791 5.

1881 4530 1934 4586 in
1960 4530 2388 4598 omnipotentem
2428 4537 2483 4582 ct
2519 4522 3042 4581 consubstantialem
3077 4519 3447 4581 divinitatem,

1881 4615 2262 4685 blasphemam
2297 4615 2540 4683 linguam
2578 4613 2802 4680 emittit,
2845 4607 3466 4682 quamvisinsoleutim
3545 4673 3556 4684 .

1880 4715 1936 4761 ct
1965 4704 2179 4773 injuriae
2218 4711 2409 4760 contra
2471 4705 2699 4758 virtutes
2745 4713 2799 4758 et
2858 4702 3024 4756 vitam
3060 4698 3321 4754 immunis
3344 4711 3469 4752 esse

1882 4797 2152 4864 videatur,
2184 4795 2280 4853 sed
2314 4805 2499 4851 tamen
2544 4794 2716 4850 utulto
2746 4794 2954 4865 majore
2996 4792 3244 4847 irretitus
3271 4799 3326 4844 et
3366 4788 3470 4843 im-

1885 4887 2116 4958 plicatus
2146 4893 2391 4957 peccato,
2423 4885 2573 4940 nullo
2624 4885 2786 4940 modo
2817 4882 3200 4940 remissionem
3229 4877 3469 4935 inveniet

1885 4998 2064 5054 neque
2090 4983 2144 5038 in
2167 4981 2418 5054 praesenti
2443 4981 2663 5047 saeculo,
2693 4995 2868 5050 neque
2896 4979 2950 5033 in
2979 4976 3185 5034 futuro.

1882 5257 1894 5269 '
1955 5253 2252 5309 Considera
2277 5261 2332 5308 et
2358 5249 2694 5330 indezFilius
2712 5249 2952 5306 hominis
2979 5246 3228 5304 Salvator
3242 5245 3466 5314 dicitur,

1859 5346 2142 5417 quoniam
2184 5361 2310 5403 vere
2331 5345 2431 5402 fuit
2460 5347 2620 5401 homo
2641 5355 2696 5400 et
2722 5343 2982 5400 humanis
2999 5339 3309 5397 voluntarie
3337 5337 3469 5393 subs.

1876 5439 2059 5510 jectus
2097 5454 2220 5494 esse
2283 5437 2690 5500 inﬁrmitatibus
2721 5437 2943 5500 dicitur,
3005 5436 3061 5491 in
3111 5432 3310 5503 quibus
3364 5429 3468 5483 hu-

1873 5528 2049 5587 mana
2107 5541 2301 5589 natura
2373 5515 2491 5589 visa
2546 5511 2691 5603 quod
2728 5524 3212 5602 ir'reprchensibile
3259 5532 3315 5579 et
3363 5521 3470 5578 im.-

1521 5736 1563 5767 7"
1603 5733 1757 5792 Joau.
1801 5752 1870 5805 μ’,
1905 5735 1992 5793 24.
