3864 6208
345 237 446 299 371

1507 231 1771 294 PHOTII
1806 228 2318 301 PATRIARCHA’.
2356 239 2466 299 (ΖΡ.

3521 228 3622 292 372

345 348 623 420 peecabile
646 323 736 405 est,
771 347 964 404 sortita
998 343 1103 405 est.
1138 347 1281 404 Dicit
1303 348 1450 404 enim
1498 346 1938 419 praecedentibus

2049 352 2433 424 ἂνεπιτίμητον
2462 348 2814 421 ἐκληρώσατο
2833 365 2848 382 ο
2875 345 3025 417 λέγει
3045 347 3226 401 τοίνυν
3249 347 3336 401 διὰ
3362 346 3472 400 τῶν
3491 363 3623 417 προ·-

345 441 529 497 verbis
581 439 834 496 Salvator
875 455 1002 496 eum
1060 433 1154 512 qui
1207 441 1388 511 ipsum
1423 456 1489 496 ex
1525 439 1933 516 irreprehensi-

348 534 553 589 bilibus
586 532 1004 588 infirmitatibth
1027 533 1370 604 blasphemat
1402 543 1456 588 et
1482 519 1675 587 irridet
1705 549 1718 598 ;
1767 539 1816 585 ‘v.
1850 547 1932 604 gr.

349 627 493 699 quod
523 627 742 690 esuriit,
797 626 989 692 sitivit,
1045 627 1361 699 passionem
1394 624 1792 689 reformidat-it,
1847 642 1939 680 su-

350 696 514 773 dore‘s
545 714 698 770 illum
751 696 1153 782 irroraveruut,
1206 717 1366 771 valde
1419 715 1630 771 tristem
1676 731 1735 772 se
1775 713 1936 781 dixit,

353 810 547 866 mortis
582 811 778 864 timore
834 809 1102 864 exhibens
1158 810 1493 868 molestiam.
1542 809 1688 879 quod
1737 809 1937 873 oravit,

355 902 500 973 quod
549 902 922 972 deprecatuus
953 913 1038 957 est
1084 894 1331 966 calicem,
1376 901 1462 956 his
1510 902 1764 957 humanis
1817 912 1966 972 pro-'

359 995 683 1066 prietatibus
715 994 807 1064 qui
844 992 1274 1063 scandalizatum
1307 992 1470 1046 fuerit
1505 1001 1560 1046 et
1598 1009 1702 1046 una
1741 992 1809 1048 iis
1846 1007 1942 1062 per

358 1103 481 1159 quae
518 1087 770 1147 Salvator
804 1101 864 1141 se
897 1100 1020 1141 vere
1060 1067 1258 1139 Filium
1289 1083 1528 1138 hominis
1546 1098 1667 1140 esse
1686 1082 1943 1155 cognosci

358 1178 612 1250 praebuit,
646 1178 694 1232 is
730 1176 890 1234 facile
953 1175 1276 1232 scandalum
1318 1183 1499 1246 potest
1548 1175 1838 1247 projicere,
1889 1182 1945 1230 et

359 1269 758 1340 blasphemiam
805 1268 1010 1339 fugere,
1041 1277 1095 1324 et
1144 1268 1351 1338 peccati
1391 1267 1772 1324 remissionem
1799 1268 1947 1323 acci-

361 1376 517 1430 pere,
552 1372 827 1416 caecorum
851 1359 1043 1415 videns
1065 1351 1261 1415 oculos
1284 1360 1450 1415 verbo
1473 1368 1768 1426 recreatos,
1802 1360 1947 1414 clau-

362 1453 464 1508 dos
493 1467 660 1508 cursu
731 1450 977 1506 dolorem
1033 1452 1455 1522 redarguentes,
1515 1451 1945 1523 quatriduanum

364 1552 638 1598 mortumn
674 1542 867 1597 mortis
888 1542 1186 1613 potentiam
1217 1541 1506 1609 ridentem,
1568 1553 1625 1599 et
1682 1559 1947 1615 quaecun-

361 1651 468 1704 que
493 1636 597 1713 alia
629 1635 813 1695 divina
854 1636 1057 1691 virtute
1111 1636 1351 1695 ellicieus
1383 1645 1640 1692 ostensus
1689 1646 1775 1692 est
1822 1635 1946 1692 Sal-

361 1737 532 1782 vator.
576 1725 783 1782 Eorum
811 1729 957 1782 enim
993 1727 1426 1800 unumquodque
1484 1728 1594 1783 vim
1644 1728 1808 1784 habet
1857 1729 1943 1785 in-

358 1819 582 1882 victam.
636 1819 1070 1874 scandalizatum
1122 1821 1168 1874 si
1219 1820 1414 1875 saltem
1467 1837 1573 1875 non
1635 1822 1815 1877 malus
1867 1823 1940 1878 sit

358 1909 536 1965 libens
575 1919 630 1966 et
678 1909 892 1977 volens,
920 1911 989 1964 ab
1015 1925 1203 1967 errore
1265 1921 1322 1966 et
1343 1927 1372 1965 a
1404 1912 1721 1982 blasphema
1753 1915 1943 1985 dispo-

360 2001 561 2056 sitione
586 1998 876 2055 liberandi.
917 1998 986 2054 Et
1023 2001 1068 2054 si
1101 2000 1290 2055 omnia
1325 2003 1656 2073 cogitatione
1687 2015 1946 2062 accurate

360 2093 655 2148 meditatus
680 2103 784 2158 est,
810 2093 1089 2163 quomodo
1124 2109 1230 2148 non
1264 2096 1570 2166 promptius
1613 2098 1766 2154 illum
1812 2114 1947 2156 eon-

360 2192 574 2239 vertent
598 2185 691 2254 qui
726 2185 1030 2241 humilibus
1049 2194 1104 2240 et
1145 2185 1403 2244 humanis
1439 2188 1506 2243 -iu
1550 2189 1946 2262 blasphemiam

360 2280 677 2335 subtractus
712 2277 930 2335 fuerit?
984 2279 1090 2346 Qui
1120 2288 1306 2336 autem
1353 2299 1422 2337 ex
1447 2283 1558 2339 illis
1586 2296 1709 2356 qua:
1758 2285 1946 2342 divina

359 2379 414 2423 et
451 2368 651 2423 eximia
683 2377 813 2424 sunt
839 2372 1100 2440 operibus
1122 2373 1460 2444 blasphemia
1482 2377 1623 2431 male
1670 2378 1860 2448 egerit,
1894 2388 1949 2434 et

359 2475 612 2530 quaerens
635 2461 1036 2538 quomodo.per
1051 2465 1254 2521 bonum
1283 2478 1610 2537 operaturns
1626 2469 1698 2525 sit
1721 2471 1946 2536 bonum,

259 2561 263 2566 ‘
359 2561 413 2605 et
453 2567 600 2607 nunc
621 2553 840 2624 quidem
865 2553 1064 2614 dicens'
1086 2573 1211 2613 cmn
1248 2558 1438 2615 Jesum
1471 2561 1617 2617 videt
1668 2563 1949 2621 daemones

359 2645 667 2714 ejicientcm
695 2664 711 2701 :
744 2665 765 2699 ι
794 2645 1132 2704 Dmmouium
1159 2652 1326 2708 habet
1356 2655 1404 2686 ⁷⁸
1431 2672 1445 2720 ;
1475 2656 1664 2722 »Ϊηιιηο
1715 2666 1896 2713 autem
1932 2676 1946 2713 :

367 2753 386 2787 ι
417 2737 476 2792 In
515 2738 1163 2809 principe'daemoniorum
1189 2744 1338 2813 cjicit
1362 2747 1629 2802 daemonia
1653 2748 1698 2779 ⁷⁸
1730 2766 1780 2817 ;›
1805 2765 1950 2804 nunc

360 2839 567 2895 autem,
592 2846 717 2885 cum
741 2831 790 2886 ei
821 2847 985 2902 quem
1011 2835 1129 2890 visu
1152 2837 1410 2894 nativitas
1437 2840 1727 2896 orbaverat
1758 2842 1948 2898 oculos

360 2921 736 2988 reformasset,
767 2939 893 2979 eum
922 2927 1220 2995 cpprobrio
1248 2944 1590 3002 persequens
1615 2943 1672 2988 et
1709 2935 1950 2992 mira'cu-

2039 448 2309 516 κειμένων
2340 444 2600 516 ῥημάτων
2632 444 2660 495 ὁ
2680 440 3108 512 Σωτὴρ,ὃτιάπδ
3133 440 3239 493 τῶν
3269 439 3620 508 ἀνθρωπίνων

2039 537 2293 610 πράξεων
2325 535 2420 590 τοῦ
2461 534 2592 589 Υίοῦ
2615 533 2709 590 τοῦ
2727 535 3037 608 ἀνθρώπου,
3069 532 3354 586 τουτέστιν
3375 530 3486 584 ἀπὸ
3513 529 3619 585 τῶν

1994 679 1996 682 ,
2039 629 2379 701 ἀδιαϐλήτων
2407 627 2596 682 παθῶν
2619 626 2958 697 βλασφημῶν
3001 625 3165 679 αὐτὴν
3194 625 3289 677 καὶ
3327 623 3620 695 διασύρων,

2037 717 2156 777 οἷον
2191 723 2272 776 ὅτι
2296 722 2606 786 ἐπείνασεν,
2634 719 2911 788 ἐδίψησεν,
2930 717 3012 770 ὅτι
3035 717 3092 770 τὸ
3111 715 3280 780 πάθος
3294 716 3623 787 ⁴ήγωνίασεν,

2042 815 2125 868 ὅτι
2154 813 2379 888 ἱδρῶτες
2413 813 2577 868 αὑτὸν
2605 810 2986 882 περιέσταζον,
3013 810 3095 863 ὃτι
3125 809 3422 880 περίλυπον
3439 807 3628 861 ἑαυτὸν

2043 904 2198 973 ἔλεγε
2221 903 2297 974 τῷ
2329 903 2424 958 τοῦ
2459 902 2692 957 θανάτου
2721 897 2873 972 φόϐῳ
2910 898 3311 978 διοχλούμενος,
3332 899 3415 951 ὄτι
3461 913 3630 968 προσ-

2045 996 2263 1068 ηύχετο,
2293 995 2373 1049 ὅτι
2404 996 2705 1066 παρῃτεῖτο
2731 993 2793 1046 τὸ
2823 992 3084 1065 ποτήριον
3105 1005 3118 1018 ·
3146 992 3210 1043 ὲκ
3225 987 3446 1042 ’τούτων
3473 984 3570 1041 οὖν
3605 989 3630 1040 ὁ

2047 1085 2532 1156 σκανδαλιζὸμενος
2563 1085 2671 1139 τῶν
2695 1083 3078 1154 ἀνθρωπίνων,
3129 1081 3222 1136 καὶ
3250 1081 3318 1135 δι’
3352 1074 3428 1133 ὧν
3459 1081 3488 1132 ὁ
3513 1079 3630 1130 Σω-

2044 1177 2150 1248 τὴρ
2186 1177 2310 1241 Υίδς
2339 1177 2553 1248 ἀληθῶς
2605 1174 2896 1247 ἀνθρώπου
2962 1176 3226 1245 παρεῖχεν
3271 1170 3634 1237 ἐπιγινώσκε-

2048 1271 2194 1336 σθαι,
2223 1263 2378 1334 οὗτος
2413 1269 2542 1340 ῥᾷον
2571 1266 2795 1322 δύναται
2819 1266 2973 1338 ῥίψαι
3000 1267 3060 1320 τὸ
3092 1264 3388 1320 σκάνδαλον
3417 1262 3511 1316 καὶ
3533 1261 3632 1332 τὴν

2049 1363 2400 1434 βλασφημίαν
2432 1363 2751 1432 διαφυγεῖν,
2812 1361 2907 1416 καὶ
2953 1360 3052 1431 τῆς
3113 1359 3389 1430 ἁμαρτίας
3447 1355 3633 1410 λαϐεῖν

2047 1455 2272 1526 ἄφεσιν·
2333 1453 2570 1524 τυφλοὺς
2607 1452 2750 1524 ὀρῶν
2789 1451 2933 1521 λόγῳ
2979 1448 3522 1522 δημιουργουμὲνους
3563 1445 3637 1499 τά

2048 1545 2292 1617 ὄμματα,
2315 1544 2520 1615 χωλοὺς
2541 1543 2598 1597 δὲ
2613 1544 2692 1618 τῷ
2711 1542 2897 1616 δρόμῳ
2916 1536 2974 1595 τὺ
2988 1541 3159 1604 πάθος
3180 1539 3524 1609 ἐλέγχοντας,
3544 1537 3637 1590 τὸν

2051 1641 2109 1693 ἐν
2156 1640 2371 1709 νεκροῖς
2419 1639 2735 1709 τεταρταῖον
2798 1634 2895 1689 τοῦ
2948 1635 3180 1689 θανάτου
3243 1630 3639 1699 καταγελῶντα

2050 1731 2150 1803 τὴν
2175 1730 2430 1801 δύναμιν,
2458 1730 2554 1784 καὶ
2582 1729 2682 1784 ὅσα
2707 1727 2846 1784 ἄλλα
2897 1724 3174 1796 θεουργῶν
3211 1725 3240 1776 ὁ
3277 1721 3467 1792 Σωτὴρ
3503 1719 3638 1772 ἐδεί-

2046 1841 2240 1878 κνυτο·
2271 1822 2592 1878 καὶτούτων
2623 1821 2722 1894 μὲν
2753 1821 2862 1893 γὰρ
2877 1819 3110 1874 ἕκαστον
3149 1815 3360 1888 ἄμαχον
3386 1815 3501 1884 ἔχει
3538 1810 3640 1882 τήν

2047 1916 2224 1987 ἰσχὺν,
2270 1915 2360 1970 τὸν
2400 1904 2905 1984 σκανηδαλιζόμενον,
2957 1911 3024 1966 ἂν
3075 1910 3183 1980 ἄρα
3226 1908 3300 1979 μὴ
3324 1905 3466 1960 ἑκὼν
3499 1920 3638 1957 κακ-

2045 2010 2240 2080 ουργῇ,
2297 2006 2609 2071 ἀπαλλάξαι
2637 2007 2737 2078 τῆς
2765 2005 2972 2074 πλάνης
2987 2001 3190 2071 καὶτῆς
3209 1996 3639 2070 βλασφημοῦσης

2045 2101 2346 2164 διαθέσεως
2366 2115 2380 2129 ·
2428 2098 2566 2169 ὁμοῦ
2606 2098 2664 2152 δὲ
2714 2096 2892 2150 πάντα
2921 2097 3040 2156 ταῖς
3070 2091 3332 2154 διανοίαις
3360 2087 3641 2158 ἐπιμελῶς

2050 2177 2424 2265 μελετώμενα,
2455 2190 2571 2255 πῶς
2597 2190 2660 2244 οὐ
2695 2188 2891 2244 θᾶττον
2920 2187 3252 2260 μεταστήσει
3289 2183 3428 2255 πρὸς
3459 2181 3641 2238 θεολο-

2047 2285 2174 2354 γίαν
2219 2284 2311 2337 τὸν
2370 2282 2479 2337 ἀπὸ
2527 2268 2638 2335 τῶν
2687 2279 2963 2334 ταπεινῶν
3009 2279 3104 2332 καὶ
3161 2273 3519 2346 ἀνθρωπίνων
3559 2272 3644 2333 εἰς

2051 2375 2404 2450 βλασφημίαν
2464 2373 2922 2444 ὑποσυρόμενονς
2950 2371 3010 2424 '0
3051 2369 3108 2424 δὲ
3153 2369 3262 2423 ἀπὸ
3298 2365 3507 2420 τούτων
3529 2363 3644 2416 τῶν

2050 2466 2373 2539 θεοπρεπῶν
2403 2480 2464 2519 τε
2493 2463 2590 2517 καὶ
2621 2461 2918 2533 ὑπερφυῶν
2958 2459 3137 2531 ἔργων
3170 2459 3250 2521 είς
3284 2453 3644 2527 βλασφημίαν

2050 2559 2397 2633 κακουργῶν,
2423 2556 2518 2613 καὶ
2551 2553 2870 2619 σπουδάζων
2920 2553 3070 2616 ὅπως
3093 2549 3180 2604 διά
3206 2549 3299 2603 τοῦ
3329 2546 3539 2617 ἀγαθοῦ
3579 2547 3644 2600 τὸ

2051 2651 2256 2722 φαῦλον
2282 2648 2711 2722 δημιουργήσειε
2730 2662 2744 2678 ·
2777 2644 2875 2700 καὶ
2895 2643 2993 2698 νῦν
3017 2643 3124 2713 μὲν.
3143 2641 3343 2710 λέγων,
3374 2638 3645 2706 δαίμονας

2049 2748 2192 2821 ὁρῶν
2210 2742 2828 2815 διώκοντα,‹Δαιμόνιον
2851 2739 2982 2811 ἔχει·
3002 2760 3028 2792 1
3060 2737 3155 2793 νῦν
3177 2737 3260 2800 δὲ,
3295 2737 3377 2790 ὅτι
3405 2733 3530 2787 ιἘν
3563 2730 3644 2803 τῷ

2051 2839 2273 2912 ἄρχοντι
2302 2838 2408 2892 τῶν
2436 2834 2727 2908 δαιμονίων
2753 2831 3004 2887 ἐκϐάλλει
3033 2830 3103 2884 τά
3151 2829 3406 2900 δαιμόνια
3433 2842 3448 2856 ·
3488 2846 3506 2878 ι
3544 2826 3646 2880 νῦν

2050 2931 2107 2985 δὲ
2131 2926 2193 2986 οὗ
2219 2932 2318 2993 τὰς
2351 2928 2503 2999 ὄψεις
2527 2930 2560 3000 η
2591 2926 2808 2995 γένεσις
2851 2923 3221 2994 ἀπεστέρησε,
3249 2921 3441 2973 τούτου
3482 2917 3648 2989 πηλῷ

361 3014 470 3068 lum
502 3016 555 3069 in
596 3016 835 3090 injurias
878 3020 1106 3076 trahens
1159 3031 1217 3077 et
1254 3023 1481 3081 dicens:
1543 3045 1562 3078 ι
1590 3026 1706 3082 Non
1742 3038 1828 3085 est
1861 3031 1945 3087 hic

2050 3026 2144 3081 καὶ
2173 3024 2319 3096 λόγῳ
2361 3023 2499 3087 ⁸τοῦς
2541 3010 2865 3092 ὀφθαλμοὺς
2916 3015 3468 3087 πλαστουργήσαντα,
3503 3029 3644 3082 προ-

361 3120 392 3158 a
418 3106 526 3160 Deo
547 3108 613 3162 ⁷⁷.
635 3108 779 3178 »Ωιιί
809 3109 976 3181 igitur
1003 3111 1208 3167 divinis
1233 3113 1341 3171 illis
1365 3125 1421 3171 et
1441 3119 1660 3175 eximiis
1685 3122 1945 3192 operibus

360 3212 469 3251 non
499 3200 693 3254 melior
730 3201 984 3270 efficitur,
1013 3198 1108 3259 sed
1137 3205 1320 3274 potius
1345 3209 1411 3262 ad
1441 3210 1598 3279 pejus
1632 3211 1876 3269 defertur
1891 3224 1946 3271 et

354 3289 426 3343 ad
454 3289 786 3346 dementiam
821 3295 1138 3361 excitatur;
1169 3304 1224 3351 et
1257 3313 1325 3352 ex
1353 3299 1560 3368 quibus
1601 3302 1862 3364 admirari
1891 3317 1946 3364 et

264 3425 268 3428 .
358 3379 642 3436 celebrare
674 3382 1080 3441 benefactorem
1105 3389 1410 3458 oportebat,
1441 3391 1594 3448 illum
1632 3385 1862 3464 injuriis
1891 3407 1946 3455 et

360 3470 717 3540 blasphemiis
744 3489 1098 3547 persequens,
1132 3481 1336 3551 quibus
1353 3483 1476 3540 aliis
1509 3499 1940 3561 converteretur,

360 3571 416 3616 ct
459 3564 790 3633 palinodiam
844 3579 1068 3626 caneret
1099 3583 1166 3628 .et
1197 3574 1265 3630 ad
1299 3578 1688 3646 ptenitcutiam
1747 3585 1946 3641 confu-

361 3665 514 3725 geret
543 3660 1049 3732 atque'impietatis
1086 3680 1152 3721 ac
1206 3664 1263 3722 in
1304 3667 1477 3724 Deum
1515 3687 1711 3743 pugna:
1754 3664 1944 3736 remis-

360 3749 570 3806 sionem
601 3751 877 3824 acciperet
897 3755 921 3810 2
945 3755 1235 3816 Manifestc
1259 3762 1406 3818 nulla
1434 3764 1543 3823 alia
1573 3782 1653 3824 re.
1755 3751 1762 3759 ’

2049 3116 2368 3188 πηλακίζων
2418 3131 2478 3168 τε
2513 3114 2609 3169 καὶ
2663 3114 2724 3167 τὸ
2777 3111 2964 3183 θαῦμα
3001 3111 3081 3174 είς
3112 3107 3270 3180 ὓϐριν
3308 3106 3506 3170 ἕλκων,
3547 3106 3647 3157 καὶ

2048 3211 2246 3280 λέγων,
2278 3208 2352 3273 ώς
2382 3226 2402 3262 ι
2427 3208 2541 3262 Οὐκ
2557 3207 2703 3260 ἐστιν
2727 3197 2883 3268 οὗτος
2908 3203 3058 3275 παρᾶ
3077 3200 3171 3254 τοῦ
3201 3199 3357 3254 Θεοῦ·
3374 3218 3391 3250 ι
3410 3199 3440 3251 ὁ
3459 3195 3645 3250 τοίνυν

2045 3305 2135 3359 διὰ
2156 3305 2264 3358 τῶν
2293 3303 2581 3374 θειοτέρων
2601 3317 2661 3356 τε
2686 3300 2780 3354 καὶ
2805 3298 3103 3370 ὑπερφυῶν
3127 3295 3302 3368 ἔργων
3341 3291 3498 3346 οὐδὲν
3521 3289 3648 3360 βελ-

2044 3377 2350 3470 τίούμενος,
2374 3394 2513 3450 ἀλλά
2548 3393 2749 3465 μᾶλλον
2795 3394 2886 3445 ἐπὶ
2913 3391 2976 3445 τὸ
2997 3393 3179 3462 χεῖρον
3207 3388 3529 3459 φερόμενος,
3548 3384 3647 3436 καὶ

1995 3531 1999 3535 ι
2048 3491 2187 3564 πρὸς
2211 3491 2472 3546 ἀπόνοιαν
2497 3485 2781 3557 ἀνοιπρού
2791 3502 2950 3557 μενος
2969 3501 2983 3514 ·
3003 3487 3096 3538 καὶ
3109 3481 3176 3536 δι’
3205 3475 3282 3537 ὧν
3298 3480 3403 3533 ἔδει
3423 3477 3646 3548 θαυμάο

2048 3586 2166 3652 ζειν
2190 3584 2283 3639 καὶ
2303 3585 2560 3654 ἀνυμνεῖν
2575 3581 2664 3636 τὸν
2683 3577 2982 3649 εὐεργέτην
3007 3577 3075 3629 δι’
3098 3574 3323 3628 ἐκείνων
3339 3570 3646 3638 ἐνυϐρίζων

2045 3697 2107 3733 τε
2139 3679 2234 3731 καὶ
2293 3673 2657 3748 βλασφημῶν,
2687 3671 2776 3724 διά
2827 3668 2990 3724 τίνων
3019 3665 3194 3721 ἄλλων
3227 3663 3294 3717 ἂν
3322 3661 3643 3730 ἐπιστραφῇ
3711 3734 3714 3738 _

1993 3768 1997 3772 ’
2043 3777 2140 3831 καὶ
2175 3767 2503 3839 παλινῳδίαν
2536 3765 2666 3837 ᾄσῃ.
2707 3767 2802 3818 καὶ
2823 3763 2961 3832 πρδς
3000 3759 3101 3828 τὴν
3145 3755 3434 3828 μετάνοιαν
3467 3767 3646 3804 κατα-

361 3843 642 3944 φειξξῆτξιιτ
683 3847 923 3919 καὶτῆς
977 3849 1299 3918 δυσσεϐείας
1351 3874 1414 3910 τε
1479 3859 1574 3914 καὶ
1634 3861 1936 3939 θεομαχίας
2007 3873 2106 3944 τὴν
2153 3869 2345 3936 ἄφεσιν
2389 3859 2640 3933 λήψεται,
2692 3851 3101 3944 ἤδηλονότι’δι’
3152 3850 3340 3921 ἑτέρου
3384 3845 3648 3911 οὑδενός;

429 3940 532 4032 Qui
567 3942 735 4013 igitur
773 3944 826 3999 in
860 3943 1124 4016 Spiritum
1159 3961 1433 4019 sanctum,
1481 3955 1534 4011 id
1597 3969 1681 4015 est
1747 3963 1804 4018 in
1859 3967 1945 4024 Dei

2064 3940 2075 3944 -
2123 3965 2229 4018 Τὸν
2247 3957 2726 4032 βλασφημήσαντα
2751 3950 2930 4005 τοίνυν
2946 3950 3024 4013 εἰς
3045 3942 3106 4002 τὸ
3125 3945 3349 4016 Πνεῦμα
3377 3945 3439 3999 τὸ
3462 3945 3645 4013 ἅγιον,

357 4027 514 4129 signa
545 4035 1023 4129 blasphemaverit,
1058 4055 1165 4117 nec
1189 4058 1286 4112 per
1313 4060 1374 4101 ea
1421 4048 1655 4118 priorem
1688 4054 1945 4129 blasphe-

2051 4027 2335 4112 τουτέστιν
2373 4027 2462 4112 είς
2503 4049 2599 4111 τὰς
2654 4041 3004 4114 θεοσημείας,
3049 4040 3141 4095 καὶ
3181 4039 3317 4110 μηδὲ
3347 4038 3414 4092 δι’
3463 4037 3647 4092 αὐτῶν

357 4127 523 4182 miam
559 4128 841 4198 abjecerit,
878 4131 1013 4187 nihil
1037 4133 1187 4189 aliud
1217 4131 1371 4191 illum
1401 4140 1608 4210 eriget;
1666 4161 1775 4202 non
1811 4127 1945 4205 'cor-

2049 4145 2455 4220 τὴν¹προτέραν
2508 4136 2822 4208 δυσφημίαν
2860 4132 3415 4202 ἁποσκευασάμενον,
3450 4127 3648 4204 τοῦτον

358 4229 567 4276 rectum
599 4231 781 4278 autem
810 4223 952 4280 unde
979 4227 1231 4283 remissio
1264 4231 1474 4299 peccati
1498 4240 1802 4306 sequetur?
1829 4239 1945 4298 Idea

2052 4241 2206 4296 οὐδὲν
2261 4238 2452 4310 ἕτερον
2513 4230 2906 4304 διορθώσεται·
2967 4226 3043 4298 μή
3099 4223 3484 4296 διορθούμενον
3549 4222 3643 4288 δὲ,

286 4324 288 4326 '
359 4307 754 4372 rationabiliter
777 4325 832 4372 et
861 4325 921 4371 ut
963 4318 1130 4374 Deum
1180 4321 1359 4388 decet,
1415 4325 1656 4384 salutare
1713 4331 1945 4389 Verbum

2058 4334 2224 4389 πόθεν
2252 4333 2286 4402 ή
2315 4307 2510 4400 ἄφεσις
2537 4321 2898 4392 ἀκολουθήσει
2932 4317 3027 4371 τοῦ
3069 4316 3470 4388 ἁμαρτήματος
3492 4332 3506 4381 ;
3532 4313 3646 4366 διό-

356 4421 484 4459 cum
514 4407 610 4477 qui
652 4406 742 4464 Dei
778 4425 945 4479 opera
979 4411 1032 4466 in
1062 4412 1460 4483 blasphemiam
1485 4429 1695 4477 vertere
1721 4434 1945 4482 conten-

2055 4377 2680 4500 esp-sexdﬂygavm
2738 4377 3061 4483 θεοπρεπῶς
3187 4377 3455 4477 σωτήριος
3489 4377 3648 4500 λδγος

356 4497 518 4563 derit,
548 4500 697 4556 omni
730 4502 885 4556 venia
919 4501 1205 4574 indignum
1251 4507 1376 4565 fons
1421 4511 1767 4572 remissionis
1818 4533 1945 4588 pro-

2053 4497 2145 4575 τὸν
2190 4517 2291 4580 τὰς
2365 4511 2656 4583 θεουργίας
2706 4510 2787 4572 εἰς
2859 4502 3212 4576 βλασφημίαν
3269 4498 3647 4572 μεταστρέψαι

246 4657 261 4671 .
330 4590 650 4678 nuntiavit.
681 4590 904 4648 Nullum
956 4595 1104 4651 enim
1150 4607 1473 4668 praetextum
1521 4603 1626 4658 sibi
1674 4606 1934 4678 reliquit;

359 4691 461 4730 nec
491 4677 814 4746 injtiriarum
847 4689 905 4738 et
942 4681 1408 4755 blasphemiarum
1461 4677 1809 4752 correctione
1860 4714 1958 4754 ne-

360 4782 488 4835 que,
521 4776 732 4824 tantum
767 4771 944 4839 abest,
983 4777 1310 4837 remissione
1357 4781 1558 4853 dignus
1583 4786 1947 4856 jndicabitur.

359 4858 746 4916 Comedentem
773 4872 830 4918 et
855 4863 1126 4924 bibentem
1158 4869 1360 4939 vidisti,
1390 4884 1438 4929 et
1470 4875 1592 4932 ideo
1612 4883 1737 4934 eum
1772 4897 1955 4937 come-

360 4948 562 5006 donem
591 4960 644 5007 et
675 4953 787 5010 vini
813 4963 1061 5026 potorem
1093 4975 1290 5030 vocas;
1325 4978 1642 5034 peccatores
1682 4979 1739 5025 et
1769 4973 1952 5043 publi-

361 5057 544 5097 canos
563 5043 944 5118 accipientem,
969 5057 1023 5107 et
1046 5051 1097 5107 id
1129 5062 1182 5109 te
1209 5054 1426 5126 impulit
1468 5070 1526 5114 ut
1551 5061 1602 5116 ei
1636 5063 1955 5132 publicano-

363 5150 486 5189 rum
547 5145 602 5191 et
652 5149 1000 5208 peccatorum
1049 5145 1348 5202 amicitiam
1399 5153 1798 5221 exprobrares?
1849 5155 1955 5213 Sed

363 5226 465 5282 tibi
495 5229 711 5286 excelsa
741 5232 1131 5304 relinquunt-ur
1162 5252 1260 5306 per
1284 5255 1406 5308 qua:
1451 5243 1600 5298 etab
1626 5243 1695 5299 iis
1730 5238 1949 5316 injuriis

364 5319 626 5377 recedens
656 5330 713 5377 et
746 5323 812 5378 ad
848 5325 1229 5395 paenitentiam
1272 5330 1614 5402 confugiens,
1667 5337 1952 5393 remissio-

369 5427 492 5467 nem
531 5413 803 5482 invenies,
841 5417 970 5487 quia
994 5433 1119 5472 cum
1143 5420 1382 5500 muliere
1410 5433 1462 5478 et
1485 5423 1948 5485 illa-Samaritana

365 5501 583 5562 locutus
612 5516 697 5564 est
720 5519 773 5564 et
805 5509 875 5566 ab
891 5525 955 5566 ea
996 5526 1195 5582 aquam
1245 5513 1431 5573 bibere
1474 5519 1789 5590 postulavit,
1825 5509 1938 5576 hu;

444 5692 490 5723 "
521 5687 714 5746 Matth.
768 5708 842 5757 XI,
887 5694 966 5749 I8.
1049 5698 1091 5727 7“
1128 5694 1316 5752 Matth.
1357 5715 1430 5765 ιτ,
1468 5700 1555 5757 ἷί.
1639 5701 1820 5772 ττι-Ιοτιξ

2057 4608 2538 4682 φιλονεικήσαντα,
2569 4602 2752 4671 πάσης
2800 4596 3138 4668 συγγνώμης
3181 4592 3402 4659 ἀνάξιον
3428 4594 3463 4662 ἡ
3494 4588 3646 4682 πηγῆ

2053 4681 2156 4774 τῆς
2179 4701 2426 4770 ἀφέσεως
2449 4695 2775 4766 ἀπεφήνατο
2797 4709 2810 4722 ·
2862 4687 3122 4760 οὐδεμίαν
3152 4686 3260 4756 γάρ
3295 4683 3475 4753 ἐαυτῷ
3511 4681 3644 4774 πρὸς

2057 4771 2227 4862 φασιν
2256 4787 2630 4851 ὑπελελοιπὼς
2682 4782 2808 4838 οὔτε
2862 4780 3203 4854 διορθώσεως
3237 4778 3348 4832 τῶν
3375 4775 3523 4830 κατὰ
3550 4771 3642 4827 τοῦ

2057 4884 2374 4956 Πνεύματος
2399 4880 2617 4954 ὕϐρεων
2639 4878 2734 4933 καὶ
2760 4873 3144 4946 βλασφημιῶν,
3180 4869 3304 4924 οὐδὲ
3335 4866 3534 4941 πολλοῦ
3567 4866 3646 4919 δεῖ

2056 4979 2156 5047 τῆς
2217 4975 2464 5044 ἀφέσεως
2526 4970 2925 5042 ἀξιωθήσεται·
2983 4965 3236 5020 ἐσθίοντα
3291 4963 3388 5017 καὶ
3420 4959 3643 5015 πίνοντα

2058 5064 2220 5133 εἶδες,
2275 5068 2367 5121 καὶ
2398 5065 2488 5120 διά
2549 5065 2709 5119 τοῦτο
2750 5063 2934 5132 ¹φάγον
2961 5060 3148 5122 καλεῖς
3176 5058 3273 5112 καλ⁵
3315 5054 3640 5125 οἱνοπότηνς

2060 5159 2420 5232 ἁμαρτωλοὺς
2471 5157 2568 5212 καὶ
2610 5154 2851 5218 τελώνας
2889 5151 3343 5226 προσδεχόμενον,
3371 5147 3469 5200 καὶ
3486 5143 3642 5200 τοῦτό

2059 5267 2117 5304 σε
2142 5249 2388 5304 τελωνῶν
2413 5246 2693 5302 ἐπικαλεῖν
2713 5245 2898 5314 φιλίαν
2914 5243 3010 5298 καὶ
3024 5238 3372 5313 ἁμαρτωλῶν
3398 5237 3608 5308 ἐπῆρεν
3622 5277 3637 5302 ,

2059 5341 2175 5395 ἀλλ’
2204 5339 2558 5394 ὑπολείπεταί
2590 5337 2758 5394 σοιτά
2777 5337 2977 5409 ὑψηλά,
2997 5337 3066 5391 δι’
3095 5330 3171 5390 ῶν
3190 5334 3286 5388 καὶ
3311 5331 3520 5386 τούτων
3534 5329 3640 5382 τῶν

2059 5434 2272 5506 ῦϐρεων
2307 5435 2553 5497 ἀποστὰς
2569 5431 2818 5503 καὶπρὸς
2844 5431 3136 5509 μετάνοιαν
3155 5424 3513 5496 καταφυγὼν,
3542 5421 3638 5494 τὴν

2048 5526 2242 5596 ἄφεσιν
2264 5527 2540 5599 εὑρήσεις·
2569 5525 2650 5579 ὅτι
2667 5524 2808 5597 μετὰ
2824 5521 3084 5594 γυναικὸς
3110 5522 3206 5576 καὶ
3222 5519 3341 5573 τότε
3369 5513 3638 5589 Σαμαρεί-

1829 5723 1863 5766 ι,
1900 5721 1974 5765 ‘.'..
2027 5705 2108 5760 l6.
