3820 6212
151 236 248 301 373

1086 241 1188 300 an
1216 238 1819 305 AMPHILOCHIUM
1845 236 2196 317 QUXESTIO
2229 236 2443 315 XLIX.

3309 265 3418 330 374

148 348 279 411 τιδος
308 344 481 400 ἐλάλει
518 346 612 400 καὶ
640 348 784 401 πιεῖν
817 348 948 419 παρ’
978 346 1151 419 αὐτῆς
1188 349 1335 421 ὕδωρ
1360 348 1639 422 ἐπεζήτει,
1658 349 1719 404 τά

1856 354 1980 407 uilia
2011 355 2289 429 impulsus
2305 369 2390 417 est
2421 370 2481 416 ut
2505 360 2573 417 de
2628 362 2721 417 illo
2772 366 3081 436 cogitares?
3112 367 3414 442 Quomodo,

147 440 361 495 ταπεινά
381 438 685 510 συνηλάθης
706 439 1015 508 λογίζεσθαι
1031 440 1162 512 περὶ
1182 441 1370 502 αὐτοῦς
1395 444 1511 506 πῶς
1528 443 1719 514 ὥσπερ

148 532 328 595 ἐλασες
348 533 442 601 τὴν
460 533 812 603 Σαμαρεῖτιν,
827 535 1101 603 πρόφασιν
1116 536 1507 604 ταπεινοτέρας
1522 536 1721 606 ὑπολή-

147 627 283 697 ψεως
303 626 393 677 καὶ
413 622 593 694 δόξης,
611 624 784 688 οὕτως
805 626 866 677 οὐ
884 624 1191 697 παρέλαβες
1213 626 1383 695 αὐτὴν
1400 626 1720 680 διδάσκαλον

147 719 342 789 καὶτῆς
356 710 701 789 ’ὑψηλοτέρας
721 734 736 781 ;
764 736 781 768 ι
807 718 973 771 Δεῦτε
990 717 1119 789 γάρ,
1148 719 1331 788 φησὶν,
1350 718 1487 771 ἴδετε
1505 717 1718 788 άνθρω-

148 828 288 874 πον.»
330 810 482 863 πόλιν
515 808 642 882 ὃλην
672 811 1078 880 ἐπιστρέφουσα
1099 810 1305 877 ἐκάλει,
1343 829 1362 863 ι
1388 810 1448 875 ὃς
1472 804 1594 865 εἶπέ
1629 829 1720 882 μοι

147 907 311 961 πάντα
346 905 445 958 ὅσα
464 905 721 977 ἐποίησα·
737 924 756 959 ι
783 905 903 958 οὐδὲ
925 904 1100 959 ταῦτά
1120 922 1179 959 σε
1198 904 1400 976 θεωρὸν
1426 906 1721 977 ἐργάζεται

146 1002 253 1056 τῶν
269 1000 558 1073 θειοτέρων
584 1018 647 1055 τε
681 1000 778 1058 καὶ
800 1000 1189 1072 ὑψηλοτέρων;
1241 1000 1361 1055 ἀλλ’
1391 1002 1472 1055 ὅτι
1507 1002 1718 1056 πυνθά-

145 1111 283 1148 νεται
308 1094 416 1146 τῶν
447 1093 731 1165 μαθητῶν,
770 1078 795 1145 ι¹
818 1095 953 1148 Τίνα
989 1110 1056 1164 με
1077 1093 1332 1162 λέγουσιν
1366 1094 1413 1147 oi
1441 1092 1720 1166 ἄνθρωποι

145 1180 302 1249 sint;
338 1201 357 1235 ι
386 1183 868 1256 ἀνοίαςᾶρπαγμα
889 1183 987 1255 τὴν
1004 1184 1274 1255 ἐρώτησιν
1316 1186 1716 1256 ποιησάμενος.
1763 1200 1777 1212 ⁸

144 1275 234 1330 ἕνα
256 1276 360 1328 τῶν
392 1276 607 1329 πολλῶν
633 1276 911 1347 νομίζεις;
936 1279 1032 1331 καὶ
1059 1276 1246 1341 πῶςοὺ
1264 1277 1400 1348 πρὸς
1432 1276 1719 1348 θεοπρεπῆ

145 1367 293 1434 δόξαν
317 1366 654 1432 ἀναϐαίνεις,
708 1368 926 1421 ἁκούων
950 1368 1204 1438 λέγοντος
1249 1368 1329 1441 τῷ
1359 1370 1459 1439 τὴν
1487 1351 1753 1448 ἀπόκριξ

145 1477 220 1512 σιν
236 1459 649 1531 παρεσχημένῳ,
677 1478 694 1510 ι
715 1461 788 1514 Σὺ
810 1456 862 1514 εἴ
876 1462 904 1513 ὁ
926 1462 1053 1525 Υἱὸς
1068 1463 1163 1529 τοῦ
1179 1464 1316 1516 Θεοῦ
1334 1462 1429 1517 τοῦ
1448 1463 1673 1537 ζῶντος
1696 1481 1715 1515 ι

149 1570 166 1601 ι
188 1553 313 1629 Ὅτι,
332 1553 577 1623 σάρξκαὶ
599 1548 737 1621 αἷμα
761 1556 861 1609 οὐκ
884 1555 1207 1622 άπεκάλυψέ
1224 1572 1330 1619 σοι,
1354 1556 1468 1609 ἀλλ’
1484 1558 1513 1611 ὁ
1531 1558 1722 1629 Πατήρ

144 1661 237 1714 μου
256 1644 283 1696 ό
304 1628 360 1698 ἐν
379 1648 497 1709 τοῖς
522 1646 801 1718 οὐρανοῖς;
832 1667 849 1700 ι
873 1649 1004 1713 Καὶ,
1035 1667 1054 1700 t
1092 1649 1165 1701 Σὺ
1191 1645 1242 1702 εἴ
1264 1650 1490 1722 Πέτρος,
1518 1652 1611 1705 καὶ
1628 1628 1723 1705 ἐπὶ

140 1738 299 1811 ταύτῃ
311 1741 375 1807 τῇ
392 1739 570 1812 πέτρᾳ
580 1742 920 1814 οἰκοδομήσω
937 1760 1038 1813 μου
1053 1742 1149 1814 τὴν
1162 1743 1615 1815 Ἐκκλησίαν,καὶ
1628 1745 1723 1798 πύ-

140 1832 356 1905 λαιᾷδου
371 1835 437 1888 οὐ
454 1834 875 1911 κατισχύσουσιν
890 1837 1060 1906 αὐτῆς
1080 1854 1095 1900 ;
1124 1856 1140 1888 ι
1163 1837 1507 1908 Ἀνθρώπινα
1523 1838 1719 1905 ταῦτα,

138 1928 169 1997 ἢ
193 1927 355 1999 μόνης
391 1927 498 1999 τῆς
548 1929 963 1997 παντοδυνάμου
989 1932 1258 2004 Θεότητος
1296 1933 1393 1987 καὶ
1419 1932 1723 2005 φιλανθρώ-

141 2035 266 2084 mu;
321 2019 461 2073 άλλά
515 2021 738 2091 ῥήματα
777 2020 952 2076 ταῦτά
991 2024 1130 2088 ἐστι,
1164 2023 1259 2077 καὶ
1286 2024 1388 2095 τὴν
1415 2024 1540 2095 ὄψιν
1565 2023 1721 2079 οὔπω
1754 2024 1759 2029 ’

140 2104 434 2181 προσέλαϐε
495 2112 794 2182 μάρτυρα;
845 2112 967 2166 οὐδὲ
1017 2114 1127 2168 τῶν
1178 2116 1521 2186 πραγμάτων
1557 2115 1721 2180 εὐθὺς

139 2203 419 2272 ἐνέστηκεν
447 2204 482 2274 η
508 2204 799 2275 ἐνέργεια;
828 2204 1065 2273 τυφλοὺς
1112 2207 1255 2278 ὁρῶν
1280 2208 1416 2276 μετὰ
1463 2209 1719 2280 γέννησιν

139 2289 228 2361 τὴν
258 2292 365 2345 τῶν
396 2290 668 2362 ὀμμάτων
710 2292 1071 2364 ἑορτάζοντας
1110 2295 1493 2366 άναγέννησιν,
1525 2299 1619 2351 καὶ
1648 2301 1715 2370 τῇ

141 2383 387 2456 ἐναργείᾳ
440 2384 550 2438 τῶν
596 2384 775 2455 Micam
818 2386 879 2439 τὸ
914 2389 977 2439 ἐκ
1010 2386 1281 2456 γενέσεως
1310 2390 1480 2452 πάθος
1518 2391 1719 2444 ἀπελά-

141 2492 351 2538 σαντας.
402 2478 623 2549 κωφοὺς
678 2477 1000 2543 ἀκούοντας,
1049 2482 1143 2535 xxi.
1172 2482 1361 2552 χωλῶν
1404 2485 1504 2548 τὰς
1529 2484 1717 2555 βάσεις

139 2568 288 2637 όρθου
296 2568 460 2640 μένας
474 2571 701 2640 ῥήματι,
716 2572 809 2623 καὶ
828 2573 1055 2642 νεκροὺς
1075 2575 1491 2645 ἀνισταμένους,
1513 2579 1605 2631 καὶ⁵
1623 2579 1719 2632 πέ-

140 2666 266 2733 τρας
294 2660 372 2733 τῷ
402 2661 567 2717 πάθει
595 2662 670 2733 τῷ
695 2665 1013 2736 Δεσποτικῷ
1045 2668 1411 2738 ῥηγνυμένας,
1440 2671 1539 2725 και
1564 2671 1716 2744 ἥλιον

141 2750 620 2823 σκυθρωπάζοντα,
643 2753 737 2807 καὶ
755 2753 946 2818 σκότος
976 2754 1097 2809 ἀντὶ
1109 2756 1218 2809 τῶν
1247 2757 1483 2812 ἀκτίνων
1498 2760 1592 2813 καὶ
1612 2760 1716 2829 τῆς

139 2840 327 2912 πολλῆς
368 2844 756 2915 λαμπρότητος
810 2845 1303 2917 περιϐαλλόμενον,
1348 2852 1445 2904 καὶ
1508 2851 1716 2921 τάφους

140 2935 513 3004 κενουμένους,
536 2936 866 3007 καὶνεκροὺς
886 2938 1025 3008 μετὰ
1040 2938 1150 2991 τῶν
1172 2938 1391 3003 ζώντων
1409 2942 1505 3014 τὴν
1528 2945 1715 3016 κοινὴν

138 3027 426 3081 ἀνάστασιν
468 3028 975 3099 προδιατυποῦντας
1004 3031 1098 3085 καὶ
1126 3035 1605 3105 συνεορτάζοντας.
1746 3043 1791 3103 C

201 3119 380 3173 Ταῦτα
427 3120 595 3192 ὀρῶν,
664 3122 781 3187 πῶς
834 3123 895 3176 οὐ
964 3123 1185 3199 πάντων
1228 3126 1474 3198 ἀπέστης
1512 3128 1582 3181 δι’
1642 3122 1718 3182 ῶν

139 3211 343 3281 σεαυτῷ
401 3216 641 3284 συνῆγες
700 3214 768 3267 τά
829 3215 1123 3281 σκάνδαλα,
1180 3218 1274 3270 καὶ
1318 3218 1411 3271 τὸν
1461 3220 1718 3291 γνώμονα

139 3304 552 3375 ἐτραυμάτιζες,
597 3309 692 3363 καὶ
750 3308 918 3379 πολλῇ
976 3311 1181 3381 σπουδῇ
1216 3312 1315 3364 καὶ
1334 3312 1518 3384 δρόμῳ
1549 3331 1719 3368 κατα-

141 3396 317 3461 φυγὼν
350 3397 492 3470 πρὸς
525 3399 817 3470 μετάνοιαν
850 3401 1110 3466 ἐπεδείξω
1133 3405 1230 3472 τὴν
1261 3403 1549 3474 διόρθωσιν
1577 3446 1592 3471 ,
1629 3406 1717 3459 ἵνα

137 3487 201 3538 δι’
221 3488 388 3559 αὐτῆς
414 3490 514 3543 καὶ
541 3492 737 3560 ἄφεσιν
756 3493 865 3546 τῶν
904 3494 1192 3563 ἁμαρτιῶν
1230 3495 1530 3568 ἐκέρδησας
1552 3515 1568 3565 ;
1599 3499 1716 3553 ἀλλ’

139 3577 252 3632 οὐδὲ
298 3580 518 3645 τούτοις
582 3585 1105 3654 καταμαλάττεσθαι
1172 3585 1273 3656 τὴν
1340 3587 1443 3658 τῆς
1491 3589 1717 3658 καρδίας

139 3670 377 3740 πύρωσιν
408 3671 581 3742 ἀνέχῃ
602 3687 616 3701 °
645 3673 729 3726 ἔτι
755 3672 812 3725 δὲ
838 3674 1039 3744 μᾶλλον
1087 3675 1412 3744 φιλονεικεϊς
1446 3678 1547 3749 τὴν
1580 3680 1717 3733 ἀπό-

137 3780 278 3817 νοιαν
312 3765 407 3835 καὶ
431 3766 494 3819 τὸ
520 3765 790 3837 θέόμαχον
811 3768 1101 3839 κρατύνειν
1126 3787 1140 3801 ο
1171 3771 1266 3823 καὶ
1302 3771 1398 3823 νῦν
1430 3772 1529 3841 μὲν
1557 3774 1615 3825 ἐν
1648 3776 1713 3844 τῇ

137 3856 223 3909 τοῦ
270 3858 554 3913 Σαϐϐάτου
606 3861 1007 3932 περιεργοτέρα
1038 3863 1135 3916 καὶ
1160 3864 1351 3935 καιρρν
1381 3865 1481 3919 οὐκ
1514 3866 1718 3942 ἐχούσῃ

139 3949 435 4024 φιλοτιμίᾳ,
468 3953 565 4017 τάς
592 3953 733 4025 ὑπὲρ
753 3954 813 4008 τὸ
847 3955 1129 4010 Σάϐϐατον
1155 3958 1485 4031 θεοσημείας
1520 3961 1717 4030 φαυλίέ

138 4041 275 4107 ζειςο
301 4044 397 4098 νῦν
422 4044 481 4098 δὲ
506 4045 566 4098 τὸ
597 4044 877 4100 Σάϐϐατον
917 4034 1017 4102 οὐκ
1052 4048 1194 4119 ἔχων
1232 4050 1583 4123 ἀναχώρησιν
1616 4052 1717 4122 τῆς

142 4135 502 4208 βλασφημίας,
535 4138 678 4209 ὁρῶν
700 4126 984 4209 δαιμονίας
1003 4140 1222 4213 πληγῆς
1237 4143 1551 4197 ἀπαλλαττό
1558 4161 1717 4214 μενον

136 4228 391 4297 τὸγένος,
433 4232 524 4284 ἐπὶ
577 4231 669 4285 τὸν
713 4232 1043 4297 Βεελζεδοὺλ
1094 4222 1491 4304 καταφεύγειςο
1536 4237 1632 4291 νῦν
1658 4237 1715 4289 δὲ

140 4322 229 4372 καὶ
259 4322 465 4390 ταύτην
522 4322 623 4394 τὴν
686 4323 962 4393 πρόφασιν
1018 4325 1384 4379 ἀναπλάττειν
1434 4327 1716 4391 παντελῶς

1822 447 2285 512 quemadmodum
2340 450 2742 508 Samaritanam
2776 456 3087 515 humilioris
3135 462 3418 532 opinionis

1820 545 1876 591 et
1914 536 2073 593 fama:
2098 541 2442 605 occasionem
2470 544 2776 614 abripuisti,
2809 550 2892 603 sic
2923 566 3030 604 non
3069 552 3216 607 illam
3239 554 3421 609 excel-

1825 628 1988 686 sioris
2033 632 2352 702 magistram
2399 634 2680 691 habuisti?
2718 658 2736 690 ι
2773 637 2987 707 Venite,
3033 643 3209 713 inquit
3245 629 3414 712 enim,

1823 720 2002 777 videte
2037 722 2313 779 hominem
2353 727 2689 797 (universam
2720 731 2909 786 urbem
2942 745 3276 792 convertens
3319 754 3413 793 vo-

1823 814 2026 886 cabat),
2055 816 2148 884 qui
2188 816 2327 871 dixit
2348 819 2481 873 mihi
2504 822 2687 896 omnia
2734 839 3077 896 quacunque
3139 827 3240 883 feci
3287 831 3353 884 ⁷⁸.
3390 850 3410 884 ι

1827 907 2024 963 Nonne
2064 909 2181 965 haec
2211 918 2263 964 te
2286 895 2601 967 divinorum
2634 925 2688 969 et
2716 895 3081 973 excelsiorum
3139 928 3413 990 spectato-

1824 1017 1938 1057 rem
1997 1000 2263 1057 faciunt?
2330 1002 2435 1059 Sed
2489 1007 2621 1076 quia
2682 1008 2982 1077 discipulos
3046 1013 3347 1083 interrogat
3398 1032 3413 1070 :

1829 1112 1848 1145 ‹
1892 1090 2065 1161 Quem
2102 1110 2189 1149 me
2229 1096 2482 1152 homines
2530 1112 2651 1155 esse
2676 1101 2873 1173 [dicunt
2900 1104 2980 1156 7"‘2
3014 1122 3033 1156 ι
3071 1107 3321 1160 amentiae
3341 1107 3417 1162 si-

1824 1202 1990 1255 gnum
2008 1186 2252 1242 oblatum
2282 1188 2503 1252 faciens,
2530 1189 2672 1264 hanc
2704 1192 3215 1266 interrogationem,
3244 1213 3414 1252 unum

1823 1294 1889 1333 ex
1924 1280 2109 1336 multis
2145 1280 2298 1335 illum
2323 1292 2505 1352 putas.
2532 1282 2597 1338 Et
2632 1286 2911 1355 quomodo
2943 1303 3051 1343 non
3076 1289 3144 1344 ad
3174 1290 3413 1345 divinam

1826 1369 2425 1439 ascendisOpinionem
2451 1371 2680 1427 audiens
2739 1373 3011 1429 dicentem
3070 1376 3265 1445 εἰ,αυί
3331 1392 3413 1431 τος

1824 1477 2085 1531 sponsum
2115 1463 2207 1517 dat
2240 1481 2253 1517 :
2293 1482 2312 1515 ι
2354 1461 2433 1517 Tn
2474 1479 2534 1519 es
2574 1462 2745 1520 Filius
2771 1466 2862 1521 Dei
2891 1467 3020 1533 vivi,
3058 1485 3077 1520 ι
3113 1498 3185 1507 -
3218 1488 3236 1519 ‹
3275 1468 3413 1535 Quia

1826 1566 1957 1606 caro
1983 1561 2045 1617 et_
2070 1551 2297 1621 sanguis
2326 1567 2433 1606 non
2462 1554 2723 1607 revelavit
2754 1554 2851 1608 tibi
2873 1594 2887 1616 ,
2922 1555 3017 1610 sed
3066 1554 3227 1611 Pater
3260 1571 3416 1612 meus

1825 1644 1920 1714 qui
1955 1644 2009 1699 in
2040 1645 2197 1699 caelis
2222 1646 2346 1700 est?
2376 1644 2461 1710 Et,
2489 1645 2572 1701 Tu
2608 1662 2668 1701 es
2713 1645 2931 1715 Petrus,
2972 1658 3026 1703 ct
3077 1664 3242 1718 super
3277 1650 3416 1705 hanc
3513 1634 3526 1643 “

1827 1745 2035 1805 petram
2062 1734 2349 1791 aedificabo
2375 1735 2677 1792 Ecclesiam
2714 1754 2913 1802 meam,
2954 1747 3008 1793 et
3048 1749 3222 1809 porta:
3254 1739 3414 1794 inferi

1828 1842 1935 1881 non
1971 1826 2344 1897 praevalebunt
2400 1828 2664 1883 adversus
2724 1844 2844 1883 eam
2872 1830 2955 1884 ⁸⁶ἳ
3012 1849 3031 1883 ι
3091 1831 3415 1886 llumanane

1825 1920 1942 1975 hare
1972 1930 2121 1983 sunt,
2151 1920 2224 1975 'an
2266 1920 2441 1995 solius
2476 1921 2872 1991 omnipotentis
2926 1930 2981 1977 et
3038 1924 3413 1979 misericordis

1792 2012 2168 2091 -Divinitatis?
2202 2013 2308 2069 Sed
2332 2014 2448 2091 haec
2473 2013 2637 2069 verba
2681 2023 2833 2079 sunt,
2866 2024 2921 2069 et
2956 2015 3200 2069 nondum
3234 2016 3411 2069 visum

1825 2087 2015 2162 testem
2045 2121 2327 2175 accepere,
2361 2086 2567 2162 'Nonne
2622 2107 2808 2163 statim
2869 2123 3051 2163 rerum
3097 2107 3179 2163 vis
3224 2123 3413 2163 assur-

1814 2196 1995 2255 rexit?
2026 2196 2213 2252 Caecos
2241 2212 2270 2250 a
2302 2196 2590 2251 nativitate
2613 2196 2899 2252 oculorum
2942 2196 3282 2252 celebrantes
3330 2211 3414 2250 re-

1822 2288 2231 2362 generationem
2260 2288 2451 2344 videns
2482 2299 2538 2344 et
2569 2289 2718 2347 visus
2773 2289 3025 2343 claritate
3077 2305 3145 2342 ex
3186 2303 3416 2358 genera-
3482 2274 3486 2278 ’

1822 2381 1968 2437 tione
1993 2380 2237 2436 dolorem
2261 2381 2609 2452 repellentes,
2637 2380 2837 2451 surdos
2876 2380 3167 2434 audientes
3189 2388 3244 2434 et
3260 2380 3416 2433 clan-

1818 2476 2015 2546 dorum
2042 2476 2205 2533 bases
2233 2485 2413 2533 rectas
2441 2477 2608 2530 verbo
2639 2475 2834 2540 factas,
2869 2484 2925 2531 et
2956 2484 3204 2529 mortuos
3235 2473 3416 2529 susci-

1820 2578 1988 2639 talos,
2013 2579 2069 2623 et
2094 2584 2262 2639 rupes
2302 2567 2587 2623 Dominica
2652 2568 2913 2637 passione
2978 2565 3304 2637 perfractas.
3360 2574 3418 2620 et

1816 2662 1989 2716 solem
2021 2662 2460 2729 contristantem,
2492 2669 2545 2715 et
2571 2659 2828 2726 tenebras
2855 2670 2957 2728 pro
2986 2658 3157 2713 radiis
3180 2667 3237 2717 et
3262 2666 3417 2711 tanto

1810 2752 2106 2823 splendore
2155 2753 2608 2822 circumsparsas,
2642 2760 2697 2805 et
2713 2751 2959 2823 sepulcra
2993 2750 3329 2814 vacuefacta,
3362 2759 3418 2807 et

1820 2844 2068 2901 mortuos
2108 2860 2231 2900 cum
2270 2844 2581 2905 viventibus
2638 2858 2988 2917 communem
3057 2841 3417 2897 resurrectio-

1818 2948 1943 2990 nem
1974 2932 2367 3003 praevenientes
2394 2947 2630 3003 eamque
2657 2932 3125 2987 concelebrantcs.
3212 2974 3217 2977 ς

1899 3122 2024 3178 llaec
2054 3137 2284 3185 cernens
2302 3120 2582 3191 quomodo
2614 3135 2724 3175 non
2752 3119 2822 3175 ab
2848 3119 3105 3175 omnibus
3135 3118 3413 3174 recessisti

1826 3231 1925 3286 per
1962 3230 2084 3285 qure
2118 3214 2214 3269 tibi
2241 3214 2342 3284 ipsi
2371 3213 2631 3269 scandala
2702 3213 3021 3268 conduxisti
3072 3223 3128 3267 et
3174 3213 3413 3282 iudicem

1828 3305 2153 3370 vulnerasti,
2194 3313 2247 3359 et
2279 3304 2451 3359 multa
2488 3317 2627 3359 cura
2658 3303 2959 3374 rapidoque
2989 3320 3154 3360 cursu
3191 3304 3257 3360 ad
3294 3320 3413 3374 poe-

1827 3398 2111 3454 nitentiam
2142 3396 2415 3468 refugiens
2441 3396 2838 3453 correctionem
2897 3413 3006 3451 non
3072 3397 3362 3454 ostendisti
3394 3399 3419 3450 ?

1829 3491 1900 3548 Ut
1936 3507 2034 3564 per
2057 3506 2178 3547 eam
2213 3500 2269 3546 et
2304 3490 2687 3546 remissionem
2750 3499 3099 3561 peccatorum
3160 3489 3414 3544 lucreris.

1785 3592 1789 3603 '
1827 3586 1935 3642 Sed
1972 3600 2148 3656 neque
2198 3584 2308 3641 illis
2342 3579 2546 3641 cordis'
2578 3584 2660 3640 tui
2707 3585 2888 3655 ignem
2927 3583 3127 3639 molliri
3168 3583 3414 3654 pateris;

1825 3678 2008 3734 adhuc
2038 3687 2217 3733 autem
2250 3676 2426 3747 magis
2477 3676 2763 3733 contendis
2807 3676 3209 3731 contumaciam
3260 3685 3314 3728 et
3360 3675 3415 3729 in

1826 3770 1997 3827 Deum
2027 3786 2264 3841 pugnam
2299 3770 2593 3842 roborare,
2646 3778 2703 3825 et
2754 3785 2902 3824 nunc
2948 3770 3167 3839 quidem
3217 3767 3417 3823 curio-

1826 3862 1974 3919 siore
2003 3877 2104 3917 nec
2133 3861 2599 3932 opportunitatem
2654 3862 2891 3916 habente
2918 3860 3147 3918 Sabbati
3205 3855 3411 3923 studio,

1826 3954 2004 4009 divina
2031 3969 2196 4023 supra
2221 3952 2517 4009 Sabbatum
2547 3953 2701 4025 signa
2719 3953 3033 4023 vilipendis;
3059 3968 3205 4007 nunc
3227 3961 3411 4005 autem

1826 4061 1934 4100 non
1952 4045 2160 4099 habens
2176 4045 2521 4099 occasionem
2542 4032 2892 4114 blasphemia:
2915 4042 3216 4098 Sabbatum
3241 4056 3417 4111 genus

1825 4136 2518 4193 adaemoniacoliberatum
2545 4136 2770 4191 vulnere
2794 4135 3005 4200 videns,
3026 4133 3092 4193 ad
3112 4125 3415 4189 Beelzebub

1800 4230 2113 4301 confugis;
2151 4245 2300 4285 nunc
2330 4238 2511 4285 autem
2549 4244 2674 4284 eum
2707 4229 2853 4283 hunc
2898 4235 3222 4295 praetextum
3265 4224 3418 4279 eliin-

1825 4339 1951 4396 gere
1984 4340 2249 4395 nequeas,
2279 4322 2520 4403 statuisti
2540 4331 2772 4378 mortem
2800 4322 2895 4376 tibi
2930 4331 2987 4375 et
3025 4320 3228 4375 caxdem
3261 4318 3417 4373 auxi-

138 4411 509 4485 ἀφῃρημένος,
534 4414 625 4468 τὸν
660 4414 887 4497 θάνατον
918 4414 1089 4484 ἔγνως
1136 4417 1233 4483 καὶ
1266 4416 1367 4488 τὴν
1400 4418 1716 4487 μιαιφονίαν

1856 4418 2089 4474 tatrieem
2124 4427 2178 4472 et
2208 4417 2418 4473 sociam
2454 4416 2674 4483 facere;
2728 4424 2785 4469 et
2835 4428 2994 4484 quem
3055 4412 3145 4466 illa
3207 4411 3419 4484 quatri-

142 4504 325 4575 βοηθδν
348 4500 445 4559 καὶ
481 4507 771 4578 σύμμαχον
812 4510 1121 4561 ποιεῖσθαι·
1166 4510 1260 4563 καὶ
1293 4509 1352 4563 ὃν
1393 4511 1600 4572 ἐκεῖνος
1633 4527 1721 4563 τε·

139 4600 390 4668 ταρταῖον
418 4598 519 4652 οὐκ
572 4599 791 4670 ἴσχυσεν
840 4599 919 4654 ἔτι
978 4600 1232 4674 κατέχειν
1285 4602 1500 4673 νεκρὸν,
1532 4600 1723 4677 τοῦτον

143 4689 300 4743 πάλιν
317 4691 682 4763 ὑποστρέφειν
699 4694 836 4764 πρὸς
860 4694 1046 4755 αὐτὸν,
1086 4694 1185 4758 τὰς
1204 4694 1551 4766 παλαμναίας
1585 4694 1727 4759 γνώ-

143 4799 244 4851 μας
259 4784 350 4837 καὶ
368 4786 556 4857 χεῖρας
572 4787 855 4863 ἐκτείνεις·
880 4806 898 4838 t
920 4788 1176 4858 Ἐζήτουν
1187 4789 1316 4859 γὰρ,
1330 4786 1515 4857 φησὶν,
1530 4789 1578 4839 οἱ
1595 4789 1730 4841 Ἰου-

140 4874 273 4928 δαῖοι
296 4876 384 4930 ἵνα
408 4878 504 4930 καὶ
523 4878 617 4930 τὸν
665 4877 913 4949 Λάζαρον
931 4876 1318 4933 ἀποκτείνωσι·
1355 4900 1375 4934 ο
1424 4881 1519 4933 καὶ
1544 4882 1605 4933 τὸ
1631 4898 1723 4932 τε-

142 4964 403 5033 λευταίον,
433 4968 524 5021 τὸν
547 4969 721 5023 ταῦτα
752 4970 1346 5043 θαυματουργήσαντα,
1383 4972 1603 5044 σταυρῷ
1626 4972 1726 5030 καὶ

143 5054 351 5125 θανάτῳ
381 5058 804 5134 καταδικάζειςο
840 5060 935 5112 καὶ
988 5062 1324 5115 κουστωδίαν
1366 5060 1548 5134 ζητεῖς
1575 5079 1590 5094 ·
1632 5062 1726 5116 καὶ

146 5150 447 5216 σφραγῖδας
490 5133 911 5220 ἐπιὸἣλεῖς-τῷ
968 5153 1149 5224 νεκρῷ
1174 5155 1269 5206 καὶ
1292 5152 1371 5224 τῷ
1407 5133 1594 5225 τάφῳ·
1630 5154 1725 5207 καὶ

143 5239 201 5291 τὸ
224 5241 708 5312 ἀναισχυντότατον
734 5248 830 5299 καὶ
864 5248 1053 5300 πᾶσαν
1084 5247 1426 5317 ὑπερϐάλλον
1455 5247 1728 5318 ἀθεότητα

148 5337 237 5387 καὶ
287 5338 622 5411 συγγνώμην
687 5340 944 5411 οὐδεμίαν
1000 5342 1255 5412 οὐδαμῶς
1301 5342 1759 5412 ὑπολειπόμενον.

148 5424 242 5493 τῆς
268 5426 477 5499 κλοπῆς
501 5430 580 5499 τῷ
602 5431 884 5501 πλάσματι
929 5432 1028 5502 τὴν
1077 5433 1377 5486 ἀνάστασιν
1430 5433 1687 5497 κλέπτεις
1712 5452 1727 5467 ο

118 5519 124 5523 ’
154 5518 285 5587 μηδὲ
306 5505 391 5588 τῷ
409 5519 518 5575 τῶν
544 5523 603 5589 ἐξ
626 5524 820 5588 αἰῶνος
847 5525 1104 5579 ἁπάντων
1136 5526 1520 5598 ὑπερκειμένῳ
1560 5543 1734 5596 παρα-

1821 4513 2064 4569 duanum
2093 4528 2204 4569 non
2238 4513 2409 4567 valuit
2441 4512 2621 4566 adhuc
2656 4518 2933 4565 mortuum
2967 4508 3221 4584 retinere,
3252 4506 3415 4561 m'orti

1826 4617 1885 4663 ut
1932 4622 2058 4662 eum
2121 4621 2314 4662 rursus
2363 4605 2557 4659 credas
2610 4602 2929 4659 sceleratam
2979 4601 3313 4656 voluntatem
3364 4607 3419 4654 et

1827 4714 2050 4754 manum
2108 4698 2356 4754 extendis
2389 4716 2404 4753 :
2449 4715 2469 4749 ι
2506 4695 2857 4762 Qurerebant,
2896 4695 3074 4764 inquit
3107 4694 3276 4754 enim.
3316 4691 3417 4746 Ju-

1831 4792 1932 4846 da:i
1962 4800 2023 4845 ut
2043 4799 2099 4845 et
2130 4789 2398 4845 Lazarum
2430 4787 2883 4843 interficerent”.
2916 4804 2935 4837 ι
2968 4783 3034 4839 Ει
3055 4783 3276 4839 demum
3291 4798 3417 4838 eum
3492 4782 3495 4783 ⁷

1824 4884 1921 4953 ‘qui
1951 4884 2002 4937 id
2034 4882 2365 4937 miraculose
2414 4879 2620 4947 eﬂ‘ceit,
2671 4880 2739 4935 ad
2788 4874 3009 4935 crucem
3064 4886 3120 4933 et
3179 4884 3413 4930 mortem

1828 4978 2096 5043 damnas;
2129 4984 2183 5030 et
2207 4974 2514 5029 custodiam
2545 4974 2780 5044 quaeris;
2812 4981 2867 5029 et
2917 4970 3134 5041 vigilem
3181 4968 3418 5038 imponis

1828 5069 2081 5125 cadaveri
2128 5076 2184 5124 et
2230 5070 2517 5139 sepulcro;
2579 5077 2633 5123 et
2687 5067 2836 5138 quod
2889 5063 3269 5134 turpissimum
3335 5070 3419 5117 est

1828 5178 2160 5233 omnemque
2229 5162 2561 5232 impietatem
2632 5160 3031 5230 transgreditur
3091 5167 3146 5212 et
3211 5156 3416 5210 nullam

1830 5250 2056 5305 omnino
2082 5250 2297 5306 veniam
2325 5249 2605 5320 relinquit,
2636 5247 2841 5303 furtum
2879 5244 3093 5301 invenis
3143 5254 3202 5299 ut
3236 5259 3419 5299 resur-

1829 5342 2125 5397 rectionem
2160 5330 2390 5397 furerisl
2436 5340 2626 5412 Neque
2663 5341 2908 5396 omnium
2957 5340 3025 5393 ab
3063 5346 3269 5391 aeterno
3312 5332 3416 5386 mi-

1830 5434 2138 5491 raculorum
2171 5433 2412 5488 maximo
2435 5435 2680 5490 sulIusus
2728 5431 2935 5503 pudore
2986 5438 3043 5485 et
3092 5438 3414 5487 conversus,

1840 5538 2033 5583 contra
2068 5527 2199 5582 illttd
2223 5543 2290 5583 eo
2321 5524 2499 5599 magis
2537 5527 2840 5584 meditatus
2869 5524 3049 5595 estqui
3084 5519 3257 5605 magis
3280 5532 3418 5589 ιπε-

221 5703 421 5761 "Juan
457 5722 526 5772 IV,
559 5707 647 5762 59.
725 5711 770 5743 ⁷ο
804 5707 994 5763 Matth.
1028 5708 1265 5773 xvt,'l5.
1344 5706 1389 5738 ⁸⁰
1433 5706 1563 5763 ibid.
1622 5707 1710 5763 li~

1879 5710 1921 5739 ’ί
1954 5707 2112 5765 Joan.
2139 5724 2190 5764 ιι
