3820 6212
366 222 566 305 375'

1527 233 1790 300 PHOTII
1825 234 2337 298 PATRIARCH/E
2375 234 2486 296 CP.

3543 235 3648 302 3'76

364 347 566 406 stantia
589 363 687 406 sua
717 357 913 405 caetera
938 346 1214 404 vincebat.
1247 346 1351 414 Qui
1377 345 1544 419 igitur
1567 363 1634 404 ex
1666 349 1816 404 nulla
1841 358 1951 403 tam

2067 346 2222 411 δόξων
2247 346 2344 402 καὶ
2374 345 2672 418 ὑπερφυῶν
2705 344 2884 418 ἔργων
2907 344 3256 417 δυσωπηθείς
3277 362 3338 399 τε
3365 345 3458 399 καὶ
3479 353 3645 417 μετα-

364 441 646 511 splendide
671 440 992 512 dignitatem
1023 438 1338 495 Divinitatis
1392 448 1447 495 et
1506 440 1628 510 eius
1694 440 1952 496 invictam

365 534 474 588 vim
502 533 819 589 testantinm
850 533 1230 604 operationum
1277 542 1442 603 atque
1491 532 1770 588 actionum
1816 546 1954 586 con-

365 608 673 681 versionem
701 633 756 680 et
789 626 1166 696 paenitentiam
1201 627 1469 691 cohibuit,
1497 641 1620 680 cum
1642 641 1701 680 se
1728 637 1825 694 per
1853 624 1955 678 hu-

365 733 530 772 mana
569 718 727 773 malis
743 727 798 773 et
823 719 1065 773 animam
1093 718 1576 789 corrumpentibus
1602 716 1955 787 opinionibus

368 809 627 865 imbuerit
658 818 714 866 et
761 809 1106 876 distraxerit;
1141 811 1232 882 sed
1273 819 1329 865 et
1367 810 1550 865 divina
1591 809 1880 864 dementiae
1903 818 1958 862 et

369 900 550 969 impia:
579 917 775 972 pugna:
802 911 1156 972 augmentum
1193 901 1342 968 fecit,
1393 901 1617 956 evidens
1657 909 1742 956 est
1794 907 1959 970 atque

371 993 882 1051 manifestissimum
934 995 1077 1050 hunc
1142 993 1280 1050 nihil
1339 994 1444 1050 sibi
1499 992 1811 1061 relinquere
1846 1005 1958 1074 quo

371 1087 570 1144 melius
600 1088 745 1143 malo
778 1089 1029 1158 praeferat
1064 1102 1128 1143 ac
1147 1087 1325 1142 vivida
1359 1096 1417 1163 et
1470 1086 1583 1142 acri
1632 1083 1958 1156 ptenitentia

317 1166 324 1173 ’
372 1179 800 1249 praecedentium
825 1179 1006 1234 debita
1050 1178 1285 1249 expellat
1304 1185 1358 1232 et
1383 1177 1708 1234 remiSsione
1729 1173 1956 1230 omnino
1985 1180 1997 1190 '

372 1269 575 1340 dignus
594 1255 870 1340 iudicetur
891 1284 1068 1340 neque
1091 1269 1146 1324 in
1179 1269 1437 1339 praesenti
1475 1267 1680 1323 saeculo
1706 1261 1959 1336 nequein

375 1360 582 1418 futuro.
610 1409 616 1415 .

2062 443 2283 513 ϐληθεὶς
2314 443 2577 514 θαύματι,
2611 442 2748 496 ἀλλὰ
2779 441 2899 497 κατ’
2928 441 3136 496 ἐκείνου
3184 439 3387 511 μᾶλλον
3419 440 3480 492 τὸ
3508 458 3646 494 κακ-

2061 530 2261 600 οῦργον
2325 531 2662 602 μελετήσας,
2693 533 2805 603 ὅσῳ
2827 532 2922 586 καὶ
2955 534 3022 603 τῇ
3054 532 3299 602 ὑπεροχῇ
3335 529 3444 583 τῶν
3474 529 3646 584 ἄλλων

2060 623 2335 695 διέφερεν.
2381 625 2442 678 '0
2479 623 2614 694 γοῦν
2653 627 2738 678 ιέκ
2770 624 2998 696 μηδενὸς
3047 640 3170 684 των,
3197 623 3470 694 λαμπρῶς
3505 623 3672 676 ἀπα-ι

2065 717 2448 786 στραπτόντων
2503 717 2566 771 τὸ
2615 717 2836 788 ἀξίωμά
2884 735 2944 772 τε
2995 718 3090 772 καὶ
3121 717 3220 788 τὴν
3243 719 3459 788 ἄμαχον
3500 717 3648 787 ίσχῦν

2061 807 2161 878 τῆς
2188 809 2444 880 θεότητος
2473 810 2592 882 ἦτοι
2653 810 2765 864 τῶν
2831 809 3224 880 πνευματικῶν
3257 827 3318 863 τε
3363 810 3649 880 ἐνεργειῶν

2064 903 2159 952 καὶ
2185 899 2441 971 πράξεων
2506 901 2783 974 μηδεμίαν
2817 902 3140 980 μεταϐολὴν,
3175 902 3314 973 μηδὲ
3364 903 3649 974 μετάνοιαν

2061 990 2493 1064 ἐπιδειξάμενος,
2525 989 2608 1057 οἷς
2637 995 2832 1048 ἐαῦτὸν
2859 994 2952 1048 διὰ
2990 995 3103 1049 τῶν
3130 994 3492 1066 ἀνθρωπίνων
3513 993 3649 1064 φαύ-

2061 1082 2176 1146 λοις
2203 1086 2298 1138 καὶ
2321 1085 2698 1158 ψυχοφθόροις
2747 1085 3080 1160 κατῃκίσατό
3119 1105 3179 1141 τε
3211 1087 3309 1142 καὶ
3333 1086 3648 1151 κατέστιξεν

2062 1173 2393 1248 ὑπολήψεσιν
2408 1195 2423 1210 ο
2447 1179 2584 1232 ἀλλὰ
2605 1180 2700 1234 καὶ
2719 1179 2789 1234 τὰ
2801 1179 2919 1234 θεῖα
2943 1178 3268 1251 προσθήκην
3284 1179 3543 1242 ἀπονοίας
3558 1179 3648 1232 καὶ

2008 1330 2022 1342 ο
2063 1265 2363 1340 θεομαχίας
2400 1271 2646 1342 μείζονος
2676 1272 2790 1335 τοῖς
2811 1271 3240 1342 τετολμημένοις
3262 1269 3648 1340 ποιησάμενος,

2051 1359 2372 1432 ,κατάδηλόν
2401 1380 2463 1416 τε
2488 1364 2584 1418 καλ⁵
2641 1362 3074 1432 ἐμφανέστατον,
3107 1362 3180 1426 ὡς
3208 1363 3238 1416 δ
3268 1360 3511 1422 τοιοῦτος
3547 1376 3650 1429 μη-

372 1455 463 1508 δὲν
487 1457 664 1527 ἐαυτῷ
687 1451 1306 1529 ὕπολειπόμενος,διόῦ
1337 1455 1402 1510 τὸ
1427 1455 1678 1526 κρεῖττον
1745 1449 1840 1504 τοῦ
1893 1443 2102 1517 φαύλου
2169 1455 2480 1524 προέλοιτο,
2524 1456 2637 1511 καὶ.
2687 1457 2866 1529 θερμῇ
2905 1455 3000 1510 καὶ
3045 1454 3199 1525 ὀξείᾳ
3245 1451 3509 1525 μετανοίᾳ
3538 1451 3652 1504 δια.

372 1548 524 1602 λύσει
553 1549 662 1604 τῶν
689 1551 1013 1620 φθασάντων
1034 1551 1101 1605 τὰ
1128 1551 1446 1621 ὀφλήματα,
1473 1547 1595 1601 οὐδὲ
1616 1546 1724 1616 τῆς
1783 1541 2026 1603 ἀνέσεως
2062 1543 2200 1612 ὃλως
2239 1548 2606 1622 ἀξιωθήσεται
2651 1549 2778 1604 οὕτε
2831 1551 2890 1605 ἐν
2915 1547 2994 1620 τῷ
3037 1548 3130 1602 νῦν
3155 1547 3316 1603 αίῶνι
3341 1544 3467 1601 οὔτε
3499 1547 3558 1599 ἐν
3578 1544 3650 1616 τῷ

377 1641 646 1710 μέλλοντι.

445 1735 587 1790 Sunt
609 1743 792 1791 autem
833 1737 1036 1806 quibus
1065 1735 1197 1790 illud
1228 1753 1248 1786 ι
1287 1749 1466 1804 neque
1494 1733 1548 1789 in
1577 1732 1834 1805 praesenti
1868 1737 1960 1785 ste-

2122 1722 2266 1777 Είσὶ
2299 1724 2380 1790 δέ,
2411 1719 2492 1789 οἷς
2528 1724 2591 1780 τὸ
2621 1745 2641 1778 ι
2671 1724 2795 1780 οὔτε
2837 1725 2898 1779 ἐν
2929 1723 3010 1796 τῷ
3041 1723 3138 1778 νῦν
3168 1723 3326 1778 αίῶνι
3349 1722 3477 1806 obes
3499 1723 3648 1794 ἐντῷ

376 1827 504 1883 culo
535 1843 712 1899 neque
737 1829 792 1882 in
824 1827 1012 1883 futuro
1039 1848 1058 1880 ›
1093 1827 1202 1882 alio
1229 1827 1394 1882 modo
1411 1826 1681 1904 accipitur
1701 1843 1715 1891 ;
1738 1832 1794 1879 et
1819 1822 1960 1878 ditii-

375 1921 598 1977 enltatis
630 1922 834 1978 solutio
884 1903 1194 1992 simplicius
1238 1931 1292 1978 et
1351 1922 1602 1993 paratius
1641 1911 1958 1975 adducitur.

375 2011 607 2067 Mosaica
645 2013 1048 2084 lex,inquiunt,-
1075 2024 1250 2069 morte
1281 2014 1439 2084 punit
1495 2029 1619 2068 enm
1659 2012 1753 2083 qui
1777 2012 1850 2069 in
1881 2010 1970 2065 di-'

337 2121 342 2125 ·
373 2103 563 2160 vinum
596 2104 1015 2176 blasphemavit,
1047 2121 1227 2176 neque
1259 2107 1475 2161 veniam
1525 2121 1706 2176 neque
1755 2105 1959 2160 remis-

375 2195 586 2252 sio’n'em
621 2198 670 2252 ei
695 2199 1021 2255 concedens.
1061 2198 1127 2254 Et
1159 2200 1265 2254 hoc
1318 2197 1562 2254 ostendit
1615 2198 1776 2258 illud.
1826 2197 1959 2252 blaa

374 2287 683 2357 sphemanti
713 2305 822 2344 non
848 2291 902 2344 in
943 2291 1197 2360 praesenti
1226 2291 1427 2345 saeculo
1460 2289 1688 2346 remitti.
1723 2287 1849 2344 Ideo
1878 2288 1964 2342 di-

374 2388 508 2434 cunt
545 2381 872 2437 rationabile
919 2397 1042 2440 esse
1085 2383 1328 2454 cegitare
1382 2381 1846 2452 blasphemantem
1904 2381 1960 2436 in

376 2471 639 2543 Spiritum
671 2483 948 2540 sanetum,
988 2481 1017 2530 a
1061 2476 1176 2532 Deo
1235 2483 1291 2531 et
1357 2475 1658 2531 secundum
1717 2475 1960 2529 futurum

375 2567 634 2621 saeculum
664 2566 967 2635 iudicatum
996 2567 1063 2622 iri
1093 2578 1149 2623 et
1167 2567 1522 2634 blasphemiae
1549 2581 1739 2637 poenas
1767 2567 1836 2622 ab
1868 2566 1962 2621 illo

375 2668 626 2712 exactum
677 2647 908 2725 iri';‘5ed
971 2659 1027 2714 in
1075 2662 1330 2729 praesenti
1382 2657 1644 2714 vindictis
1700 2658 1961 2714 extremis

374 2750 779 2818 subjiciendum
812 2763 956 2815 esse,
980 2749 1220 2806 Mosaica
1249 2751 1368 2822 lege
1398 2751 1452 2806 in
1477 2765 1603 2807 eum
1629 2750 1964 2820 imprecante

374 2841 465 2910 qui
497 2837 738 2913 linguam
771 2842 825 2896 in
853 2842 1025 2898 Deum
1059 2843 1327 2908 emiserit,
1371 2843 1424 2898 id
1468 2850 1569 2898 est
1607 2842 1963 2913 blasphemiis

375 2932 552 2988 Deum
579 2933 896 3003 impetierit,
935 2933 1094 3002 cujus
1131 2934 1453 2990 substantiae
1481 2941 1535 2988 et
1570 2933 1963 2999 dominationis

367 3033 475 3092 est,
508 3032 564 3080 et
594 3024 801 3096 Spiritu
831 3027 1132 3092 sanciente,
1164 3027 1277 3082 imo
1313 3042 1439 3081 cum
1471 3026 1743 3097 lapidibus
1775 3027 1961 3096 oppri-

353 3115 632 3171 mendum
654 3131 775 3172 esse
804 3124 858 3172 et
888 3117 1000 3171 vita
1015 3116 1376 3187 privandum;
1428 3117 1502 3172 ita
1549 3125 1611 3171 ut
1659 3116 1803 3172 Deus
1839 3115 1964 3186 Spi-

374 3207 534 3271 ritus,
565 3207 668 3264 etsi
699 3206 883 3276 impiis
913 3223 1022 3262 non
1062 3202 1340 3270 videatur,
1389 3208 1587 3262 illustri
1633 3209 1794 3262 modo
1836 3222 1965 3277 pro-

341 3301 664 3365 .clametur,
695 3299 750 3354 in
791 3314 901 3370 quo
927 3300 1175 3369 et'SIipra
1207 3309 1461 3353 naturam
1525 3314 1692 3368 opera
1737 3283 1966 3354 Creator

378 3402 588 3447 natura:
615 3390 799 3446 divine
832 3389 1095 3444 efﬁciebat
1127 3402 1142 3442 :
1187 3407 1205 3441 ι
1248 3390 1306 3443 1η
1339 3388 1510 3458 digito
1532 3387 1649 3453 Dei,
1690 3407 1708 3442 ι
1750 3388 1964 3454 dicens,
1995 3399 1997 3401 ‘

385 3500 405 3533 ι
451 3496 552 3552 ego
583 3480 849 3536 daemonia
875 3478 1040 3549 ejicio
1073 3479 1157 3544 “;
1213 3497 1232 3529 ι
1283 3474 1512 3550 digitum
1557 3477 1650 3532 Dei
1703 3494 1801 3550 per
1839 3481 1967 3535 sub-

379 3575 595 3632 stantiae
619 3574 883 3628 unitatem
903 3580 958 3626 ct
987 3558 1326 3642 operationis
1367 3571 1678 3627 absolutam
1723 3580 1967 3641 potesta-

378 3676 487 3720 tem
551 3663 816 3734 Spiritum
850 3665 1164 3720 nominans.
1205 3681 1223 3714 σ
1255 3663 1314 3718 1η
1375 3663 1579 3735 Spiritu
1627 3674 1838 3730 sancto,
1869 3665 1970 3729 in-

379 3755 520 3823 quit,
557 3753 709 3823 ejicit
742 3753 1049 3819 daemonia;
1097 3771 1115 3804 ι
1151 3767 1260 3807 non
1293 3738 1423 3822 quia
1445 3752 1562 3822 ipse
1591 3769 1690 3824 per
1723 3753 1966 3823 seipsum

381 3859 490 3897 non
522 3853 767 3914 poterat;
809 3843 905 3899 sed
933 3843 984 3898 in
1005 3844 1266 3900 omnibus
1295 3844 1411 3900 suis
1463 3844 1664 3902 divinis
1704 3845 1968 3916 operibus

379 3932 558 3989 Patris
586 3943 640 3988 et
662 3933 906 4003 Spiritus
939 3943 997 3988 ut
1027 3935 1293 3989 similium
1323 3936 1763 3991 substantiarum
1795 3944 1849 3992 et
1867 3951 1970 3991 na-

379 4038 624 4082 turarum
666 4035 722 4082 et
745 4027 824 4080 ad"
844 4042 1012 4080 unum
1040 4037 1095 4081 et
1119 4028 1260 4082 idem
1289 4027 1427 4082 velle
1450 4028 1835 4083 inclinantium
1860 4043 1968 4083 una

380 4104 571 4175 adesse
591 4119 818 4175 docens.
850 4117 976 4174 Ideo
1003 4119 1150 4175 enim
1175 4119 1430 4198 dicebat:
1465 4139 1482 4172 ι
1507 4121 1670 4176 Pater
1699 4136 1856 4176 meus
1879 4136 1970 4176 us-

380 4226 486 4282 que
550 4212 713 4266 modo
759 4224 1018 4282 operatur
1071 4221 1126 4266 et
1181 4227 1281 4283 ego
1334 4227 1532 4281 Operor
1555 4214 1624 4278 ⁸⁸,
1669 4231 1686 4263 ›
1722 4221 1776 4267 et
1814 4228 1827 4266 :
1863 4230 1882 4262 ι
1923 4213 1972 4267 Α

283 4352 289 4358 .
382 4303 592 4374 meipso
623 4317 732 4357 non
765 4304 960 4374 loquor
993 4305 1064 4358 ⁸⁸.
1108 4322 1126 4356 ι
1161 4304 1225 4358 Ει
1251 4293 1384 4357 illud
1421 4321 1435 4358 :
1483 4321 1503 4354 ι
1559 4304 1619 4358 ln
1661 4304 1833 4375 digito
1877 4304 1967 4359 Dei

2068 1816 2314 1887 μέλλοντι
2335 1836 2356 1870 ι
2389 1818 2597 1890 τρόπον
2620 1819 2810 1889 ἕτερον
2828 1814 3254 1888 ἐκλαμϐάνεται,
3278 1817 3373 1870 καὶ
3389 1804 3497 1888 τῆς
3516 1818 3650 1870 ἀπο-

2067 1907 2188 1978 ρίας
2211 1909 2244 1961 ἡ
2269 1906 2420 1972 λύσις
2468 1906 2844 1980 ἁπλούστερόν
2888 1925 2949 1961 τε
2985 1907 3080 1961 καὶ
3131 1907 3484 1978 ἑτοιμότερον
3514 1924 3645 1976 προ-

2065 1999 2258 2066 άγεται
2281 1989 2349 2052 ’ό
2384 1998 2694 2061 Μωσαῖκὸς,
2724 1999 2878 2067 φασὶ,
2927 1997 3092 2067 νόμος
3140 1996 3235 2050 τὸν
3272 1997 3355 2060 είς
3387 1997 3452 2050 τὸ
3497 1995 3648 2050 Gelo»

2067 2090 2560 2162 βλασφημήσαντα,
2621 2091 2838 2160 θανάτῳ
2903 2091 3111 2162 ζημιοῖ,
3205 2090 3267 2142 οὐ
3339 2087 3648 2158 μεταδιδοὺς

2064 2183 2213 2251 αὐτῷ
2240 2165 2598 2254 ’συγγνώμης
2617 2183 2877 2253 οὐδεμιᾶς
2905 2181 3016 2235 οὐδ’
3053 2180 3307 2250 ἀφέσεως
3325 2197 3340 2210 ·
3379 2181 3476 2233 καὶ
3497 2177 3647 2233 τοῦτο

2063 2275 2216 2343 δηλοί
2237 2275 2300 2328 τὸ
2328 2275 2404 2346 μὴ
2433 2277 2686 2344 ἀφίεσθαι
2715 2276 2807 2330 τὸν
2825 2275 3298 2347 βλασφημήσαντα
3326 2276 3385 2328 ἐν
3398 2273 3476 2345 τῷ
3513 2292 3648 2346 παρ-

2064 2369 2177 2422 όντι
2205 2369 2363 2424 αἰῶνι
2390 2370 2500 2429 ’,διό
2529 2387 2695 2439 φασιν
2721 2369 2941 2436 εὔλογον
2971 2367 3302 2422 διανοεῖσθαι
3336 2367 3411 2431 ὡς
3435 2369 3464 2420 ὁ
3499 2365 3648 2435 βλασ-

2065 2461 2267 2534 φημῶν
2301 2463 2382 2526 εἰς
2420 2462 2482 2525 τὺ
2510 2461 2736 2534 Πνεῦμα
2788 2462 2849 2515 τὸ
2878 2461 3034 2531 ἅγιον
3069 2461 3256 2514 θεόθεν
3279 2459 3541 2514 καὶκατὰ
3561 2459 3647 2511 τὸν

2068 2563 2328 2634 μέλλοντα
2347 2562 2521 2616 αἰῶνα
2543 2561 2707 2618 δώσει
2730 2561 2828 2632 τὴν
2851 2559 3010 2631 δίκην
3043 2559 3140 2613 καὶ
3167 2557 3269 2622 τὰς
3289 2557 3389 2627 τῆς
3415 2555 3647 2627 βλαστη-

2068 2657 2194 2727 μίας
2217 2655 2406 2719 ποινὰς
2425 2649 2913 2726 είσπραχθήσεται,
2944 2651 3081 2707 ἀλλὰ
3107 2651 3202 2705 καὶ
3232 2649 3375 2705 κατὰ
3407 2650 3497 2702 τὸν
3515 2643 3648 2714 παῤ·

2063 2749 2188 2803 όντα
2203 2747 2499 2820 τιμωρίαις
2521 2747 2782 2818 ἐσχάταις
2799 2745 3192 2807 ὑποϐάλλεται,
3221 2741 3316 2797 τοῦ
3355 2739 3646 2796 Meonin

2064 2843 2232 2910 νόμου
2251 2844 2352 2913 τὴν
2372 2841 2777 2912 καταρωμένην
2793 2839 3043 2908 γλῶσσαν
3062 2837 3371 2906 ἐπαφιέντα
3411 2834 3549 2887 κατὰ
3559 2832 3646 2886 τοῦ

2063 2929 2583 2997 Θεοῦ,τουτέστιτδν
2595 2929 2967 3000 βλασφημίαις
3010 2927 3367 2997 ἐνυϐρίζοντα
3395 2925 3457 2977 τὸ
3480 2925 3645 2984 θεῖον,

2064 3019 2124 3081 οὗ
2155 3027 2255 3097 τῆς
2267 3027 2455 3091 οὐσίας
2475 3026 2571 3080 καὶ
2591 3025 2693 3097 τῆς
2709 3027 3030 3096 κυριότητος
3047 3023 3286 3093 ὑπάρχει
3303 3023 3395 3076 καὶ
3417 3021 3478 3073 τδ
3491 3017 3650 3073 Πνεῦ-

2070 3139 2163 3190 μα,
2181 3119 2350 3183 λίθοις
2372 3119 2834 3191 νομοθετήσαντος
2856 3115 3248 3170 λιθοϐολεῖσθαι
3265 3114 3358 3168 καὶ
3381 3112 3483 3182 τῆς
3507 3111 3649 3177 ζωῆς

2064 3211 2490 3267 ἀπελαύνεσθαιο
2542 3211 2684 3265 ὥστε
2711 3209 2843 3275 Θεὸς
2895 3208 2956 3263 τὸ
2985 3207 3233 3278 Πνεῦμα,
3264 3207 3371 3262 κᾶν
3400 3207 3508 3267 τοῖς
3534 3205 3651 3257 θει-

2069 3305 2338 3375 μαχοῦσιν
2393 3305 2637 3376 οὑδοκῇ,
2665 3303 2983 3374 περιφανῶς
3027 3299 3494 3372 ἀνακηρύττεται·
3533 3289 3649 3366 ἐνῷ

2067 3399 2161 3450 καὶ
2197 3395 2266 3449 τὰ
2299 3395 2440 3464 ὑπὲρ
2477 3393 2636 3463 λόγον
2686 3393 2822 3465 ἔργα
2881 3395 2910 3447 ό
2945 3389 3288 3463 Δημιουργδς
3310 3389 3411 3460 τῆς
3444 3387 3650 3459 φύσεως

2067 3488 2366 3559 ἐθεούργει,
2391 3505 2410 3540 ι
2435 3487 2522 3541 Ἐν
2555 3486 2804 3558 δακτύλῳ
2827 3481 2986 3550 Θεοῦ,
3035 3485 3232 3554 λέγων,
3264 3482 3376 3552 ἐγὼ
3404 3482 3651 3551 δαιμόνια

2071 3581 2320 3636 ἐκϐάλλω
2337 3599 2350 3613 ·
2365 3600 2384 3634 ι
2411 3581 2677 3635 δάκτυλον
2693 3578 2830 3634 Θεοῦ
2846 3577 2933 3633 διὰ
2950 3578 3009 3631 τὸ
3034 3578 3137 3646 τῆς
3159 3576 3350 3638 οὐσίας
3367 3575 3650 3643 ἀδιάφορον

2069 3674 2164 3728 καὶ
2185 3675 2286 3743 τῆς
2333 3671 2613 3743 ἐνεργείας
2633 3672 2694 3724 τὸ
2721 3670 3117 3724 αὑτοδέσποτον
3177 3664 3541 3736 ἐπονομάζων
3593 3665 3652 3717 τὸ

2069 3762 2315 3833 Πνεῦμα·
2338 3763 2456 3816 «Ἐν
2481 3761 2664 3832 μέντοι
2695 3761 2780 3832 ,τῷ
2798 3760 2938 3832 ἁγίῳ
2951 3762 3254 3830 Πνεύματι,
3276 3758 3436 3829 φησι,
3460 3755 3653 3811 ἐκϐἀλο

2069 3854 2152 3907 λει
2171 3853 2240 3907 τὰ
2268 3854 2571 3923 δαιμόνια,›
2593 3853 2692 3923 οὐχ
2709 3853 2792 3906 ὅτι
2809 3851 2969 3912 αὐτὸς
2994 3851 3051 3915 ἐξ
3080 3841 3275 3903 ἑαυτοῦ
3301 3849 3376 3920 μὴ
3401 3847 3648 3918 ήδύνατο,

2069 3946 2266 3999 ἀλλ”ἐν
2294 3945 2458 3998 πᾶσιν
2484 3943 2649 3999 αὐτοῦ
2708 3945 2823 4006 τοῖς
2861 3942 3227 4013 θεοπρέπέσιν
3284 3943 3488 4010 ἔργοις,
3555 3941 3652 4010 τὴν

2069 4037 2163 4090 τοῦ
2188 4037 2402 4108 Πατρὺς
2423 4039 2519 4089 καὶ
2569 4034 2889 4106 Πνεύματος
2939 4034 3225 4106 ἐνέργειαν
3255 4034 3331 4095 ὡς
3355 4032 3652 4104 δμοουσέων

2071 4132 2167 4185 καὶ
2201 4129 2457 4200 ὁμοφυῶν
2480 4131 2578 4183 καὶ
2632 4129 2769 4200 πρὸς
2787 4127 2844 4182 ἓν
2879 4127 2974 4182 καὶ
2998 4127 3058 4181 τὸ
3086 4126 3220 4181 αὐτὸ
3248 4124 3653 4196 θέλημανευόνο

2069 4241 2178 4278 των
2227 4226 2592 4294 συμπαρεῖναι
2645 4222 2919 4283 διδάσκων
2941 4237 2954 4250 '
2982 4220 3070 4273 διὰ
3095 4219 3255 4273 τοῦτο
3284 4219 3389 4289 γὰρ
3423 4219 3516 4271 καὶ
3542 4217 3652 4270 ἕλε·

2075 4335 2192 4386 γεν,
2224 4337 2242 4370 ι
2268 4317 2324 4370 '0
2343 4317 2497 4386 ΙΙατή
2508 4333 2540 4386 ρ
2564 4332 2668 4386 μου
2694 4314 2798 4376 ἓως
2824 4312 2950 4384 ἄρτι
2979 4311 3295 4382 ἐργάζεται,
3316 4307 3472 4376 κάγὼ
3486 4307 3650 4378 ἐργά-

377 4411 480 4468 ego
505 4396 772 4453 daemonia
798 4397 997 4466 ejicio;
1042 4416 1062 4449 ι
1092 4406 1147 4452 et
1177 4413 1525 4467 quaecunque
1559 4398 1666 4452 alia
1709 4415 1960 4454 commu-

2067 4411 2250 4480 ζομαι·
2276 4427 2294 4460 ι
2316 4410 2433 4476 καὶ,
2461 4427 2478 4459 ι
2496 4409 2614 4478 Ἀφ’
2638 4405 2832 4460 ἑαυτοῦ
2853 4405 2914 4458 οὐ
2943 4403 3106 4476 λαλῶ·
3131 4422 3148 4454 ι
3167 4405 3265 4456 καὶ
3284 4405 3364 4485 τὸ,
3398 4422 3416 4452 ι
3446 4403 3533 4455 Ἐν
3564 4403 3652 4456 δα-

375 4491 503 4545 nem
542 4498 794 4566 naturam
819 4499 873 4544 et
896 4498 1222 4560 potestatem
1263 4499 1316 4545 et
1360 4490 1612 4545 efficacia)
1637 4503 1690 4547 et
1713 4491 1966 4549 volunta-

379 4582 448 4637 tis
473 4582 738 4638 unitatem
768 4597 927 4638 sacre
954 4583 1260 4652 loquuntur
1285 4593 1340 4639 et
1361 4584 1651 4640 addocent.
1689 4585 1818 4641 Scio
1857 4602 1928 4641 au
1948 4616 1964 4626 -

376 4683 483 4729 tem
512 4673 782 4744 quosdam
810 4674 990 4730 dicere
1020 4687 1138 4730 tum
1181 4692 1307 4730 cum
1336 4675 1623 4733 Dominica
1671 4679 1964 4748 responsio

376 4764 742 4834 proferretur,
774 4775 828 4821 et
858 4767 967 4820 vim
1011 4782 1135 4822 eam
1168 4767 1426 4825 habuisse
1464 4771 1962 4842 circumscriptam.

378 4853 598 4910 Etenim
621 4863 753 4911 tunc
797 4858 1210 4914 resurrectione
1241 4859 1483 4914 nondum
1515 4859 1659 4916 facta
1691 4877 1873 4929 neque
1903 4862 1960 4918 in

375 4946 544 5004 celos
571 4949 895 5004 ascensione
921 4959 1222 5006 monstrata
1252 4968 1430 5022 neque
1481 4941 1692 5022 Spiritu
1741 4964 1964 5024 sponta-

378 5054 513 5095 neos
535 5049 591 5095 et
623 5055 945 5098 communes
976 5043 1124 5099 orbis
1144 5051 1414 5100 terrarum
1446 5055 1694 5102 oratores
1723 5047 1964 5116 discipu-

377 5132 464 5187 los
487 5132 770 5196 cﬂiciente,
804 5135 1328 5205 nondumlomnibus
1353 5139 1438 5194 his
1462 5139 1682 5195 eximiis
1697 5139 1966 5196 exsistet:-

378 5221 548 5292 tibus,
586 5224 680 5293 qui
708 5225 762 5280 in
797 5224 1003 5281 Filium
1040 5227 1284 5284 hominis
1323 5228 1669 5299 hlasphemat
1700 5240 1755 5285 et
1786 5230 1967 5285 homi-

379 5313 543 5370 nibus
578 5315 851 5388 impingit,
906 5320 1291 5376 remissionem
1330 5321 1591 5376 inveniet.
1646 5321 1959 5378 Adumbra-

2069 4499 2256 4570 κτύλῳ
2269 4496 2404 4551 Θεοῦ
2427 4495 2822 4566 ἐγὼέκϐἀλλω
2843 4493 2910 4547 τὰ
2937 4492 3242 4563 δαιμόνιαοι
3274 4492 3371 4546 καὶ
3396 4493 3497 4545 ὅσα
3519 4493 3651 4545 ἄλλα

2069 4593 2129 4646 τὸ
2146 4591 2384 4662 ὁμοφυὲς
2403 4591 2498 4644 καὶ
2525 4589 2867 4663 ὁμοδύναμον
2889 4588 2984 4640 καὶ
3005 4587 3101 4657 τῆς
3119 4586 3403 4656 ἐνεργείας
3433 4587 3526 4638 καὶ
3555 4584 3649 4637 τοῦ

2069 4682 2370 4752 θελήματος
2394 4680 2456 4733 τὸ
2475 4680 2675 4733 ἐνιαῖον
2703 4675 3040 4749 ίερολογοῦσι
3077 4675 3170 4728 καὶ
3209 4674 3648 4728 ἐκδιδάσκουσινο

2068 4769 2183 4828 οῖδα
2207 4774 2263 4826 δέ
2286 4789 2439 4835 τινας
2495 4771 2778 4834 εἰπόντας,
2838 4770 2921 4822 ὅτι
2967 4767 3088 4840 κατέ
3113 4769 3289 4821 ἐκεῖνο
3311 4767 3504 4838 καιροῦ
3531 4768 3651 4822 καθ’

2067 4870 2125 4924 ὃν
2146 4871 2180 4940 ἡ
2206 4865 2508 4938 Δεσποτικὴ
2531 4852 2806 4935 ἀπόφασις
2833 4861 3103 4933 προήχθη,
3127 4862 3221 4914 καὶ
3245 4861 3306 4914 τὸ
3327 4861 3526 4933 κράτος
3539 4857 3652 4933 εἶχε

2072 4954 2566 5032 περιγραφόμενονέ
2597 4956 2693 5010 καὶ
2731 4953 2841 5024 γὰρ
2865 4951 3170 5024 τηνικαῦτα
3194 4951 3352 5005 οὸπω
3381 4953 3480 5022 τῆς
3518 4954 3655 5006 ἅναο

2073 5054 2315 5115 στάσεως
2345 5049 2664 5120 ἐπιστάσης,
2683 5048 2804 5100 οὐδὲ
2827 5047 2924 5118 τῆς
2941 5045 3020 5108 εἰς
3045 5044 3309 5116 οὐρανοὺς
3337 5043 3654 5115 ἀναλήψεως

2070 5145 2536 5216 ἐπιδεδειγμένης,
2595 5142 2718 5197 οὐδὲ
2769 5140 2863 5194 τοῦ
2911 5137 3233 5209 Πνεῦματος
3279 5137 3655 5208 αὐτοσχεδίους

2065 5240 2161 5295 καὶ
2190 5239 2404 5302 κοινοὺς
2435 5238 2538 5307 τῆς
2573 5233 2904 5304 οἰκουμένης
2958 5232 3196 5302 ῥήτορας
3225 5230 3356 5293 τοὺς
3408 5229 3656 5300 μαθητὰς

2006 5375 2008 5377 ›
2064 5330 2448 5402 τελεσαμένου,
2486 5326 2640 5381 οὔπω
2668 5324 2875 5379 τούτων
2899 5319 3504 5393 τῶνὺπερφυεστάτων
3532 5320 3654 5372 ἐπι-

376 5407 538 5461 batur
566 5407 711 5463 cnim
744 5409 812 5465 iis
862 5425 1027 5466 carne
1075 5413 1336 5482 dignitas.
1394 5413 1453 5467 Ei
1514 5423 1697 5470 autem
1751 5419 1846 5487 qui
1910 5419 1960 5472 in

2068 5420 2329 5482 στάντων,
2375 5415 2514 5471 ὁτὸν
2547 5415 2678 5469 Υἱὸν
2703 5413 2799 5468 τοῦ
2830 5409 3120 5486 ἀνθρώπου
3153 5409 3519 5480 βλασφημῶν,
3563 5409 3655 5462 καὶ

380 5498 641 5571 Spiritum
681 5514 933 5560 sanctum
961 5499 1330 5576 blasphemat,
1377 5522 1554 5567 neque
1605 5511 1659 5564 in
1710 5511 1960 5580 praesenti

2067 5513 2178 5575 τοῖς
2209 5507 2515 5582 ἀνθρώποις
2559 5503 2938 5580 προσπταίων,
3009 5501 3233 5573 εὑρήσει
3301 5499 3524 5569 ἄφεσιν
3555 5499 3654 5562 ἐπ·

451 5679 495 5717 δ’
523 5680 715 5765 Matth.
755 5696 851 5747 xu,
884 5683 977 5748 ‘28.
1051 5684 1093 5720 ⁸³
1128 5683 1281 5744 Joan.
1318 5701 1368 5751 ν,
1415 5686 1500 5741 17.
1581 5689 1622 5720 3"
1665 5686 1818 5743 Joan.
1859 5706 1966 5747 xxv.
2004 5655 2086 5745 lO.
