3820 6212
149 305 243 369 3’.Ἶ

1052 326 1055 329 -
1152 290 1249 355 AD
1282 270 1882 355 AMPHILOCHIUM
1930 292 2277 360 OUZESTIO
2318 294 2385 357 L.
2442 364 2447 369 ,
2544 278 2547 281 ’

3301 291 3407 358 378

147 412 411 478 εσκιάζετο
438 411 544 483 γάρ
575 412 761 474 αὐτοῖς
782 409 861 464 ἔτι
882 409 1003 463 τότε
1035 410 1114 481 τῷ
1146 410 1356 481 capacity
1372 410 1433 463 τὸ
1466 410 1679 482 ἀξίωμα
1702 427 1720 450 ’-

1831 417 2066 477 tempnre
2096 423 2275 479 neque
2309 408 2362 462 in
2383 406 2576 485 .l‘uturo
2607 406 2807 462 saaculo
2834 406 3187 479 blasphemia:
3209 410 3410 465 remis-

146 506 215 576 τῷ
243 504 295 557 δὲ
319 504 396 566 εἱς
424 502 484 555 τὸ
534 501 759 571 Πνεῦμα
818 500 1251 571 βλασφημοῦντι,
1285 500 1408 553 οὔτε
1461 501 1603 554 κατὰ
1624 501 1715 552 τὸν

1831 507 1897 560 sio
1929 506 2168 560 dabitur.
2202 505 2348 560 Nihil
2375 506 2519 560 enim
2544 505 2799 560 obstabat
2830 506 2961 575 quin
2996 506 3254 561 viderent
3296 505 3409 559 vim

147 598 318 669 καιρὸν
346 598 567 659 ἐκεῖνον,
617 593 738 647 οὔτε
792 594 850 648 ὲν
897 593 972 664 τῷ
1023 593 1269 677 μέλλοντι
1328 594 1482 646 αίῶνι
1532 596 1566 664 ἡ
1616 593 1714 662 τῆς

1831 618 1975 672 supra
2014 611 2263 656 naturam
2294 609 2345 656 et
2378 616 2471 671 per
2524 616 2643 655 eam
2701 600 3052 668 splendentes
3103 599 3409 655 divinitatis

151 689 475 762 βλασφημίας
488 686 771 757 δοθήσεται
797 686 991 755 ἄφεσις
1008 703 1021 717 ·
1041 686 1193 738 οὐδὲν
1225 686 1333 756 γάρ
1350 684 1735 757 ἐπιπροσθοῦν.

1831 696 2020 751 'adins.
2062 694 2166 748 Alii
2203 704 2385 749 autem
2418 693 2484 747 ad
2510 694 2655 747 hunc
2684 706 2904 745 sensum
2936 707 3032 761 per
3080 692 3239 745 verba
3268 698 3411 761 prae"-

147 778 275 852 εἶχον
316 774 462 833 οὗτοι
527 779 665 850 πρὸς
709 778 769 830 τὸ
814 779 887 848 μὴ
915 778 1153 847 καθορᾷν
1184 777 1405 852 αὐτοὺς
1433 777 1531 848 τὴν
1566 778 1708 847 ὑπὲρ

147 874 289 941 λόγον
322 872 603 941 ἐνέργειαν
640 869 853 932 καὶτὰς
890 867 957 923 δι’
1010 849 1711 938 αὺτῆςάπαστραπτούσας

144 966 231 1036 τῆς
256 963 495 1033 θεότητος
515 962 957 1025 ἀκτῖνας.“Αλλοι
978 961 1035 1014 δὲ
1055 961 1189 1032 πρὸς
1203 962 1458 1032 τοιαύτην
1475 964 1715 1017 διάνοιαν

144 1058 219 1111 διά
244 1055 346 1108 τῶν
380 1054 756 1126 προκειμένων
785 1054 1052 1117 ἕλκοντας
1084 1054 1367 1124 ῥημάτων·
1393 1054 1553 1107 ποίαν
1578 1055 1713 1107 ταύ-

143 1164 263 1218 την;
291 1146 380 1199 τοῦ
419 1145 679 1216 λουτροῦ,
716 1146 870 1213 φασὶ,
899 1146 996 1213 τῆς
1031 1144 1276 1214 ἀφέσεως
1327 1145 1421 1197 τοῦ
1443 1148 1501 1198 ὲν
1553 1148 1718 1199 παντὶ

148 1240 274 1310 ἁγίῳ
302 1240 395 1294 καὶ
416 1239 555 1309 πυρὶ
606 1238 1161 1309 τελεσιουργουμένο·.›
1206 1238 1375 1309 μήπω
1405 1240 1719 1309 παρρησια-

146 1334 355 1404 ζομένου
381 1332 481 1385 οὐκ
509 1327 579 1403 ἦν
606 1333 785 1402 εὑρεῖν
818 1330 894 1400 τῷ
921 1331 1085 1393 εἰς’τδ
1107 1329 1247 1383 θεῖον
1278 1329 1505 1399 Πνεῦμα
1539 1329 1715 1399 βλασο

144 1426 440 1497 φημήσαντι
546 1423 646 1494 τὴν
696 1425 930 1493 ἄφεσινο
1000 1424 1081 1476 ὅτι
1140 1423 1276 1494 μηδὲ
1318 1424 1380 1476 τὸ
1426 1428 1719 1494 μετασχεῖν

144 1519 258 1588 ἐνῆν
277 1518 377 1587 τῆς
418 1538 458 1572 π
474 1518 861 1586 αλιγγενεσίας
892 1518 985 1570 καὶ
1010 1516 1330 1585 τῆςὲκεῖθεν
1362 1516 1682 1587 καθάρσεως
1702 1534 1717 1549 ο

1810 788 2060 843 cedentia
2098 789 2415 842 trahuntur.
2465 784 2549 840 Ad
2595 801 2755 854 quem
2816 783 3027 853 igitur?
3081 783 3406 851 Lavacrum,

1822 883 1999 948 aiunt,
2034 865 2418 935 remissionem
2455 881 2508 933 in
2535 895 2599 933 eo
2626 877 2717 949 qui
2749 884 2899 931 totus
2946 886 3169 931 sanctus
3218 864 3302 931 est
3355 887 3410 930 et

1821 977 1943 1042 igne
1970 973 2283 1043 perﬁciens,
2335 971 2462 1025 dum
2513 970 2777 1039 nondum\
2814 969 2984 1023 libere
3034 968 3248 1038 agebat,
3298 981 3406 1020 non

1818 1074 1935 1117 erat
1963 1064 2218 1132 possibile
2242 1065 2288 1131 ei
2316 1063 2406 1132 qui
2440 1062 2493 1115 in
2535 1062 2777 1115 divinum
2833 1059 3101 1130 Spiritum
3162 1058 3412 1127 blasphe«

1821 1166 1953 1221 mat,
1982 1156 2357 1210 remissionem
2410 1155 2676 1217 invenire,
2737 1155 2832 1223 qui
2887 1154 3013 1208 inde
3061 1152 3410 1223 procedentis

1817 1249 2249 1316 regenerationis
2273 1257 2326 1301 et
2365 1246 2765 1317 purilicationis
2791 1230 3108 1316 participem
3136 1244 3252 1300 ﬁeri
3301 1244 3406 1298 im-

1816 1340 2076 1408 possibile
2103 1350 2241 1394 erat.
2276 1341 2466 1409 Itaque
2492 1340 2687 1393 merito
2728 1340 2823 1407 qui
2870 1338 2925 1391 in
2985 1337 3263 1407 Spiritum
3282 1352 3403 1391 sane

1818 1443 1966 1487 ctum
1992 1434 2405 1504 blasphemavit,
2426 1450 2602 1503 neque
2631 1433 2683 1486 in
2711 1432 2964 1502 praesenti
2994 1431 3196 1485 smeulo
3218 1437 3271 1483 et
3289 1430 3410 1482 ideo

1820 1537 1997 1593 neque
2018 1524 2071 1577 in
2107 1524 2292 1577 futuro
2324 1523 2473 1577 nullo
2496 1524 2658 1577 modo
2697 1522 3078 1577 remissionem
3105 1522 3334 1575 obtinet.

144 1613 213 1666 διὸ
248 1613 467 1674 εἰκότως
492 1614 521 1665 6
554 1615 633 1675 είς
658 1612 718 1665 τὸ
748 1610 972 1681 Πνεῦμα
1002 1612 1061 1665 τὸ
1093 1612 1247 1680 άγιον
1270 1615 1275 1621 ’
1296 1610 1715 1686 βλασφημήσας,
1750 1617 1875 1672 οὔτε
1901 1621 1967 1675 ἐν
2002 1621 2078 1691 τῷ
2110 1621 2204 1675 νῦν
2230 1621 2407 1684 αἰῶνι,
2443 1621 2538 1691 καὶ
2575 1620 2665 1673 διά
2727 1618 2887 1672 τοῦτο
2916 1620 3046 1672 οὐδὲ
3099 1620 3157 1672 ὲν
3181 1616 3259 1688 τῷ
3282 1617 3409 1687 μέλ-

142 1704 291 1770 λοντι,
320 1704 571 1773 οὐδαμῶς
595 1706 850 1774 τυγχάνει
873 1705 969 1773 τῆς
998 1704 1267 1770 ἀφέσεως.
1334 1770 1337 1771 ν

700 1797 1042 1849 ΕΡΩΤΠΣΙΣ
1087 1797 1167 1849 Ν.

147 1890 245 1945 Τοῦ
262 1888 557 1959 μακαρίου
579 1886 823 1956 Μάρκου
843 1888 1394 1959 καίίεὺαγγξελιστοῦ
1423 1889 1721 1959 γεγραφό-

207 1957 298 2025 τος
318 1978 330 1989 ⁸
367 1978 386 2011 ι
413 1958 718 2027 Ἐξῆλθον
732 1961 787 2011 οἱ
822 1958 1161 2025 παράὺτοῦ
1177 1957 1474 2025 κρατῆσαι
1503 1957 1717 2013 αὐτόν·

202 2030 404 2100 ἔλεγον
420 2026 557 2098 τὰρ
599 2026 694 2100 ὅτι
749 2026 968 2100 ἐξέστη
987 2046 1041 2100 [ι
1072 2030 1212 2093 ποίᾳ
1224 2029 1456 2100 διανοίᾳ
1473 2029 1584 2094 τὴν
1603 2029 1721 2082 τῶν

198 2096 471 2168 ῥημάτων·
498 2096 825 2166 συνθήκην
843 2097 1221 2168 ἁρμόζοντες,
1252 2100 1365 2151 οὐκ
1396 2098 1471 2152 ἂν
1493 2100 1662 2167 εἷημε
1678 2117 1717 2153 ν

203 2166 390 2237 areae
442 2168 553 2222 τοῦ
604 2169 1019 2237 εὐαγγελικοῦ
1059 2166 1425 2238 διηγήματος
1494 2166 1715 2237 παρεν-

201 2240 510 2310 ηνεγμένοι
522 2254 545 2304 ;
786 2258 795 2267 ο

1754 1804 1801 1865 Β

2232 1798 2560 1865 ΩυΑΞδΤΙΟ
2602 1797 2643 1851 L
2685 1797 2791 1869 [οι.
2832 1796 3055 1867 XLIX].

1825 1890 1978 1944 Beati
2008 1884 2182 1945 Marci
2215 1902 2263 1945 et
2295 1891 2645 1961 Evangelist
2679 1892 2769 1957 qui
2798 1891 3011 1959 scripsit
3039 1907 3056 1943 :
3086 1909 3108 1961 ι
3151 1889 3408 1944 Exierunt

1893 1964 1983 2031 qui
2005 1963 2165 2027 juxta
2188 1978 2303 2014 eum
2337 1971 2394 2015 ut
2420 1973 2646 2015 tenerent
2679 1961 2833 2014 illum
2870 1978 2887 2023 ;
2959 1960 3197 2013 dicebant
3223 1963 3358 2014 enim
3386 1976 3406 2014 :

1893 2030 2145 2101 Quoniam
2212 2030 2265 2085 in
2324 2033 2559 2101 furorem
2605 2048 2780 2085 versus
2804 2040 2956 2093 estw
2986 2046 3214 2100 quonam
3253 2048 3406 2101 sensu

1892 2098 2169 2155 uerborum
2192 2098 2496 2155 contextum
2520 2112 2784 2170 aptantes,
2822 2118 2931 2154 non
2956 2098 3185 2155 erremus
3223 2098 3407 2169 procul

1890 2174 1955 2226 ab
1989 2172 2292 2241 evangelica
2319 2174 2631 2227 narratione
2658 2173 2913 2226 abducti?
3374 2186 3375 2189 ‘

1112 2355 1255 2406 Edita
1276 2371 1304 2405 ιι
1330 2355 1473 2417 Maio,
1502 2356 1536 2407 Ι.
1582 2370 1646 2418 c.,
1673 2370 1723 2416 p.
1760 2353 1925 2404 51-65.
1953 2352 2013 2403 In
2036 2312 2182 2403 Mare.
2211 2366 2284 2414 ιιι,
2304 2352 2385 2403 21.

200 2469 483 2539 Διαφόροις
519 2460 899 2538 κατελάϐομεν
933 2466 994 2520 τὸ
1045 2468 1210 2538 ῥητὸν
1265 2468 1727 2540 ὑποϐαλλόμενονΔ

143 2559 439 2630 ἑρμηνείαις
464 2575 482 2588 ο
522 2557 750 2628 καὶγὰρ
791 2558 967 2611 ἔνεστι
998 2557 1182 2611 λαϐεῖν
1213 2558 1296 2623 τὸ,
1342 2558 1597 2625 «Ἔλεγον
1633 2558 1715 2608 ὃτι

141 2652 337 2722 ἐξέστη,
377 2668 395 2703 ι
433 2650 530 2704 τὸν
564 2649 959 2719 εὐαγγελιστὴν
986 2650 1158 2703 εἰπεῖν
1175 2647 1424 2711 ἀντὶτοῦ,
1491 2646 1721 2714 Ἔλεγον

117 2740 209 2796 ’ὅτι
233 2744 534 2814 ἀποστῆναι
560 2742 738 2795 αὐτῶν
759 2741 1031 2813 βούλεται,
1050 2740 1371 2796 καταλιπεῖν
1390 2740 1586 2801 αὐτοὺς
1605 2738 1721 2790 δια-

138 2838 342 2904 νοεῖται,
384 2834 529 2907 πρὸς
560 2834 779 2905 ἑτέρους
806 2826 1219 2916 μεταχωρῆσαιο
1239 2834 1331 2887 καὶ
1355 2832 1558 2902 ταύτης
1594 2845 1722 2882 συν-

138 2932 319 2999 ήγορον
361 2928 463 3003 τῆς
519 2927 727 2991 ἑννοίας
780 2926 829 2978 oi
903 2925 1111 2996 ταύτης
1165 2924 1568 2995 προεστηκότες
1632 2922 1723 2975 τὸν

141 3023 271 3091 ἱερὸν
322 3021 637 3092 παράγουσι
690 3020 941 3074 Λουκᾶνο
1004 3017 1102 3090 τὴν
1156 3018 1266 3088 γὰρ
1321 3010 1494 3087 αὐτήν
1546 3032 1716 3085 φασιν

144 3098 367 3183 ἱστορίαν
388 3112 757 3183 παραδιδόντα
774 3112 984 3180 λέγειν’
1014 3130 1032 3163 ι
1061 3110 1230 3164 Καὶοί
1251 3109 1394 3181 ὄχλοι
1424 3108 1719 3180 ἐπεζήτουν

144 3201 316 3267 αὐτὸν,
346 3204 441 3255 καὶ
458 3198 628 3273 ἦλθον
648 3202 751 3265 ἕως
785 3200 973 3269 αὑτοῦ,
1008 3202 1104 3254 καί⁵
1138 3202 1389 3270 κατεῖχον
1427 3198 1590 3252 αὑτὸν
1622 3197 1718 3251 τοῦ

1888 2465 2130 2520 Diversis
2173 2461 2797 2534 deprehendimus-illud
2836 2462 3043 2516 dictum
3096 2459 3404 2528 subjectum
3451 2488 3457 2493 -

1816 2559 2361 2627 interpretationibus
2415 2575 2430 2612 :
2485 2559 2699 2611 etenim
2739 2557 2864 2610 licet
2914 2555 3166 2623 accipere
3225 2552 3401 2605 illud:

1825 2670 1842 2701 ι
1873 2650 2150 2715 Dicebant,
2180 2650 2440 2719 quoniam
2463 2650 2514 2703 in
2537 2649 2776 2704 furorem
2796 2662 2987 2702 versus
3005 2652 3089 2700 est
3107 2663 3125 2696 ι
3145 2642 3214 2697 ab
3240 2650 3409 2697 evan-

1821 2745 2011 2815 gelista
2043 2746 2249 2799 dictum
2301 2760 2400 2815 pro
2438 2762 2452 2799 :
2494 2744 2756 2798 Dicebant
2791 2762 2810 2794 ι
2839 2741 3099 2813 quoniam
3122 2739 3408 2811 discedere

1823 2837 1892 2891 ab
1921 2837 2027 2891 illis
2075 2836 2211 2901 vult,
2245 2836 2556 2904 relinquere
2586 2849 2680 2889 eos
2725 2820 3121 2889 meditatur-ut
3166 2830 3234 2885 ad
3270 2830 3407 2883 alios

1821 2928 2212 2998 transmigret;
2256 2938 2310 2982 et
2340 2928 2504 2996 hujus
2553 2935 2847 2997 patronum
2894 2939 3088 2981 sensus
3137 2923 3230 2993 qui
3278 2936 3404 2977 eum

1819 3019 1940 3074 tuiti
1993 3029 2125 3074 sunt
2179 3021 2447 3074 sanctum’
2490 3019 2774 3075 adducunt
2835 3017 3037 3072 Lucam
3087 3034 3099 3069 :
3158 3015 3403 3069 eamdem

1816 3110 1958 3164 enim
1987 3110 2178 3165 dicunt
2208 3103 2492 3166 historiam
2537 3110 2841 3165 tradentem
2878 3107 2979 3162 fari
3018 3096 3051 3161 :i
3075 3126 3093 3157 ι
3136 3107 3200 3161 Et
3230 3106 3404 3161 turba:

1817 3202 2168 3270 requirebant
2196 3217 2345 3265 eum,
2380 3210 2435 3257 et
2467 3210 2736 3257 venerunt
2778 3200 2844 3255 ad
2870 3215 2995 3255 eum
3024 3206 3080 3255 et
3109 3204 3403 3254 tenuerunt

143 3296 210 3365 μὴ
230 3292 555 3365 πορεύεσθαι
581 3288 675 3347 ἀπ’
697 3293 894 3348 αὐτῶν·
928 3312 947 3345 ι
986 3293 1036 3345 οἱ
1056 3292 1112 3345 δὲ
1143 3293 1237 3345 καὶ
1295 3292 1549 3362 διάφορον
1583 3278 1711 3345 ἀπο⁸

1831 3309 2055 3353 3um.ne
2082 3295 2386 3349 discederet
2416 3294 2485 3347 ab
2514 3294 2706 3360 eis";
2748 3312 2766 3345 ›
2804 3293 2896 3361 qui
2929 3301 3107 3365 autem
3138 3302 3191 3346 et
3220 3286 3402 3376 diver-

142 3377 413 3453 φαίνοντες
457 3382 563 3457 τὴν
613 3386 857 3456 ἱστορίαν
894 3386 959 3455 ἢν
986 3386 1013 3439 6
1049 3384 1341 3447 θεσπέσιος
1405 3384 1717 3456 ἀναγράφει

142 3480 343 3541 Λοδκᾶς
404 3479 543 3551 πρὸς
598 3479 667 3549 ἢν
730 3481 758 3531 6
793 3479 938 3542 θεῖος
989 3477 1323 3547 ἀπαγγέλλει
1364 3478 1609 3547 Μάρκος,
1638 3479 1719 3540 είς

142 3567 317 3637 ἐτέρας
342 3569 643 3638 σαφηνείας
656 3568 885 3639 ζήτησιν
915 3568 1196 3638 μετῆλθον·
1228 3572 1322 3621 καὶ
1351 3570 1461 3639 γάρ
1520 3584 1713 3638 φασιν·

143 3657 395 3714 Ἐνταῦθα
431 3661 536 3731 μὲν
584 3662 641 3714 ὲν
666 3660 818 3733 οἰκίᾳ.
840 3676 901 3712 τε
943 3655 1011 3730 ἦν
1038 3661 1065 3713 6
1117 3658 1344 3729 Ἰησοῦς,
1376 3659 1473 3712 καὶ
1502 3660 1661 3722 αὐτὸς
1691 3661 1718 3712 6

145 3751 416 3821 μανθάνων
484 3752 560 3806 τὰ
622 3752 742 3805 θεῖα
781 3752 875 3805 καὶ
909 3751 1343 3823 θεραπευόμενος
1399 3750 1573 3821 ὄχλος,
1624 3752 1717 3803 καὶ

142 3844 252 3898 οὐδὲ
278 3848 471 3915 φαγεῖν
501 3846 670 3915 ἄρτον
706 3846 770 3915 τῇ
800 3844 1054 3914 συνεχείᾳ
1089 3844 1191 3911 τῆς
1224 3843 1494 3915 ὀχλήσεως
1526 3844 1719 3915 παρεί-

144 3935 287 4006 χοντο
309 3937 536 4008 καιρόν·
576 3935 670 3989 καὶ
715 3936 766 3987 οἱ
804 3935 959 4005 παρ’
992 3931 1158 3988 αὑτοῦ
1205 3932 1430 4003 ἐξῆλθον
1448 3937 1717 4004 κρατῆσαι

143 4028 314 4091 αὐτὸν,
339 4029 434 4082 καὶ
460 4016 1039 4092 ἐλθόντεςέωςιαὺτοῦ,
1059 4027 1312 4096 κατεῖχον
1340 4026 1503 4078 αὑτὸν
1518 4024 1611 4077 τοῦ
1642 4025 1716 4095 μὴ

146 4120 459 4190 πορεύεσθαι
481 4120 576 4174 ἀπ’
600 4114 779 4173 αὐτῶν
802 4135 816 4149 ο
846 4118 945 4189 τῆς
960 4114 1053 4171 οῦν
1091 4118 1331 4187 ἱστορίας
1358 4119 1498 4185 φασὶ
1519 4117 1578 4170 τὸ
1598 4117 1715 4169 διά-

145 4228 299 4282 φορον
315 4212 514 4283 ὲχοῦση
527 4211 689 4275 ς,πῶς
699 4212 765 4264 ἂν
783 4211 866 4281 εἴη
881 4210 1060 4280 λέγειν
1076 4211 1206 4281 περὶ
1220 4210 1317 4281 τῆς
1330 4212 1501 4278 αὐτῆς
1520 4209 1716 4262 ὑποθέ-

147 4316 273 4367 σεως
287 4306 445 4360 ὲκάτε
457 4302 969 4374 ρον.διαλαμ6άνειν;
987 4300 1103 4353 ἀλλ’
1117 4301 1264 4354 ἔστιν
1277 4303 1452 4354 εἰπεῖν
1471 4301 1607 4372 πρὸς
1623 4302 1719 4354 αὺ-

145 4396 282 4461 τοὺς,
302 4397 374 4461 ὡς
396 4396 557 4449 είκῖιὶ
570 4379 826 4466 διάφορος
846 4395 879 4465 ἡ
906 4394 1139 4465 ἱστορία,
1169 4393 1286 4447 ἀλλ’
1314 4393 1716 4446 ἐκκαλύπτεται

68 4510 78 4523 ο
147 4489 232 4539 καὶ
246 4488 580 4560 άνακαθαίρε
589 4506 676 4542 ται
691 4488 825 4559 πρὸς
837 4488 1051 4559 εὐκρίνε
1062 4506 1144 4543 ιαν
1156 4488 1243 4542 διὰ
1258 4489 1717 4559 τῆςόμολογουμέ-

144 4596 233 4647 νης
253 4581 286 4650 ἡ
307 4579 609 4651 ἀμφίϐολος
633 4596 647 4611 ο
671 4580 938 4651 δηλούσης
959 4582 1176 4650 ἐκείνης
1191 4580 1259 4648 τὸ,
1274 4581 1598 4650 κατέχεσθαι
1621 4582 1713 4634 καὶ

1818 3402 1933 3442 sam
1964 3387 2321 3457 pronuntiant.
2366 3386 2651 3441 historiam
2686 3400 2848 3455 quam
2875 3384 3137 3438 divinitus
3167 3384 3399 3452 loquens
3472 3405 3479 3411 -

1816 3479 2077 3534 describit
2129 3479 2310 3534 Lucas
2363 3478 2433 3533 ab
2489 3494 2552 3533 ea
2605 3493 2766 3547 quam
2828 3476 3049 3531 divinus
3113 3474 3402 3529 annuntiat

1817 3571 2071 3637 Marcus,
2129 3572 2184 3627 in
2243 3572 2469 3627 alterius
2535 3570 2919 3626 elucidationis
2985 3569 3395 3641 inquisitionem

1821 3666 2175 3720 transierunt.
2214 3665 2427 3719 Etenim
2481 3664 2671 3719 dicunt
2707 3683 2719 3719 :
2750 3663 2852 3719 llic
2885 3663 3107 3733 quidem
3133 3663 3194 3716 in
3235 3661 3417 3716 domo’

1817 3766 1936 3812 erat
1959 3756 2143 3821 Jesus,
2176 3765 2230 3812 et
2281 3759 2396 3827 ipse
2428 3757 2645 3813 discens
2675 3758 2858 3811 divina
2897 3764 2951 3810 et
2986 3764 3174 3833 curata
3219 3754 3397 3819 turba,

1819 3858 1868 3903 et
1901 3864 2082 3919 neque
2111 3849 2708 3918 manducandi’panem
2740 3864 2849 3918 pra)
2876 3847 3240 3903 eontinuitate
3282 3862 3399 3902 mo—

1820 3938 1989 3994 lestia:
2047 3939 2363 4008 praebebant
2404 3939 2869 4008 opportunitatem
2931 3953 2945 3989 :
2999 3946 3053 3989 et
3101 3936 3193 4004 qui
3242 3934 3401 4003 juxta

1821 4031 1971 4085 illum
2003 4032 2257 4084 exierunt
2290 4039 2349 4085 ut
2396 4038 2643 4085 tenerent
2671 4044 2818 4092 eum,
2861 4038 2915 4082 et
2965 4042 3089 4080 cum
3122 4027 3401 4079 venissent

1819 4138 1996 4192 usque
2048 4123 2120 4177 ad
2160 4136 2308 4188 eum,
2343 4122 2660 4178 detinebant
2691 4120 2840 4174 illum
2872 4135 2943 4173 ne
2991 4119 3294 4173 discederet
3331 4121 3399 4171 ab

1820 4214 1955 4283 ipsis
1989 4231 2003 4267 :
2041 4214 2360 4268 narratione
2394 4212 2580 4283 igitur,
2610 4212 2785 4276 aiunt,
2821 4209 3113 4266 discrimen
3146 4208 3397 4272 habente,

1819 4307 2097 4378 quomodo
2153 4306 2353 4376 poterit
2381 4304 2486 4359 dici
2529 4304 2596 4358 de
2625 4303 2813 4357 eadem
2850 4300 3077 4355 materia
3109 4310 3399 4369 utrumque

1804 4399 2008 4471 agere?
2031 4397 2135 4452 Sed
2156 4388 2455 4468 potestdici
2486 4395 2553 4449 ad
2577 4396 2744 4464 ipsos,
2774 4394 2878 4448 etsi
2907 4394 3119 4447 diversa
3144 4392 3395 4454 historia,

1820 4500 2001 4546 tamen
2054 4490 2284 4545 revelari
2324 4498 2378 4543 et
2418 4487 2684 4543 declarari
2726 4486 2794 4541 ad
2834 4484 3045 4540 facilem
3097 4484 3399 4554 intelligen-

1821 4585 1948 4637 tiam
1989 4597 2083 4652 per
2106 4580 2451 4635 manifeslam
2482 4595 2604 4635 eam
2637 4593 2757 4649 quae
2784 4578 3041 4647 ambigua
3072 4576 3180 4630 sit:
3214 4586 3398 4629 osten—

145 4672 451 4740 κρατεῖσθαι
496 4673 582 4741 ἐφ’
618 4667 661 4740 ᾧ
700 4691 757 4726 τε
794 4674 1017 4745 ἐγίνετο,
1053 4675 1143 4726 καὶ
1172 4676 1253 4726 ὅτι
1276 4674 1714 4745 μὴάφίστασθαι

1831 4674 1983 4727 Jente
2019 4672 2111 4726 illa
2162 4671 2393 4726 detineri
2424 4677 2479 4723 et
2523 4668 2694 4724 teneri
2732 4667 2785 4720 in
2826 4682 2935 4737 quo
2967 4675 3084 4720 erat
3119 4663 3309 4736 [loco],
3344 4674 3398 4719 et

144 4762 313 4814 αὐτῶν
361 4764 458 4815 καὶ
502 4763 834 4833 ἀποχωρεῖν,
878 4764 969 4816 καὶ
998 4763 1082 4815 ὅτι
1109 4763 1400 4826 ποθοῦντες
1431 4763 1597 4816 αὐτοῦ
1616 4765 1713 4836 τὴν

144 4851 451 4907 διδάσκαλον
489 4854 728 4925 ὁμιλίαν,
753 4856 847 4908 καί
880 4857 946 4926 τῇ
992 4855 1101 4907 τῶν
1154 4854 1471 4925 θαυμασίων
1536 4854 1713 4924 ἔργων

147 4935 509 5014 ἐντρυφῶντες
564 4945 883 5007 ἀπολαύσει,
937 4947 1191 4999 ἐπενόουν
1217 4947 1315 5017 τὴν
1339 4947 1669 5016 κατάσχεσιν
1694 4965 1708 4979 ο

146 5036 378 5108 καὶγὰρ
408 5037 673 5101 πολλάκις
727 5036 1103 5106 κατελίμπανε
1147 5037 1298 5090 τόνδε
1349 5036 1441 5089 τὸν
1493 5038 1716 5108 χῶρονό

147 5127 518 5199 φιλάνθρωπος
557 5129 787 5199 Ἰησοῦς,
822 5131 913 5182 καὶ
946 5131 1073 5192 τοὺς
1099 5128 1443 5198 διοχλοῦντας
1467 5132 1525 5183 ἐν
1570 5132 1719 5201 αὐτῷ

146 5218 245 5271 τῶν
259 5220 433 5291 ὄχλων
460 5224 537 5285 εἱς
564 5222 784 5291 ἑτέρους
799 5221 895 5293 τὴν
908 5221 1015 5275 ἀπὸ
1036 5206 1394 5286 διδασκαλίας
1412 5226 1505 5276 καὶ
1528 5222 1720 5296 θεουρέ

146 5310 264 5378 γίας
283 5314 534 5382 μετάγων
567 5314 841 5383 σωτηρίαν
863 5328 876 5342 ⁶
906 5309 1208 5383 πλὴνοῦτοι
1228 5315 1289 5366 τὸ
1319 5315 1415 5385 μὲν
1443 5315 1720 5384 κρατῆσαι

148 5406 322 5471 αὑτὸν,
345 5408 425 5468 είς
451 5408 511 5460 τὸ
546 5426 564 5458 ι
597 5408 845 5477 ἐπισχεῖν
887 5406 1049 5459 αὐτὶν
1089 5394 1182 5457 τοῦ
1206 5406 1385 5475 λέγειν
1419 5406 1513 5477 καὶ
1576 5406 1721 5459 διδά-

150 5507 237 5545 σκε
248 5512 292 5546 ιν
305 5514 324 5546 ι
343 5495 545 5564 μεταλα
555 5496 867 5565 μϐάνουσιψ
885 5495 943 5546 τὸ
956 5495 1031 5559 δὲ,
1055 5515 1071 5546 ι
1085 5495 1296 5563 ἐξέστη,
1312 5514 1328 5543 ι
1354 5494 1487 5563 πρὸς
1504 5494 1600 5564 τὴν
1613 5494 1719 5547 τῶν

149 5586 389 5652 φυσικῶν
446 5588 723 5660 δυνάμεων
782 5591 873 5643 καὶ
902 5588 1004 5659 τῆς
1028 5584 1381 5656 καθεστώσης
1401 5585 1715 5651 διαθέσεως,

224 5744 269 5776 ⁸⁵
309 5734 444 5801 Luc.
501 5763 570 5814 ιγ,
604 5747 692 5801 42.

1823 4778 1889 4817 ne
1918 4762 2205 4818 desisteret
2244 4761 2311 4815 ab
2339 4761 2419 4815 eis
2452 4771 2505 4815 et
2530 4757 2831 4822 recederet,
2872 4766 2926 4811 et
2950 4756 3397 4824 concupiscentes

1822 4852 1997 4921 ipsius
2048 4851 2368 4920 magistram
2416 4850 2912 4913 conversationem,
2962 4858 3017 4901 et
3066 4846 3395 4900 mirabilium

1820 4961 2042 5016 operum
2096 4945 2425 4998 delectantes
2472 4941 2732 4996 fruitione
2769 4940 2912 5013 [eos]
2950 4940 3238 4993 meditatos
3275 4951 3397 4991 esse

1819 5036 1987 5109 [ejus]
2033 5036 2401 5090 detentionem
2429 5053 2441 5088 :
2469 5022 2671 5089 etenim
2703 5048 2845 5103 saepe
2876 5032 3216 5101 relinquebat
3236 5030 3396 5083 hunc

1818 5129 1994 5183 locum
2049 5136 2260 5181 amator
2307 5127 2589 5181 hominum
2631 5124 2792 5180 Jesus
2839 5132 2894 5179 et
2926 5124 3153 5177 moleste
3183 5121 3395 5174 incum-

1819 5219 2009 5273 bentes
2070 5220 2123 5272 in
2158 5234 2223 5273 eo
2254 5219 2321 5272 de
2364 5219 2564 5283 turbis,
2602 5218 2651 5271 in
2684 5218 2820 5271 alios
2849 5230 2969 5271 eam
3004 5211 3170 5287 [quae]
3212 5228 3242 5265 a
3265 5214 3395 5292 .do-

1819 5312 1993 5366 ctrina
2047 5322 2101 5367 et
2137 5312 2317 5366 divina
2371 5313 2685 5380 operatione
2731 5309 2889 5381 [erat]
2938 5306 3271 5363 transferens
3305 5319 3393 5356 sa-

1822 5405 1986 5459 lutem
2024 5423 2037 5459 :
2071 5415 2307 5459 attamen
2360 5406 2413 5459 hi
2471 5405 2599 5458 illud
2636 5424 2653 5453 ι
2694 5414 2751 5455 ιιι
2786 5411 3032 5455 tenerent
3076 5413 3199 5453 eum
3238 5414 3255 5444 ι
3295 5409 3391 5462 pro

1825 5516 1843 5548 ‹
1881 5498 2133 5552 cohibere
2159 5514 2283 5551 eum
2318 5515 2344 5550 a
2371 5499 2601 5551 dicendo
2656 5505 2710 5549 et
2762 5494 3005 5549 docendo
3056 5510 3073 5542 ›
3120 5495 3338 5541 verlunt
3374 5502 3388 5537 :

1820 5587 1952 5641 illud
2002 5597 2183 5668 autem
2221 5606 2238 5638 ι
2282 5587 2337 5642 in
2387 5585 2627 5641 furorem
2660 5598 2848 5639 versus
2890 5590 2974 5637 est
3015 5598 3033 5630 ›
3074 5578 3137 5630 ad
3170 5584 3391 5630 natura-
