3820 6212
1505 282 1765 343 ΡΙΙΟΤΙΙ
1798 278 2300 341 PATRIARCILE
2340 280 2447 339 (ΣΡ.

351 291 456 351 3ἷ9
637 316 645 326 ·
1505 282 1765 343 ΡΙΙΟΤΙΙ
1798 281 2300 341 ΡᾹΤΙΠΛΒΟΠᾹΞ
2340 281 2447 339 CP.
3493 281 3601 345 38.0

354 401 483 453 lium
534 400 818 453 vi—rinmcl.
843 396 1176 453 demittentis
1208 412 1267 452 se
1312 397 1706 468 diSpOSiliOIIiS,
1755 412 1917 467 quant

2047 394 2099 463 ἦν
2116 396 2164 447 οἰ
2196 394 2354 447 κόποι
2389 392 2667 463 προξενεῖν
2718 391 2969 444 εἰώθασιν
3025 392 3309 465 ἔκστασιν,
3343 394 3600 463 τοιαύτην

357 493 567 545 labores
593 488 788 544 afferre
815 488 994 545 solent
1028 490 1315 555 exstasim,
1349 489 1489 544 hanc
1526 488 1930 560 interpretatio-

356 598 480 637 nem
535 580 815 635 adducunt
860 599 874 634 :
918 579 1274 635 diuturnitate
1311 583 1461 635 aiunt
1493 588 1552 636 et
1576 568 1931 635 continuitate

354 672 618 730 doctrinae
667 671 930 740 putabant
960 671 1051 741 qui
1076 670 1232 740 juxta
1264 670 1441 740 ipsum
1491 670 1691 743 [erant]
1741 670 1794 724 in
1830 671 1931 724 im-

358 780 608 819 mensum
661 763 955 818 offendisse
1004 763 1268 827 laborem,
1324 761 1423 834 [et]
1481 762 1660 817 vitalis
1710 762 1824 817 toni
1857 770 1932 817 -et

362 857 617 926 ingenita:
648 856 866 910 virtutis
916 855 965 909 id
998 856 1254 911 exstasim
1295 865 1349 909 et
1391 854 1760 909 infirmitatem
1796 854 1931 909 inci-

356 947 507 1001 disse
541 963 554 1000 :
584 943 728 1015 quod
752 944 899 1009 enim
933 943 1006 997 illi
1061 944 1268 1014 experti
1306 943 1445 997 forte
1474 952 1629 996 erant
1677 940 1931 1011 perseve-

359 1038 531 1091 rantia
583 1047 638 1090 et
667 1034 887 1103 perenni
919 1030 1215 1088 auditionis
1261 1048 1324 1087 ac
1369 1030 1737 1085 multitudinis
1783 1044 1931 1083 com-

358 1127 639 1195 pressione
656 1134 707 1179 et
725 1124 979 1187 tumultu,
1012 1123 1065 1177 id
1082 1110 1362 1189 expertum
1394 1137 1514 1176 esse
1531 1129 1585 1175 et
1613 1120 1928 1186 magistrum

359 1218 778 1287 suspicabantur
827 1232 841 1268 :
898 1216 1020 1270 ideo
1068 1223 1121 1269 et
1168 1215 1261 1284 qui
1306 1214 1458 1284 juxta
1509 1212 1656 1267 illum
1704 1208 1928 1282 [erant].

360 1312 532 1375 aiunt,
575 1312 626 1367 id
676 1319 778 1377 est,
817 1309 906 1379 qui
956 1310 1021 1363 ad
1078 1308 1255 1378 ipsum
1314 1306 1635 1362 familiarius
1677 1303 1927 1374 dispositi

362 1383 862 1476 [erant],'exierunt
890 1412 950 1456 ut
993 1401 1299 1457 detinerent
1343 1395 1654 1471 cumquasi
1703 1400 1925 1453 multum

361 1494 479 1566 ejus
533 1512 719 1551 curam
767 1504 988 1567 agentes
1036 1504 1096 1550 ut
1150 1494 1543 1563 providentiam
1592 1490 1930 1569 remissionis

360 1586 479 1655 ejus
508 1595 561 1638 et
601 1584 845 1645 laborum
897 1581 1338 1650 intermissionis,
1399 1590 1540 1639 utra
1590 1576 1931 1631 multitudine

364 1664 621 1745 magistro
650 1676 848 1740 diviso,
900 1676 1081 1730 cibum
1140 1684 1193 1728 et
1237 1674 1340 1727 alia
1396 1671 1703 1727 necessaria
1732 1666 1930 1739 quibus

2030 481 2323 551 ἑρμηνείαν
2346 481 2699 549 προσάγουσι.
2721 476 2813 547 Τῷ
2836 476 3035 547 χρόνῳ,
3058 477 3216 545 φασὶ,
3251 477 3345 529 καὶ
3370 480 3437 548 τῇ
3470 496 3599 530 συν-

2032 573 2180 642 εχεία
2215 573 2312 640 τῆς
2386 570 2736 634 διδασκαλίας
2802 568 3053 638 ἐνόμιζον
3114 570 3163 622 οί
3233 571 3363 641 παρ’
3431 571 3600 624 αὑτοῦ

2031 666 2110 728 εἰς
2177 664 2415 733 ἄμετρον
2496 661 2906 731 καταντήσαντα
2975 659 3185 725 κόπον,
3277 659 3371 712 τοῦ
3422 660 3604 723 ζωτι-

2031 753 2127 807 κοῦ
2183 753 2339 806 τόνου
2400 754 2493 805 καὶ
2554 751 2655 821 τῆς
2704 752 2949 821 ἐμφύτου
3004 751 3313 821 ’δυνάμεως
3367 754 3446 815 είς
3514 754 3605 806 ἐκ·

2033 844 2218 898 στασίν
2273 862 2330 896 τε
2415 843 2507 896 καὶ
2585 843 2870 896 ἀσθένειαν
2920 844 3216 914 ἐμπεσείνο
3301 845 3438 915 ὅπερ
3494 847 3603 916 γάρ

2031 938 2228 988 ἐκεῖνοι
2295 934 2620 997 πεπονθότες
2682 935 2812 996 ἴσως
2887 934 3183 1003 ἐτύγχανον
3244 938 3312 1005 τῇ
3364 937 3598 1005 ἐπιμονῇ

2033 1027 2125 1080 καὶ
2179 1026 2257 1096 τῷ
2305 1026 2513 1096 άεννάῳ
2556 1027 2655 1094 τῆς
2710 1026 3025 1096 ἀκροάσεως
3080 1026 3172 1079 καὶ
3221 1028 3286 1096 τῇ
3332 1025 3425 1077 τοῦ
3471 1027 3606 1095 πλήο

2034 1118 2157 1179 θους
2228 1117 2526 1186 συνωθήσει
2578 1118 2671 1169 καὶ
2718 1117 2795 1186 τῷ
2846 1116 3078 1185 Θορύὸψ,
3115 1114 3273 1169 τοῦτο
3302 1116 3487 1168 παθεῖν
3516 1116 3611 1169 καὶ

2032 1209 2120 1261 τον
2149 1207 2465 1262 διδάσκαλον
2511 1207 2883 1270 ὑπετόπαιζον·
2924 1207 3004 1258 διὸ
3026 1209 3118 1259 καὶ
3164 1208 3214 1259 οἱ
3275 1207 3406 1276 παρ’
3445 1206 3606 1259 αὑτοῦ

2033 1317 2215 1368 φασιν,
2258 1299 2535 1351 τουτέστιν
2585 1299 2634 1350 οξ
2677 1298 2813 1371 πρὸς
2836 1298 2998 1350 αὑτὸν
3023 1298 3353 1365 οἰκειότερον
3405 1296 3608 1349 διακεί-

2036 1404 2218 1456 μενοιο
2257 1386 2509 1457 Ἐξῆλθον
2554 1389 2847 1457 κατασχεῖν
2875 1386 3034 1440 αὑτὸν
3073 1386 3147 1448 ὡς
3210 1385 3409 1456 πολλὴν
3447 1385 3608 1438 αὑτοῦ

2030 1478 2128 1549 τὴν
2171 1478 2492 1548 κηδεμονίαν
2546 1478 2758 1546 ἔχοντες
2789 1480 2879 1532 καὶ
2907 1479 3162 1548 πρόνοιαν
3221 1479 3317 1547 τῆς
3377 1476 3611 1545 ἀνέσεως

2033 1567 2193 1622 αὑτοῦ
2235 1569 2327 1621 καὶ
2374 1569 2473 1636 τῆς
2538 1568 2644 1621 τῶν
2700 1568 2883 1620 κίπων
2918 1568 3239 1632 διαλύσεως,
3275 1568 3349 1630 ὡς
3397 1568 3463 1620 ἂν
3513 1564 3607 1617 τοῦ

2034 1656 2269 1727 πλήθους
2299 1657 2389 1710 τὸν
2417 1656 2734 1711 διδάσκαλον
2764 1657 3175 1728 διαστήσαντες,
3204 1659 3409 1729 τροφῆς
3425 1674 3485 1709 τε
3518 1657 3610 1709 καὶ

359 1782 558 1837 corpus
600 1781 628 1819 a
677 1766 954 1820 laboribus
998 1764 1245 1831 solvitur,
1296 1762 1644 1834 praeberent:
1687 1759 1933 1815 exierunt

2047 1750 2131 1818 τῆς
2183 1749 2348 1819 ἄλλης
2408 1750 2750 1820 ἐπιμελείας,
2782 1750 2849 1803 δι’
2897 1745 2972 1804 ὧν
3021 1751 3081 1803 τὸ
3136 1751 3294 1821 σῶμα
3353 1750 3611 1820 καμάτων

365 1870 545 1913 autem
586 1857 723 1912 forte
750 1873 779 1912 e
812 1857 1045 1927 quodam
1077 1867 1201 1925 apto
1222 1855 1288 1910 ad
1316 1855 1550 1925 quietem
1579 1861 1633 1907 et
1661 1851 1933 1921 tranquil-

366 1951 566 2004 litatem
594 1949 737 2014 loco,
771 1949 836 2001 ad
872 1962 1032 2017 quem
1084 1946 1294 2000 ivi-rant
1327 1946 1537 2014 seipsos
1581 1940 1878 1998 recreatnri
1914 1956 1928 1993 :

364 2043 500 2096 alter
543 2042 704 2109 igitur
736 2054 915 2094 sermo
949 2055 978 2092 a
1010 2026 1197 2110 priore
1228 2054 1336 2093 non
1371 2037 1579 2109 positus
1612 2035 1690 2091 sic
1724 2034 1931 2089 discer-

366 2134 443 2187 nit
481 2131 854 2202 evangelicum
886 2131 1189 2186 oraculum.

438 2308 579 2363 Sunt
624 2322 751 2362 vero
789 2306 881 2377 qui
934 2305 998 2361 ad
1032 2304 1338 2361 Judacornm
1376 2304 1696 2374 pravitatem
1736 2311 1786 2358 et
1818 2301 1935 2357 bla-

364 2400 651 2469 sphemum
678 2410 729 2453 ct
754 2398 1210 2467 indiseiplinatum
1247 2396 1537 2468 [habitum]
1563 2396 1933 2466 respicientes,

368 2488 523 2552 illud,
558 2506 576 2539 ι
603 2489 653 2541 in
685 2486 921 2541 furorem
946 2501 1135 2540 versus
1155 2498 1257 2550 est,
1274 2505 1292 2537 ι
1314 2485 1465 2554 juxta
1481 2486 1813 2555 propositum
1834 2500 1901 2537 au
1919 2514 1935 2524 -

366 2580 555 2640 diunt,
608 2578 658 2631 id
717 2587 833 2638 est,
910 2577 1108 2631 mentis
1166 2592 1449 2630 excessum
1512 2575 1698 2629 habuit
1741 2584 1794 2629 et
1842 2574 1936 2627 de-

368 2667 489 2720 vius
534 2681 563 2719 a
597 2664 894 2720 constituto
938 2663 1111 2718 factus
1148 2674 1227 2717 est
1267 2680 1281 2716 :
1317 2663 1516 2716 etenim
1578 2664 1682 2716 tale
1717 2661 1935 2717 ,ιιιάωο-

369 2773 490 2812 rum
544 2756 726 2811 odium
779 2758 832 2810 in
889 2755 1206 2820 Christum,
1262 2764 1321 2808 ut
1375 2769 1566 2809 omnes
1616 2752 1843 2823 injurias
1885 2762 1935 2806 et

369 2845 671 2902 calumnias
712 2846 917 2916 lingere
960 2853 1150 2899 contra
1206 2845 1542 2898 Salvatorem
1588 2858 1695 2897 non
1750 2844 1935 2899 horre-

372 2947 489 2992 rent
521 2957 533 2992 :
567 2938 765 2991 etenim
798 2936 1001 2990 invidia
1034 2938 1254 2991 omnino
1288 2947 1339 2989 ct
1371 2936 1486 2989 zelo
1514 2935 1756 3015 furentes
1789 2946 1844 2989 et
1869 2935 1938 2988 ab

372 3028 770 3083 insanientibus
803 3027 938 3086 nihil
962 3027 1357 3098 discrepantes,
1386 3036 1439 3080 et
1465 3041 1523 3079 re
1550 3041 1672 3079 vera
1714 3024 1937 3093 ingeniti

2040 1840 2477 1902 ἀπαλλάττεται,
2529 1839 2931 1910 μεταδώσουσιν
2952 1857 2965 1870 ·
2999 1841 3223 1910 ἐξῆλθον
3269 1840 3324 1893 δὲ
3355 1840 3484 1903 ἴσως
3506 1840 3613 1890 ἀπό

2038 1947 2181 1993 τινος
2199 1930 2500 1999 ἐπιτηδείου
2520 1931 2654 2001 πρὸς
2672 1932 3086 1985 ἀνάπαυσινκαὶ
3104 1930 3334 2003 ἡσυχίαν
3353 1932 3535 1993 τόπου,
3558 1934 3613 1984 ἐν

2039 2018 2083 2091 ᾧ
2130 2023 2372 2093 ἀπῆλθον
2418 2025 2645 2088 ἑαυτοὺς
2667 2025 3108 2097 ἀνακτήσασθαι·
3141 2028 3167 2077 ὁ
3193 2026 3291 2095 μὲν
3321 2022 3412 2079 οῦν
3437 2025 3613 2099 δεύτε-

2043 2135 2133 2187 ρος
2166 2116 2327 2184 λόγος
2346 2108 2424 2187 τῷ
2449 2119 2702 2189 προτέρῳ
2750 2118 2827 2189 μὴ
2857 2118 3158 2189 τιθέμενος,
3205 2116 3350 2172 οὕτω
3370 2116 3614 2188 βούλεται

2040 2210 2362 2281 διευκρινεῖν
2382 2211 2441 2262 τὸ
2469 2200 2822 2280 εὐαγγελικδν
2853 2211 3053 2285 λόγιον.

2113 2290 2233 2354 Εἰσὶ
2259 2302 2315 2355 δὲ
2339 2303 2389 2354 οἳ
2412 2302 2547 2372 πρὸς
2562 2303 2659 2372 τὴν
2688 2296 2795 2356 τῶν
2812 2303 3078 2356 Ἰουδαίων
3104 2302 3407 2374 μοχθηρίαν
3432 2304 3522 2357 καὶ
3554 2304 3615 2355 τὸ

2046 2393 2366 2464 βλάσφημόν
2416 2411 2473 2446 τε
2536 2394 2630 2447 καὶ
2687 2395 3016 2465 κακόσχολον
3074 2389 3478 2465 ἀποδλέψαντές
3529 2395 3609 2459 τὸ,

2038 2506 2070 2555 ⁸ι
2099 2476 2327 2558 ἐξέστη,
2345 2506 2362 2537 ι
2389 2486 2528 2539 κατὰ
2554 2486 2612 2539 τὺ
2639 2488 2925 2559 πρόχειρον
2973 2486 3311 2552 ἐξακούουσι,
3352 2486 3611 2552 τουτέστι,

2044 2579 2153 2633 τῶν
2185 2578 2395 2650 φρενῶν
2418 2579 2672 2632 ἔκστασιν
2698 2578 2822 2649 ἔσχε
2854 2581 2949 2632 καὶ
2978 2580 3295 2652 παράφορος
3347 2578 3442 2631 τοῦ
3492 2579 3616 2631 καθ·

2045 2670 2275 2733 ιστῶτος
2306 2671 2517 2738 ἐγένετο
2537 2683 2551 2700 ⁵
2581 2672 2666 2725 καὶ
2702 2672 2808 2740 γάρ
2829 2670 3066 2723 τοιοῦτον
3114 2670 3221 2723 τῶν
3265 2670 3530 2723 Ἰουδαίων
3555 2671 3615 2721 τὸ

2048 2762 2416 2831 μισόχριττον,
2470 2762 2646 2823 πάσας
2667 2760 2850 2832 ὓϐρεις
2874 2762 2965 2813 καὶ
2986 2760 3239 2824 διαϐολὰς
3258 2759 3616 2814 ἀναπλάττειν

2046 2852 2185 2904 κατὰ
2218 2851 2312 2904 τοῦ
2338 2852 2588 2922 Σωτῆρος
2617 2851 2675 2904 ού
2707 2853 3017 2923 φρῐττοντες
3036 2866 3050 2879 ·
3090 2852 3167 2922 τῷ
3193 2854 3303 2921 γάρ
3333 2851 3508 2920 φθόνῳ
3531 2850 3617 2919 διά

2047 2943 2247 3006 παντὸς
2268 2944 2361 2996 καὶ
2382 2946 2446 3013 τῇ
2481 2940 2748 3014 βασκανίᾳ
2780 2922 3243 3013 άνόιστρούμενοι,
3295 2942 3389 3019 καὶ
3446 2958 3618 3009 μεμη-

2048 3036 2217 3088 νότων
2262 3036 2415 3089 ούδὲν
2467 3036 2836 3105 διαφέροντες,
2884 3035 2978 3088 καὶ
3022 3036 3096 3099 ὠς
3152 3034 3368 3105 άληθῶς
3407 3033 3501 3086 τοῦ
3523 3035 3620 3102 ἐμ-

367 3121 558 3192 judicii
593 3136 863 3175 summam
913 3118 1061 3189 passi
1092 3122 1373 3181 exstasim,
1425 3119 1700 3188 propriam
1731 3117 1941 3187 passio~

2049 3127 2218 3196 φύτου
2250 3128 2532 3198 κριτηρίου
2564 3127 2660 3197 τὴν
2683 3128 2920 3197 ἐσχάτην
2969 3126 3302 3186 ὑποστάντες
3345 3125 3615 3187 ἔκστασιν,

371 3228 494 3266 nem
540 3209 931 3283 [affectionem]
982 3210 1037 3263 in
1092 3224 1216 3263 eum
1265 3210 1358 3278 qui
1421 3211 1624 3265 multos
1668 3224 1701 3264 a
1748 3208 1945 3264 talibus

372 3303 580 3357 morbis
641 3301 984 3365 liberaverat,
1019 3300 1334 3369 rejiciebant
1368 3316 1380 3351 :
1416 3300 1515 3368 ipsi
1561 3302 1731 3363 enim,
1763 3300 1946 3354 divina

372 3394 643 3465 (Speranti,
681 3408 801 3462 quae
835 3407 999 3461 super
1033 3407 1341 3447 sermonem
1370 3402 1425 3446 et
1454 3394 1861 3459 cogitationem,
1893 3393 1947 3446 id

374 3487 522 3556 quod
559 3500 753 3541 contra
784 3483 948 3538 Deum
983 3494 1063 3540 est
1094 3483 1443 3556 imputantes,
1476 3484 1618 3553 quod
1648 3483 1945 3539 Sabbatum

375 3580 521 3635 diem
574 3579 770 3637 salutis
816 3587 871 3632 et
906 3578 1297 3633 miraculorum
1355 3579 1551 3635 festum
1601 3578 1950 3635 demonstra-

356 3680 480 3734 τοι,
522 3680 575 3725 et
621 3671 929 3724 daemonum
964 3670 1131 3725 verbo
1168 3672 1481 3741 figmentqu
1515 3671 1760 3727 videntes
1794 3671 1948 3725 anfe-

378 3775 610 3827 rentem,
665 3766 718 3818 in
759 3764 1001 3833 principe
1055 3764 1450 3827 daemoniorum
1511 3765 1949 3834 blaSphemantes

380 3854 561 3925 ipsum
591 3854 789 3922 ejicere
833 3854 1122 3919 daemonia,
1165 3870 1274 3909 non
1312 3856 1703 3911 continentiam
1757 3864 1812 3909 et
1853 3870 1950 3924 pa-

382 3946 625 4000 tientiam
656 3946 900 4000 docentis
926 3956 981 4000 et
1012 3946 1259 4001 curantis
1288 3948 1477 4002 turbas
1512 3962 1617 4001 non
1645 3946 1810 4001 modo
1842 3962 1947 3999 non

380 4036 649 4091 ducebant
674 4036 852 4090 audax
877 4037 1075 4091 mentis
1103 4038 1364 4094 exstasim
1406 4036 1718 4092 insimulare
1756 4045 1809 4091 et
1836 4036 1953 4090 bla-

380 4130 730 4199 sphemorum
784 4129 1074 4184 verborum
1126 4138 1287 4185 testes
1314 4130 1529 4196 facere,
1577 4129 1843 4184 violentas
1893 4129 1948 4183 in

380 4236 503 4289 eum
533 4229 588 4273 et
619 4222 856 4273 audaces
880 4219 1224 4274 intendentes
1261 4235 1457 4275 manus
1491 4240 1503 4274 :
1539 4229 1594 4272 at
1621 4220 1692 4272 ita
1730 4220 1947 4288 quidem

382 4311 471 4364 isti
494 4309 681 4369 dicunt
702 4309 835 4362 nihil
861 4310 1143 4365 sententiis
1164 4309 1402 4378 ipsorum
1428 4323 1749 4377 repugnare,
1777 4322 1953 4377 neque

381 4401 533 4465 illud,
584 4402 834 4456 exierunt
859 4402 952 4471 qui
982 4402 1138 4472 juxta
1188 4401 1335 4455 illum
1368 4400 1569 4472 [erant]
1597 4409 1655 4454 ut
1708 4409 1950 4454 tenerent
1982 4432 2026 4487 υ

378 4506 554 4569 eum:
586 4494 785 4547 etenim
842 4508 1016 4562 neque
1059 4494 1294 4563 putatitii
1337 4493 1533 4547 fratres
1569 4493 1785 4562 ipsimet
1820 4507 1948 4561 erga

379 4598 506 4638 cum
552 4583 891 4638 familiariter
920 4594 975 4639 et
1002 4585 1091 4653 pio
1119 4599 1282 4638 sensu
1329 4582 1576 4652 dispositi
1610 4591 1768 4637 erant
1805 4600 1820 4637 :
1858 4584 1950 4637 sed

381 4683 437 4728 et
485 4675 561 4728 illi
626 4674 1161 4740 Scandalizabantur,
1212 4674 1495 4729 Judaicam
1554 4674 1828 4727 vesaniam
1885 4690 1949 4727 ex

384 4765 608 4819 illorum
624 4769 1039 4822 conversatione
1060 4778 1113 4823 et
1141 4768 1393 4822 convictu
1429 4782 1535 4820 non
1567 4777 1950 4837 expurgantes,

384 4857 587 4912 multas
632 4859 832 4928 smpius
880 4860 935 4913 in
965 4860 1232 4929 principio
1272 4861 1572 4929 prmbentes
1620 4875 1782 4913 ansas
1825 4874 1953 4925 erga

386 4964 513 5004 eum
560 4950 867 5006 difﬁdentia:
898 4969 912 5007 :
945 4961 1001 5007 et
1030 4952 1200 5006 nihilo
1240 4968 1348 5022 pra:
1380 4953 1503 5007 aliis
1532 4951 1734 5006 Judaais
1763 4951 1957 5005 melio-

388 5056 501 5093 rem
529 5040 941 5110 dispositionem
969 5045 1364 5108 demonstrare,
1393 5043 1495 5097 etsi
1520 5052 1641 5111 post
1665 5044 1779 5097 haec
1812 5059 1957 5097 mar-

390 5132 513 5202 tyrii
571 5135 961 5191 certaminibus
1010 5137 1220 5205 seipsos
1262 5135 1630 5203 recuperat-int
1679 5155 1692 5189 :
1731 5145 1784 5189 et
1827 5134 1956 5190 Jesu

390 5222 725 5303 divinitatem
756 5240 919 5294 quam
962 5227 1112 5295 prius
1158 5242 1332 5295 neque
1366 5226 1544 5293 lingua
1578 5225 1954 5288 admittebant,

390 5309 654 5382 Sanguine
681 5325 735 5370 et
773 5318 1233 5373 immolationibus
1268 5316 1599 5371 omnimodis
1628 5318 1958 5386 pra-dicave-

392 5406 520 5459 rint.
568 5405 679 5473 Ego
707 5425 831 5462 vero
863 5409 1223 5464 scandalizari
1254 5408 1469 5477 quidem
1520 5409 1801 5477 putatitios
1850 5410 1956 5463 fra-

392 5506 501 5552 tres
528 5499 581 5551 in
616 5498 896 5554 Salvatore
939 5510 993 5554 et
1022 5515 1128 5553 non
1161 5497 1271 5552 Deo
1291 5498 1507 5566 dignam
1544 5498 1854 5567 opinionem
1906 5501 1957 5553 in

394 5589 664 5659 principio
700 5590 897 5645 habere
932 5593 996 5645 de
1032 5591 1142 5654 illo,
1178 5597 1399 5658 propter
1431 5588 1806 5665 indumentum
1835 5606 1959 5644 car-

394 5684 477 5736 nis
508 5692 562 5737 et
596 5699 759 5755 supra
790 5699 1010 5739 sensum
1062 5682 1606 5740 condcscendcntiam
1638 5681 1798 5740 Verbi
1832 5700 1958 5739 cum

2046 3219 2108 3273 τὸ
2131 3221 2328 3272 οἰκεῖον
2351 3217 2522 3278 πάθος
2559 3219 2638 3280 είς
2662 3217 2752 3270 τὸν
2794 3216 3021 3279 πολλοὺς
3049 3215 3158 3268 τῶν
3182 3213 3436 3267 τοιούτων
3464 3229 3620 3281 νοση-

2051 3308 2235 3379 μάτων
2284 3305 2691 3368 ἀπαλλάξαντα,
2724 3306 3126 3376 ἐναπέῥριπτον
3149 3320 3164 3336 ο
3197 3305 3247 3356 οἱ
3296 3303 3403 3374 γάρ
3437 3302 3621 3373 θεουρ-

2048 3396 2232 3465 γοῦντι
2256 3396 2325 3448 τὰ
2372 3395 2513 3465 ὑπὲρ
2545 3394 2701 3463 λόγον
2734 3393 2830 3448 καὶ
2882 3396 3089 3447 ἔννοιαν
3128 3393 3189 3446 τὸ
3217 3391 3464 3447 ἀντίθεον
3500 3393 3622 3446 ἐπι-

2050 3489 2401 3560 φημίζοντες,
2427 3489 2561 3542 διότι
2589 3489 2650 3541 τὸ
2671 3486 2949 3541 Σάδδατον
2981 3486 3199 3557 ἡμέραν
3230 3485 3504 3555 σωτηρίας
3526 3484 3624 3537 καὶ

2051 3581 2344 3653 θαυμάτων
2401 3579 2988 3651 ἐορτὴν’ἐπεδείκνυτο,
3029 3578 3119 3631 καὶ
3159 3577 3430 3646 δαιμόνων
3481 3574 3624 3645 λόγῳ

2049 3676 2109 3729 τὸ
2139 3676 2363 3746 πλάσμα
2412 3672 2698 3744 βλέποντες
2739 3670 3172 3749 άπαλλάττοντα,
3205 3669 3265 3721 ἐν
3296 3667 3374 3739 τῷ
3404 3669 3621 3738 ἄρχοντι

2051 3768 2168 3822 τῶν
2211 3768 2505 3839 δαιμονίων
2547 3765 2991 3837 βλασφημοῦντες
3039 3763 3202 3818 αὐτὸν
3240 3760 3520 3815 ἐκϐάλλειν
3557 3761 3627 3812 τά

2048 3861 2318 3931 δαιμόνια,
2355 3859 2477 3935 οῦδὲ
2514 3860 2613 3929 τὴν
2643 3858 2939 3928 καρτερίαν
2977 3856 3074 3909 καὶ
3108 3855 3207 3926 τὴν
3250 3852 3527 3924 ὑπομονὴν
3556 3851 3628 3904 6t-

2049 3951 2343 4013 δάσκοντος
2370 3952 2465 4005 καὶ
2521 3949 2912 4020 θεραπεύοντος
2953 3936 3078 4011 τοὺς
3127 3947 3340 4018 ὄχλους,
3367 3944 3627 4016 οὐμενοῦν

2050 4042 2165 4113 οὐχ.
2196 4041 2426 4113 ἡγοῦντο
2453 4040 2724 4111 τολμηρὸν
2755 4040 2968 4112 φρενῶν
2999 4033 3258 4093 ἔκστασιν
3277 4038 3623 4109 κατηγορεῖν,

2051 4136 2143 4187 καὶ
2170 4133 2278 4186 τῶν
2310 4132 2649 4203 βλασφήμων
2697 4134 2962 4203 ῥημάτων
2993 4132 3276 4203 μάρτυρας
3312 4132 3508 4193 ποιεῖν,
3529 4128 3625 4191 τὰς

2052 4224 2375 4295 ὐδριστικάς
2403 4223 2551 4291 αὐτῷ
2581 4226 2676 4299 καὶ.
2714 4222 2975 4293 θρασείας
3006 4220 3482 4290 ἐπανατεινόμενοι
3512 4222 3625 4288 χεῖ-

2056 4332 2181 4385 ρας·
2205 4314 2333 4368 ἀλλ’
2366 4313 2509 4367 οὓτω
2543 4314 2639 4381 μὲν
2668 4308 2815 4366 οὗτοί
2841 4327 2976 4380 φασι
3006 4311 3169 4382 μηδὲν
3194 4312 3259 4379 τῇ
3290 4309 3417 4379 δόξῃ
3448 4307 3625 4360 αὐτῶν

2052 4405 2437 4476 διαμάχεσθαι,
2483 4404 2615 4474 μηδὲ
2644 4406 2723 4469 τ’),
2761 4403 3011 4474 Ἐξῆλθον
3064 4403 3114 4456 οἱ
3153 4401 3285 4473 παρ’
3304 4399 3467 4453 αὐτοῦ
3495 4417 3625 4468 κρα-

2053 4497 2214 4566 τῆσαι
2248 4496 2446 4549 αὐτόν·
2503 4496 2596 4549 καὶ
2650 4495 2760 4565 γάρ
2787 4493 2895 4547 οὐδ’
2940 4494 2988 4545 οἱ
3031 4492 3377 4562 νομιζόμενοι
3412 4490 3626 4556 ἀδελφοὶ
3708 4532 3711 4537 .

2053 4590 2161 4643 οὐδ’
2186 4590 2338 4643 αὐτοὶ
2372 4587 2507 4658 πρὸς
2537 4588 2699 4641 αὑτὸν
2719 4586 2935 4649 οἰκείως
2972 4587 3066 4639 καὶ
3092 4584 3499 4654 εύσεὸοφρόνως
3545 4581 3624 4634 δι-

2056 4680 2264 4733 έκειντο
2286 4695 2301 4709 ο
2355 4680 2490 4733 ἀλλά
2527 4680 2773 4732 κάκεῖνοι
2807 4677 3273 4742 ἐσκανδαλίζοντο,
3327 4672 3624 4740 Ἰουδαϊκῆς

2055 4771 2447 4842 ἀγνωμοσύνης
2497 4774 2561 4825 ἐκ
2605 4772 2702 4840 τῆς
2750 4770 2887 4839 πρὸς
2918 4769 3115 4831 αὐτοὺς
3155 4765 3497 4837 ἀναστροφῆς
3532 4764 3625 4816 καὶ

2056 4864 2267 4934 διαίτης
2331 4864 2392 4915 οὐ
2458 4861 2879 4933 καθαρεύοντες,
2941 4858 3141 4921 πολλάς
3198 4856 3457 4916 πολλάκις
3508 4852 3625 4910 κατ’

2057 4957 2230 5026 ἀρχὰς
2261 4957 2636 5025 παρασχόντες
2697 4953 2870 5014 λαϐὰς
2898 4951 2998 5019 τῆς
3029 4952 3107 5014 εἰς
3142 4950 3303 5004 αὑτὸν
3332 4945 3622 5007 ἀπιστίας)

2057 5046 2151 5099 καὶ
2184 5046 2351 5113 μηδὲν
2384 5045 2492 5097 τῶν
2519 5045 2690 5097 ἄλλων
2734 5043 2999 5094 Ἰουδαίων
3027 5042 3245 5110 ἄμεινον
3276 5039 3374 5107 τὴν
3394 5036 3629 5091 διάθεσιν

2059 5134 2482 5200 ἐπιδείκνυσθαι,
2504 5137 2552 5187 εἰ
2584 5137 2676 5187 καὶ
2709 5132 2847 5199 μετὰ
2870 5131 3041 5186 ταῦτα
3061 5130 3422 5200 μαρτυρικοῖς
3448 5126 3628 5187 ἄθλοις

2060 5226 2281 5288 ἑαυτοὺς
2306 5226 2703 5279 ἀνεκαλέσαντο
2727 5234 2741 5252 ⁸
2774 5225 2868 5278 καὶ
2897 5225 2997 5295 τὴν
3052 5220 3230 5293 Ἰησοῦ
3284 5220 3513 5289 θεότητα
3560 5218 3628 5285 ῆι

2060 5317 2321 5386 πρότερον
2350 5316 2470 5369 οὐδὲ
2496 5315 2717 5387 γλώσσῃ
2744 5314 3122 5385 παρεδέχοντο,
3165 5310 3471 5380 αἴματίκαὶ
3500 5325 3632 5375 σφα-

2060 5412 2183 5475 γαῑς
2211 5410 2375 5461 πᾶσιν
2395 5408 2758 5477 άνεκήρυξαν.
2807 5406 2946 5475 Ἐγὼ
2968 5407 3024 5459 δὲ
3059 5401 3503 5467 σκανδαλίςεσθαι
3530 5400 3629 5468 μὲν

2059 5502 2189 5565 τοὺς
2217 5500 2569 5571 νομισθέντας
2612 5500 2870 5568 ἀδελφοὺς
2931 5499 3080 5570 παρά
3107 5498 3200 5551 τοῦ
3222 5495 3495 5566 ἃυτῆρος,
3538 5490 3629 5544 καὶ

2065 5593 2139 5665 μὴ
2194 5591 2474 5662 θεοπρεπῆ
2533 5590 2631 5661 τὴν
2664 5590 2932 5659 ὑπόληψιν
2966 5588 3085 5642 κατ’
3118 5589 3290 5659 ἀρχάς
3328 5587 3475 5656 ﬁxe»
3504 5582 3629 5650 περὶ

2063 5682 2249 5748 αὑτοῦ,
2307 5683 2393 5739 διά
2435 5699 2491 5734 τε
2553 5682 2612 5735 τὺ
2652 5680 2943 5751 πρόϐλημα
3003 5682 3101 5749 τῆς
3154 5677 3355 5749 σαρκὸς
3382 5678 3500 5769 ’καὶ
3531 5674 3627 5746 τῆς
