3864 6208
173 272 265 339 381

1130 276 1229 336 AD
1294 275 1895 338 AMPIIILOCII'IUM
1948 275 2298 349 QU/ESTIO
2343 277 2441 358 LI.

3320 272 3428 341 382

173 395 300 467 ὑπὲρ
361 391 476 445 νοῦν
527 391 988 463 συγκαταϐάσεως
1046 393 1142 446 τοῦ
1206 394 1390 463 λόγου,
1447 393 1527 465 τῷ
1558 411 1735 466 παρα-

1844 394 2283 450 extraordinario
2309 403 2363 450 et
2391 392 2766 464 magnitudine
2793 407 2902 471 non
2931 407 3095 464 posse
3139 392 3302 449 simul
3340 388 3427 448 at-

170 487 292 556 δόξῳ
332 485 415 537 καὶ
479 482 700 555 μεγέθει
768 483 844 555 μὴ
910 483 1169 537 δύνασθαι
1228 486 1580 556 συνεπαίρειν
1642 469 1735 539 κάξ

174 572 472 643 συνανυψούν
543 574 645 645 τήν
716 573 959 627 διάνοιαν
986 613 1001 637 ,
1060 572 1170 629 τῶν
1250 573 1569 645 σεϐασμίων
1661 590 1760 645 με·

172 669 311 723 τοῦτο
338 666 537 735 Λογίων
567 666 949 729 διδασκόντων,
989 666 1088 720 οὑκ
1122 666 1341 737 ἀμαθής
1363 669 1480 738 είμι
1504 684 1518 698 ·
1548 668 1630 721 ὅτι
1659 667 1715 720 δὲ
1767 734 1775 741 1

177 764 316 833 μέχρι
344 760 523 813 τούτου
551 746 823 830 προῆλθον
885 758 1210 831 μοχθηρίας,
1243 760 1317 824 ὡς
1342 759 1438 812 καὶ
1468 759 1729 829 δαιμονᾷν

174 855 255 908 val.
272 853 530 917 ὲξεστᾶναι
562 851 658 903 καὶ
695 849 909 922 φρενῶν
933 850 1244 923 ἀρρωστίαν
1289 851 1457 905 αὑτοῦ
1492 867 1727 920 κατηγο-

176 949 291 1017 ρεῑν,
323 944 411 1014 οὑχ
474 942 674 1015 ὁμοίως
715 942 963 997 τίθεσθαι
1025 943 1147 996 οὐδὲ
1174 940 1627 1017 συγχωρεῖν“οἷός
1664 944 1723 995 τὲ

176 1057 290 1106 ειμι.

707 1130 1041 1183 ΕΡΩΤΗΣΙΣ
1072 1128 1198 1183 ΝΑ’.

174 1224 308 1277 Arati
332 1223 427 1276 τὸν
447 1224 818 1290 παράδεισον
853 1223 1192 1291 ἐφύτευσεν
1215 1224 1246 1277 d
1276 1222 1441 1289 Θεῶς,
1470 1222 1719 1292 μέλλων

319 1296 487 1361 εὐθὺς
516 1294 840 1349 ἐκϐιὶιῑειν
862 1296 970 1348 τὸν
1022 1294 1203 1364 Ἀδὰμ
1229 1294 1298 1358 ἐξ
1329 1294 1555 1358 αὐτοῦ;

1835 489 2026 544 tollere
2057 496 2114 543 et
2157 488 2446 543 sublevare
2496 486 2906 559 COgitationem',
2962 487 3287 543 Venerandis
3339 498 3449 543 me‘

1836 579 1942 635 hoc
1977 580 2215 635 oraculis
2249 579 2594 643 docentibus,
2644 594 2752 633 non
2807 578 3032 649 ignarus
3061 595 3191 635 sum
3227 596 3241 634 :
3278 580 3427 651 quod

1834 679 2015 726 autem
2043 685 2216 738 usque
2241 685 2306 724 eo
2335 668 2607 740 progressi
2643 668 2755 723 sint
2785 668 3061 737 nequitiae,
3089 679 3149 721 ut
3181 679 3235 723 et
3254 683 3285 722 a
3314 669 3428 723 dae-

1834 776 1996 816 mone
2038 749 2133 832 agi
2188 770 2243 818 et
2294 762 2349 815 in
2397 761 2637 815 {urorem
2690 773 2911 812 versum
2956 772 3079 812 esse
3108 765 3163 811 et
3212 767 3424 812 mentes

1836 854 2117 909 inﬁrmum
2161 869 2287 909 eum
2319 867 2443 909 esse
2487 850 2879 915 insimulariut,
2931 863 3040 904 non
3085 848 3295 919 pariter
3325 864 3425 919 po-

1839 961 1972 1003 nere
2000 963 2103 1003 uee
2134 945 2434 1003 concedere
2455 961 2555 1016 par
2582 960 2725 999 sum.

2283 1108 2616 1191 owesrto
2645 1123 2710 1177 ιι
2751 1121 2851 1195 [αι.
2893 1119 2981 1192 1.].

1872 1217 2050 1282 Quare
2082 1217 2400 1286 paradisum
2428 1214 2695 1286 plantavit
2726 1210 3179 1286 Deus,Adamum
3209 1209 3395 1263 statim”

1942 1286 1945 1289 ’
2084 1284 2091 1286 ἡ
2382 1284 2504 1340 inde
2540 1285 2863 1363 expulsurus
2875 1284 2913 1344 ?,

1366 1430 1511 1481 Edita
1551 1445 1577 1479 a
1602 1427 1744 1490 Maio,
1780 1427 1815 1476 l.
1841 1440 1907 1486 (κ,
1934 1425 2171 1488 ρρδξ-δὸ.

232 1540 337 1594 Τῶν
382 1542 476 1612 μὲν
520 1542 851 1615 ἀπορρήτων
874 1543 968 1597 καὶ
1024 1542 1349 1614 κρειττόνων
1381 1544 1415 1615 ἢ
1442 1543 1720 1616 ζητεῖσθαι

1893 1512 2255 1594 [nell‘abilium
2300 1528 2522 1609 quidem
2570 1546 2625 1593 et
2665 1534 3115 1603 excellentiorum
3159 1548 3327 1603 quam
3364 1540 3427 1587 ut

176 1636 256 1689 ml.
302 1634 825 1706 καταλαμϐάνεσθαι,
884 1634 1081 1705 Παύλῳ
1125 1636 1222 1705 μὲν
1271 1637 1367 1689 καὶ
1420 1638 1535 1699 τοῖς
1580 1635 1741 1689 κατὰ·

176 1722 356 1779 Παῗιλον
382 1725 510 1796 πρὸς
534 1727 635 1797 τὴν
659 1726 1330 1797 θεωρίανάνατείνεσθαι·
1369 1724 1493 1780 οὔτε
1522 1728 1723 1780 ἀδύνα-

181 1836 251 1871 τον
272 1818 472 1886 γέγονεν
500 1810 631 1872 οὔτε·
672 1820 939 1892 σφαλερόν
960 1837 975 1853 ·
1003 1821 1116 1874 ὅσοι
1148 1820 1207 1874 δὲ
1272 1819 1351 1891 τῷ
1399 1820 1608 1891 σαρκίῳ
1632 1820 1726 1874 καὶ

184 1908 267 1961 τῶν
306 1908 455 1962 αὑτοὺ
500 1909 823 1981 θελημάτων
863 1908 940 1981 τῷ
981 1910 1137 1982 βάρει
1198 1911 1724 1982 συγκαθελκόμεθα,

186 2003 269 2054 356’-
287 2002 443 2056 ἄλλων
475 2005 609 2071 ἡμῖν
641 2006 801 2075 χεῖρα
831 2003 1217 2075 φιλάνθρωπον
1246 2004 1339 2056 καὶ
1378 1994 1720 2081 χειραγωγὸν

186 2094 553 2163 προτεινόντων,
576 2095 799 2167 ἀσφαλῆ
828 2095 1107 2167 δυνάμεθα
1136 2096 1235 2167 τὴν
1263 2096 1502 2164 ἄγουσαν
1539 2095 1725 2166 τρίϐον

182 2184 347 2255 πρόςτι
364 2184 683 2255 ὑψηλότερον
704 2188 795 2237 καὶ
819 2184 959 2260 ὑπὲρ
983 2186 1131 2255 ἡμᾶς
1153 2182 1505 2253 ποιήσασθαι.
1536 2183 1721 2255 Ταύτῃ

186 2293 242 2330 τοι
264 2279 349 2331 καὶ
379 2279 410 2349 ή
450 2277 789 2349 παραίνεσις,
822 2297 839 2329 ι
884 2275 1256 2343 Χαλεπώτερά
1290 2292 1383 2328 σου
1434 2276 1508 2347 μὴ
1542 2275 1720 2346 ζήτει,

182 2372 308 2441 φησι,
341 2363 427 2427 καὶ
453 2370 794 2443 ίσχυρὼτερά
818 2388 911 2424 σου
946 2371 1019 2441 μὴ
1051 2368 1270 2437 ἐξέταζε
1292 2385 1306 2400 ο
1354 2389 1373 2420 ι
1398 2367 1548 2439 πλὴν
1577 2368 1724 2422 ἐπεί-

182 2477 268 2530 περ
296 2464 324 2532 ή
356 2463 495 2532 πηγὴ
527 2461 630 2530 τῆς
653 2462 845 2530 σοφίας
884 2463 978 2514 καὶ
1004 2462 1101 2530 τῆς
1141 2460 1498 2528 ἁγαθότητος,
1536 2460 1723 2529 φιλαν-

184 2552 386 2624 θρώποις
434 2556 579 2624 ἡμᾶς
629 2552 962 2622 ὑποσχέσεσι
1014 2551 1383 2622 δεξιουμένη,
1420 2572 1437 2602 ι
1488 2554 1722 2614 Αἰτεῖτε,

186 2644 603 2714 παρεκελεύσατο,
661 2645 754 2700 καὶ
784 2644 1066 2715 δοθήσεται
1128 2645 1290 2714 ὑμῖν·
1331 2645 1557 2713 κρούετε
1580 2687 1594 2710 ,
1632 2646 1725 2699 καὶ

186 2736 508 2805 ἀνοιγήσεται,
531 2757 549 2786 ι
582 2738 755 2808 ταύτῃ
783 2739 853 2808 τῇ
886 2736 1188 2807 ὲπαγγελῐα
1222 2736 1318 2807 τῆς
1354 2736 1722 2791 ὲνυποστάτου

188 2827 403 2896 ἀληθείας
432 2826 748 2889 πεποιθότες
777 2826 871 2879 καὶ
898 2825 1230 2897 κρούσαντες
1255 2827 1352 2879 καὶ
1376 2826 1723 2897 αἰτήσαντες,

1832 1631 2185 1703 inquiruntur
2213 1642 2268 1685 et
2292 1630 2855 1701 comprehendantur,
2877 1629 3047 1700 Paulo
3080 1637 3135 1685 et
3154 1628 3425 1685 similibus

1840 1723 1996 1778 Pauli
2032 1725 2100 1779 ad
2130 1722 2647 1793 contemplationem
2682 1720 2881 1787 attolli,
2918 1735 3028 1777 non
3081 1720 3424 1790 impossibile

1837 1817 1941 1871 fuit
1980 1806 2156 1888 neque
2198 1808 2471 1873 lubricum
2519 1833 2533 1870 :
2575 1815 2890 1885 quicunque
2930 1823 3113 1870 autem
3159 1828 3327 1869 carne
3369 1822 3424 1868 et

1837 1909 1958 1980 ejus
1991 1908 2334 1964 voluntatum
2370 1909 2611 1980 pondere
2648 1908 2813 1963 simul
2837 1908 3097 1963 deorsum
3127 1907 3420 1971 trahimur,

1846 2019 1914 2058 ne
1961 2004 2084 2058 aliis
2113 2003 2331 2073 quidem
2377 2002 2536 2058 nobis
2566 2016 2789 2056 manum
2841 2000 3158 2057 benevolam
3213 2010 3270 2053 et
3318 1999 3420 2053 du-

1832 2097 2054 2152 ctricem
2085 2096 2561 2168 protendentibus,
2611 2099 2876 2151 securam”
2895 2109 3192 2166 possumus
3222 2092 3424 2148 ducen-

1825 2199 1934 2245 tem
1970 2190 2219 2256 semitam
2254 2189 2320 2243 ad
2350 2187 2555 2260 aliquid
2601 2188 2898 2243 sublimius
2952 2196 3007 2242 et
3059 2186 3205 2257 quod
3250 2200 3417 2254 supra

1826 2297 1930 2339 nos
1964 2272 2039 2338 sit
2060 2281 2259 2338 facere.
2282 2281 2464 2349 Quare
2484 2290 2631 2337 certe
2650 2291 2706 2336 et
2726 2279 3053 2344 admonitio,
3077 2297 3097 2331 ι
3122 2278 3422 2334 diﬂiciliora

1827 2383 1879 2429 te
1929 2390 1997 2429 ne
2043 2374 2343 2444 quaesieris,
2380 2374 2460 2429 ait
2507 2354 2864 2447 [Scriptura],
2896 2381 2951 2427 et
2990 2369 3217 2426 fortiora
3272 2378 3323 2425 te
3354 2386 3424 2425 ne

1829 2467 2029 2537 vestiga
2047 2468 2127 2523 ⁸⁶ε
2161 2486 2179 2521 ι
2208 2467 2300 2523 sed
2324 2466 2584 2538 quoniam
2612 2464 2734 2520 fons
2765 2464 3045 2535 sapientiae
3066 2472 3121 2520 et
3138 2462 3422 2525 bonitatis,

1826 2559 2078 2630 benignis
2108 2575 2209 2614 nos
2242 2557 2729 2629 promissionibus
2778 2556 2984 2628 [quasi]
3038 2555 3230 2611 dextra
3274 2554 3424 2613 exei-

1828 2651 2001 2720 piens,
2034 2671 2051 2703 ι
2079 2652 2261 2717 petite,
2290 2670 2308 2703 ι
2333 2641 2584 2705 hortatus
2606 2659 2712 2715 est,
2742 2667 2762 2701 ι
2788 2657 2843 2705 et
2866 2648 3086 2704 dabitur
3103 2648 3281 2717 vobis,
3300 2648 3425 2719 pul-

1829 2752 1966 2806 sate,
2017 2751 2072 2797 et
2115 2742 2387 2812 aperietur
2412 2743 2493 2806 ⁸τ,
2533 2762 2550 2793 ι
2586 2741 2690 2797 hac
2738 2739 3160 2807 annuntiatione
3216 2740 3416 2795 insub-

1833 2834 2103 2890 stantiataa
2149 2834 2394 2889 veritatis
2440 2834 2637 2890 coutisi
2681 2843 2735 2890 et
2775 2832 3122 2904 pulsavimus
3175 2840 3230 2887 et
3257 2831 3415 2903 petii-

188 2918 292 2970 εἰδὲ
317 2919 506 2972 δέδοται
548 2919 643 2971 καὶ
676 2917 972 2988 ὴνέιρκται,
1008 2918 1240 2990 δηλώσει
1271 2922 1297 2972 ό
1332 2920 1509 2993 λόγος.
1545 2922 1729 2990 Φαμὲν

1842 2940 1981 2991 mus,
2020 2942 2149 2981 num
2175 2940 2305 2979 vero
2327 2925 2513 2979 datum
2542 2934 2595 2981 et
2626 2934 2872 2994 apertum
2906 2925 2998 2990 sit,
3026 2924 3426 2985 demonstrabit

189 3009 433 3074 ὡςόθεὸς
482 3011 747 3080 ἐφύτευσε
798 3012 891 3063 τδν
933 3012 1278 3081 παράδεισον,
1322 3014 1383 3065 ού
1431 3013 1521 3067 τὶν
1563 3015 1735 3085 ’Δδὶιμ

190 3103 363 3156 ἐκεῖθεν
388 3104 544 3168 εὐθὺς
577 3104 786 3175 μέλλων
813 3094 1060 3158 ἐλαύνειν
1107 3121 1121 3134 ·
1151 3106 1274 3159 οὐδὲ
1304 3105 1412 3178 γὰρ
1440 3106 1547 3160 οὐδ’
1572 3106 1730 3176 ἔμελ-

192 3194 262 3247 λεν
293 3196 387 3248 οὐδ’
420 3196 568 3250 ἔθετο
626 3195 828 3249 σκοπόν
860 3197 1016 3267 χερσὶ
1045 3184 1386 3253 διαπλάττων
1415 3198 1507 3252 τὸν
1536 3198 1732 3268 Ἀδὰμ,

195 3283 270 3334 καὶ
296 3285 606 3354 παράδεισον
645 3286 990 3357 φυτουργιῶν
1022 3286 1310 3359 ὑπερόριον
1334 3280 1496 3354 εὐθὺς
1526 3289 1736 3345 ἐκεῖθεν

196 3378 353 3437 ποιεῖν,
379 3378 466 3430 καὶ
493 3377 593 3447 τῆς
624 3378 1018 3449 ἀφορισθείσης
1039 3378 1188 3450 αὑτῷ
1224 3381 1502 3453 μακαρίας
1533 3384 1738 3452 διαγω-

196 3467 293 3536 γῆς·
318 3467 420 3520 ἀλλ’
460 3470 665 3533 ἐκεῖνος
689 3470 779 3522 τὸν
809 3468 972 3539 νόμον
998 3470 1099 3541 τῆς
1121 3470 1340 3542 ἐντολῆς
1358 3474 1439 3537 είς
1479 3472 1737 3544 ἀθέτησιν

196 3554 473 3622 lingua".
514 3562 616 3631 τὴν
684 3561 852 3632 ἄλλην
906 3562 1245 3635 εὐφροσύνην
1284 3565 1365 3628 εἰς
1395 3563 1572 3636 λύπην
1610 3581 1737 3636 μετ-

198 3647 405 3718 ήνεγκεν,
430 3652 520 3707 καὶ
540 3652 985 3725 τοῦ-παραδείσου
1006 3653 1105 3725 τὴν
1128 3654 1356 3726 ἐκϐολὴν
1384 3656 1736 3727 συνεισήνεγ-

200 3753 291 3790 κεν·
325 3741 435 3794 ἐπεὶ
474 3741 673 3814 ὥσπερ
706 3741 936 3796 θάνατον
965 3743 993 3795 ό
1026 3742 1157 3806 Θεὸς
1186 3743 1284 3796 οὑκ
1318 3743 1593 3813 ἐποίησεν,
1619 3743 1737 3798 ἀλλ’

202 3830 245 3881 ὲν
260 3830 511 3905 samem
537 3834 634 3905 τῆς
656 3833 953 3897 ἀθανασίας
973 3834 1062 3887 τὶν
1090 3833 1376 3905 ἄνθρωπον
1393 3835 1735 3907 ἑπλαστούρν

203 3936 353 3990 near,-
379 3923 543 3988 οὑτως
580 3924 701 3978 οὑδὲ
738 3923 832 3977 τοῦ
885 3923 1030 3993 ἱεροῦ
1085 3924 1308 3997 χωρίου.
1333 3926 1451 3979 οῦδὲ
1489 3927 1588 3998 τῆς
1627 3944 1734 3998 μα-

205 4012 363 4082 καρίας
392 4016 546 4070 αὑτὸν
578 4017 790 4087 τρυφῆς
846 4013 1207 4085 ὑπερώρισεν·
1246 4015 1360 4069 ἁλλ’
1391 4017 1557 4081 αὑτὸς
1593 4020 1620 4072 ὁ
1642 4018 1734 4071 τοῦ

207 4104 496 4169 παραδείσου
566 4107 783 4177 πρῶτος
848 4106 1111 4177 πολίτης,
1169 4111 1246 4179 .τῇ
1309 4107 1586 4180 συμϐουλῇ
1644 4108 1736 4162 τοῦ

1836 3032 2038 3072 sermo.
2072 3016 2315 3071 Dicimus
2351 3031 2381 3069 a
2421 3015 2532 3071 Deo
2570 3017 2870 3087 plautatum
2921 3031 3043 3072 esse
3084 3016 3421 3086 paradisum.

1837 3124 1944 3162 non
1986 3108 2156 3163 Adam
2211 3107 2337 3163 inde
2383 3109 2567 3164 statim
2600 3108 2887 3178 ejecturo;
2927 3123 3035 3163 non
3062 3108 3209 3163 enim
3236 3106 3426 3163 debuit

1838 3216 1942 3257 nec
1994 3192 2169 3271 potuit
2217 3216 2450 3271 scopum
2506 3200 2758 3255 manibus
2814 3199 3074 3269 cllingens
3130 3198 3305 3254 Adam
3370 3206 3428 3254 et

1838 3294 2150 3364 paradisum
2189 3293 2442 3363 plautans
2492 3302 2767 3347 extorrem
2815 3292 2997 3348 statim
3054 3290 3180 3346 inde
3222 3290 3425 3357 facere,

1836 3394 1891 3440 ct
1926 3400 1961 3439 a
2004 3384 2275 3440 destinata
2304 3385 2379 3439 illi
2409 3385 2567 3440 beata
2609 3368 3073 3443 conversatione:
3105 3392 3161 3438 at
3188 3383 3279 3438 ille
3308 3382 3429 3453 lege

1837 3478 2087 3553 praecepti
2123 3478 2175 3532 in
2199 3477 2614 3533 destitutionem
2640 3477 2841 3543 soluta,
2865 3487 2919 3532 et
2942 3476 3222 3547 .reliquam
3266 3476 3426 3532 volu-

1838 3578 2038 3639 ptatein
2072 3569 2125 3623 in
2177 3569 2829 3624 :ristitiam-transtulitet
2855 3583 2885 3622 ο
2915 3568 3425 3640 ρατεύίεοηεῇοοιῐο-

1838 3676 1975 3716 nem-
1998 3660 2165 3721 simul
2186 3661 2512 3727 introduxit,
2541 3662 2670 3731 quia
2701 3659 2844 3715 sicut
2870 3669 3103 3719 mortem
3140 3660 3286 3714 Deus
3315 3675 3425 3715 non

1839 3750 1986 3817 fecit,
2020 3753 2114 3808 sed
2166 3751 2222 3807 in
2256 3752 2421 3807 arrlia
2453 3748 2887 3805 immortalitatis
2923 3750 3202 3805 hominem
3236 3750 3422 3814 tinxit,

1840 3844 1921 3900 sic
1972 3857 2074 3897 nec
2103 3859 2134 3899 e
2166 3857 2327 3899 sacro
2377 3842 2522 3908 loco,
2559 3855 2657 3897 nec
2691 3854 2756 3895 ex
2782 3839 2956 3895 beatis
3004 3839 3182 3910 ipsum
3213 3838 3425 3895 deliciis

1840 3932 2225 3989 exterminavit
2259 3948 2273 3985 :
2311 3931 2404 3988 sed
2436 3931 2551 4001 ipse
2582 3928 2817 4000 paradisi
2851 3929 3061 3999 primus
3082 3928 3259 3989 civis,
3292 3942 3426 3981 con-

1841 4024 1963 4080 silio
1993 4023 2287 4095 serpentis,
2334 4029 2608 4093 praecepto
2658 4020 2963 4089 anteposita
2992 4019 3425 4086 transgressione

1842 4115 1944 4171 sibi
1992 4125 2049 4171 et
2094 4123 2325 4171 mortem
2372 4122 2428 4168 et
2474 4111 2801 4182 eiectionem
2850 4126 2880 4166 e
2933 4110 3186 4181 paradiso
3232 4122 3427 4179 opera-

207 4190 365 4263 ὅπως,
412 4199 507 4282 τῆς
560 4200 779 4271 ἐντολῆς
842 4201 1187 4271 προτιμήσας
1235 4200 1335 4271 τὴν
1394 4201 1735 4272 παράϐασιν,
1775 4239 1816 4292 D
1846 4218 1936 4266 ws
1965 4217 2071 4266 est,

211 4282 353 4358 ἐαυτῷ
379 4292 468 4344 καὶ
498 4291 587 4345 τὸν
623 4291 854 4345 θάνατον
893 4291 987 4344 καὶ
1038 4292 1138 4363 τήν
1170 4289 1399 4363 ἐκϐολὴν
1428 4292 1520 4345 τοῦ
1559 4306 1737 4365 παρα-

211 4375 351 4433 δείσου
376 4385 789 4458 κατειργάσατο.

271 4472 497 4548 Δεύτερον
531 4478 587 4530 δὲ
621 4476 728 4530 οὐδ’
759 4477 917 4531 εἴωθε
946 4477 1006 4530 τὸ
1031 4478 1184 4531 Θεῖον
1220 4477 1289 4531 τά
1312 4477 1417 4532 τῶν
1441 4477 1744 4548 ἀνθρώπων

218 4566 417 4635 παρορᾷν
441 4566 906 4639 πλημμελήματα,
940 4568 1030 4622 τὸν
1060 4571 1137 4632 είς
1162 4568 1360 4632 αὐτοὺς
1393 4572 1490 4639 τῆς
1530 4570 1744 4640 εὐεργεο

219 4650 311 4714 σίας
339 4654 548 4711 πλοῦτον
588 4659 684 4711 καὶ
716 4659 815 4722 τὰς
839 4659 1048 4729 δωρεάς
1080 4658 1447 4712 ἀναστέλλειν·
1485 4658 1594 4712 οὐδ’
1625 4659 1745 4713 ὲθέ-

217 4738 279 4793 λει
299 4745 388 4797 τῶν
419 4748 903 4822 πλημμελημάτων
935 4750 1240 4821 λαμϐάνειν
1260 4751 1358 4821 τὴν
1384 4750 1562 4821 δίκην,
1593 4750 1747 4805 οὑπω

218 4831 289 4882 τοῦ
317 4838 643 4911 τολμήματος
686 4844 765 4904 εἰς
810 4840 969 4912 ἔργον
1004 4841 1454 4912 προεληλυθότος·
1485 4841 1626 4896 οὕτω
1653 4842 1745 4895 καὶ

220 4921 301 4974 τῶν
325 4926 609 5001 ἀσωμάτων
634 4933 921 5003 δυνάμεων
955 4932 1047 4985 τὸν
1073 4933 1385 4987 ἀποστάντα
1426 4932 1526 5002 τῆς
1583 4933 1745 4987 αὑτοῦ

220 5020 430 5086 προνοίας
456 5025 542 5078 καὶ
570 5024 909 5096 ἀγαθότητος
938 5023 1115 5089 εἰδὼς,
1158 5024 1253 5077 καὶ
1283 5024 1749 5095 τὴνσυναποστᾶ-

211 5118 297 5157 ,σαν
326 5112 457 5186 αὐτῷ
484 5114 675 5188 μερίδα
700 5118 853 5189 ὅμως
907 5119 1245 5189 προήνεγκεν
1301 5116 1619 5189 ἀγαθότητι,
1655 5116 1749 5173 καὶ

224 5191 492 5275 δημιουργεί
520 5210 620 5281 μὲν
660 5210 733 5273 ὡς
764 5211 1044 5281 ἑωσφόρον
1076 5210 1165 5264 τὸν
1203 5209 1542 5281 ἀποστάτην,
1574 5209 1749 5280 μηδα-

229 5288 316 5377 ξιῶς
344 5298 426 5364 μὲν
462 5302 516 5377 εξ
546 5296 619 5357 ὧν
648 5301 874 5373 ὕστερον
921 5302 1012 5356 τὸν
1039 5303 1136 5373 τῆς
1159 5302 1549 5372 ἀγνωμοσύνης
1581 5301 1747 5355 ὑπέδυ

229 5374 372 5452 ζόφον.
406 5393 531 5463 μήτε
588 5395 686 5465 τῆς
724 5395 1086 5466 δημιουργίας
1144 5395 1553 5466 ἀποστερήσας,
1612 5394 1748 5464 μήτε

227 5469 302 5540 τῆς
346 5477 725 5561 λαμπρότητος·
769 5489 1081 5543 ἀποστάντα
1119 5487 1176 5540 δὲ
1232 5489 1326 5540 καὶ
1350 5488 1424 5551 ὡς
1463 5472 1769 5558 ἀστραπῆν

229 5561 299 5614 τοῦ
319 5569 517 5641 οὐρανοῦ
547 5580 785 5635 πεσόντα
816 5579 961 5646 ἰδὼν,
999 5580 1099 5651 τὴν
1150 5578 1305 5649 δίκην
1356 5578 1569 5651 ἀφῆκεν
1631 5580 1743 5632 εἰσ-

285 5723 322 5755 ³⁸
349 5728 511 5795 Matth.
543 5757 640 5808 vn,
688 5745 740 5798 7.
821 5744 863 5775 ⁸⁷
903 5742 1070 5798 Eccli.
1111 5759 1192 5809 ιιι,
1222 5742 1312 5798 ‘22.

1923 4471 2176 4527 Secundo
2208 4462 2388 4526 autem
2420 4487 2527 4526 non
2560 4471 2696 4530 solet
2743 4468 2987 4524 divinum
3021 4465 3279 4540 [Numen]
3328 4465 3428 4521 ho-

1846 4563 2058 4617 minum
2113 4562 2393 4632 despicere
2421 4561 2801 4633 negligentias,
2852 4559 2904 4614 in
2936 4550 3033 4614 eos
3058 4556 3429 4613 beneﬁcentiae

1848 4657 2068 4712 divitias
2098 4668 2151 4713 et
2198 4656 2341 4711 dona
2371 4656 2659 4733 inhibere;
2691 4659 2800 4709 nec“
2817 4653 3040 4717 volebat
3072 4652 3429 4725 negligentia-

1847 4766 1969 4805 rum
2007 4765 2224 4805 sumere
2254 4765 2493 4819 poenam,
2521 4748 2931 4804 nondumausu
2979 4746 3033 4801 in
3076 4746 3275 4802 factum
3298 4760 3428 4819 pro-

1849 4858 2038 4914 gresso
2078 4862 2090 4897 :
2136 4845 2208 4898 ita
2241 4853 2294 4899 et
2323 4843 2389 4897 ab
2437 4842 2861 4912 incorporalium
2890 4841 3090 4897 virtute
3125 4849 3427 4911 apostatam

1852 4933 2026 5004 ipsius
2084 4933 2440 5004 providentia:
2487 4943 2541 4989 et
2577 4933 2841 4988 bonitatis
2876 4933 3079 4998 sciens,
3109 4941 3162 4988 et
3197 4933 3428 5002 compli-

1851 5041 1968 5080 cem
1999 5026 2118 5094 ejus
2146 5026 2436 5096 apostasia:
2466 5036 2679 5098 partem
2706 5035 2888 5082 tamen
2922 5026 3149 5097 protulit
3176 5041 3241 5080 ex
3277 5026 3433 5086 boni:

1853 5124 1980 5178 tate,
2011 5123 2243 5169 etcreat
2274 5115 2492 5186 quidem
2520 5123 2581 5169 ut
2608 5115 2896 5171 luciferum
2924 5123 3249 5185 apostatam,
3280 5115 3432 5169 nullo

1853 5206 2015 5260 modo
2038 5222 2105 5261 eo
2132 5207 2275 5277 quod
2299 5207 2553 5278 deinceps
2578 5209 2633 5263 in
2666 5209 2861 5277 ingrati
2891 5209 3061 5262 animi
3097 5208 3256 5268 irruit
3279 5217 3430 5264 tene-

1854 5300 2025 5364 bras,
2078 5314 2256 5371 neque
2306 5301 2582 5356 creatione
2640 5302 2884 5372 privans,
2942 5316 3117 5370 neque
3170 5299 3427 5368 fulgore:

1852 5399 2155 5461 apostatam
2204 5402 2385 5447 autem
2433 5402 2488 5449 et
2534 5395 2693 5463 quasi
2751 5393 2929 5471 fulgur
2977 5393 3100 5449 ραιΙί
3147 5393 3429 5446 cadentem

1853 5485 2065 5552 videns,
2122 5500 2340 5555 poznam
2388 5477 2597 5543 dimisit
2649 5487 2879 5557 irregari
2938 5483 3266 5557 extollentiae
3314 5496 3429 5537 :ea

1853 5576 2128 5635 Creatoris
2171 5579 2317 5635 circa
2368 5588 2651 5636 creaturas
2697 5578 3002 5636 meonomia
3046 5584 3100 5631 et
3147 5572 3427 5629 discretio.
