3864 6208
182 270 270 353 :85

1134 258 1235 337 Ab
1268 256 1870 336 AMPHILOCHIUM
1910 250 2254 339 QUAESTIO
2294 258 2402 328 LII

3299 259 3406 326 386

232 398 283 449 Ei
309 394 364 448 δὲ
391 394 478 445 καὶ
532 370 691 444 τοῦτό
734 408 818 454 τις
867 389 1283 459 ἐπιλογίσασθαι
1333 389 1600 458 βούλοιτο,
1640 387 1719 449 ὡς

1905 384 1964 440 Si
1997 394 2180 440 autem
2214 392 2270 449 et
2298 381 2445 438 istud
2494 380 2619 454 quis
2670 372 2911 452 cogitare
2952 382 3104 447 velit,
3132 380 3203 438 ab
3232 396 3299 440 eo
3333 384 3420 438 idv-

171 488 242 543 διὰ
268 485 408 539 τοῦτο
437 482 527 535 τὸν
571 482 900 552 παράδεισον
923 482 1220 554 ὑπέστησε,
1269 482 1472 553 καίπερ
1503 481 1721 552 μέλλον-

170 598 242 642 τος
294 575 379 628 τοῦ
418 573 585 645 Ἀδὰμ
633 574 730 627 καὶ
770 574 1105 645 ἁμαρτάνειν
1144 575 1240 629 καὶ
1293 572 1351 640 ἐξ
1388 573 1553 626 αὐτοῦ
1612 572 1719 626 ἀπ-

172 667 469 732 ελαύνεσθαι,
506 667 589 718 ἵνα
616 666 691 736 μὴ
710 665 836 737 δόξῃ
862 664 1052 737 θνητὸν
1084 666 1179 717 ἀπ’
1205 664 1383 735 ἀρχῆς
1406 664 1720 735 πλαστουρ-

172 763 309 834 γῆσαι
329 760 411 813 τὸν
438 758 745 831 ἄνθρωπον,
767 758 1072 829 ἐπιτήδειον
1115 758 1246 829 πρὸς
1276 757 1580 811 ἀθανασίαν
1611 776 1723 828 χωρ

176 854 288 925 ρίον,
317 851 405 905 καὶ
438 850 614 921 λύπης
644 851 740 904 καὶ
795 850 991 919 κόπων
1010 850 1106 903 καὶ
1141 848 1394 903 ἀκανθῶν
1428 851 1526 904 καὶ
1563 849 1722 921 tape-

170 963 257 999 των
298 941 591 1013 ἐλεύθερον,
658 943 907 1012 μηδόλως
947 942 1423 1014 ὑποστησάμενος,
1484 943 1602 997 ἀλλ’
1636 944 1722 995 ἵνα

172 1038 319 1091 πάντα
365 1035 452 1088 καὶ
504 1034 576 1087 τά
611 1035 965 1105 πραττόμενα
1022 1035 1117 1089 καὶ
1163 1035 1235 1088 τά
1291 1035 1725 1106 οἰκονομούμενα

171 1127 293 1201 δείξῃ
315 1126 586 1198 πρέποντα
616 1125 765 1196 αὐτῷ
818 1127 912 1180 καὶ
948 1127 1048 1196 τῆς
1092 1127 1414 1197 ἀπορρήτου
1468 1125 1725 1198 προνοίας

170 1222 249 1291 τὴν
273 1220 448 1286 σοφίαν
474 1218 921 1290 ἀνακηρύττοντα
944 1220 960 1249 δ
990 1219 1081 1272 καὶ
1106 1219 1212 1289 μὴν
1242 1220 1335 1270 καὶ
1360 1218 1428 1270 δι’
1462 1219 1581 1281 ἑνὸς
1612 1216 1722 1271 τῶν

174 1312 345 1366 ὑλικῶν
365 1311 677 1382 κτισμάτων
706 1311 853 1381 ἔργῳ
874 1310 1263 1381 προδιατυπῶν
1298 1328 1358 1363 τε
1390 1311 1484 1364 καὶ
1513 1315 1723 1382 προαγ-

170 1404 342 1472 γέλλων
370 1403 440 1466 ὼς
470 1402 658 1457 ἆπασα
684 1404 717 1472 ή
753 1402 931 1465 κτίσις
956 1402 1098 1456 κατὰ
1117 1402 1215 1475 τὴν
1266 1402 1528 1471 δευτέραν
1560 1403 1724 1457 αὐτοῦ

170 1498 245 1552 καὶ
268 1496 485 1568 φρικτὴν
511 1494 816 1566 παρουσίαν
843 1496 923 1559 είς
958 1495 1164 1567 ἀμείνω
1197 1494 1521 1565 μεταλλάξει
1546 1494 1723 1565 λῆξιν,

169 1589 294 1642 οὐδὲν
318 1588 410 1657 τῆς
443 1586 634 1641 ἐνύλου
664 1585 1172 1657 ἀνεπιτηδειότητος
1198 1585 1620 1655 ἐναντιουμένης
1647 1583 1725 1655 τῷ

169 1677 507 1751 δημιουργικῷ
538 1678 636 1732 καὶ
665 1676 795 1747 θείῳ
855 1677 1157 1748 βουλήματι
1177 1694 1192 1709 ’
1231 1678 1325 1732 καὶ
1356 1678 1463 1747 γάρ
1491 1676 1629 1749 πρὸς
1655 1675 1718 1730 τὸ
1751 1718 1800 1787 Β

170 1771 381 1840 κρεῖττον
417 1766 972 1838 ἀνακαινισθήσεσθαι
1028 1766 1118 1820 τὸν
1150 1766 1380 1837 οὐρανὸν
1433 1767 1529 1823 καὶ
1560 1767 1662 1838 γῆν
1690 1769 1720 1821 6

168 1863 426 1934 κορυφαῖος
446 1860 560 1915 τῶν
593 1860 853 1933 μαθητῶν
880 1862 1027 1932 ἡμᾶς
1078 1861 1369 1927 ἑξεδίδαξε,
1401 1864 1467 1933 τῇ
1516 1861 1610 1915 τοῦ
1641 1862 1720 1916 δι-

170 1951 406 2005 δασκάλου
436 1950 745 2022 ἐπαγγελίᾳ
781 1950 841 2003 τὸ
892 1950 1119 2019 ἀψευδὲς
1150 1951 1511 2022 διδασκαλίας
1540 1951 1722 2005 διαδε-

171 2043 489 2113 δσιούμενοςο
522 2042 646 2095 οὐδὲ
672 2041 845 2096 ταῦτα
877 2042 943 2096 ἂν
997 2045 1083 2113 εἴη
1117 2043 1290 2096 ταῦτα
1320 2043 1507 2114 τιόρρω
1543 2045 1719 2112 θεοφι-

172 2135 270 2198 λοῦς
294 2124 626 2205 ὑπολήψεως.
662 2134 870 2197 Ι’Λιλλως
900 2152 959 2187 τε
984 2135 1040 2187 δὲ
1070 2134 1191 2188 οὐδὲ
1217 2134 1277 2188 τὸ
1306 2136 1593 2188 κάλλιστον
1618 2135 1725 2189 ἔδει

170 2225 255 2278 τῶν
268 2226 512 2293 ἐπιγείων
532 2224 711 2295 ἔργων
740 2226 959 2279 πάντων
980 2225 1207 2296 ἔσχατον
1226 2226 1721 2298 δημιουργηθῆναι,

171 2315 281 2369 ἀλλά
309 2317 393 2369 καὶ
424 2316 557 2369 αὐτὸ
595 2318 718 2369 κατ’
745 2318 920 2388 ἀρχὰς
947 2320 1014 2389 τῇ
1045 2318 1340 2392 ὀλοκληρίᾳ
1367 2319 1468 2391 τῆς
1495 2320 1725 2384 κτίσεως

172 2407 651 2479 συγκαταᾶληθῆναι
675 2424 689 2439 ο
718 2408 779 2462 τὸ
799 2411 897 2479 μὲν
922 2412 1031 2482 γὰρ
1055 2413 1136 2475 είς
1155 2411 1515 2482 δημιουργίαν
1533 2411 1726 2483 προελ-

172 2498 283 2565 θεῖν,
310 2501 601 2567 ἀναγκαῖον
634 2495 723 2572 ἦν,
754 2500 984 2572 ἐπείπερ
1016 2502 1122 2555 ἔδει
1157 2506 1269 2565 τοῖς
1288 2502 1435 2557 ’κατά
1454 2505 1727 2576 δαιμόνων

173 2590 250 2643 καὶ
272 2591 446 2643 παθῶν
484 2590 844 2662 ἀριστεύσασι
874 2592 1084 2647 δίαιταν
1134 2594 1228 2645 καὶ
1266 2593 1468 2664 κλῆρον
1514 2595 1725 2667 ἐξαίρε-

173 2696 246 2732 τον
275 2681 714 2754 ἀωνεμηθῆναιο
749 2683 811 2736 τὸ
839 2682 896 2735 δὲ
926 2682 1068 2736 θεῖον
1099 2685 1289 2739 εἴωθεν
1326 2686 1414 2739 ἀεὶ
1453 2686 1552 2749 τὰς
1581 2688 1729 2740 ἀντι-

176 2773 364 2842 μισθίας
413 2773 772 2846 προτίθεσθαι
803 2775 899 2829 καὶ
946 2776 1448 2846 προκαταϐἀλλεινο
1512 2795 1531 2828 ι
1563 2777 1727 2830 Δεῦτε

1828 476 1977 532 circo
2017 477 2333 545 paradisum
2366 474 2726 530 constitutum
2760 488 2883 530 esse
2928 476 3055 530 licet
3081 484 3136 530 et
3162 485 3419 546 peccatus

1825 584 1921 625 rus
1962 568 2134 623 Adam
2190 578 2244 623 et
2266 583 2333 623 ex
2381 582 2447 622 eo
2497 565 2782 638 pellendus
2823 576 2989 631 esset,
3042 582 3109 622 ne
3141 567 3417 624 videretur

1828 661 2114 716 mortalem
2145 676 2175 713 a
2217 659 2487 730 principio
2520 658 2748 713 ﬁnxisse
2799 659 3099 723 hominem,
3135 668 3317 729 aptum
3348 662 3417 715 ad

1825 749 2292 805 immortalitatem
2339 750 2545 817 locum,
2586 760 2639 805 ct
2686 748 2940 805 maeroris
2972 764 3037 803 ac
3070 749 3319 804 laborum
3363 762 3419 805 ct

1824 841 2108 913 spinarum
2142 850 2200 897 et
2229 841 2492 897 sudorum
2528 842 2852 908 immunem,
2908 841 3060 895 nullo
3094 840 3258 896 modo
3301 842 3420 912 pol-

1824 937 2027 1005 licitus,
2063 937 2157 994 sed
2192 945 2252 993 ut
2295 943 2492 990 cuncta
2523 945 2578 993 et
2610 933 2752 990 facta
2803 943 2858 990 et
2896 934 3201 1004 gubernata
3234 942 3418 990 osten-

1824 1029 1977 1083 deret
2033 1027 2416 1083 convenientia
2466 1027 2572 1096 ipsi
2622 1037 2678 1081 et
2724 1023 3012 1080 ineﬂ‘abilis
3066 1023 3421 1094 providentiae

1826 1121 2150 1191 sapientiam
2184 1118 2535 1189 praedicantia
2567 1128 2581 1173 :
2613 1126 2669 1173 et
2689 1132 2820 1173 vero
2852 1132 2949 1187 per
2978 1132 3144 1172 unam
3167 1115 3422 1171 materia-

1827 1212 1960 1266 lium
1994 1222 2375 1286 creaturarum
2414 1212 2557 1267 facto
2591 1211 2945 1281 praetigurans
2967 1219 3021 1265 et
3048 1209 3421 1280 praenuntians

1829 1313 1997 1358 t0tam
2030 1304 2363 1359 creationem
2399 1304 2466 1358 ad
2503 1303 2803 1359 secundam
2835 1304 2952 1373 ejus
2989 1312 3043 1357 et
3078 1301 3419 1359 tremendam

1826 1398 2175 1467 pt'aisentiam
2232 1398 2285 1450 in
2338 1396 2617 1452 meliorem
2665 1411 2724 1451 se
2773 1406 3116 1450 mutaturum
3173 1405 3421 1461 sortem,

1827 1489 1965 1543 nihil
2014 1489 2285 1544 materiali
2340 1488 2705 1559 ineptitudine
2760 1488 3020 1544 obstante
3061 1488 3314 1543 creatrici
3368 1497 3425 1542 et

1826 1582 2027 1637 divinae
2077 1581 2346 1636 voluntati
2398 1582 2647 1636 :etenim
2696 1579 2749 1633 in
2796 1580 2993 1634 melius
3050 1579 3421 1634 renovandum

1831 1688 1955 1732 esse
2001 1673 2201 1730 cmlum
2266 1682 2320 1726 et
2371 1680 2573 1726 terram
2638 1671 2964 1743 corypbaeus
3023 1670 3421 1741 discipulorum

1830 1778 1935 1823 nos
1989 1765 2216 1831 docuit,
2260 1763 2509 1835 magistri
2568 1761 2937 1832 promissione
2990 1762 3274 1816 veritatem
3323 1761 3425 1817 do-

1828 1859 2018 1916 ctrinae
2048 1860 2274 1913 ﬁrmans
2305 1873 2318 1909 :
2358 1870 2537 1926 neque
2583 1856 2699 1910 haec
2735 1865 2920 1909 essent
2968 1854 3157 1924 procul
3190 1869 3220 1909 a
3250 1853 3423 1909 Deum

1830 1959 2052 2007 amante
2102 1964 2290 2005 sensu.
2342 1947 2514 2002 Aliter
2561 1961 2694 2001 vero
2753 1959 2934 2015 neque
2986 1945 3423 2016 pulcherrimum

1829 2042 2117 2115 oportebat
2174 2050 2513 2096 terrenorum
2580 2052 2809 2108 operum
2867 2038 3114 2092 omnium
3170 2037 3426 2091 ultimum

1832 2137 2027 2203 creari,
2063 2135 2156 2213 sed
2189 2145 2243 2190 et
2282 2134 2461 2205 ipsum
2492 2148 2524 2189 a
2562 2131 2838 2203 principio
2885 2145 3012 2187 cum
3067 2130 3427 2186 universitate

1830 2227 2124 2283 creationis
2152 2226 2317 2281 simul
2349 2224 2511 2295 dejici
2548 2242 2562 2279 :
2598 2224 2800 2279 etenim
2834 2224 2887 2278 in
2919 2222 3259 2279 creationem
3292 2237 3423 2293 pro-

1832 2318 2003 2388 gredi,
2032 2330 2258 2371 necesse
2291 2327 2431 2381 erat,
2449 2314 2579 2385 quia
2608 2314 2897 2383 oportebat
2926 2322 3117 2369 contra
3148 2313 3426 2369 daemones

1832 2420 1888 2465 et
1917 2409 2207 2483 passiones
2244 2407 2479 2464 feliciter
2509 2407 2828 2479 congressis
2862 2407 3341 2463 conversationem
3371 2414 3428 2461 ct

1834 2512 2035 2559 sortem
2063 2503 2293 2557 electam
2325 2500 2584 2556 distribui
2618 2517 2633 2553 :
2670 2500 2914 2554 divinum
2945 2508 3126 2555 autem
3164 2494 3427 2571 [Numen]

1835 2594 1972 2649 solet
2003 2609 2220 2663 semper
2247 2592 2638 2648 retributiones
2671 2605 2974 2662 proponere
3018 2600 3074 2645 et
3109 2589 3375 2660 projicere
3407 2604 3423 2639 ε

1839 2705 1858 2739 ι
1902 2685 2091 2741 Venite
2119 2686 2289 2751 enim,
2309 2686 2385 2740 ait
2407 2682 2766 2756 [Scriptura],
2802 2682 3070 2738 benedicti
3088 2680 3267 2738 Patris
3293 2682 3423 2749 mei,

1837 2777 2156 2833 haereditate
2186 2777 2466 2847 possidete
2503 2786 2756 2847 paratum
2790 2777 2950 2831 vobis
2982 2791 3207 2847 regnum
3234 2791 3265 2830 a
3293 2790 3424 2832 cons

173 2865 279 2936 γὰρ,
311 2868 487 2935 φησιν,
521 2867 571 2918 οί
595 2866 952 2937 εὐλογημένοι
999 2868 1093 2920 τοῦ
1125 2869 1336 2941 Πατρός
1370 2886 1495 2938 μου,
1530 2869 1728 2941 κληρο-

1838 2872 2122 2926 stitutionc
2154 2869 2346 2925 mundi
2379 2869 2426 2903 ⁸⁸
2456 2885 2469 2921 :
2509 2888 2526 2919 ι
2569 2870 2737 2940 igitur
2768 2870 3059 2940 oportebat
3085 2884 3303 2940 quoque
3326 2884 3425 2939 pa-

173 2958 418 3028 νομήσατε
452 2960 553 3029 τὴν
572 2959 988 3031 ἡτοιμασμένην
1017 2961 1146 3031 ὑμῖν
1177 2961 1456 3031 βασιλείαν
1485 2962 1594 3016 ἀπὸ
1625 2981 1727 3016 κα-

1838 2964 2104 3026 radisum,
2146 2962 2262 3018 sive
2292 2962 2456 3017 citius
2492 2971 2849 3031 protoparens
2900 2970 3088 3017 noster
3119 2960 3423 3031 ejiciendus

174 3048 375 3119 ταδιλῆς
404 3050 636 3121 κόσμου.
676 3068 695 3102 δ
723 3050 934 3104 Οὐκοῦν
978 3050 1212 3135 ἔδειθκαὶ
1240 3052 1330 3106 τὸν
1386 3053 1733 3139 παράδεισονὃ

1842 3066 1992 3113 esset
2026 3070 2093 3111 ex
2132 3069 2219 3120 eo,
2254 3053 2370 3109 sive
2402 3068 2528 3117 non,
2561 3053 2789 3123 proponi
2828 3053 3050 3122 quidem
3085 3050 3423 3108 luctantibus

175 3139 265 3193 εἴτε
294 3139 477 3195 θᾶττον
504 3141 732 3213 ἔμελλεν
786 3142 815 3195 6
848 3130 1152 3214 προπάτωρ
1180 3145 1340 3213 ἡμῶν
1374 3130 1733 3199 ἐκδάλλεσθαί

1839 3157 1893 3202 et
1945 3146 2338 3202 luctaminibus
2394 3162 2627 3216 quorum
2662 3145 3032 3215 etprzemium
3083 3145 3261 3199 visum
3314 3154 3421 3207 est,

176 3231 331 3299 αὐτοῦ,
351 3236 455 3289 εἴτε
482 3236 581 3307 μὴ,
602 3236 1123 3308 προκαταϐληθῆναι
1156 3238 1256 3308 μὲν
1277 3237 1388 3290 τῶν
1417 3240 1737 3308 ἀγωνιστῶν

1839 3238 2097 3296 constitui
2132 3252 2262 3293 vero
2299 3253 2405 3292 una
2437 3252 2562 3291 cum
2602 3236 2790 3292 mundi
2825 3235 3064 3306 origine,
3096 3250 3165 3290 ne
3198 3244 3423 3304 reputa-

176 3323 252 3378 καὶ
275 3326 372 3381 τῶν
407 3329 809 3401 ἀγωνισμάτων
832 3324 907 3384 ὧν
927 3330 1022 3383 καὶ
1049 3329 1283 3384 ἔπαθλον
1311 3329 1492 3402 ὤφθη,
1531 3349 1737 3401 συγκα-

1842 3340 1992 3385 retur
2020 3313 2159 3401 opus
2194 3329 2469 3400 sequioris
2499 3328 2715 3384 consilii
2758 3338 2815 3384 et
2861 3327 3199 3398 poenitentia:
3229 3324 3422 3387 fuisse.

177 3418 479 3491 ταόληθῆναι
506 3423 563 3477 δὲ
586 3425 655 3495 τῇ
692 3424 1073 3495 κοσμογενείᾳ,
1110 3424 1199 3479 ἵνα
1228 3424 1303 3496 μὴ
1323 3427 1552 3496 νομισθῇ
1578 3426 1737 3497 ἔργον

1842 3423 1937 3478 sed
1973 3438 2003 3477 a
2038 3422 2310 3492 principio
2354 3430 2553 3477 cuncta
2600 3421 2877 3491 sapienter
2920 3419 3308 3478 eonstitucntis
3338 3420 3426 3488 jn-

178 3507 559 3583 ὐστεροϐουλίας
591 3514 683 3568 καὶ
716 3515 1083 3585 μεταμελείας
1105 3515 1408 3584 γεγονέναι,
1451 3516 1587 3570 ἀλλά
1637 3516 1737 3587 τῆς

1840 3513 1966 3567 dicii
1998 3523 2053 3567 et
2084 3514 2368 3567 bonitatis.

180 3600 256 3653 ἀπ’
274 3604 436 3676 ἀρχῆς
460 3607 638 3662 πάντα
670 3606 851 3676 σοφῶς
893 3596 1350 3685 ὑποστησαμένης
1394 3609 1628 3681 κρίσεώς
1676 3627 1735 3662 τε

181 3696 258 3748 καὶ
285 3698 632 3773 ἀγαθότητος.

684 3820 1020 3872 ΕΡΩΤΗΣΙΣ
1069 3819 1116 3874 Ν
1122 3820 1193 3874 B'.

194 3931 286 3985 Τοῦ
332 3935 660 4005 θεσπεσίου
716 3936 966 3989 Παύλου
1016 3937 1455 4005 παραινοῦντος
1477 3954 1491 3967 ·
1558 3957 1575 3988 ι
1600 3936 1737 3994 Ἐὰν

238 4002 396 4077 πεινᾷ
423 4008 455 4057 ό
486 4005 703 4073 ἐχθρός
737 4021 876 4077 σου,
908 4002 1126 4077 ψώμιζὲ
1153 4008 1369 4061 αὐτόν·
1409 4002 1518 4062 ἐὰν
1563 4009 1733 4077 διψᾷ,

237 4075 413 4145 πότιζε
446 4077 663 4128 αὐτόν·
699 4076 877 4129 τοῦτο
909 4075 1020 4144 γὰρ
1065 4077 1253 4132 ποιῶν
1295 4078 1597 4145 ἄνθρακας
1629 4075 1738 4132 πυ-

235 4143 331 4216 ρὸς
347 4146 674 4216 σωρεύσεις
712 4146 811 4197 ἐπὶ
845 4143 959 4212 τὴν
983 4143 1268 4216 κεφαλὴν
1295 4143 1482 4202 αὐτοῦ
1504 4167 1515 4180 ·
1554 4143 1585 4200 ι’
1612 4150 1737 4215 πῶς

237 4212 523 4286 ιὀήσομεν
548 4215 639 4286 τὸ,
677 4234 695 4266 ‹
725 4212 1264 4286 Ἀνθρακιιξπιιρὸς
1289 4220 1616 4285 σωρεύσεις
1641 4212 1737 4272 ἐπὶ

242 4283 338 4342 τὴν
361 4284 639 4353 κεφαλὴν
657 4286 883 4351 αὐτοῦ;
922 4305 939 4336 ι

2281 3830 2610 3899 ρυΑῑετιο
2650 3831 2736 3887 Lll
2777 3830 2876 3904 [αι.
2905 3831 3012 3901 ιλιι.

1844 3951 2030 4005 Divina
2067 3949 2234 4003 Paulo
2268 3950 2511 4002 hortante
2550 3965 2567 4000 :
2615 3965 2633 3998 ι
2669 3948 2729 4001 Si
2751 3947 2991 4001 esui-ierit
3022 3946 3263 3998 inimicus
3283 3954 3423 4008 tum,

1914 4023 2031 4075 ciba
2078 4020 2232 4073 illum
2264 4034 2283 4072 :
2314 4022 2359 4072 si
2391 4020 2529 4077 sitit,
2575 4027 2757 4086 potum
2784 4022 2855 4070 da
2886 4017 2969 4069 illi
3011 4017 3141 4067 “hoc
3182 4015 3322 4086 enim
3345 4016 3427 4081 fa-

1916 4093 2077 4155 ciens,
2131 4089 2381 4143 carbones
2423 4084 2838 4158 ignis'rongeres
2877 4101 3037 4158 super
3068 4095 3247 4158 caput
3272 4084 3425 4152 ejus;

1914 4154 2177 4230 quomodo
2210 4154 2566 4230 intelligemus
2602 4154 2769 4230 illud,
2802 4178 2819 4209 ι
2864 4156 3116 4209 carbones
3139 4154 3274 4226 ignis
3302 4171 3429 4207 con-

1918 4228 2063 4301 geres
2092 4247 2247 4300 super
2268 4228 2426 4298 caput
2456 4229 2573 4297 ejus
2596 4228 2617 4283 Γ

1044 4447 1185 4496 Edita
1209 4462 1235 4496 a
1264 4448 1408 4509 Maio,
1446 4450 1479 4497 I.
1504 4464 1570 4507 c.,
1600 4463 1649 4513 p.
1677 4449 1810 4499 ὃθ-Β.
1839 4450 2134 4513 Explauatio
2164 4450 2307 4501 Rom.
2337 4463 2423 4509 xu,
2451 4449 2528 4498 40.

245 4547 539 4619 Ἀνθρακας
573 4550 672 4621 μὲν
696 4553 725 4604 ὀ
754 4552 857 4623 τῆς
895 4554 1186 4624 ἀναγωγῆς
1216 4554 1393 4623 λόγος,
1433 4556 1561 4619 τοὺς
1592 4559 1731 4611 ἀπο-

1908 4558 2187 4616 Carbones
2237 4557 2458 4627 quidem
2515 4553 2799 4624 anagogiaa
2865 4566 3078 4617 sermo,
3144 4554 3426 4622 apostolos

189 4637 373 4703 στόλους
400 4641 609 4711 Κυρίου
643 4642 740 4694 καὶ
774 4642 1059 4713 μάρτυρας
1087 4644 1345 4714 ὀνομάζει
1368 4684 1383 4708 ,
1434 4644 1529 4697 τοῦ
1589 4644 1736 4699 θείου

1847 4651 2063 4707 Domini
2097 4660 2150 4706 et
2179 4658 2448 4720 martyres
2487 4656 2666 4710 vocat,
2717 4645 2901 4701 divino
2938 4645 3188 4699 videlicet
3225 4659 3427 4713 purga-

185 4727 393 4799 δηλονότι
451 4732 820 4804 καθαρτηρίου
851 4735 947 4788 mi.
979 4738 1158 4789 πᾶσαν
1193 4738 1396 4791 κακίαν
1447 4738 1741 4807 φλέγοντός

1844 4744 1985 4799 torio
1998 4752 2053 4797 et
2072 4757 2296 4797 omnem
2322 4740 2587 4795 malitiam
2606 4738 2962 4793 comburente
2994 4746 3048 4791 et
3066 4746 3428 4792 consumente

186 4836 232 4872 τε
257 4825 339 4875 καὶ
365 4825 849 4890 καταναλίσκοντος
874 4828 1043 4899 πυρὸς
1067 4831 1432 4899 ἀναφθέντας·
1458 4831 1608 4901 «Πῦρ
1630 4833 1739 4902 γάρ

1849 4840 1971 4909 igne
2002 4851 2265 4893 accensos
2295 4851 2311 4892 :
2351 4852 2371 4885 σ
2404 4832 2549 4905 Ignis
2579 4832 2726 4887 enim
2762 4830 2903 4887 Deus
2936 4840 3143 4894 noster,
3182 4841 3243 4884 et
3287 4831 3426 4903 ignis

188 4910 293 4977 θεὸς
314 4917 481 4985 ἡμῶν,
511 4919 741 4990 καὶπῦρ
774 4919 1170 4973 καταναλίσκον
1205 4940 1225 4972 ι
1260 4922 1360 4991 τὴν
1411 4924 1734 4995 μοχθηρίαν.

1846 4946 2181 4987 consumens
2208 4929 2253 4961 αθ
2295 4948 2313 4981 ι
2347 4928 2647 4997 nequitiam
2693 4940 2707 4977 :
2751 4924 2933 4994 psallit
2972 4934 3155 4980 autem
3191 4936 3245 4979 et
3275 4924 3428 4980 Psal-

190 5001 362 5064 Ψάλλει
388 5012 443 5066 δὲ
476 5013 569 5065 καὶ
601 5015 629 5066 6
661 5012 919 5083 Μελῳδὸς
944 5026 958 5042 '
1009 5034 1028 5065 ι
1058 5015 1363 5084 Ἂνθρακες
1411 5016 1729 5086 ἀνήφθησαν

1848 5031 1969 5078 tes:
2009 5041 2028 5074 ι
2066 5023 2346 5078 Carbones
2394 5020 2645 5076 succensi
2699 5025 2829 5073 sunt
2869 5017 2938 5071 ab
2989 5033 3075 5084 eo,
3125 5017 3430 5074 inclinante

189 5096 264 5151 ἀπ’
284 5102 454 5169 αὑτοῦ,
494 5104 777 5168 κλίναντος
808 5105 1072 5175 οὐρανοὺς
1092 5107 1186 5159 καὶ
1217 5107 1576 5172 καταϐάντος,
1602 5129 1618 5158 ι
1649 5112 1745 5162 καὶ

1840 5116 2010 5169 caelos
2035 5125 2088 5170 et
2116 5113 2538 5168 descendente“
2563 5132 2576 5164 I
2610 5122 2666 5167 et
2688 5112 2854 5167 veluti
2881 5111 3132 5168 tenebras
3157 5113 3422 5182 quasdam

190 5184 261 5243 δῖα
273 5196 449 5265 γνόφον
471 5202 592 5253 τινὰ
620 5199 719 5262 τὰς
747 5201 1037 5271 ἀστραπὰς
1068 5200 1165 5269 τῆς
1182 5200 1433 5270 θεότητος
1461 5203 1745 5273 περιστέλ-

1839 5208 2103 5279 fulgorem
2124 5206 2351 5262 Deitatis
2372 5206 2855 5277 circumtegentem
2888 5214 3133 5261 nostram
3163 5205 3425 5261 indueme

192 5282 357 5343 λοῦσαν
379 5292 471 5364 τὴν
491 5295 770 5365 ἡμετέραν
796 5293 1254 5365 περιδαλλομένου
1289 5295 1488 5366 σάρκα.
1508 5296 1744 5367 ’Λνθρα-

1839 5316 2082 5356 carnem.
2119 5300 2399 5355 Carbones
2432 5308 2614 5355 autem
2643 5314 2865 5355 rursum
2896 5308 3059 5354 vocat
3088 5307 3142 5353 et
3168 5297 3424 5352 ardentes

192 5393 275 5444 κας
298 5384 350 5436 δὲ
403 5388 559 5442 πάλιν
603 5387 759 5441 καλεί
793 5389 887 5439 καὶ
924 5385 1023 5449 τὰς
1051 5385 1412 5455 φλογιξούσας
1433 5402 1491 5440 τε
1530 5387 1625 5439 καὶ
1649 5386 1745 5439 δα-

1839 5400 1895 5445 et
1929 5370 2315 5446 consumentes
2364 5391 2696 5461 castigantes
2745 5397 2801 5445 et
2847 5389 3073 5445 acerbos
3122 5387 3420 5446 cruciatus,

194 5473 414 5541 ιεανώσας
441 5480 767 5542 κολαπικάς
794 5480 889 5531 καὶ
919 5478 1122 5547 πικράς
1157 5477 1446 5548 βασάνους,
1484 5479 1627 5533 κατά
1680 5478 1745 5533 τὸ

1838 5484 1991 5553 juxta
2022 5483 2229 5537 dictum
2265 5500 2277 5536 ι
2315 5500 2333 5535 ι
2378 5481 2608 5554 Sagitta:
2642 5482 2883 5553 potentis
2922 5488 3097 5537 acutae
3143 5491 3269 5532 cum
3300 5492 3412 5531 car-

196 5562 470 5637 εἰρημένον·
537 5592 557 5625 ι
592 5574 676 5628 Τά
730 5573 865 5644 βέλη
893 5571 987 5627 τοῦ
1018 5571 1246 5625 δυνατοῦ
1288 5574 1603 5645 ἠκονημένα
1644 5576 1743 5628 σῦν

1840 5574 2078 5630 bonibus
2110 5575 2459 5631 desolatoriis
2492 5577 2562 5640 ⁹¹,
2620 5595 2638 5628 ι
2694 5575 2747 5629 id
2794 5584 2877 5629 est
2919 5569 3315 5641 dissipantibus
3368 5571 3423 5621 ot

254 5702 293 5735 ⁸³
327 5705 498 5768 Matth.
541 5700 783 5779 “v.34.
896 5713 942 5746 '9
983 5713 1140 5769 Dent.
1172 5730 1243 5780 tv,
1278 5713 1368 5769 24.
1424 5714 1471 5745 ⁹⁰
1511 5712 1654 5768 Psal.
1694 5730 1750 5771 tu

1860 5716 1913 5771 9.
1975 5716 2017 5748 ⁹¹
2058 5715 2199 5772 Psal.
2235 5732 2377 5784 cxtx,
2409 5717 2459 5773 4.

473 5806 746 5867 ΡΑτηοι..
792 5806 911 5867 Gn.
945 5806 1042 5867 Cl.

2930 5807 2999 5863 13
