3864 6208
391 297 509 365 ’387

1572 295 1834 365 ΡΗΟΤΙΙ
1860 301 2368 368 ΡΑΤΗΙΑΒΟΗᾹΞ
2409 307 2518 367 CP.

3579 320 3702 383 388

404 415 748 474 vastantibus
772 417 951 488 pcenis
981 431 1103 488 quae
1131 417 1448 474 destruendi
1479 420 1783 490 subjectum
1815 421 1978 492 impo.

2093 425 2206 486 τοῖς
2236 423 2465 496 ἄνθραξι
2488 427 2600 490 τοῖς
2622 426 2939 499 ἐρημικοῖς,
2976 447 2994 482 ι
3038 431 3283 488 τουτέστι
3317 435 3442 499 ταῖς
3488 437 3705 505 ἀφανι-

403 519 609 566 tentem
639 512 841 570 habent
874 511 983 566 vim
1020 530 1034 566 :
1069 520 1123 567 et
1156 512 1209 566 in
1241 513 1368 568 aliis
1399 515 1590 570 multis
1631 523 1716 569 est
1744 515 1987 584 reperire

401 603 630 666 ultrices
657 605 886 660 virtutes
914 614 1137 660 vocatus
1169 607 1457 661 carbones.
1482 605 1645 661 Juxta
1682 608 1984 663 secundum

402 695 573 766 igitur
625 695 995 766 signiﬁcatum
1027 697 1295 751 carbones
1325 697 1660 765 eastigantes
1698 697 1888 765 plagas
1931 704 1986 750 et

404 788 757 843 immissuras
792 797 972 852 vocat,
1005 803 1034 841 a
1063 786 1396 842 carbonibus
1423 786 1516 856 qui
1547 785 1828 841 sensibilis
1857 795 1987 840 sunt

401 888 457 934 et
495 879 870 934 consutnentis
911 879 1401 933 circumterrenam
1433 878 1719 932 materiam
1753 875 1985 931 ﬂammae

401 972 892 1036 excandescentia,
927 970 1261 1027 transferens
1283 980 1338 1026 et
1365 971 1727 1026 transvehens
1755 969 1990 1040 appella-

403 1067 630 1121 tionem.
680 1063 942 1120 Hortatur
989 1064 1151 1134 igitur
1215 1065 1546 1119 esurientem
1605 1061 1824 1133 quidem
1883 1062 1988 1116 ini-

402 1159 604 1212 micum
635 1158 838 1222 cibare,
874 1157 1152 1213 sitientem
1187 1171 1318 1211 vero
1364 1165 1553 1224 potare
1590 1173 1602 1208 :
1635 1155 1687 1210 id
1726 1165 1811 1211 est
1839 1156 1985 1208 mul-

400 1251 622 1306 timodis
682 1248 1003 1304 benefacere
1055 1256 1110 1302 et
1175 1247 1468 1316 benignum
1539 1261 1660 1301 esse
1727 1263 1741 1300 :
1805 1243 1988 1299 cibare

389 1357 636 1412 namque
688 1351 742 1396 et
799 1349 1017 1410 potare,
1072 1339 1441 1394 beneﬁcentiae
1495 1336 1902 1393 universitatem
1951 1352 1979 1390 a

395 1446 552 1505 parte
595 1434 898 1489 describit:
934 1431 1132 1487 deinde
1164 1430 1518 1486 benefaciens
1549 1431 1629 1485 ait
1673 1429 1898 1484 inimico
1930 1439 1983 1484 et

311 1572 320 1613 ,ἡ
396 1525 713 1581 humaniter
736 1540 865 1596 erga
911 1539 1036 1579 eum
1068 1524 1391 1593 dispositus,
1424 1523 1692 1580 carbones
1723 1536 1983 1592 congeres

318 1617 321 1624 ’
393 1633 562 1686 super
589 1629 754 1687 caput
787 1619 930 1686 ejus.

2087 516 2298 576 στικαῖς
2329 531 2390 566 τε
2444 514 2542 567 καὶ
2590 516 2947 587 ἓρημοποιοῖς
2991 522 3304 593 τιμωρίαις,
3353 522 3412 576 αῖ
3476 541 3699 580 καταν-

2089 603 2334 657 αλίσκειν
2367 605 2458 660 τὸν
2507 606 2808 664 ὑπεύθυνον
2846 611 3127 682 ἀμήχανον
3157 614 3339 684 ἔχουσι
3367 616 3468 687 τὴν
3493 602 3659 688 ἰσχύν
3679 635 3698 651 ⁶

2081 701 2181 752 καὶ
2213 702 2272 753 ἐν
2301 701 2482 766 ἄλλοις
2505 703 2563 756 δὲ
2609 703 2824 769 πολλοῖς
2866 706 3014 760 ἔστιν
3042 708 3222 780 εὑρεῖν
3252 697 3352 775 τὰς
3379 731 3701 786 τιμωρητι-

2087 793 2190 856 κὰς
2227 793 2486 866 δυνάμεις
2512 795 2852 868 καλουμένας
2876 800 3175 870 ἄνθρακας.
3225 804 3384 856 Κατά
3416 805 3479 857 τὸ
3507 805 3703 859 δεύτε-

2095 901 2189 954 ρον
2215 881 2308 940 οὖν
2359 889 2759 957 σημαινόμενον
2821 891 3099 961 ἄνθρακας
3153 895 3251 959 τὰς
3303 900 3700 967 τιμωρητικὰς

2093 975 2306 1045 πληγὰς
2335 980 2429 1031 καὶ
2477 979 2793 1051 εἰσπράξεις
2829 985 3255 1055 προσαγορεύει,
3288 988 3396 1040 ἀπὸ
3421 989 3534 1041 τῶν
3589 991 3694 1042 ἀν-

2093 1064 2312 1136 θράκων
2331 1068 2380 1120 οἳ
2411 1063 2512 1139 τῆς
2532 1071 2792 1143 αἰσθητῆς
2821 1075 2929 1127 εἱσι
2963 1076 3054 1129 καὶ
3093 1077 3420 1148 δαπανώσης
3450 1080 3554 1150 τὴν
3593 1097 3696 1133 πε·-

2093 1157 2298 1229 ρίγειον
2330 1151 2460 1230 ὐλην
2514 1162 2710 1231 φλογὸς
2765 1165 3185 1236 ὑπεκκαύματα,
3233 1171 3567 1242 μεταφέρων
3628 1189 3692 1227 τε

2089 1249 2184 1300 καὶ
2218 1250 2598 1320 μεταϐιϐάζων
2627 1254 2725 1325 τὴν
2775 1255 2991 1324 κλῆσιν.
3026 1258 3292 1330 Παραινεῖ
3345 1259 3534 1314 τοίνυν
3559 1279 3690 1315 πει-

2089 1335 2270 1392 νῶντα
2301 1341 2399 1408 μὲν
2423 1341 2514 1396 τὸν
2540 1343 2732 1414 ἐχθρὸν
2760 1344 3300 1420 ψωμίξειν,διψῶντα
3329 1352 3384 1404 δὲ
3414 1353 3688 1418 ποτίζειν⁶

2091 1429 2338 1486 τουτέστι
2371 1433 2725 1506 πολυτρόπως
2752 1439 3063 1509 εὐεργετεῖν
3105 1460 3165 1495 τε
3211 1445 3305 1496 καὶ
3349 1445 3687 1513 ἀγαθύνειν·

2089 1520 2152 1573 τὸ
2203 1523 2313 1595 γὰρ
2361 1524 2631 1596 ψωμίζειν
2665 1531 2760 1584 καὶ
2822 1530 3086 1599 ποτίζειν,
3117 1534 3178 1587 τὸ
3220 1536 3318 1604 τῆς
3358 1537 3689 1609 εὐεργεσίας

2091 1612 2384 1686 ὀλόκληρον
2416 1619 2522 1672 ἀπὺ
2547 1620 2642 1674 τοῦ
2680 1623 2878 1695 μέρους
2899 1624 3239 1696 ὑπογράφειο
3265 1624 3404 1695 εἶτα,
3437 1631 3686 1702 Εὐεργε-

334 1753 351 1794 ξ
390 1717 523 1784 τῶν,
556 1716 712 1785 φησὶ,
735 1712 827 1765 τὸν
844 1712 1035 1782 ἐχθρὸν
1060 1711 1154 1764 καὶ
1179 1710 1573 1784 φιλανθρώπως
1599 1709 1736 1780 πρὸς
1765 1705 1926 1762 αὐτὸν
1958 1704 2318 1778 διακείμενος,
2347 1712 2623 1784 ἄνθρακας
2652 1718 2948 1787 σωρεύσεις
2976 1721 3070 1774 ἐπὶ
3097 1723 3198 1792 τῆς
3212 1723 3456 1794 κεφαλῆς
3488 1726 3683 1780 αὐτοῦ’

465 1811 522 1868 ln
545 1811 820 1880 duplicem
853 1810 1016 1879 igitur
1051 1824 1274 1863 sensum
1311 1807 1442 1862 illud
1483 1825 1497 1861 :
1528 1805 1789 1877 Congeres
1820 1801 1978 1874 parti-

2163 1804 2256 1866 Εἰς
2281 1807 2474 1878 διπλῆν
2507 1808 2600 1868 οὖν
2626 1813 2902 1884 σημασίαν
2930 1816 2990 1870 τὸ
3013 1819 3342 1888 Σωρεύσεις
3377 1823 3684 1894 μεριζόμε-

396 1913 535 1968 ιυιιι,
573 1902 850 1972 duplicem
888 1899 1134 1970 prot‘erre
1172 1911 1223 1955 et
1255 1899 1591 1954 intellectum
1625 1897 1977 1967 supponitur.

393 1995 580 2052 Unum
609 1993 854 2062 quidem,
887 2007 1172 2060 congeres,
1212 1990 1590 2046 manifestaret
1632 1988 1790 2052 illud,
1817 1987 1980 2043 desu-

348 2124 355 2129 -
389 2104 494 2159 per
536 2103 719 2156 coges,
755 2101 850 2154 per
895 2086 1040 2156 quod
1097 2093 1149 2139 et
1191 2084 1476 2154 sequentia
1519 2081 1983 2150 interpretationis

394 2180 698 2250 dirigetur;
747 2193 814 2232 ex
844 2187 999 2247 parte
1025 2176 1191 2240 enim,
1230 2177 1326 2242 ait,
1354 2185 1407 2230 et
1455 2184 1702 2244 tempore
1733 2188 1985 2242 compre~

395 2270 636 2325 hensura
691 2268 992 2323 inimicitiae
1044 2268 1346 2322 tentamina
1374 2266 1661 2320 inimicum
1700 2285 1713 2320 :
1749 2274 1806 2319 tu
1836 2262 1983 2334 quod

394 2360 600 2416 malum
646 2373 746 2429 pro
785 2361 931 2413 malo
981 2373 1092 2414 non
1142 2357 1460 2412 redditurus
1503 2371 1737 2427 surgas,
1786 2354 1880 2410 sed
1929 2362 1984 2407 et

395 2452 714 2516 beneﬁciis,
753 2467 875 2521 qua:
934 2451 1119 2505 divino
1163 2449 1441 2523 [Νυιιιὶιιί]
1485 2465 1582 2504 nos
1618 2448 1827 2503 similes
1868 2445 1983 2502 elli-

387 2545 568 2610 aciun't,
587 2544 863 2613 excipiens
879 2543 1224 2613 alﬂigentem,
1245 2544 1453 2613 justum
1475 2541 1712 2612 judicem
1745 2548 1798 2596 et
1819 2555 1979 2610 quem

395 2638 533 2692 nihil
564 2639 692 2693 latet
745 2653 1020 2708 praeparas
1051 2638 1213 2693 simul
1266 2651 1458 2691 omnes
1508 2649 1838 2706 congregare
1869 2634 1985 2688 vin-

389 2731 568 2787 dictas
596 2739 650 2785 et
677 2745 870 2799 poenas
901 2738 1088 2784 contra
1120 2729 1408 2798 impudens
1439 2728 1570 2782 illud
1591 2735 1645 2782 et
1665 2726 1984 2796 imprudens

395 2831 560 2891 caput
583 2841 594 2876 :
617 2843 634 2873 ι
658 2821 786 2875 Mihi
812 2823 955 2876 enim
977 2821 1235 2886 vindicta,
1252 2836 1351 2891 ego
1368 2821 1689 2887 retribuam,
1711 2820 1785 2873 ait
1804 2818 1984 2873 Domi-

395 2915 584 2968 nus’“
609 2933 628 2965 ι
655 2933 667 2968 :
690 2915 965 2984 quomodo
983 2913 1145 2984 igitur
1165 2916 1437 2969 humanus
1457 2913 1480 2967 ?
1500 2912 1776 2982 quomodo
1799 2923 1982 2965 autem

392 3004 772 3074 compatieus?
799 3005 1076 3073 quomodo
1123 3004 1398 3059 beneﬁcus
1451 3004 1576 3058 talia
1623 3003 1691 3058 de
1733 3000 1982 3056 hostibus

393 3095 656 3152 ordinans
685 3106 738 3149 et
760 3095 1028 3150 meditans
1049 3104 1104 3149 et
1133 3094 1281 3148 illius
1309 3109 1651 3164 prosequens
1681 3093 1975 3146 vindictam

393 3198 452 3242 et
479 3187 934 3257 castigationem?
962 3195 1109 3241 certe
1145 3187 1270 3256 quia
1310 3201 1417 3240 non
1473 3186 1591 3256 ipse
1641 3185 1755 3239 haec
1810 3199 1969 3254 popo-

396 3278 524 3341 scit,
564 3279 660 3332 sed
688 3279 806 3346 ipse
843 3278 1063 3346 quidem
1098 3278 1212 3333 haec
1242 3277 1494 3345 faciebat,
1527 3279 1593 3333 ad
1646 3277 1974 3333 servandum

394 3368 644 3423 divinum
674 3369 992 3423 mandatum
1026 3379 1079 3422 et
1107 3368 1329 3423 inimico
1360 3369 1621 3423 beneﬁcia
1678 3369 1978 3439 rependen-

394 3462 528 3517 dum
564 3478 578 3515 :
611 3461 659 3516 si
697 3474 827 3514 vero
853 3459 981 3514 laesa
1007 3459 1220 3529 justitia
1243 3460 1591 3515 exacerbavit
1631 3460 1684 3514 in
1717 3460 1974 3514 ultionem

391 3552 656 3625 j'utiieem,
687 3553 800 3624 jam
834 3567 943 3606 non
977 3560 1117 3606 esset
1151 3551 1474 3620 excipientis
1517 3551 1863 3621 providentiae
1887 3554 1979 3622 ju-

394 3645 538 3702 dicia
585 3659 714 3714 erga
763 3644 1024 3698 ultionem
1065 3644 1475 3698 dissimulanter
1515 3658 1576 3697 se
1626 3643 1876 3699 habentis
1925 3653 1980 3699 et

392 3752 507 3793 non
537 3735 809 3805 stupentis
839 3750 902 3790 ac
939 3735 1214 3789 laudantis
1256 3733 1458 3804 judicis
1489 3734 1974 3804 incorruptionem.

392 3829 541 3885 Bene
597 3829 775 3884 facere
811 3828 1064 3898 equidem
1126 3837 1180 3882 et
1219 3841 1461 3897 quaarere
1494 3827 1658 3882 simul
1692 3827 1882 3882 ulcisci
1912 3826 1979 3882 de

392 3923 640 3989 inimico,
697 3921 1103 3992 incompatibile
1155 3930 1210 3976 et
1267 3921 1464 3974 mentis
1526 3920 1769 3976 confusae
1815 3929 1870 3974 et
1908 3920 1976 3974 ad

391 4027 690 4088 atrumque
744 4016 1156 4074 contrariorum
1206 4014 1467 4070 inclinate
1526 4029 1586 4069 se
1625 4014 1875 4069 habentis
1925 4023 1977 4068 et

389 4113 450 4169 in
503 4113 807 4166 vanitatem
841 4109 1105 4166 solventis
1140 4109 1350 4164 lucrum
1383 4116 1530 4163 recte
1576 4106 1704 4162 facti
1757 4125 1769 4160 :
1804 4106 1975 4160 Bene-

389 4205 598 4262 factum
624 4219 756 4258 vero
792 4203 1106 4258 immemori
1154 4201 1371 4271 injuria:
1399 4215 1594 4256 sensus
1632 4209 1687 4254 et
1720 4214 1978 4268 compas-

391 4298 550 4356 sione
581 4312 708 4368 erga
751 4295 997 4366 ejusdem
1031 4296 1246 4366 generis
1297 4292 1611 4348 hominem?
1657 4290 1723 4345 Et
1758 4299 1979 4360 propter

387 4394 722 4457 praeceptum
752 4393 805 4439 et
832 4391 1048 4453 prepter
1070 4379 1446 4437 similitudinis
1475 4381 1650 4434 zelum
1672 4394 1796 4433 cum
1819 4377 1980 4431 Patre

2087 1912 2194 1962 νον,
2222 1897 2414 1970 διπλῆν
2442 1903 2708 1974 προάγειν
2771 1909 2865 1961 καὶ
2893 1908 2992 1980 τὴν
3051 1909 3290 1966 διάνοιαν
3337 1912 3680 1972 ὑποτίθεται.

2091 1990 2186 2042 ’Ἐν
2217 1992 2314 2061 μὲν
2347 1994 2426 2056 τὸ,
2454 1997 2774 2067 σωρεύσεις,
2798 2000 3088 2071 δηλώσειεν
3107 2001 3172 2056 ἂν
3189 2004 3268 2068 τὸ,
3303 2005 3680 2075 ἐπισυνάξεις,

2083 2082 2148 2135 δι’
2175 2077 2236 2136 οὐ
2261 2087 2356 2139 καὶ
2381 2087 2440 2140 τὸ
2468 2089 2810 2161 ἐπαγόμενον
2865 2091 2962 2164 τῆς
2993 2095 3289 2165 ἑρμηνείας
3338 2098 3682 2152 κατευθύνε-

2082 2191 2171 2228 ται
2192 2191 2206 2205 °
2232 2176 2300 2230 τὰ
2327 2179 2467 2232 κατὰ
2505 2181 2672 2252 μέρος
2727 2182 2835 2254 γάρ
2865 2201 2997 2254 φησι
3027 2188 3122 2240 καὶ
3178 2188 3355 2258 χρόνῳ
3409 2189 3682 2258 μέλλοντα

2084 2269 2524 2338 καταλαμϐάνειν
2556 2272 2657 2343 τῆς
2692 2275 2988 2346 ἀπεχθείας
3022 2277 3276 2350 ἐπίχειρα
3313 2281 3406 2332 τὸν
3441 2281 3677 2352 ἐχθρόν’

2083 2359 2155 2411 Σὺ
2178 2358 2246 2412 δι’
2280 2353 2357 2414 ὧν
2393 2362 2578 2417 ’κακὸν
2609 2363 2733 2419 ἀντὶ
2788 2366 2958 2419 κακοῦ
2994 2368 3382 2422 ἀνταποδοῦναι
3417 2369 3495 2441 μὴ
3527 2371 3679 2425 διαν-

2083 2451 2264 2522 έστης,
2289 2453 2423 2509 ἀλλὰ
2453 2456 2545 2510 καὶ
2569 2457 2907 2528 εὐεργεσίας,
2944 2461 3000 2514 αἳ
3036 2461 3171 2532 πρὸς
3224 2463 3283 2515 τὸ
3329 2463 3487 2517 Θεῖον
3527 2467 3678 2536 ἡμᾶς

2082 2541 2427 2612 ἁφομοιοῦσι,
2443 2545 2840 2618 δεξιωσάμενος
2859 2551 2949 2603 τὸν
2975 2551 3339 2622 λελυπηκότα,
3357 2553 3448 2605 τὸν
3467 2553 3676 2606 δίκαιον

2082 2633 2276 2706 κριτὴν
2302 2639 2394 2689 καὶ
2429 2638 2696 2710 ἀλάθητον
2723 2642 3166 2711 παρασκευάζεις
3200 2641 3315 2712 ἅμα
3346 2643 3529 2708 πάσας
3555 2645 3679 2697 ἐπι-

2085 2726 2355 2796 σωρεῦσαι
2387 2729 2484 2793 τὰς
2508 2730 2775 2801 τιμωρίας
2807 2733 2897 2784 καὶ
2919 2733 3110 2797 ποινὰς
3135 2733 3277 2787 κατὰ
3299 2735 3398 2805 τῆς
3416 2733 3676 2800 ἀλαζόνος

2085 2818 2299 2889 ἐκείνης
2330 2823 2423 2874 καὶ
2475 2821 2791 2892 ἀγνώμονος
2826 2824 3068 2894 κεφαλῆς
3089 2842 3102 2855 ·
3144 2846 3162 2878 ι
3209 2827 3362 2896 Ἐμοὶ
3391 2827 3502 2897 γὰρ
3525 2827 3676 2881 ἐκδίο

2083 2923 2264 2976 κησις,
2297 2907 2407 2977 ἐγὼ
2435 2910 2824 2977 ἀνταποδώσω,
2879 2913 3028 2982 λέγει
3069 2914 3306 2986 Κύριος·
3351 2935 3368 2967 ι
3429 2917 3549 2982 πῶς
3578 2916 3675 2972 οὖν

2084 2997 2496 3068 φιλάνθρωπος;
2531 3000 2646 3065 πῶς
2674 3002 2730 3054 δὲ
2770 3005 3096 3075 συμπαθής;
3131 3006 3248 3070 πῶς
3286 3006 3342 3059 δὲ
3373 3007 3674 3079 εὐεργέτης

2082 3089 2110 3141 ὁ
2141 3089 2313 3144 ταῦτα
2351 3093 2618 3164 περὶτῶν
2665 3095 2873 3166 ἐχθρῶν
2927 3098 3232 3168 μεθοδεύων
3281 3101 3374 3153 καὶ
3413 3117 3674 3173 πραγμα-

2081 3183 2368 3252 τευόμενος
2410 3185 2504 3238 καὶ
2556 3185 2653 3257 τὴν
2694 3188 2904 3241 ἐκείνου
2948 3191 3533 3262 φιλανθρωπευόμενος
3589 3209 3673 3246 τιο

2083 3275 2298 3344 μωρίαν
2321 3276 2414 3329 καὶ
2438 3276 2693 3343 κόλασιν;
2726 3280 2757 3349 ἢ
2794 3282 2876 3334 ὅτι
2903 3283 3000 3335 οὐκ
3026 3283 3188 3343 αὐτὸς
3215 3284 3387 3338 ταῦτα
3407 3286 3668 3356 ᾐτήσατο,

2077 3365 2192 3417 ἀλλ’
2228 3367 2390 3431 αὐτὸς
2424 3369 2523 3439 μὲν
2573 3371 2746 3425 ταῦτα
2796 3373 3086 3445 ἔπραττεν,
3139 3375 3282 3428 ὥστε
3333 3377 3670 3447 συντηρῆσαι

2077 3457 2177 3529 τὴν
2199 3458 2348 3512 θείαν
2386 3461 2609 3532 ἐντολὴν
2654 3464 2749 3516 καὶ
2792 3464 2882 3518 τὸν
2911 3466 3106 3537 ἐχθρὸν
3136 3468 3479 3540 εὐεργεσίαις
3509 3469 3668 3542 ἀμεί-

2077 3547 2282 3618 ψασθαι
2305 3568 2318 3581 ο
2349 3552 2396 3604 εί
2427 3552 2484 3606 δὲ
2505 3553 2566 3606 τὸ
2600 3554 2950 3626 ὑϐριζόμενον
2987 3559 3196 3614 δίκαιον
3223 3562 3541 3632 παρώξυνεν
3589 3566 3672 3629 εἰς

2079 3640 2359 3713 ἐκδίκησιν
2393 3643 2484 3697 τὸν
2513 3645 2732 3715 κριτὴν,
2772 3649 2872 3702 οὐκ
2921 3649 3001 3703 ἔτι
3029 3649 3095 3705 ἂν
3148 3651 3232 3724 εἴη
3269 3653 3670 3724 ἀποδεχομένου

2077 3737 2178 3807 τῆς
2211 3739 2469 3817 προνοίας
2519 3740 2588 3794 τὰ
2626 3741 2871 3811 κρίματα
2925 3744 3021 3798 τοῦ
3069 3744 3207 3816 πρὸς
3241 3745 3340 3817 τὴν
3387 3747 3672 3818 ἐκδίκησιν

2081 3830 2447 3902 ἀκκιζομένου
2479 3833 2572 3885 καὶ
2613 3833 2688 3904 μὴ
2715 3833 3016 3904 τεθηπότος
3049 3853 3109 3889 τε
3165 3838 3262 3890 καλ¹
3304 3839 3672 3908 ἀνυμνοῦντος

2082 3919 2176 3974 τοῦ
2202 3921 2388 3992 κριτοῦ
2422 3923 2482 3976 τὸ
2509 3923 2830 3979 ἀδέκαστον.
2863 3927 2936 3980 Τὸ
2976 3927 3076 3996 μὲν
3102 3927 3410 3999 εὐεργετεῖν
3445 3930 3543 3984 καὶ
3569 3929 3668 3998 ζη-

2081 4015 2194 4066 τεῖν
2227 4015 2343 4084 ἆμα
2367 4015 2640 4086 τιμωρίαν
2662 4017 2849 4072 λαϐεῖν
2880 4019 3031 4089 παρὰ
3052 4019 3148 4072 τοῦ
3177 4021 3394 4091 ἐχθροῦ,
3421 4022 3672 4091 ἀσύμϐα-

2077 4105 2170 4159 τόν
2195 4123 2256 4158 τε
2293 4107 2384 4159 καὶ
2415 4108 2608 4178 φρενὸς
2643 4111 3058 4184 συγκεχυμένης
3106 4114 3198 4164 καὶ
3233 4113 3368 4182 πρὸς
3407 4115 3670 4186 ἑκάτερον

2077 4199 2187 4254 τῶν
2212 4200 2469 4254 ἐναντίων
2494 4202 2810 4274 ἐπιρῤεπῶς
2838 4203 3088 4274 ἐχούσης,
3125 4207 3218 4259 καὶ
3270 4207 3406 4277 πρὸς
3443 4209 3669 4277 ματαιό-

2079 4308 2218 4362 τητα
2245 4291 2566 4363 διαλυούσης
2588 4293 2648 4346 τὸ
2684 4294 2873 4365 κέρδος
2902 4294 2996 4348 τοῦ
3029 4297 3458 4368 κατορθώματος
3480 4313 3494 4328 ⁸
3524 4300 3583 4352 τὸ
3608 4298 3666 4353 δέ

2079 4370 2178 4451 τὴν
2201 4382 2520 4454 εὐεργεσίαν
2551 4382 2630 4455 τῷ
2653 4385 3016 4457 ἀμνησικάκῳ
3044 4387 3140 4458 τῆς
3192 4387 3417 4459 γνώμης
3469 4390 3564 4442 καὶ
3597 4393 3664 4462 τῇ

389 4485 582 4534 nostro
609 4477 702 4546 qui
732 4475 787 4530 in
821 4475 975 4530 coelis
998 4471 1150 4547 [est],
1177 4471 1448 4528 tendentis
1479 4482 1563 4527 est
1593 4470 1660 4526 ad
1680 4467 1972 4540 perfectio-

2082 4464 2397 4545 συμπαθείᾳ
2435 4473 2530 4528 τοῦ
2572 4476 2882 4545 ὁμοφυοῦς,
2928 4481 3022 4531 καὶ
3071 4477 3158 4532 διὰ
3193 4478 3291 4550 τὴν
3323 4479 3543 4550 ἐντολὴν
3572 4481 3666 4534 καὶ

388 4587 514 4628 nem
540 4569 759 4626 virtutis
781 4587 794 4623 :
813 4580 866 4623 et
895 4584 1000 4624 non
1024 4569 1126 4622 iste
1152 4566 1384 4621 libenter
1404 4563 1814 4633 castigationem
1837 4576 1968 4617 con-

389 4663 688 4731 templatus
705 4669 853 4715 esset
874 4658 1102 4725 inimici,
1123 4658 1326 4714 nedum
1349 4656 1479 4728 quid
1504 4669 1722 4710 sumere
1738 4661 1966 4724 quaerat;

391 4751 504 4808 Deo
527 4761 711 4807 autem
734 4751 1016 4821 judicante
1036 4759 1090 4805 et
1129 4750 1373 4805 rationes
1407 4748 1658 4818 exigente
1690 4745 1758 4800 ab
1778 4760 1844 4801 eo
1873 4743 1967 4814 qui

388 4846 649 4917 iujuriam
672 4846 877 4911 intulit,
899 4845 1144 4916 ejusdem
1167 4853 1313 4901 esset
1331 4853 1528 4914 eterga
1549 4843 1712 4897 Deum
1745 4837 1967 4909 pietatis

388 4952 502 4994 non
550 4938 789 4993 rationes
829 4938 1047 5008 exigere
1081 4952 1113 4992 a
1155 4937 1358 5006 judice,
1400 4951 1501 4992 nec
1532 4949 1659 5004 erga
1694 4929 1963 5003 judicium

390 5030 745 5095 stomachari,
774 5083 778 5086 .

1544 5117 1574 5149 ο

460 5206 707 5262 Alterum
764 5207 932 5278 igitur
981 5207 1148 5273 illius,
1179 5221 1447 5278 congeras,
1491 5205 1852 5276 signiﬁcatum
1905 5221 1970 5260 ac

388 5299 553 5355 talem
577 5314 677 5354 nos
701 5299 970 5354 theoriam
1002 5299 1354 5354 transmittit:
1385 5298 1653 5368 reliquum
1676 5312 1805 5352 vero
1825 5297 1970 5367 quod

387 5393 680 5464 signiﬁcat,
713 5412 981 5465 congeras,
1015 5405 1070 5451 et
1119 5397 1386 5461 detrahas,
1416 5403 1470 5450 et
1499 5395 1745 5449 liberabis
1786 5385 1967 5448 a’car-

387 5485 610 5540 bonibus
651 5487 878 5541 odientis
919 5499 1100 5556 caput,
1133 5487 1292 5542 talem
1325 5487 1617 5542 verborum
1650 5485 1758 5538 vim
1785 5493 1971 5539 osten-

385 5578 528 5634 derit
583 5578 758 5646 forte;
791 5579 1158 5648 benefaciens,
1217 5580 1312 5646 ait,
1357 5590 1411 5635 et
1457 5581 1601 5634 bona
1665 5577 1972 5633 retribuens

388 5669 1000 5743 inimico,depasccntes
1025 5675 1291 5732 carbones
1314 5683 1368 5729 et
1399 5671 1562 5728 citius
1583 5670 1974 5738 absumpturos

459 5785 528 5816 ἐ’
561 5783 722 5840 item.
765 5802 866 5855 xu,
903 5787 981 5842 i9.

2075 4565 2164 4619 διὰ
2189 4565 2250 4620 τὸ
2276 4565 2612 4637 ὁμοιωθῆναι
2655 4568 2734 4636 τῷ
2765 4569 2940 4640 Πατρὶ
2969 4570 3127 4639 ἡμῶν
3149 4571 3226 4642 τῷ
3265 4572 3323 4622 ἐν
3357 4572 3471 4634 τοῖς
3497 4570 3662 4642 οὐρα-

2077 4660 2210 4723 νοῖς,
2243 4657 2337 4711 τοῦ
2362 4658 2664 4728 φθάσαντός
2695 4661 2844 4712 ἐστιν
2879 4663 2956 4725 είς
2981 4661 3044 4715 τὸ
3080 4662 3282 4715 τέλειον
3315 4662 3417 4732 τῆς
3438 4664 3661 4734 ἅρετῆςο

2075 4748 2173 4802 καὶ
2234 4749 2335 4802 οὐκ
2373 4749 2439 4803 ἂν
2494 4745 2650 4813 οὗτος
2706 4751 2875 4822 ἡδέως
2929 4755 3201 4823 τιμωρίαν
3260 4754 3513 4808 θεάσαιτο
3568 4755 3662 4809 τοῦ

2074 4837 2294 4910 ἐχθροῦ,
2331 4840 2406 4911 μή
2426 4857 2477 4893 τι
2507 4857 2571 4908 γε
2599 4839 2785 4894 λαϐεῖν
2817 4842 3139 4913 ἐπιζητήσει
3159 4859 3173 4873 ·
3201 4842 3337 4896 Θεοῦ
3368 4843 3427 4896 δὲ
3454 4842 3664 4915 κρίνονο

2072 4947 2164 4994 τος
2187 4931 2284 4985 καὶ
2311 4931 2412 4994 τὰς
2446 4931 2680 4995 εὐθύνας
2708 4932 3066 4996 ἀπαιτοῦντος
3097 4933 3188 4988 τὸν
3215 4934 3536 5004 ἠδικηκότα,
3565 4935 3666 5006 τῆς

2066 5024 2237 5095 αὐτῆς
2291 5023 2359 5079 ἂν
2392 5024 2479 5096 εἴη
2527 5026 2723 5096 φρενὸς
2760 5027 2855 5079 καὶ
2893 5026 3204 5089 θεοσεϐείας
3246 5027 3320 5098 μὴ
3361 5026 3662 5097 λογοθετεῖν

2069 5118 2160 5170 τὸν
2183 5117 2398 5188 κριτὴν,
2432 5118 2565 5188 μηδέ
2592 5118 2727 5189 πρὸς
2757 5117 2856 5188 τὴν
2883 5116 3064 5188 κρίσιν
3095 5117 3494 5188 δυσχεραίνειν.

2141 5208 2216 5262 Τὸ
2245 5208 2343 5279 μὲν
2373 5206 2466 5262 οὐν
2493 5208 2683 5279 ἕτερον
2713 5208 2831 5274 τοῦ,
2873 5210 3225 5278 Σωρεύσεις,
3259 5209 3660 5281 σημαινόμενον

2070 5303 2210 5374 πρὸς
2240 5302 2497 5373 τοιαύτην
2525 5303 2671 5372 ἡμᾶς
2700 5301 2934 5372 θεωρίαν
2956 5302 3357 5372 παραπέμπει·
3397 5300 3459 5355 τὸ
3479 5300 3656 5354 δὲλοιο

2069 5395 2171 5448 πὸν
2195 5393 2223 5448 ὃ
2249 5394 2526 5466 σημαίνει,
2547 5392 2630 5461 τὸ,
2657 5393 3068 5459 ἐπισυνάξεις,
3100 5393 3194 5447 καὶ
3216 5395 3537 5461 περιέλοις,
3568 5394 3657 5447 καὶ

2073 5486 2446 5552 ἀπαλλάξεις
2501 5485 2622 5539 τῶν
2671 5485 2988 5554 ἀνθράκων
3035 5484 3150 5554 τὴν
3186 5485 3293 5540 τοῦ
3321 5487 3652 5554 μισοῦντος

2073 5578 2371 5647 κεφαλὴν,
2407 5577 2660 5649 τοιαύτην
2706 5579 2770 5630 ἂν
2817 5578 2916 5647 τὴν
2945 5579 3056 5632 τῶν
3114 5577 3379 5649 ῥημάτων
3429 5577 3652 5648 δύναμιν

2077 5671 2436 5743 ὐποδηλώσῃο
2462 5671 2778 5739 Εὐεογετῶν
2807 5710 2822 5737 ,
2870 5672 3001 5742 φησὶ
3082 5673 3176 5726 καὶ
3231 5671 3521 5739 ἁγαθύνων
3566 5671 3649 5724 τὸν
