3864 6208
179 278 276 342 389

1151 266 1250 330 ΑΙ)
1280 259 1875 330 AMPHILOCHIUM
1915 263 2261 338 QUAESTIO
2294 263 2457 326 LIII.

3336 255 3444 324 390

181 392 383 468 ἐχθρὸν,
413 386 537 454 τοὺς
565 385 1047 457 κατανεμομένους
1074 384 1356 456 ἄνθρακας
1403 386 1499 438 καὶ
1556 385 1751 438 θᾶττον
1777 391 1811 451 Α

1897 381 1998 473 ius,
2024 389 2209 451 caput,
2245 380 2352 436 nisi
2400 378 2527 449 quis
2548 377 2616 434 ab
2639 391 2707 434 eo
2746 375 3033 434 abstulerit
3080 382 3135 433 et
3165 373 3444 433 liberatio-

183 490 243 543 ἂν
263 481 685 554 διαφθεροῦντας
727 477 893 533 αὑτοῦ
928 477 1025 549 τὴν
1048 476 1312 548 κεφαλὴν,
1339 476 1405 532 ἂν
1438 477 1511 548 μή
1548 493 1632 539 τις
1658 476 1756 529 αὐ..

182 578 267 633 τού
296 576 672 645 ἀφαιρήσηται
688 572 785 626 καὶ
807 573 906 643 τὴν
927 569 1251 641 ἀπαλλαγήν
1273 568 1593 641 μεθοδεὺσῃ,
1615 569 1759 638 μέγα

183 673 239 726 τὸ
261 670 454 741 κέρδος
490 668 585 720 καὶ
613 666 853 737 ψυχικῆς
903 664 1180 735 σωτηρίας
1214 663 1472 733 πρόξενον
1511 662 1753 732 εὑρήσει.

196 754 650 827 Ἀνακαλούμενος
695 756 806 825 γὰρ
838 754 928 807 τὸν
990 754 1219 823 πλησίον
1282 754 1383 822 τῆς
1441 750 1760 819 σωματικῆς

187 857 271 910 καὶ
308 851 510 923 μᾶλλον
562 845 944 915 διαϐαινούσης
973 845 1052 907 είς
1082 843 1183 914 τὴν
1207 844 1383 914 ψυχὴν
1416 841 1621 912 βλάϐης
1669 839 1764 892 καὶ

187 943 451 1006 ἀπωλείας
490 938 627 1011 πρὸς
681 940 782 1008 τὴν
823 938 919 991 τοῦ
950 937 1223 989 Δεσπότου
1281 932 1514 1005 μίμησίν
1554 949 1615 986 τε
1670 931 1764 984 καὶ

187 1038 432 1109 ὁμοίωσιν
466 1031 785 1104 ἀνατρέχει’
824 1029 1003 1101 ψυχὴν
1030 1029 1139 1099 γάρ
1161 1031 1188 1082 6
1223 1026 1435 1092 σώζων,
1466 1024 1652 1095 φησὶν,
1689 1023 1766 1087 ὡς

187 1133 213 1183 6
238 1129 422 1190 κτίσας
464 1125 660 1195 αὐτήν.
690 1123 812 1187 Πῶς
854 1122 909 1175 δέ
933 1122 1021 1175 διὰ
1045 1124 1143 1190 τῆς
1169 1120 1487 1191 εὐεργεσίας
1511 1117 1768 1184 συνάγον-

190 1238 269 1275 ται
302 1220 394 1272 καὶ
421 1215 792 1286 ἀποσύρωνται
830 1215 929 1284 τῆς
965 1208 1445 1283 φιλαπεχθήμονος
1478 1208 1528 1261 oi
1564 1206 1767 1278 ἀνθρα-

77 1357 81 1360 .
191 1330 275 1377 res;
302 1311 581 1381 κεφαλῆς;
613 1308 757 1361 Διότι
785 1309 959 1378 τροφῇ
991 1305 1085 1357 καὶ
1110 1302 1259 1372 ποτῷ
1294 1297 1633 1369 δεξιούμενος
1672 1295 1769 1349 καὶ

191 1406 363 1468 ἁπλῶς
407 1401 871 1474 εὐεργετούμενος
912 1400 941 1451 6
969 1396 1184 1467 ἐχθρὸς,
1220 1396 1267 1447 εί
1298 1393 1395 1446 καὶ
1424 1390 1499 1462 μὴ
1532 1390 1598 1444 δι’
1638 1386 1772 1442 αὐτὸ

190 1499 245 1551 τὸ
298 1495 483 1560 καλὸν,
534 1493 671 1547 ἀλλὰ.
731 1508 795 1559 γε
833 1490 922 1543 διὰ
959 1491 1059 1557 τήν
1094 1486 1300 1539 οἰκείαν
1334 1483 1633 1538 εὐπάθειαν
1679 1480 1772 1534 καὶ⁹

193 1590 486 1646 ἀπόλαυσιν
545 1586 654 1639 τῶν
712 1584 969 1653 ἀγαθῶν,
1020 1582 1255 1636 παύεται
1302 1578 1402 1649 μὲν
1454 1568 1611 1637 οὗτος
1674 1573 1773 1643 τῆς

195 1683 403 1752 ἔχθρας,
445 1678 730 1745 ἐξίσταται
767 1675 826 1728 δέ
855 1675 954 1745 τῆς
992 1672 1321 1743 ἐπιϐουλῆς·
1356 1670 1448 1724 καί⁸
1472 1667 1612 1722 κατὰ
1680 1682 1773 1736 μι-

1867 468 1993 529 nem
2023 471 2316 543 paraverit,
2343 486 2604 542 magnum
2618 469 3044 526 emolumentum
3064 477 3118 525 et
3144 468 3343 525 animae
3358 483 3447 525 sa-

1865 569 2035 626 lutem
2069 584 2374 639 procurans
2414 566 2675 624 inveniet.
2727 566 3014 622 Revocans
3062 566 3216 640 enim
3262 565 3450 637 proxi-

1866 674 2019 717 mum
2049 674 2081 714 a
2106 673 2374 729 corporeo
2421 665 2477 712 et
2520 656 2694 727 magis
2750 654 3194 726 transgrediente
3238 654 3293 709 in
3323 654 3449 709 ani-

1868 766 2016 807 mam
2049 749 2254 805 damno
2292 755 2348 802 et
2373 745 2698 817 perditione,
2730 744 2797 799 ad
2829 744 3047 800 Domini
3087 746 3450 802 imitationem

1869 852 1923 898 et
1951 840 2369 897 similitudinem
2405 837 2675 906 recurrit;
2705 838 2944 892 animam
2994 838 3140 892 enim
3198 839 3448 903 salvans,

1869 934 1966 997 ait,
1989 933 2131 989 sicut
2149 931 2246 1002 qui
2274 930 2483 986 creavit
2504 928 2675 983 illam.
2708 926 2997 994 Quomodo
3021 935 3202 981 autem
3230 942 3326 997 per
3357 927 3453 983 be-

1874 1022 2221 1079 nelicentiam
2240 1028 2641 1093 congregantur
2693 1028 2745 1074 et
2779 1017 3180 1074 abstrahuntur
3231 1017 3301 1072 ab
3347 1017 3455 1072 ini-

1875 1114 2022 1169 mico
2074 1116 2348 1169 carbones
2381 1111 2598 1181 capite?
2630 1109 2769 1176 Quia
2806 1109 2932 1163 cibo
2974 1118 3028 1164 et
3059 1118 3187 1179 potu
3220 1108 3457 1164 donatus

1874 1215 1930 1259 et
1960 1204 2282 1273 simpliciter
2320 1202 2583 1257 beneficio
2629 1200 2858 1256 affectus
2892 1200 3167 1264 inimicus,
3201 1208 3255 1255 et
3276 1200 3321 1255 si
3346 1214 3457 1254 non

1876 1310 1971 1364 per
1996 1294 2174 1364 ipsum
2215 1296 2442 1359 bonum,
2474 1300 2530 1346 at
2563 1292 2756 1347 saltem
2798 1301 3019 1360 propter
3054 1291 3327 1359 propriam
3364 1290 3460 1344 he—

1878 1387 2057 1441 nelicii
2085 1387 2475 1456 experientiam
2510 1394 2564 1441 et
2598 1383 2913 1439 fruitionem
2968 1386 3261 1447 bonorum,
3313 1383 3462 1439 desi-

1878 1478 1962 1533 nit
2016 1478 2239 1549 quidem
2272 1478 2376 1532 iste
2417 1476 2485 1530 ab
2520 1474 2830 1540 inimicitia,
2859 1482 2913 1528 et
2968 1472 3184 1528 desistit
3222 1472 3291 1526 ab
3328 1471 3465 1527 insi-

1879 1570 2024 1637 diis;
2059 1576 2116 1627 et
2146 1568 2353 1624 sensim
2388 1567 2717 1635 resipiscens
2749 1566 2818 1619 ab
2840 1564 3058 1624 affectu,
3085 1575 3140 1619 et
3170 1579 3289 1618 eam
3339 1580 3464 1634 quas

1881 1672 1965 1717 est
1996 1662 2052 1716 in
2086 1659 2507 1731 cogitationibus
2562 1672 2658 1728 per
2700 1657 3041 1711 inimicitiam
3074 1656 3467 1712 inflammatio-

348 1772 645 1840 ἀνανήφων
679 1766 772 1822 τοῦ
809 1768 1020 1830 πάθους
1045 1803 1061 1829 ,
1098 1768 1195 1818 καὶ
1236 1763 1337 1835 τὴν
1377 1762 1434 1812 ἐν
1471 1762 1583 1822 τοῖς
1630 1759 1777 1826 λογι-

1897 1769 2003 1808 ιειιι
2043 1761 2098 1807 et
2127 1748 2635 1806 escandescentiam
2686 1748 2988 1818 deponens,
3017 1748 3083 1802 ad
3117 1754 3361 1803 amorem
3410 1756 3469 1802 et

200 1867 340 1935 σμοῖς
368 1864 456 1916 διὰ
488 1865 590 1932 τῆς
608 1860 805 1931 ἔχθρας
835 1857 1080 1929 πύρωσίν
1108 1875 1167 1910 τε
1197 1856 1287 1909 καὶ
1314 1852 1623 1923 φλεγμονὴν
1647 1850 1782 1904 ἀπο-

198 1957 486 2027 τιθέμενος,
523 1954 619 2006 ἐπὶ
659 1953 719 2004 τὸ
751 1951 926 2019 φιλεῖν
955 1949 1051 2002 καὶ
1082 1948 1332 2020 στέργειν
1356 1944 1668 2024 καὶείδέναι
1690 1942 1781 1996 τὸν

202 2050 481 2119 εὐεργέτην
519 2047 835 2101 ἐλεύσεται·
880 2045 1136 2097 κάκεῖθεν
1194 2039 1338 2095 κατά
1387 2037 1581 2109 μικρὸν
1610 2035 1784 2090 ἐνεϐι-

206 2143 338 2205 σθεὶς
370 2141 632 2210 γλῶσσαν
686 2136 908 2207 φεύγειν
940 2134 1208 2199 διάϐολον,
1250 2131 1341 2185 καὶ
1382 2125 1461 2194 οἷς
1490 2131 1518 2183 6
1557 2126 1783 2197 πλησίον

204 2237 371 2307 ἔργοις
412 2233 627 2305 βλάϐην
657 2234 971 2301 ὑφίσταται,
1014 2228 1116 2299 τῆς
1147 2226 1351 2299 ἀρετῆς
1386 2222 1623 2294 ἐραστὴς
1651 2224 1786 2274 ἀπο-

207 2328 545 2381 καθίσταται.
578 2327 689 2378 Καὶ
719 2327 802 2386 τίς
854 2324 920 2377 ἂν
976 2320 1328 2391 ἐπιζητήσειε
1364 2315 1459 2369 τοῦ
1515 2312 1787 2385 ψωμίζειν

208 2425 290 2475 καὶ
322 2419 564 2483 ποτίζειν
603 2418 694 2470 τὸν
733 2416 961 2488 ἐχθρὸν,
1014 2410 1364 2483 ἀντιμισθίαν
1402 2408 1607 2479 ταύτης
1669 2405 1789 2476 μεί-

206 2514 358 2579 (ora;
395 2513 449 2565 τί
497 2513 559 2566 δέ
614 2510 820 2578 ταύτης
880 2505 1364 2576 ἑπικερδέστερονς
1408 2501 1470 2554 El
1536 2498 1593 2553 δέ
1650 2496 1790 2568 μετά

210 2604 460 2675 τοσαύτην
500 2603 855 2673 εὐεργεσίαν,
895 2598 994 2666 τῆς
1038 2595 1340 2667 μοχθηρίας
1388 2592 1483 2645 καὶ
1521 2590 1791 2659 φαυλότη-

210 2714 289 2761 τος
313 2697 339 2747 ὁ
364 2694 829 2766 εὐεργετούμενος
852 2692 953 2745 οὐκ
991 2688 1166 2743 ἐθέλει
1191 2683 1574 2758 μεθίστασθαι,
1604 2681 1792 2752 θηρίον

215 2789 304 2860 μὲν
332 2790 396 2843 ἂν
424 2788 517 2857 εἴη
546 2790 575 2840 6
607 2787 871 2847 τοιοῦτος,
927 2782 1049 2836 ἀντὶ
1088 2780 1185 2834 τοῦ
1227 2778 1477 2848 μετέχειν
1514 2772 1793 2846 ἀνθρωπί-

1889 1846 2240 1903 dilectionem
2272 1851 2327 1899 et
2373 1843 2709 1915 agnitionem
2768 1840 3140 1896 benefactoris
3176 1842 3385 1906 veniet;
3412 1848 3470 1894 et

1884 1937 2013 1993 inde
2072 1936 2275 1992 sensim
2332 1933 2676 1990 assuefactus
2737 1933 2978 2003 linguam
3032 1931 3221 2000 fugere
3278 1932 3471 1986 convi-

1884 2031 2119 2085 ciantem
2144 2038 2198 2083 et
2217 2028 2417 2099 quibus
2436 2027 2715 2097 proximus
2737 2027 2897 2082 factis
2920 2026 3183 2081 damnum
3213 2025 3470 2089 sustinet,

1884 2122 2103 2178 virtutis
2150 2130 2365 2175 amator
2418 2121 2794 2175 constituitur.
2846 2118 2912 2173 Et
2955 2119 3213 2189 quisnam
3257 2127 3473 2188 quaerat

1888 2214 2107 2270 cibandi
2138 2223 2192 2269 et
2226 2214 2449 2284 potandi
2498 2213 2779 2266 inimicum
2830 2211 3326 2267 remunerationem
3368 2210 3473 2266 ista

1887 2306 2192 2376 majorem?
2212 2305 2323 2359 Aut
2345 2303 2474 2374 quid
2493 2319 2555 2367 ea
2581 2302 2805 2358 utilius?
2827 2303 2885 2357 Si
2905 2312 3085 2358 autem
3111 2313 3235 2374 post
3258 2312 3470 2358 tantum

1889 2396 2237 2460 beneficium,
2263 2396 2331 2450 ab
2368 2394 2783 2464 importunitate
2799 2404 2852 2449 et
2877 2393 3079 2450 vilitate
3099 2394 3364 2450 beneficio
3394 2395 3477 2449 af—

1890 2488 2069 2543 fectus
2096 2504 2203 2542 non
2239 2488 2352 2543 vult
2369 2486 2657 2551 desistere,
2678 2486 2858 2541 bellua
2889 2502 3023 2542 sane
3045 2496 3191 2542 esset
3222 2486 3364 2550 talis,
3388 2502 3480 2541 ne-

1892 2582 2021 2636 dum
2047 2580 2315 2650 particeps
2347 2590 2491 2635 esset
2512 2581 2766 2636 humanae
2786 2590 3029 2647 natura;
3064 2588 3122 2635 tu
3146 2596 3279 2637 vero
3308 2579 3478 2635 nihilo

1893 2682 2079 2727 tamen
2116 2671 2302 2727 minus
2333 2672 2689 2743 depascentes
2709 2674 2829 2745 ejus
2851 2682 3013 2743 caput
3047 2674 3316 2729 carbones
3343 2689 3478 2744 pru-

1894 2762 2077 2818 dentia
2093 2770 2146 2816 et
2166 2761 2282 2817 zelo
2298 2764 2656 2828 exacervasti,
2670 2772 2725 2819 et
2753 2764 3253 2819 remunerationem
3279 2765 3483 2819 nihilo-

1895 2854 2080 2909 minus
2122 2853 2594 2924 haberes;neque
2620 2855 2989 2909 characterem
3028 2856 3136 2909 ullo
3184 2855 3347 2909 modo
3388 2854 3485 2909 de-

1896 2947 2076 3003 levisti
2106 2946 2201 3016 qui
2235 2946 2300 3000 ad
2356 2943 2610 3001 Numinis
2636 2956 2688 3001 te
2719 2947 2994 3017 colligavit
3023 2946 3482 3014 similitudinem;

221 3085 286 3138 μη
322 3036 412 3120 καὶ
461 3068 532 3137 τῇ
577 3063 783 3133 σπουδῇ
841 3036 1269 3129 ἀπεσώρευσαςο
1312 3056 1408 3109 καὶ
1444 3050 1795 3122 ἀντιμισθίαν

1902 3040 2195 3094 illeantem
2217 3036 2397 3092 ferens
2442 3046 2615 3092 totum
2658 3038 2899 3107 seipsum
2952 3039 3005 3093 in
3054 3037 3385 3109 supplicium
3432 3048 3489 3093 et

221 3129 356 3211 ούδέν
384 3129 612 3211 ἔλαττον
662 3129 851 3224 ἔσχες·
893 3151 1014 3206 οὑδέ
1046 3150 1138 3203 τὸν
1170 3146 1497 3218 χαρακτῆρα
1536 3142 1669 3213 παρ’
1701 3140 1796 3193 οὐ·

1912 3130 2417 3201 inexstinguibilem
2446 3132 2622 3202 ignem
2646 3129 2852 3201 injecit.
2883 3129 3159 3186 Carbones
3177 3140 3357 3186 tamen
3383 3131 3487 3185 ali-

221 3251 296 3302 δὲν
320 3221 826 3322 παρεχάραξαςξὸς
859 3243 957 3314 τὴν
988 3240 1123 3312 πρὸς
1167 3239 1229 3292 τὺ
1253 3236 1405 3291 Θείόν
1428 3252 1487 3288 σε
1529 3233 1801 3303 συνῆπτεν

1905 3224 2107 3294 quibus
2150 3222 2355 3293 accepti
2391 3235 2520 3278 sunt
2552 3221 2913 3278 accendentes
2946 3232 3001 3278 et
3041 3225 3342 3278 excitantes
3371 3225 3492 3278 ani-

222 3315 500 3411 6poiwcrw';
542 3315 756 3400 ἐκεῖνος
789 3335 848 3388 δὲ
901 3333 1082 3405 φέρων
1106 3331 1227 3385 ὅλον
1264 3327 1479 3393 ἑαυτὸν,
1530 3324 1607 3394 τῷ
1640 3323 1802 3376 κολα·-

1909 3333 2052 3371 mam
2076 3316 2421 3386 operationes
2443 3324 2496 3369 et
2520 3315 2945 3381 admonitiones,
2971 3325 3025 3370 et
3050 3317 3275 3371 multam
3308 3316 3493 3371 inimi-

225 3406 416 3504 στηρίῳ
453 3433 550 3486 καὶ
592 3430 842 3498 ἀσϐέστῳ
890 3426 1025 3496 πυρὶ
1069 3421 1455 3493 ἐναπέρριψεν.
1498 3415 1804 3487 Ἅνθρακες

1906 3410 2048 3463 citiaa
2072 3407 2363 3479 procellam
2390 3408 2443 3461 in
2484 3408 2765 3478 pacificam
2811 3409 3048 3477 quietem
3099 3406 3493 3463 transferentes

229 3499 422 3596 μέν-τοι
456 3541 523 3594 γε
581 3523 694 3576 τισὶ
744 3518 1178 3592 παρελήφθησαν
1227 3515 1282 3567 ai
1320 3507 1672 3593 ζωπυροῦσαι
1709 3504 1804 3559 καὶ

1907 3511 1963 3554 ct
1992 3500 2351 3555 dissolventes
2372 3515 2386 3563 ;
2409 3515 2568 3569 quos,
2581 3501 2751 3565 aiunt,
2773 3515 3078 3571 congerens
3098 3499 3412 3556 benefactor
3436 3503 3495 3556 in

213 2900 300 2952 νης
337 2882 575 2952 φύσεως.
618 2881 691 2931 Σὺ
738 2877 793 2930 δὲ
825 2876 975 2929 οὐδὲν
1014 2876 1163 2943 ὅμως
1213 2873 1436 2925 ἔλαττον
1472 2869 1597 2931 τοὺς
1624 2882 1796 2920 κατα-

215 2973 565 3042 ϐοσκομένους
610 2969 778 3023 αὐτοῦ
802 2968 901 3039 τὴν
919 2966 1157 3035 κεφαλὴν
1179 2966 1456 3035 ἄνθρακας
1483 2962 1551 3031 τῇ
1572 2976 1632 3013 τε
1657 2954 1796 3026 γνώ-

226 3618 623 3673 ἁναθάλπουσαι
650 3613 714 3667 τὸ
743 3610 1073 3683 ἡγεμονικὸν
1104 3607 1359 3680 ἐργασίαι
1380 3622 1439 3657 τε
1480 3602 1572 3656 καί⁵
1603 3614 1801 3669 παραι-

229 3710 410 3773 νέσεις,
440 3707 538 3763 καὶ
562 3707 657 3759 τὸν
684 3704 977 3773 πολὺν-τῆς
1011 3700 1211 3772 ἔχθρας
1240 3695 1485 3769 χειμῶνα
1530 3692 1613 3755 εἰς
1652 3691 1802 3759 εἰρη-

230 3800 371 3872 νικὴν
391 3802 640 3871 γαλήνην
674 3794 1187 3869 μεταϐάλλουσαίτε
1221 3791 1317 3846 καὶ
1335 3786 1668 3843 διαλύουσαι·
1704 3781 1800 3872 ob;

174 3924 177 3925 ν
235 3871 383 3959 φασιν
420 3887 782 3959 ἐπισωρεύων
832 3890 861 3940 6
912 3882 1221 3956 εὐεργετῶν
1265 3883 1331 3952 τῇ
1366 3877 1460 3933 τοῦ
1498 3871 1800 3945 δυσμενοῦς

234 3984 450 4055 κεφαλῇ,
490 3986 596 4038 καὶ
645 3984 745 4054 τὴν
786 3979 1105 4053 νεκροποιὺν
1173 3975 1242 4030 δι’

1909 3592 2222 3647 exacerbati
2262 3602 2445 3662 caput,
2476 3601 2531 3647 et
2557 3592 2885 3647 mortilicam
2918 3593 2990 3647 ita
3017 3593 3294 3663 expellens
3314 3594 3498 3649 inimi-

1910 3685 2122 3751 citiam,
2156 3694 2209 3739 et
2235 3685 2604 3740 corroborans
2626 3686 2680 3740 in
2712 3686 3056 3741 dilectionem
3084 3703 3208 3743 eum
3237 3688 3331 3756 qui
3358 3688 3500 3759 pati-

1912 3789 2020 3845 tur,
2039 3779 2183 3833 hnnc
2197 3779 2416 3849 quidem
2448 3795 2646 3849 magno
2672 3788 2727 3835 et
2749 3780 2959 3835 exitiali
2985 3780 3177 3837 morbo
3202 3781 3473 3845 liberavit,

1908 3874 2013 3928 sibi
2037 3889 2169 3928 vero
2198 3889 2317 3929 eam
2336 3889 2459 3943 qua“:
2482 3874 2679 3928 exinde
2701 3882 2787 3929 est
2816 3873 3131 3928 felicitatem
3160 3876 3497 3943 procuravit.

1346 3973 1511 4027 αὐτὸν
1564 3970 1805 4026 ἐλαύνων
1853 3968 2084 4041 ἔχθραν,
2135 3969 2231 4021 καὶ
2276 3968 2630 4038 ἀναῤῥωννὺς
2677 3971 2758 4033 είς
2798 3969 3021 4038 ἀγάπην
3073 3969 3167 4023 τὸν
3197 3970 3499 4041 πάσχοντα,

235 4054 427 4129 ἐκεῖνον
478 4091 541 4129 τε
586 4073 834 4145 μεγάλης
882 4073 978 4125 καὶ
1025 4068 1277 4139 ὀλεθρίας
1308 4068 1463 4121 νόσου
1491 4060 1828 4134 ἀπήλλαξεν,
1865 4055 2044 4129 ἐαυτῷ
2075 4073 2137 4110 τε
2174 4057 2277 4126 τὴν
2306 4056 2518 4110 ἐκεῖθεν
2550 4057 2934 4129 μακαριότητα
2973 4054 3360 4132 προεξένησεν.

759 4163 1096 4218 ΕΡΩΤΗΣΙΣ
1134 4159 1258 4216 NI".

237 4256 357 4326 Πῶς
401 4256 661 4327 νοητέον
685 4254 750 4327 t6
786 4252 1102 4327 εἰρημένη
1164 4250 1324 4327 παρά
1361 4252 1467 4327 tot")
1521 4247 1669 4327 Geor?
1728 4244 1808 4313 τῷ

366 4322 592 4393 Murder“,
634 4346 654 4379 ι
676 4324 832 4382 Ἰδοὺ
864 4322 1093 4378 δέδωκά
1119 4340 1191 4377 σε
1211 4322 1350 4376 θεὸν
1374 4322 1619 4390 «Papam;
1642 4336 1660 4369 ι

2303 4148 2631 4220 ρυίΕδΤιο
2664 4151 2778 4206 Lm
2814 4150 2928 4224 [αι.
2974 4153 3122 4226 LII].

1918 4247 2192 4317 Quomodo
2214 4247 2616 4320 intelligendum
2644 4248 2847 4320 dictum
2878 4264 2911 4299 a
2945 4246 3050 4301 Deo
3080 4247 3290 4320 Moysi:
3315 4267 3333 4303 t
3366 4250 3503 4305 Ecce

2292 4314 2417 4373 dedi
2457 4327 2506 4374 te
2551 4318 2706 4373 deum
2736 4314 3063 4375 Pharaoni?
3100 4339 3120 4371 ι

1122 4439 1266 4489 Edita
1296 4453 1325 4487 ιι
1345 4436 1487 4499 Maio,
1511 4438 1547 4487 ι.
1571 4450 1637 4498 c.,
1660 4451 1710 4500 p.
1738 4436 1815 4486 58.
1846 4436 1904 4485 In
1938 4437 2088 4488 verba
2108 4438 2264 4489 Exod.
2301 4450 2386 4498 vn,
2407 4438 2431 4487 1
2457 4449 2599 4500 seqq.

314 4529 406 4584 Ἐκ
433 4528 547 4583 τῶν
586 4527 730 4581 κατὰ
773 4526 938 4586 πόδας
970 4522 1230 4595 ῥημάτων
1264 4524 1299 4593 ή
1332 4521 1427 4576 τοῦ
1480 4520 1811 4593 ζητουμένου

1994 4524 2067 4578 Ex
2089 4522 2355 4592 subjectis
2383 4523 2564 4579 verbis
2593 4520 2808 4593 quaesiti
2836 4520 3213 4592 interpretatio
3237 4520 3455 4594 [infert]
3487 4540 3505 4589 ;

245 4622 520 4693 ἑρμηνεία·
546 4621 759 4688 ἐπάγεις
778 4617 888 4687 γάρ
907 4630 922 4645 °
970 4634 988 4668 ι
1021 4616 1132 4669 Καὶ
1179 4613 1390 4687 Ἀαρὼν
1413 4616 1442 4667 6
1473 4613 1702 4682 ἀδελφός
1719 4630 1813 4667 σου

246 4717 384 4769 ἔσται
422 4733 504 4769 σοι
536 4715 824 4786 προφήτης
847 4727 861 4742 ·
894 4729 959 4765 συ
984 4710 1042 4764 δὲ
1083 4709 1339 4780 λαλήσεις
1370 4709 1549 4763 πάντα
1599 4710 1699 4763 ὅσα
1728 4710 1816 4763 ἐν·

246 4804 487 4874 τέλλομαί
520 4818 639 4857 σοι·
671 4803 700 4855 6
724 4801 780 4854 δὲ
824 4799 1034 4871 Ἀαρὼν
1055 4800 1284 4869 ἀδελφός
1315 4817 1409 4853 σου
1430 4798 1656 4871 λαλήσει
1680 4799 1817 4869 πρὸς

249 4894 453 4964 Φαραώ.
478 4913 496 4946 ι
544 4894 635 4956 Ὠς
660 4887 755 4946 οὖν
782 4892 1054 4963 ἐχρήσατο
1076 4891 1153 4963 τῷ
1181 4891 1421 4945 Μωσεῖὸ
1445 4889 1578 4955 Θεὸς
1608 4889 1817 4961 ὑπηρε-

250 4989 399 5057 τῆσαι
424 4991 545 5051 ταῖς
575 4986 718 5040 κατὰ
744 4985 946 5056 Φαραὼ
970 4985 1067 5039 καὶ
1090 4984 1406 5053 Αἰγυπτίων
1441 4983 1697 5054 πληγαῖς,
1727 4980 1819 5036 οὖ-

253 5093 348 5138 τως
382 5079 650 5150 ἐχρήσατο
678 5079 883 5149 Μωσῆς
910 5077 990 5149 τῷ
1031 5075 1244 5148 Ἀαρών
1270 5091 1283 5105 ⁸
1311 5074 1476 5139 αὐτὸς
1527 5074 1625 5145 μὲν
1657 5090 1828 5145 προσ-

256 5167 455 5224 τάσσων
512 5175 541 5225 6
576 5170 731 5243 παρά
762 5170 901 5225 Θεοῦ
942 5170 1450 5242 προστασσόμενος·
1494 5166 1745 5240 ὑπηρέτῃ
1771 5166 1831 5219 δὶ

217 5257 221 5261 ’
258 5260 519 5331 χρώμενος
546 5264 682 5336 πρὸς
715 5262 1043 5336 τὸν.Φαραὼ
1071 5261 1150 5332 τῷ
1169 5259 1404 5331 ἀδελφῷ.
1436 5257 1547 5311 Καὶ
1571 5257 1829 5323 διέσωζεν

262 5352 498 5424 ἡπρᾶξις
524 5358 582 5409 ὲν
610 5357 687 5427 τῷ
726 5356 976 5427 ἀναλόγῳ
1000 5355 1062 5408 τὸ
1105 5346 1529 5425 ἀπαράλλακτον
1550 5366 1564 5381 ⁸
1605 5350 1682 5414 ὡς
1720 5351 1829 5421 γὰρ

264 5444 380 5510 θεὸς
413 5450 546 5519 πρὸς
578 5449 780 5521 Φαραὼ
818 5449 909 5503 διὰ
952 5448 1120 5519 μέσου
1145 5446 1387 5509 Μωσέως
1424 5444 1596 5508 οὕτως
1622 5442 1831 5513 Μωσῆς

267 5537 389 5605 πρὸς
416 5541 615 5613 1Ιιιιιραὼ
641 5542 730 5597 διὰ
762 5541 930 5613 μέσον
974 5537 1186 5612 ’Δαρὼν
1239 5538 1339 5602 τὰς
1369 5536 1698 5609 θιοοημείας
1728 5535 1826 5589 ἐπ-

270 5631 440 5688 ιτέλει.
486 5635 811 5690 Ἐπέτασσεν
856 5636 915 5688 ἐν
954 5636 1024 5704 τῇ
1058 5632 1251 5704 ἐρήμῳ
1287 5629 1492 5703 Χωρὴϐ
1532 5629 1610 5702 τῷ
1639 5628 1828 5686 Maias!

274 5724 409 5794 ῥίψαι
437 5729 534 5800 τήν
569 5729 763 5803 ῥάϐδον
800 5730 829 5780 6
858 5728 1011 5794 Θεὸς,
1037 5727 1133 5780 καὶ
1176 5725 1534 5796 μετεϐάλλετο
1555 5724 1635 5788 είς
1666 5722 1823 5793 δφιντ

1920 4614 2069 4670 addit
2084 4614 2228 4669 enim
2248 4633 2261 4670 :
2289 4631 2308 4666 ι
2328 4612 2395 4669 Et
2421 4617 2602 4669 Aaron
2626 4613 2792 4668 frater
2810 4622 2939 4669 tuus
2951 4613 3057 4668 erit
3075 4613 3170 4668 tibi
3192 4613 3457 4684 propheta
3487 4631 3505 4681 ;

1922 4716 1980 4763 tu
2015 4722 2145 4763 vero
2183 4707 2427 4777 loqueris
2464 4707 2646 4762 omnia
2695 4721 3040 4777 qurecunque
3076 4708 3334 4778 praecipio
3384 4708 3507 4764 tibi.

1920 4802 2104 4856 Aaron
2185 4810 2366 4855 autem
2417 4799 2585 4856 frater
2639 4809 2768 4856 tuus
2845 4800 3100 4870 loquetur
3146 4802 3214 4857 ad
3260 4801 3511 4857 Pharao-

1923 4907 2046 4947 nem
2087 4910 2099 4946 :
2142 4909 2160 4942 ι
2200 4891 2357 4963 Sicut
2388 4891 2555 4961 igitur
2594 4907 2726 4947 usus
2780 4901 2866 4946 est
2921 4891 3105 4962 Moyse
3141 4891 3285 4947 Dens
3312 4902 3375 4946 ut
3407 4893 3510 4947 mia

1923 4982 2185 5038 nistrarct
2208 4990 2400 5036 contra
2433 4979 2773 5037 Pharaonem
2804 4990 2859 5037 et
2888 4980 3172 5053 Egyptios
3198 4984 3404 5056 plagas,
3436 4984 3511 5038 ita

1930 5088 2062 5130 usus
2093 5081 2178 5128 est
2201 5071 2415 5143 Moyses
2444 5071 2663 5126 Aarone
2689 5089 2703 5137 ;
2733 5072 2849 5142 ipse
2874 5071 3071 5141 jubens
3095 5087 3125 5126 a
3148 5073 3258 5128 Deo
3271 5073 3466 5145 jussus
3491 5090 3508 5142 ι

1929 5166 2185 5221 ministro
2207 5172 2390 5219 autem
2418 5174 2579 5218 utens
2608 5164 2675 5216 ad
2706 5164 3050 5218 Pharaonem
3084 5164 3271 5219 fratre.
3309 5164 3374 5218 Et
3394 5181 3511 5221 sero

1924 5258 2073 5311 vavit
2101 5267 2258 5312 actus
2289 5255 2343 5311 in
2374 5254 2605 5325 analogo
2630 5254 3004 5311 omnimodam
3050 5255 3463 5312 similitudinem
3492 5275 3511 5326 ;

1928 5360 1989 5406 ut
2022 5351 2170 5406 enim
2205 5347 2350 5404 Deus
2386 5346 2661 5402 Pharaoni
2691 5362 2788 5418 per
2833 5347 3222 5404 intermedium
3262 5346 3508 5420 Moysen,

1929 5442 2005 5497 ita
2044 5442 2256 5513 Moyses
2284 5438 2553 5495 Pharaoni
2584 5454 2679 5510 per
2701 5438 3089 5496 intermedium
3117 5439 3299 5493 Aaron
3323 5438 3513 5494 divina

1932 5543 2184 5607 portenta
2247 5532 2550 5589 mandavit.
2606 5530 2873 5604 Pracepit
2940 5531 2994 5587 in
3056 5531 3275 5586 deserto
3330 5529 3512 5585 Horeb

1934 5629 2106 5704 Moysi
2137 5638 2198 5686 ut
2229 5629 2523 5700 projiceret
2555 5627 2765 5699 virgam
2824 5625 2994 5691 Deus,
3042 5635 3097 5680 et
3129 5626 3185 5680 in
3216 5626 3514 5681 draconem

1934 5726 2139 5796 lignum
2191 5724 2486 5780 formatum
2519 5730 2602 5777 est
2646 5782 2655 5790 ,
2706 5728 2757 5775 et
2798 5719 3118 5790 simpliciter
3174 5736 3515 5795 quaecunque
