3864 6208
323 297 426 364 391
1478 292 1743 356 ΡΗΟΤΙΙ
1782 291 1948 353 PATI

2059 289 2291 352 RCHzE
2325 289 2434 350 CP.
3519 282 3648 348 399

326 411 542 484 Moyses
600 407 897 479 jubebatur
945 407 1102 478 signa
1161 403 1416 476 operari,
1464 405 1648 460 omnia
1691 403 1948 474 Moyses;

2059 403 2315 457 τέτασσεν
2355 399 2522 453 πάλιν
2564 399 2704 450 κατὰ
2725 397 3016 470 πρόσωπον
3053 395 3251 469 Φαραὼ
3279 395 3361 467 τῷ
3403 391 3649 464 Ἀαρὼν

327 517 643 580 proponens
683 510 738 556 et
777 501 832 554 in
879 514 1103 554 manum
1152 499 1373 554 mittens
1410 497 1589 564 fratri,
1631 512 1729 567 per
1767 497 1915 550 hunc

2085 491 2293 561 Μωσῆς
2335 489 2489 563 ῥίψαι
2513 488 2612 561 τὴν
2644 489 2864 561 ῥάϐδον,
2887 488 2983 542 καὶ
3026 492 3106 553 εἰς
3134 488 3408 557 δράκοντα
3438 487 3502 541 τδ
3539 484 3636 552 ξύ-

327 597 482 668 iussa
522 594 851 650 mirabiliter
895 606 1132 663 operans
1176 590 1518 662 perﬁciebat.
1563 589 1642 643 lta
1677 588 1914 644 manife-

2059 601 2111 639 ον
2165 583 2632 650 ἐζωοπλαστεῖτο·
2683 581 2779 635 καὶ
2810 580 3000 644 ἁπλῶς
3033 582 3130 635 ὅσα
3159 582 3355 636 Μωσεῖ
3391 596 3652 634 κατεπιο

334 697 480 743 stum
501 697 587 744 est
609 688 740 758 quid
772 686 1232 758 signiﬁcetillud:
1263 702 1282 736 ι
1317 683 1457 739 Ecce
1479 681 1605 738 dedi
1653 691 1705 737 te
1739 681 1912 736 deum

2059 677 2246 732 τεύετο
2299 677 2711 748 τερατουργεῖν,
2748 673 2928 727 πάντα
2975 676 3181 745 Μωσῆς
3235 673 3647 744 παραθέμενος

328 777 628 835 Pharaoni.
673 799 691 830 ι
2021 770 2116 824 καὶ
2149 769 2463 840 ἐγχειρίσας
2524 766 2601 839 τῷ
2657 767 2911 839 ἀδελφῷ,
2951 766 3018 820 δι’
3057 767 3266 821 ἐκείνου
3325 768 3397 818 τὰ
3452 779 3634 832 προσ-

329 872 642 943 τεταγμένα
682 870 1116 942 θαυματουργῶν
1156 869 1494 940 διεπέραινεν
1517 885 1531 900 ο
1569 867 1713 922 ὥστε
1752 863 1986 935 φανερὸν
2009 863 2200 933 γέγονε
2221 863 2274 917 τί
2314 879 2444 915 ποτε
2473 860 2725 932 βούλεται
2756 861 2952 933 δηλοῦν
2984 861 3066 926 τὸ,
3101 880 3120 912 ι
3169 861 3301 915 Ἰδοὺ
3326 859 3550 914 δέδωκά
3580 874 3647 911 σε

339 965 462 1019 θεὸν
497 962 720 1034 Φαραώ.
767 983 786 1016 ›
1375 956 1384 964 ’

2562 1059 2902 1114 ΕΡΩΤΗΣΙΣ
2935 1059 2983 1112 Ν
2986 1058 3059 1113 Δ’.

2029 1155 2159 1222 Πῶς
2183 1153 2437 1222 νοητέσν
2460 1153 2529 1208 τὸ
2559 1154 2974 1208 ἁποστολικὸν
2991 1149 3212 1220 ῥητὸν,
3257 1169 3277 1202 ι
3308 1144 3374 1222 Et
3427 1148 3498 1202 δὲ
3527 1148 3653 1222 ἀλ)

2096 1219 2331 1295 amove
2361 1224 2615 1295 δάκνετε
2668 1223 2769 1277 καὶ
2807 1219 3203 1295 κατεσθίετε,Δ
3231 1221 3510 1295 βλέπετε
3546 1219 3651 1288 μὴ

2100 1292 2203 1352 ὑπ’
2229 1294 2521 1362 ἀλλήλων
2547 1293 2950 1363 άναλωθῆτε,ι
3003 1293 3106 1348 καὶ
3146 1292 3219 1348 τὰ
3253 1293 3448 1359 τούτῳ
3477 1306 3652 1344 συν-

2096 1365 2351 1436 ημμένα.

1352 1476 1497 1530 Edita
1518 1491 1549 1528 ιι
1572 1477 1718 1538 Maio,
1754 1477 1790 1528 l.
1832 1491 1897 1538 c.,
1923 1491 1973 1541 p.
2003 1477 2173 1528 58-960.
2209 1477 2264 1528 ln
2313 1475 2420 1526 Gal.
2448 1487 2496 1534 ν,
2532 1473 2606 1525 ιδ.

405 1586 549 1641 Sunt
588 1584 692 1640 viri
732 1579 882 1642 sacri
923 1583 1349 1655 apostolicorum
1381 1583 1652 1640 dictorum
1689 1583 1746 1638 in
1780 1597 1918 1658 pro-

2100 1582 2254 1636 Εἰσὶν
2291 1580 2485 1651 ἄνδρες
2524 1579 2662 1652 ίεροὶ
2699 1577 2808 1635 τῶν
2835 1577 3209 1631 άποστολικῶν
3233 1577 3506 1649 ῥημάτων
3534 1578 3653 1649 τὴν

337 1676 510 1733 fundo
541 1676 886 1732 reconditum
941 1689 1166 1731 sensum
1217 1675 1450 1746 gratiam
1479 1675 1746 1731 habentes
1765 1689 1922 1730 reve-

2059 1690 2081 1726 ν
2120 1670 2198 1744 τῷ
2233 1669 2393 1742 βάθει
2424 1669 2939 1741 τεθησαυρισμένην
2965 1668 3228 1733 διάνοιαν,
3273 1669 3438 1740 χάριν
3480 1669 3654 1739 ἕχον-

287 1807 296 1826 ι
335 1768 506 1833 land'i,
533 1769 734 1839 quibus
753 1767 1096 1839 propositum
1125 1769 1369 1837 aperitur
1396 1767 1603 1824 dictum
1634 1785 1648 1822 :
1681 1781 1921 1838 quorum

2059 1783 2124 1830 ἐς
2162 1764 2593 1829 ἀνακαλύπτειν,
2624 1757 2704 1825 οἷς
2728 1761 2788 1813 τὸ
2826 1762 3185 1833 προκείμενον
3225 1761 3653 1816 ἀναπτύσσεται

338 1860 609 1916 theoriam
644 1859 976 1928 accipientes
1003 1869 1057 1914 et
1087 1869 1232 1913 ut-tu
1265 1859 1531 1929 intelligas
1593 1867 1746 1914 tuum
1779 1859 1924 1914 circa

2059 1858 2192 1928 ητόν
2214 1872 2229 1886 ·
2260 1850 2334 1911 ὢν
2373 1855 2474 1925 τὴν
2495 1853 2729 1924 θεωρίαν
2747 1853 3136 1922 ἀποδεχόμενοι
3172 1854 3266 1906 καὶ
3297 1854 3355 1906 σὲ
3386 1856 3653 1908 συνεῖναι

337 1953 452 2007 haec
481 1951 724 2006 studium
782 1950 1115 2006 laboriosum
1174 1950 1333 2005 nobis
1392 1951 1925 2022 suadet(curare);

2061 1950 2089 2002 δ
2129 1949 2258 2020 περὶ
2295 1947 2473 2016 ταῦτά
2511 1963 2605 2000 σου
2639 1945 2928 2015 φιλόπονον
2973 1946 3121 2017 ἡμᾶς
3158 1944 3446 2000 ἀναπείθει
3469 1962 3488 1978 ο
3524 1945 3651 2000 οὐδ’

339 2063 520 2118 neque
549 2045 760 2116 siquid
793 2045 942 2100 aliud
974 2045 1202 2102 scaturrit
1252 2045 1405 2100 Pauli
1435 2045 1705 2102 dictorum
1759 2043 1930 2114 negli-

2060 2046 2084 2099 ῖ
2117 2062 2168 2098 τι
2195 2044 2323 2098 ἄλλο
2353 2042 2594 2114 πηγάξει
2631 2042 2738 2095 τῶν
2767 2040 2862 2094 τοῦ
2895 2040 3108 2094 Παύλου
3157 2040 3422 2111 ῥημάτων
3465 2042 3653 2111 ὑπερ-

338 2153 529 2209 gemus
582 2137 850 2192 derivare.
879 2135 1015 2191 Cum
1079 2137 1224 2193 enim
1267 2137 1500 2193 dixisset
1549 2135 1705 2204 cujus
1747 2134 1932 2206 lingua

2059 2136 2278 2208 ψόμεθα
2304 2134 2744 2209 ἀπορρύσασθαι.
2767 2134 2948 2188 Είπὼν
2973 2135 3103 2205 γὰρ,
3125 2128 3187 2188 οὗ
3225 2136 3259 2206 ή
3290 2133 3518 2200 γλῶσσα
3544 2133 3649 2188 τοῦ

348 2227 689 2285 sanctissimi
724 2227 962 2298 Spiritus
999 2244 1262 2299 organum
1297 2245 1311 2282 :
1348 2247 1367 2280 ι
1404 2226 1514 2283 Vos
1540 2224 1592 2280 in
1626 2227 1934 2280 libertatem

2059 2227 2312 2295 ιαναγίου
2348 2224 2670 2295 Πνεύματος
2696 2223 2947 2295 ὄργανον,
2976 2243 2995 2274 ι
3020 2223 3209 2294 Ὑμεῖς
3236 2223 3322 2276 ἐπ’
3345 2223 3650 2295 ἐλευθερίᾳ

341 2319 526 2378 vocati
583 2319 739 2385 estis,
775 2318 994 2386 fratres,
1033 2337 1054 2372 ι
1085 2327 1137 2374 et
1197 2320 1474 2376 docuisset
1507 2333 1614 2373 non
1651 2318 1937 2390 subjacere

2059 2319 2328 2390 ικλήθητε,
2368 2317 2609 2386 ἀδελφοὶ,
2650 2335 2668 2368 ι
2709 2318 2804 2370 καὶ
2842 2316 3058 2383 διδάξας
3114 2315 3190 2380 ὡς
3225 2315 3323 2387 οὐχ
3345 2316 3653 2370 ὑπόκειται

341 2409 591 2466 servituti
653 2409 1091 2466 circumcisionis
1143 2411 1330 2480 gratia:
1382 2409 1544 2476 ﬁlios,
1579 2424 1754 2478 neque
1782 2409 1938 2465 valde

2059 2410 2249 2481 ἱουλείᾳ
2275 2409 2579 2480 περιτομῆς
2615 2406 2685 2462 τὰ
2719 2408 2820 2479 τῆς
2879 2407 3106 2478 χάριτος
3155 2408 3341 2473 τέκνα,
3381 2408 3508 2462 ούδέ
3565 2407 3651 2478 τῷ

347 2501 508 2572 gravi
534 2511 588 2557 et
615 2499 819 2555 diﬁicili
849 2501 916 2554 ad
945 2501 1268 2571 portandum
1280 2501 1414 2571 jugo
1430 2499 1563 2570 legis
1577 2501 1855 2556 continere
1885 2509 1941 2556 et

2059 2501 2373 2572 πολυμόχθῳ
2407 2501 2502 2554 καὶ
2539 2499 2920 2571 δυσεξανύστῳ
2954 2498 3108 2572 ζυγῷ
3157 2499 3250 2553 τοῦ
3292 2500 3463 2571 νόμου
3507 2518 3649 2554 συν-

345 2590 512 2660 aﬁligi
543 2591 763 2658 debere,
805 2605 872 2645 ne
895 2590 1207 2646 libertatem
1251 2591 1357 2646 sibi
1427 2606 1650 2662 quoque
1706 2592 1942 2647 aliorum

2059 2592 2262 2663 ίχεσθαι
2312 2591 2408 2644 καὶ
2445 2589 2913 2663 ταλαιπωρεῖσθαι
2965 2591 3400 2664 κεχρεώστηκεν,
3445 2592 3540 2646 ἵνα
3567 2592 3650 2662 μὴ

350 2697 475 2754 quae
505 2697 615 2738 non
647 2691 860 2752 oportet
885 2697 1046 2753 agere
1073 2682 1266 2738 donari
1301 2690 1575 2754 putarent.
1609 2693 1664 2740 et
1693 2685 1944 2740 occasio-

2059 2684 2144 2756 τὴν
2202 2683 2516 2752 ἐλευθερίαν
2569 2684 2756 2746 αὐτοῖς
2794 2685 2890 2737 καὶ
2937 2683 3047 2737 τῶν
3085 2684 3260 2737 ἄλλων
3296 2685 3392 2736 ὅσα
3431 2683 3510 2754 μὴ
3563 2684 3653 2736 δεῖ

345 2791 472 2830 nem
529 2774 799 2830 libertatis
830 2773 1086 2844 injuriam
1147 2774 1392 2830 facerent
1447 2775 1716 2830 libertatis
1746 2775 1941 2831 subse-

2059 2774 2309 2846 πράττειν
2347 2774 2666 2846 χαρίζεσθαι
2703 2775 2976 2846 νομιοῦσι,
3002 2776 3099 2829 καῖ
3135 2775 3234 2844 τὴν
3262 2775 3524 2846 ἀφορμὴν
3544 2775 3649 2844 τῆς

345 2877 534 2924 cantes
578 2868 729 2922 carni
765 2875 818 2922 et
845 2867 1193 2938 passionihus
1225 2881 1565 2938 quaecunque
1610 2867 1793 2922 carnis
1823 2883 1948 2938 ger-

2059 2867 2364 2938 ἐλευθερίας
2403 2869 2561 2939 ’ύϐριν
2600 2869 2935 2941 ποιήσωνται
2972 2870 3072 2939 τῆς
3120 2868 3432 2940 ἐλευθερίας
3501 2869 3647 2921 ὑπο-

347 2959 562 3014 minant
606 2966 661 3014 et
711 2932 1036 3014 nascuntur.
1092 2932 1385 3028 Proplerea
1434 2932 1685 3028 adjunxit
1722 2975 1736 3012 :
1781 2932 1945 3014 (Sed

2059 2958 2343 3023 κόπτοντες
2383 2960 2547 3030 σαρκὶ
2585 2959 2678 3014 καὶ
2707 2960 2961 3020 πάθεσιν.
3017 2963 3121 3014 ὅσα
3146 2963 3242 3032 τῆς
3264 2962 3466 3034 σαρκὸς
3503 2963 3650 3016 ἀπο-

730 1071 1062 1141 ΩΟᾹΞΞΤΙΟ
1093 1070 1206 1126 LIV
1235 1069 1335 1143 [αι.
1375 1068 1539 1142 LIII].

334 1164 608 1232 Quomodo
662 1165 1062 1234 intelligendum
1102 1161 1456 1234 apostolicum
1510 1161 1716 1234 dictum
1745 1177 1816 1234 ει
1864 1159 1921 1234 Si

402 1238 624 1290 invicem
657 1233 907 1289 mordetis
940 1242 992 1287 et
1022 1233 1294 1287 comeditis
1314 1275 1329 1298 ,
1358 1233 1524 1286 videte
1554 1248 1617 1287 ne
1665 1233 1729 1286 ab
1779 1233 1913 1285 invi-

400 1322 512 1360 cem
541 1305 952 1368 consumamini,
995 1323 1015 1355 ›
1050 1313 1099 1358 et
1137 1303 1258 1357 huic
1287 1318 1527 1358 connexa
1551 1304 1576 1355 ?

347 3065 444 3120 per
470 3050 794 3107 charitatem
829 3051 1028 3107 servite
1074 3051 1328 3116 invicem,
1374 3069 1394 3103 ι
1424 3053 1580 3122 quasi
1609 3050 1895 3122 (diceret)
1930 3069 1943 3105 :

349 3140 608 3198 Revocati
670 3142 807 3198 estis
831 3156 863 3195 a
896 3141 1158 3197 servitute
1197 3141 1336 3196 dura
1388 3143 1442 3196 in
1471 3143 1870 3214 inexpectatam
1894 3152 1949 3198 et

356 3236 575 3291 beatam
607 3235 937 3302 libertatem,
969 3234 1140 3305 fugite
1171 3235 1353 3290 carnis
1380 3234 1810 3291 dominationem
1853 3251 1948 3305 per

347 3341 517 3396 quam
539 3327 693 3381 vobis
710 3333 1037 3396 aggravatur
1065 3325 1326 3393 servitus,
1351 3340 1529 3395 neque
1553 3326 1673 3396 ejus
1701 3324 1950 3395 subjacet

345 3415 582 3486 legibus.
631 3414 830 3470 Carnis
861 3429 991 3469 vero
1049 3415 1367 3471 servitutem
1416 3415 1770 3472 manifestum
1807 3417 1949 3472 mul-

353 3517 536 3563 tarum
582 3521 805 3577 qttoque
828 3507 1061 3562 aliarum
1098 3509 1418 3578 passionum
1448 3517 1505 3564 et
1535 3510 1756 3564 malitiae
1794 3525 1948 3565 crea-

354 3601 544 3655 tricem
567 3607 622 3655 et
658 3599 1184 3672 artiﬁccmlessc1et
1212 3601 1560 3657 machinatur
1591 3613 1808 3657 vastare
1838 3601 1948 3656 vir-

356 3693 493 3748 tutis
513 3703 565 3748 et
584 3693 852 3749 libertatis
877 3692 1156 3749 decorem.
1180 3690 1313 3765 [Sed
1343 3692 1420 3767 et]
1439 3709 1688 3751 amorem
1712 3705 1946 3750 conatur

359 3784 617 3840 humanis
660 3785 937 3841 mentibus
970 3784 1262 3856 expellere.
1292 3786 1357 3842 Ut
1380 3787 1566 3856 igitur,
1589 3787 1686 3854 ait,
1707 3789 1946 3858 reliquas

358 3891 537 3948 usque
555 3877 816 3947 nequitiae
838 3878 1264 3934 insurrectiones
1282 3887 1625 3948 praeteream,
1654 3893 1777 3950 quae
1791 3880 1948 3950 geni-

359 3970 508 4024 mina
534 3969 721 4024 carnis
746 3978 802 4024 et
826 3969 1065 4025 carnalis
1085 3980 1214 4024 sunt
1237 3981 1456 4034 sensus,
1476 3970 1562 4027 his
1579 3971 1705 4028 inde
1724 3972 1947 4027 venien-

358 4063 506 4118 tibus
529 4062 746 4118 insidiis
773 4072 827 4117 et
842 4062 1015 4133 plagis
1031 4070 1220 4118 contra
1239 4078 1359 4128 vos,
1392 4063 1680 4130 mortiﬁco,
1699 4065 1945 4134 inquam,

363 4157 560 4222 amori,
591 4156 804 4211 fortiter
838 4165 1161 4227 repugnate,
1191 4171 1369 4226 neque
1407 4167 1466 4210 ut
1487 4159 1775 4212 transitum
1793 4172 1947 4226 repe-

2051 3050 2339 3106 6λαστάνει
2379 3052 2474 3104 καὶ
2503 3051 2719 3120 φύεται.
2743 3051 2844 3105 Διὰ
2880 3052 3038 3106 τοῦτο
3059 3055 3372 3125 ἐπήγαγεν·
3413 3072 3433 3105 ι
3478 3054 3647 3107 Ἀλλά

2046 3142 2136 3196 διὰ
2174 3144 2275 3214 τῆς
2310 3143 2531 3215 ἀγάπης
2567 3143 2849 3197 δουλεύετε
2909 3144 3160 3216 ἀλλήλοις
3201 3159 3214 3175 ·
3264 3164 3283 3197 ι
3341 3141 3478 3210 οἷον,
3518 3147 3646 3198 Ἀν-

2047 3235 2312 3307 εκλήθητε
2328 3235 2578 3298 δουλείας
2603 3235 2850 3306 χαλεπῆς
2879 3237 2959 3298 εἰς
2977 3235 3386 3307 ἀπροσδόκητον
3407 3237 3504 3289 καὶ
3538 3254 3648 3307 μα-

2048 3327 2249 3399 καρίαν
2278 3327 2611 3398 ἐλευθερίαν,
2641 3327 2873 3397 φεύγετε
2897 3327 2994 3394 τῆς
3034 3326 3239 3396 σαρκὸς
3268 3326 3369 3396 τὴν
3405 3327 3649 3398 ἐπικρά-

2048 3433 2220 3483 τειαν,
2256 3416 2323 3470 δι’
2354 3411 2422 3488 ἦς
2461 3418 2590 3486 ὑμῖν
2647 3416 2938 3489 βαρύνεται
2964 3419 2997 3487 ἡ
3034 3417 3248 3469 δουλεία
3271 3429 3286 3446 ⁶
3349 3417 3489 3488 μηδέ
3530 3422 3649 3481 τοῖς

2047 3509 2263 3581 ἐκείνης
2300 3509 2695 3563 κατακλίνεσθε
2727 3509 2933 3579 νόμοις.
2977 3509 3042 3563 Ἢ
3070 3509 3128 3562 δὲ
3160 3511 3261 3579 τῆς
3290 3511 3497 3581 σαρκὸς
3524 3510 3652 3562 ὅου-

2049 3601 2170 3655 λεία
2198 3603 2353 3673 δῆλον
2384 3602 2460 3665 ὡς
2478 3602 2691 3656 πολλῶν
2717 3603 2816 3671 μὲν
2854 3603 2950 3654 καὶ
2973 3601 3148 3655 ἀλλων
3188 3601 3305 3656 ἐστὶ
3334 3603 3528 3656 παθῶν
3551 3607 3651 3657 καὶ

2047 3695 2249 3758 κακίας
2303 3696 2637 3768 δημιουργὸς
2679 3696 2773 3748 καὶ
2811 3698 3066 3765 τεχνῖτις,
3089 3697 3199 3760 ,καὶ
3235 3695 3649 3765 διαμηχανᾶται

2048 3783 2406 3855 λυμαίνεσθαι
2431 3786 2531 3853 τῆς
2571 3786 2774 3856 ἀρετῆς
2803 3786 2896 3839 καὶ
2951 3787 3050 3856 τῆς
3077 3785 3393 3858 ἐλευθερίας
3424 3789 3488 3841 τὸ
3515 3789 3654 3842 κάλ-

2048 3876 2166 3940 λος·
2193 3877 2336 3949 ἀτὰρ
2372 3877 2436 3947 δὴ
2477 3879 2573 3930 καὶ
2591 3877 2692 3948 τὴν
2731 3880 2951 3949 ἀγάπην
2990 3880 3264 3949 ἐπιχειρεῖ
3289 3879 3406 3932 τῶν
3432 3879 3651 3950 ἀνθρω-

2050 3969 2222 4022 πίνων
2258 3968 2444 4039 ψυχῶν
2483 3968 2836 4025 ἀπελαύνειν.
2881 3971 2995 4023 Ἵνα
3017 3972 3218 4035 τοίνυν,
3247 3974 3402 4043 φησὶ,
3431 3974 3530 4036 τάς
3555 3975 3652 4027 ἄλ·-

2047 4061 2144 4125 λας
2175 4061 2314 4125 τέως
2340 4061 2440 4130 τῆς
2469 4062 2670 4127 κακίας
2701 4063 3106 4127 ἐπαναστάσεις
3143 4064 3310 4129 ἐάσω,
3367 4065 3424 4118 αἳ
3453 4068 3648 4135 γεννή-

2052 4171 2199 4225 ματα
2226 4156 2326 4226 τῆς
2363 4157 2562 4226 σαρκὸς
2631 4156 2725 4209 καὶ
2782 4155 2877 4209 τοῦ
2935 4156 3202 4228 σαρκικοῦ
3269 4156 3650 4230 καθεστήκασι

364 4248 470 4300 riat
512 4247 589 4315 in
616 4245 772 4300 vobis
830 4245 1072 4299 animam
1109 4243 1380 4298 occidenti
1413 4244 1542 4299 huic
1572 4245 1779 4313 peccati
1837 4245 1944 4300 telo

2059 4247 2420 4318 φρονήματος,
2448 4247 2584 4319 πρὸς
2605 4248 2809 4318 ταύτην
2838 4249 2936 4319 τὴν
2962 4248 3172 4301 ἐκεῖθεν
3193 4249 3496 4320 ἐρχομένην
3523 4251 3647 4302 ἐπι-

367 4344 687 4407 praetextum
731 4336 968 4398 aliquem
1026 4335 1290 4406 praebete.
1321 4333 1437 4392 Hoc
1470 4345 1650 4391 autem
1674 4337 1779 4393 erit
1806 4338 1946 4394 forte

365 4443 472 4482 non
497 4442 788 4496 operosum
814 4441 990 4496 neque
1014 4425 1229 4481 diilicilc
1249 4425 1517 4496 perfecta,
1539 4428 1632 4482 sed
1654 4437 1709 4482 et
1733 4427 1888 4483 facile
1901 4439 1957 4484 et

364 4518 706 4584 salvilicum;
737 4517 785 4572 si
819 4517 965 4570 enim
998 4532 1095 4587 per
1127 4519 1450 4573 charitatem
1472 4519 1952 4586 servitisinvicem,

363 4627 525 4666 omne
581 4611 749 4666 telum
808 4609 1065 4680 nequitia:
1115 4618 1302 4664 contra
1327 4626 1422 4665 vos
1456 4609 1664 4680 jactum
1713 4610 1956 4666 ineilicax

365 4702 469 4757 erit
490 4719 506 4769 ;
527 4703 591 4756 in-
604 4711 823 4758 scutum
842 4702 986 4775 enim
1007 4701 1293 4757 oll‘endens
1311 4704 1558 4773 ejusdem
1577 4718 1702 4774 erga
1722 4704 1952 4759 invicem

368 4809 566 4850 sensus
587 4804 643 4849 et
669 4794 947 4862 amicitiae,
977 4804 1031 4849 et
1056 4805 1256 4850 tortum
1293 4793 1564 4867 frangitur
1593 4805 1647 4852 et
1674 4798 1954 4867 repulsum

365 4887 420 4940 in
451 4884 721 4940 imbellem
773 4885 987 4941 decidet
1019 4887 1213 4953 ictum,
1239 4901 1304 4942 ac
1335 4887 1499 4942 simul
1546 4887 1840 4957 jacientem
1890 4904 1956 4943 eo

365 4993 476 5048 quo
493 4993 589 5046 par
606 4987 691 5033 est
710 4978 919 5046 pudore
936 4977 1123 5048 implet
1140 4995 1159 5045 ;
1175 4978 1302 5048 quia
1319 4994 1445 5048 erga
1466 4979 1698 5034 invicem
1715 4994 1810 5049 per
1826 4981 1958 5034 cha-

368 5073 582 5127 ritatem
604 5073 840 5126 servitus
858 5072 988 5127 illud
1015 5088 1139 5141 quae
1154 5075 1384 5142 desuper
1403 5083 1786 5129 estassecurat
1800 5075 1953 5128 anxio

369 5163 500 5218 lium
530 5172 585 5218 et
609 5179 799 5232 puram
829 5173 885 5220 et
921 5163 1136 5219 beatam
1191 5174 1450 5234 operatur
1496 5164 1804 5220 libertatem
1857 5180 1952 5234 per

367 5270 490 5310 eam
529 5271 654 5326 quae
706 5257 762 5311 in
819 5255 1053 5312 invicem
1085 5266 1170 5314 est
1222 5271 1434 5326 pacem,
1464 5266 1520 5311 et
1565 5257 1954 5313 illSUilSlatltitt-

369 5356 481 5402 tam
521 5361 711 5417 pacem
767 5346 1059 5402 Dominum
1111 5335 1363 5402 nostrum
1422 5344 1610 5401 Jesum
1670 5347 1950 5403 Christum

367 5438 566 5493 vestris
622 5437 930 5493 inhabitare
964 5437 1173 5493 iaciens
1205 5438 1488 5495 cordibus.

2059 4340 2257 4411 ϐουλὴν
2293 4340 2387 4394 καὶ
2439 4339 2656 4411 πληγὴν
2696 4339 2818 4393 καθ’
2847 4340 3024 4410 ὑμῶν,
3081 4340 3180 4411 τήν
3217 4339 3652 4411 νεκροποιοῡσαν

2057 4432 2329 4503 λέγωητὴν
2396 4434 2641 4504 ἀγάπην,
2670 4434 2935 4500 γενναίως
2991 4431 3454 4498 ἀνταγωνίσασθε,
3510 4433 3653 4502 μηδὲ

2061 4525 2294 4597 πάροδον
2332 4525 2512 4595 εὑρεῖν
2548 4528 2605 4579 ἐν
2664 4527 2792 4596 ὑμῖν
2823 4525 2904 4596 τῷ
2967 4524 3295 4596 ψυχοφθόρῳ
3337 4524 3512 4594 τούτῳ
3549 4525 3653 4594 τῆς

2061 4616 2336 4685 ἁμαρτίας
2365 4614 2507 4683 βέλει
2541 4613 2815 4684 πρόφασίν
2845 4633 2966 4669 τινα
3001 4613 3342 4683 παράσχητε.
3394 4610 3569 4663 Τοῦτο
3592 4614 3652 4663 δὲ

2065 4705 2218 4758 ἔσται
2243 4721 2360 4767 πως
2391 4705 2491 4756 οὐκ
2512 4704 2751 4773 ἐργῶδες
2791 4703 2911 4757 οὐδὲ
2934 4702 3168 4774 χαλεπὸν
3193 4758 3196 4760 ν
3227 4701 3422 4755 ἀνύσαι
3448 4741 3463 4765 ,
3510 4700 3653 4754 ἀλλὰ

2055 4795 2148 4849 καὶ
2188 4795 2370 4866 ῥᾴδιον
2431 4795 2527 4846 καὶ
2567 4795 2867 4865 σωτήριον
2917 4795 2967 4846 εί
3004 4794 3114 4863 γὰρ
3158 4791 3247 4846 διά
3297 4792 3395 4862 τῆς
3424 4790 3652 4860 ἀγάπης

2050 4888 2334 4943 δουλεύετε
2363 4887 2614 4960 ἀλλήλοις
2654 4890 2801 4941 ἅπαν
2827 4887 2991 4941 ὅπλον
3037 4887 3304 4959 πονηρίας
3336 4884 3460 4940 καθ’
3491 4885 3651 4956 ὑμῶν

2057 4980 2383 5052 βαλλόμενον
2409 4981 2789 5052 ἀπρακτήσει·
2823 4981 2900 5050 τῷ
2922 4979 3101 5050 θυρεῷ
3123 4983 3231 5050 γὰρ
3253 4979 3528 5050 ἐμπίπτον
3549 4978 3652 5047 τῆς

2056 5072 2158 5146 [ἐν]
2179 5073 2429 5145 ἀλλήλοις
2441 5075 2694 5144 ὁμονοίας
2711 5091 2768 5127 τε
2792 5072 2936 5146 [καὶ]
2953 5073 3157 5143 φιλίας,
3175 5073 3267 5126 καὶ
3283 5073 3474 5125 θᾶττον
3491 5087 3561 5123 πε
3571 5087 3652 5139 ρι-

2055 5165 2340 5236 θραύεται,
2399 5166 2494 5219 καὶ
2528 5167 2971 5237 ἀποκρουόμενον
3007 5159 3103 5228 είς¹
3127 5166 3318 5237 κωφὴν
3361 5166 3649 5218 διαπίπτει

2057 5254 2258 5324 βολίδα,
2304 5257 2441 5324 μετά
2479 5256 2572 5308 τοῦ
2604 5259 2697 5309 καὶ
2755 5258 2850 5309 τὴν
2891 5256 3158 5327 βάλλοντα
3205 5258 3303 5326 τῆς
3338 5255 3653 5327 προσηκού-

2059 5364 2160 5419 σης
2183 5346 2447 5419 αἰσχύνης
2477 5349 2825 5420 ἀναπλῆσαι·
2858 5350 3093 5420 ἐπείπερ
3124 5351 3158 5421 ἡ
3216 5349 3352 5420 πρὸς
3385 5348 3653 5419 ἀλλήλους

2057 5438 2146 5491 διὰ
2175 5438 2278 5508 τῆς
2295 5439 2520 5511 ἀγάπης
2547 5440 2784 5508 δουλεία,
2808 5442 2908 5513 τὴν
2955 5441 3162 5497 ἄνωθεν
3216 5440 3650 5512 ἀρῤαὸωνίζεται

372 5530 714 5604 συμμαχίαν,
743 5531 838 5584 κα)⁸
885 5531 985 5601 τὴν
1041 5530 1291 5603 καθαρὰν
1351 5533 1448 5586 καὶ
1516 5533 1794 5605 μακαρίαν
1861 5535 2306 5605 καταπράττεται
2364 5532 2682 5604 ἐλευθερίαν
2718 5534 2806 5588 διὰ
2833 5537 2932 5606 τῆς
2984 5536 3043 5588 ἐν
3084 5532 3334 5604 ἀλλήλοις
3401 5531 3648 5612 είρήνης,

373 5624 468 5675 καὶ
496 5625 594 5694 τὴν
616 5624 980 5677 ἐνυπόστατον
1012 5623 1238 5696 εἰρήνην
1281 5623 1374 5678 τδν
1395 5623 1603 5696 Κύριον
1625 5626 1782 5696 ἡμῶν
1842 5627 2050 5697 Ἰησοῦν
2080 5626 2314 5698 Χριστὸν
2341 5627 2461 5689 ταῖς
2485 5625 2638 5696 ὑμῶν
2676 5627 3136 5696 ἐγκατοικίζουσα
3166 5625 3436 5697 καρδίαις.

446 5718 650 5776 Deinde
678 5720 865 5793 adjicit
895 5732 946 5776 et
971 5720 1104 5790 legis
1124 5735 1398 5776 summam
1421 5735 1545 5779 esse
1563 5720 1789 5790 diligere
1813 5720 1958 5777 sicut

2137 5717 2268 5775 Εἶτα
2306 5720 2667 5793 προστίθησιν
2705 5723 2786 5776 ὅτι
2808 5724 2903 5777 καὶ
2928 5724 3093 5794 νόμου
3139 5719 3433 5791 κεφάλαιόν
3457 5716 3652 5774 ὲστιῖδ
