3864 6208
312 293 421 358 395
1092 348 1095 351 ν
1472 296 1753 359 PHOTII.
1773 292 1837 363 [Ρ

2090 295 2309 357 ΒΟΗΧΕ
2347 296 2437 356 CP
3494 294 3616 359 398

308 419 583 471 noscens,
625 403 757 476 quid
782 403 1019 477 impedlt
1066 404 1249 477 ipsum
1297 403 1610 477 Evangelia,
1641 422 1764 479 quae
1786 423 1834 479 pt

2089 407 2176 468 τός
2203 406 2352 458 ἐστιν
2399 406 2427 457 ὁ
2476 400 2663 472 σαφῶς
2696 401 2873 469 είδως,
2903 402 2957 457 τί
2986 401 3186 458 κωλύει
3222 403 3386 459 αύτδν
3417 405 3615 474 Εὔαγ-

307 515 418 557 non
472 500 709 557 multum
790 509 1009 572 tempus
1088 510 1144 557 et
1196 499 1537 571 Seripturam
1605 509 1831 571 excepta

2090 514 2185 563 ua,
2218 496 2254 550 ἃ
2281 497 2400 566 μετ’
2422 493 2484 548 οὐ
2515 494 2684 547 πολὺν
2714 492 2906 564 χρόνον
2938 495 3033 548 καὶ
3061 494 3162 567 τὴν
3183 494 3408 567 Γραφην
3432 495 3616 568 ἔμελ-

305 592 503 647 erant?
530 589 766 647 Ubinam
800 592 987 663 itaque
1026 592 1299 649 inveniam
1333 593 1515 649 locum
1559 592 1831 649 incohare

2120 586 2511 662 ἀναδέξασθαις
2553 586 2716 639 Ὥστε
2752 585 2856 639 ποῦ
2915 586 2982 640 ἂν
3003 586 3154 656 εὕροι
3184 589 3285 658 μὲν
3316 588 3509 660 χώραν
3529 590 3621 659 ges

305 685 397 739 tia:
426 684 480 738 in
507 685 709 754 quibus
739 685 945 740 dictum
974 693 1060 741 est
1090 702 1136 739 :t
1173 683 1493 755 Ubicunque
1553 684 1831 754 praedicata

2098 680 2381 749 ινάρτητον
2402 680 2459 732 ὲν
2485 673 2566 739 οἷς
2595 677 2840 748 εἴρηταιο
2878 695 2897 728 ι
2929 677 3103 731 Ὅπου
3122 678 3217 732 ὲᾶν
3251 679 3512 751 κηρυχθῇ
3544 680 3624 733 τὸ

308 775 473 831 fuerit
495 776 848 847 Evangelium
872 776 999 843 hoc,
1028 776 1242 832 dicetur
1262 785 1315 831 et
1350 775 1494 845 quod
1525 775 1642 831 haec
1669 773 1834 831 feciti

2092 772 2332 841 ιγγέλιον
2345 769 2523 834 τοῦτο,
2544 768 2910 840 λαληθήσεται
2928 771 3020 824 καὶ
3043 768 3073 823 ὃ
3093 770 3349 842 ἐποίησεν
3368 770 3517 842 αὕτη
3537 789 3557 837 ;
3589 788 3618 823 ι

308 863 368 920 Si
398 881 530 921 vero
562 865 915 937 Evangelium
944 867 1119 937 ipsam
1150 867 1293 936 piam
1339 866 1608 921 actionem
1639 867 1765 936 quis
1796 882 1830 938 p

2090 863 2236 918 δὲτὸ
2266 862 2599 933 Εὑαγγέλιον
2647 861 2817 934 αὐτὴν
2875 862 3207 917 εύσεϐοὖσαν
3253 864 3460 935 πρᾶξίν
3506 881 3610 928 τις

309 957 506 1011 taverit
539 956 810 1022 mulieris,
871 971 1051 1025 neque
1105 956 1185 1011 sic
1235 956 1370 1023 ipsis
1415 955 1527 1010 ullo
1566 955 1731 1010 modo
1758 957 1835 1012 ins

2099 958 2253 1027 οήσει
2287 955 2387 1026 τῆς
2414 954 2694 1025 γυναικὸς,
2726 954 2834 1009 οὐδ’
2856 953 3032 1019 οὕτως
3066 955 3251 1019 αὐτοῖς
3280 954 3555 1026 οὐδαμῶς
3584 958 3624 1009 ὁ

306 1048 525 1119 pientite
578 1048 875 1103 adhaerebit
924 1047 1161 1103 macula.
1207 1045 1325 1102 Non
1376 1048 1522 1103 enim
1575 1047 1832 1119 simplicit

2098 1066 2100 1075 ν
2136 1046 2453 1118 ἀδολεσχίας
2486 1045 2828 1118 προσάψαιτο
2867 1045 3077 1118 μῶμος.
3124 1047 3201 1100 Ού
3246 1048 3354 1118 γάρ
3404 1047 3624 1110 ἁπλῶς

305 1140 447 1195 dixit
478 1156 490 1191 :
530 1156 550 1189 ι
585 1138 910 1209 Ubicunque
936 1139 1288 1209 praedicatum
1316 1137 1501 1206 fuerit,
1516 1140 1779 1206 dicetur,»
1802 1157 1828 1198 s

2095 1157 2139 1209 ι,
2204 1156 2225 1191 ι
2279 1139 2456 1192 Ὅπου
2506 1139 2604 1193 ὲάν
2671 1139 2958 1211 κηρυχθῇ,
3016 1140 3381 1212 λαληθήσεται
3408 1180 3425 1206 ,
3484 1141 3621 1195 ἀλλ’

311 1251 331 1283 ι
374 1229 697 1302 Ubicunque
730 1231 1084 1301 praedicatum
1119 1230 1302 1299 fuerit,
1352 1231 1406 1286 in
1429 1232 1750 1288 memoriam
1777 1234 1837 1304 ejn

2095 1232 2242 1285 σπου
2289 1232 2384 1286 ἐὰν
2416 1232 2701 1304 κηρυχθῇ,
2727 1233 2811 1297 είς
2839 1232 3185 1304 μνημόσυνον
3210 1233 3385 1303 αὐτῆς
3426 1233 3621 1303 λαλη-

306 1323 519 1380 dieetur
538 1341 586 1389 ς»
607 1323 658 1379 id
687 1332 769 1379 est
799 1323 1026 1393 gloriam
1053 1323 1229 1395 ipsius
1258 1339 1552 1393 perennem
1585 1325 1828 1381 suscitab

2100 1334 2259 1376 ἐται·
2309 1341 2327 1375 ι
2379 1321 2626 1376 τουτέστι
2677 1320 2835 1389 δόξαν
2885 1320 3071 1383 αὐτοῖς
3106 1320 3188 1384 είς
3245 1322 3626 1393 μνημόσυνον

306 1423 360 1469 et
392 1405 595 1484 ubique
640 1415 969 1469 admiratum
1019 1416 1452 1472 circumsonabit
1484 1418 1688 1473 amoris
1721 1417 1830 1473 divi

2095 1414 2173 1484 τῆς
2228 1414 2558 1487 ἀείμνηστον
2614 1415 2951 1484 ἀναστήσει,
2998 1413 3094 1469 καὶ
3132 1414 3408 1485 πανταχοῦ
3460 1414 3621 1468 θαυ-

308 1505 704 1560 testimonium.
735 1504 1052 1561 Memoriam
1081 1507 1229 1562 enim
1266 1522 1423 1562 sacra
1455 1506 1685 1579 Eloquia
1715 1509 1831 1565 sole

2100 1506 2305 1577 ῖόμενον
2348 1507 2661 1580 περιηχήσῃ
2696 1505 2758 1560 τὸ
2795 1506 3062 1575 φιλόθεον.
3108 1507 3181 1560 Τὸ
3227 1506 3336 1579 γάρ
3385 1507 3626 1579 μνημό-

306 1598 555 1668 accipere
581 1613 681 1668 pro
710 1598 962 1656 laudibus
992 1602 1271 1671 praeclare,
1308 1613 1361 1657 et
1390 1603 1618 1674 gloriam
1641 1604 1832 1660 subind

2096 1615 2156 1652 ον
2213 1599 2282 1653 τὰ
2337 1599 2457 1671 ίερά
2514 1599 2686 1668 Λόγια
2754 1596 2912 1652 εἴωθε
2969 1598 3429 1669 παραλαμϐάνειν
3504 1598 3622 1653 ἐπὶ

305 1705 432 1746 care
449 1690 731 1747 ﬂorentem
763 1701 819 1746 et
847 1707 972 1747 cum
1000 1696 1260 1763 temporis
1291 1709 1457 1750 cursu
1493 1696 1784 1766 vigentem.
1820 1695 1831 1747 1

2100 1693 2290 1765 ωμίων
2321 1693 2625 1766 λαμπρῶς,
2660 1696 2756 1749 καὶ
2787 1694 2947 1761 δόξαν
2986 1691 3286 1762 ύποδηλοῦν
3323 1691 3626 1745 ἀνθοῦσαν

304 1782 438 1840 illud
459 1802 502 1838 τι
533 1783 591 1839 1n
626 1786 949 1840 memoriam
983 1800 1245 1841 aeternam
1278 1789 1382 1843 erit
1396 1787 1580 1857 justus
1607 1791 1674 1844 δ’.
1709 1808 1729 1842 δ
1769 1788 1830 1845 Et

2108 1787 2185 1858 τῷ
2200 1786 2295 1841 τοῦ
2317 1788 2511 1858 χρόνου
2534 1787 2718 1860 δρόμῳ
2744 1784 3221 1856 συνακμάζουσαν·
3245 1784 3326 1847 ὡς
3344 1783 3430 1837 τό·
3450 1801 3475 1836 ι
3508 1783 3624 1847 Et:

310 1893 330 1927 ι
369 1873 541 1931 Periit
583 1876 847 1931 memoria
897 1893 1088 1932 eorum
1121 1894 1245 1934 cum
1293 1880 1477 1935 sonitu
1493 1881 1588 1957 ,ης
1628 1901 1647 1935 ι
1674 1891 1728 1938 et
1758 1883 1829 1938 tal

2102 1901 2107 1950 ι
2117 1879 2346 1950 μόσυνον
2365 1879 2581 1934 αίώνιον
2607 1879 2758 1933 ἔσται
2773 1879 3000 1942 δίκαιος·
3026 1896 3043 1929 ι
3064 1876 3179 1930 καί·
3201 1893 3220 1927 ι
3243 1875 3538 1929 Ἀπώλετο
3550 1874 3628 1928 τὸ

307 1967 501 2021 multa.
534 1965 703 2023 Recte
736 1983 869 2022 vero
913 1970 1143 2039 gloriam
1196 1970 1427 2039 inducit,
1484 1972 1731 2029 mulieris
1762 1990 1833 2030 sai

2092 1972 2342 2043 ιμόσυνον
2389 1973 2556 2026 αὐτοῦ
2596 1972 2716 2043 μετ’
2744 1973 2900 2043 ἢχουο
2940 1989 2959 2022 ι
2992 1971 3086 2023 καὶ
3122 1967 3297 2022 πολλὰ
3340 1966 3618 2021 τοιαῦτα.

306 2066 455 2113 ctum
481 2056 683 2113 factum
718 2059 1055 2129 proclamat;
1084 2076 1206 2115 cum
1231 2063 1374 2117 enim
1426 2063 1504 2118 illi
1560 2064 1832 2135 vituperin

2100 2059 2237 2123 ότως
2257 2061 2314 2115 δὲ
2340 2061 2500 2129 δόξαν
2522 2061 2741 2130 ἐπάγει,
2759 2062 2859 2133 τὴν
2882 2060 2979 2130 τῆς
2996 2058 3253 2128 γυναικὸς
3275 2056 3626 2129 ἱερουργίαν

307 2160 364 2205 et
396 2151 665 2205 maculam
720 2151 1100 2219 imprimerent
1152 2153 1320 2209 Deum
1370 2156 1575 2209 amanti
1629 2155 1775 2213 facto
1806 2173 1832 2214 ε

2102 2153 2403 2223 παγορεύει·
2444 2154 2569 2207 ἐπεὶ
2617 2153 2726 2225 γὰρ
2776 2153 2977 2206 ὲκεϊνοι
3037 2151 3209 2221 ψόγον
3251 2150 3347 2203 καὶ
3397 2147 3628 2219 μῶμον

306 2240 510 2313 pientis
541 2243 850 2300 meretricis
880 2254 935 2299 et
963 2261 1058 2315 per
1093 2246 1522 2315 increpationem
1558 2248 1730 2318 ipsam
1765 2264 1831 2319 ag

2099 2245 2285 2319 τριϐον
2311 2248 2378 2316 τῇ
2409 2244 2639 2316 φιλοθέῳ
2670 2244 2870 2316 πράξει
2922 2244 3025 2313 τῆς
3075 2244 3351 2313 σώφρονος
3381 2240 3623 2312 πόρνης

310 2342 453 2403 rent,
485 2349 550 2389 ea
581 2335 648 2390 de
686 2351 857 2392 causa
894 2338 1149 2392 Salvator
1188 2339 1311 2395 aliis
1349 2341 1735 2410 praetermissis
1773 2358 1836 2412 qn

2117 2337 2186 2391 δι’
2215 2338 2591 2408 ἐπιτιμήσεως
2623 2336 2792 2406 αὐτὴν
2822 2331 2977 2406 ἦγον,
3014 2337 3210 2389 τούτου
3242 2334 3405 2405 χάριν
3428 2335 3458 2387 ό
3498 2334 3628 2387 Σω-

308 2431 652 2500 propositnm
680 2441 981 2487 consecuta
1014 2442 1142 2487 sunt
1170 2432 1399 2499 factum,
1438 2434 1651 2490 laudem
1680 2450 1834 2505 prtem

2098 2460 2099 2463 η
2123 2427 2191 2481 τά
2220 2428 2356 2482 ἄλλα
2384 2428 2580 2500 παρεὶς
2605 2427 2641 2482 ἃ
2667 2431 2733 2499 τῇ
2760 2429 3103 2500 προκειμένῃ
3136 2428 3423 2482 συνείπετο
3448 2429 3624 2500 πράσ-

310 2522 384 2577 sit
412 2530 466 2575 et
496 2523 749 2592 gloriam,
776 2524 1145 2579 celebritatem
1183 2526 1311 2580 facti
1348 2526 1552 2597 ubique
1574 2529 1830 2600 pervulga

2098 2566 2099 2575 η
2129 2518 2226 2573 τὸν
2269 2520 2493 2574 ἔπαινον
2540 2519 2805 2591 ἀντέθηκε
2842 2521 2938 2574 καὶ
2972 2522 3071 2589 τὴν
3100 2520 3279 2585 δόξαν,
3315 2521 3379 2574 τὸ
3430 2538 3624 2593 περι-

309 2614 454 2671 dam.
479 2614 774 2685 Oportebat
800 2619 946 2673 enim
976 2634 1165 2673 eorum
1197 2619 1398 2689 quibus
1432 2620 1507 2674 illi
1537 2622 1731 2676 acerba
1775 2623 1835 2676 hu

2096 2627 2214 2682 »μον
2235 2612 2334 2681 τῆς
2364 2612 2630 2682 ἐργασίας
2683 2612 2960 2683 πανταχοῦ
3003 2612 3396 2683 διαπλωθῆναι.
3440 2614 3622 2668 Ἔδει

310 2710 689 2781 partiebantur
719 2712 1065 2782 increpantes
1096 2722 1150 2767 et
1182 2715 1422 2768 animam
1469 2713 1836 2770 confundebar

2101 2721 2107 2749 ι
2160 2699 2243 2765 οἷς
2288 2704 2485 2757 ἐκεῖνοι
2543 2705 2605 2757 τὸ
2635 2704 2961 2774 σκυθρωπὸν
3003 2706 3144 2777 αὐτῇ
3191 2705 3627 2771 κατεσκέδαζον

310 2801 600 2856 contrariis
631 2803 837 2858 hortari
868 2813 922 2858 et
951 2820 1219 2872 recreare,
1250 2818 1301 2862 et
1336 2822 1559 2862 sensum
1603 2807 1783 2862 laetum
1819 2809 1832 2862 i

2100 2794 2363 2864 τιμῶντες
2425 2795 2519 2848 καὶ
2563 2796 2663 2867 τὴν
2701 2798 2879 2866 ψυχὴν
2932 2797 3203 2868 συνέχεον,
3230 2798 3440 2852 τούτων
3489 2801 3626 2864 τοῖς

310 2900 366 2947 et
390 2893 756 2949 exsultantem
788 2895 1097 2962 restituere,
1143 2898 1309 2952 simul
1328 2914 1458 2953 vero
1496 2908 1549 2954 et
1592 2900 1835 2971 praecipit

2101 2884 2265 2947 ντίοις
2313 2886 2674 2955 παρακαλεῖν,
2712 2889 2808 2941 καὶ
2846 2888 3208 2952 ἀνακτᾶσθαι,
3242 2889 3432 2943 καὶτὸ
3478 2891 3627 2961 φρός

312 2983 515 3038 tionem
545 2986 923 3040 accusantium
950 2985 1184 3042 frenare.
1218 2988 1386 3054 Quasi
1421 3007 1435 3044 :
1466 2990 1625 3061 Apud
1662 3006 1762 3048 vos
1788 3008 1838 3047 cr

2098 2992 2147 3027 ια
2172 2976 2364 3045 χαῖρον
2389 2976 2525 3047 αὐτῇ
2554 2978 2649 3030 καὶ
2671 2978 3080 3050 άγαλλιώμενον
3105 2979 3624 3049 ἀποκαθιστάνειν,

311 3074 707 3129 minationibus
738 3076 1047 3146 subjectum
1089 3078 1292 3132 factum
1318 3081 1667 3150 proclamans
1706 3081 1837 3136 Salv;

2101 3068 2196 3121 ιδὲ
2219 3071 2313 3122 καλ¹
2358 3071 2459 3141 τὴν
2496 3072 2827 3143 προπέτειαν
2860 3072 2970 3128 τῶν
3019 3075 3433 3144 αἰτιασαμένων
3466 3077 3627 3132 ἀνα-

311 3166 448 3220 loris
501 3182 703 3231 sermo,
734 3182 840 3221 non
897 3177 1110 3223 tantum
1164 3178 1248 3225 est
1294 3172 1577 3227 absolutus
1630 3174 1698 3227 ab
1747 3192 1833 3229 om

2102 3160 2273 3223 τίζειν
2293 3177 2306 3190 ·
2339 3164 2625 3233 μονονουχὶ
2660 3165 2723 3217 τὸ
2771 3164 2903 3236 παρ’
2928 3164 3083 3235 ὑμῶν
3115 3166 3318 3229 αἰτίαις
3351 3168 3624 3222 67:060.).-

312 3259 567 3322 crimine,
604 3262 699 3315 sed
729 3268 784 3316 et
810 3260 1014 3327 ubique
1039 3262 1444 3332 przedicabitur,
1479 3279 1545 3318 ex
1572 3267 1838 3320 meretrici

2100 3272 2228 3307 ,ενον
2278 3255 2441 3326 ἔργον
2490 3258 2736 3311 ἀναϐοῶν
2781 3260 2809 3312 ὁ
2868 3262 3137 3331 σωτήριος
3166 3261 3324 3330 λόγος
3354 3279 3368 3290 ⁸
3421 3261 3516 3327 ὡς
3553 3265 3626 3317 οὐ

315 3352 654 3422 germinibus
684 3350 872 3406 ﬂorem
898 3353 1187 3423 prudentia
1223 3354 1474 3410 eliciente
1504 3357 1821 3426 speciosum

2102 3364 2167 3401 ιον
2219 3348 2367 3403 ἐστὶν
2412 3350 2817 3422 ἀπολελυμένος
2862 3353 3045 3423 πάσης
3087 3355 3266 3417 αἰτίας
3309 3354 3455 3409 ἀλλὰ
3517 3358 3628 3410 καὶ

315 3443 849 3503 immarcescibilem.
881 3455 936 3499 et
984 3445 1367 3501 admirabilem
1423 3462 1643 3502 sensum
1683 3449 1841 3503 demo

2102 3438 2284 3509 ιταχοῦ
2317 3440 2746 3512 κηρυχθήσεται,
2809 3444 2908 3513 τῆς
2953 3445 3017 3496 ἐκ
3047 3443 3322 3516 πορνικῶν
3359 3443 3628 3517 βλαστη-

315 3536 534 3601 strabit,
560 3546 614 3591 et
638 3537 1010 3593 sublimiorem
1055 3554 1214 3608 quam
1242 3554 1338 3607 pro
1375 3538 1578 3594 femina
1614 3540 1841 3611 cogitth

2102 3548 2193 3585 των
2216 3532 2375 3596 ἄνθος
2412 3533 2769 3604 σωφροσύνης
2803 3535 3145 3605 ἀνασχούσης
3164 3536 3373 3607 ὡραῖόν
3403 3554 3469 3589 τε
3515 3539 3628 3594 καὶ

314 3644 440 3684 nem
496 3630 793 3699 accepisse,
832 3629 998 3685 Deum
1041 3633 1261 3687 novisse
1294 3639 1349 3687 et
1382 3632 1667 3688 sacriﬁciis
1717 3632 1840 3686 divi:

2098 3624 2345 3695 ipavrov,
2401 3626 2493 3678 καὶ
2552 3623 2866 3695 θαυμασίαν
2904 3627 3002 3697 τὴν
3056 3628 3282 3697 γνώμην
3306 3629 3624 3698 ἐπιδείξει,

316 3721 582 3777 instinctu
640 3722 898 3788 coluisse,
958 3740 1118 3793 quem
1181 3724 1417 3778 humana
1460 3723 1638 3780 forma
1665 3725 1842 3781 circun

2127 3715 2468 3787 ὑψηλοτέραν
2495 3717 2527 3787 ἢ
2548 3718 2689 3770 κατὰ
2714 3720 2951 3785 γυναῖκα
2970 3719 3223 3790 φρόνημα
3248 3719 3445 3774 λαϐεῖν
3471 3722 3630 3787 θεὸν

319 3812 549 3883 tegebat.
577 3810 704 3868 Ideo
733 3825 787 3868 et
812 3814 946 3869 ﬁnes
974 3822 1134 3870 terrae
1155 3814 1484 3871 videbuntur
1507 3816 1842 3872 beatitudine

2101 3807 2302 3876 γνῶναι
2325 3809 2419 3861 καὶ
2440 3808 2653 3872 θυσίαις
2672 3809 2905 3873 θειάσαι,
2924 3809 2983 3862 ὃν
3005 3812 3037 3881 ή
3066 3810 3385 3883 ἀνθρωπίνη
3414 3815 3627 3885 μορφὴ

316 3906 394 3964 illi
425 3906 633 3964 donare
661 3914 717 3963 et
749 3906 961 3963 laudes.

2102 3901 2359 3956 ›ιέστελλε
2388 3919 2402 3933 ο
2446 3902 2526 3956 διδ
2579 3905 2678 3957 καὶ
2724 3904 2795 3958 τὰ
2844 3904 3059 3975 πέρατα
3109 3905 3209 3974 τῆς
3261 3904 3628 3977 οἰκουμένης

2006 3994 2305 4065 ὀφθήσεται
2344 3994 2437 4048 τὸν
2491 3996 2845 4067 μακαρισμὸν
2877 3998 3017 4067 αὐτῇ
3048 3995 3486 4067 δωροφοροῦντα
3517 3999 3628 4053 καὶ

2006 4087 2072 4144 τὰ
2104 4087 2376 4159 ἐγκώμια.

698 4174 1024 4243 ΩΒᾹΞδΤΙΟ
1065 4177 1180 4233 ωτι
1228 4178 1327 4252 [ιιι.
1364 4178 1503 4254 LV].
1987 4180 1992 4184 ’

1987 4180 1992 4184 ·
2548 4180 2886 4235 sperum
2909 4180 3054 4247 Nq'.

319 4266 614 4342 Quemnam
638 4284 849 4323 sensum
888 4280 966 4325 est
1009 4287 1325 4341 consequens
1366 4283 1413 4325 et
1452 4272 1845 4342 irreprelzensibi

2104 4289 2152 4325 ια
2191 4271 2342 4327 γοῦν
2393 4272 2564 4327 ἐστιν
2612 4273 2956 4342 ἀκόλουθον
3007 4271 3104 4325 καί
3150 4270 3630 4339 ἀδυσςρήμητον

390 4339 705 4412 intecstiggre
729 4351 780 4393 et
814 4342 1104 4412 intelligere
1125 4339 1217 4412 per
1250 4344 1511 4397 Davidica
1544 4339 1698 4397 uerba
1727 4344 1905 4397 dicen-

2102 4343 2433 4411 ἱνιχνεῦσαι
2460 4343 2556 4396 καὶ
2590 4341 2962 4409 κατανοῆσαι
2996 4343 3095 4396 διὰ
3126 4342 3241 4395 τῶν
3256 4342 3628 4397 Δαυῖὃικῶν

391 4410 468 4483 tia
499 4408 842 4483 .jsTt'bt’soli
867 4408 1076 4480 peccavi
1096 4408 1145 4466 et
1176 4414 1379 4477 malum
1414 4429 1595 4467 coram
1619 4426 1666 4467 te
1697 4414 1816 4483 feci,
1846 4424 1903 4466 ut

2104 4408 2723 4483 imi-ritwelsrdrtwr,
2760 4432 2776 4464 ι
2820 4408 2921 4465 Σοὶ
2958 4415 3126 4481 μόνῳ
3165 4412 3446 4483 ἢμαρτοτς
3517 4413 3630 4468 καὶ

384 4478 696 4555 justi/ieceris
731 4482 783 4537 in
809 4476 1138 4538 sermonibus
1184 4476 1289 4539 tuis
1321 4494 1371 4540 et
1396 4484 1577 4539 vincas
1612 4476 1733 4538 cuin
1760 4476 1906 4555 judi-

2104 4476 2439 4555 ’ὅπονῃρρν
2468 4476 2727 4555 ἐνώπιόν
2753 4500 2869 4537 σου
2897 4476 3375 4555 ἐάοίησα,”ὄᾳέως
3412 4480 3505 4555 ἂν
3531 4484 3630 4555 διε

389 4551 528 4605 caris
552 4552 576 4606 ?
614 4569 633 4604 ι
1761 4551 1772 4555 ⁷
2082 4552 2341 4620 καιωθῇς
2372 4553 2443 4607 ἐν
2467 4554 2591 4620 τοῖς
2620 4555 2825 4623 λόγοις
2848 4570 2965 4608 σου
2998 4553 3098 4607 καὶ
3128 4552 3395 4620 νικήσῃς
3420 4554 3507 4607 ὲν
3539 4554 3632 4619 τῷ

2084 4624 2394 4692 κρίνεσθαί
2419 4639 2494 4677 σε
2518 4641 2539 4691 ;

1346 4759 1489 4812 Edita
1508 4774 1536 4810 a
1559 4758 1702 4820 Maio,
1733 4764 1767 4811 Ι.
1796 4775 1861 4823 c.,
1883 4774 1931 4825 p.
1951 4761 2002 4811 61
2027 4760 2118 4812 -65,
2156 4761 2212 4812 In
2237 4760 2367 4811 Psal.
2395 4775 2441 4821 ι,
2476 4759 2526 4811 6.

393 4868 623 4940 Propria
652 4869 872 4940 quidem
901 4870 1233 4928 diﬂicultatis
1270 4874 1471 4930 solutio
1499 4883 1555 4930 et
1581 4874 1649 4929 ad
1682 4873 1899 4929 Davidi-

2107 4870 2392 4935 Ιδιάζουσα
2416 4869 2517 4942 μὲν
2534 4867 2628 4923 τοῦ
2645 4869 2878 4941 διαπορή
2888 4884 3056 4938 ματος
3087 4866 3329 4930 ἑπίλυσις
3348 4868 3456 4921 καὶ
3477 4868 3633 4940 πρὸς

324 4976 446 5018 cam
473 4962 799 5032 sapientiam
850 4973 1045 5033 aptans
1098 4964 1151 5019 id
1197 4966 1344 5036 quod
1384 4967 1600 5023 videtur
1627 4965 1850 5023 declara‘

2107 4985 2109 5002 ι
2150 4964 2444 5036 Δαυῖδικὴν
2502 4961 2694 5033 σοφίαν
2739 4958 3263 5034 καταρῤυθμίζουσα
3303 4959 3367 5012 τὸ
3412 4960 3633 5015 δοκοῦν

323 5053 620 5108 verborum
655 5054 737 5109 vel
758 5053 826 5108 ad
856 5053 1253 5111 dissonantiam
1283 5057 1705 5125 propensionem
1733 5056 1849 5128 majt

2107 5057 2376 5128 ιμφαίνειν
2395 5055 2503 5109 τῶν
2533 5054 2794 5126 ῥημάτων
2826 5054 2921 5107 καὶ
2945 5052 3080 5123 πρὸς
3110 5048 3421 5118 διαφωνίαν
3448 5052 3633 5124 ἐπιρ-

323 5160 465 5212 rem,
494 5144 659 5200 talis:
691 5143 807 5202 Non
839 5154 921 5200 est
965 5147 1249 5216 responsio
1276 5147 1343 5201 ad
1375 5147 1507 5202 illud
1540 5162 1552 5196 ε
1590 5165 1611 5200 ι
1648 5146 1770 5203 Tibi
1802 5164 1849 5204 se

2106 5151 2365 5220 ιιστερον,
2388 5146 2611 5217 τοιαύτη
2635 5146 2737 5201 οὐκ
2752 5144 2897 5199 ἐστιν
2921 5143 3278 5206 ἀνταπόδοσις
3300 5141 3428 5208 τοῦ,
3471 5163 3493 5195 ι
3518 5144 3632 5199 ’Σοὶ

324 5238 584 5307 peccavi;
618 5256 637 5289 ι
676 5236 807 5293 illud
841 5254 856 5290 :
897 5258 914 5289 ι
952 5235 1022 5293 Ut
1067 5239 1383 5309 justiticeris
1433 5240 1490 5295 in
1556 5242 1850 5297 sermonibi

2108 5261 2164 5314 νῳ
2187 5243 2458 5314 ἥμαρτον,
2486 5240 2566 5302 τὸ,
2595 5258 2614 5292 ι
2643 5240 2840 5305 Ὅπως
2875 5238 2941 5292 ἂν
2963 5236 3257 5306 δικαιωθῇς
3282 5237 3341 5288 ὲν
3377 5238 3506 5301 τοῖς
3533 5237 3634 5292 λό-

325 5330 458 5399 tuis,
498 5350 518 5385 ι
550 5333 650 5388 etsi
683 5332 862 5387 locum
901 5333 1227 5401 praecedenti
1269 5334 1720 5405 propinquiorem
1761 5336 1851 5391 obt

2103 5354 2130 5402 ς
2158 5353 2275 5401 σου,
2314 5353 2333 5387 ι
2366 5336 2415 5387 εί
2445 5335 2540 5388 καὶ
2577 5335 2676 5403 τὴν
2711 5331 2865 5397 τάξιν
2901 5330 2995 5385 τοῦ
3048 5328 3481 5399 προηγουμένου
3519 5331 3628 5399 ἑγ-

325 5426 541 5492 nuerit;
576 5424 896 5481 redderetur
927 5436 1107 5481 autem
1139 5429 1313 5499 magis
1346 5428 1567 5498 proprie
1605 5437 1661 5484 et
1686 5430 1851 5499 sapiet

2103 5428 2252 5501 πέραν
2281 5427 2473 5499 ἔλαχεν
2494 5444 2508 5459 ·
2537 5424 2828 5495 ἀποδοθείη
2862 5424 2906 5477 δ’
2941 5425 3007 5479 ἂν
3037 5421 3372 5492 οἰκειότερόν
3410 5438 3475 5475 τε
3516 5421 3629 5477 καὶ

328 5517 458 5584 tius,
490 5516 536 5574 si
559 5526 707 5574 certe
734 5517 803 5572 ad
847 5532 910 5571 ea
945 5532 1068 5587 qua:
1096 5516 1168 5574 ab
1207 5517 1366 5574 initio
1405 5520 1738 5589 prmcedunt,
1769 5520 1854 5576 rel:

2106 5523 2345 5595 ιώτερον,
2380 5522 2435 5576 εί
2469 5538 2533 5591 γε
2557 5520 2645 5593 ’τῷ
2701 5520 2798 5573 ἀπ’
2826 5518 3002 5589 ἀρχῆς
3053 5514 3465 5589 προηγουμένῳ
3516 5514 3632 5588 τὴν

327 5612 532 5668 tionem
560 5620 908 5669 sumerentur
940 5609 1227 5670 habentia.
1253 5611 1426 5682 Quale
1455 5624 1540 5672 est
1572 5632 1617 5673 ιι
1649 5612 1853 5671 Misere;

2105 5616 2294 5688 ιφοράν
2325 5612 2710 5687 παραληφθείη
2742 5609 3116 5684 παρεχόμενον
3140 5623 3155 5640 ο
3182 5601 3317 5675 οἷον,
3345 5623 3369 5660 ι
3413 5606 3631 5681 Ἐλέη-

311 5870 324 5878 _
396 5793 449 5875 ξ’
479 5790 602 5848 Ρεσι
654 5805 743 5861 cx,
786 5792 829 5849 ίι.
934 5792 1131 5852 'Psal.
1167 5812 1241 5865 ix,
1277 5796 1325 5851 7.
1398 5796 1407 5803 ’
