3864 6208
160 230 253 297 39';
1119 222 1218 282 AD
1248 221 1844 284 AMPHILOCHIUM
1875 220 2223 293 QUIESTIO
2260 220 2408 281 LVI.
3290 214 3398 279 398

163 341 242 395 σόν
262 354 336 409 με,
362 335 390 390 ό
414 333 568 399 Θεὸς,
598 331 740 387 κατὰ
785 331 929 405 μέγα
960 330 1109 399 ἔλεός
1142 351 1259 399 σου,
1306 336 1401 391 καὶ
1444 336 1589 391 κατά
1642 336 1689 390 τί

1882 336 1945 399 ei,
1972 335 2137 401 Deus,
2162 334 2466 391 secundum
2488 346 2743 405 magnam
2760 332 3198 392 misericordiam
3225 342 3408 399 tuam,

160 430 334 501 πλῆθος
347 426 450 481 τῶν
470 425 771 498 οἰκτιρμῶν
792 444 886 480 σου
909 425 1191 498 ἐξάλειψον
1213 428 1275 482 τὸ
1293 430 1553 501 ἀνόμημά
1577 448 1680 501 μου

1871 471 1872 480 χ
1910 429 2211 486 secundum
2246 426 2653 483 multitudinem
2694 428 3106 483 miserationum
3155 434 3397 491 tuarum,

162 523 287 583 ὅπως
304 518 361 572 ἂν
387 517 676 588 δικαιωθῇς
708 519 765 572 ὲν
790 519 899 579 τοῖς
929 517 1110 587 λόγοις
1136 535 1231 571 σου
1264 519 1358 572 καὶ
1388 521 1619 592 νικήσῃς
1657 523 1681 573 ὲ

1875 525 1939 579 :le
1970 522 2313 593 iniquitatem
2346 536 2546 585 meam,
2586 530 2646 575 ut
2676 519 2996 589 justiﬁeeris
3029 521 3087 574 in
3126 520 3401 575 sermoni-

164 611 232 683 τῷ
252 609 509 681 κρίνεσθαί
536 626 597 662 σε
620 626 633 640 ·
665 627 685 661 ι
710 608 848 662 τὰδὲ
864 608 999 663 ἄλλα
1018 608 1412 678 μεταξυλογίας
1426 611 1636 682 ἔχοντα,
1656 630 1690 666 οε

1878 630 1924 669 is
1952 615 2059 670 tuis
2087 622 2141 670 et
2165 614 2354 669 vineas
2400 628 2524 667 cum
2563 611 2829 682 iudicaris
2857 612 2926 664 “.
2967 629 2987 663 ι
3022 610 3228 665 Caetera
3272 625 3404 665 vero

166 703 417 776 περικόψει
431 702 520 755 τὸν
540 702 730 772 εἱρμὸν
747 702 872 756 οὔτε
893 702 991 771 τῆς
1007 700 1245 767 διανοίας
1256 701 1377 755 οὔτε
1403 706 1501 774 τῆς
1521 704 1688 759 συντά

1880 708 2059 764 edium
2093 707 2351 773 tenentia,
2379 721 2483 761 non
2517 705 2771 761 scindent
2802 719 3004 758 nexum
3055 719 3231 775 neque
3275 719 3406 758 sen-

171 797 299 861 ξεως.
315 796 456 849 Ποῖοι
476 794 522 847 δ’
544 794 609 848 ἀν
626 790 736 848 εἷεν
760 794 906 863 λόγοι
931 794 999 848 δι’
1021 788 1094 848 ὧν
1115 795 1144 848 ὀ
1161 794 1291 859 Θεὸς
1307 794 1473 849 ἐλεῶν
1488 795 1696 851 δικαιοῦ

1880 815 1919 856 IS
1949 814 2123 870 neque
2167 798 2399 853 ordinis.
2432 797 2669 865 Quinam
2707 803 2887 851 autem
2911 800 3098 850 essent
3124 808 3406 849 sermones

168 906 272 954 ταις
304 906 320 938 ι
351 888 416 939 Ἢ
438 887 564 955 λέγε
597 886 902 957 σὺ.πρῶτος
932 887 1034 951 τὰς
1066 887 1343 959 ἁμαρτίας
1368 906 1459 943 σου
1479 890 1627 953 ὅπως
1645 889 1694 943 δι

1882 892 2026 947 tibus
2067 891 2211 947 Deus
2267 890 2535 945 miserans
2590 887 2961 961 justilicatur?
3000 906 3017 940 ι
3053 886 3163 952 Aut
3208 886 3298 941 die
3351 894 3408 940 tu

170 977 379 1047 καιωθῇς
400 994 415 1009 ο
442 996 459 1026 ι
489 978 606 1039 καὶ,
630 978 713 1031 ὅτι
742 995 763 1028 ι
791 976 883 1048 Μὴ
910 977 1127 1048 θελήσει
1151 977 1362 1049 θελήσω
1382 979 1473 1032 τὸν
1493 979 1696 1034 θάνατοι

1885 985 2037 1040 imus
2066 991 2287 1054 peccata
2314 993 2405 1038 tua
2444 991 2502 1037 ut
2542 981 2861 1052 jusiﬁceris
2896 982 2973 1043 9";
3012 999 3029 1032 ι
3080 988 3172 1035 et:
3210 998 3228 1031 ι
3272 977 3411 1034 Nolo

170 1069 250 1123 τοῦ
288 1068 626 1139 ἀμαρτωλοί
674 1068 750 1133 ὡς
792 1069 852 1123 τὸ
902 1070 1257 1140 ἐπιστρέφειν
1284 1072 1448 1125 αὐτὸν
1492 1072 1599 1125 ἀπὸ
1621 1072 1690 1141 τῆ

1887 1085 2060 1133 ortem
2101 1076 2427 1147 peccatoris,
2450 1074 2546 1130 sed
2578 1074 2821 1130 converti
2877 1074 3056 1144 ipsum
3091 1088 3122 1128 a
3178 1074 3266 1128 via
3311 1087 3413 1127 sua

172 1158 274 1214 ὀδοῦ
299 1158 450 1213 αὑτοῦ
475 1159 575 1229 τῆς
609 1161 853 1232 πονηρᾶς
879 1160 973 1215 καὶ
1005 1160 1105 1233 ζῇν
1131 1179 1146 1194 ·
1190 1182 1208 1215 ι
1244 1163 1341 1216 καὶ
1370 1163 1553 1218 πάλιν.
1593 1183 1612 1216 ι
1646 1166 1698 1217 0‘.

1887 1168 1968 1223 ala
1999 1176 2053 1223 et
2096 1170 2278 1222 vivere
2309 1167 2378 1220 ".
2416 1184 2436 1218 ι
2463 1164 2528 1219 Ει
2582 1180 2779 1221 rursus
2814 1184 2827 1219 :
2864 1182 2883 1215 ι
2926 1162 3064 1218 Nolo
3125 1163 3413 1219 morientis

174 1252 294 1304 θέλω
314 1251 394 1305 τὸν
422 1250 517 1304 τοῦ
542 1250 983 1325 ἀποθνήσκοντος
1025 1253 1276 1319 θάνατον,
1314 1254 1431 1309 ἀλλ’
1464 1255 1700 1327 ὲπιστρέ

1888 1268 2083 1325 ortem,
2147 1259 2242 1315 sed
2289 1258 2624 1314 revertimini
2672 1265 2727 1311 et
2795 1257 2963 1311 vivite
2989 1257 3059 1311 ⁸⁷.
3099 1274 3117 1307 ι
3154 1253 3219 1308 Hi
3267 1254 3414 1308 enim

174 1344 292 1413 ψατε
320 1344 406 1398 καὶ
452 1343 711 1415 ζήσεσθε.
749 1365 768 1398 ι
806 1338 966 1401 Οὗτοι
1007 1347 1115 1419 γὰρ
1165 1348 1213 1401 οί
1261 1348 1412 1419 λόγοι
1454 1349 1700 1405 δικαισῦσ

1894 1366 2111 1407 rmoues
2145 1351 2450 1421 justiticant
2482 1349 2675 1416 Deum,
2719 1348 2879 1404 factis
2905 1346 3162 1403 humanis
3190 1345 3416 1401 ﬁrman-

175 1436 251 1489 τὸν
278 1435 421 1499 Θεὸν,
443 1434 629 1507 ἔργοις
654 1436 1061 1508 φιλανθρώποις
1093 1438 1444 1509 βεϐαιοῦντος
1459 1443 1556 1494 καὶ
1583 1458 1701 1509 συμ·

1887 1461 1939 1499 m
1995 1452 2051 1499 et
2107 1442 2508 1513 compassionis
2571 1440 3024 1497 miserationibus
3099 1440 3413 1508 implentem

176 1527 380 1591 παθείας
404 1530 713 1600 οἰκτιρμοῖς
737 1530 1144 1602 ἔκπληροῦντος
1160 1533 1380 1597 αὐτούς.
1414 1533 1477 1587 El
1500 1534 1609 1607 γὰρ
1628 1536 1702 1606 τῆ,

1888 1554 1974 1593 .os.
2004 1535 2061 1590 Si
2098 1536 2243 1591 enim
2276 1535 2539 1589 Davidico
2565 1541 2790 1604 peccato
2826 1526 2879 1587 et
2905 1532 3221 1603 paenitentia
3273 1541 3414 1586 tem-

178 1620 436 1691 Δαυῖδικῆς
504 1621 783 1691 ἁμαρτίας
840 1623 935 1676 καὶ
1007 1625 1372 1694 μεταμελείας
1424 1627 1503 1698 τῷ
1550 1628 1704 1699 χρόνή

1891 1646 1961 1685 πθ
1988 1629 2322 1700 posteriores
2353 1636 2503 1693 sunt,
2538 1636 2594 1681 at
2621 1637 2802 1682 tamen
2830 1627 2884 1680 in
2911 1626 3081 1680 David
3102 1623 3417 1695 prophetica

177 1710 574 1782 δευτερεύουσιν,
607 1712 723 1765 ἀλλ’
753 1708 846 1767 οὖν
874 1714 976 1785 τῆς
1007 1718 1066 1769 ὲν
1089 1714 1165 1784 τῷ
1193 1715 1356 1770 Δαυῖδ
1383 1720 1703 1791 προφητικῆη

1893 1739 1940 1777 in
1974 1732 2104 1778 sunt
2130 1720 2463 1791 posteriores
2490 1718 2738 1773 scientia.
2769 1716 2912 1783 Quia
2945 1725 2999 1771 et
3027 1718 3143 1786 ipse
3172 1714 3419 1785 psalmus

178 1802 229 1855 οὐ
263 1801 658 1872 δευτερεύουσιν
697 1804 971 1873 γνώσεως.
1020 1807 1173 1860 Ἐπεὶ
1219 1809 1316 1861 καὶ
1347 1808 1509 1873 αὐτὸς
1537 1812 1564 1863 ὁ
1592 1808 1701 1879 ψαλ

1894 1830 1943 1867 in
1993 1813 2176 1868 minus
2211 1811 2433 1866 Davidis
2474 1810 2733 1877 insculpit
2781 1808 3161 1878 paenitentiam
3202 1815 3257 1862 et
3284 1822 3420 1863 eon-

180 1893 264 1965 μδς
286 1894 378 1948 οὐκ
404 1894 623 1950 ἔλαττον
651 1896 751 1967 τὴν
794 1896 889 1950 τοῦ
931 1898 1096 1952 Δαυῒδ
1143 1900 1517 1971 στηλογραςρεῖ
1560 1902 1706 1970 μετά

1894 1904 2128 1960 ssionem
2187 1911 2242 1957 et
2274 1916 2441 1970 super
2474 1898 2719 1968 lapsibus
2774 1894 3210 1952 misericordiam
3255 1908 3420 1964 quam

180 2003 308 2041 νοιαν
338 1988 429 2041 καὶ
456 1988 868 2060 ἐξομολόγησιν,
912 1989 1009 2043 καὶ
1038 1990 1129 2044 τὸν
1158 1993 1249 2044 ἐπὶ
1282 1995 1395 2056 τοῖς
1426 1995 1706 2063 παραπτώη

1896 1994 2231 2050 »ειειίοιπίιιιιε
2264 1990 2604 2061 temporibus
2648 1988 3025 2058 captivitatem
3084 1985 3246 2040 Israel
3284 1999 3422 2054 pra:-

183 2095 322 2148 μασιν
367 2080 511 2134 ἔλεον
555 2081 587 2151 ἢ
638 2081 741 2153 τὴν
776 2080 1026 2153 ὑστέροις
1085 2084 1299 2153 χρόνοις
1354 2085 1709 2155 αἰχμαλωσίαε

1899 2086 2073 2149 tntiat,
2100 2094 2154 2141 et
2186 2082 2565 2139 misericordia
2608 2081 2860 2151 dignatos
2885 2093 3009 2134 esse
3034 2078 3133 2133 hos
3156 2086 3211 2131 et
3230 2076 3425 2130 huma-

179 2170 258 2224 τοῦ
314 2171 524 2243 Ἰσραὴλ
587 2173 989 2243 προαγγέλλειο
1041 2175 1137 2229 καὶ
1197 2176 1381 2240 ἐλέους
1436 2177 1705 2250 ἀξιωθῆνα

1899 2182 2006 2231 tate
2036 2175 2091 2229 in
2121 2174 2267 2244 typis
2297 2183 2351 2228 et
2382 2173 2555 2243 ﬁgura
2584 2172 2880 2251 implorata
2920 2168 3185 2224 divinitus
3229 2165 3425 2236 praedi-

181 2264 377 2328 τούτους
404 2264 494 2318 καὶ
518 2265 935 2335 φιλανθρωπίας
961 2268 1019 2321 έν
1045 2267 1381 2322 διατυπώσει
1406 2287 1464 2323 τε
1487 2272 1581 2323 καὶ
1608 2288 1707 2343 σχη

1897 2276 1951 2331 t,
2006 2265 2332 2320 audiendam
2386 2279 2508 2319 esse
2570 2263 2989 2318 exsultationem
3070 2267 3125 2314 et
3182 2256 3422 2313 laetitiam

186 2357 414 2427 ματισμῷ
450 2356 709 2429 δεομένου
740 2358 1123 2429 προθεσπίζει,
1149 2362 1643 2432 ἀκουτισθήσεσθαί
1677 2381 1706 2415 τ

1902 2356 2156 2427 'Ophetica
2211 2354 2535 2425 pronuntiat
2585 2351 2918 2424 cognitione,
2976 2348 3428 2419 exsultaturaque

183 2448 472 2514 ἀγαλλίασιν
499 2450 594 2502 καὶ
618 2450 961 2522 εὐφροσύνην
1011 2454 1325 2523 προφητικῇ
1366 2453 1709 2523 χρησμολογε

1910 2464 1969 2503 sa
2000 2446 2278 2502 humiliata
2312 2453 2366 2500 et
2396 2446 2592 2516 spiritu
2627 2442 2914 2514 principali
2957 2440 3334 2498 conﬁrmanda
3376 2447 3432 2494 et

184 2538 467 2608 διαγνώσει,
508 2541 942 2611 άγαλλιάσεσθαί
983 2560 1044 2596 τε
1087 2542 1251 2596 ὀστέα
1286 2544 1710 2614 ταταπεινωμένι

1909 2539 2005 2595 mis
2057 2538 2398 2593 aﬂlciendam
2442 2538 2630 2591 divino
2661 2536 3006 2606 beneplacito
3037 2535 3193 2599 Sion,
3242 2532 3435 2587 remdi-

185 2635 266 2686 καὶ
288 2637 548 2705 πνεύματι
604 2634 921 2706 ἡγεμονικῷ
968 2634 1351 2707 στηριχθῆναι,
1385 2636 1481 2689 καὶ
1507 2638 1711 2705 ἀγαθυν

1902 2630 2169 2699 :andaque
2216 2629 2398 2683 diruta
2458 2630 2658 2683 moenia
2710 2637 2763 2682 et
2817 2642 3011 2682 eversa
3099 2623 3428 2679 Jerusalem.

190 2724 327 2794 θῆναι
352 2724 467 2797 θείᾳ
493 2727 709 2797 εὐδοκία
739 2726 839 2797 τὴν
860 2726 1022 2790 Σιὼν,
1057 2726 1548 2797 ἀνοικοδομηθῆναε
1589 2747 1647 2781 τε
1675 2747 1716 2782 τι

1908 2722 2121 2777 ividicis
2170 2722 2334 2793 igitur
2379 2721 2601 2785 verbis,
2663 2720 2863 2775 nedum
2912 2721 3192 2790 (iungantur
3251 2727 3434 2773 trans-

190 2815 553 2887 πεπορθημένα
580 2816 737 2886 τείχη
782 2816 875 2869 καὶ
910 2815 1379 2886 κατήρειπωμένα
1405 2819 1504 2885 τῆς
1548 2815 1715 2885 Ἱερου

1905 2830 2067 2879 'esso,
2096 2814 2270 2885 tropis
2312 2823 2459 2869 recta
2515 2813 2748 2867 invicem
2804 2811 3234 2878 cohaerentibus,
3273 2809 3431 2875 nihil,

77 2910 92 2932 ⁵
192 2907 365 2978 σαλήμ.
399 2908 518 2961 Τῶν
539 2908 846 2962 Δαυῖδικῶν
866 2908 1133 2979 τοίνυνρη
1143 2906 1329 2977 μάτων
1355 2906 1478 2960 ἀντὶ
1496 2906 1591 2959 τοῦ

1931 2906 2138 2962 dictum
2191 2913 2294 2970 est,
2345 2903 2635 2960 discedens
2694 2918 2725 2957 a
2782 2902 3109 2958 rectitudine
3151 2910 3204 2956 et
3268 2914 3437 2955 sensu

195 3001 486 3069 ματίζεσθαι
520 2999 599 3070 τῷ
649 2998 1074 3071 ὕπερὸεόηκὺτι,
1118 2999 1227 3053 τῶν
1277 2998 1498 3070 τρόπων
1532 2998 1618 3052 ἐπ’
1649 2999 1721 3051 εὐι

1912 2998 2298 3070 ὀρὴοιίοοιιιιιι
2340 3011 2659 3052 sermonum
2699 2994 2975 3060 occurrit;
3008 2993 3263 3049 invocant
3291 2991 3438 3046 enim

196 3091 320 3154 θείας
340 3092 583 3163 ἀλλήλοις
597 3090 1044 3161 συναπτομένων,
1062 3091 1236 3156 οὐδὲν,
1261 3091 1336 3154 ὡς
1359 3090 1597 3160 εἴρηται,
1616 3106 1715 3144 στα

1914 3091 2202 3161 iperiorem
2254 3089 2688 3145 misericordiam
2735 3097 2789 3143 et
2842 3086 3299 3149 benevolentiam,
3344 3099 3440 3156 per

196 3183 356 3248 σιάζον
387 3185 521 3255 πρὸς
551 3184 654 3255 τὴν
673 3182 942 3254 ὀρθότητα
981 3182 1078 3236 καὶ
1128 3181 1351 3235 σύνεσιν
1388 3181 1498 3234 τῶν
1532 3198 1722 3252 προφηη

1922 3200 1986 3240 as
2030 3184 2203 3255 magis
2245 3183 2459 3254 justitia
2484 3183 2671 3238 elucet
2720 3181 2814 3236 Dei
2854 3191 2909 3237 et
2948 3182 3170 3237 veritas.
3202 3179 3279 3235 ita
3312 3192 3445 3249 ergo

194 3278 337 3329 τικῶν
387 3278 558 3346 λόγων
613 3276 832 3347 ἀπαντᾷ
860 3291 872 3304 ·
907 3273 1267 3329 ἐκκαλοῦνται
1304 3273 1413 3343 γὰρ
1440 3272 1501 3325 τὸ
1545 3271 1717 3325 ἀνωθε

1922 3276 2009 3331 :ile
2040 3284 2124 3331 est
2153 3284 2207 3331 et
2230 3275 2372 3330 haud
2409 3273 2712 3331 infaustum
2737 3274 3060 3344 conspicere
3086 3272 3365 3344 quomodo
3391 3277 3448 3326 et

197 3350 320 3432 ἔλεος
371 3369 461 3422 καὶ
516 3367 618 3440 τὴν
667 3366 979 3437 εὐμένειαν,
1030 3366 1099 3420 δι’
1128 3358 1204 3421 ὧν
1242 3364 1443 3435 μᾶλλον
1489 3364 1723 3435 ὴδικαιο

1919 3372 2170 3440 nbiguum
2214 3385 2310 3440 per
2335 3366 2549 3424 atiiuem
2589 3377 2797 3424 textum
2838 3383 3058 3424 sacrum
3118 3365 3445 3422 mundatum

200 3459 312 3531 σύνη
336 3461 630 3531 διαλάμπει
665 3459 761 3513 τοῦ
808 3458 943 3512 Θεοῦ
976 3458 1071 3512 καὶ
1096 3460 1130 3528 ή
1169 3456 1419 3528 ἀλήθεια.
1453 3456 1609 3511 Οὕτω
1655 3456 1721 3526 μὲ

1917 3475 1927 3519 t
1978 3472 2033 3517 et
2082 3462 2359 3532 prophetae
2409 3462 2651 3516 divinam
2703 3461 3029 3532 sapientiam
3082 3467 3139 3515 et
3185 3459 3443 3514 virtutem

199 3547 277 3605 οὖν
305 3553 424 3625 ῥᾷόν
458 3554 577 3607 ἐστι
609 3555 706 3606 καὶ
739 3551 1121 3622 ἀταλαίπωρον
1148 3550 1401 3621 συνορᾷν,
1430 3550 1576 3613 ὅπως
1602 3565 1660 3602 τε
1688 3566 1725 3601 τι

1924 3572 1967 3609 ill
2018 3556 2363 3620 adulterarit,
2422 3569 2599 3624 neque
2639 3553 2879 3623 aliquem
2934 3552 3450 3609 ratiocinationibus

200 3643 690 3715 ἀμφισϐητούμενον
715 3644 803 3698 διὰ
845 3643 944 3714 τῆς
971 3645 1267 3711 συγγενοῦς
1311 3642 1613 3712 ίερολογίας
1659 3642 1724 3695 ἀν

1927 3644 2076 3716 iiciat
2107 3646 2473 3701 turbationem
2502 3659 2625 3716 quae
2674 3660 2705 3701 a
2726 3645 2899 3701 Deum
2941 3644 3153 3701 decenti
3178 3644 3358 3699 aliena
3381 3640 3453 3697 sit

203 3735 457 3808 εκαθάρθη
480 3737 579 3792 καὶ
605 3737 708 3806 τὴν
740 3736 1087 3809 προφητικὴν
1110 3734 1400 3805 θεοσοφίαν
1426 3734 1523 3788 καὶ
1553 3734 1754 3805 ἀρετὴν
1865 3739 2169 3809 proposito.

204 3827 287 3882 of»:
336 3830 634 3895 ὲνόθευσεν,
689 3828 813 3883 οὐδέ
869 3846 991 3883 τινα
1044 3831 1323 3899 λογισμοῖς
1378 3828 1637 3898 ἐμϐάλλει
1694 3829 1997 3903 δισταγμὸν
2061 3836 2155 3887 καὶ
2206 3834 2311 3906 τῆς
2351 3833 2696 3905 θεοπρεποῦς
2753 3833 3035 3905 ἀλλότριον
3095 3831 3451 3902 ὑπολήψεως.

275 3926 414 3980 Ἐπεὶ
471 3926 529 3980 δὲ
574 3926 633 3979 τὸ
687 3924 789 3994 μὲν
845 3923 1125 3975 Δαυῐοικδν
1172 3921 1337 3994 ρητδν
1369 3921 1639 3988 ἰδιάζοντα
1666 3920 1759 3977 τὸν

1941 3925 2079 3981 Cum
2110 3942 2240 3981 vero
2290 3926 2604 3982 Davidicum
2654 3925 2877 3996 quidem
2929 3925 3134 3979 dictum
3170 3922 3450 3992 propriam

205 4018 551 4090 καταρτισμὸν
601 4017 847 4088 εὑρίσκει
893 4015 988 4068 καὶ
1034 4015 1133 4089 τὴν
1171 4014 1498 4087 εὐμάρειαν,
1543 4016 1650 4069 εἰσί
1703 4015 1729 4069 δ

1930 4018 2269 4074 νηηειίοιιεω
2322 4017 2562 4072 inveniat
2603 4025 2657 4073 et
2685 4018 2882 4072 bonam
2944 4016 3315 4085 partitionem,
3346 4015 3456 4069 sint

206 4110 288 4163 καὶ
312 4110 439 4163 ἄλλα
468 4100 643 4163 πολλὰ
674 4106 783 4161 τῶν
816 4106 1015 4176 λογίων
1048 4106 1147 4178 τὴν
1194 4106 1364 4175 αὐτὴν
1403 4107 1503 4176 μὲν
1534 4108 1729 4177 ζήτησι

1948 4110 2053 4164 alia
2086 4109 2259 4164 multa
2295 4110 2511 4178 eloquia
2550 4109 2800 4163 eamdem
2850 4107 3264 4177 inquisitionem
3300 4106 3450 4161 exci-

206 4202 567 4274 ἀναδεχόμεναι,
605 4202 664 4255 οὐ
699 4201 791 4255 διὰ
833 4201 929 4271 τῆς
980 4200 1153 4270 αὐτῆς
1184 4199 1241 4253 δὲ
1285 4198 1507 4268 μεθόδου
1539 4199 1732 4253 ὲπιλυό

1926 4204 2092 4267 entia,
2126 4217 2236 4258 non
2271 4212 2451 4258 autem
2493 4216 2589 4272 per
2617 4202 2865 4256 eamdem
2899 4198 3217 4254 methodum
3251 4197 3450 4263 soluta,

211 4309 346 4361 μενα,
373 4295 589 4366 ἄμεινον
619 4294 714 4348 ἐπὶ
755 4293 855 4364 τὴν
906 4292 1341 4363 καθολικώτερον
1364 4292 1539 4347 ταῦτα
1572 4292 1731 4363 θεουρ

1929 4296 2069 4353 elius
2111 4305 2196 4353 est
2230 4297 2297 4352 ad
2328 4295 2502 4367 magis
2546 4293 2817 4351 eatboliee
2854 4294 2969 4348 haec
3010 4291 3275 4347 divinitus
3320 4305 3453 4361 ope-

210 4382 389 4450 γοῦσαν
438 4386 531 4439 καὶ
602 4381 1041 4447 διευθετίξουσαν
1104 4382 1437 4453 ἀναδραμεῖν
1501 4380 1733 4452 θεωρίαν

1932 4397 2082 4444 ntem
2116 4396 2173 4443 et
2198 4387 2337 4443 bene
2367 4396 2696 4443 statuentem
2739 4400 3023 4441 recurrere
3080 4383 3369 4445 theoriam,
3402 4392 3456 4436 et

213 4474 441 4528 κάκεῖθεν
458 4475 561 4529 ἀπὸ
583 4475 684 4544 τῆς
710 4474 893 4544 κοινῆς
916 4473 1134 4527 πάντων
1150 4473 1479 4543 διακρίσεως
1513 4474 1612 4545 τὴν
1634 4473 1735 4527 ἀκό

1925 4481 1991 4535 de
2019 4495 2052 4535 a
2083 4481 2363 4536 communi
2391 4479 2637 4535 omnium
2664 4477 2994 4533 discretione
3024 4483 3451 4544 consequentem

218 4562 385 4620 λουθον
413 4567 506 4620 καὶ
542 4566 846 4638 ἱεροπρεπῆ
876 4564 1112 4618 διάνοιαν
1145 4565 1219 4629 ὡς
1243 4559 1353 4619 οἷόν
1386 4565 1446 4619 τέ
1490 4567 1638 4619 ἐστιν
1666 4567 1744 4637 ὲμι

1947 4572 2120 4628 sacris
2152 4571 2318 4627 rebus
2351 4572 2579 4641 dignum
2616 4584 2839 4625 sensum
2870 4582 2968 4639 pro
2994 4567 3213 4622 viribus
3230 4565 3453 4619 eviden-

216 4659 338 4730 φανῆ
362 4660 724 4729 καταστῆσαι.
761 4659 918 4712 Ἐστι
946 4657 990 4712 δ’
1022 4657 1115 4711 οὖν
1146 4656 1183 4712 ἃ
1218 4657 1310 4711 τὸν
1360 4658 1523 4712 αὑτὸν
1547 4676 1742 4730 σχημα·

1929 4680 1974 4719 m
2006 4672 2267 4721 statuere.
2299 4662 2438 4717 Sunt
2474 4677 2606 4731 ergo
2635 4676 2759 4731 quae
2798 4659 3045 4715 eamdem
3092 4657 3328 4712 formam
3372 4656 3455 4709 iu-

216 4750 384 4819 τισμδν
415 4749 777 4804 ὑποϐάλλεται
801 4750 900 4820 τῆς
928 4748 1230 4812 συνθέσεως
1250 4748 1345 4802 καὶ
1376 4748 1512 4820 πρὸς
1548 4748 1647 4819 τὴν
1668 4749 1742 4802 αὑ

1928 4765 2044 4813 lunt
2097 4764 2386 4813 contextus
2433 4764 2488 4811 et
2552 4754 2619 4809 ad
2669 4753 2917 4810 eamdem
2984 4749 3255 4806 sermonis
3314 4763 3454 4818 opus

219 4841 301 4911 τὴν
322 4843 409 4897 τοῦ
432 4844 587 4913 λόγου
614 4843 790 4897 δεῖται
810 4842 1047 4913 φυσικὴν
1068 4840 1459 4911 ἀναπλωθῆναι
1480 4841 1572 4894 καὶ
1598 4842 1745 4913 ἀσχηι

1926 4851 2079 4906 ιὺειιι
2114 4850 2417 4905 naturalem
2452 4847 2773 4918 simpliciter
2801 4844 2974 4917 aptari
3022 4853 3075 4899 et
3104 4844 3452 4913 intiguratam

222 4934 454 5003 μάτιστον
485 4937 742 5007 ἰδιότητα,
781 4935 856 4999 ὡς
900 4937 966 4988 ἐκ
1007 4933 1219 4988 πολλῶν
1248 4934 1404 5002 ὀλίγα
1436 4934 1743 5003 παραθείνα

1930 4943 2295 5014 'oprietatem,
2347 4950 2408 4996 ut
2460 4957 2528 4996 ex
2583 4939 2770 4995 multis
2856 4952 3027 5009 pauca
3102 4935 3456 5006 proponimus

220 5026 399 5082 ταῦτα’
436 5048 455 5081 ι
495 5027 804 5083 ’Δτοοστελῶ
854 5025 952 5097 τὴν
975 5027 1136 5097 χεῖρά
1183 5044 1284 5098 μου
1320 5027 1559 5092 πατάξαι
1584 5043 1644 5079 σε
1672 5027 1746 5079 κα

1930 5052 1990 5092 ec
2036 5053 2051 5090 :
2111 5055 2129 5088 ι
2174 5034 2383 5089 Mittam
2441 5048 2661 5088 manum
2724 5047 2900 5087 meam
2953 5040 3008 5086 ut
3055 5029 3356 5099 percutiam
3406 5037 3456 5081 te

218 5118 297 5172 τὸν
331 5121 452 5175 λαόν
498 5139 617 5186 σου,
663 5108 760 5175 καὶ
798 5119 1106 5192 ἐκτριὸήσῃ
1145 5119 1253 5171 ἀπὸ
1282 5119 1383 5189 τῆς
1414 5119 1539 5187 γῆς,
1580 5138 1599 5171 ι
1630 5118 1744 5187 πρὸι

1976 5128 2236 5200 populum
2301 5137 2450 5180 tuum
2476 5166 2491 5189 ,
2535 5133 2591 5178 et
2640 5123 2873 5178 delearis
2911 5122 2981 5176 de
3037 5130 3181 5176 terra
3218 5118 3286 5184 θ’,
3338 5136 3357 5171 ι
3389 5119 3455 5172 ad

219 5212 493 5285 τδνψαριὼ
531 5217 682 5284 λέγει
713 5213 802 5267 διὰ
832 5212 1074 5276 Μωσέως
1110 5213 1346 5282 Κύριοςο
1382 5212 1509 5265 καί·
1550 5231 1567 5261 ι
1609 5211 1737 5263 "Eva

1929 5221 2215 5275 tiaraonem
2237 5217 2313 5273 ait
2343 5232 2436 5287 per
2461 5215 2682 5287 Moysen
2714 5214 2981 5269 Dominus
3018 5227 3033 5264 :
3071 5232 3089 5265 ι
3114 5211 3178 5266 Et
3206 5222 3455 5283 propter-

221 5319 302 5359 κεν
332 5306 504 5361 τούτου
550 5304 878 5377 διετηρήθης
929 5304 1017 5357 ἴνα
1064 5304 1385 5374 ὲνῖείξωμαι
1432 5306 1491 5357 ὲν
1553 5304 1636 5356 σοὶ
1666 5303 1747 5372 τὴπ

1929 5334 1935 5369 ι
1996 5321 2245 5371 servatus
2311 5325 2372 5367 es
2428 5318 2488 5365 ut
2553 5308 2837 5365 ostendam
2906 5307 2961 5362 in
3024 5314 3078 5361 te
3159 5303 3455 5373 potentiam

227 5393 357 5466 ἰσχύν
388 5416 501 5467 μου,
535 5400 632 5453 καὶ
662 5398 812 5460 ὅπως
855 5395 1115 5465 διαγγελῇ
1151 5396 1211 5449 τὸ
1237 5396 1409 5464 ὄνομά
1438 5414 1541 5466 μου
1573 5396 1633 5449 ὲν
1660 5395 1753 5448 πά-

1930 5422 2083 5473 eam,
2140 5418 2195 5461 et
2245 5414 2303 5461 ut
2366 5404 2629 5474 praedices
2696 5416 2894 5456 nomen
2972 5413 3157 5453 meum
3226 5397 3279 5450 in
3344 5403 3452 5448 tota

228 5501 284 5559 σῃ
308 5493 366 5560 τῇ
393 5496 457 5563 γῇ
481 5510 495 5525 ο
524 5512 545 5547 ι
584 5492 681 5545 καὶ
700 5490 864 5545 πάλιν
886 5507 899 5519 ·
932 5509 950 5541 ι
996 5487 1136 5556 Ἐγὼ
1155 5489 1394 5560 ἐϐάρυνα
1415 5491 1514 5560 τὴν
1538 5489 1754 5559 καρδίαν

1930 5500 2106 5555 rra".
2166 5518 2185 5551 ι
2229 5499 2294 5551 Ει
2347 5497 2588 5551 iterum:
2640 5510 2659 5543 ι
2716 5492 2831 5562 Ego
2885 5488 3130 5545 induravi
3187 5500 3283 5539 cor
3335 5482 3456 5551 ejus

229 5580 367 5635 αὑτοῦ
388 5586 474 5638 καὶ
498 5583 609 5639 τῶν
629 5582 972 5655 θεραπόντων
1004 5580 1191 5645 αὑτοῦ,
1221 5582 1305 5635 ἵνα
1339 5580 1539 5653 ἐπέλθῃ
1564 5582 1631 5633 τὰ
1662 5598 1755 5648 σι]-

1946 5607 2227 5648 servurum
2273 5589 2415 5660 ejus.
2462 5597 2521 5643 ut
2564 5586 2786 5641 veniant
2838 5583 2994 5652 signa
3029 5592 3192 5647 super
3237 5590 3352 5639 eos,
3393 5586 3452 5628 ut

286 5694 326 5726 “
353 5693 552 5767 Psal.r.,
584 5695 710 5764 1,2.
765 5696 809 5727 "
841 5692 946 5750 lsa.
970 5692 1224 5761 xt.ttt,26.
1304 5693 1347 5725 ³⁸
1378 5688 1745 5757 Ezech.xvnt,
1775 5690 1806 5745 5

1932 5683 2181 5742 "Ezecb.
2215 5695 2405 5746 χχχιιι,
2430 5678 2515 5732 it.
2574 5677 2617 5710 ⁹⁸
2650 5672 2823 5730 Exod.
2860 5686 2932 5735 ix,
2974 5669 3057 5724 15.
3134 5668 3176 5699 ’⁸
3213 5666 3343 5721 ibid.
3378 5665 3458 5718 lti.
