3864 6208
445 243 552 308 399

1603 247 1868 310 PHOTII
1895 248 2030 308 ΡᾹΤ

2135 249 2401 311 ΑΗΟΗᾸΞ
2441 250 2551 311 CP.
3585 241 3674 310 400

444 355 810 430 ριάεάἰοεηιυι·
857 356 1012 426 signa
1057 370 1180 411 mea
1211 355 1264 410 in
1314 370 1477 412 aures
1528 355 1765 413 ﬁliorum
1819 368 2030 415 vestro-

2141 360 2270 429 μείά
2309 375 2413 428 μου
2469 357 2555 410 ἐπ’
2585 356 2806 418 αὐτούς.
2845 354 2993 418 ὅπως
3041 353 3369 424 διηγὴσηται
3406 349 3472 404 τά
3505 355 3680 423 σημεῖά

445 464 568 503 rum
599 448 639 503 ⁸.
675 466 694 501 ι
729 445 972 503 Deinde:
1007 464 1026 500 ι
1063 447 1131 503 Et
1160 462 1271 502 non
1323 448 1503 503 audiet
1548 463 1648 506 vos
1686 448 1920 516 Pharao,
1973 458 2032 504 nt

444 539 700 609 impleam
735 539 890 609 signa
922 553 1039 593 mea
1071 549 1124 593 et
1147 539 1395 610 prodigia
1432 554 1550 594 mea
1582 540 1636 594 in
1689 551 1834 596 terra
1880 541 2029 611 ipso-

446 648 568 688 rum
601 635 643 690 ¹.
683 651 702 684 ι
738 630 948 689 Horum
989 632 1133 688 enim
1168 633 1607 703 unumquodque
1663 645 1718 689 et
1771 648 2032 703 quaecun-

443 739 551 795 que
584 724 691 779 alia
722 739 819 794 per
846 724 1054 780 similes
1085 724 1440 795 proferuntur
1470 740 1633 780 voces
1667 724 1824 795 juxta
1874 725 2032 782 aetio-

445 818 678 889 logicum
699 817 907 872 reddita
932 816 1149 887 phrasis
1175 817 1439 881 habitum,
1462 818 1791 886 proprietate
1813 817 2030 886 quidem

444 909 846 963 aununtiantur
872 923 1043 963 sacra:
1089 917 1294 964 nostrae
1316 907 1634 976 Scriptum.
1669 906 1754 962 Ad
1803 916 2032 962 natura—

445 1001 551 1056 lem
593 1009 776 1056 autem
829 1001 1100 1057 sermonis
1163 995 1386 1070 aeﬁepta
1460 1000 1717 1065 formam,
1775 999 2032 1068 pietatem

445 1091 699 1162 aperiunt
730 1100 784 1146 et
807 1090 872 1145 ad
903 1091 1244 1159 theosophiae
1278 1099 1481 1145 nostra:
1527 1089 1742 1145 affinem
1774 1097 2035 1159 aptantur

445 1197 691 1238 sensum.
747 1181 962 1237 Etenim
1016 1196 1170 1236 more
1226 1181 1477 1237 ﬁrmatur
1526 1182 1755 1251 antiquo
1800 1197 1864 1237 ea
1912 1197 2035 1252 quae

445 1273 670 1328 omnino
697 1283 957 1328 eventura
985 1282 1114 1329 sunt
1152 1282 1206 1328 et
1235 1288 1356 1344 qum
1397 1288 1506 1328 non
1541 1284 1772 1344 possunt
1818 1283 2037 1343 propter

447 1360 918 1432 imperfectionem
975 1363 1158 1418 exitus
1203 1363 1524 1419 circumcidi
1580 1364 1778 1434 saepius
1824 1365 1878 1417 in
1933 1365 2038 1419 hoc

445 1452 730 1522 divulgare
771 1444 1096 1519 schismate;
1128 1451 1259 1523 quia
1311 1461 1366 1508 et
1418 1467 1766 1523 quaecunque
1809 1452 2032 1523 phrasin

445 1553 645 1594 causas
678 1537 1010 1595 indicantem
1064 1541 1257 1596 sortita
1313 1550 1459 1602 sunt,
1523 1541 1778 1595 ordinem
1834 1541 2034 1596 habent

445 1642 638 1682 eorum
669 1643 793 1698 qua:
816 1643 1137 1688 concessam
1174 1629 1376 1683 habent
1400 1628 1791 1690 substantiam.

515 1809 620 1863 Sed
649 1809 796 1864 enim
833 1811 1141 1879 proprietas
1175 1810 1300 1866 talis
1330 1808 1647 1881 Scripturae,
1695 1810 1858 1881 quale
1903 1820 2028 1866 est:

452 1921 471 1952 ι
512 1901 833 1958 lncredulus
881 1901 982 1958 fuit
1013 1904 1228 1960 Pharao
1259 1911 1314 1958 et
1344 1905 1630 1959 induratus
1673 1911 1759 1958 est
1786 1905 1828 1969 ³,
1870 1921 1890 1953 ι
1926 1903 2034 1957 mi-

446 1993 614 2048 riﬁcae
644 1994 814 2062 plagae
860 2005 913 2049 et
941 1996 1169 2050 verbera
1208 1996 1412 2051 inﬁirta
1443 1995 1827 2052 inobedientiae
1849 1995 2030 2064 ipsum

446 2094 505 2140 et
540 2085 756 2142 duritiae
802 2096 990 2141 secuta
1039 2095 1188 2143 sunt.
1233 2086 1356 2142 Haac
1385 2095 1565 2142 autem
1619 2087 2032 2142 circumsonue—

449 2184 595 2239 runt,
619 2184 674 2231 et
691 2189 790 2246 per
815 2191 1032 2232 omnem
1062 2185 1260 2233 terram
1293 2179 1570 2250 divulgata
1613 2189 1760 2245 sunt,
1797 2178 1891 2234 Dei
1932 2191 2031 2248 po-

449 2265 675 2321 tentiam
731 2267 1236 2325 circumclamantia
1282 2280 1337 2325 et
1393 2270 1742 2327 admirationi
1792 2284 1914 2326 esse
1975 2279 2061 2344 et

448 2358 658 2428 stupori
679 2359 914 2415 validam
938 2375 1162 2415 manum
1189 2360 1282 2416 Dei
1301 2361 1663 2432 przeparantia
1685 2379 1701 2429 ;
1727 2363 1832 2417 hoc
1865 2362 2032 2432 igitur

447 2449 672 2506 omnino
707 2465 774 2506 ex
797 2450 944 2507 illius
969 2448 1172 2507 duritie
1217 2461 1539 2508 eventurum
1579 2453 1634 2506 in
1671 2454 2028 2522 :etiologicam

447 2538 682 2596 formam
747 2540 1033 2613 Scriptura
1098 2542 1309 2614 ﬁngens
1369 2543 1598 2614 protulit
1651 2545 2028 2614 praenuntiatus

449 2641 609 2704 tropo
633 2633 813 2690 exitus
839 2633 1125 2691 immotam
1156 2634 1510 2704 ﬁrmitatem;
1555 2634 1758 2690 etenim
1802 2634 2031 2691 omnino

446 2737 512 2779 ea
540 2739 776 2795 quorum
816 2740 985 2783 causa
1035 2727 1266 2798 allegata
1309 2735 1391 2782 est
1430 2743 1498 2782 ex
1547 2726 1846 2783 stabilitate
1897 2739 2028 2796 pro-

446 2815 624 2871 dromi
672 2816 803 2888 ﬁngi
871 2817 1050 2874 solent
1095 2826 1151 2875 et
1189 2817 1474 2889 explicari.
1523 2818 1835 2890 Castigatur
1865 2819 2032 2888 igitur

444 2907 680 2976 Pharao,
727 2927 834 2966 non
889 2921 949 2967 ut
1003 2910 1335 2982 gloriﬁcatur
1393 2909 1560 2976 Deus,
1620 2911 1724 2968 etsi
1771 2911 1921 2968 vocis
1975 2919 2030 2968 et

446 3010 735 3060 contextus
771 3002 946 3060 forma
997 3005 1157 3058 talem
1216 3005 1453 3073 speciem
1494 3003 1705 3068 subeat,
1747 3002 1844 3058 sed
1902 3003 2031 3073 quia

447 3111 558 3151 non
586 3095 829 3150 obedivit
857 3103 913 3151 et
934 3095 1316 3151 inobedientiaa
1345 3095 1452 3166 ipsi
1503 3094 1795 3166 oportebat
1841 3110 2032 3165 poenas

445 3186 703 3256 irrogari,
732 3185 844 3244 Etsi
876 3201 1008 3242 vero
1039 3201 1152 3241 non
1199 3187 1267 3241 ad
1300 3187 1404 3242 hoc
1433 3186 1803 3256 respiciebant
1836 3202 2030 3257 poena,

446 3292 521 3331 ne
573 3276 729 3331 ﬁeret
771 3275 888 3344 ipse
933 3275 1313 3331 inobedientiae
1358 3276 1730 3346 mancipium,
1791 3285 2030 3333 attamen

449 3367 580 3436 quia
626 3365 810 3422 statim
861 3376 1063 3424 secuta:
1105 3377 1234 3422 sunt
1276 3366 1506 3438 impium
1538 3367 1902 3438 castigantes,
1948 3368 2034 3423 his

449 3465 632 3510 autem
658 3443 947 3510 verberum
976 3465 1032 3513 et
1064 3457 1346 3527 plagarum
1377 3457 1662 3528 stupendis
1682 3457 1882 3514 divinis
1906 3473 2034 3528 por-

448 3547 618 3604 tentis
637 3554 700 3602 ut
724 3547 930 3607 dictum
963 3556 1048 3604 est
1077 3548 1252 3607 virtus
1280 3558 1334 3603 et
1359 3549 1528 3619 gloria
1559 3547 1654 3606 Dei
1679 3549 1844 3607 simul
1872 3558 2033 3606 aucta

448 3649 534 3705 est
563 3649 619 3696 et
641 3639 900 3705 eﬂloruit,
941 3655 1051 3704 non
1097 3641 1306 3712 absque
1347 3642 1558 3699 ratione
1601 3657 1664 3697 ea
1707 3657 1829 3714 qua
1879 3643 2034 3714 juxta

449 3732 776 3802 aetioIOgiam
802 3742 886 3789 est
907 3733 1213 3793 narrationi
1240 3733 1415 3789 forma
1448 3744 1503 3790 et
1521 3745 1776 3806 aspectus
1794 3736 2034 3793 circum-

447 3823 696 3894 ponitur,
720 3833 1045 3880 eventurum
1069 3824 1316 3892 omnino,
1339 3833 1394 3880 et
1417 3836 1710 3896 antequam
1735 3827 2029 3893 evenisset,

446 3916 777 3975 testiﬁcante
801 3924 855 3972 et
883 3916 1240 3982 annuntiante
1275 3917 1625 3975 oraculorum
1675 3916 2032 3991 [divinorum]

444 4007 891 4078 praecognitione.
905 4007 1106 4065 Eadem
1137 4009 1220 4063 via
1251 4017 1307 4064 et
1331 4008 1716 4066 Davidicorum
1742 4011 2031 4068 verborum

445 4111 570 4167 quae
611 4106 773 4154 antea
811 4097 1087 4168 propriam
1127 4098 1321 4155 sortita
1365 4110 1495 4155 sunt
1530 4099 1950 4167 elucidationem
1979 4110 2035 4158 et

447 4188 894 4250 constitutionem
930 4189 984 4244 in
1005 4191 1252 4246 eamdem
1275 4199 1330 4247 et
1357 4192 1590 4247 similem
1616 4191 1776 4253 dictis
1791 4192 2033 4263 coaptari

446 4286 676 4351 possent
695 4278 1125 4350 perfectionem;
1170 4281 1414 4352 peccavit
1430 4281 1668 4338 Davidet
1687 4290 2030 4354 peccatorum
2070 4335 2075 4340 .

2138 467 2242 521 μου
2274 450 2357 512 είς
2382 449 2451 501 τὰ
2465 441 2581 500 ὦτα
2619 446 2727 498 τῶν
2749 444 2955 498 τέκνων
2978 441 3136 513 ὑμῶν
3159 454 3207 494 ⁵»
3240 435 3358 494 εἶτα
3386 455 3431 492 ⁸(
3467 441 3568 494 Καὶ
3597 443 3681 497 ούκ

2136 541 2515 597 είσακούσεται
2543 537 2698 608 ὑμῶν
2729 534 2952 605 Φαραὼ,
2989 534 3078 586 ἵνα
3111 530 3364 603 πληθύνω
3399 530 3466 584 τά
3503 533 3679 601 σημεῖά

2138 646 2239 701 μου
2268 630 2363 682 καὶ
2388 629 2456 683 τά
2486 626 2690 699 τέρατά
2731 643 2832 696 μου
2875 627 2932 678 ἐν
2969 626 3035 695 τῇ
3071 625 3140 694 γῇ
3201 621 3400 676 αὐτῶν.
3440 639 3458 673 ι
3489 620 3679 679 Τούτων

2135 723 2243 794 γὰρ
2275 721 2505 776 ἕκαστον
2549 720 2643 773 καὶ
2687 719 2790 773 ὅσα
2817 716 2954 772 ἄλλα
2984 715 3073 770 διὰ
3101 713 3210 768 τῶν
3238 712 3438 784 ὁμοίων
3467 713 3677 783 προάγε-

2135 833 2226 869 ται
2251 813 2445 884 φωνῶν
2490 811 2631 866 κατά
2668 810 2757 864 τὸν
2810 808 3174 877 αἰτιολογικὸν
3217 803 3565 874 ἀποδιδόμενα
3597 805 3681 875 τῆς

2136 909 2391 980 φράσεως
2423 902 2830 976 σχηματισμὸν,
2877 899 3130 971 ἰδιώματι
3177 899 3276 969 μὲν
3305 895 3680 964 ἀπαγγέλλεται

2134 1001 2234 1072 τῆς
2261 995 2416 1071 ἱερᾶς
2441 1001 2474 1069 ἡ
2485 997 2602 1068 μῶν
2630 996 2852 1068 Γραφῆς
2875 1011 2891 1026 ·
2914 994 3054 1064 πρὸς
3080 992 3142 1045 τὸ
3163 988 3391 1061 φύσικδν
3411 988 3467 1042 δὲ
3496 987 3583 1041 τοῦ
3603 987 3679 1041 λό-

2135 1111 2233 1162 γου
2263 1088 2792 1162 μεταλαμϐανόμενα
2820 1081 2979 1152 εἶδος,
3011 1083 3072 1137 τὸ
3106 1082 3328 1145 εὐσεϐὲς
3355 1077 3679 1142 ἀναπτύσσει,

2138 1188 2232 1240 καὶ
2261 1183 2399 1256 πρὸς
2426 1182 2490 1236 τὸ
2512 1182 2613 1250 τῆς
2657 1180 2947 1250 θεοσοφίας
2974 1177 3131 1249 ἡμῶν
3166 1174 3424 1244 συγγενὲς
3454 1172 3681 1242 καταρτί-

2138 1278 2221 1342 ζει
2253 1276 2315 1328 τὸ
2338 1265 2613 1346 φρόνημα.
2641 1272 2752 1328 Καὶ
2776 1271 2886 1340 γάρ
2919 1269 3030 1322 ἔθει
3064 1265 3392 1340 κρατύνεται
3412 1262 3610 1331 παλαιῷ
3625 1261 3682 1315 τὰ

2137 1367 2356 1428 πάντως
2383 1361 2774 1432 ἀποϐησόμενα
2795 1361 2891 1414 καλ⁸
2923 1358 2999 1429 μὴ
3042 1352 3133 1413 οἷά
3165 1373 3226 1408 τε
3256 1355 3385 1409 ὄντα
3414 1352 3491 1424 τῷ
3520 1350 3679 1405 ἀτελεῖ

2134 1458 2235 1526 τῆς
2279 1455 2558 1520 ἐκϐάσεως
2619 1451 3051 1526 περικόπτεσθαι
3109 1448 3373 1509 πολλάκις
3430 1445 3487 1498 ἐν
3533 1443 3681 1513 τούτῳ

2139 1547 2557 1620 περιαγγέλλειν
2582 1547 2663 1618 τῷ
2706 1546 2970 1616 σχίσματι
2992 1558 3007 1574 ο
3043 1540 3171 1596 ἐπεὶ
3197 1539 3292 1594 καὶ
3318 1539 3420 1592 ὅσα
3441 1534 3534 1608 τὴν
3563 1535 3682 1604 opti-

2139 1659 2222 1696 σιν
2248 1643 2531 1710 αίτολογου
2540 1641 2706 1710 μένην
2728 1637 2911 1708 ἔλαχε,
2939 1635 3040 1706 τὴν
3062 1633 3216 1700 τάξιν
3238 1631 3429 1702 ἐπέχει
3457 1629 3557 1682 τῶν
3575 1629 3682 1697 διμο-

2063 1700 2109 1760 Β
2136 1700 2476 1804 λογουμένην
2511 1700 2744 1802 sidus-mu
2899 1700 3159 1796 ὕπαρξιν.

2219 1824 2381 1879 Ἀλλὰ
2421 1822 2531 1894 γάρ
2575 1822 2636 1876 τὸ
2667 1821 2766 1892 μὲν
2817 1820 3015 1890 ἰδίωμα
3043 1815 3288 1871 τοιοῦτον
3325 1813 3426 1885 τῆς
3464 1809 3678 1883 Γραφῆςι

2135 1911 2265 1981 οἷον,
2291 1936 2310 1968 ι
2353 1913 2598 1968 Ἢπείθει
2618 1911 2816 1983 Φαραὼ
2843 1911 2936 1964 καὶ
2994 1903 3380 1978 ἐσκληρύνετο,
3409 1922 3427 1955 ›
3453 1905 3506 1956 αἱ
3527 1899 3680 1971 παρά-

2133 2008 2273 2074 δοξοι
2296 2005 2502 2077 πληγαὶ
2529 2004 2623 2057 καὶ
2645 2003 2909 2074 μάστιγες
2933 1997 3394 2069 εἱσπραττόμεναι
3423 1993 3518 2058 τῆς
3546 1993 3678 2044 ἀπει-

2135 2097 2256 2162 θίας
2281 2095 2441 2150 αὐτὸν
2460 2095 2555 2148 καὶ
2579 2093 2945 2164 σκληρότητος
2969 2092 3204 2164 εἵποντο.
3230 2086 3420 2142 Ταῦτα
3442 2085 3497 2139 δὲ
3522 2083 3577 2137 τὸ
3596 2099 3678 2136 rw

2137 2189 2389 2261 ριϐόητον
2415 2182 2552 2258 εἶχε,
2587 2186 2681 2238 καὶ
2727 2184 2833 2238 ἀνά
2877 2185 3059 2237 πᾶσαν
3103 2181 3204 2251 τὴν
3235 2179 3342 2251 γῆν
3378 2176 3575 2246 ἐφοίτα,
3597 2173 3678 2243 τὴν

2134 2280 2228 2336 τοῦ
2267 2279 2402 2334 Θεοῦ
2446 2277 2767 2332 δυναστείαν
2824 2289 3236 2346 περιηχουμενα
3274 2269 3373 2324 καὶ
3415 2265 3679 2348 θαυμάζειν

2133 2372 2226 2437 καὶ
2251 2365 2799 2440 ὑπερεκπλήττεσθαι
2828 2366 2927 2435 τὴν
2958 2361 3229 2434 κραταιὰν
3259 2361 3422 2432 χεῖρα
3457 2356 3544 2411 τοῦ
3563 2351 3676 2408 Θεοῦ

2131 2459 2624 2532 παρασκευάζοντα
2645 2473 2660 2488 ’
2687 2457 2848 2511 τοῦτο
2873 2451 2965 2508 οὖν
2989 2455 3050 2508 τὸ
3094 2453 3316 2530 πάντως
3344 2453 3407 2502 ἐκ
3436 2450 3526 2518 τῆς
3557 2445 3676 2500 ὲκεί-

2131 2571 2224 2608 νου
2249 2553 2618 2624 σκληρότητος
2647 2549 3036 2620 ἐκϐησόμενον,
3072 2548 3153 2610 είς
3182 2541 3537 2612 αἰτιολογικὸν
3560 2533 3675 2601 εἶδος

2132 2647 2165 2717 ὴ
2198 2644 2390 2716 Γραφὴ
2428 2642 2809 2714 σχηματίσασα
2855 2640 3187 2713 προενήνοχε
3251 2632 3677 2708 προκηρύττουσα

2131 2733 2210 2804 τῷ
2240 2733 2426 2805 τρόπῳ
2458 2734 2520 2788 τὸ
2551 2734 2650 2804 τῆς
2683 2733 2965 2796 ἐκϐάσεως
2985 2730 3324 2802 ἀμετάθετον
3352 2745 3367 2760 ·
3392 2729 3484 2782 καὶ
3503 2724 3599 2797 γὰρ
3613 2723 3677 2786 ὡς

2132 2821 2334 2876 ἐπίπαν
2379 2825 2477 2877 καὶ
2529 2825 2597 2880 τά
2641 2823 3090 2894 αίτιολογούμενα
3129 2821 3208 2892 τῷ
3249 2819 3576 2892 ἀπαραϐάτῳ
3596 2816 3676 2882 τῆς

2135 2915 2364 2988 προόδου
2386 2915 2767 2971 εἰδοποιεῖσθαι
2791 2913 3046 2968 θέλεικαὶ
3077 2909 3499 2984 ἑρμηνεύεσθαι.
3533 2905 3677 2959 Κολάο
3776 2907 3798 2929 ⁸

2058 3031 2102 3091 c
2136 3005 2286 3070 ζεται
2307 3004 2486 3058 τοίνυν
2509 3007 2728 3077 Φαραὼ,
2751 3005 2851 3077 οὐχ
2881 3004 2968 3058 ἵνα
2992 3002 3227 3069 δοξασθῇ
3264 3003 3292 3053 ὁ
3340 2997 3469 3052 Θεὸς
3521 2989 3568 3044 ei
3601 2991 3675 3044 καὶ

2133 3099 2232 3169 τῆς
2259 3095 2446 3169 φωνῆς
2486 3095 2582 3149 καὶ
2616 3097 2715 3166 τῆς
2773 3094 3076 3149 συνθέσεως
3123 3094 3183 3145 τὸ
3224 3093 3412 3163 σχῆμα
3455 3096 3674 3149 τοιαύτην

2135 3188 2442 3259 φαντασίαν
2470 3185 2792 3258 ὑπέρχεται,
2825 3181 2938 3237 ἀλλ’
2957 3185 3039 3238 ὅτι
3058 3182 3278 3253 ὴπείθει
3316 3181 3414 3236 καὶ
3434 3180 3525 3249 τῆς
3543 3177 3674 3228 cina:-

2135 3283 2284 3345 θείας
2311 3280 2473 3336 αὑτὸν
2499 3281 2608 3333 ἔδει
2634 3277 2732 3341 τὰς
2754 3276 2910 3339 δίκας
2939 3268 3392 3342 εισπράττεσθαι.
3423 3269 3483 3323 Et
3522 3267 3571 3320 δὲ
3593 3261 3674 3316 κᾶν

2138 3373 2214 3443 μὴ
2254 3371 2390 3442 πρὸς
2431 3367 2590 3424 τοῦτο
2636 3367 2825 3438 ἑώρων
2876 3366 2935 3418 αι
2978 3364 3262 3434 τιμωρίαι,
3306 3361 3439 3434 μηδὲ
3476 3359 3596 3430 πρὸς
3625 3352 3675 3443 Ῐδ

2135 3436 2393 3531 γενέσθαι
2422 3459 2585 3514 αὐτὸν
2630 3436 2730 3529 τῆς
2775 3454 3060 3516 ἀπειθείας
3089 3449 3444 3522 ἀνδράποδον,
3479 3444 3580 3500 ἀλλ’
3599 3436 3676 3496 οὖν

2135 3555 2365 3624 ἐπείπερ
2387 3552 2528 3606 κατά
2564 3548 2731 3612 πόδας
2769 3545 3144 3616 ἠκολούθησαν
3191 3541 3284 3596 τὸν
3313 3541 3594 3612 ,ἀλιτήριον
3612 3550 3678 3586 τις

2139 3645 2512 3717 μωρούμεναι,
2543 3640 2774 3703 ταύταις
2798 3638 2854 3691 δὲ
2877 3639 2997 3700 ταῖς
3021 3636 3131 3690 τῶν
3163 3633 3440 3706 μαστίγων
3460 3628 3547 3684 καὶ
3569 3624 3660 3694 πλη

2133 3715 2247 3806 γῶν
2277 3733 2604 3806 παραδόξοις
2635 3728 3098 3808 θεοσημείαις,ὠς
3127 3728 3368 3798 εἴρηται,
3389 3725 3422 3794 ἡ
3442 3721 3581 3791 ἰσχὺς
3601 3715 3677 3770 καὶ

2134 3830 2168 3899 ἡ
2216 3826 2345 3891 δόξα
2375 3825 2469 3878 τοῦ
2511 3821 2648 3876 Θεοῦ
2701 3819 3012 3891 συνηυξήθη
3057 3818 3152 3872 καὶ
3191 3813 3674 3871 συνανεϐλάστανεν,

2133 3919 2233 3973 οὐκ
2257 3916 2561 3978 ἀπεικότως
2588 3916 2622 3984 ἡ
2653 3913 2795 3966 κατὰ
2825 3912 2925 3982 τὴν
2950 3909 3282 3978 αἰτιολογίαν
3306 3907 3386 3978 τῷ
3410 3905 3675 3974 διηγήματι

2137 4011 2320 4090 μορφὴ
2345 4009 2440 4063 καὶ
2469 4007 2583 4060 ίδέα
2615 4003 2984 4075 περιτίθεται,
3010 4001 3072 4054 τὸ
3101 3999 3470 4090 ἐκϐησόμενον
3491 3992 3676 4090 πάντως

2136 4080 2230 4154 καὶ
2265 4080 2373 4170 πρὸ
2397 4095 2492 4150 τοῦ
2519 4093 2880 4162 ἐκϐεϐηκέναι
2917 4086 3438 4161 διαμαρτυρομὲνης
3482 4081 3567 4137 καὶ
3589 4080 3679 4170 ἀπ·

2132 4168 2506 4260 αγγελλούσης
2541 4185 2644 4257 τῆς
2689 4183 2797 4239 τῶν
2826 4182 3037 4252 Λογίων
3079 4181 3464 4254 προγνώσεως.
3484 4173 3573 4228 Διὰ

2133 4257 2366 4352 alia,»
2395 4257 2467 4335 ἂν
2496 4278 2688 4348 ἐφόδου
2741 4276 2838 4330 καὶ
2882 4275 2992 4345 τῶν
3040 4273 3342 4328 Δαυῖδικῶν
3383 4267 3619 4341 ῥημάτων
3646 4257 3676 4313 ἃ

445 4372 721 4438 maximis,
738 4385 846 4428 non
862 4380 923 4428 ut
939 4372 1082 4428 Deus
1107 4371 1472 4442 iustiﬁcetur;
1506 4388 1613 4429 non
1636 4352 1721 4432 est
1737 4375 2030 4444 enim,non

2135 4373 2400 4445 πρότερον
2437 4367 2744 4438 ἱδιαζούσης
2767 4366 2928 4437 ἔτυχε
2963 4364 3267 4435 σαφηνείας
3299 4362 3395 4417 καὶ
3433 4352 3674 4418 καταστά-

443 4464 708 4520 θειῐιιιιὶυε
725 4473 1009 4536 peccatum
1026 4463 1419 4534 Deojustitiam
1437 4465 1906 4531 circumfundens.
1923 4469 2033 4531 Sed

445 4566 734 4626 postquam
752 4556 1253 4626 peccavitquidom,
1276 4572 1384 4612 non
1417 4560 1572 4614 auxit
1597 4574 1776 4630 neque
1791 4561 2034 4617 caecitate

449 4659 626 4715 neque
655 4645 945 4702 inscientia
993 4655 1307 4717 peccatum,
1376 4650 1624 4721 confugit
1676 4665 1809 4712 vero
1853 4652 2031 4724 magis

447 4737 513 4791 ad
539 4738 916 4807 pmnitentiam
954 4749 1009 4798 et
1039 4741 1332 4812 lacrymas,
1365 4743 1723 4814 semetipsum
1757 4743 2027 4811 festinans

448 4828 673 4883 abluere
705 4839 956 4899 peccato.
989 4831 1087 4887 Dat
1113 4845 1297 4893 autem
1333 4834 1479 4893 Deus
1517 4835 1736 4900 veniam
1777 4837 1834 4891 in
1867 4835 2027 4894 beniv

446 4918 676 4988 gnitate,
707 4921 981 4990 propriam
1009 4922 1279 4992 justitiam
1300 4934 1357 4981 et
1380 4926 1648 4996 majorem
1679 4940 1844 4997 quam
1866 4926 2026 5002 juxta

445 5009 746 5064 humanum
770 5027 994 5067 sensum
1029 5013 1365 5084 splendidam
1385 5017 1643 5074 omnibus
1676 5017 1944 5074 exhibens
1971 5028 2026 5074 et

445 5095 1034 5167 circumspectabilem.
1065 5101 1194 5156 Ideo
1221 5117 1348 5158 cum
1377 5103 1606 5160 dixisset
1631 5103 1803 5160 David
1823 5121 1870 5159 ει
1901 5104 2023 5168 Tibi

445 5187 550 5243 soli
580 5189 828 5259 peccavi,
863 5191 1279 5260 utjustiﬁceris,
1316 5213 1334 5247 ι
1367 5195 1638 5267 adjunxit,
1675 5215 1696 5251 ι
1733 5197 1788 5260 in
1819 5212 2026 5256 sermo-

443 5281 609 5338 nibus
639 5281 770 5348 tuis,
810 5301 829 5335 ι
869 5283 1214 5354 iniquitatem
1245 5289 1468 5358 quidem
1509 5289 1840 5360 pcenitentia
1869 5290 2021 5346 exci-

439 5372 642 5444 piente,
676 5373 1056 5444 pmnitentiam
1088 5392 1218 5432 vero
1243 5378 1579 5450 benignitate
1607 5396 1773 5449 supra
1793 5395 2014 5437 omnem

439 5477 776 5533 sermonem,
815 5467 866 5522 iu
901 5467 1233 5541 benignitate
1273 5473 1475 5528 veroin
1499 5473 1852 5529 sermonibus
1904 5474 2019 5530 elu-

512 5640 525 5680 ⁹
554 5639 728 5703 Exod.
761 5659 816 5712 x,
849 5644 900 5699 Ι.
975 5646 994 5676 '
1025 5645 1194 5706 Exod.
1229 5666 1329 5718 vn,
1361 5650 1416 5708 4.
1495 5651 1671 5712 'ibid.
1703 5651 1787 5708 15.

2133 4481 2272 4529 σεως
2294 4464 2374 4525 είς
2398 4460 2496 4531 τὴν
2519 4461 2641 4530 ίσην
2668 4457 2764 4512 καὶ
2784 4457 2974 4528 ὁμοίαν
3016 4458 3129 4520 τοῖς
3181 4454 3489 4526 εἰρημένοις
3523 4450 3678 4514 ἀπαρ·

2130 4550 2681 4623 τισθείημτελειότητα
2708 4565 2721 4578 ·
2749 4549 3000 4619 ἥμαρτεν
3030 4546 3060 4598 ὁ
3089 4545 3256 4600 Δαυῗδ
3288 4543 3501 4599 καὶτῶν
3520 4541 3676 4606 ἁμαρ-

2133 4645 2390 4716 τημάτων
2435 4643 2508 4697 τά
2557 4640 2826 4712 μέγιστα·
2865 4640 2965 4710 οὐχ
3009 4638 3098 4692 ἴνα
3131 4637 3264 4696 Θεὸς
3311 4631 3595 4706 δικαιωθῇ·
3625 4623 3673 4677 ού

2134 4739 2244 4808 γάρ
2272 4737 2439 4798 ἐστιν,
2467 4733 2568 4787 οὐκ
2597 4731 2747 4785 ἐστιν
2782 4729 2996 4804 οὐδενὸς
3019 4727 3265 4799 ἁμαρτία
3294 4725 3412 4797 Θεῷ
3434 4716 3674 4808 δικαιοσύ·

2291 4825 2704 4898 περιάπτουσα·
2739 4822 2855 4876 ἀλλ’
2891 4820 3121 4892 ἐπείπερ
3183 4819 3400 4888 ἥμαρτε
3457 4812 3566 4884 μὲν,
3591 4806 3673 4858 οὐκ

2131 4922 2338 4993 ηὔξησε
2376 4918 2434 4972 δὲ
2466 4916 2592 4971 οὔτε
2623 4919 2692 4988 τῇ
2728 4914 2985 4986 πωρώσει
3019 4912 3146 4966 οὔτε
3179 4913 3246 4986 τῇ
3274 4905 3567 4982 προγνώσει
3592 4899 3672 4965 τὴν

2132 5014 2430 5086 ἁμαρτίαν,
2463 5007 2801 5078 καταφεύγει
2827 5007 2885 5060 δὲ
2911 5006 3114 5077 μᾶλλον
3135 5005 3271 5076 πρὸς
3292 5002 3392 5073 τὴν
3416 4997 3673 5090 μετάνοιαν

2129 5109 2224 5162 καὶ
2280 5106 2348 5160 τὰ
2401 5105 2634 5176 δάκρυα,
2658 5102 2852 5156 ἑαυτὸν
2906 5099 3224 5163 σπουδάζων
3252 5093 3569 5154 ἀποπλύνειν
3589 5100 3668 5176 τῗυ

2128 5171 2542 5268 ἁμαρτήματος.
2560 5192 2752 5247 Δίδωσι
2775 5191 2834 5250 δὲ
2860 5191 2994 5254 Θεὸς
3038 5188 3370 5258 συγγνώμην
3401 5187 3455 5237 ὲν
3481 5182 3541 5249 τῇ
3567 5171 3667 5246 φιλ-

2126 5267 2434 5359 ανθρωπίᾳ,
2467 5285 2529 5339 τὸ
2550 5286 2750 5338 οἰκεῖον
2787 5283 2998 5336 δίκαιον
3039 5281 3142 5357 ,καὶ
3162 5281 3346 5352 μεῖξον
3369 5276 3402 5348 ἢ
3435 5270 3564 5327 κατά
3585 5267 3668 5359 ἀντ

2127 5382 2403 5454 θρωπίνην
2431 5378 2696 5442 διάνοιαν,
2738 5375 2994 5444 λαμπρὸν
3038 5375 3210 5428 ἅπασι
3268 5365 3559 5425 ἐπιδεικνὺς
3588 5353 3666 5410 καὶ

2129 5473 2514 5542 περίϐλεπτον.
2553 5469 2649 5523 Διά
2683 5467 2844 5522 τοῦτο
2871 5465 3041 5522 είπὼν
3072 5469 3100 5521 ὁ
3128 5466 3313 5532 Δαυῖδ,
3348 5481 3366 5517 ι
3405 5457 3675 5526 201719491
