3820 6212
158 257 254 324 illi

1148 256 1248 316 AD
1280 253 1875 316 AMPHILOCHIUM
1909 252 2258 328 ΟυίΕΞΤΙΟ
2286 254 2433 315 LVI.

3309 246 3418 310 402

154 392 263 440 τον,
287 373 440 436 ὅπως
473 370 540 425 ἂν
569 369 886 442 δικαιωθῇς,
924 388 944 423 ι
975 369 1330 442 ὲπισυνῆψεν,
1367 390 1387 424 ‹
1422 375 1482 424 ὲν
1511 374 1623 435 τοῖς
1644 372 1731 425 λό-

1836 377 1989 426 cente
2015 368 2227 440 justitia
2255 377 2311 423 et
2333 366 2514 421 omnis
2545 362 3046 421 commiserationis
3073 362 3419 442 etbonitatis

155 484 265 537 γοις
299 481 426 518 σου·
468 483 488 516 ι
523 463 619 534 τὴν
654 464 752 533 μὲν
792 463 1024 533 ἀνομίαν
1069 462 1171 533 τῆς
1217 463 1510 532 μετανοίας
1557 464 1733 518 διαδε-

159 558 394 627 ξάμένης
413 573 426 586 ·
443 556 543 625 τὴν
571 555 867 623 μετάνοιαν
887 556 942 608 δὲ
968 556 1068 625 τῆς
1089 556 1232 626 ὑπὲρ
1251 555 1409 623 λόγον
1431 556 1735 628 φιλανθρω-

158 647 317 708 πίας*
348 646 406 697 ἐν
432 646 490 697 δὲ
516 646 580 714 τῇ
629 645 1018 715 φιλανθρωπίᾳ
1047 644 1143 696 τοῦ
1178 646 1236 698 ἐν
1280 648 1394 709 τοῖς
1436 646 1615 714 λόγοις
1645 646 1734 711 ἐξ-

157 737 560 808 αστράπτοντος
612 737 822 789 δικαίου
879 739 975 790 καὶ
1035 738 1220 808 πάσης
1263 737 1607 808 συμπαθείας
1640 738 1734 792 καὶ

159 829 492 898 ἁγαθότητος
527 828 779 895 ἀφιέντος
809 830 1054 893 ἀκτῖνας.
1081 830 1192 883 Καὶ
1228 831 1376 897 λόγοι
1411 830 1477 884 ἂν
1497 829 1735 884 ἐνταῦθα

160 918 396 990 νοηθεῖεν
423 919 524 972 τοῦ
553 918 711 983 Θεοῦ,
743 922 809 990 τῇ
842 920 1159 993 ἀνθρωπίνῃ
1208 922 1734 989 συγκαταϐαίνοντος

161 1010 411 1081 ἀσθενείᾳ
437 1010 537 1063 καὶ
567 1011 648 1073 είς
690 1011 883 1079 λόγους
934 1013 1030 1066 καὶ
1075 1014 1260 1083 κρίσιν
1308 1014 1732 1084 καθισταμένου.

160 1102 263 1155 Καὶ
288 1102 397 1171 γάρ
433 1118 605 1171 φησι·
642 1120 660 1153 ι
706 1103 986 1157 Δεῦτε-καὶ
1012 1104 1399 1175 διελεχθῶμεν,
1436 1105 1586 1174 λέγει
1620 1106 1735 1158 Κύ-

163 1210 292 1264 ριος.
322 1212 341 1245 ι
395 1193 830 1260 Ἀντεξετάσεως
865 1196 922 1250 δὲ
966 1197 1365 1269 συνισταμένης
1399 1190 1476 1253 ὧν
1519 1197 1736 1269 δωρεῶν

162 1283 440 1353 ἀπήλαυσε
476 1285 570 1339 καὶ
592 1285 924 1354 εὐεργεσιῶν
951 1291 978 1341 6
1007 1288 1173 1343 Δαυῒδ
1223 1290 1362 1361 πρὸς
1393 1288 1460 1352 ἂς
1496 1289 1734 1343 κατωλί-

163 1375 353 1447 σθησεν
376 1376 657 1445 ἀθέσμους
688 1378 918 1449 πράξεις
940 1397 953 1409 ·
988 1381 1096 1433 ἀπὸ
1120 1379 1364 1452 γλώττης
1406 1380 1736 1451 καλαμίνης,

163 1471 250 1523 καὶ
282 1468 470 1522 αὐλεῖν
497 1470 710 1538 ἀλόγως
752 1473 949 1542 τέχνην
995 1474 1357 1543 ποιουμένης,
1390 1473 1611 1541 γλῶσσα
1638 1472 1733 1526 τοῦ

161 1557 496 1626 Πνεύματος,
531 1560 626 1613 καὶ
653 1560 920 1632 τῆςὺπὲρ
943 1562 1099 1630 λόγον
1133 1563 1325 1631 σοφίας
1362 1565 1456 1618 κα)⁵
1480 1563 1735 1632 γνώσεως

161 1648 384 1719 ὄργανον
413 1667 427 1681 °
461 1652 529 1703 ἐκ
562 1653 849 1724 μειρακίου
895 1654 1400 1726 μυκτηριζομένου,
1429 1656 1733 1726 στρατηγὸς

162 1740 500 1810 αὐτοσχέδιος
535 1742 631 1794 τοῦ
665 1744 904 1815 πολέμου
946 1748 1038 1800 καὶ
1068 1746 1169 1816 τῆς
1208 1748 1336 1817 ὅλης
1378 1750 1735 1821 παρατάξεως
1769 1728 1810 1783 Β

165 1834 252 1884 καὶ
284 1833 443 1902 μόνος
478 1836 576 1887 καὶ
604 1835 774 1905 χωρὶς
805 1836 977 1906 βελῶν
1029 1839 1126 1893 καὶ
1159 1840 1340 1894 ὅπλων
1388 1842 1483 1894 καὶ
1516 1842 1610 1912 τῆς
1642 1842 1734 1897 ἄλο

163 1924 255 1995 λης
281 1928 644 1999 παρασκευῆς
691 1930 784 1982 καὶ
834 1932 1126 2003 ἐμπειρίας
1178 1934 1272 1987 τοῦ
1324 1934 1735 2004 ἀγωνίσματος,

164 2017 573 2088 τροπαιοφορῶν
626 2020 727 2089 τὴν
770 2020 953 2091 νίκην,
996 2022 1093 2077 καὶ
1126 2023 1227 2092 τὴν
1266 2023 1477 2093 ἐχθρῶν
1511 2022 1738 2077 ἀναδού-

168 2125 318 2176 μενος
336 2109 729 2181 ἐπικράτειαν*
765 2112 826 2177 ἐξ
875 2114 1143 2184 ὑπαίθρου
1177 2117 1575 2187 ταλαιπωρίας,
1608 2116 1737 2170 διω-

169 2197 335 2268 ρόφων
362 2202 458 2254 καὶ
497 2203 823 2272 τριωρόφων
854 2204 1019 2259 οἴκων
1060 2206 1442 2279 λαμπρότητες
1471 2209 1565 2261 καὶ
1592 2210 1735 2278 λαμ-

165 2290 416 2359 πρότεραι
469 2292 776 2363 διαγωγαὶ,
824 2298 918 2359 καὶ
959 2298 1273 2368 ὑπωρόφιος
1332 2300 1429 2353 καὶ
1472 2301 1734 2372 τρυφῶσα

166 2378 336 2434 δίαιτα
354 2398 368 2411 ·
401 2384 497 2436 καὶ
536 2385 748 2440 πολλῶν
777 2389 985 2442 πόλεων
1003 2390 1032 2441 ό
1055 2394 1335 2461 κωμήτης,
1364 2392 1581 2463 κύριος’
1612 2395 1736 2447 ἀντὶ

168 2475 472 2543 ποιμενικοῦ
489 2478 750 2532 καδίσκου
768 2482 858 2533 καὶ
882 2483 956 2553 πή
966 2500 1082 2552 ρας,
1110 2484 1382 2557 σκῆπτρον
1400 2486 1457 2538 ἐν
1483 2488 1545 2555 τῇ
1570 2486 1732 2555 χειρὶ,

168 2566 253 2623 καὶ
276 2566 400 2637 περὶ
427 2568 524 2639 τὴν
550 2572 794 2645 κεφαλὴν
834 2575 1084 2645 στροφίον
1119 2575 1394 2646 βασιλείας
1414 2594 1426 2607 ·
1452 2578 1512 2642 ἐξ
1532 2577 1736 2647 ἀγέλης

170 2653 519 2727 βοσκημάτων
551 2661 646 2712 καὶ
680 2662 939 2733 σύριγγος
965 2666 1058 2719 καὶ
1104 2667 1180 2735 «τῷ
1207 2668 1323 2737 ἤχῳ
1356 2667 1728 2738 κατακηλοῦν-

140 2765 249 2818 ,τος
276 2750 452 2804 αὐτῶν
483 2752 555 2806 τὰ
589 2749 730 2820 ὦτα,
764 2758 1142 2828 χρησμολόγος
1162 2760 1271 2819 τῶν
1298 2760 1437 2830 ὑπὲρ
1461 2760 1615 2828 λόγον
1642 2758 1735 2830 έρ-

167 2857 269 2909 γων
310 2846 401 2898 καὶ
454 2848 796 2919 προφητείας
847 2849 1025 2919 βρύων
1069 2851 1385 2920 χαρίσματα
1411 2868 1424 2882 ·
1455 2850 1516 2914 ἐξ
1555 2851 1734 2904 αὐλῶν

1832 464 2117 518 emittente
2148 461 2359 516 radios.
2383 459 2450 514 Et
2484 472 2767 514 sermones
2807 456 2898 511 hic
2920 440 3155 527 intelligi
3180 465 3420 526 possent

1832 558 1928 613 Dei
1962 558 2215 611 humanae
2249 549 2739 609 condescendentis
2786 548 3094 603 inlirmitati
3137 544 3196 604 et
3241 549 3294 602 in
3332 564 3420 603 ra-

1842 652 2023 706 tiones
2048 659 2106 703 et
2131 647 2398 718 judicium
2423 661 2483 700 se
2507 646 2818 699 statuentis.
2851 641 3091 706 Etenim,
3118 642 3229 696 ait:
3258 660 3275 694 ι
3314 640 3421 697 Ve-

1842 744 1958 800 nite
1985 752 2040 799 et
2066 740 2464 798 contendamus
2493 736 2680 800 simul,
2705 735 2783 789 ait
2816 733 3083 789 Dominus
3108 733 3151 788 ‘.
3184 753 3202 787 ι
3238 734 3420 804 Inqui-

1836 836 2037 898 sitione
2073 842 2255 888 autem
2298 832 2442 886 facta
2473 845 2541 884 ex
2591 828 2843 898 opposito
2882 827 2950 882 de
2995 827 3159 883 donis
3213 828 3418 898 quibus

1837 928 2038 982 fruitus
2072 934 2157 980 est
2202 930 2257 979 et
2302 920 2583 977 beneficiis
2635 919 2806 973 David
2851 927 2906 973 et
2948 918 3016 973 de
3052 918 3120 973 iis
3157 918 3224 972 ad
3277 934 3420 989 quos

1835 1018 2024 1087 lapsus
2051 1024 2136 1070 est
2158 1015 2470 1085 illegitimos
2500 1024 2656 1067 actus
2695 1029 2709 1064 :
2760 1026 2789 1066 a
2825 1011 3009 1081 lingua
3037 1010 3237 1066 calami
3266 1019 3322 1066 et
3355 1011 3422 1064 ti-

1836 1114 1954 1168 bias
1984 1110 2178 1167 inﬂare
2212 1110 2411 1165 inscite
2437 1117 2610 1163 artem
2639 1107 2741 1163 sibi
2776 1106 3033 1177 fingente,
3072 1108 3259 1177 lingua
3313 1107 3424 1177 spi-

1836 1207 1975 1262 ritus
2000 1216 2054 1260 et
2083 1202 2363 1273 sapientiae
2392 1216 2558 1270 supra
2586 1210 2805 1269 captum
2836 1200 3065 1255 rationis
3092 1210 3147 1255 et
3176 1199 3423 1255 scientiae

1837 1310 2146 1366 organum;
2187 1310 2255 1349 ex
2287 1291 2699 1348 adolescentulo
2751 1290 2976 1344 irrisore
3011 1291 3122 1344 dux
3164 1288 3422 1351 fortuitus

1836 1388 1964 1442 belli
1996 1396 2051 1441 et
2081 1387 2245 1440 totius
2266 1385 2428 1445 aciei.
2461 1393 2516 1439 et
2560 1383 2712 1438 solus
2741 1391 2796 1437 et
2835 1382 3044 1452 absque
3080 1383 3201 1437 telis
3230 1392 3284 1437 et
3329 1399 3420 1437 ar-

1834 1482 1941 1535 mis
1964 1490 2018 1533 et
2066 1479 2278 1547 reliquo
2313 1485 2579 1546 apparatu
2609 1484 2664 1529 et
2692 1473 3029 1543 experientia
3078 1474 3420 1540 certaminis,

1836 1580 2127 1639 reportans
2157 1566 2450 1622 victoriam
2495 1575 2548 1620 et
2580 1565 2823 1619 hostium
2862 1563 3121 1632 frangens
3168 1564 3423 1618 domina-

1839 1665 2062 1729 tionem,
2095 1677 2161 1716 ex
2185 1676 2248 1715 ea
2274 1674 2397 1729 quae
2420 1666 2504 1713 est
2530 1659 2629 1711 sub
2683 1656 2775 1709 dio
2808 1655 3051 1722 miseria,
3109 1653 3424 1724 duplicibus

1837 1764 1892 1808 et
1920 1752 2229 1823 triplicibus
2261 1750 2419 1804 tectis
2456 1747 2748 1803 domorbm
2789 1745 3108 1816 splendores
3148 1754 3203 1799 et
3233 1747 3419 1815 splen-

1837 1842 2051 1899 didiora
2086 1840 2415 1904 habitacula,
2444 1847 2497 1893 et
2527 1838 2629 1893 sub
2664 1844 2808 1890 tecto
2853 1844 2907 1890 et
2940 1836 3153 1891 deliciis
3190 1836 3424 1892 affluens

1841 1935 2044 1999 victus,
2076 1942 2129 1986 et
2155 1932 2447 1986 multarum
2487 1929 2702 1984 urbium
2741 1943 2804 1982 ex
2851 1944 2987 1998 pago
3011 1929 3299 1995 oriundus,
3331 1929 3422 1984 do-

1837 2025 2059 2091 minus;
2090 2040 2192 2094 pro
2220 2023 2479 2093 pastorali
2514 2022 2721 2076 doliolo
2750 2033 2805 2075 et
2839 2037 2995 2091 pera,
3031 2030 3311 2091 sceptrum
3366 2023 3422 2077 in

1837 2132 2023 2180 manu,
2073 2125 2130 2171 et
2184 2116 2391 2170 circum
2449 2122 2614 2180 caput
2657 2113 2909 2168 diadema
2968 2112 3157 2185 regni;
3189 2129 3220 2168 e
3265 2129 3425 2183 grege

1841 2209 2009 2264 boum
2024 2216 2080 2263 et
2101 2208 2229 2263 tibia
2256 2218 2311 2262 et
2328 2207 2515 2261 sonitu
2539 2205 2810 2260 mulcente
2842 2220 3033 2260 eorum
3067 2220 3249 2269 aures,
3274 2217 3424 2260 vates

1841 2316 2032 2356 eorum
2061 2315 2184 2370 quae
2221 2316 2389 2370 supra
2424 2314 2734 2354 sermonem
2760 2308 2889 2354 sunt
2921 2314 3147 2368 operum
3196 2308 3249 2352 et
3302 2312 3425 2367 prn-

1842 2388 2038 2459 phetiae
2069 2388 2288 2442 elIluere
2324 2388 2534 2442 faciens
2562 2388 2935 2455 charismata;
2976 2404 3042 2442 ex
3073 2388 3299 2443 sedibus
3334 2388 3422 2442 in-

1842 2482 2008 2536 certis
2028 2490 2084 2537 et
2112 2496 2243 2537 cura
2267 2496 2534 2551 agnorum
2566 2488 2620 2535 et
2647 2481 2788 2551 pelle
2806 2479 3013 2536 ferente
3034 2481 3422 2551 corpusculum

1842 2575 2029 2629 labore
2085 2582 2390 2643 gravatum,
2448 2574 2675 2628 thronus
2733 2574 2913 2643 regius
2971 2584 3025 2627 et
3077 2589 3318 2643 purpura
3369 2581 3423 2627 et

1843 2665 2072 2722 hastarii
2106 2674 2159 2720 et
2193 2679 2429 2730 corona;
2472 2673 2531 2719 ut
2563 2667 2731 2719 verbo
2751 2665 2952 2729 dicam,
2982 2680 3049 2718 ex
3084 2664 3251 2719 idiota
3292 2680 3424 2733 pro-

1841 2759 2001 2829 pheta
2031 2767 2084 2812 et
2117 2773 2210 2811 rex
2235 2773 2300 2812 ex
2331 2756 2559 2827 fugitivo
2590 2765 2645 2811 et
2666 2765 2857 2812 contra
2904 2765 3092 2812 hostes
3134 2757 3423 2812 victoriam

1843 2862 2172 2907 consecutus
2195 2852 2403 2921 absque
2434 2867 2637 2921 pugna.

167 2938 398 3004 νομάλυν
424 2939 521 2991 καὶ
554 2940 851 3010 θεραπείας
877 2940 1211 3012 θρεμμάτων
1235 2946 1330 2995 καὶ
1365 2944 1637 3012 σκυτάλης
1685 2943 1987 3015 ἀνεχούσης
2026 2944 2086 2996 τὸ
2116 2943 2394 3020 σωμάτιον
2445 2943 2600 3013 κόπῳ
2657 2940 3045 3011 βαρυνόμενον,
3087 2938 3275 3006 θρόνος
3328 2938 3423 3008 βα-

170 3030 352 3095 σελεεος
399 3034 492 3088 καὶ
542 3034 800 3106 πορφύρα
849 3042 941 3093 καὶ
982 3040 1275 3114 δορυφόροι
1308 3041 1401 3093 καὶ
1438 3039 1699 3108 στέφανος
1726 3054 1741 3069 ο
1783 3037 2056 3090 συνελόντι
2122 3037 2310 3106 φάναι,
2338 3036 2398 3103 ἐξ
2459 3035 2673 3090 ἰδιώτου
2708 3034 3019 3105 προφήτης,
3044 3034 3139 3087 καὶ
3174 3024 3427 3102 βασιλεὺς

168 3125 224 3191 ὲκ
256 3128 507 3195 φυγάδος,
542 3130 638 3182 καὶ
668 3131 727 3185 τὸ
763 3133 884 3187 κατ’
914 3134 1126 3206 ἐχθρῶν
1160 3135 1361 3205 κράτος
1415 3130 1939 3202 συγκληρωσάμενος
1972 3130 2203 3199 ἄμαχον.

232 3307 306 3359 Τά
341 3308 437 3377 μὲν
464 3308 561 3363 οὖν
594 3310 714 3364 θεῖα
755 3314 884 3384 περὶ
922 3314 1013 3368 τὸν
1056 3314 1240 3380 Δασὶδ,
1265 3314 1460 3380 ταῦτα,
1492 3314 1588 3368 καὶ
1612 3313 1732 3368 πολ-

1914 3312 2085 3383 Igitur
2113 3310 2297 3365 divina
2330 3310 2475 3365 circa
2520 3308 2712 3375 David,
2748 3309 2896 3374 talia,
2919 3316 2975 3363 et
3012 3307 3184 3363 multo
3216 3306 3426 3376 majora

170 3400 238 3471 λῷ
263 3402 479 3456 πλείονα
510 3404 581 3458 τά
606 3405 927 3475 λειπόμενα.
953 3407 1033 3461 Τὰ
1058 3407 1114 3460 δὲ
1146 3409 1245 3479 τῆς
1275 3409 1419 3478 ὲμῆς
1455 3396 1735 3470 ἀσθενείας

172 3493 257 3545 καὶ
282 3491 371 3545 τοῦ
410 3495 599 3560 Δαϐὶδ,
634 3499 891 3566 γυναικὸς
950 3502 1171 3570 ἡττᾶτο,
1216 3498 1309 3554 τοῦ
1362 3500 1601 3568 πολέμου
1638 3499 1736 3552 λα-

172 3583 268 3638 ϐὼν
295 3589 585 3659 ἐπίκουρον
634 3592 844 3665 ἔρωτα·
878 3595 1097 3666 μοιχεία
1142 3596 1236 3648 καὶ
1286 3597 1446 3665 φόνος
1470 3598 1611 3650 κατὰ
1639 3595 1732 3650 τοῦ

174 3685 423 3757 μεγέθους
452 3686 714 3759 ἐχόρευον
742 3686 853 3741 τῶν
888 3687 1198 3757 εὐεργετῶν
1221 3704 1234 3718 ·
1271 3687 1493 3758 ὕϐριζεν
1523 3691 1555 3759 ἡ
1596 3689 1734 3758 σὰρξ

170 3780 223 3834 τὸ
254 3779 486 3851 πνεῦμα,
523 3780 620 3834 καὶ
649 3780 917 3850 ἐπιθυμία
949 3781 1188 3849 ἄθεσμος
1229 3783 1341 3845 τοῖς
1375 3783 1484 3834 τῶν
1516 3782 1734 3851 δωρεῶν

170 3875 484 3943 χαρίσμασιν
546 3872 897 3942 ἐπεκώμαζε,
943 3879 1038 3927 καὶ
1081 3875 1226 3928 πόσα
1250 3874 1504 3928 τοιαῦται
1541 3877 1568 3928 6
1602 3893 1735 3945 προ-

169 3962 330 4034 φήτης
363 3964 457 4019 καὶ
487 3964 764 4034 βασιλεὺς,
795 3964 1062 4035 κάπηλος,
1114 3966 1214 4020 οὑκ
1252 3962 1396 4020 οἶνον
1440 3966 1594 4020 ὕδατι
1637 3985 1730 4021 κε-

173 4052 372 4120 ραννὺς,
400 4054 539 4107 ἀλλὰ
559 4054 659 4117 τὰς
682 4054 822 4126 ὑπὲρ
840 4055 996 4123 λόγον
1016 4055 1224 4124 δωρεὰς
1248 4058 1613 4126 καταμιγνὺς,
1638 4058 1734 4110 καὶ

172 4142 484 4213 κιϐδηλεύων
518 4147 630 4208 τοῖς
656 4147 755 4215 τῆς
783 4148 987 4217 σαρκὸς
1005 4147 1202 4200 πάθεσι
1225 4149 1318 4201 καὶ
1342 4151 1730 4220 σκιρτήμασιν.

183 4230 261 4282 Ἐν
281 4232 484 4298 τούτοις
519 4236 613 4289 καί
645 4237 761 4299 τοῖς
796 4236 1063 4301 τοιούτοις
1104 4234 1286 4306 λόγοις
1313 4241 1342 4292 6
1366 4239 1505 4302 Θεὸς
1550 4240 1732 4309 κρινό-

176 4318 318 4384 μενός
339 4337 395 4372 τε
428 4321 525 4374 καὶ
551 4321 1054 4393 δικαιολογούμενος
1085 4327 1219 4396 πρὸς
1266 4327 1360 4379 τὸν
1403 4328 1567 4382 Δαϐὶδ
1590 4372 1604 4395 ,
1643 4325 1731 4398 ἆρ’

172 4406 304 4462 ἔστιν
328 4414 501 4467 εἰπεῖν
524 4416 604 4478 είς
643 4416 768 4471 ὅσον
809 4417 887 4487 τῷ
910 4418 1101 4491 δικαίῳ
1146 4421 1471 4491 ὑπερέϐαλε,
1515 4423 1732 4493 καὶτῆς

174 4498 322 4591 μύτοῦ
351 4506 694 4576 παρέστησεν
722 4509 1061 4581 άγαθότητος
1083 4512 1144 4565 τὸ
1171 4512 1602 4585 ἀνυπέρϐλητον,
1633 4517 1730 4591 μά-

173 4588 315 4646 λιστα
340 4595 394 4648 δὲ
421 4599 555 4668 μηδὲ
586 4601 882 4671 τιμωρίαις
923 4604 1150 4672 ὑπάγων
1180 4606 1271 4658 τὸν
1300 4606 1425 4661 ἀντὶ
1459 4588 1728 4662 τοσούτων

173 4680 374 4747 ἀγαθῶν
434 4693 625 4753 κακοῖς
671 4692 1079 4764 ἀμειψάμενον;
1124 4696 1460 4768 ὑπετέμνετο
1501 4700 1611 4770 γάρ
1661 4701 1729 4755 ἂν

174 4770 326 4863 οὓτως
353 4778 411 4829 τὸ
439 4781 645 4847 ἄφατον
675 4782 823 4848 ἔλεος
844 4786 937 4839 τοῦ
968 4787 1101 4841 Θεοῦ
1128 4788 1221 4842 καὶ
1253 4791 1312 4842 τὸ
1333 4792 1390 4843 ἐν
1416 4792 1564 4862 αὑτῷ
1591 4792 1729 4863 λαμ-

175 4862 297 4929 πρὸν
341 4867 432 4920 καὶ
475 4872 575 4925 οὐκ
617 4872 739 4944 ἔχον
779 4876 1148 4946 ἀπαγγέλλειν
1180 4880 1338 4948 λόγον
1363 4881 1426 4934 τὸ
1454 4862 1723 4952 μέγεθοςο

173 4960 390 5031 τιμωρίᾳ
420 4963 527 5035 γὰρ
562 4966 654 5019 καὶ
680 4967 902 5021 κολάσει
931 4971 960 5022 6
988 4973 1316 5044 ἠδικημένος
1354 4975 1724 5044 ζημιούμενος

1836 3402 2223 3475 praetermissa.
2258 3400 2389 3468 Qua:
2413 3410 2596 3456 autem
2623 3415 2758 3455 meae
2782 3399 3118 3454 inﬁrmitatis
3143 3405 3197 3453 et
3231 3398 3426 3465 David,

1836 3509 1867 3548 a
1892 3495 2120 3550 muliere
2149 3494 2327 3549 victus
2366 3502 2471 3558 est,
2503 3493 2627 3547 belli
2658 3500 2944 3561 assumpto
2996 3490 3145 3546 socio
3176 3504 3362 3544 amore
3403 3508 3418 3544 :

1835 3584 2162 3640 adulterium
2216 3593 2269 3639 et
2314 3583 2672 3640 homicidium
2731 3593 2923 3639 contra
2978 3580 3419 3651 magnitudinem

1836 3677 2175 3732 incesserunt
2207 3677 2344 3732 bene
2380 3674 2674 3731 factorum.
2706 3674 2915 3744 lnjuria
2940 3674 3120 3729 affecit
3153 3689 3284 3729 caro
3308 3674 3427 3743 spi-

1836 3767 2023 3832 ritum,
2058 3776 2112 3822 et
2136 3768 2580 3837 concupiscentia
2611 3767 2892 3838 illegitima
2945 3767 3214 3821 donorum
3242 3766 3425 3821 chari-

1836 3862 2105 3917 smatibus
2134 3862 2327 3926 illusit,
2355 3870 2411 3917 et
2440 3877 2688 3932 quaenam
2738 3863 2872 3917 illa?
2912 3862 3181 3936 Propheta
3224 3871 3277 3914 et
3306 3876 3422 3921 rex,

1834 3969 2027 4023 caupo,
2055 3969 2163 4007 non
2186 3953 2374 4007 viuum
2406 3968 2561 4023 aquae
2596 3954 2856 4020 miscens,
2884 3952 2980 4009 sed
3010 3968 3073 4007 ea
3107 3968 3228 4022 quae
3250 3966 3419 4019 supra

1834 4060 2142 4101 sermonem
2175 4053 2305 4099 sunt
2344 4044 2485 4098 dona
2515 4045 2756 4099 miscens
2778 4053 2833 4097 et
2878 4043 3194 4113 adulterans
3231 4041 3420 4098 carnis

1832 4138 2184 4209 passionibus
2215 4147 2270 4192 et
2307 4139 2632 4194 assultibus.
2662 4137 2719 4191 ln
2748 4138 2833 4192 his
2864 4144 2918 4192 et
2952 4137 3156 4192 talibus
3202 4150 3416 4191 sermo-

1835 4233 1997 4289 nibus
2024 4232 2169 4288 Deus
2200 4230 2476 4302 judicatus
2524 4241 2580 4286 et
2620 4230 2955 4301 iustificatus
2997 4230 3177 4298 quoad
3220 4228 3411 4283 David.

1833 4325 1990 4380 Certe
2042 4331 2129 4378 est
2188 4323 2367 4377 dicere
2421 4322 2475 4376 in
2549 4329 2816 4391 quantum
2901 4321 3116 4391 justitia
3187 4334 3416 4387 supera-

1832 4417 2019 4485 verit,
2106 4425 2162 4473 et
2249 4431 2364 4471 suae
2454 4414 2757 4470 ostenderit
2874 4412 3133 4468 bonitatis
3239 4412 3419 4467 excel-

1832 4510 2053 4565 lentiam
2080 4550 2096 4576 ,
2149 4507 2450 4577 praesertim
2505 4520 2614 4560 non
2660 4505 2915 4560 vindictae
2954 4504 3254 4575 subjiciens
3289 4520 3417 4563 eum

1755 4603 1928 4712 uni
1978 4617 2080 4673 pro
2131 4601 2298 4656 tantis
2361 4598 2519 4654 bonis
2586 4597 2727 4652 mala
2778 4596 3044 4666 rependit.
3110 4598 3204 4652 Sic
3270 4598 3416 4652 enim

1843 4694 1930 4712 -ηΙ-
1955 4703 2079 4712 -—---
2128 4691 2315 4712 [ΕΛ---ι
2345 4689 2632 4712 ε---ηΑι.ειε-
2659 4689 3031 4712 _:--_:--_.I:_
3069 4689 3160 4712 l.-:
3195 4700 3239 4712 Α.
3272 4691 3412 4712 ι---]

1837 4694 2088 4755 subsecta
2128 4691 2319 4746 fuisset
2345 4689 2636 4745 ineffabilis
2659 4689 3035 4745 misericordia
3069 4689 3162 4744 Dei
3189 4700 3241 4745 et
3265 4691 3415 4761 quod

1836 4786 1889 4845 in
1924 4799 1987 4839 ea
2012 4784 2301 4854 splendens
2345 4797 2523 4852 neque
2540 4796 2848 4837 sermonem
2894 4782 3103 4837 habens
3149 4783 3216 4837 ad
3255 4798 3418 4838 enar-

1832 4877 2060 4933 randam
2104 4877 2224 4946 ejus
2280 4874 3017 4946 magnitudinem;vindicta
3050 4875 3193 4930 enim
3234 4883 3288 4931 et
3322 4892 3418 4932 ca-

1831 4971 2121 5042 stigatione
2151 4970 2199 5024 is
2223 4970 2317 5041 qui
2346 4970 2545 5039 injuste
2566 4969 2768 5024 damno
2794 4968 3020 5024 affectus
3051 4978 3134 5025 est
3156 4969 3417 5039 pleraque

174 5044 233 5095 ti
261 5052 419 5138 πολλά
450 5057 557 5110 τῶν
599 5059 932 5130 ὀφλημάτων
982 5064 1107 5132 ἄγει
1154 5067 1290 5138 πρὸς
1335 5068 1598 5123 διάλυσιν.
1646 5072 1727 5124 Τά

1836 5064 2150 5118 delictorum
2180 5062 2446 5119 dissolvit.
2484 5061 2739 5115 Davidica
2785 5060 2953 5133 igitur
2995 5061 3331 5131 poenitentiae
3360 5070 3415 5117 et

174 5134 333 5235 τοίνυν
364 5147 619 5207 Δαυῑδικά
646 5153 748 5224 τῆς
803 5158 1092 5225 μετανοίας
1142 5134 1237 5213 καὶ
1287 5162 1725 5235 ἐξομολογήσεως

1828 5153 2194 5210 confessionis
2246 5154 2409 5207 verba
2451 5161 2507 5207 et
2541 5152 2805 5207 similium
2851 5151 3084 5233 quodvis
3129 5166 3411 5207 sacrorum

179 5233 377 5326 ῥήματα
409 5246 501 5297 καὶ
527 5246 636 5300 τῶν
675 5250 1072 5319 παραπλησίων
1102 5253 1331 5307 ἕκαστον
1357 5256 1389 5325 ή
1425 5256 1534 5309 τῶν
1564 5233 1725 5326 ίερῶν

1836 5247 2186 5317 Eloquiorum
2225 5260 2349 5301 mos
2400 5246 2628 5300 omnino
2657 5254 2984 5301 eventurum
3021 5245 3408 5315 praeindicans,

175 5324 362 5430 Λργίων
395 5337 646 5408 συνήθεια
696 5339 757 5394 τὸ
804 5343 1021 5407 πάντως
1052 5324 1462 5416 ἀποϐησόμενον
1508 5324 1724 5419 προ-μη-

176 5429 376 5518 νξουσα,
427 5429 801 5500 αίτιολογικῶς
848 5435 1207 5504 ἀπαγγέλλει,
1267 5439 1361 5491 καὶ
1389 5440 1722 5494 διατυποῦσα

174 5514 244 5577 τῷ
270 5514 493 5585 σχήματι
520 5522 581 5576 τὸ
614 5527 879 5594 συγγενὲς
906 5526 1002 5582 τοῦ
1027 5527 1322 5593 ἀκωλύτως
1348 5530 1720 5604 ἐκδησομένου

234 5691 255 5737 ἳ
281 5688 377 5752 Ila.
411 5711 446 5765 ι,
474 5699 554 5757 13.

1827 5340 2127 5413 aatiologice
2184 5340 2435 5395 enuntiat
2480 5350 2533 5395 et
2580 5338 2840 5411 ellingens
2899 5338 3087 5393 habitu
3147 5336 3199 5391 id
3261 5334 3409 5403 quod

1829 5434 2083 5492 aﬂineest
2125 5434 2243 5506 eius
2299 5433 2445 5505 quod
2497 5432 2921 5489 inel‘netahiliter
2957 5438 3277 5485 eventurum
3324 5439 3412 5478 co-

1830 5547 1945 5588 ram
1997 5531 2160 5589 sistit.
2223 5529 2327 5598 Qui
2396 5529 2561 5603 igitur
2630 5525 2982 5596 Eloquiorum
3032 5512 3406 5592 [sacrorum]
