  <div class='ocr_page' id='page_1' title='image "/cluster/home/n/w/nwhite01/storage/ocr_20150623/101 pt.1/mdp.39015061955830/223.png"; bbox 0 0 3864 6208; ppageno 0'>
   <div class='ocr_carea' id='block_1_1' title="bbox 180 235 427 306">
    <p class='ocr_par' dir='ltr' id='par_1_1' title="bbox 180 235 427 306">
     <span class='ocr_line' id='line_1_1' title="bbox 180 235 427 306; baseline -0.016 0"><span class='ocrx_word' id='word_1_1' title='bbox 180 235 427 306; x_wconf 71' lang='grc'><strong>..403</strong></span> 
     </span>
    </p>
   </div>
   <div class='ocr_carea' id='block_1_2' title="bbox 1479 240 1940 307">
    <p class='ocr_par' dir='ltr' id='par_1_2' title="bbox 1479 243 1940 307">
     <span class='ocr_line' id='line_1_2' title="bbox 1479 243 1940 307; baseline -0.007 0"><span class='ocrx_word' id='word_1_2' title='bbox 1479 243 1746 307; x_wconf 85' lang='grc' dir='ltr'><strong>ΡΗΟΤῙΙ</strong></span> <span class='ocrx_word' id='word_1_3' title='bbox 1780 244 1940 306; x_wconf 81' lang='lat' dir='ltr'><strong>PAT]</strong></span> 
     </span>
    </p>
   </div>
   <div class='ocr_carea' id='block_1_3' title="bbox 2071 240 3633 307">
    <p class='ocr_par' dir='ltr' id='par_1_3' title="bbox 2071 240 3633 307">
     <span class='ocr_line' id='line_1_3' title="bbox 2071 240 3633 307; baseline -0.002 -2"><span class='ocrx_word' id='word_1_4' title='bbox 2071 245 2223 305; x_wconf 78' lang='lat' dir='ltr'><strong>RCH</strong></span> <span class='ocrx_word' id='word_1_5' title='bbox 2242 245 2291 305; x_wconf 72' lang='grc' dir='ltr'>Ε</span> <span class='ocrx_word' id='word_1_6' title='bbox 2321 246 2432 307; x_wconf 83' lang='lat' dir='ltr'><strong>CP;</strong></span> <span class='ocrx_word' id='word_1_7' title='bbox 3490 240 3633 305; x_wconf 59' lang='lat'><strong>40:3:</strong></span> 
     </span>
    </p>
   </div>
   <div class='ocr_carea' id='block_1_4' title="bbox 312 355 1940 432">
    <p class='ocr_par' dir='ltr' id='par_1_4' title="bbox 312 358 1940 432">
     <span class='ocr_line' id='line_1_4' title="bbox 312 358 1940 432; baseline 0 -18"><span class='ocrx_word' id='word_1_8' title='bbox 312 372 523 414; x_wconf 88' lang='lat' dir='ltr'><strong>morem</strong></span> <span class='ocrx_word' id='word_1_9' title='bbox 562 366 618 413; x_wconf 87' lang='lat' dir='ltr'><strong>et</strong></span> <span class='ocrx_word' id='word_1_10' title='bbox 642 372 910 414; x_wconf 86' lang='lat' dir='ltr'><strong>canonem</strong></span> <span class='ocrx_word' id='word_1_11' title='bbox 939 358 1314 432; x_wconf 78' lang='lat' dir='ltr'><strong>intelligentia:</strong></span> <span class='ocrx_word' id='word_1_12' title='bbox 1340 370 1491 417; x_wconf 88' lang='lat' dir='ltr'><strong>recta</strong></span> <span class='ocrx_word' id='word_1_13' title='bbox 1521 361 1899 432; x_wconf 81' lang='lat' dir='ltr'><strong>prosequitur,</strong></span> <span class='ocrx_word' id='word_1_14' title='bbox 1928 400 1940 421; x_wconf 53' lang='grc' dir='ltr'><em>λ</em></span> 
     </span>
    </p>
   </div>
   <div class='ocr_carea' id='block_1_5' title="bbox 2071 355 3622 432">
    <p class='ocr_par' dir='ltr' id='par_1_5' title="bbox 2071 355 3622 430">
     <span class='ocr_line' id='line_1_5' title="bbox 2071 355 3622 430; baseline -0.001 -19"><span class='ocrx_word' id='word_1_15' title='bbox 2071 359 2342 430; x_wconf 87' lang='grc' dir='ltr'>ιρίστησιν</span> <span class='ocrx_word' id='word_1_16' title='bbox 2363 376 2375 388; x_wconf 87' lang='grc'><strong>·</strong></span> <span class='ocrx_word' id='word_1_17' title='bbox 2409 360 2437 412; x_wconf 99' lang='lat'><strong>6</strong></span> <span class='ocrx_word' id='word_1_18' title='bbox 2457 356 2635 412; x_wconf 86' lang='grc' dir='ltr'>τοίνυν</span> <span class='ocrx_word' id='word_1_19' title='bbox 2658 356 2738 426; x_wconf 82' lang='grc' dir='ltr'>τῷ</span> <span class='ocrx_word' id='word_1_20' title='bbox 2769 358 2878 413; x_wconf 91' lang='grc' dir='ltr'><strong>τῶν</strong></span> <span class='ocrx_word' id='word_1_21' title='bbox 2900 359 3112 428; x_wconf 83' lang='grc' dir='ltr'>Λογίων</span> <span class='ocrx_word' id='word_1_22' title='bbox 3129 358 3240 412; x_wconf 77' lang='grc' dir='ltr'>ἔθει</span> <span class='ocrx_word' id='word_1_23' title='bbox 3269 358 3362 411; x_wconf 73' lang='grc' dir='ltr'>καὶ</span> <span class='ocrx_word' id='word_1_24' title='bbox 3383 355 3466 427; x_wconf 82' lang='grc' dir='ltr'>τῷ</span> <span class='ocrx_word' id='word_1_25' title='bbox 3494 373 3589 410; x_wconf 79' lang='grc' dir='ltr'>κα.</span> <span class='ocrx_word' id='word_1_26' title='bbox 3608 386 3622 393; x_wconf 90' lang='grc'><strong><em>-</em></strong></span> 
     </span>
    </p>
   </div>
   <div class='ocr_carea' id='block_1_6' title="bbox 313 448 1940 524">
    <p class='ocr_par' dir='ltr' id='par_1_6' title="bbox 313 451 1902 524">
     <span class='ocr_line' id='line_1_6' title="bbox 313 451 1902 524; baseline 0.002 -20"><span class='ocrx_word' id='word_1_27' title='bbox 313 459 606 520; x_wconf 84' lang='lat' dir='ltr'><strong>postquam</strong></span> <span class='ocrx_word' id='word_1_28' title='bbox 637 451 740 521; x_wconf 88' lang='lat' dir='ltr'><strong>ipsi</strong></span> <span class='ocrx_word' id='word_1_29' title='bbox 765 453 1069 507; x_wconf 91' lang='lat' dir='ltr'><strong>occurrerit</strong></span> <span class='ocrx_word' id='word_1_30' title='bbox 1093 467 1319 509; x_wconf 83' lang='lat' dir='ltr'><strong>causam</strong></span> <span class='ocrx_word' id='word_1_31' title='bbox 1351 453 1679 524; x_wconf 85' lang='lat' dir='ltr'><strong>allegantem</strong></span> <span class='ocrx_word' id='word_1_32' title='bbox 1710 462 1902 523; x_wconf 85' lang='lat' dir='ltr'><strong>tropo-</strong></span> 
     </span>
    </p>
   </div>
   <div class='ocr_carea' id='block_1_7' title="bbox 2071 448 3629 524">
    <p class='ocr_par' dir='ltr' id='par_1_7' title="bbox 2071 448 3629 520">
     <span class='ocr_line' id='line_1_7' title="bbox 2071 448 3629 520; baseline -0.002 -16"><span class='ocrx_word' id='word_1_33' title='bbox 2071 469 2117 504; x_wconf 89' lang='grc' dir='ltr'><strong>νι</strong></span> <span class='ocrx_word' id='word_1_34' title='bbox 2142 450 2244 520; x_wconf 80' lang='grc' dir='ltr'>τῆς</span> <span class='ocrx_word' id='word_1_35' title='bbox 2278 450 2522 513; x_wconf 82' lang='grc' dir='ltr'><strong>διανοίας</strong></span> <span class='ocrx_word' id='word_1_36' title='bbox 2553 449 2937 520; x_wconf 80' lang='grc' dir='ltr'>εύθυνόμενος,</span> <span class='ocrx_word' id='word_1_37' title='bbox 2987 450 3209 504; x_wconf 79' lang='grc' dir='ltr'>ἐπειδὰν</span> <span class='ocrx_word' id='word_1_38' title='bbox 3249 451 3330 513; x_wconf 82' lang='grc' dir='ltr'><strong>είς</strong></span> <span class='ocrx_word' id='word_1_39' title='bbox 3378 448 3629 520; x_wconf 75' lang='grc' dir='ltr'>ὁμιλίαν</span> 
     </span>
    </p>
   </div>
   <div class='ocr_carea' id='block_1_8' title="bbox 315 540 1940 617">
    <p class='ocr_par' dir='ltr' id='par_1_8' title="bbox 315 542 1904 617">
     <span class='ocr_line' id='line_1_8' title="bbox 315 542 1904 617; baseline 0 -20"><span class='ocrx_word' id='word_1_40' title='bbox 315 544 513 615; x_wconf 77' lang='lat' dir='ltr'><strong>logiam</strong></span> <span class='ocrx_word' id='word_1_41' title='bbox 552 559 666 613; x_wconf 69' lang='lat' dir='ltr'><strong>prae</strong></span> <span class='ocrx_word' id='word_1_42' title='bbox 694 560 755 599; x_wconf 82' lang='lat' dir='ltr'><strong>se</strong></span> <span class='ocrx_word' id='word_1_43' title='bbox 780 542 961 599; x_wconf 81' lang='lat' dir='ltr'><strong>ferens</strong></span> <span class='ocrx_word' id='word_1_44' title='bbox 984 545 1162 615; x_wconf 87' lang='lat' dir='ltr'><strong>aliqua</strong></span> <span class='ocrx_word' id='word_1_45' title='bbox 1194 546 1519 617; x_wconf 87' lang='lat' dir='ltr'><strong>propositio,</strong></span> <span class='ocrx_word' id='word_1_46' title='bbox 1549 546 1904 601; x_wconf 79' lang='lat' dir='ltr'><strong>manifestum</strong></span> 
     </span>
    </p>
   </div>
   <div class='ocr_carea' id='block_1_9' title="bbox 2071 540 3629 617">
    <p class='ocr_par' dir='ltr' id='par_1_9' title="bbox 2071 540 3629 615">
     <span class='ocr_line' id='line_1_9' title="bbox 2071 540 3629 615; baseline -0.001 -20"><span class='ocrx_word' id='word_1_47' title='bbox 2071 545 2255 615; x_wconf 82' lang='grc' dir='ltr'>ιταστῇ</span> <span class='ocrx_word' id='word_1_48' title='bbox 2282 546 2348 614; x_wconf 85' lang='grc' dir='ltr'>τῇ</span> <span class='ocrx_word' id='word_1_49' title='bbox 2373 542 2661 613; x_wconf 82' lang='grc' dir='ltr'>αίτιολόγῳ</span> <span class='ocrx_word' id='word_1_50' title='bbox 2690 543 3041 615; x_wconf 59' lang='grc' dir='ltr'>ητροπολογίᾳ</span> <span class='ocrx_word' id='word_1_51' title='bbox 3080 540 3629 613; x_wconf 82' lang='grc' dir='ltr'>κατεσχηματισμὲ-</span> 
     </span>
    </p>
   </div>
   <div class='ocr_carea' id='block_1_10' title="bbox 315 630 1940 708">
    <p class='ocr_par' dir='ltr' id='par_1_10' title="bbox 315 636 1908 708">
     <span class='ocr_line' id='line_1_10' title="bbox 315 636 1908 708; baseline 0.002 -19"><span class='ocrx_word' id='word_1_52' title='bbox 315 644 399 690; x_wconf 84' lang='lat' dir='ltr'><strong>cst</strong></span> <span class='ocrx_word' id='word_1_53' title='bbox 453 636 666 690; x_wconf 88' lang='lat' dir='ltr'><strong>nullum</strong></span> <span class='ocrx_word' id='word_1_54' title='bbox 715 637 1014 691; x_wconf 84' lang='lat' dir='ltr'><strong>tumultum</strong></span> <span class='ocrx_word' id='word_1_55' title='bbox 1069 654 1247 708; x_wconf 91' lang='lat' dir='ltr'><strong>neque</strong></span> <span class='ocrx_word' id='word_1_56' title='bbox 1303 640 1673 695; x_wconf 84' lang='lat' dir='ltr'><strong>turbationem</strong></span> <span class='ocrx_word' id='word_1_57' title='bbox 1728 653 1908 708; x_wconf 90' lang='lat' dir='ltr'><strong>neque</strong></span> 
     </span>
    </p>
   </div>
   <div class='ocr_carea' id='block_1_11' title="bbox 2071 630 3628 708">
    <p class='ocr_par' dir='ltr' id='par_1_11' title="bbox 2071 630 3628 705">
     <span class='ocr_line' id='line_1_11' title="bbox 2071 630 3628 705; baseline -0.001 -21"><span class='ocrx_word' id='word_1_58' title='bbox 2071 649 2096 684; x_wconf 86' lang='grc' dir='ltr'><strong>υ</strong></span> <span class='ocrx_word' id='word_1_59' title='bbox 2148 632 2297 695; x_wconf 85' lang='grc' dir='ltr'>τινὸς</span> <span class='ocrx_word' id='word_1_60' title='bbox 2349 631 2771 703; x_wconf 79' lang='grc' dir='ltr'>προϐλήματος,</span> <span class='ocrx_word' id='word_1_61' title='bbox 2798 633 2957 705; x_wconf 84' lang='grc' dir='ltr'>δῆλον</span> <span class='ocrx_word' id='word_1_62' title='bbox 3003 632 3079 696; x_wconf 87' lang='grc' dir='ltr'>ὠς</span> <span class='ocrx_word' id='word_1_63' title='bbox 3128 632 3318 685; x_wconf 81' lang='grc' dir='ltr'><strong>οὐδένα</strong></span> <span class='ocrx_word' id='word_1_64' title='bbox 3369 630 3628 703; x_wconf 76' lang='grc' dir='ltr'>θόρυϐον</span> 
     </span>
    </p>
   </div>
   <div class='ocr_carea' id='block_1_12' title="bbox 316 721 1940 800">
    <p class='ocr_par' dir='ltr' id='par_1_12' title="bbox 316 727 1906 800">
     <span class='ocr_line' id='line_1_12' title="bbox 316 727 1906 800; baseline 0.002 -19"><span class='ocrx_word' id='word_1_65' title='bbox 316 727 716 784; x_wconf 84' lang='lat' dir='ltr'><strong>dubitationem</strong></span> <span class='ocrx_word' id='word_1_66' title='bbox 751 729 993 800; x_wconf 84' lang='lat' dir='ltr'><strong>aliquam</strong></span> <span class='ocrx_word' id='word_1_67' title='bbox 1030 732 1304 786; x_wconf 88' lang='lat' dir='ltr'><strong>rationem</strong></span> <span class='ocrx_word' id='word_1_68' title='bbox 1341 740 1616 787; x_wconf 87' lang='lat' dir='ltr'><strong>tenentem</strong></span> <span class='ocrx_word' id='word_1_69' title='bbox 1658 745 1781 786; x_wconf 85' lang='lat' dir='ltr'><strong>esse</strong></span> <span class='ocrx_word' id='word_1_70' title='bbox 1811 745 1906 785; x_wconf 87' lang='lat' dir='ltr'><strong>su-</strong></span> 
     </span>
    </p>
   </div>
   <div class='ocr_carea' id='block_1_13' title="bbox 2071 721 3630 800">
    <p class='ocr_par' dir='ltr' id='par_1_13' title="bbox 2071 721 3630 795">
     <span class='ocr_line' id='line_1_13' title="bbox 2071 721 3630 795; baseline -0.001 -21"><span class='ocrx_word' id='word_1_71' title='bbox 2071 722 2145 775; x_wconf 60' lang='lat' dir='ltr'><strong>se</strong></span> <span class='ocrx_word' id='word_1_72' title='bbox 2175 722 2425 795; x_wconf 82' lang='grc' dir='ltr'>ταραχὴν</span> <span class='ocrx_word' id='word_1_73' title='bbox 2452 722 2561 776; x_wconf 79' lang='grc' dir='ltr'>οὐδ’</span> <span class='ocrx_word' id='word_1_74' title='bbox 2586 723 2822 794; x_wconf 75' lang='grc' dir='ltr'><strong>ἀπορίαν</strong></span> <span class='ocrx_word' id='word_1_75' title='bbox 2850 722 2975 776; x_wconf 83' lang='grc' dir='ltr'>τινὰ</span> <span class='ocrx_word' id='word_1_76' title='bbox 2999 722 3125 786; x_wconf 78' lang='grc' dir='ltr'>τοὺς</span> <span class='ocrx_word' id='word_1_77' title='bbox 3151 721 3451 792; x_wconf 79' lang='grc' dir='ltr'>λογισμοὺς</span> <span class='ocrx_word' id='word_1_78' title='bbox 3481 738 3630 773; x_wconf 88' lang='grc' dir='ltr'>συν-</span> 
     </span>
    </p>
   </div>
   <div class='ocr_carea' id='block_1_14' title="bbox 317 810 1940 893">
    <p class='ocr_par' dir='ltr' id='par_1_14' title="bbox 317 818 1902 893">
     <span class='ocr_line' id='line_1_14' title="bbox 317 818 1902 893; baseline 0.001 -19"><span class='ocrx_word' id='word_1_79' title='bbox 317 818 601 887; x_wconf 86' lang='lat' dir='ltr'><strong>biturum;</strong></span> <span class='ocrx_word' id='word_1_80' title='bbox 657 821 752 877; x_wconf 87' lang='lat' dir='ltr'><strong>sed</strong></span> <span class='ocrx_word' id='word_1_81' title='bbox 802 821 1016 877; x_wconf 88' lang='lat' dir='ltr'><strong>ratione</strong></span> <span class='ocrx_word' id='word_1_82' title='bbox 1067 824 1400 879; x_wconf 89' lang='lat' dir='ltr'><strong>contrahens</strong></span> <span class='ocrx_word' id='word_1_83' title='bbox 1429 824 1615 893; x_wconf 78' lang='lat' dir='ltr'><strong>ﬁgurae</strong></span> <span class='ocrx_word' id='word_1_84' title='bbox 1656 836 1902 887; x_wconf 86' lang='lat' dir='ltr'><strong>sensum,</strong></span> 
     </span>
    </p>
   </div>
   <div class='ocr_carea' id='block_1_15' title="bbox 2071 810 3627 893">
    <p class='ocr_par' dir='ltr' id='par_1_15' title="bbox 2071 810 3627 886">
     <span class='ocr_line' id='line_1_15' title="bbox 2071 810 3627 886; baseline -0.003 -19"><span class='ocrx_word' id='word_1_85' title='bbox 2071 830 2243 884; x_wconf 66' lang='lat' dir='ltr'><strong>puaav</strong></span> <span class='ocrx_word' id='word_1_86' title='bbox 2286 814 2655 886; x_wconf 85' lang='grc' dir='ltr'>ύποστήσεται</span> <span class='ocrx_word' id='word_1_87' title='bbox 2678 831 2691 845; x_wconf 89' lang='grc'><strong>·</strong></span> <span class='ocrx_word' id='word_1_88' title='bbox 2729 814 2865 868; x_wconf 86' lang='grc' dir='ltr'><strong>ἀλλά</strong></span> <span class='ocrx_word' id='word_1_89' title='bbox 2912 813 2991 885; x_wconf 81' lang='grc' dir='ltr'>τῷ</span> <span class='ocrx_word' id='word_1_90' title='bbox 3019 813 3164 884; x_wconf 86' lang='grc' dir='ltr'>λόγῳ</span> <span class='ocrx_word' id='word_1_91' title='bbox 3214 812 3488 883; x_wconf 83' lang='grc' dir='ltr'>περιελὼν</span> <span class='ocrx_word' id='word_1_92' title='bbox 3516 810 3627 864; x_wconf 83' lang='grc' dir='ltr'><strong>τοῦ</strong></span> 
     </span>
    </p>
   </div>
   <div class='ocr_carea' id='block_1_16' title="bbox 318 904 1940 985">
    <p class='ocr_par' dir='ltr' id='par_1_16' title="bbox 318 911 1901 985">
     <span class='ocr_line' id='line_1_16' title="bbox 318 911 1901 985; baseline 0.001 -20"><span class='ocrx_word' id='word_1_93' title='bbox 318 926 454 982; x_wconf 78' lang='lat' dir='ltr'><strong>pure</strong></span> <span class='ocrx_word' id='word_1_94' title='bbox 474 922 800 967; x_wconf 83' lang='lat' dir='ltr'><strong>eventurum</strong></span> <span class='ocrx_word' id='word_1_95' title='bbox 834 913 1077 981; x_wconf 85' lang='lat' dir='ltr'><strong>videbit;</strong></span> <span class='ocrx_word' id='word_1_96' title='bbox 1108 915 1265 984; x_wconf 86' lang='lat' dir='ltr'><strong>cujus</strong></span> <span class='ocrx_word' id='word_1_97' title='bbox 1285 928 1508 985; x_wconf 90' lang='lat' dir='ltr'><strong>quoque</strong></span> <span class='ocrx_word' id='word_1_98' title='bbox 1539 914 1593 967; x_wconf 89' lang='lat' dir='ltr'><strong>itt</strong></span> <span class='ocrx_word' id='word_1_99' title='bbox 1622 911 1901 969; x_wconf 85' lang='lat' dir='ltr'><strong>ostensio-</strong></span> 
     </span>
    </p>
   </div>
   <div class='ocr_carea' id='block_1_17' title="bbox 2071 904 3631 985">
    <p class='ocr_par' dir='ltr' id='par_1_17' title="bbox 2071 904 3631 976">
     <span class='ocr_line' id='line_1_17' title="bbox 2071 904 3631 976; baseline -0.004 -15"><span class='ocrx_word' id='word_1_100' title='bbox 2071 905 2296 975; x_wconf 72' lang='grc' dir='ltr'>[ἤματος</span> <span class='ocrx_word' id='word_1_101' title='bbox 2340 905 2440 976; x_wconf 78' lang='grc' dir='ltr'>τὴν</span> <span class='ocrx_word' id='word_1_102' title='bbox 2488 905 2769 971; x_wconf 83' lang='grc' dir='ltr'>ἐπίνοιαν,</span> <span class='ocrx_word' id='word_1_103' title='bbox 2818 905 3080 976; x_wconf 83' lang='grc' dir='ltr'><strong>καθαρῶς</strong></span> <span class='ocrx_word' id='word_1_104' title='bbox 3121 905 3183 959; x_wconf 87' lang='grc' dir='ltr'><strong>τὸ</strong></span> <span class='ocrx_word' id='word_1_105' title='bbox 3236 904 3631 973; x_wconf 78' lang='grc' dir='ltr'>ἐκϐησόμενον</span> 
     </span>
    </p>
   </div>
   <div class='ocr_carea' id='block_1_18' title="bbox 320 990 1940 1077">
    <p class='ocr_par' dir='ltr' id='par_1_18' title="bbox 320 1003 1579 1077">
     <span class='ocr_line' id='line_1_18' title="bbox 320 1003 1579 1077; baseline 0.002 -22"><span class='ocrx_word' id='word_1_106' title='bbox 320 1016 446 1057; x_wconf 88' lang='lat' dir='ltr'><strong>nem</strong></span> <span class='ocrx_word' id='word_1_107' title='bbox 476 1003 743 1074; x_wconf 75' lang='lat' dir='ltr'><strong>ﬁguratus</strong></span> <span class='ocrx_word' id='word_1_108' title='bbox 781 1006 1039 1077; x_wconf 89' lang='lat' dir='ltr'><strong>loquendi</strong></span> <span class='ocrx_word' id='word_1_109' title='bbox 1077 1022 1212 1062; x_wconf 91' lang='lat' dir='ltr'><strong>usus</strong></span> <span class='ocrx_word' id='word_1_110' title='bbox 1250 1004 1579 1060; x_wconf 86' lang='lat' dir='ltr'><strong>assumitur.</strong></span> 
     </span>
    </p>
   </div>
   <div class='ocr_carea' id='block_1_19' title="bbox 2071 990 3629 1077">
    <p class='ocr_par' dir='ltr' id='par_1_19' title="bbox 2071 990 3629 1071">
     <span class='ocr_line' id='line_1_19' title="bbox 2071 990 3629 1071; baseline 0.001 -24"><span class='ocrx_word' id='word_1_111' title='bbox 2071 1013 2207 1053; x_wconf 63' lang='grc' dir='ltr'>μεται</span> <span class='ocrx_word' id='word_1_112' title='bbox 2224 1014 2239 1029; x_wconf 78' lang='grc' dir='ltr'><strong>ο</strong></span> <span class='ocrx_word' id='word_1_113' title='bbox 2274 990 2449 1071; x_wconf 75' lang='grc' dir='ltr'>οὗπερ</span> <span class='ocrx_word' id='word_1_114' title='bbox 2468 1000 2563 1054; x_wconf 71' lang='grc' dir='ltr'><strong>καὶ</strong></span> <span class='ocrx_word' id='word_1_115' title='bbox 2596 1000 2676 1063; x_wconf 88' lang='grc' dir='ltr'><strong>είς</strong></span> <span class='ocrx_word' id='word_1_116' title='bbox 2700 998 2935 1071; x_wconf 80' lang='grc' dir='ltr'>δήλωσιν</span> <span class='ocrx_word' id='word_1_117' title='bbox 2953 999 2982 1051; x_wconf 93' lang='lat'><strong>6</strong></span> <span class='ocrx_word' id='word_1_118' title='bbox 3008 996 3391 1069; x_wconf 79' lang='grc' dir='ltr'>σχηματισμὸς</span> <span class='ocrx_word' id='word_1_119' title='bbox 3424 1012 3629 1066; x_wconf 87' lang='grc' dir='ltr'>παρα-</span> 
     </span>
    </p>
   </div>
   <div class='ocr_carea' id='block_1_20' title="bbox 2013 1088 2379 1161">
    <p class='ocr_par' dir='ltr' id='par_1_20' title="bbox 2013 1088 2379 1161">
     <span class='ocr_line' id='line_1_20' title="bbox 2013 1088 2379 1161; baseline 0.005 -20"><span class='ocrx_word' id='word_1_120' title='bbox 2013 1088 2082 1143; x_wconf 85' lang='grc' dir='ltr'><strong>λα</strong></span> <span class='ocrx_word' id='word_1_121' title='bbox 2089 1088 2379 1161; x_wconf 78' lang='grc' dir='ltr'>μὸάνεται.</span> 
     </span>
    </p>
   </div>
   <div class='ocr_carea' id='block_1_21' title="bbox 690 1184 1940 1273">
    <p class='ocr_par' dir='ltr' id='par_1_21' title="bbox 690 1184 1540 1273">
     <span class='ocr_line' id='line_1_21' title="bbox 690 1184 1540 1273; baseline -0.002 -15"><span class='ocrx_word' id='word_1_122' title='bbox 690 1184 1194 1270; x_wconf 61' lang='grc' dir='ltr'>ουλΕετιοινιι</span> <span class='ocrx_word' id='word_1_123' title='bbox 1231 1200 1329 1273; x_wconf 84' lang='grc' dir='ltr'><strong>[αι.</strong></span> <span class='ocrx_word' id='word_1_124' title='bbox 1370 1197 1540 1271; x_wconf 79' lang='lat' dir='ltr'><strong>LVI].</strong></span> 
     </span>
    </p>
   </div>
   <div class='ocr_carea' id='block_1_22' title="bbox 2071 1184 3074 1273">
    <p class='ocr_par' dir='ltr' id='par_1_22' title="bbox 2574 1198 3074 1252">
     <span class='ocr_line' id='line_1_22' title="bbox 2574 1198 3074 1252; baseline 0.002 -1"><span class='ocrx_word' id='word_1_125' title='bbox 2574 1198 2915 1251; x_wconf 79' lang='grc' dir='ltr'><strong>ΕΡΩΤΗΣῘΣ</strong></span> <span class='ocrx_word' id='word_1_126' title='bbox 2950 1198 3074 1252; x_wconf 87' lang='lat' dir='ltr'><strong>NZ’.</strong></span> 
     </span>
    </p>
   </div>
   <div class='ocr_carea' id='block_1_23' title="bbox 329 1283 1940 1364">
    <p class='ocr_par' dir='ltr' id='par_1_23' title="bbox 329 1292 1914 1364">
     <span class='ocr_line' id='line_1_23' title="bbox 329 1292 1914 1364; baseline -0.003 -16"><span class='ocrx_word' id='word_1_127' title='bbox 329 1292 539 1364; x_wconf 81' lang='lat' dir='ltr'><strong>Quare,</strong></span> <span class='ocrx_word' id='word_1_128' title='bbox 595 1294 893 1350; x_wconf 76' lang='lat' dir='ltr'><strong>Saluatoris</strong></span> <span class='ocrx_word' id='word_1_129' title='bbox 937 1293 1331 1364; x_wconf 74' lang='lat' dir='ltr'><strong>baptizantibus</strong></span> <span class='ocrx_word' id='word_1_130' title='bbox 1379 1292 1689 1364; x_wconf 74' lang='lat' dir='ltr'><strong>discipulis,</strong></span> <span class='ocrx_word' id='word_1_131' title='bbox 1738 1292 1914 1346; x_wconf 82' lang='lat' dir='ltr'><strong>adhuc</strong></span> 
     </span>
    </p>
   </div>
   <div class='ocr_carea' id='block_1_24' title="bbox 2071 1283 3632 1364">
    <p class='ocr_par' dir='ltr' id='par_1_24' title="bbox 2071 1283 3632 1364">
     <span class='ocr_line' id='line_1_24' title="bbox 2071 1283 3632 1364; baseline -0.005 -20"><span class='ocrx_word' id='word_1_132' title='bbox 2071 1290 2126 1344; x_wconf 72' lang='grc' dir='ltr'>ιὰ</span> <span class='ocrx_word' id='word_1_133' title='bbox 2147 1289 2207 1344; x_wconf 82' lang='grc' dir='ltr'><strong>τί</strong></span> <span class='ocrx_word' id='word_1_134' title='bbox 2246 1288 2373 1344; x_wconf 83' lang='grc' dir='ltr'><strong>τῶν</strong></span> <span class='ocrx_word' id='word_1_135' title='bbox 2388 1287 2500 1364; x_wconf 63' lang='grc' dir='ltr'><strong>τοῦ</strong></span> <span class='ocrx_word' id='word_1_136' title='bbox 2536 1288 2812 1364; x_wconf 65' lang='grc' dir='ltr'>Σωτῆρος</span> <span class='ocrx_word' id='word_1_137' title='bbox 2851 1287 3269 1364; x_wconf 45' lang='grc' dir='ltr'>βαπ-τιζόντων</span> <span class='ocrx_word' id='word_1_138' title='bbox 3298 1283 3632 1357; x_wconf 76' lang='grc' dir='ltr'><strong>μαθητῶν,</strong></span> 
     </span>
    </p>
   </div>
   <div class='ocr_carea' id='block_1_25' title="bbox 815 1356 1940 1434">
    <p class='ocr_par' dir='ltr' id='par_1_25' title="bbox 815 1356 1683 1434">
     <span class='ocr_line' id='line_1_25' title="bbox 815 1356 1683 1434; baseline -0.002 -15"><span class='ocrx_word' id='word_1_139' title='bbox 815 1356 1116 1434; x_wconf 72' lang='lat' dir='ltr'><strong>baptizabat</strong></span> <span class='ocrx_word' id='word_1_140' title='bbox 1148 1362 1422 1417; x_wconf 83' lang='lat' dir='ltr'><strong>Joannes?</strong></span> <span class='ocrx_word' id='word_1_141' title='bbox 1516 1356 1526 1363; x_wconf 86' lang='grc'><em>’</em></span> <span class='ocrx_word' id='word_1_142' title='bbox 1675 1356 1683 1359; x_wconf 71' lang='grc'><em>’</em></span> 
     </span>
    </p>
   </div>
   <div class='ocr_carea' id='block_1_26' title="bbox 2071 1356 3276 1434">
    <p class='ocr_par' dir='ltr' id='par_1_26' title="bbox 2378 1356 3276 1425">
     <span class='ocr_line' id='line_1_26' title="bbox 2378 1356 3276 1425; baseline -0.003 -10"><span class='ocrx_word' id='word_1_143' title='bbox 2378 1359 2470 1415; x_wconf 74' lang='grc' dir='ltr'>ἔτι</span> <span class='ocrx_word' id='word_1_144' title='bbox 2531 1356 2837 1419; x_wconf 70' lang='grc' dir='ltr'>ἐϐάπτιζεν</span> <span class='ocrx_word' id='word_1_145' title='bbox 2874 1361 2906 1413; x_wconf 87' lang='grc' dir='ltr'><strong>ό</strong></span> <span class='ocrx_word' id='word_1_146' title='bbox 2950 1356 3276 1425; x_wconf 74' lang='grc' dir='ltr'>Ἰωάννης;</span> 
     </span>
    </p>
   </div>
   <div class='ocr_carea' id='block_1_27' title="bbox 1551 1502 2353 1567">
    <p class='ocr_par' dir='ltr' id='par_1_27' title="bbox 1551 1502 2353 1567">
     <span class='ocr_line' id='line_1_27' title="bbox 1551 1502 2353 1567; baseline -0.002 -12"><span class='ocrx_word' id='word_1_147' title='bbox 1551 1503 1697 1555; x_wconf 82' lang='lat' dir='ltr'><strong>Edita</strong></span> <span class='ocrx_word' id='word_1_148' title='bbox 1721 1518 1747 1553; x_wconf 90' lang='lat' dir='ltr'><strong>a</strong></span> <span class='ocrx_word' id='word_1_149' title='bbox 1782 1502 1926 1565; x_wconf 81' lang='lat' dir='ltr'><strong>Maio,</strong></span> <span class='ocrx_word' id='word_1_150' title='bbox 1952 1504 1989 1554; x_wconf 91' lang='lat' dir='ltr'><strong>l.</strong></span> <span class='ocrx_word' id='word_1_151' title='bbox 2015 1516 2083 1565; x_wconf 86' lang='lat' dir='ltr'><strong>c.,</strong></span> <span class='ocrx_word' id='word_1_152' title='bbox 2103 1517 2154 1567; x_wconf 88' lang='lat' dir='ltr'><strong>p.</strong></span> <span class='ocrx_word' id='word_1_153' title='bbox 2186 1503 2353 1553; x_wconf 83' lang='lat'><em>65-66.</em></span> 
     </span>
    </p>
   </div>
   <div class='ocr_carea' id='block_1_28' title="bbox 402 1607 1940 1683">
    <p class='ocr_par' dir='ltr' id='par_1_28' title="bbox 402 1609 1940 1682">
     <span class='ocr_line' id='line_1_28' title="bbox 402 1609 1940 1682; baseline 0.001 -18"><span class='ocrx_word' id='word_1_154' title='bbox 402 1609 538 1678; x_wconf 85' lang='lat' dir='ltr'><strong>Quia</strong></span> <span class='ocrx_word' id='word_1_155' title='bbox 577 1610 823 1666; x_wconf 90' lang='lat' dir='ltr'><strong>eamdem</strong></span> <span class='ocrx_word' id='word_1_156' title='bbox 874 1613 1200 1667; x_wconf 88' lang='lat' dir='ltr'><strong>sententiam</strong></span> <span class='ocrx_word' id='word_1_157' title='bbox 1247 1628 1422 1682; x_wconf 89' lang='lat' dir='ltr'><strong>usque</strong></span> <span class='ocrx_word' id='word_1_158' title='bbox 1462 1611 1529 1667; x_wconf 91' lang='lat' dir='ltr'><strong>ad</strong></span> <span class='ocrx_word' id='word_1_159' title='bbox 1574 1611 1940 1672; x_wconf 76' lang='lat' dir='ltr'><strong>immolatio-j</strong></span> 
     </span>
    </p>
   </div>
   <div class='ocr_carea' id='block_1_29' title="bbox 2071 1607 3635 1683">
    <p class='ocr_par' dir='ltr' id='par_1_29' title="bbox 2084 1607 3635 1683">
     <span class='ocr_line' id='line_1_29' title="bbox 2084 1607 3635 1683; baseline -0.003 -19"><span class='ocrx_word' id='word_1_160' title='bbox 2084 1610 2230 1665; x_wconf 88' lang='grc' dir='ltr'>Διότι</span> <span class='ocrx_word' id='word_1_161' title='bbox 2268 1612 2367 1683; x_wconf 77' lang='grc' dir='ltr'>τὴν</span> <span class='ocrx_word' id='word_1_162' title='bbox 2386 1612 2556 1683; x_wconf 79' lang='grc' dir='ltr'>αὐτὴν</span> <span class='ocrx_word' id='word_1_163' title='bbox 2582 1610 2810 1683; x_wconf 80' lang='grc' dir='ltr'><strong>γνώμην</strong></span> <span class='ocrx_word' id='word_1_164' title='bbox 2839 1612 2999 1682; x_wconf 84' lang='grc' dir='ltr'>μέχρι</span> <span class='ocrx_word' id='word_1_165' title='bbox 3018 1610 3117 1681; x_wconf 84' lang='grc' dir='ltr'>τῆς</span> <span class='ocrx_word' id='word_1_166' title='bbox 3150 1610 3366 1679; x_wconf 80' lang='grc' dir='ltr'><strong>σφαγῆς</strong></span> <span class='ocrx_word' id='word_1_167' title='bbox 3391 1607 3635 1678; x_wconf 71' lang='grc' dir='ltr'>ἀπαράο</span> 
     </span>
    </p>
   </div>
   <div class='ocr_carea' id='block_1_30' title="bbox 330 1699 1940 1776">
    <p class='ocr_par' dir='ltr' id='par_1_30' title="bbox 330 1700 1918 1771">
     <span class='ocr_line' id='line_1_30' title="bbox 330 1700 1918 1771; baseline 0 -15"><span class='ocrx_word' id='word_1_168' title='bbox 330 1717 456 1756; x_wconf 86' lang='lat' dir='ltr'><strong>nem</strong></span> <span class='ocrx_word' id='word_1_169' title='bbox 509 1700 907 1755; x_wconf 87' lang='lat' dir='ltr'><strong>immutabilem</strong></span> <span class='ocrx_word' id='word_1_170' title='bbox 959 1702 1346 1767; x_wconf 84' lang='lat' dir='ltr'><strong>conservabat,</strong></span> <span class='ocrx_word' id='word_1_171' title='bbox 1384 1710 1609 1771; x_wconf 85' lang='lat' dir='ltr'><strong>propter</strong></span> <span class='ocrx_word' id='word_1_172' title='bbox 1643 1716 1811 1771; x_wconf 91' lang='lat' dir='ltr'><strong>quam</strong></span> <span class='ocrx_word' id='word_1_173' title='bbox 1864 1710 1918 1756; x_wconf 85' lang='lat' dir='ltr'><strong>et</strong></span> 
     </span>
    </p>
   </div>
   <div class='ocr_carea' id='block_1_31' title="bbox 2071 1699 3638 1776">
    <p class='ocr_par' dir='ltr' id='par_1_31' title="bbox 2071 1699 3638 1774">
     <span class='ocr_line' id='line_1_31' title="bbox 2071 1699 3638 1774; baseline -0.004 -18"><span class='ocrx_word' id='word_1_174' title='bbox 2071 1721 2252 1758; x_wconf 82' lang='grc' dir='ltr'>&gt;επτον</span> <span class='ocrx_word' id='word_1_175' title='bbox 2327 1705 2653 1774; x_wconf 79' lang='grc' dir='ltr'><strong>συνετήρει,</strong></span> <span class='ocrx_word' id='word_1_176' title='bbox 2701 1703 2768 1755; x_wconf 82' lang='grc' dir='ltr'>δι’</span> <span class='ocrx_word' id='word_1_177' title='bbox 2812 1702 2881 1772; x_wconf 81' lang='grc' dir='ltr'>ἢν</span> <span class='ocrx_word' id='word_1_178' title='bbox 2939 1703 3035 1755; x_wconf 79' lang='grc' dir='ltr'>καὶ</span> <span class='ocrx_word' id='word_1_179' title='bbox 3098 1702 3219 1753; x_wconf 83' lang='grc' dir='ltr'>κατ’</span> <span class='ocrx_word' id='word_1_180' title='bbox 3268 1699 3445 1771; x_wconf 73' lang='grc' dir='ltr'>ἀρχὰς</span> <span class='ocrx_word' id='word_1_181' title='bbox 3520 1699 3638 1751; x_wconf 73' lang='grc' dir='ltr'>ὑπο</span> 
     </span>
    </p>
   </div>
   <div class='ocr_carea' id='block_1_32' title="bbox 334 1789 1940 1866">
    <p class='ocr_par' dir='ltr' id='par_1_32' title="bbox 334 1790 1917 1860">
     <span class='ocr_line' id='line_1_32' title="bbox 334 1790 1917 1860; baseline 0 -15"><span class='ocrx_word' id='word_1_182' title='bbox 334 1794 404 1847; x_wconf 87' lang='lat' dir='ltr'><strong>ab</strong></span> <span class='ocrx_word' id='word_1_183' title='bbox 448 1791 609 1845; x_wconf 89' lang='lat' dir='ltr'><strong>initio</strong></span> <span class='ocrx_word' id='word_1_184' title='bbox 655 1791 910 1845; x_wconf 87' lang='lat' dir='ltr'><strong>minister</strong></span> <span class='ocrx_word' id='word_1_185' title='bbox 953 1792 1106 1847; x_wconf 89' lang='lat' dir='ltr'><strong>visus</strong></span> <span class='ocrx_word' id='word_1_186' title='bbox 1141 1802 1227 1846; x_wconf 90' lang='lat' dir='ltr'><strong>est</strong></span> <span class='ocrx_word' id='word_1_187' title='bbox 1276 1790 1649 1860; x_wconf 82' lang='lat' dir='ltr'><strong>baptismatis.</strong></span> <span class='ocrx_word' id='word_1_188' title='bbox 1699 1790 1917 1846; x_wconf 87' lang='lat' dir='ltr'><strong>Etenim</strong></span> 
     </span>
    </p>
   </div>
   <div class='ocr_carea' id='block_1_33' title="bbox 2071 1789 3638 1866">
    <p class='ocr_par' dir='ltr' id='par_1_33' title="bbox 2071 1789 3638 1866">
     <span class='ocr_line' id='line_1_33' title="bbox 2071 1789 3638 1866; baseline -0.003 -19"><span class='ocrx_word' id='word_1_189' title='bbox 2071 1796 2224 1866; x_wconf 70' lang='grc' dir='ltr'>οέτης</span> <span class='ocrx_word' id='word_1_190' title='bbox 2275 1794 2430 1865; x_wconf 78' lang='grc' dir='ltr'>ὤφθη</span> <span class='ocrx_word' id='word_1_191' title='bbox 2470 1795 2566 1848; x_wconf 88' lang='grc' dir='ltr'><strong>τοῦ</strong></span> <span class='ocrx_word' id='word_1_192' title='bbox 2611 1795 3010 1865; x_wconf 88' lang='grc' dir='ltr'>βαπτισματος.</span> <span class='ocrx_word' id='word_1_193' title='bbox 3065 1794 3175 1846; x_wconf 80' lang='grc' dir='ltr'><strong>Καὶ</strong></span> <span class='ocrx_word' id='word_1_194' title='bbox 3218 1792 3341 1845; x_wconf 86' lang='grc' dir='ltr'>τότε</span> <span class='ocrx_word' id='word_1_195' title='bbox 3374 1790 3475 1861; x_wconf 78' lang='grc' dir='ltr'><strong>μὲν</strong></span> <span class='ocrx_word' id='word_1_196' title='bbox 3510 1789 3638 1860; x_wconf 77' lang='grc' dir='ltr'>γὰρ</span> 
     </span>
    </p>
   </div>
   <div class='ocr_carea' id='block_1_34' title="bbox 335 1880 1940 1956">
    <p class='ocr_par' dir='ltr' id='par_1_34' title="bbox 335 1881 1918 1952">
     <span class='ocr_line' id='line_1_34' title="bbox 335 1881 1918 1952; baseline -0.003 -15"><span class='ocrx_word' id='word_1_197' title='bbox 335 1892 469 1937; x_wconf 90' lang='lat' dir='ltr'><strong>tunc</strong></span> <span class='ocrx_word' id='word_1_198' title='bbox 496 1881 714 1952; x_wconf 90' lang='lat' dir='ltr'><strong>quidem</strong></span> <span class='ocrx_word' id='word_1_199' title='bbox 743 1881 1084 1950; x_wconf 82' lang='lat' dir='ltr'><strong>baptizabat,</strong></span> <span class='ocrx_word' id='word_1_200' title='bbox 1115 1891 1173 1936; x_wconf 94' lang='lat' dir='ltr'><strong>ut</strong></span> <span class='ocrx_word' id='word_1_201' title='bbox 1198 1882 1520 1951; x_wconf 78' lang='lat' dir='ltr'><strong>praedicaret</strong></span> <span class='ocrx_word' id='word_1_202' title='bbox 1547 1881 1918 1936; x_wconf 86' lang='lat' dir='ltr'><strong>accedentium</strong></span> 
     </span>
    </p>
   </div>
   <div class='ocr_carea' id='block_1_35' title="bbox 2071 1880 3655 1956">
    <p class='ocr_par' dir='ltr' id='par_1_35' title="bbox 2071 1880 3655 1956">
     <span class='ocr_line' id='line_1_35' title="bbox 2071 1880 3655 1956; baseline -0.003 -18"><span class='ocrx_word' id='word_1_203' title='bbox 2071 1886 2339 1953; x_wconf 71' lang='grc' dir='ltr'>ἲάπτιζεν,</span> <span class='ocrx_word' id='word_1_204' title='bbox 2386 1886 2474 1939; x_wconf 79' lang='grc' dir='ltr'><strong>ἵνα</strong></span> <span class='ocrx_word' id='word_1_205' title='bbox 2507 1884 2755 1956; x_wconf 79' lang='grc' dir='ltr'>κηρύττῃ</span> <span class='ocrx_word' id='word_1_206' title='bbox 2786 1883 2896 1937; x_wconf 87' lang='grc' dir='ltr'><strong>τῶν</strong></span> <span class='ocrx_word' id='word_1_207' title='bbox 2930 1884 3266 1955; x_wconf 80' lang='grc' dir='ltr'><strong>προσιόντων</strong></span> <span class='ocrx_word' id='word_1_208' title='bbox 3309 1882 3390 1953; x_wconf 78' lang='grc' dir='ltr'>τῷ</span> <span class='ocrx_word' id='word_1_209' title='bbox 3416 1880 3655 1951; x_wconf 74' lang='grc' dir='ltr'>πλήθει-</span> 
     </span>
    </p>
   </div>
   <div class='ocr_carea' id='block_1_36' title="bbox 335 1971 1940 2048">
    <p class='ocr_par' dir='ltr' id='par_1_36' title="bbox 335 1971 1925 2044">
     <span class='ocr_line' id='line_1_36' title="bbox 335 1971 1925 2044; baseline -0.001 -18"><span class='ocrx_word' id='word_1_210' title='bbox 335 1972 678 2026; x_wconf 82' lang='lat' dir='ltr'><strong>multitudini</strong></span> <span class='ocrx_word' id='word_1_211' title='bbox 744 1986 1093 2026; x_wconf 91' lang='lat' dir='ltr'><strong>communem</strong></span> <span class='ocrx_word' id='word_1_212' title='bbox 1158 1971 1498 2027; x_wconf 89' lang='lat' dir='ltr'><strong>Salvatorem</strong></span> <span class='ocrx_word' id='word_1_213' title='bbox 1560 1972 1818 2044; x_wconf 79' lang='lat' dir='ltr'><strong>generis;</strong></span> <span class='ocrx_word' id='word_1_214' title='bbox 1870 1980 1925 2026; x_wconf 89' lang='lat' dir='ltr'><strong>et</strong></span> 
     </span>
    </p>
   </div>
   <div class='ocr_carea' id='block_1_37' title="bbox 2071 1971 3644 2048">
    <p class='ocr_par' dir='ltr' id='par_1_37' title="bbox 2071 1973 3644 2048">
     <span class='ocr_line' id='line_1_37' title="bbox 2071 1973 3644 2048; baseline -0.003 -18"><span class='ocrx_word' id='word_1_215' title='bbox 2071 1991 2115 2030; x_wconf 67' lang='lat' dir='ltr'><strong>tv</strong></span> <span class='ocrx_word' id='word_1_216' title='bbox 2141 1978 2319 2031; x_wconf 85' lang='grc' dir='ltr'>κοινὸν</span> <span class='ocrx_word' id='word_1_217' title='bbox 2348 1978 2577 2048; x_wconf 80' lang='grc' dir='ltr'><strong>Σωτῆρα</strong></span> <span class='ocrx_word' id='word_1_218' title='bbox 2621 1977 2715 2031; x_wconf 88' lang='grc' dir='ltr'><strong>τοῦ</strong></span> <span class='ocrx_word' id='word_1_219' title='bbox 2748 1978 2940 2046; x_wconf 78' lang='grc' dir='ltr'><strong>γένους</strong></span> <span class='ocrx_word' id='word_1_220' title='bbox 2962 1994 2976 2008; x_wconf 81' lang='grc'><strong>’</strong></span> <span class='ocrx_word' id='word_1_221' title='bbox 3015 1976 3111 2029; x_wconf 74' lang='grc' dir='ltr'><strong>καὶ</strong></span> <span class='ocrx_word' id='word_1_222' title='bbox 3145 1975 3375 2045; x_wconf 78' lang='grc' dir='ltr'>ὕστερον</span> <span class='ocrx_word' id='word_1_223' title='bbox 3419 1974 3478 2027; x_wconf 89' lang='grc' dir='ltr'><strong>δέ</strong></span> <span class='ocrx_word' id='word_1_224' title='bbox 3539 1973 3644 2026; x_wconf 79' lang='grc' dir='ltr'>ἵνα.</span> 
     </span>
    </p>
   </div>
   <div class='ocr_carea' id='block_1_38' title="bbox 337 2063 1940 2139">
    <p class='ocr_par' dir='ltr' id='par_1_38' title="bbox 337 2063 1925 2134">
     <span class='ocr_line' id='line_1_38' title="bbox 337 2063 1925 2134; baseline 0.001 -16"><span class='ocrx_word' id='word_1_225' title='bbox 337 2063 602 2133; x_wconf 73' lang='lat' dir='ltr'><strong>deinceps</strong></span> <span class='ocrx_word' id='word_1_226' title='bbox 636 2071 696 2116; x_wconf 90' lang='lat' dir='ltr'><strong>ut</strong></span> <span class='ocrx_word' id='word_1_227' title='bbox 728 2079 795 2116; x_wconf 92' lang='lat' dir='ltr'><strong>ne</strong></span> <span class='ocrx_word' id='word_1_228' title='bbox 828 2065 1195 2119; x_wconf 89' lang='lat' dir='ltr'><strong>intensionem</strong></span> <span class='ocrx_word' id='word_1_229' title='bbox 1233 2066 1518 2120; x_wconf 78' lang='lat' dir='ltr'><strong>remittens</strong></span> <span class='ocrx_word' id='word_1_230' title='bbox 1557 2065 1925 2134; x_wconf 89' lang='lat' dir='ltr'><strong>corriperetur</strong></span> 
     </span>
    </p>
   </div>
   <div class='ocr_carea' id='block_1_39' title="bbox 2071 2063 3640 2139">
    <p class='ocr_par' dir='ltr' id='par_1_39' title="bbox 2073 2064 3640 2139">
     <span class='ocr_line' id='line_1_39' title="bbox 2073 2064 3640 2139; baseline -0.003 -18"><span class='ocrx_word' id='word_1_231' title='bbox 2073 2067 2218 2138; x_wconf 78' lang='grc' dir='ltr'>ὴτδν</span> <span class='ocrx_word' id='word_1_232' title='bbox 2241 2068 2397 2122; x_wconf 85' lang='grc' dir='ltr'>τόνον</span> <span class='ocrx_word' id='word_1_233' title='bbox 2430 2068 2714 2139; x_wconf 84' lang='grc' dir='ltr'>ὑποχαλῶν</span> <span class='ocrx_word' id='word_1_234' title='bbox 2744 2067 3029 2138; x_wconf 73' lang='grc' dir='ltr'><strong>ἐλεγχθείη</strong></span> <span class='ocrx_word' id='word_1_235' title='bbox 3066 2067 3168 2137; x_wconf 82' lang='grc' dir='ltr'>τῆς</span> <span class='ocrx_word' id='word_1_236' title='bbox 3204 2065 3465 2135; x_wconf 82' lang='grc' dir='ltr'><strong>τοιαύτης</strong></span> <span class='ocrx_word' id='word_1_237' title='bbox 3505 2064 3640 2118; x_wconf 66' lang='lat' dir='ltr'><strong>0co-</strong></span> 
     </span>
    </p>
   </div>
   <div class='ocr_carea' id='block_1_40' title="bbox 336 2152 1940 2232">
    <p class='ocr_par' dir='ltr' id='par_1_40' title="bbox 336 2152 1927 2223">
     <span class='ocr_line' id='line_1_40' title="bbox 336 2152 1927 2223; baseline -0.001 -15"><span class='ocrx_word' id='word_1_238' title='bbox 336 2153 613 2223; x_wconf 85' lang='lat' dir='ltr'><strong>cjusmodi</strong></span> <span class='ocrx_word' id='word_1_239' title='bbox 650 2152 817 2208; x_wconf 91' lang='lat' dir='ltr'><strong>Deum</strong></span> <span class='ocrx_word' id='word_1_240' title='bbox 866 2154 1105 2209; x_wconf 90' lang='lat' dir='ltr'><strong>amantis</strong></span> <span class='ocrx_word' id='word_1_241' title='bbox 1142 2155 1442 2209; x_wconf 85' lang='lat' dir='ltr'><strong>testimonii</strong></span> <span class='ocrx_word' id='word_1_242' title='bbox 1478 2165 1533 2209; x_wconf 92' lang='lat' dir='ltr'><strong>et</strong></span> <span class='ocrx_word' id='word_1_243' title='bbox 1572 2164 1791 2211; x_wconf 89' lang='lat' dir='ltr'><strong>sanctos</strong></span> <span class='ocrx_word' id='word_1_244' title='bbox 1831 2156 1927 2209; x_wconf 87' lang='lat' dir='ltr'><strong>de-</strong></span> 
     </span>
    </p>
   </div>
   <div class='ocr_carea' id='block_1_41' title="bbox 2071 2152 3651 2232">
    <p class='ocr_par' dir='ltr' id='par_1_41' title="bbox 2071 2158 3651 2232">
     <span class='ocr_line' id='line_1_41' title="bbox 2071 2158 3651 2232; baseline 0.001 -21"><span class='ocrx_word' id='word_1_245' title='bbox 2071 2160 2215 2223; x_wconf 75' lang='grc' dir='ltr'>ιλοῦς</span> <span class='ocrx_word' id='word_1_246' title='bbox 2263 2160 2571 2232; x_wconf 79' lang='grc' dir='ltr'>μαρτυρίας</span> <span class='ocrx_word' id='word_1_247' title='bbox 2624 2161 2718 2214; x_wconf 78' lang='grc' dir='ltr'><strong>καὶ</strong></span> <span class='ocrx_word' id='word_1_248' title='bbox 2783 2159 3161 2231; x_wconf 88' lang='grc' dir='ltr'>ἁγιοπρεποῦς</span> <span class='ocrx_word' id='word_1_249' title='bbox 3210 2158 3651 2229; x_wconf 53' lang='grc' dir='ltr'>προαιρέσεωςμ</span> 
     </span>
    </p>
   </div>
   <div class='ocr_carea' id='block_1_42' title="bbox 338 2246 1940 2323">
    <p class='ocr_par' dir='ltr' id='par_1_42' title="bbox 338 2246 1925 2318">
     <span class='ocr_line' id='line_1_42' title="bbox 338 2246 1925 2318; baseline 0 -15"><span class='ocrx_word' id='word_1_250' title='bbox 338 2246 522 2303; x_wconf 86' lang='lat' dir='ltr'><strong>centis</strong></span> <span class='ocrx_word' id='word_1_251' title='bbox 595 2248 884 2317; x_wconf 85' lang='lat' dir='ltr'><strong>propositi.</strong></span> <span class='ocrx_word' id='word_1_252' title='bbox 946 2246 1309 2318; x_wconf 85' lang='lat' dir='ltr'><strong>Baptizabaut</strong></span> <span class='ocrx_word' id='word_1_253' title='bbox 1379 2247 1550 2318; x_wconf 82' lang='lat' dir='ltr'><strong>igitur</strong></span> <span class='ocrx_word' id='word_1_254' title='bbox 1619 2248 1925 2303; x_wconf 87' lang='lat' dir='ltr'><strong>Salvatoris</strong></span> 
     </span>
    </p>
   </div>
   <div class='ocr_carea' id='block_1_43' title="bbox 2071 2246 3639 2323">
    <p class='ocr_par' dir='ltr' id='par_1_43' title="bbox 2071 2247 3639 2323">
     <span class='ocr_line' id='line_1_43' title="bbox 2071 2247 3639 2323; baseline -0.003 -19"><span class='ocrx_word' id='word_1_255' title='bbox 2071 2251 2359 2317; x_wconf 73' lang='grc' dir='ltr'>Ξὸάπτιζον</span> <span class='ocrx_word' id='word_1_256' title='bbox 2415 2247 2508 2306; x_wconf 84' lang='grc' dir='ltr'><strong>οῦν</strong></span> <span class='ocrx_word' id='word_1_257' title='bbox 2559 2255 2609 2305; x_wconf 78' lang='grc' dir='ltr'>οἱ</span> <span class='ocrx_word' id='word_1_258' title='bbox 2656 2252 2898 2323; x_wconf 75' lang='grc' dir='ltr'>μαθηταὶ</span> <span class='ocrx_word' id='word_1_259' title='bbox 2929 2250 3024 2304; x_wconf 84' lang='grc' dir='ltr'><strong>τοῦ</strong></span> <span class='ocrx_word' id='word_1_260' title='bbox 3062 2251 3338 2320; x_wconf 88' lang='grc' dir='ltr'>Σωτῆρος,</span> <span class='ocrx_word' id='word_1_261' title='bbox 3372 2249 3468 2300; x_wconf 77' lang='grc' dir='ltr'><strong>τὸν</strong></span> <span class='ocrx_word' id='word_1_262' title='bbox 3512 2249 3639 2301; x_wconf 85' lang='grc' dir='ltr'><strong>Λυ-</strong></span> 
     </span>
    </p>
   </div>
   <div class='ocr_carea' id='block_1_44' title="bbox 341 2337 1940 2415">
    <p class='ocr_par' dir='ltr' id='par_1_44' title="bbox 341 2337 1928 2410">
     <span class='ocr_line' id='line_1_44' title="bbox 341 2337 1928 2410; baseline 0.002 -18"><span class='ocrx_word' id='word_1_263' title='bbox 341 2337 594 2407; x_wconf 85' lang='lat' dir='ltr'><strong>dicipuli,</strong></span> <span class='ocrx_word' id='word_1_264' title='bbox 651 2338 1076 2409; x_wconf 82' lang='lat' dir='ltr'><strong>Redemptorem</strong></span> <span class='ocrx_word' id='word_1_265' title='bbox 1119 2342 1333 2410; x_wconf 79' lang='lat' dir='ltr'><strong>generis</strong></span> <span class='ocrx_word' id='word_1_266' title='bbox 1380 2341 1782 2410; x_wconf 74' lang='lat' dir='ltr'><strong>praedicantes;</strong></span> <span class='ocrx_word' id='word_1_267' title='bbox 1834 2342 1928 2396; x_wconf 84' lang='lat' dir='ltr'><strong>ba-</strong></span> 
     </span>
    </p>
   </div>
   <div class='ocr_carea' id='block_1_45' title="bbox 2071 2337 3649 2415">
    <p class='ocr_par' dir='ltr' id='par_1_45' title="bbox 2071 2339 3649 2415">
     <span class='ocr_line' id='line_1_45' title="bbox 2071 2339 3649 2415; baseline -0.003 -18"><span class='ocrx_word' id='word_1_268' title='bbox 2071 2344 2240 2414; x_wconf 75' lang='grc' dir='ltr'>οωτὴν</span> <span class='ocrx_word' id='word_1_269' title='bbox 2283 2344 2377 2397; x_wconf 81' lang='grc' dir='ltr'><strong>τοῦ</strong></span> <span class='ocrx_word' id='word_1_270' title='bbox 2429 2344 2623 2412; x_wconf 80' lang='grc' dir='ltr'>γένους</span> <span class='ocrx_word' id='word_1_271' title='bbox 2664 2343 3066 2415; x_wconf 82' lang='grc' dir='ltr'>κηρύττοντες·</span> <span class='ocrx_word' id='word_1_272' title='bbox 3104 2340 3367 2404; x_wconf 78' lang='grc' dir='ltr'>ἐσάπτιζε</span> <span class='ocrx_word' id='word_1_273' title='bbox 3421 2339 3482 2392; x_wconf 82' lang='grc' dir='ltr'>δὲ</span> <span class='ocrx_word' id='word_1_274' title='bbox 3531 2340 3649 2393; x_wconf 70' lang='grc' dir='ltr'>καὶ</span> 
     </span>
    </p>
   </div>
   <div class='ocr_carea' id='block_1_46' title="bbox 341 2429 1929 2503">
    <p class='ocr_par' dir='ltr' id='par_1_46' title="bbox 341 2429 1929 2503">
     <span class='ocr_line' id='line_1_46' title="bbox 341 2429 1929 2503; baseline 0.001 -20"><span class='ocrx_word' id='word_1_275' title='bbox 341 2430 583 2500; x_wconf 78' lang='lat' dir='ltr'><strong>ptizabat</strong></span> <span class='ocrx_word' id='word_1_276' title='bbox 627 2442 809 2485; x_wconf 88' lang='lat' dir='ltr'><strong>autem</strong></span> <span class='ocrx_word' id='word_1_277' title='bbox 864 2440 919 2485; x_wconf 91' lang='lat' dir='ltr'><strong>et</strong></span> <span class='ocrx_word' id='word_1_278' title='bbox 959 2429 1220 2499; x_wconf 83' lang='lat' dir='ltr'><strong>Joannes,</strong></span> <span class='ocrx_word' id='word_1_279' title='bbox 1266 2433 1605 2502; x_wconf 88' lang='lat' dir='ltr'><strong>primitivum</strong></span> <span class='ocrx_word' id='word_1_280' title='bbox 1646 2434 1929 2503; x_wconf 83' lang='lat' dir='ltr'><strong>exemplar</strong></span> 
     </span>
    </p>
   </div>
   <div class='ocr_carea' id='block_1_47' title="bbox 344 2525 1927 2597">
    <p class='ocr_par' dir='ltr' id='par_1_47' title="bbox 344 2525 1927 2597">
     <span class='ocr_line' id='line_1_47' title="bbox 344 2525 1927 2597; baseline -0.002 -17"><span class='ocrx_word' id='word_1_281' title='bbox 344 2525 568 2580; x_wconf 89' lang='lat' dir='ltr'><strong>illorum</strong></span> <span class='ocrx_word' id='word_1_282' title='bbox 622 2542 795 2581; x_wconf 54' lang='lat' dir='ltr'><strong>sacrae.</strong></span> <span class='ocrx_word' id='word_1_283' title='bbox 847 2528 1183 2597; x_wconf 85' lang='lat' dir='ltr'><strong>operationis</strong></span> <span class='ocrx_word' id='word_1_284' title='bbox 1220 2527 1423 2594; x_wconf 81' lang='lat' dir='ltr'><strong>factus,</strong></span> <span class='ocrx_word' id='word_1_285' title='bbox 1478 2543 1645 2597; x_wconf 87' lang='lat' dir='ltr'><strong>seque</strong></span> <span class='ocrx_word' id='word_1_286' title='bbox 1690 2525 1927 2593; x_wconf 87' lang='lat' dir='ltr'><strong>conjun-</strong></span> 
     </span>
    </p>
   </div>
   <div class='ocr_carea' id='block_1_48' title="bbox 345 2617 1930 2691">
    <p class='ocr_par' dir='ltr' id='par_1_48' title="bbox 345 2617 1930 2691">
     <span class='ocr_line' id='line_1_48' title="bbox 345 2617 1930 2691; baseline -0.001 -20"><span class='ocrx_word' id='word_1_287' title='bbox 345 2632 480 2688; x_wconf 78' lang='lat' dir='ltr'><strong>gens</strong></span> <span class='ocrx_word' id='word_1_288' title='bbox 507 2619 591 2671; x_wconf 92' lang='lat' dir='ltr'><strong>his</strong></span> <span class='ocrx_word' id='word_1_289' title='bbox 611 2619 1038 2674; x_wconf 88' lang='lat' dir='ltr'><strong>colluctantibus</strong></span> <span class='ocrx_word' id='word_1_290' title='bbox 1056 2629 1111 2674; x_wconf 88' lang='lat' dir='ltr'><strong>et</strong></span> <span class='ocrx_word' id='word_1_291' title='bbox 1134 2630 1458 2691; x_wconf 88' lang='lat' dir='ltr'><strong>cooperator</strong></span> <span class='ocrx_word' id='word_1_292' title='bbox 1482 2619 1739 2675; x_wconf 74' lang='lat' dir='ltr'><strong>salvilica:</strong></span> <span class='ocrx_word' id='word_1_293' title='bbox 1762 2617 1930 2688; x_wconf 87' lang='lat' dir='ltr'><strong>hujus</strong></span> 
     </span>
    </p>
   </div>
   <div class='ocr_carea' id='block_1_49' title="bbox 345 2710 1929 2780">
    <p class='ocr_par' dir='ltr' id='par_1_49' title="bbox 345 2710 1929 2780">
     <span class='ocr_line' id='line_1_49' title="bbox 345 2710 1929 2780; baseline -0.001 -16"><span class='ocrx_word' id='word_1_294' title='bbox 345 2718 400 2764; x_wconf 89' lang='lat' dir='ltr'><strong>et</strong></span> <span class='ocrx_word' id='word_1_295' title='bbox 434 2711 631 2779; x_wconf 67' lang='lat' dir='ltr'><strong>pratvie</strong></span> <span class='ocrx_word' id='word_1_296' title='bbox 662 2712 1004 2780; x_wconf 81' lang='lat' dir='ltr'><strong>puriﬁcantis</strong></span> <span class='ocrx_word' id='word_1_297' title='bbox 1042 2717 1378 2768; x_wconf 90' lang='lat' dir='ltr'><strong>constitutus</strong></span> <span class='ocrx_word' id='word_1_298' title='bbox 1428 2712 1681 2768; x_wconf 86' lang='lat' dir='ltr'><strong>actionis.</strong></span> <span class='ocrx_word' id='word_1_299' title='bbox 1717 2710 1929 2766; x_wconf 87' lang='lat' dir='ltr'><strong>Etenim</strong></span> 
     </span>
    </p>
   </div>
   <div class='ocr_carea' id='block_1_50' title="bbox 345 2797 1933 2869">
    <p class='ocr_par' dir='ltr' id='par_1_50' title="bbox 345 2797 1933 2869">
     <span class='ocr_line' id='line_1_50' title="bbox 345 2797 1933 2869; baseline 0.001 -17"><span class='ocrx_word' id='word_1_300' title='bbox 345 2797 608 2852; x_wconf 85' lang='lat' dir='ltr'><strong>clamavit</strong></span> <span class='ocrx_word' id='word_1_301' title='bbox 658 2800 962 2869; x_wconf 85' lang='lat' dir='ltr'><strong>baptizans,</strong></span> <span class='ocrx_word' id='word_1_302' title='bbox 995 2800 1127 2857; x_wconf 85' lang='lat' dir='ltr'><strong>Jesu</strong></span> <span class='ocrx_word' id='word_1_303' title='bbox 1174 2803 1432 2856; x_wconf 90' lang='lat' dir='ltr'><strong>omnibus</strong></span> <span class='ocrx_word' id='word_1_304' title='bbox 1466 2801 1808 2855; x_wconf 87' lang='lat' dir='ltr'><strong>divinitatem</strong></span> <span class='ocrx_word' id='word_1_305' title='bbox 1855 2807 1933 2853; x_wconf 88' lang='lat' dir='ltr'><strong>te-</strong></span> 
     </span>
    </p>
   </div>
   <div class='ocr_carea' id='block_1_51' title="bbox 347 2890 1929 2963">
    <p class='ocr_par' dir='ltr' id='par_1_51' title="bbox 347 2890 1929 2963">
     <span class='ocr_line' id='line_1_51' title="bbox 347 2890 1929 2963; baseline 0.001 -19"><span class='ocrx_word' id='word_1_306' title='bbox 347 2890 620 2945; x_wconf 84' lang='lat' dir='ltr'><strong>stiﬁcans.</strong></span> <span class='ocrx_word' id='word_1_307' title='bbox 654 2890 710 2944; x_wconf 86' lang='lat' dir='ltr'><strong>Id</strong></span> <span class='ocrx_word' id='word_1_308' title='bbox 759 2893 907 2946; x_wconf 92' lang='lat' dir='ltr'><strong>enim</strong></span> <span class='ocrx_word' id='word_1_309' title='bbox 944 2893 1188 2948; x_wconf 66' lang='lat' dir='ltr'><strong>caelestis</strong></span> <span class='ocrx_word' id='word_1_310' title='bbox 1239 2893 1458 2947; x_wconf 92' lang='lat' dir='ltr'><strong>illorum</strong></span> <span class='ocrx_word' id='word_1_311' title='bbox 1502 2908 1739 2963; x_wconf 82' lang='lat' dir='ltr'><strong>sponsus</strong></span> <span class='ocrx_word' id='word_1_312' title='bbox 1781 2892 1929 2946; x_wconf 86' lang='lat' dir='ltr'><strong>vole-</strong></span> 
     </span>
    </p>
   </div>
   <div class='ocr_carea' id='block_1_52' title="bbox 345 2959 2000 3055">
    <p class='ocr_par' dir='ltr' id='par_1_52' title="bbox 345 2959 2000 3055">
     <span class='ocr_line' id='line_1_52' title="bbox 345 2959 2000 3055; baseline 0.001 -19"><span class='ocrx_word' id='word_1_313' title='bbox 345 2982 473 3047; x_wconf 87' lang='lat' dir='ltr'><strong>bat,</strong></span> <span class='ocrx_word' id='word_1_314' title='bbox 525 2990 580 3037; x_wconf 90' lang='lat' dir='ltr'><strong>et</strong></span> <span class='ocrx_word' id='word_1_315' title='bbox 628 2999 937 3053; x_wconf 58' lang='lat' dir='ltr'><strong>praeparare</strong></span> <span class='ocrx_word' id='word_1_316' title='bbox 997 2986 1284 3052; x_wconf 86' lang='lat' dir='ltr'><strong>studebat,</strong></span> <span class='ocrx_word' id='word_1_317' title='bbox 1345 2996 1400 3041; x_wconf 88' lang='lat' dir='ltr'><strong>et</strong></span> <span class='ocrx_word' id='word_1_318' title='bbox 1454 2959 2000 3055; x_wconf 74' lang='lat' dir='ltr'><strong>supereminenterC</strong></span> 
     </span>
    </p>
   </div>
   <div class='ocr_carea' id='block_1_53' title="bbox 346 3074 1932 3142">
    <p class='ocr_par' dir='ltr' id='par_1_53' title="bbox 346 3074 1932 3142">
     <span class='ocr_line' id='line_1_53' title="bbox 346 3074 1932 3142; baseline 0.002 -16"><span class='ocrx_word' id='word_1_319' title='bbox 346 3074 526 3142; x_wconf 83' lang='lat' dir='ltr'><strong>major</strong></span> <span class='ocrx_word' id='word_1_320' title='bbox 571 3077 828 3130; x_wconf 91' lang='lat' dir='ltr'><strong>omnibus</strong></span> <span class='ocrx_word' id='word_1_321' title='bbox 869 3085 926 3130; x_wconf 94' lang='lat' dir='ltr'><strong>et</strong></span> <span class='ocrx_word' id='word_1_322' title='bbox 974 3093 1002 3131; x_wconf 90' lang='lat' dir='ltr'><strong>a</strong></span> <span class='ocrx_word' id='word_1_323' title='bbox 1058 3077 1171 3131; x_wconf 90' lang='lat' dir='ltr'><strong>Deo</strong></span> <span class='ocrx_word' id='word_1_324' title='bbox 1221 3078 1450 3142; x_wconf 91' lang='lat' dir='ltr'><strong>missus,</strong></span> <span class='ocrx_word' id='word_1_325' title='bbox 1507 3087 1562 3132; x_wconf 90' lang='lat' dir='ltr'><strong>et</strong></span> <span class='ocrx_word' id='word_1_326' title='bbox 1610 3076 1707 3131; x_wconf 90' lang='lat' dir='ltr'><strong>Dei</strong></span> <span class='ocrx_word' id='word_1_327' title='bbox 1767 3076 1932 3130; x_wconf 80' lang='lat' dir='ltr'><strong>verba</strong></span> 
     </span>
    </p>
   </div>
   <div class='ocr_carea' id='block_1_54' title="bbox 347 3163 1934 3236">
    <p class='ocr_par' dir='ltr' id='par_1_54' title="bbox 347 3163 1934 3236">
     <span class='ocr_line' id='line_1_54' title="bbox 347 3163 1934 3236; baseline 0.002 -19"><span class='ocrx_word' id='word_1_328' title='bbox 347 3163 580 3233; x_wconf 87' lang='lat' dir='ltr'><strong>loquens</strong></span> <span class='ocrx_word' id='word_1_329' title='bbox 609 3175 663 3219; x_wconf 88' lang='lat' dir='ltr'><strong>et</strong></span> <span class='ocrx_word' id='word_1_330' title='bbox 690 3166 782 3235; x_wconf 91' lang='lat' dir='ltr'><strong>qui</strong></span> <span class='ocrx_word' id='word_1_331' title='bbox 810 3168 1023 3236; x_wconf 86' lang='lat' dir='ltr'><strong>accepit</strong></span> <span class='ocrx_word' id='word_1_332' title='bbox 1049 3179 1102 3221; x_wconf 90' lang='lat' dir='ltr'><strong>et</strong></span> <span class='ocrx_word' id='word_1_333' title='bbox 1138 3169 1301 3221; x_wconf 85' lang='lat' dir='ltr'><strong>habet</strong></span> <span class='ocrx_word' id='word_1_334' title='bbox 1341 3169 1593 3236; x_wconf 92' lang='lat' dir='ltr'><strong>spiritum</strong></span> <span class='ocrx_word' id='word_1_335' title='bbox 1626 3184 1737 3222; x_wconf 89' lang='lat' dir='ltr'><strong>non</strong></span> <span class='ocrx_word' id='word_1_336' title='bbox 1780 3183 1934 3220; x_wconf 87' lang='lat' dir='ltr'><strong>men-</strong></span> 
     </span>
    </p>
   </div>
   <div class='ocr_carea' id='block_1_55' title="bbox 349 3258 1933 3328">
    <p class='ocr_par' dir='ltr' id='par_1_55' title="bbox 349 3258 1933 3328">
     <span class='ocr_line' id='line_1_55' title="bbox 349 3258 1933 3328; baseline 0 -17"><span class='ocrx_word' id='word_1_337' title='bbox 349 3270 481 3311; x_wconf 85' lang='lat' dir='ltr'><strong>sura</strong></span> <span class='ocrx_word' id='word_1_338' title='bbox 528 3258 845 3313; x_wconf 80' lang='lat' dir='ltr'><strong>donatiOnis</strong></span> <span class='ocrx_word' id='word_1_339' title='bbox 879 3269 935 3312; x_wconf 91' lang='lat' dir='ltr'><strong>ct</strong></span> <span class='ocrx_word' id='word_1_340' title='bbox 977 3260 1320 3328; x_wconf 83' lang='lat' dir='ltr'><strong>operationis</strong></span> <span class='ocrx_word' id='word_1_341' title='bbox 1372 3260 1820 3328; x_wconf 87' lang='lat' dir='ltr'><strong>participatione,</strong></span> <span class='ocrx_word' id='word_1_342' title='bbox 1874 3267 1933 3313; x_wconf 93' lang='lat' dir='ltr'><strong>ut</strong></span> 
     </span>
    </p>
   </div>
   <div class='ocr_carea' id='block_1_56' title="bbox 351 3350 1939 3421">
    <p class='ocr_par' dir='ltr' id='par_1_56' title="bbox 351 3350 1939 3421">
     <span class='ocr_line' id='line_1_56' title="bbox 351 3350 1939 3421; baseline 0.001 -18"><span class='ocrx_word' id='word_1_343' title='bbox 351 3363 548 3404; x_wconf 91' lang='lat' dir='ltr'><strong>omnes</strong></span> <span class='ocrx_word' id='word_1_344' title='bbox 599 3352 903 3419; x_wconf 71' lang='lat' dir='ltr'><strong>prophetae,</strong></span> <span class='ocrx_word' id='word_1_345' title='bbox 950 3351 1047 3406; x_wconf 87' lang='lat' dir='ltr'><strong>sed</strong></span> <span class='ocrx_word' id='word_1_346' title='bbox 1093 3353 1572 3421; x_wconf 79' lang='lat' dir='ltr'><strong>congenerationis</strong></span> <span class='ocrx_word' id='word_1_347' title='bbox 1601 3350 1835 3420; x_wconf 89' lang='lat' dir='ltr'><strong>justitia,</strong></span> <span class='ocrx_word' id='word_1_348' title='bbox 1884 3361 1939 3405; x_wconf 88' lang='lat' dir='ltr'><strong>et</strong></span> 
     </span>
    </p>
   </div>
   <div class='ocr_carea' id='block_1_57' title="bbox 353 3440 1934 3514">
    <p class='ocr_par' dir='ltr' id='par_1_57' title="bbox 353 3440 1934 3514">
     <span class='ocr_line' id='line_1_57' title="bbox 353 3440 1934 3514; baseline 0.001 -20"><span class='ocrx_word' id='word_1_349' title='bbox 353 3440 909 3509; x_wconf 84' lang='lat' dir='ltr'><strong>supersubstantialis</strong></span> <span class='ocrx_word' id='word_1_350' title='bbox 970 3443 1566 3499; x_wconf 86' lang='lat' dir='ltr'><strong>consubstantialitatis</strong></span> <span class='ocrx_word' id='word_1_351' title='bbox 1644 3443 1934 3514; x_wconf 76' lang='lat' dir='ltr'><strong>dignitate.</strong></span> 
     </span>
    </p>
   </div>
   <div class='ocr_carea' id='block_1_58' title="bbox 352 3528 1939 3601">
    <p class='ocr_par' dir='ltr' id='par_1_58' title="bbox 352 3528 1939 3601">
     <span class='ocr_line' id='line_1_58' title="bbox 352 3528 1939 3601; baseline -0.001 -16"><span class='ocrx_word' id='word_1_352' title='bbox 352 3530 606 3585; x_wconf 74' lang='lat' dir='ltr'><strong>Attamen</strong></span> <span class='ocrx_word' id='word_1_353' title='bbox 648 3528 954 3595; x_wconf 89' lang='lat' dir='ltr'><strong>baptismus</strong></span> <span class='ocrx_word' id='word_1_354' title='bbox 985 3528 1213 3585; x_wconf 87' lang='lat' dir='ltr'><strong>Joannis</strong></span> <span class='ocrx_word' id='word_1_355' title='bbox 1260 3539 1314 3585; x_wconf 92' lang='lat' dir='ltr'><strong>et</strong></span> <span class='ocrx_word' id='word_1_356' title='bbox 1366 3531 1759 3601; x_wconf 81' lang='lat' dir='ltr'><strong>discipulorum</strong></span> <span class='ocrx_word' id='word_1_357' title='bbox 1815 3529 1939 3584; x_wconf 86' lang='lat' dir='ltr'><strong>Sal-</strong></span> 
     </span>
    </p>
   </div>
   <div class='ocr_carea' id='block_1_59' title="bbox 355 3621 1940 3692">
    <p class='ocr_par' dir='ltr' id='par_1_59' title="bbox 355 3621 1940 3692">
     <span class='ocr_line' id='line_1_59' title="bbox 355 3621 1940 3692; baseline 0.001 -17"><span class='ocrx_word' id='word_1_358' title='bbox 355 3625 567 3676; x_wconf 71' lang='lat' dir='ltr'><strong>vatoris</strong></span> <span class='ocrx_word' id='word_1_359' title='bbox 598 3621 750 3674; x_wconf 91' lang='lat' dir='ltr'><strong>nullo</strong></span> <span class='ocrx_word' id='word_1_360' title='bbox 779 3621 1103 3676; x_wconf 85' lang='lat' dir='ltr'><strong>discrimine</strong></span> <span class='ocrx_word' id='word_1_361' title='bbox 1135 3622 1240 3677; x_wconf 92' lang='lat' dir='ltr'><strong>nisi</strong></span> <span class='ocrx_word' id='word_1_362' title='bbox 1279 3638 1637 3692; x_wconf 83' lang='lat' dir='ltr'><strong>personarum</strong></span> <span class='ocrx_word' id='word_1_363' title='bbox 1674 3623 1940 3676; x_wconf 90' lang='lat' dir='ltr'><strong>immuta-</strong></span> 
     </span>
    </p>
   </div>
   <div class='ocr_carea' id='block_1_60' title="bbox 358 3710 1939 3783">
    <p class='ocr_par' dir='ltr' id='par_1_60' title="bbox 358 3710 1939 3783">
     <span class='ocr_line' id='line_1_60' title="bbox 358 3710 1939 3783; baseline 0 -18"><span class='ocrx_word' id='word_1_364' title='bbox 358 3713 507 3765; x_wconf 92' lang='lat' dir='ltr'><strong>tione</strong></span> <span class='ocrx_word' id='word_1_365' title='bbox 559 3710 871 3766; x_wconf 69' lang='lat' dir='ltr'><strong>differebat.</strong></span> <span class='ocrx_word' id='word_1_366' title='bbox 943 3710 1158 3765; x_wconf 89' lang='lat' dir='ltr'><strong>Eteuim</strong></span> <span class='ocrx_word' id='word_1_367' title='bbox 1222 3713 1451 3783; x_wconf 84' lang='lat' dir='ltr'><strong>parabat</strong></span> <span class='ocrx_word' id='word_1_368' title='bbox 1510 3713 1690 3782; x_wconf 86' lang='lat' dir='ltr'><strong>quivis</strong></span> <span class='ocrx_word' id='word_1_369' title='bbox 1748 3727 1939 3767; x_wconf 92' lang='lat' dir='ltr'><strong>eorum</strong></span> 
     </span>
    </p>
   </div>
   <div class='ocr_carea' id='block_1_61' title="bbox 357 3801 1940 3875">
    <p class='ocr_par' dir='ltr' id='par_1_61' title="bbox 357 3801 1940 3875">
     <span class='ocr_line' id='line_1_61' title="bbox 357 3801 1940 3875; baseline 0.001 -18"><span class='ocrx_word' id='word_1_370' title='bbox 357 3801 673 3872; x_wconf 81' lang='lat' dir='ltr'><strong>baptizatus</strong></span> <span class='ocrx_word' id='word_1_371' title='bbox 703 3812 861 3871; x_wconf 88' lang='lat' dir='ltr'><strong>aptos</strong></span> <span class='ocrx_word' id='word_1_372' title='bbox 893 3804 1011 3857; x_wconf 81' lang='lat' dir='ltr'><strong>ﬁeri</strong></span> <span class='ocrx_word' id='word_1_373' title='bbox 1065 3804 1131 3857; x_wconf 88' lang='lat' dir='ltr'><strong>ad</strong></span> <span class='ocrx_word' id='word_1_374' title='bbox 1173 3804 1586 3874; x_wconf 85' lang='lat' dir='ltr'><strong>suscipiendum</strong></span> <span class='ocrx_word' id='word_1_375' title='bbox 1633 3820 1727 3875; x_wconf 88' lang='lat' dir='ltr'><strong>per</strong></span> <span class='ocrx_word' id='word_1_376' title='bbox 1762 3806 1940 3875; x_wconf 83' lang='lat' dir='ltr'><strong>ignem</strong></span> 
     </span>
    </p>
   </div>
   <div class='ocr_carea' id='block_1_62' title="bbox 357 3898 1934 3969">
    <p class='ocr_par' dir='ltr' id='par_1_62' title="bbox 357 3898 1934 3969">
     <span class='ocr_line' id='line_1_62' title="bbox 357 3898 1934 3969; baseline 0.001 -19"><span class='ocrx_word' id='word_1_377' title='bbox 357 3905 412 3951; x_wconf 83' lang='lat' dir='ltr'><strong>et</strong></span> <span class='ocrx_word' id='word_1_378' title='bbox 450 3898 709 3967; x_wconf 89' lang='lat' dir='ltr'><strong>spiritum</strong></span> <span class='ocrx_word' id='word_1_379' title='bbox 748 3898 1141 3967; x_wconf 82' lang='lat' dir='ltr'><strong>perliciendum</strong></span> <span class='ocrx_word' id='word_1_380' title='bbox 1176 3899 1473 3969; x_wconf 89' lang='lat' dir='ltr'><strong>baptisma,</strong></span> <span class='ocrx_word' id='word_1_381' title='bbox 1511 3908 1763 3955; x_wconf 90' lang='lat' dir='ltr'><strong>neutrum</strong></span> <span class='ocrx_word' id='word_1_382' title='bbox 1803 3913 1934 3952; x_wconf 84' lang='lat' dir='ltr'><strong>vero</strong></span> 
     </span>
    </p>
   </div>
   <div class='ocr_carea' id='block_1_63' title="bbox 360 3988 1939 4062">
    <p class='ocr_par' dir='ltr' id='par_1_63' title="bbox 360 3988 1939 4062">
     <span class='ocr_line' id='line_1_63' title="bbox 360 3988 1939 4062; baseline -0.001 -18"><span class='ocrx_word' id='word_1_383' title='bbox 360 3988 586 4044; x_wconf 89' lang='lat' dir='ltr'><strong>illorum</strong></span> <span class='ocrx_word' id='word_1_384' title='bbox 636 3990 914 4060; x_wconf 70' lang='lat' dir='ltr'><strong>praebebat</strong></span> <span class='ocrx_word' id='word_1_385' title='bbox 950 3989 1189 4059; x_wconf 86' lang='lat' dir='ltr'><strong>Spiritus</strong></span> <span class='ocrx_word' id='word_1_386' title='bbox 1237 3992 1471 4062; x_wconf 82' lang='lat' dir='ltr'><strong>gratiam</strong></span> <span class='ocrx_word' id='word_1_387' title='bbox 1515 4000 1569 4048; x_wconf 91' lang='lat' dir='ltr'><strong>et</strong></span> <span class='ocrx_word' id='word_1_388' title='bbox 1620 3990 1939 4056; x_wconf 80' lang='lat' dir='ltr'><strong>eﬂicaciam,</strong></span> 
     </span>
    </p>
   </div>
   <div class='ocr_carea' id='block_1_64' title="bbox 359 4083 1941 4153">
    <p class='ocr_par' dir='ltr' id='par_1_64' title="bbox 359 4083 1941 4153">
     <span class='ocr_line' id='line_1_64' title="bbox 359 4083 1941 4153; baseline 0.002 -17"><span class='ocrx_word' id='word_1_389' title='bbox 359 4098 539 4153; x_wconf 85' lang='lat' dir='ltr'><strong>neque</strong></span> <span class='ocrx_word' id='word_1_390' title='bbox 572 4083 940 4137; x_wconf 79' lang='lat' dir='ltr'><strong>outnimodam</strong></span> <span class='ocrx_word' id='word_1_391' title='bbox 973 4093 1325 4153; x_wconf 89' lang='lat' dir='ltr'><strong>peccatorum</strong></span> <span class='ocrx_word' id='word_1_392' title='bbox 1371 4085 1775 4140; x_wconf 88' lang='lat' dir='ltr'><strong>remissionem.</strong></span> <span class='ocrx_word' id='word_1_393' title='bbox 1808 4083 1941 4139; x_wconf 91' lang='lat' dir='ltr'><strong>Tale</strong></span> 
     </span>
    </p>
   </div>
   <div class='ocr_carea' id='block_1_65' title="bbox 360 4176 1941 4246">
    <p class='ocr_par' dir='ltr' id='par_1_65' title="bbox 360 4176 1941 4246">
     <span class='ocr_line' id='line_1_65' title="bbox 360 4176 1941 4246; baseline 0.003 -18"><span class='ocrx_word' id='word_1_394' title='bbox 360 4176 507 4230; x_wconf 88' lang='lat' dir='ltr'><strong>enim</strong></span> <span class='ocrx_word' id='word_1_395' title='bbox 556 4191 717 4245; x_wconf 89' lang='lat' dir='ltr'><strong>super</strong></span> <span class='ocrx_word' id='word_1_396' title='bbox 763 4192 1071 4231; x_wconf 88' lang='lat' dir='ltr'><strong>sermonem</strong></span> <span class='ocrx_word' id='word_1_397' title='bbox 1107 4179 1307 4231; x_wconf 92' lang='lat' dir='ltr'><strong>donum</strong></span> <span class='ocrx_word' id='word_1_398' title='bbox 1342 4184 1464 4246; x_wconf 81' lang='lat' dir='ltr'><strong>post</strong></span> <span class='ocrx_word' id='word_1_399' title='bbox 1495 4176 1941 4232; x_wconf 87' lang='lat' dir='ltr'><strong>distributionem</strong></span> 
     </span>
    </p>
   </div>
   <div class='ocr_carea' id='block_1_66' title="bbox 2047 2433 3639 2507">
    <p class='ocr_par' dir='ltr' id='par_1_66' title="bbox 2047 2433 3639 2507">
     <span class='ocr_line' id='line_1_66' title="bbox 2047 2433 3639 2507; baseline -0.003 -18"><span class='ocrx_word' id='word_1_400' title='bbox 2047 2436 2329 2507; x_wconf 84' lang='grc' dir='ltr'><strong>Ἰωάννης,</strong></span> <span class='ocrx_word' id='word_1_401' title='bbox 2360 2438 2583 2507; x_wconf 82' lang='grc' dir='ltr'>ἀπαρχὴ</span> <span class='ocrx_word' id='word_1_402' title='bbox 2618 2436 2718 2506; x_wconf 78' lang='grc' dir='ltr'>μὲν</span> <span class='ocrx_word' id='word_1_403' title='bbox 2747 2435 3101 2506; x_wconf 83' lang='grc' dir='ltr'>παράδειγμα</span> <span class='ocrx_word' id='word_1_404' title='bbox 3145 2434 3244 2503; x_wconf 85' lang='grc' dir='ltr'>τῆς</span> <span class='ocrx_word' id='word_1_405' title='bbox 3286 2433 3521 2486; x_wconf 77' lang='grc' dir='ltr'>ἐκείνων</span> <span class='ocrx_word' id='word_1_406' title='bbox 3554 2434 3639 2486; x_wconf 78' lang='lat' dir='ltr'><strong>le-</strong></span> 
     </span>
    </p>
   </div>
   <div class='ocr_carea' id='block_1_67' title="bbox 2032 2524 3640 2601">
    <p class='ocr_par' dir='ltr' id='par_1_67' title="bbox 2032 2524 3640 2601">
     <span class='ocr_line' id='line_1_67' title="bbox 2032 2524 3640 2601; baseline -0.003 -18"><span class='ocrx_word' id='word_1_407' title='bbox 2032 2530 2132 2600; x_wconf 80' lang='grc' dir='ltr'>ρᾶς</span> <span class='ocrx_word' id='word_1_408' title='bbox 2166 2529 2433 2601; x_wconf 75' lang='grc' dir='ltr'>ἐργασίας</span> <span class='ocrx_word' id='word_1_409' title='bbox 2461 2529 2777 2599; x_wconf 85' lang='grc' dir='ltr'>γενόμενος,</span> <span class='ocrx_word' id='word_1_410' title='bbox 2813 2526 3291 2596; x_wconf 76' lang='grc' dir='ltr'>συνεφαπτόμενος</span> <span class='ocrx_word' id='word_1_411' title='bbox 3324 2525 3379 2577; x_wconf 80' lang='grc' dir='ltr'><strong>δέ</strong></span> <span class='ocrx_word' id='word_1_412' title='bbox 3408 2524 3640 2589; x_wconf 80' lang='grc' dir='ltr'>τούτοις</span> 
     </span>
    </p>
   </div>
   <div class='ocr_carea' id='block_1_68' title="bbox 2035 2614 3641 2689">
    <p class='ocr_par' dir='ltr' id='par_1_68' title="bbox 2035 2614 3641 2689">
     <span class='ocr_line' id='line_1_68' title="bbox 2035 2614 3641 2689; baseline -0.004 -16"><span class='ocrx_word' id='word_1_413' title='bbox 2035 2619 2560 2689; x_wconf 78' lang='grc' dir='ltr'>συναγωνιζομένοις</span> <span class='ocrx_word' id='word_1_414' title='bbox 2599 2620 2696 2672; x_wconf 78' lang='grc' dir='ltr'>καὶ</span> <span class='ocrx_word' id='word_1_415' title='bbox 2755 2618 3017 2688; x_wconf 83' lang='grc' dir='ltr'>συνεργὸς</span> <span class='ocrx_word' id='word_1_416' title='bbox 3048 2617 3149 2686; x_wconf 86' lang='grc' dir='ltr'>τῆς</span> <span class='ocrx_word' id='word_1_417' title='bbox 3180 2615 3457 2686; x_wconf 83' lang='grc' dir='ltr'>σωτηρίου</span> <span class='ocrx_word' id='word_1_418' title='bbox 3490 2614 3641 2667; x_wconf 83' lang='grc' dir='ltr'>ταύ-</span> 
     </span>
    </p>
   </div>
   <div class='ocr_carea' id='block_1_69' title="bbox 2032 2704 3641 2783">
    <p class='ocr_par' dir='ltr' id='par_1_69' title="bbox 2032 2704 3641 2783">
     <span class='ocr_line' id='line_1_69' title="bbox 2032 2704 3641 2783; baseline -0.006 -17"><span class='ocrx_word' id='word_1_419' title='bbox 2032 2729 2132 2783; x_wconf 84' lang='grc' dir='ltr'><strong>της</strong></span> <span class='ocrx_word' id='word_1_420' title='bbox 2167 2712 2263 2765; x_wconf 72' lang='grc' dir='ltr'>καὶ</span> <span class='ocrx_word' id='word_1_421' title='bbox 2296 2710 2706 2783; x_wconf 87' lang='grc' dir='ltr'>προκαθαρσίου</span> <span class='ocrx_word' id='word_1_422' title='bbox 2763 2709 3169 2778; x_wconf 84' lang='grc' dir='ltr'>καθιστάμενος</span> <span class='ocrx_word' id='word_1_423' title='bbox 3202 2706 3461 2777; x_wconf 83' lang='grc' dir='ltr'>πράξεως</span> <span class='ocrx_word' id='word_1_424' title='bbox 3482 2722 3500 2738; x_wconf 78' lang='grc' dir='ltr'><strong>ο</strong></span> <span class='ocrx_word' id='word_1_425' title='bbox 3536 2704 3641 2760; x_wconf 74' lang='grc' dir='ltr'>καὶ</span> 
     </span>
    </p>
   </div>
   <div class='ocr_carea' id='block_1_70' title="bbox 2034 2796 3642 2873">
    <p class='ocr_par' dir='ltr' id='par_1_70' title="bbox 2034 2796 3642 2873">
     <span class='ocr_line' id='line_1_70' title="bbox 2034 2796 3642 2873; baseline -0.006 -17"><span class='ocrx_word' id='word_1_426' title='bbox 2034 2803 2145 2873; x_wconf 77' lang='grc' dir='ltr'>γὰρ</span> <span class='ocrx_word' id='word_1_427' title='bbox 2179 2803 2524 2873; x_wconf 85' lang='grc' dir='ltr'>ἀνακέκραγε</span> <span class='ocrx_word' id='word_1_428' title='bbox 2556 2801 2855 2871; x_wconf 76' lang='grc' dir='ltr'>βαπτίζων,</span> <span class='ocrx_word' id='word_1_429' title='bbox 2892 2799 2991 2870; x_wconf 81' lang='grc' dir='ltr'><strong>τὴν</strong></span> <span class='ocrx_word' id='word_1_430' title='bbox 3028 2797 3201 2869; x_wconf 83' lang='grc' dir='ltr'>Ἰησοῦ</span> <span class='ocrx_word' id='word_1_431' title='bbox 3226 2799 3360 2850; x_wconf 83' lang='grc' dir='ltr'>πᾶσι</span> <span class='ocrx_word' id='word_1_432' title='bbox 3391 2796 3642 2865; x_wconf 83' lang='grc' dir='ltr'>θεότητα</span> 
     </span>
    </p>
   </div>
   <div class='ocr_carea' id='block_1_71' title="bbox 2036 2886 3643 2967">
    <p class='ocr_par' dir='ltr' id='par_1_71' title="bbox 2036 2886 3643 2967">
     <span class='ocr_line' id='line_1_71' title="bbox 2036 2886 3643 2967; baseline -0.007 -16"><span class='ocrx_word' id='word_1_433' title='bbox 2036 2894 2562 2967; x_wconf 83' lang='grc' dir='ltr'>διαμαρτυρόμενος.</span> <span class='ocrx_word' id='word_1_434' title='bbox 2626 2892 2799 2949; x_wconf 84' lang='grc' dir='ltr'>Τοῦτο</span> <span class='ocrx_word' id='word_1_435' title='bbox 2849 2893 2961 2961; x_wconf 82' lang='grc' dir='ltr'>γὰρ</span> <span class='ocrx_word' id='word_1_436' title='bbox 3018 2892 3045 2943; x_wconf 93' lang='lat'><strong>6</strong></span> <span class='ocrx_word' id='word_1_437' title='bbox 3092 2889 3417 2960; x_wconf 87' lang='grc' dir='ltr'>ἐπουράνιος</span> <span class='ocrx_word' id='word_1_438' title='bbox 3445 2886 3643 2940; x_wconf 80' lang='grc' dir='ltr'>αὐτῶν</span> 
     </span>
    </p>
   </div>
   <div class='ocr_carea' id='block_1_72' title="bbox 2034 2977 3637 3059">
    <p class='ocr_par' dir='ltr' id='par_1_72' title="bbox 2034 2977 3637 3059">
     <span class='ocr_line' id='line_1_72' title="bbox 2034 2977 3637 3059; baseline -0.006 -19"><span class='ocrx_word' id='word_1_439' title='bbox 2034 2986 2262 3059; x_wconf 79' lang='grc' dir='ltr'>νυμφίος</span> <span class='ocrx_word' id='word_1_440' title='bbox 2302 2984 2580 3049; x_wconf 77' lang='grc' dir='ltr'>ἐϐούλετο,</span> <span class='ocrx_word' id='word_1_441' title='bbox 2614 2983 2710 3037; x_wconf 78' lang='grc' dir='ltr'>καὶ</span> <span class='ocrx_word' id='word_1_442' title='bbox 2739 2982 3180 3046; x_wconf 76' lang='grc' dir='ltr'>κατασκευάζειν</span> <span class='ocrx_word' id='word_1_443' title='bbox 3228 2977 3637 3042; x_wconf 78' lang='grc' dir='ltr'>ἐσπουδάζετο,</span> 
     </span>
    </p>
   </div>
   <div class='ocr_carea' id='block_1_73' title="bbox 2037 3071 3641 3149">
    <p class='ocr_par' dir='ltr' id='par_1_73' title="bbox 2037 3071 3641 3149">
     <span class='ocr_line' id='line_1_73' title="bbox 2037 3071 3641 3149; baseline -0.006 -15"><span class='ocrx_word' id='word_1_444' title='bbox 2037 3081 2134 3134; x_wconf 65' lang='grc' dir='ltr'>καὶ</span> <span class='ocrx_word' id='word_1_445' title='bbox 2159 3080 2187 3131; x_wconf 89' lang='lat'><strong>6</strong></span> <span class='ocrx_word' id='word_1_446' title='bbox 2230 3079 2352 3131; x_wconf 80' lang='grc' dir='ltr'>καθ’</span> <span class='ocrx_word' id='word_1_447' title='bbox 2387 3077 2694 3149; x_wconf 76' lang='grc' dir='ltr'>ὑπερϐολὴν</span> <span class='ocrx_word' id='word_1_448' title='bbox 2742 3076 2944 3146; x_wconf 80' lang='grc' dir='ltr'>μείζων</span> <span class='ocrx_word' id='word_1_449' title='bbox 3002 3076 3280 3139; x_wconf 84' lang='grc' dir='ltr'>ἁπάντων,</span> <span class='ocrx_word' id='word_1_450' title='bbox 3319 3072 3415 3126; x_wconf 74' lang='grc' dir='ltr'>καὶ</span> <span class='ocrx_word' id='word_1_451' title='bbox 3457 3074 3487 3126; x_wconf 90' lang='lat'><strong>6</strong></span> <span class='ocrx_word' id='word_1_452' title='bbox 3524 3071 3641 3125; x_wconf 79' lang='grc' dir='ltr'>ἀπὸ</span> 
     </span>
    </p>
   </div>
   <div class='ocr_carea' id='block_1_74' title="bbox 2035 3165 3640 3240">
    <p class='ocr_par' dir='ltr' id='par_1_74' title="bbox 2035 3165 3640 3240">
     <span class='ocr_line' id='line_1_74' title="bbox 2035 3165 3640 3240; baseline -0.004 -16"><span class='ocrx_word' id='word_1_453' title='bbox 2035 3172 2173 3225; x_wconf 87' lang='grc' dir='ltr'>Θεοῦ</span> <span class='ocrx_word' id='word_1_454' title='bbox 2196 3170 2632 3240; x_wconf 78' lang='grc' dir='ltr'>ἀπεσταλμένος,</span> <span class='ocrx_word' id='word_1_455' title='bbox 2686 3170 2781 3222; x_wconf 76' lang='grc' dir='ltr'>καὶ</span> <span class='ocrx_word' id='word_1_456' title='bbox 2809 3170 2836 3221; x_wconf 91' lang='lat'><strong>6</strong></span> <span class='ocrx_word' id='word_1_457' title='bbox 2883 3167 3020 3221; x_wconf 83' lang='grc' dir='ltr'>Θεοῦ</span> <span class='ocrx_word' id='word_1_458' title='bbox 3067 3168 3288 3238; x_wconf 76' lang='grc' dir='ltr'>ῥήματα</span> <span class='ocrx_word' id='word_1_459' title='bbox 3329 3165 3516 3219; x_wconf 82' lang='grc' dir='ltr'>λαλῶν</span> <span class='ocrx_word' id='word_1_460' title='bbox 3540 3168 3640 3218; x_wconf 74' lang='grc' dir='ltr'>καὶ</span> 
     </span>
    </p>
   </div>
   <div class='ocr_carea' id='block_1_75' title="bbox 2035 3259 3640 3331">
    <p class='ocr_par' dir='ltr' id='par_1_75' title="bbox 2035 3259 3640 3331">
     <span class='ocr_line' id='line_1_75' title="bbox 2035 3259 3640 3331; baseline -0.004 -14"><span class='ocrx_word' id='word_1_461' title='bbox 2035 3266 2063 3318; x_wconf 91' lang='lat'><strong>6</strong></span> <span class='ocrx_word' id='word_1_462' title='bbox 2088 3262 2268 3316; x_wconf 79' lang='grc' dir='ltr'>λαϐὼν</span> <span class='ocrx_word' id='word_1_463' title='bbox 2295 3262 2390 3316; x_wconf 55' lang='grc' dir='ltr'><strong>καί¹</strong></span> <span class='ocrx_word' id='word_1_464' title='bbox 2428 3261 2568 3331; x_wconf 79' lang='grc' dir='ltr'>ἔχων</span> <span class='ocrx_word' id='word_1_465' title='bbox 2595 3275 2656 3315; x_wconf 91' lang='grc' dir='ltr'><strong>το</strong></span> <span class='ocrx_word' id='word_1_466' title='bbox 2684 3260 2909 3331; x_wconf 86' lang='grc' dir='ltr'>Πνεῦμα</span> <span class='ocrx_word' id='word_1_467' title='bbox 2939 3260 2999 3313; x_wconf 86' lang='grc' dir='ltr'><strong>ού</strong></span> <span class='ocrx_word' id='word_1_468' title='bbox 3048 3260 3232 3331; x_wconf 85' lang='grc' dir='ltr'>μέτρῳ</span> <span class='ocrx_word' id='word_1_469' title='bbox 3272 3259 3486 3329; x_wconf 76' lang='grc' dir='ltr'>δωρεᾶς</span> <span class='ocrx_word' id='word_1_470' title='bbox 3540 3261 3640 3310; x_wconf 70' lang='grc' dir='ltr'><strong>καὶ</strong></span> 
     </span>
    </p>
   </div>
   <div class='ocr_carea' id='block_1_76' title="bbox 2037 3350 3647 3427">
    <p class='ocr_par' dir='ltr' id='par_1_76' title="bbox 2037 3350 3647 3427">
     <span class='ocr_line' id='line_1_76' title="bbox 2037 3350 3647 3427; baseline -0.004 -19"><span class='ocrx_word' id='word_1_471' title='bbox 2037 3356 2325 3427; x_wconf 84' lang='grc' dir='ltr'>ἐνεργείας</span> <span class='ocrx_word' id='word_1_472' title='bbox 2382 3353 2621 3424; x_wconf 81' lang='grc' dir='ltr'>μεθέξει,</span> <span class='ocrx_word' id='word_1_473' title='bbox 2691 3353 2883 3424; x_wconf 79' lang='grc' dir='ltr'>ὥσπερ</span> <span class='ocrx_word' id='word_1_474' title='bbox 2935 3352 3181 3415; x_wconf 72' lang='grc' dir='ltr'>ἅπαντες</span> <span class='ocrx_word' id='word_1_475' title='bbox 3231 3352 3281 3404; x_wconf 76' lang='grc' dir='ltr'><strong>οἱ</strong></span> <span class='ocrx_word' id='word_1_476' title='bbox 3328 3350 3647 3421; x_wconf 69' lang='grc' dir='ltr'><strong>προφῆταιὶ</strong></span> 
     </span>
    </p>
   </div>
   <div class='ocr_carea' id='block_1_77' title="bbox 2039 3440 3639 3515">
    <p class='ocr_par' dir='ltr' id='par_1_77' title="bbox 2039 3440 3639 3515">
     <span class='ocr_line' id='line_1_77' title="bbox 2039 3440 3639 3515; baseline -0.005 -14"><span class='ocrx_word' id='word_1_477' title='bbox 2039 3448 2175 3502; x_wconf 87' lang='grc' dir='ltr'><strong>ἀλλά</strong></span> <span class='ocrx_word' id='word_1_478' title='bbox 2206 3446 2533 3515; x_wconf 87' lang='grc' dir='ltr'>συγγενείας</span> <span class='ocrx_word' id='word_1_479' title='bbox 2559 3445 2753 3515; x_wconf 87' lang='grc' dir='ltr'>δικαίῳ</span> <span class='ocrx_word' id='word_1_480' title='bbox 2780 3445 2877 3497; x_wconf 71' lang='grc' dir='ltr'>καὶ</span> <span class='ocrx_word' id='word_1_481' title='bbox 2916 3443 3241 3515; x_wconf 82' lang='grc' dir='ltr'>ὑπερουσίου</span> <span class='ocrx_word' id='word_1_482' title='bbox 3266 3440 3639 3511; x_wconf 83' lang='grc' dir='ltr'>ὁμοουσιότη·</span> 
     </span>
    </p>
   </div>
   <div class='ocr_carea' id='block_1_78' title="bbox 2039 3532 3641 3608">
    <p class='ocr_par' dir='ltr' id='par_1_78' title="bbox 2039 3532 3641 3608">
     <span class='ocr_line' id='line_1_78' title="bbox 2039 3532 3641 3608; baseline -0.002 -15"><span class='ocrx_word' id='word_1_483' title='bbox 2039 3557 2130 3603; x_wconf 87' lang='grc' dir='ltr'><strong>τος</strong></span> <span class='ocrx_word' id='word_1_484' title='bbox 2188 3537 2481 3608; x_wconf 80' lang='grc' dir='ltr'>ἀξιώματι.</span> <span class='ocrx_word' id='word_1_485' title='bbox 2538 3537 2612 3589; x_wconf 87' lang='grc' dir='ltr'>Τὸ</span> <span class='ocrx_word' id='word_1_486' title='bbox 2676 3536 2859 3607; x_wconf 84' lang='grc' dir='ltr'>μέντοι</span> <span class='ocrx_word' id='word_1_487' title='bbox 2918 3535 3203 3606; x_wconf 79' lang='grc' dir='ltr'>βάπτισμα</span> <span class='ocrx_word' id='word_1_488' title='bbox 3238 3533 3333 3587; x_wconf 82' lang='grc' dir='ltr'><strong>τοῦ</strong></span> <span class='ocrx_word' id='word_1_489' title='bbox 3381 3532 3641 3589; x_wconf 76' lang='grc' dir='ltr'>Ἰωάννου</span> 
     </span>
    </p>
   </div>
   <div class='ocr_carea' id='block_1_79' title="bbox 2041 3624 3640 3698">
    <p class='ocr_par' dir='ltr' id='par_1_79' title="bbox 2041 3624 3640 3698">
     <span class='ocr_line' id='line_1_79' title="bbox 2041 3624 3640 3698; baseline -0.005 -13"><span class='ocrx_word' id='word_1_490' title='bbox 2041 3631 2270 3686; x_wconf 75' lang='grc' dir='ltr'>καὶτῶν</span> <span class='ocrx_word' id='word_1_491' title='bbox 2305 3629 2562 3698; x_wconf 83' lang='grc' dir='ltr'>μαθητῶν</span> <span class='ocrx_word' id='word_1_492' title='bbox 2587 3627 2680 3681; x_wconf 90' lang='grc' dir='ltr'><strong>τοῦ</strong></span> <span class='ocrx_word' id='word_1_493' title='bbox 2716 3629 2969 3698; x_wconf 80' lang='grc' dir='ltr'>Σωτῆρος</span> <span class='ocrx_word' id='word_1_494' title='bbox 3001 3627 3178 3680; x_wconf 74' lang='grc' dir='ltr'>οὐδενὶ</span> <span class='ocrx_word' id='word_1_495' title='bbox 3207 3625 3453 3694; x_wconf 82' lang='grc' dir='ltr'>διαφόρῳ</span> <span class='ocrx_word' id='word_1_496' title='bbox 3493 3624 3640 3693; x_wconf 77' lang='grc' dir='ltr'>πλὴν</span> 
     </span>
    </p>
   </div>
   <div class='ocr_carea' id='block_1_80' title="bbox 2040 3717 3641 3794">
    <p class='ocr_par' dir='ltr' id='par_1_80' title="bbox 2040 3717 3641 3794">
     <span class='ocr_line' id='line_1_80' title="bbox 2040 3717 3641 3794; baseline -0.006 -16"><span class='ocrx_word' id='word_1_497' title='bbox 2040 3725 2139 3794; x_wconf 77' lang='grc' dir='ltr'>τῆς</span> <span class='ocrx_word' id='word_1_498' title='bbox 2164 3723 2274 3775; x_wconf 88' lang='grc' dir='ltr'><strong>τῶν</strong></span> <span class='ocrx_word' id='word_1_499' title='bbox 2304 3720 2616 3793; x_wconf 81' lang='grc' dir='ltr'>προσώπων</span> <span class='ocrx_word' id='word_1_500' title='bbox 2643 3720 2945 3789; x_wconf 86' lang='grc' dir='ltr'>ἐναλλαγῆς</span> <span class='ocrx_word' id='word_1_501' title='bbox 2984 3717 3317 3772; x_wconf 87' lang='grc' dir='ltr'>διεστέλλετο</span> <span class='ocrx_word' id='word_1_502' title='bbox 3343 3732 3358 3749; x_wconf 76' lang='grc'><strong>⁸</strong></span> <span class='ocrx_word' id='word_1_503' title='bbox 3392 3717 3492 3770; x_wconf 76' lang='grc' dir='ltr'><strong>καὶ</strong></span> <span class='ocrx_word' id='word_1_504' title='bbox 3528 3717 3641 3787; x_wconf 74' lang='grc' dir='ltr'>γὰρ</span> 
     </span>
    </p>
   </div>
   <div class='ocr_carea' id='block_1_81' title="bbox 2043 3807 3645 3883">
    <p class='ocr_par' dir='ltr' id='par_1_81' title="bbox 2043 3807 3645 3883">
     <span class='ocr_line' id='line_1_81' title="bbox 2043 3807 3645 3883; baseline -0.004 -16"><span class='ocrx_word' id='word_1_505' title='bbox 2043 3813 2460 3883; x_wconf 78' lang='grc' dir='ltr'>παρεσκεύαζεν</span> <span class='ocrx_word' id='word_1_506' title='bbox 2501 3811 2600 3880; x_wconf 89' lang='grc' dir='ltr'><strong>μέν</strong></span> <span class='ocrx_word' id='word_1_507' title='bbox 2629 3810 2888 3881; x_wconf 76' lang='grc' dir='ltr'>ἑκάτερον</span> <span class='ocrx_word' id='word_1_508' title='bbox 2923 3810 3105 3864; x_wconf 83' lang='grc' dir='ltr'>αὐτῶν</span> <span class='ocrx_word' id='word_1_509' title='bbox 3135 3810 3261 3872; x_wconf 74' lang='grc' dir='ltr'>τοὺς</span> <span class='ocrx_word' id='word_1_510' title='bbox 3293 3807 3645 3879; x_wconf 80' lang='grc' dir='ltr'>βαπτιζομέο</span> 
     </span>
    </p>
   </div>
   <div class='ocr_carea' id='block_1_82' title="bbox 2045 3888 3645 3971">
    <p class='ocr_par' dir='ltr' id='par_1_82' title="bbox 2045 3888 3645 3971">
     <span class='ocr_line' id='line_1_82' title="bbox 2045 3888 3645 3971; baseline -0.003 -14"><span class='ocrx_word' id='word_1_511' title='bbox 2045 3922 2170 3967; x_wconf 86' lang='grc' dir='ltr'>νους</span> <span class='ocrx_word' id='word_1_512' title='bbox 2204 3902 2546 3971; x_wconf 83' lang='grc' dir='ltr'>ἐπιτηδείους</span> <span class='ocrx_word' id='word_1_513' title='bbox 2583 3902 2826 3969; x_wconf 81' lang='grc' dir='ltr'>ἔσεσθαι,</span> <span class='ocrx_word' id='word_1_514' title='bbox 2858 3902 2918 3954; x_wconf 86' lang='grc' dir='ltr'><strong>τὸ</strong></span> <span class='ocrx_word' id='word_1_515' title='bbox 2937 3901 3029 3954; x_wconf 76' lang='grc' dir='ltr'><strong>διὰ</strong></span> <span class='ocrx_word' id='word_1_516' title='bbox 3056 3888 3347 3971; x_wconf 69' lang='grc' dir='ltr'>πυρδςκαὶ</span> <span class='ocrx_word' id='word_1_517' title='bbox 3374 3899 3645 3968; x_wconf 80' lang='grc' dir='ltr'>Πνεύμα·</span> 
     </span>
    </p>
   </div>
   <div class='ocr_carea' id='block_1_83' title="bbox 2042 3991 3644 4063">
    <p class='ocr_par' dir='ltr' id='par_1_83' title="bbox 2042 3991 3644 4063">
     <span class='ocr_line' id='line_1_83' title="bbox 2042 3991 3644 4063; baseline -0.003 -15"><span class='ocrx_word' id='word_1_518' title='bbox 2042 4011 2136 4059; x_wconf 84' lang='grc' dir='ltr'><strong>τος</strong></span> <span class='ocrx_word' id='word_1_519' title='bbox 2190 3994 2658 4063; x_wconf 80' lang='grc' dir='ltr'>τελεσθησόμενον</span> <span class='ocrx_word' id='word_1_520' title='bbox 2703 3992 2965 4059; x_wconf 82' lang='grc' dir='ltr'>δέξασθαι</span> <span class='ocrx_word' id='word_1_521' title='bbox 3012 3992 3318 4062; x_wconf 84' lang='grc' dir='ltr'>βάπτισμα,</span> <span class='ocrx_word' id='word_1_522' title='bbox 3353 3991 3644 4061; x_wconf 81' lang='grc' dir='ltr'>οὐδέτερον</span> 
     </span>
    </p>
   </div>
   <div class='ocr_carea' id='block_1_84' title="bbox 2045 4084 3647 4157">
    <p class='ocr_par' dir='ltr' id='par_1_84' title="bbox 2045 4084 3647 4157">
     <span class='ocr_line' id='line_1_84' title="bbox 2045 4084 3647 4157; baseline -0.003 -17"><span class='ocrx_word' id='word_1_523' title='bbox 2045 4087 2102 4140; x_wconf 83' lang='grc' dir='ltr'>δὲ</span> <span class='ocrx_word' id='word_1_524' title='bbox 2136 4084 2314 4139; x_wconf 79' lang='grc' dir='ltr'>αὐτῶν</span> <span class='ocrx_word' id='word_1_525' title='bbox 2348 4088 2610 4157; x_wconf 78' lang='grc' dir='ltr'>παρεῖχεν</span> <span class='ocrx_word' id='word_1_526' title='bbox 2633 4085 2730 4157; x_wconf 83' lang='grc' dir='ltr'>τὴν</span> <span class='ocrx_word' id='word_1_527' title='bbox 2762 4084 2854 4138; x_wconf 88' lang='grc' dir='ltr'><strong>τοῦ</strong></span> <span class='ocrx_word' id='word_1_528' title='bbox 2888 4087 3209 4153; x_wconf 86' lang='grc' dir='ltr'>Πνεύματος</span> <span class='ocrx_word' id='word_1_529' title='bbox 3235 4085 3397 4157; x_wconf 84' lang='grc' dir='ltr'>χάριν</span> <span class='ocrx_word' id='word_1_530' title='bbox 3430 4085 3525 4136; x_wconf 73' lang='grc' dir='ltr'><strong>καὶ</strong></span> <span class='ocrx_word' id='word_1_531' title='bbox 3544 4085 3647 4136; x_wconf 79' lang='grc' dir='ltr'>ἐνι-</span> 
     </span>
    </p>
   </div>
   <div class='ocr_carea' id='block_1_85' title="bbox 2046 4175 3647 4260">
    <p class='ocr_par' dir='ltr' id='par_1_85' title="bbox 2046 4175 3647 4260">
     <span class='ocr_line' id='line_1_85' title="bbox 2046 4175 3647 4260; baseline -0.002 -29"><span class='ocrx_word' id='word_1_532' title='bbox 2046 4177 2287 4260; x_wconf 77' lang='grc' dir='ltr'>έργειαν,</span> <span class='ocrx_word' id='word_1_533' title='bbox 2330 4175 2451 4228; x_wconf 88' lang='grc' dir='ltr'><strong>ούδέ</strong></span> <span class='ocrx_word' id='word_1_534' title='bbox 2490 4175 2589 4247; x_wconf 82' lang='grc' dir='ltr'>τὴν</span> <span class='ocrx_word' id='word_1_535' title='bbox 2620 4175 2860 4245; x_wconf 84' lang='grc' dir='ltr'>παντελῆ</span> <span class='ocrx_word' id='word_1_536' title='bbox 2909 4176 3019 4228; x_wconf 90' lang='grc' dir='ltr'><strong>τῶν</strong></span> <span class='ocrx_word' id='word_1_537' title='bbox 3072 4175 3492 4245; x_wconf 76' lang='grc' dir='ltr'>ἁμαρτημάτων</span> <span class='ocrx_word' id='word_1_538' title='bbox 3532 4175 3647 4243; x_wconf 71' lang='grc' dir='ltr'><strong>ἅφ-</strong></span> 
     </span>
    </p>
   </div>
   <div class='ocr_carea' id='block_1_86' title="bbox 362 4266 1940 4354">
    <p class='ocr_par' dir='ltr' id='par_1_86' title="bbox 362 4266 1940 4342">
     <span class='ocr_line' id='line_1_86' title="bbox 362 4266 1940 4342; baseline 0.004 -21"><span class='ocrx_word' id='word_1_539' title='bbox 362 4266 663 4338; x_wconf 84' lang='lat' dir='ltr'><strong>ignitarum</strong></span> <span class='ocrx_word' id='word_1_540' title='bbox 712 4268 1023 4337; x_wconf 85' lang='lat' dir='ltr'><strong>linguarum</strong></span> <span class='ocrx_word' id='word_1_541' title='bbox 1074 4278 1131 4325; x_wconf 89' lang='lat' dir='ltr'><strong>et</strong></span> <span class='ocrx_word' id='word_1_542' title='bbox 1158 4285 1255 4340; x_wconf 90' lang='lat' dir='ltr'><strong>per</strong></span> <span class='ocrx_word' id='word_1_543' title='bbox 1305 4271 1451 4339; x_wconf 88' lang='lat' dir='ltr'><strong>ipsas</strong></span> <span class='ocrx_word' id='word_1_544' title='bbox 1499 4271 1675 4327; x_wconf 87' lang='lat' dir='ltr'><strong>sancti</strong></span> <span class='ocrx_word' id='word_1_545' title='bbox 1705 4269 1940 4342; x_wconf 89' lang='lat' dir='ltr'><strong>Spiritus</strong></span> 
     </span>
    </p>
   </div>
   <div class='ocr_carea' id='block_1_87' title="bbox 2071 4266 3646 4354">
    <p class='ocr_par' dir='ltr' id='par_1_87' title="bbox 2071 4267 3646 4339">
     <span class='ocr_line' id='line_1_87' title="bbox 2071 4267 3646 4339; baseline -0.001 -17"><span class='ocrx_word' id='word_1_546' title='bbox 2071 4288 2187 4325; x_wconf 82' lang='grc' dir='ltr'>εσιν.</span> <span class='ocrx_word' id='word_1_547' title='bbox 2232 4268 2298 4321; x_wconf 86' lang='grc' dir='ltr'><strong>Ἦ</strong></span> <span class='ocrx_word' id='word_1_548' title='bbox 2328 4268 2551 4336; x_wconf 82' lang='grc' dir='ltr'>τοιαύτη</span> <span class='ocrx_word' id='word_1_549' title='bbox 2600 4268 2708 4338; x_wconf 75' lang='grc' dir='ltr'>γὰρ</span> <span class='ocrx_word' id='word_1_550' title='bbox 2752 4269 2891 4339; x_wconf 83' lang='grc' dir='ltr'>ὑπὲρ</span> <span class='ocrx_word' id='word_1_551' title='bbox 2938 4269 3096 4336; x_wconf 84' lang='grc' dir='ltr'>λόγον</span> <span class='ocrx_word' id='word_1_552' title='bbox 3143 4267 3325 4337; x_wconf 78' lang='grc' dir='ltr'>δωρεά</span> <span class='ocrx_word' id='word_1_553' title='bbox 3360 4268 3498 4336; x_wconf 71' lang='grc' dir='ltr'>μετὰ</span> <span class='ocrx_word' id='word_1_554' title='bbox 3538 4268 3646 4336; x_wconf 81' lang='grc' dir='ltr'><strong>τὴν</strong></span> 
     </span>
    </p>
   </div>
   <div class='ocr_carea' id='block_1_88' title="bbox 348 4359 1403 4441">
    <p class='ocr_par' dir='ltr' id='par_1_88' title="bbox 348 4359 1403 4441">
     <span class='ocr_line' id='line_1_88' title="bbox 348 4359 1403 4441; baseline 0.001 -25"><span class='ocrx_word' id='word_1_555' title='bbox 348 4359 713 4441; x_wconf 59' lang='grc' dir='ltr'><strong>Δριἀξεοιιιίιιῐη</strong></span> <span class='ocrx_word' id='word_1_556' title='bbox 749 4360 1043 4431; x_wconf 83' lang='lat' dir='ltr'><strong>baptizatis</strong></span> <span class='ocrx_word' id='word_1_557' title='bbox 1071 4362 1403 4418; x_wconf 85' lang='lat' dir='ltr'><strong>donabatur.</strong></span> 
     </span>
    </p>
   </div>
   <div class='ocr_carea' id='block_1_89' title="bbox 697 4651 1625 4726">
    <p class='ocr_par' dir='ltr' id='par_1_89' title="bbox 697 4651 1625 4726">
     <span class='ocr_line' id='line_1_89' title="bbox 697 4651 1625 4726; baseline -0.002 -17"><span class='ocrx_word' id='word_1_558' title='bbox 697 4652 1026 4720; x_wconf 66' lang='lat' dir='ltr'><strong>QUESTIO</strong></span> <span class='ocrx_word' id='word_1_559' title='bbox 1065 4652 1268 4713; x_wconf 78' lang='lat' dir='ltr'><strong>LVIII-</strong></span> <span class='ocrx_word' id='word_1_560' title='bbox 1294 4652 1408 4726; x_wconf 78' lang='grc' dir='ltr'><strong>[ΑΙ.</strong></span> <span class='ocrx_word' id='word_1_561' title='bbox 1438 4651 1625 4726; x_wconf 79' lang='lat' dir='ltr'><strong>LVII.]</strong></span> 
     </span>
    </p>
   </div>
   <div class='ocr_carea' id='block_1_90' title="bbox 369 4742 1951 4817">
    <p class='ocr_par' dir='ltr' id='par_1_90' title="bbox 369 4742 1951 4817">
     <span class='ocr_line' id='line_1_90' title="bbox 369 4742 1951 4817; baseline 0.003 -19"><span class='ocrx_word' id='word_1_562' title='bbox 369 4742 547 4809; x_wconf 82' lang='lat' dir='ltr'><strong>Quare</strong></span> <span class='ocrx_word' id='word_1_563' title='bbox 579 4744 781 4817; x_wconf 75' lang='lat' dir='ltr'><strong>Moyses</strong></span> <span class='ocrx_word' id='word_1_564' title='bbox 808 4748 1095 4817; x_wconf 53' lang='lat' dir='ltr'><strong>sequacium</strong></span> <span class='ocrx_word' id='word_1_565' title='bbox 1129 4748 1339 4815; x_wconf 81' lang='lat' dir='ltr'><strong>genesin</strong></span> <span class='ocrx_word' id='word_1_566' title='bbox 1369 4747 1730 4817; x_wconf 84' lang='lat' dir='ltr'><strong>genealogiam</strong></span> <span class='ocrx_word' id='word_1_567' title='bbox 1774 4757 1951 4802; x_wconf 75' lang='lat' dir='ltr'><strong>texens</strong></span> 
     </span>
    </p>
   </div>
   <div class='ocr_carea' id='block_1_91' title="bbox 439 4814 1952 4886">
    <p class='ocr_par' dir='ltr' id='par_1_91' title="bbox 439 4814 1952 4886">
     <span class='ocr_line' id='line_1_91' title="bbox 439 4814 1952 4886; baseline 0.001 -19"><span class='ocrx_word' id='word_1_568' title='bbox 439 4814 839 4885; x_wconf 82' lang='lat' dir='ltr'><strong>principatuum</strong></span> <span class='ocrx_word' id='word_1_569' title='bbox 864 4814 1029 4879; x_wconf 86' lang='lat' dir='ltr'><strong>Esau,</strong></span> <span class='ocrx_word' id='word_1_570' title='bbox 1061 4814 1393 4886; x_wconf 71' lang='lat' dir='ltr'><strong>nliquoruni-</strong></span> <span class='ocrx_word' id='word_1_571' title='bbox 1409 4814 1618 4885; x_wconf 79' lang='lat' dir='ltr'><strong>quidem</strong></span> <span class='ocrx_word' id='word_1_572' title='bbox 1641 4818 1952 4885; x_wconf 78' lang='lat' dir='ltr'><strong>simpliciter</strong></span> 
     </span>
    </p>
   </div>
   <div class='ocr_carea' id='block_1_92' title="bbox 446 4886 1951 4956">
    <p class='ocr_par' dir='ltr' id='par_1_92' title="bbox 446 4886 1951 4956">
     <span class='ocr_line' id='line_1_92' title="bbox 446 4886 1951 4956; baseline 0.002 -17"><span class='ocrx_word' id='word_1_573' title='bbox 446 4886 591 4939; x_wconf 85' lang='lat' dir='ltr'><strong>nuda</strong></span> <span class='ocrx_word' id='word_1_574' title='bbox 617 4895 847 4940; x_wconf 83' lang='lat' dir='ltr'><strong>recenset</strong></span> <span class='ocrx_word' id='word_1_575' title='bbox 883 4888 1121 4943; x_wconf 85' lang='lat' dir='ltr'><strong>nomina.</strong></span> <span class='ocrx_word' id='word_1_576' title='bbox 1161 4886 1235 4939; x_wconf 77' lang='lat' dir='ltr'><strong>ad</strong></span> <span class='ocrx_word' id='word_1_577' title='bbox 1265 4886 1437 4956; x_wconf 10' lang='lat' dir='ltr'><strong>Aginati</strong></span> <span class='ocrx_word' id='word_1_578' title='bbox 1466 4904 1585 4940; x_wconf 85' lang='lat' dir='ltr'><strong>vero</strong></span> <span class='ocrx_word' id='word_1_579' title='bbox 1614 4889 1951 4956; x_wconf 80' lang='lat' dir='ltr'><strong>progrediens</strong></span> 
     </span>
    </p>
   </div>
   <div class='ocr_carea' id='block_1_93' title="bbox 441 4953 1951 5026">
    <p class='ocr_par' dir='ltr' id='par_1_93' title="bbox 441 4953 1951 5026">
     <span class='ocr_line' id='line_1_93' title="bbox 441 4953 1951 5026; baseline 0.001 -15"><span class='ocrx_word' id='word_1_580' title='bbox 441 4957 517 5011; x_wconf 86' lang='lat' dir='ltr'><strong>ait</strong></span> <span class='ocrx_word' id='word_1_581' title='bbox 545 4972 563 5010; x_wconf 92' lang='lat'><strong><em>:</em></strong></span> <span class='ocrx_word' id='word_1_582' title='bbox 591 4974 609 5007; x_wconf 80' lang='grc' dir='ltr'><strong>ι</strong></span> <span class='ocrx_word' id='word_1_583' title='bbox 654 4956 761 5010; x_wconf 74' lang='lat' dir='ltr'><strong>late</strong></span> <span class='ocrx_word' id='word_1_584' title='bbox 803 4966 879 5010; x_wconf 80' lang='lat' dir='ltr'><strong>est</strong></span> <span class='ocrx_word' id='word_1_585' title='bbox 918 4957 1007 5026; x_wconf 86' lang='lat' dir='ltr'><strong>qui</strong></span> <span class='ocrx_word' id='word_1_586' title='bbox 1056 4957 1250 5009; x_wconf 84' lang='lat' dir='ltr'><strong>invenit</strong></span> <span class='ocrx_word' id='word_1_587' title='bbox 1287 4953 1460 5011; x_wconf 82' lang='lat' dir='ltr'><strong>lamin</strong></span> <span class='ocrx_word' id='word_1_588' title='bbox 1484 4959 1537 5011; x_wconf 87' lang='lat' dir='ltr'><strong>in</strong></span> <span class='ocrx_word' id='word_1_589' title='bbox 1570 4953 1778 5011; x_wconf 65' lang='lat' dir='ltr'><strong>deserto</strong></span> <span class='ocrx_word' id='word_1_590' title='bbox 1833 4976 1951 5012; x_wconf 87' lang='lat' dir='ltr'><strong>cum</strong></span> 
     </span>
    </p>
   </div>
   <div class='ocr_carea' id='block_1_94' title="bbox 442 5026 1955 5099">
    <p class='ocr_par' dir='ltr' id='par_1_94' title="bbox 442 5026 1955 5099">
     <span class='ocr_line' id='line_1_94' title="bbox 442 5026 1955 5099; baseline 0.002 -20"><span class='ocrx_word' id='word_1_591' title='bbox 442 5037 681 5098; x_wconf 82' lang='lat' dir='ltr'><strong>pasceret</strong></span> <span class='ocrx_word' id='word_1_592' title='bbox 698 5027 1002 5099; x_wconf 81' lang='lat' dir='ltr'><strong>subjugalia</strong></span> <span class='ocrx_word' id='word_1_593' title='bbox 1028 5026 1223 5095; x_wconf 86' lang='lat' dir='ltr'><strong>Seegon</strong></span> <span class='ocrx_word' id='word_1_594' title='bbox 1244 5027 1413 5094; x_wconf 83' lang='lat' dir='ltr'><strong>patris</strong></span> <span class='ocrx_word' id='word_1_595' title='bbox 1440 5028 1525 5081; x_wconf 84' lang='lat' dir='ltr'><strong>sui</strong></span> <span class='ocrx_word' id='word_1_596' title='bbox 1543 5026 1569 5079; x_wconf 85' lang='lat'><strong><em>?</em></strong></span> <span class='ocrx_word' id='word_1_597' title='bbox 1597 5045 1615 5078; x_wconf 73' lang='grc' dir='ltr'><strong>ι</strong></span> <span class='ocrx_word' id='word_1_598' title='bbox 1640 5028 1768 5099; x_wconf 70' lang='lat' dir='ltr'><strong>quid</strong></span> <span class='ocrx_word' id='word_1_599' title='bbox 1792 5030 1955 5099; x_wconf 86' lang='lat' dir='ltr'><strong>igitur</strong></span> 
     </span>
    </p>
   </div>
   <div class='ocr_carea' id='block_1_95' title="bbox 441 5097 1952 5221">
    <p class='ocr_par' dir='ltr' id='par_1_95' title="bbox 441 5097 1952 5221">
     <span class='ocr_line' id='line_1_95' title="bbox 441 5097 1952 5221; baseline 0.001 -71"><span class='ocrx_word' id='word_1_600' title='bbox 441 5098 982 5221; x_wconf 34' lang='lat' dir='ltr'><strong>istbquodgnvenit?</strong></span> <span class='ocrx_word' id='word_1_601' title='bbox 1023 5107 1074 5152; x_wconf 92' lang='lat' dir='ltr'><strong>et</strong></span> <span class='ocrx_word' id='word_1_602' title='bbox 1116 5111 1280 5167; x_wconf 86' lang='lat' dir='ltr'><strong>quare</strong></span> <span class='ocrx_word' id='word_1_603' title='bbox 1307 5099 1567 5152; x_wconf 86' lang='lat' dir='ltr'><strong>mentione</strong></span> <span class='ocrx_word' id='word_1_604' title='bbox 1615 5097 1836 5167; x_wconf 83' lang='lat' dir='ltr'><strong>dignum</strong></span> <span class='ocrx_word' id='word_1_605' title='bbox 1878 5110 1952 5153; x_wconf 87' lang='lat' dir='ltr'><strong>est</strong></span> 
     </span>
     <span class='ocr_line' id='line_1_96' title="bbox 483 5177 785 5221; baseline 0 0"><span class='ocrx_word' id='word_1_606' title='bbox 483 5186 512 5221; x_wconf 90' lang='lat' dir='ltr'><strong>a</strong></span> <span class='ocrx_word' id='word_1_607' title='bbox 553 5177 687 5220; x_wconf 77' lang='lat' dir='ltr'><strong>itum</strong></span> <span class='ocrx_word' id='word_1_608' title='bbox 775 5213 785 5221; x_wconf 92' lang='lat'><strong>.</strong></span> 
     </span>
    </p>
   </div>
   <div class='ocr_carea' id='block_1_96' title="bbox 442 5170 785 5224">
    <p class='ocr_par' dir='ltr' id='par_1_96' title="bbox 442 5170 785 5224">
     <span class='ocr_line' id='line_1_97' title="bbox 442 5170 785 5224; baseline -0.006 0"><span class='ocrx_word' id='word_1_609' title='bbox 442 5170 729 5224; x_wconf 83' lang='lat' dir='ltr'><strong>habitum?</strong></span> <span class='ocrx_word' id='word_1_610' title='bbox 775 5213 785 5222; x_wconf 92' lang='lat'><strong>.</strong></span> 
     </span>
    </p>
   </div>
   <div class='ocr_carea' id='block_1_97' title="bbox 2043 4358 3646 4433">
    <p class='ocr_par' dir='ltr' id='par_1_97' title="bbox 2043 4358 3646 4433">
     <span class='ocr_line' id='line_1_98' title="bbox 2043 4358 3646 4433; baseline -0.006 -14"><span class='ocrx_word' id='word_1_611' title='bbox 2043 4361 2303 4433; x_wconf 75' lang='grc' dir='ltr'>διανομὴν</span> <span class='ocrx_word' id='word_1_612' title='bbox 2351 4361 2461 4413; x_wconf 85' lang='grc' dir='ltr'><strong>τῶν</strong></span> <span class='ocrx_word' id='word_1_613' title='bbox 2507 4361 2753 4431; x_wconf 87' lang='grc' dir='ltr'>πυρίνων</span> <span class='ocrx_word' id='word_1_614' title='bbox 2796 4359 3058 4428; x_wconf 84' lang='grc' dir='ltr'>γλωσσῶν</span> <span class='ocrx_word' id='word_1_615' title='bbox 3093 4360 3187 4412; x_wconf 64' lang='grc' dir='ltr'><strong>κα)⁵</strong></span> <span class='ocrx_word' id='word_1_616' title='bbox 3230 4358 3330 4429; x_wconf 73' lang='grc' dir='ltr'>τὴν</span> <span class='ocrx_word' id='word_1_617' title='bbox 3360 4359 3428 4411; x_wconf 82' lang='grc' dir='ltr'>δι’</span> <span class='ocrx_word' id='word_1_618' title='bbox 3459 4359 3646 4411; x_wconf 79' lang='grc' dir='ltr'>αὐτῶν</span> 
     </span>
    </p>
   </div>
   <div class='ocr_carea' id='block_1_98' title="bbox 2049 4448 3647 4521">
    <p class='ocr_par' dir='ltr' id='par_1_98' title="bbox 2049 4448 3647 4521">
     <span class='ocr_line' id='line_1_99' title="bbox 2049 4448 3647 4521; baseline -0.007 -14"><span class='ocrx_word' id='word_1_619' title='bbox 2049 4452 2144 4508; x_wconf 83' lang='grc' dir='ltr'><strong>τοῦ</strong></span> <span class='ocrx_word' id='word_1_620' title='bbox 2175 4450 2331 4519; x_wconf 82' lang='grc' dir='ltr'>ἁγίου</span> <span class='ocrx_word' id='word_1_621' title='bbox 2365 4449 2685 4519; x_wconf 78' lang='grc' dir='ltr'>Πνεύματος</span> <span class='ocrx_word' id='word_1_622' title='bbox 2734 4448 3041 4520; x_wconf 88' lang='grc' dir='ltr'>παρουσίαν</span> <span class='ocrx_word' id='word_1_623' title='bbox 3070 4451 3183 4511; x_wconf 85' lang='grc' dir='ltr'>τοῖς</span> <span class='ocrx_word' id='word_1_624' title='bbox 3215 4448 3647 4521; x_wconf 78' lang='grc' dir='ltr'>βαπτιζομένοις</span> 
     </span>
    </p>
   </div>
   <div class='ocr_carea' id='block_1_99' title="bbox 2050 4542 2365 4617">
    <p class='ocr_par' dir='ltr' id='par_1_99' title="bbox 2050 4542 2365 4617">
     <span class='ocr_line' id='line_1_100' title="bbox 2050 4542 2365 4617; baseline -0.01 -18"><span class='ocrx_word' id='word_1_625' title='bbox 2050 4542 2365 4617; x_wconf 78' lang='grc' dir='ltr'>ἐχαρίζετο.</span> 
     </span>
    </p>
   </div>
   <div class='ocr_carea' id='block_1_100' title="bbox 2604 4651 3099 4708">
    <p class='ocr_par' dir='ltr' id='par_1_100' title="bbox 2604 4651 3099 4708">
     <span class='ocr_line' id='line_1_101' title="bbox 2604 4651 3099 4708; baseline 0 -1"><span class='ocrx_word' id='word_1_626' title='bbox 2604 4652 2939 4708; x_wconf 85' lang='grc' dir='ltr'><strong>ΕΡΩἸἩΣΙΣ</strong></span> <span class='ocrx_word' id='word_1_627' title='bbox 2964 4651 3099 4707; x_wconf 78' lang='lat' dir='ltr'><strong>NH’.</strong></span> 
     </span>
    </p>
   </div>
   <div class='ocr_carea' id='block_1_101' title="bbox 2058 4742 3647 4815">
    <p class='ocr_par' dir='ltr' id='par_1_101' title="bbox 2058 4742 3647 4815">
     <span class='ocr_line' id='line_1_102' title="bbox 2058 4742 3647 4815; baseline -0.005 -10"><span class='ocrx_word' id='word_1_628' title='bbox 2058 4752 2228 4815; x_wconf 79' lang='grc' dir='ltr'>Τίνος</span> <span class='ocrx_word' id='word_1_629' title='bbox 2239 4748 2446 4803; x_wconf 83' lang='grc' dir='ltr'>ἕνεκεν</span> <span class='ocrx_word' id='word_1_630' title='bbox 2462 4751 2494 4802; x_wconf 84' lang='grc' dir='ltr'><em>ὀ</em></span> <span class='ocrx_word' id='word_1_631' title='bbox 2518 4745 2739 4812; x_wconf 83' lang='grc' dir='ltr'>Μωσῆς</span> <span class='ocrx_word' id='word_1_632' title='bbox 2760 4745 2909 4800; x_wconf 82' lang='grc' dir='ltr'>κατὰ</span> <span class='ocrx_word' id='word_1_633' title='bbox 2937 4744 3053 4811; x_wconf 77' lang='grc' dir='ltr'><strong>τὴν</strong></span> <span class='ocrx_word' id='word_1_634' title='bbox 3072 4742 3334 4798; x_wconf 81' lang='grc' dir='ltr'>Γὲνεσιν</span> <span class='ocrx_word' id='word_1_635' title='bbox 3361 4748 3647 4814; x_wconf 67' lang='grc' dir='ltr'>γενεαλο-</span> 
     </span>
    </p>
   </div>
   <div class='ocr_carea' id='block_1_102' title="bbox 2125 4815 3649 4889">
    <p class='ocr_par' dir='ltr' id='par_1_102' title="bbox 2125 4815 3649 4889">
     <span class='ocr_line' id='line_1_103' title="bbox 2125 4815 3649 4889; baseline -0.003 -18"><span class='ocrx_word' id='word_1_636' title='bbox 2125 4819 2247 4889; x_wconf 74' lang='grc' dir='ltr'><strong>γῶν</strong></span> <span class='ocrx_word' id='word_1_637' title='bbox 2292 4819 2400 4884; x_wconf 85' lang='grc' dir='ltr'>τὰς</span> <span class='ocrx_word' id='word_1_638' title='bbox 2456 4818 2778 4889; x_wconf 72' lang='grc' dir='ltr'>ἡγεμονίας</span> <span class='ocrx_word' id='word_1_639' title='bbox 2832 4815 3016 4889; x_wconf 69' lang='grc' dir='ltr'>Ἠσαῦ</span> <span class='ocrx_word' id='word_1_640' title='bbox 3044 4855 3057 4875; x_wconf 89' lang='grc'><strong>,</strong></span> <span class='ocrx_word' id='word_1_641' title='bbox 3085 4815 3230 4889; x_wconf 69' lang='grc' dir='ltr'><strong>τῶν</strong></span> <span class='ocrx_word' id='word_1_642' title='bbox 3267 4815 3399 4889; x_wconf 33' lang='grc' dir='ltr'>μὲν-</span> <span class='ocrx_word' id='word_1_643' title='bbox 3440 4815 3649 4889; x_wconf 42' lang='lat' dir='ltr'><strong>(igitur</strong></span> 
     </span>
    </p>
   </div>
   <div class='ocr_carea' id='block_1_103' title="bbox 2129 4885 3651 4957">
    <p class='ocr_par' dir='ltr' id='par_1_103' title="bbox 2129 4885 3651 4957">
     <span class='ocr_line' id='line_1_104' title="bbox 2129 4885 3651 4957; baseline -0.004 -14"><span class='ocrx_word' id='word_1_644' title='bbox 2129 4885 2338 4954; x_wconf 66' lang='grc' dir='ltr'>ἅπλῶς</span> <span class='ocrx_word' id='word_1_645' title='bbox 2371 4890 2527 4957; x_wconf 69' lang='grc' dir='ltr'><strong>ψιλὰ</strong></span> <span class='ocrx_word' id='word_1_646' title='bbox 2546 4887 2841 4955; x_wconf 83' lang='grc' dir='ltr'>διέρχεται</span> <span class='ocrx_word' id='word_1_647' title='bbox 2866 4887 2961 4957; x_wconf 35' lang='lat' dir='ltr'><strong>ea“</strong></span> <span class='ocrx_word' id='word_1_648' title='bbox 2986 4886 3268 4957; x_wconf 77' lang='grc' dir='ltr'>ὀνόματα,</span> <span class='ocrx_word' id='word_1_649' title='bbox 3305 4885 3403 4957; x_wconf 66' lang='grc' dir='ltr'>ἐπὶ</span> <span class='ocrx_word' id='word_1_650' title='bbox 3420 4885 3508 4957; x_wconf 29' lang='grc' dir='ltr'><strong>*δὲ</strong></span> <span class='ocrx_word' id='word_1_651' title='bbox 3539 4885 3651 4957; x_wconf 66' lang='grc' dir='ltr'><strong>τον</strong></span> 
     </span>
    </p>
   </div>
   <div class='ocr_carea' id='block_1_104' title="bbox 2132 4950 3651 5026">
    <p class='ocr_par' dir='ltr' id='par_1_104' title="bbox 2132 4950 3651 5026">
     <span class='ocr_line' id='line_1_105' title="bbox 2132 4950 3651 5026; baseline -0.007 -11"><span class='ocrx_word' id='word_1_652' title='bbox 2132 4950 2329 5015; x_wconf 52' lang='lat' dir='ltr'><strong>Atr-da:</strong></span> <span class='ocrx_word' id='word_1_653' title='bbox 2345 4950 2543 5014; x_wconf 60' lang='grc' dir='ltr'>ἐλθὼν</span> <span class='ocrx_word' id='word_1_654' title='bbox 2565 4950 2757 5026; x_wconf 70' lang='grc' dir='ltr'>φήό-Ζν</span> <span class='ocrx_word' id='word_1_655' title='bbox 2782 4974 2795 4988; x_wconf 76' lang='grc' dir='ltr'><strong>ο</strong></span> <span class='ocrx_word' id='word_1_656' title='bbox 2836 4975 2854 5007; x_wconf 83' lang='grc' dir='ltr'><strong>ι</strong></span> <span class='ocrx_word' id='word_1_657' title='bbox 2881 4950 3069 5020; x_wconf 83' lang='grc' dir='ltr'>Οὗτός</span> <span class='ocrx_word' id='word_1_658' title='bbox 3089 4950 3270 5009; x_wconf 65' lang='grc' dir='ltr'>’ἐστιν</span> <span class='ocrx_word' id='word_1_659' title='bbox 3292 4955 3361 5026; x_wconf 78' lang='grc' dir='ltr'>ὃς</span> <span class='ocrx_word' id='word_1_660' title='bbox 3378 4951 3517 5022; x_wconf 80' lang='grc' dir='ltr'>εὗρε</span> <span class='ocrx_word' id='word_1_661' title='bbox 3538 4954 3651 5006; x_wconf 80' lang='grc' dir='ltr'>τὸν</span> 
     </span>
    </p>
   </div>
   <div class='ocr_carea' id='block_1_105' title="bbox 2141 5024 3650 5097">
    <p class='ocr_par' dir='ltr' id='par_1_105' title="bbox 2141 5024 3650 5097">
     <span class='ocr_line' id='line_1_106' title="bbox 2141 5024 3650 5097; baseline -0.005 -14"><span class='ocrx_word' id='word_1_662' title='bbox 2141 5029 2323 5097; x_wconf 77' lang='grc' dir='ltr'>Ἰαμὶν</span> <span class='ocrx_word' id='word_1_663' title='bbox 2350 5029 2420 5083; x_wconf 84' lang='grc' dir='ltr'>ὲν</span> <span class='ocrx_word' id='word_1_664' title='bbox 2448 5026 2523 5095; x_wconf 74' lang='grc' dir='ltr'>τῇ</span> <span class='ocrx_word' id='word_1_665' title='bbox 2548 5024 2745 5097; x_wconf 78' lang='grc' dir='ltr'>ἐρήμῳ</span> <span class='ocrx_word' id='word_1_666' title='bbox 2769 5026 3064 5097; x_wconf 16' lang='grc' dir='ltr'>ὄτείένεμε</span> <span class='ocrx_word' id='word_1_667' title='bbox 3090 5027 3161 5097; x_wconf 72' lang='grc' dir='ltr'>τὰ</span> <span class='ocrx_word' id='word_1_668' title='bbox 3179 5024 3650 5097; x_wconf 21' lang='grc' dir='ltr'>λὺποζύγιαλΣε-ξ-</span> 
     </span>
    </p>
   </div>
   <div class='ocr_carea' id='block_1_106' title="bbox 2129 5090 3649 5170">
    <p class='ocr_par' dir='ltr' id='par_1_106' title="bbox 2129 5090 3649 5170">
     <span class='ocr_line' id='line_1_107' title="bbox 2129 5090 3649 5170; baseline -0.001 -18"><span class='ocrx_word' id='word_1_669' title='bbox 2129 5090 2252 5170; x_wconf 76' lang='grc' dir='ltr'><strong>τὼν</strong></span> <span class='ocrx_word' id='word_1_670' title='bbox 2286 5099 2393 5153; x_wconf 86' lang='grc' dir='ltr'><strong>τοῦ</strong></span> <span class='ocrx_word' id='word_1_671' title='bbox 2451 5090 2675 5170; x_wconf 58' lang='lat' dir='ltr'><strong>aitdng</strong></span> <span class='ocrx_word' id='word_1_672' title='bbox 2714 5090 2942 5170; x_wconf 58' lang='lat' dir='ltr'><strong>heroa;</strong></span> <span class='ocrx_word' id='word_1_673' title='bbox 2977 5090 3004 5146; x_wconf 70' lang='grc' dir='ltr'><em>ί</em></span> <span class='ocrx_word' id='word_1_674' title='bbox 3041 5091 3250 5170; x_wconf 33' lang='grc' dir='ltr'><strong>ζί--οἶζν</strong></span> <span class='ocrx_word' id='word_1_675' title='bbox 3277 5090 3455 5149; x_wconf 72' lang='grc' dir='ltr'>ἐστιν</span> <span class='ocrx_word' id='word_1_676' title='bbox 3482 5094 3513 5149; x_wconf 82' lang='lat'><strong>6</strong></span> <span class='ocrx_word' id='word_1_677' title='bbox 3543 5090 3649 5151; x_wconf 63' lang='grc' dir='ltr'><strong>εὖ·</strong></span> 
     </span>
    </p>
   </div>
   <div class='ocr_carea' id='block_1_107' title="bbox 2123 5165 3362 5237">
    <p class='ocr_par' dir='ltr' id='par_1_107' title="bbox 2123 5165 3362 5237">
     <span class='ocr_line' id='line_1_108' title="bbox 2123 5165 3362 5237; baseline -0.002 -14"><span class='ocrx_word' id='word_1_678' title='bbox 2123 5165 2225 5237; x_wconf 83' lang='grc' dir='ltr'>ρε;</span> <span class='ocrx_word' id='word_1_679' title='bbox 2247 5170 2345 5223; x_wconf 79' lang='grc' dir='ltr'>καὶ</span> <span class='ocrx_word' id='word_1_680' title='bbox 2384 5169 2545 5234; x_wconf 71' lang='grc' dir='ltr'>τίνοι,</span> <span class='ocrx_word' id='word_1_681' title='bbox 2576 5167 2755 5221; x_wconf 78' lang='grc' dir='ltr'>ἕνεκα</span> <span class='ocrx_word' id='word_1_682' title='bbox 2777 5165 3020 5237; x_wconf 81' lang='grc' dir='ltr'>μνήμης</span> <span class='ocrx_word' id='word_1_683' title='bbox 3045 5165 3318 5231; x_wconf 77' lang='grc' dir='ltr'>ἀξιοῦται</span> <span class='ocrx_word' id='word_1_684' title='bbox 3340 5181 3362 5229; x_wconf 88' lang='lat'><em>;</em></span> 
     </span>
    </p>
   </div>
   <div class='ocr_carea' id='block_1_108' title="bbox 1338 5306 2563 5372">
    <p class='ocr_par' dir='ltr' id='par_1_108' title="bbox 1338 5306 2563 5372">
     <span class='ocr_line' id='line_1_109' title="bbox 1338 5306 2563 5372; baseline -0.002 -15"><span class='ocrx_word' id='word_1_685' title='bbox 1338 5306 1525 5358; x_wconf 89' lang='lat' dir='ltr'><strong>Edllaa</strong></span> <span class='ocrx_word' id='word_1_686' title='bbox 1549 5306 1695 5368; x_wconf 81' lang='lat' dir='ltr'><strong>Maio,</strong></span> <span class='ocrx_word' id='word_1_687' title='bbox 1724 5310 1760 5358; x_wconf 92' lang='grc' dir='ltr'>ι.</span> <span class='ocrx_word' id='word_1_688' title='bbox 1787 5321 1855 5370; x_wconf 90' lang='lat' dir='ltr'><strong>c.,</strong></span> <span class='ocrx_word' id='word_1_689' title='bbox 1876 5322 1925 5372; x_wconf 91' lang='lat' dir='ltr'><strong>p.</strong></span> <span class='ocrx_word' id='word_1_690' title='bbox 1951 5307 2032 5359; x_wconf 81' lang='lat'><em>66.</em></span> <span class='ocrx_word' id='word_1_691' title='bbox 2061 5309 2120 5359; x_wconf 79' lang='lat' dir='ltr'><strong>in</strong></span> <span class='ocrx_word' id='word_1_692' title='bbox 2145 5311 2260 5359; x_wconf 84' lang='lat' dir='ltr'><strong>Gen.</strong></span> <span class='ocrx_word' id='word_1_693' title='bbox 2289 5320 2459 5366; x_wconf 77' lang='lat' dir='ltr'><strong>xxxvi,</strong></span> <span class='ocrx_word' id='word_1_694' title='bbox 2485 5306 2563 5355; x_wconf 65' lang='grc'><strong>24.</strong></span> 
     </span>
    </p>
   </div>
   <div class='ocr_carea' id='block_1_109' title="bbox 450 5409 1956 5487">
    <p class='ocr_par' dir='ltr' id='par_1_109' title="bbox 450 5409 1956 5487">
     <span class='ocr_line' id='line_1_110' title="bbox 450 5409 1956 5487; baseline 0.005 -22"><span class='ocrx_word' id='word_1_695' title='bbox 450 5409 680 5483; x_wconf 85' lang='lat' dir='ltr'><strong>Syriaca</strong></span> <span class='ocrx_word' id='word_1_696' title='bbox 708 5425 815 5466; x_wconf 80' lang='lat' dir='ltr'><strong>vox</strong></span> <span class='ocrx_word' id='word_1_697' title='bbox 849 5409 1052 5479; x_wconf 81' lang='lat' dir='ltr'><strong>lamin,</strong></span> <span class='ocrx_word' id='word_1_698' title='bbox 1100 5412 1209 5479; x_wconf 88' lang='lat' dir='ltr'><strong>vel,</strong></span> <span class='ocrx_word' id='word_1_699' title='bbox 1240 5422 1300 5469; x_wconf 89' lang='lat' dir='ltr'><strong>ut</strong></span> <span class='ocrx_word' id='word_1_700' title='bbox 1344 5415 1538 5487; x_wconf 82' lang='lat' dir='ltr'><strong>aliqui,</strong></span> <span class='ocrx_word' id='word_1_701' title='bbox 1568 5414 1797 5481; x_wconf 84' lang='lat' dir='ltr'><strong>Elmein,</strong></span> <span class='ocrx_word' id='word_1_702' title='bbox 1830 5416 1956 5482; x_wconf 48' lang='lat' dir='ltr'><strong>fon:</strong></span> 
     </span>
    </p>
   </div>
   <div class='ocr_carea' id='block_1_110' title="bbox 373 5504 1955 5580">
    <p class='ocr_par' dir='ltr' id='par_1_110' title="bbox 373 5504 1955 5580">
     <span class='ocr_line' id='line_1_111' title="bbox 373 5504 1955 5580; baseline 0.003 -18"><span class='ocrx_word' id='word_1_703' title='bbox 373 5512 485 5562; x_wconf 85' lang='lat' dir='ltr'><strong>tem</strong></span> <span class='ocrx_word' id='word_1_704' title='bbox 525 5504 877 5572; x_wconf 86' lang='lat' dir='ltr'><strong>deuominat;</strong></span> <span class='ocrx_word' id='word_1_705' title='bbox 933 5504 1112 5563; x_wconf 84' lang='lat' dir='ltr'><strong>fontes</strong></span> <span class='ocrx_word' id='word_1_706' title='bbox 1164 5522 1297 5563; x_wconf 89' lang='lat' dir='ltr'><strong>vero</strong></span> <span class='ocrx_word' id='word_1_707' title='bbox 1345 5517 1402 5564; x_wconf 92' lang='lat' dir='ltr'><strong>et</strong></span> <span class='ocrx_word' id='word_1_708' title='bbox 1450 5510 1600 5580; x_wconf 91' lang='lat' dir='ltr'><strong>putei</strong></span> <span class='ocrx_word' id='word_1_709' title='bbox 1649 5509 1955 5567; x_wconf 79' lang='lat' dir='ltr'><strong>desiderata</strong></span> 
     </span>
    </p>
   </div>
   <div class='ocr_carea' id='block_1_111' title="bbox 2147 5411 3647 5489">
    <p class='ocr_par' dir='ltr' id='par_1_111' title="bbox 2147 5411 3647 5489">
     <span class='ocr_line' id='line_1_112' title="bbox 2147 5411 3647 5489; baseline -0.003 -19"><span class='ocrx_word' id='word_1_710' title='bbox 2147 5416 2212 5470; x_wconf 86' lang='grc' dir='ltr'><strong><em>Ἦ</em></strong></span> <span class='ocrx_word' id='word_1_711' title='bbox 2229 5416 2374 5489; x_wconf 89' lang='grc' dir='ltr'>Σύρα</span> <span class='ocrx_word' id='word_1_712' title='bbox 2409 5415 2560 5487; x_wconf 80' lang='grc' dir='ltr'>φωνὴ</span> <span class='ocrx_word' id='word_1_713' title='bbox 2593 5412 2686 5469; x_wconf 82' lang='grc' dir='ltr'><strong>τὸν</strong></span> <span class='ocrx_word' id='word_1_714' title='bbox 2726 5412 2906 5485; x_wconf 81' lang='grc' dir='ltr'>’Ῑαμίν</span> <span class='ocrx_word' id='word_1_715' title='bbox 2934 5414 2967 5485; x_wconf 81' lang='grc' dir='ltr'>ἣ</span> <span class='ocrx_word' id='word_1_716' title='bbox 2997 5413 3073 5478; x_wconf 86' lang='grc' dir='ltr'>ὡς</span> <span class='ocrx_word' id='word_1_717' title='bbox 3094 5412 3226 5467; x_wconf 73' lang='grc' dir='ltr'>ἔνιοι</span> <span class='ocrx_word' id='word_1_718' title='bbox 3264 5411 3355 5466; x_wconf 69' lang='grc' dir='ltr'>τὸν</span> <span class='ocrx_word' id='word_1_719' title='bbox 3392 5412 3647 5483; x_wconf 67' lang='grc' dir='ltr'>Ἐλμετνν</span> 
     </span>
    </p>
   </div>
   <div class='ocr_carea' id='block_1_112' title="bbox 2070 5505 3649 5580">
    <p class='ocr_par' dir='ltr' id='par_1_112' title="bbox 2070 5505 3649 5580">
     <span class='ocr_line' id='line_1_113' title="bbox 2070 5505 3649 5580; baseline -0.003 -17"><span class='ocrx_word' id='word_1_720' title='bbox 2070 5510 2253 5580; x_wconf 80' lang='grc' dir='ltr'>πηγὴν</span> <span class='ocrx_word' id='word_1_721' title='bbox 2280 5508 2456 5563; x_wconf 82' lang='grc' dir='ltr'>ἐθέλει</span> <span class='ocrx_word' id='word_1_722' title='bbox 2487 5507 2701 5563; x_wconf 77' lang='grc' dir='ltr'>καλεῖν·</span> <span class='ocrx_word' id='word_1_723' title='bbox 2732 5509 2787 5561; x_wconf 81' lang='lat' dir='ltr'><strong>al</strong></span> <span class='ocrx_word' id='word_1_724' title='bbox 2818 5507 2992 5577; x_wconf 73' lang='grc' dir='ltr'>πηγαὶ</span> <span class='ocrx_word' id='word_1_725' title='bbox 3020 5506 3077 5560; x_wconf 81' lang='grc' dir='ltr'><strong>δὲ</strong></span> <span class='ocrx_word' id='word_1_726' title='bbox 3110 5506 3204 5561; x_wconf 82' lang='grc' dir='ltr'>καὶ</span> <span class='ocrx_word' id='word_1_727' title='bbox 3223 5505 3292 5559; x_wconf 78' lang='grc' dir='ltr'>τὰ</span> <span class='ocrx_word' id='word_1_728' title='bbox 3318 5505 3532 5575; x_wconf 82' lang='grc' dir='ltr'>φρέατα</span> <span class='ocrx_word' id='word_1_729' title='bbox 3554 5521 3649 5559; x_wconf 80' lang='grc' dir='ltr'>πε-</span> 
     </span>
    </p>
   </div>
   <div class='ocr_carea' id='block_1_113' title="bbox 377 5595 1940 5671">
    <p class='ocr_par' dir='ltr' id='par_1_113' title="bbox 377 5597 1937 5669">
     <span class='ocr_line' id='line_1_114' title="bbox 377 5597 1937 5669; baseline 0.004 -20"><span class='ocrx_word' id='word_1_730' title='bbox 377 5603 537 5650; x_wconf 88' lang='lat' dir='ltr'><strong>erant</strong></span> <span class='ocrx_word' id='word_1_731' title='bbox 574 5611 662 5653; x_wconf 84' lang='lat' dir='ltr'><strong>res</strong></span> <span class='ocrx_word' id='word_1_732' title='bbox 702 5597 773 5653; x_wconf 91' lang='lat' dir='ltr'><strong>iis</strong></span> <span class='ocrx_word' id='word_1_733' title='bbox 807 5597 901 5669; x_wconf 88' lang='lat' dir='ltr'><strong>qui</strong></span> <span class='ocrx_word' id='word_1_734' title='bbox 953 5613 1020 5654; x_wconf 81' lang='lat' dir='ltr'><strong>ex</strong></span> <span class='ocrx_word' id='word_1_735' title='bbox 1070 5599 1382 5667; x_wconf 81' lang='lat' dir='ltr'><strong>Abraham;</strong></span> <span class='ocrx_word' id='word_1_736' title='bbox 1414 5616 1537 5656; x_wconf 86' lang='lat' dir='ltr'><strong>cum</strong></span> <span class='ocrx_word' id='word_1_737' title='bbox 1586 5600 1735 5656; x_wconf 88' lang='lat' dir='ltr'><strong>enim</strong></span> <span class='ocrx_word' id='word_1_738' title='bbox 1779 5617 1937 5657; x_wconf 87' lang='lat' dir='ltr'><strong>essen</strong></span> 
     </span>
    </p>
   </div>
   <div class='ocr_carea' id='block_1_114' title="bbox 2071 5595 3649 5671">
    <p class='ocr_par' dir='ltr' id='par_1_114' title="bbox 2075 5595 3649 5671">
     <span class='ocr_line' id='line_1_115' title="bbox 2075 5595 3649 5671; baseline -0.003 -19"><span class='ocrx_word' id='word_1_739' title='bbox 2075 5599 2461 5671; x_wconf 76' lang='grc' dir='ltr'>ρισπούδαστον</span> <span class='ocrx_word' id='word_1_740' title='bbox 2493 5598 2706 5670; x_wconf 78' lang='grc' dir='ltr'>ὑπῆρχε</span> <span class='ocrx_word' id='word_1_741' title='bbox 2734 5599 2925 5669; x_wconf 79' lang='grc' dir='ltr'>χρῆμα</span> <span class='ocrx_word' id='word_1_742' title='bbox 2955 5598 3067 5660; x_wconf 82' lang='grc' dir='ltr'>τοῖς</span> <span class='ocrx_word' id='word_1_743' title='bbox 3104 5595 3163 5662; x_wconf 85' lang='grc' dir='ltr'><strong>ἐξ</strong></span> <span class='ocrx_word' id='word_1_744' title='bbox 3199 5595 3454 5667; x_wconf 79' lang='grc' dir='ltr'>’Δὸραάμ</span> <span class='ocrx_word' id='word_1_745' title='bbox 3479 5612 3494 5626; x_wconf 74' lang='grc' dir='ltr'><strong>ο</strong></span> <span class='ocrx_word' id='word_1_746' title='bbox 3532 5611 3649 5649; x_wconf 63' lang='grc' dir='ltr'>πει-</span> 
     </span>
    </p>
   </div>
   <div class='ocr_carea' id='block_1_115' title="bbox 380 5692 1960 5764">
    <p class='ocr_par' dir='ltr' id='par_1_115' title="bbox 380 5692 1960 5764">
     <span class='ocr_line' id='line_1_116' title="bbox 380 5692 1960 5764; baseline 0.002 -19"><span class='ocrx_word' id='word_1_747' title='bbox 380 5695 632 5759; x_wconf 84' lang='lat' dir='ltr'><strong>pastores</strong></span> <span class='ocrx_word' id='word_1_748' title='bbox 653 5700 708 5749; x_wconf 86' lang='lat' dir='ltr'><strong>et</strong></span> <span class='ocrx_word' id='word_1_749' title='bbox 729 5692 1099 5751; x_wconf 83' lang='lat' dir='ltr'><strong>substantiam</strong></span> <span class='ocrx_word' id='word_1_750' title='bbox 1131 5700 1299 5752; x_wconf 86' lang='lat' dir='ltr'><strong>totam</strong></span> <span class='ocrx_word' id='word_1_751' title='bbox 1338 5692 1443 5751; x_wconf 84' lang='lat' dir='ltr'><strong>sibi</strong></span> <span class='ocrx_word' id='word_1_752' title='bbox 1479 5702 1862 5764; x_wconf 85' lang='lat' dir='ltr'><strong>compararent</strong></span> <span class='ocrx_word' id='word_1_753' title='bbox 1891 5706 1960 5751; x_wconf 73' lang='lat' dir='ltr'><strong>ex</strong></span> 
     </span>
    </p>
   </div>
   <div class='ocr_carea' id='block_1_116' title="bbox 2079 5687 3653 5764">
    <p class='ocr_par' dir='ltr' id='par_1_116' title="bbox 2079 5687 3653 5764">
     <span class='ocr_line' id='line_1_117' title="bbox 2079 5687 3653 5764; baseline -0.002 -19"><span class='ocrx_word' id='word_1_754' title='bbox 2079 5692 2237 5762; x_wconf 83' lang='grc' dir='ltr'>μένες</span> <span class='ocrx_word' id='word_1_755' title='bbox 2264 5692 2372 5764; x_wconf 84' lang='grc' dir='ltr'>γὰρ</span> <span class='ocrx_word' id='word_1_756' title='bbox 2399 5690 2552 5757; x_wconf 74' lang='grc' dir='ltr'>ὄντες</span> <span class='ocrx_word' id='word_1_757' title='bbox 2582 5692 2676 5749; x_wconf 69' lang='grc' dir='ltr'>καὶ</span> <span class='ocrx_word' id='word_1_758' title='bbox 2702 5691 2794 5746; x_wconf 77' lang='grc' dir='ltr'>τὸν</span> <span class='ocrx_word' id='word_1_759' title='bbox 2819 5691 2931 5762; x_wconf 88' lang='grc' dir='ltr'>βίον</span> <span class='ocrx_word' id='word_1_760' title='bbox 2960 5690 3078 5747; x_wconf 83' lang='grc' dir='ltr'>ὅλον</span> <span class='ocrx_word' id='word_1_761' title='bbox 3123 5687 3437 5760; x_wconf 77' lang='grc' dir='ltr'>ποιούμενοι</span> <span class='ocrx_word' id='word_1_762' title='bbox 3464 5690 3529 5745; x_wconf 83' lang='grc' dir='ltr'><strong>ἐκ</strong></span> <span class='ocrx_word' id='word_1_763' title='bbox 3550 5687 3653 5760; x_wconf 80' lang='grc' dir='ltr'>τῆς</span> 
     </span>
    </p>
   </div>
  </div>
