  <div class='ocr_page' id='page_1' title='image "/cluster/home/n/w/nwhite01/storage/ocr_20150623/101 pt.1/mdp.39015061955830/224.png"; bbox 0 0 3820 6212; ppageno 0'>
   <div class='ocr_carea' id='block_1_1' title="bbox 164 254 2419 339">
    <p class='ocr_par' dir='ltr' id='par_1_1' title="bbox 164 254 2419 339">
     <span class='ocr_line' id='line_1_1' title="bbox 164 254 2419 339; baseline 0.002 -12"><span class='ocrx_word' id='word_1_1' title='bbox 164 254 254 336; x_wconf 74' lang='grc'><strong>405</strong></span> <span class='ocrx_word' id='word_1_2' title='bbox 924 265 1025 325; x_wconf 85' lang='lat' dir='ltr'><strong>AD</strong></span> <span class='ocrx_word' id='word_1_3' title='bbox 1057 264 1654 330; x_wconf 81' lang='lat' dir='ltr'><strong>AMPHILOCHIUM</strong></span> <span class='ocrx_word' id='word_1_4' title='bbox 1687 264 2035 339; x_wconf 63' lang='lat' dir='ltr'><strong>QUIESTIO</strong></span> <span class='ocrx_word' id='word_1_5' title='bbox 2073 267 2419 332; x_wconf 73' lang='lat' dir='ltr'><strong>LVII-Lle</strong></span> 
     </span>
    </p>
   </div>
   <div class='ocr_carea' id='block_1_2' title="bbox 3285 275 3391 342">
    <p class='ocr_par' dir='ltr' id='par_1_2' title="bbox 3285 275 3391 342">
     <span class='ocr_line' id='line_1_2' title="bbox 3285 275 3391 342; baseline 0 0"><span class='ocrx_word' id='word_1_6' title='bbox 3285 275 3391 342; x_wconf 71' lang='lat'><strong>406</strong></span> 
     </span>
    </p>
   </div>
   <div class='ocr_carea' id='block_1_3' title="bbox 160 381 1713 461">
    <p class='ocr_par' dir='ltr' id='par_1_3' title="bbox 160 381 1698 457">
     <span class='ocr_line' id='line_1_3' title="bbox 160 381 1698 457; baseline -0.003 -13"><span class='ocrx_word' id='word_1_7' title='bbox 160 390 256 444; x_wconf 78' lang='grc' dir='ltr'>τῶν</span> <span class='ocrx_word' id='word_1_8' title='bbox 280 382 549 457; x_wconf 74' lang='grc' dir='ltr'>προϐάτων</span> <span class='ocrx_word' id='word_1_9' title='bbox 580 381 985 453; x_wconf 83' lang='grc' dir='ltr'>πολυπληθείας</span> <span class='ocrx_word' id='word_1_10' title='bbox 1011 400 1069 437; x_wconf 88' lang='grc' dir='ltr'><strong>τε</strong></span> <span class='ocrx_word' id='word_1_11' title='bbox 1096 386 1193 438; x_wconf 73' lang='grc' dir='ltr'>καὶ</span> <span class='ocrx_word' id='word_1_12' title='bbox 1222 383 1498 454; x_wconf 68' lang='grc' dir='ltr'>εὐθηνίας,</span> <span class='ocrx_word' id='word_1_13' title='bbox 1528 384 1698 439; x_wconf 71' lang='grc' dir='ltr'>πολὺν</span> 
     </span>
    </p>
   </div>
   <div class='ocr_carea' id='block_1_4' title="bbox 1816 381 3392 461">
    <p class='ocr_par' dir='ltr' id='par_1_4' title="bbox 1816 384 3392 461">
     <span class='ocr_line' id='line_1_4' title="bbox 1816 384 3392 461; baseline 0.004 -21"><span class='ocrx_word' id='word_1_14' title='bbox 1816 384 1987 440; x_wconf 68' lang='lat' dir='ltr'><strong>Jvium</strong></span> <span class='ocrx_word' id='word_1_15' title='bbox 2034 399 2234 455; x_wconf 87' lang='lat' dir='ltr'><strong>magno</strong></span> <span class='ocrx_word' id='word_1_16' title='bbox 2286 398 2515 439; x_wconf 87' lang='lat' dir='ltr'><strong>numero</strong></span> <span class='ocrx_word' id='word_1_17' title='bbox 2562 392 2616 440; x_wconf 86' lang='lat' dir='ltr'><strong>et</strong></span> <span class='ocrx_word' id='word_1_18' title='bbox 2647 388 3034 458; x_wconf 72' lang='lat' dir='ltr'><strong>prosperitate,</strong></span> <span class='ocrx_word' id='word_1_19' title='bbox 3090 391 3272 461; x_wconf 88' lang='lat' dir='ltr'><strong>magni</strong></span> <span class='ocrx_word' id='word_1_20' title='bbox 3312 391 3392 448; x_wconf 89' lang='lat' dir='ltr'><strong>fa-</strong></span> 
     </span>
    </p>
   </div>
   <div class='ocr_carea' id='block_1_5' title="bbox 160 471 1704 549">
    <p class='ocr_par' dir='ltr' id='par_1_5' title="bbox 160 471 1704 549">
     <span class='ocr_line' id='line_1_5' title="bbox 160 471 1704 549; baseline -0.001 -16"><span class='ocrx_word' id='word_1_21' title='bbox 160 480 296 547; x_wconf 84' lang='grc' dir='ltr'>λόγον</span> <span class='ocrx_word' id='word_1_22' title='bbox 319 471 458 546; x_wconf 76' lang='grc' dir='ltr'>εἶχον</span> <span class='ocrx_word' id='word_1_23' title='bbox 480 473 584 528; x_wconf 80' lang='grc' dir='ltr'>τῶν</span> <span class='ocrx_word' id='word_1_24' title='bbox 611 476 805 545; x_wconf 84' lang='grc' dir='ltr'>πηγῶν</span> <span class='ocrx_word' id='word_1_25' title='bbox 827 475 919 528; x_wconf 71' lang='grc' dir='ltr'><strong>καὶ</strong></span> <span class='ocrx_word' id='word_1_26' title='bbox 941 475 1191 547; x_wconf 83' lang='grc' dir='ltr'>φρεάτων</span> <span class='ocrx_word' id='word_1_27' title='bbox 1217 493 1231 506; x_wconf 92' lang='grc'><strong>·</strong></span> <span class='ocrx_word' id='word_1_28' title='bbox 1260 475 1355 530; x_wconf 73' lang='grc' dir='ltr'>ἅτε</span> <span class='ocrx_word' id='word_1_29' title='bbox 1377 477 1439 547; x_wconf 84' lang='grc' dir='ltr'>δὴ</span> <span class='ocrx_word' id='word_1_30' title='bbox 1464 479 1564 549; x_wconf 80' lang='grc' dir='ltr'><strong>τῆς</strong></span> <span class='ocrx_word' id='word_1_31' title='bbox 1581 494 1704 549; x_wconf 86' lang='grc' dir='ltr'>τρο-</span> 
     </span>
    </p>
   </div>
   <div class='ocr_carea' id='block_1_6' title="bbox 160 564 1703 641">
    <p class='ocr_par' dir='ltr' id='par_1_6' title="bbox 160 564 1703 641">
     <span class='ocr_line' id='line_1_6' title="bbox 160 564 1703 641; baseline 0.001 -20"><span class='ocrx_word' id='word_1_32' title='bbox 160 570 255 641; x_wconf 79' lang='grc' dir='ltr'>φῆς</span> <span class='ocrx_word' id='word_1_33' title='bbox 280 568 336 621; x_wconf 81' lang='grc' dir='ltr'><strong>ού</strong></span> <span class='ocrx_word' id='word_1_34' title='bbox 359 565 487 619; x_wconf 80' lang='grc' dir='ltr'>πολὺ</span> <span class='ocrx_word' id='word_1_35' title='bbox 512 564 733 620; x_wconf 78' lang='grc' dir='ltr'>ἔλαττον</span> <span class='ocrx_word' id='word_1_36' title='bbox 758 566 879 620; x_wconf 83' lang='grc' dir='ltr'>οὐδὲ</span> <span class='ocrx_word' id='word_1_37' title='bbox 909 565 1004 619; x_wconf 84' lang='grc' dir='ltr'>τοῦ</span> <span class='ocrx_word' id='word_1_38' title='bbox 1041 567 1287 637; x_wconf 77' lang='grc' dir='ltr'><strong>πόματος</strong></span> <span class='ocrx_word' id='word_1_39' title='bbox 1316 569 1703 623; x_wconf 88' lang='grc' dir='ltr'>καταπιαίνον-</span> 
     </span>
    </p>
   </div>
   <div class='ocr_carea' id='block_1_7' title="bbox 158 657 1691 729">
    <p class='ocr_par' dir='ltr' id='par_1_7' title="bbox 158 657 1691 729">
     <span class='ocr_line' id='line_1_7' title="bbox 158 657 1691 729; baseline -0.001 -14"><span class='ocrx_word' id='word_1_40' title='bbox 158 677 239 723; x_wconf 83' lang='grc' dir='ltr'><strong>τος</strong></span> <span class='ocrx_word' id='word_1_41' title='bbox 264 659 349 713; x_wconf 75' lang='grc' dir='ltr'>καὶ</span> <span class='ocrx_word' id='word_1_42' title='bbox 374 657 697 722; x_wconf 72' lang='grc' dir='ltr'><strong>διατιθέντος</strong></span> <span class='ocrx_word' id='word_1_43' title='bbox 752 659 847 712; x_wconf 76' lang='grc' dir='ltr'>ἐπὶ</span> <span class='ocrx_word' id='word_1_44' title='bbox 879 657 940 710; x_wconf 82' lang='grc' dir='ltr'><strong>τὸ</strong></span> <span class='ocrx_word' id='word_1_45' title='bbox 987 658 1211 729; x_wconf 82' lang='grc' dir='ltr'>ἄμεινον</span> <span class='ocrx_word' id='word_1_46' title='bbox 1249 657 1317 711; x_wconf 76' lang='grc' dir='ltr'><strong>τά</strong></span> <span class='ocrx_word' id='word_1_47' title='bbox 1346 658 1691 727; x_wconf 82' lang='grc' dir='ltr'><strong>βοσκήματα.</strong></span> 
     </span>
    </p>
   </div>
   <div class='ocr_carea' id='block_1_8' title="bbox 156 748 1704 822">
    <p class='ocr_par' dir='ltr' id='par_1_8' title="bbox 156 748 1704 822">
     <span class='ocr_line' id='line_1_8' title="bbox 156 748 1704 822; baseline -0.004 -15"><span class='ocrx_word' id='word_1_48' title='bbox 156 753 295 808; x_wconf 74' lang='grc' dir='ltr'>Οὕτω</span> <span class='ocrx_word' id='word_1_49' title='bbox 315 751 373 822; x_wconf 81' lang='grc' dir='ltr'>δὴ</span> <span class='ocrx_word' id='word_1_50' title='bbox 406 749 650 818; x_wconf 87' lang='grc' dir='ltr'>φαίνεται</span> <span class='ocrx_word' id='word_1_51' title='bbox 681 750 776 804; x_wconf 71' lang='grc' dir='ltr'><strong>καὶ</strong></span> <span class='ocrx_word' id='word_1_52' title='bbox 803 752 831 804; x_wconf 91' lang='lat'><strong>6</strong></span> <span class='ocrx_word' id='word_1_53' title='bbox 872 750 1125 822; x_wconf 78' lang='grc' dir='ltr'>Ἀϐραάμ</span> <span class='ocrx_word' id='word_1_54' title='bbox 1157 750 1252 803; x_wconf 70' lang='grc' dir='ltr'><strong>καὶ</strong></span> <span class='ocrx_word' id='word_1_55' title='bbox 1269 750 1435 821; x_wconf 79' lang='grc' dir='ltr'>ἄλλης</span> <span class='ocrx_word' id='word_1_56' title='bbox 1464 748 1704 803; x_wconf 46' lang='grc' dir='ltr'>ἀπολαύε-</span> 
     </span>
    </p>
   </div>
   <div class='ocr_carea' id='block_1_9' title="bbox 156 841 1699 914">
    <p class='ocr_par' dir='ltr' id='par_1_9' title="bbox 156 841 1699 914">
     <span class='ocr_line' id='line_1_9' title="bbox 156 841 1699 914; baseline -0.003 -15"><span class='ocrx_word' id='word_1_57' title='bbox 156 863 239 908; x_wconf 86' lang='grc' dir='ltr'><strong>σας</strong></span> <span class='ocrx_word' id='word_1_58' title='bbox 263 843 405 914; x_wconf 76' lang='grc' dir='ltr'>παρὰ</span> <span class='ocrx_word' id='word_1_59' title='bbox 431 842 524 895; x_wconf 81' lang='grc' dir='ltr'>τοῦ</span> <span class='ocrx_word' id='word_1_60' title='bbox 571 843 862 914; x_wconf 77' lang='grc' dir='ltr'>’Δὸιμέλεχ</span> <span class='ocrx_word' id='word_1_61' title='bbox 887 842 1205 914; x_wconf 75' lang='grc' dir='ltr'><strong>θεραπείας,</strong></span> <span class='ocrx_word' id='word_1_62' title='bbox 1242 843 1341 895; x_wconf 81' lang='grc' dir='ltr'><strong>οὐκ</strong></span> <span class='ocrx_word' id='word_1_63' title='bbox 1374 841 1699 911; x_wconf 88' lang='grc' dir='ltr'>ἀγνωμοσύ-</span> 
     </span>
    </p>
   </div>
   <div class='ocr_carea' id='block_1_10' title="bbox 153 921 1703 1007">
    <p class='ocr_par' dir='ltr' id='par_1_10' title="bbox 153 921 1703 1007">
     <span class='ocr_line' id='line_1_10' title="bbox 153 921 1703 1007; baseline -0.003 -18"><span class='ocrx_word' id='word_1_64' title='bbox 153 956 237 1007; x_wconf 86' lang='grc' dir='ltr'><strong>νην</strong></span> <span class='ocrx_word' id='word_1_65' title='bbox 286 921 565 1006; x_wconf 69' lang='grc' dir='ltr'>ἡγούμενος</span> <span class='ocrx_word' id='word_1_66' title='bbox 617 933 913 1004; x_wconf 75' lang='grc' dir='ltr'><strong>διελέγχειν</strong></span> <span class='ocrx_word' id='word_1_67' title='bbox 964 934 1125 988; x_wconf 76' lang='grc' dir='ltr'>αὑτὸν</span> <span class='ocrx_word' id='word_1_68' title='bbox 1165 935 1293 1005; x_wconf 71' lang='grc' dir='ltr'>περὶ</span> <span class='ocrx_word' id='word_1_69' title='bbox 1336 933 1436 1003; x_wconf 84' lang='grc' dir='ltr'>τῆς</span> <span class='ocrx_word' id='word_1_70' title='bbox 1469 932 1703 1005; x_wconf 82' lang='grc' dir='ltr'>ἀφαιρέ-</span> 
     </span>
    </p>
   </div>
   <div class='ocr_carea' id='block_1_11' title="bbox 153 1018 1701 1094">
    <p class='ocr_par' dir='ltr' id='par_1_11' title="bbox 153 1018 1701 1094">
     <span class='ocr_line' id='line_1_11' title="bbox 153 1018 1701 1094; baseline -0.003 -14"><span class='ocrx_word' id='word_1_71' title='bbox 153 1043 274 1088; x_wconf 85' lang='grc' dir='ltr'>σεως</span> <span class='ocrx_word' id='word_1_72' title='bbox 309 1018 379 1078; x_wconf 83' lang='grc' dir='ltr'>ὧν</span> <span class='ocrx_word' id='word_1_73' title='bbox 420 1023 582 1087; x_wconf 73' lang='grc' dir='ltr'>αὐτὸς</span> <span class='ocrx_word' id='word_1_74' title='bbox 630 1023 947 1093; x_wconf 79' lang='grc' dir='ltr'>ἀνωρύξατο</span> <span class='ocrx_word' id='word_1_75' title='bbox 1005 1025 1259 1094; x_wconf 85' lang='grc' dir='ltr'>φρεάτων</span> <span class='ocrx_word' id='word_1_76' title='bbox 1284 1040 1301 1057; x_wconf 76' lang='grc' dir='ltr'><strong><em>ο</em></strong></span> <span class='ocrx_word' id='word_1_77' title='bbox 1336 1024 1444 1077; x_wconf 79' lang='grc' dir='ltr'>οὐδ’</span> <span class='ocrx_word' id='word_1_78' title='bbox 1491 1025 1701 1088; x_wconf 78' lang='grc' dir='ltr'>ἐκεῖνος</span> 
     </span>
    </p>
   </div>
   <div class='ocr_carea' id='block_1_12' title="bbox 149 1113 1701 1188">
    <p class='ocr_par' dir='ltr' id='par_1_12' title="bbox 149 1113 1701 1188">
     <span class='ocr_line' id='line_1_12' title="bbox 149 1113 1701 1188; baseline -0.003 -16"><span class='ocrx_word' id='word_1_79' title='bbox 149 1119 229 1172; x_wconf 79' lang='grc' dir='ltr'>τὸν</span> <span class='ocrx_word' id='word_1_80' title='bbox 254 1117 461 1185; x_wconf 72' lang='grc' dir='ltr'>ἔλεγχον</span> <span class='ocrx_word' id='word_1_81' title='bbox 493 1114 822 1187; x_wconf 76' lang='grc' dir='ltr'>μυκτηρίξει</span> <span class='ocrx_word' id='word_1_82' title='bbox 846 1132 859 1146; x_wconf 92' lang='grc'>·</span> <span class='ocrx_word' id='word_1_83' title='bbox 884 1117 1099 1185; x_wconf 83' lang='grc' dir='ltr'>ἀγνοεῖν</span> <span class='ocrx_word' id='word_1_84' title='bbox 1120 1116 1176 1169; x_wconf 82' lang='grc' dir='ltr'>δὲ</span> <span class='ocrx_word' id='word_1_85' title='bbox 1202 1115 1302 1188; x_wconf 85' lang='grc' dir='ltr'>τὴν</span> <span class='ocrx_word' id='word_1_86' title='bbox 1323 1113 1525 1187; x_wconf 78' lang='grc' dir='ltr'>πρᾶξιν</span> <span class='ocrx_word' id='word_1_87' title='bbox 1552 1116 1701 1184; x_wconf 80' lang='grc' dir='ltr'><strong>παρά</strong></span> 
     </span>
    </p>
   </div>
   <div class='ocr_carea' id='block_1_13' title="bbox 147 1207 1702 1280">
    <p class='ocr_par' dir='ltr' id='par_1_13' title="bbox 147 1207 1702 1280">
     <span class='ocr_line' id='line_1_13' title="bbox 147 1207 1702 1280; baseline -0.003 -16"><span class='ocrx_word' id='word_1_88' title='bbox 147 1211 240 1265; x_wconf 83' lang='grc' dir='ltr'><strong>τῶν</strong></span> <span class='ocrx_word' id='word_1_89' title='bbox 266 1208 421 1263; x_wconf 80' lang='grc' dir='ltr'>αὐτοῦ</span> <span class='ocrx_word' id='word_1_90' title='bbox 452 1207 802 1279; x_wconf 87' lang='grc' dir='ltr'>θεραπόντων</span> <span class='ocrx_word' id='word_1_91' title='bbox 836 1208 1205 1280; x_wconf 86' lang='grc' dir='ltr'>τολμηθεῖσαν</span> <span class='ocrx_word' id='word_1_92' title='bbox 1232 1208 1586 1277; x_wconf 75' lang='grc' dir='ltr'>ὑποκρίνεται</span> <span class='ocrx_word' id='word_1_93' title='bbox 1607 1208 1702 1259; x_wconf 68' lang='grc' dir='ltr'><strong>καὶ</strong></span> 
     </span>
    </p>
   </div>
   <div class='ocr_carea' id='block_1_14' title="bbox 148 1296 1701 1370">
    <p class='ocr_par' dir='ltr' id='par_1_14' title="bbox 148 1296 1701 1370">
     <span class='ocr_line' id='line_1_14' title="bbox 148 1296 1701 1370; baseline -0.003 -15"><span class='ocrx_word' id='word_1_94' title='bbox 148 1299 460 1362; x_wconf 73' lang='grc' dir='ltr'>σπουδάζειό</span> <span class='ocrx_word' id='word_1_95' title='bbox 501 1299 756 1370; x_wconf 79' lang='grc' dir='ltr'>’Λϐραάμ</span> <span class='ocrx_word' id='word_1_96' title='bbox 808 1300 895 1353; x_wconf 73' lang='grc' dir='ltr'>διὰ</span> <span class='ocrx_word' id='word_1_97' title='bbox 943 1299 1053 1353; x_wconf 86' lang='grc' dir='ltr'><strong>τῶν</strong></span> <span class='ocrx_word' id='word_1_98' title='bbox 1111 1298 1254 1353; x_wconf 85' lang='grc' dir='ltr'><strong>έπτά</strong></span> <span class='ocrx_word' id='word_1_99' title='bbox 1303 1298 1560 1369; x_wconf 83' lang='grc' dir='ltr'>ἀμνάδων</span> <span class='ocrx_word' id='word_1_100' title='bbox 1600 1296 1701 1367; x_wconf 76' lang='grc' dir='ltr'><strong>τὴν</strong></span> 
     </span>
    </p>
   </div>
   <div class='ocr_carea' id='block_1_15' title="bbox 144 1390 1699 1462">
    <p class='ocr_par' dir='ltr' id='par_1_15' title="bbox 144 1390 1699 1462">
     <span class='ocr_line' id='line_1_15' title="bbox 144 1390 1699 1462; baseline -0.003 -16"><span class='ocrx_word' id='word_1_101' title='bbox 144 1391 226 1447; x_wconf 81' lang='grc' dir='ltr'>τοῦ</span> <span class='ocrx_word' id='word_1_102' title='bbox 268 1390 550 1460; x_wconf 76' lang='grc' dir='ltr'>Ἀύιμέλεχ</span> <span class='ocrx_word' id='word_1_103' title='bbox 579 1390 870 1461; x_wconf 75' lang='grc' dir='ltr'>ὁμολογίαν</span> <span class='ocrx_word' id='word_1_104' title='bbox 901 1390 977 1455; x_wconf 83' lang='grc' dir='ltr'>ὡς</span> <span class='ocrx_word' id='word_1_105' title='bbox 1008 1391 1094 1461; x_wconf 77' lang='grc' dir='ltr'><strong>εἴη</strong></span> <span class='ocrx_word' id='word_1_106' title='bbox 1127 1392 1189 1443; x_wconf 74' lang='grc' dir='ltr'>τὸ</span> <span class='ocrx_word' id='word_1_107' title='bbox 1220 1392 1396 1462; x_wconf 85' lang='grc' dir='ltr'>φρέαρ</span> <span class='ocrx_word' id='word_1_108' title='bbox 1422 1390 1582 1460; x_wconf 74' lang='grc' dir='ltr'>ἔργον</span> <span class='ocrx_word' id='word_1_109' title='bbox 1605 1391 1699 1443; x_wconf 75' lang='grc' dir='ltr'>καὶ</span> 
     </span>
    </p>
   </div>
   <div class='ocr_carea' id='block_1_16' title="bbox 144 1480 1702 1551">
    <p class='ocr_par' dir='ltr' id='par_1_16' title="bbox 144 1480 1702 1551">
     <span class='ocr_line' id='line_1_16' title="bbox 144 1480 1702 1551; baseline -0.004 -15"><span class='ocrx_word' id='word_1_110' title='bbox 144 1484 283 1544; x_wconf 68' lang='grc' dir='ltr'>πόνος</span> <span class='ocrx_word' id='word_1_111' title='bbox 298 1481 385 1534; x_wconf 82' lang='grc' dir='ltr'>τοῦ</span> <span class='ocrx_word' id='word_1_112' title='bbox 414 1480 668 1550; x_wconf 75' lang='grc' dir='ltr'>Ἀϐραάμ</span> <span class='ocrx_word' id='word_1_113' title='bbox 692 1480 1095 1550; x_wconf 76' lang='grc' dir='ltr'>βεὸαιώσασθαι</span> <span class='ocrx_word' id='word_1_114' title='bbox 1123 1498 1137 1512; x_wconf 68' lang='grc' dir='ltr'><em>υ</em></span> <span class='ocrx_word' id='word_1_115' title='bbox 1162 1482 1256 1534; x_wconf 74' lang='grc' dir='ltr'><strong>καὶ</strong></span> <span class='ocrx_word' id='word_1_116' title='bbox 1278 1482 1438 1551; x_wconf 72' lang='grc' dir='ltr'>ὅρκος</span> <span class='ocrx_word' id='word_1_117' title='bbox 1462 1485 1557 1534; x_wconf 67' lang='grc' dir='ltr'><strong>καὶ</strong></span> <span class='ocrx_word' id='word_1_118' title='bbox 1576 1497 1702 1532; x_wconf 87' lang='grc' dir='ltr'>συν-</span> 
     </span>
    </p>
   </div>
   <div class='ocr_carea' id='block_1_17' title="bbox 144 1571 1693 1644">
    <p class='ocr_par' dir='ltr' id='par_1_17' title="bbox 144 1571 1693 1644">
     <span class='ocr_line' id='line_1_17' title="bbox 144 1571 1693 1644; baseline -0.005 -15"><span class='ocrx_word' id='word_1_119' title='bbox 144 1574 290 1643; x_wconf 82' lang='grc' dir='ltr'>θῆκαι</span> <span class='ocrx_word' id='word_1_120' title='bbox 339 1571 689 1643; x_wconf 77' lang='grc' dir='ltr'>προϐαίνουσι</span> <span class='ocrx_word' id='word_1_121' title='bbox 713 1589 725 1601; x_wconf 93' lang='grc'><strong>·</strong></span> <span class='ocrx_word' id='word_1_122' title='bbox 761 1573 915 1644; x_wconf 73' lang='grc' dir='ltr'>καὶή</span> <span class='ocrx_word' id='word_1_123' title='bbox 948 1572 1101 1643; x_wconf 82' lang='grc' dir='ltr'>πηγὴ</span> <span class='ocrx_word' id='word_1_124' title='bbox 1138 1572 1407 1641; x_wconf 80' lang='grc' dir='ltr'>λαμὸάνει</span> <span class='ocrx_word' id='word_1_125' title='bbox 1462 1572 1562 1643; x_wconf 82' lang='grc' dir='ltr'>τὴν</span> <span class='ocrx_word' id='word_1_126' title='bbox 1593 1573 1693 1623; x_wconf 83' lang='grc' dir='ltr'><strong>ὲπ-</strong></span> 
     </span>
    </p>
   </div>
   <div class='ocr_carea' id='block_1_18' title="bbox 141 1662 1700 1735">
    <p class='ocr_par' dir='ltr' id='par_1_18' title="bbox 141 1662 1700 1735">
     <span class='ocr_line' id='line_1_18' title="bbox 141 1662 1700 1735; baseline -0.003 -16"><span class='ocrx_word' id='word_1_127' title='bbox 141 1665 364 1733; x_wconf 79' lang='grc' dir='ltr'>ωνυμίαν</span> <span class='ocrx_word' id='word_1_128' title='bbox 392 1664 500 1716; x_wconf 73' lang='grc' dir='ltr'><strong>ἀπὸ</strong></span> <span class='ocrx_word' id='word_1_129' title='bbox 528 1666 626 1735; x_wconf 79' lang='grc' dir='ltr'>τῆς</span> <span class='ocrx_word' id='word_1_130' title='bbox 649 1664 901 1734; x_wconf 78' lang='grc' dir='ltr'>πράξεως</span> <span class='ocrx_word' id='word_1_131' title='bbox 952 1664 1130 1735; x_wconf 81' lang='grc' dir='ltr'>φρέαρ</span> <span class='ocrx_word' id='word_1_132' title='bbox 1186 1662 1487 1734; x_wconf 76' lang='grc' dir='ltr'>Ὀρκισμού</span> <span class='ocrx_word' id='word_1_133' title='bbox 1513 1665 1700 1715; x_wconf 76' lang='grc' dir='ltr'>ἐπονο-</span> 
     </span>
    </p>
   </div>
   <div class='ocr_carea' id='block_1_19' title="bbox 142 1744 1773 1827">
    <p class='ocr_par' dir='ltr' id='par_1_19' title="bbox 142 1744 1773 1827">
     <span class='ocr_line' id='line_1_19' title="bbox 142 1744 1773 1827; baseline -0.001 -18"><span class='ocrx_word' id='word_1_134' title='bbox 142 1756 421 1827; x_wconf 82' lang='grc' dir='ltr'>μασθεῖσα⁶</span> <span class='ocrx_word' id='word_1_135' title='bbox 449 1756 545 1811; x_wconf 73' lang='grc' dir='ltr'>καὶ</span> <span class='ocrx_word' id='word_1_136' title='bbox 578 1758 625 1809; x_wconf 87' lang='grc' dir='ltr'><strong>οί</strong></span> <span class='ocrx_word' id='word_1_137' title='bbox 660 1757 977 1827; x_wconf 70' lang='grc' dir='ltr'>Φυλιστιεὶμ</span> <span class='ocrx_word' id='word_1_138' title='bbox 1015 1756 1073 1809; x_wconf 77' lang='grc' dir='ltr'>δὲ</span> <span class='ocrx_word' id='word_1_139' title='bbox 1121 1755 1297 1827; x_wconf 85' lang='grc' dir='ltr'>χρόνῳ</span> <span class='ocrx_word' id='word_1_140' title='bbox 1334 1754 1561 1826; x_wconf 80' lang='grc' dir='ltr'>ὕστερον</span> <span class='ocrx_word' id='word_1_141' title='bbox 1598 1756 1699 1826; x_wconf 83' lang='grc' dir='ltr'>τῆς</span> <span class='ocrx_word' id='word_1_142' title='bbox 1732 1744 1773 1798; x_wconf 80' lang='grc' dir='ltr'><strong><em>Β</em></strong></span> 
     </span>
    </p>
   </div>
   <div class='ocr_carea' id='block_1_20' title="bbox 142 1842 1701 1923">
    <p class='ocr_par' dir='ltr' id='par_1_20' title="bbox 142 1842 1701 1923">
     <span class='ocr_line' id='line_1_20' title="bbox 142 1842 1701 1923; baseline -0.003 -20"><span class='ocrx_word' id='word_1_143' title='bbox 142 1849 265 1913; x_wconf 80' lang='grc' dir='ltr'>ιδίας</span> <span class='ocrx_word' id='word_1_144' title='bbox 294 1848 471 1920; x_wconf 84' lang='grc' dir='ltr'>χώρας</span> <span class='ocrx_word' id='word_1_145' title='bbox 510 1842 623 1923; x_wconf 82' lang='grc' dir='ltr'>ὲνῇ</span> <span class='ocrx_word' id='word_1_146' title='bbox 651 1848 901 1920; x_wconf 85' lang='grc' dir='ltr'>παρῴκει</span> <span class='ocrx_word' id='word_1_147' title='bbox 938 1851 966 1902; x_wconf 98' lang='lat'><strong>6</strong></span> <span class='ocrx_word' id='word_1_148' title='bbox 1013 1849 1198 1903; x_wconf 80' lang='grc' dir='ltr'>Ἰσαάκ</span> <span class='ocrx_word' id='word_1_149' title='bbox 1251 1850 1471 1919; x_wconf 81' lang='grc' dir='ltr'>φεύγων</span> <span class='ocrx_word' id='word_1_150' title='bbox 1518 1847 1611 1901; x_wconf 74' lang='grc' dir='ltr'><strong>τὸν</strong></span> <span class='ocrx_word' id='word_1_151' title='bbox 1643 1849 1701 1900; x_wconf 80' lang='grc' dir='ltr'>ὲν</span> 
     </span>
    </p>
   </div>
   <div class='ocr_carea' id='block_1_21' title="bbox 137 1940 1698 2013">
    <p class='ocr_par' dir='ltr' id='par_1_21' title="bbox 137 1940 1698 2013">
     <span class='ocr_line' id='line_1_21' title="bbox 137 1940 1698 2013; baseline -0.002 -19"><span class='ocrx_word' id='word_1_152' title='bbox 137 1942 197 2013; x_wconf 76' lang='grc' dir='ltr'>τῇ</span> <span class='ocrx_word' id='word_1_153' title='bbox 244 1940 451 2010; x_wconf 86' lang='grc' dir='ltr'>πατρίδι</span> <span class='ocrx_word' id='word_1_154' title='bbox 503 1942 682 2010; x_wconf 77' lang='grc' dir='ltr'>λιμὸν,</span> <span class='ocrx_word' id='word_1_155' title='bbox 734 1941 1008 1994; x_wconf 83' lang='grc' dir='ltr'>ἀπελάσαι</span> <span class='ocrx_word' id='word_1_156' title='bbox 1050 1941 1232 2012; x_wconf 85' lang='grc' dir='ltr'>φθόνῳ</span> <span class='ocrx_word' id='word_1_157' title='bbox 1281 1940 1698 2011; x_wconf 79' lang='grc' dir='ltr'>μελετήσαντες,</span> 
     </span>
    </p>
   </div>
   <div class='ocr_carea' id='block_1_22' title="bbox 139 2034 1705 2107">
    <p class='ocr_par' dir='ltr' id='par_1_22' title="bbox 139 2034 1705 2107">
     <span class='ocr_line' id='line_1_22' title="bbox 139 2034 1705 2107; baseline -0.002 -19"><span class='ocrx_word' id='word_1_158' title='bbox 139 2036 489 2106; x_wconf 71' lang='grc' dir='ltr'>ἐμφράττουσι</span> <span class='ocrx_word' id='word_1_159' title='bbox 521 2035 589 2088; x_wconf 89' lang='grc' dir='ltr'><strong>τά</strong></span> <span class='ocrx_word' id='word_1_160' title='bbox 614 2035 833 2107; x_wconf 82' lang='grc' dir='ltr'>φρέατα</span> <span class='ocrx_word' id='word_1_161' title='bbox 865 2035 959 2088; x_wconf 80' lang='grc' dir='ltr'>τοῦ</span> <span class='ocrx_word' id='word_1_162' title='bbox 984 2036 1189 2107; x_wconf 78' lang='grc' dir='ltr'>πατρὸς</span> <span class='ocrx_word' id='word_1_163' title='bbox 1220 2034 1406 2096; x_wconf 77' lang='grc' dir='ltr'>αὐτοῦ,</span> <span class='ocrx_word' id='word_1_164' title='bbox 1434 2034 1558 2097; x_wconf 80' lang='grc' dir='ltr'>τοὺς</span> <span class='ocrx_word' id='word_1_165' title='bbox 1582 2051 1705 2087; x_wconf 80' lang='grc' dir='ltr'>ποι-</span> 
     </span>
    </p>
   </div>
   <div class='ocr_carea' id='block_1_23' title="bbox 140 2126 1703 2200">
    <p class='ocr_par' dir='ltr' id='par_1_23' title="bbox 140 2126 1703 2200">
     <span class='ocr_line' id='line_1_23' title="bbox 140 2126 1703 2200; baseline 0.001 -21"><span class='ocrx_word' id='word_1_166' title='bbox 140 2127 291 2197; x_wconf 74' lang='grc' dir='ltr'>μένας</span> <span class='ocrx_word' id='word_1_167' title='bbox 322 2127 520 2192; x_wconf 74' lang='grc' dir='ltr'>εἰδότες</span> <span class='ocrx_word' id='word_1_168' title='bbox 553 2128 628 2200; x_wconf 86' lang='grc' dir='ltr'>μὴ</span> <span class='ocrx_word' id='word_1_169' title='bbox 657 2127 918 2182; x_wconf 79' lang='grc' dir='ltr'>δύνασθαι</span> <span class='ocrx_word' id='word_1_170' title='bbox 972 2127 1094 2199; x_wconf 76' lang='grc' dir='ltr'>ζῇν,</span> <span class='ocrx_word' id='word_1_171' title='bbox 1134 2128 1234 2197; x_wconf 79' lang='grc' dir='ltr'>τῆς</span> <span class='ocrx_word' id='word_1_172' title='bbox 1287 2126 1397 2179; x_wconf 84' lang='grc' dir='ltr'>τῶν</span> <span class='ocrx_word' id='word_1_173' title='bbox 1450 2128 1703 2199; x_wconf 89' lang='grc' dir='ltr'>φρεάτων</span> 
     </span>
    </p>
   </div>
   <div class='ocr_carea' id='block_1_24' title="bbox 136 2218 1695 2292">
    <p class='ocr_par' dir='ltr' id='par_1_24' title="bbox 136 2218 1695 2292">
     <span class='ocr_line' id='line_1_24' title="bbox 136 2218 1695 2292; baseline -0.001 -20"><span class='ocrx_word' id='word_1_174' title='bbox 136 2220 623 2291; x_wconf 80' lang='grc' dir='ltr'>ἀποστερουμένους</span> <span class='ocrx_word' id='word_1_175' title='bbox 651 2222 929 2292; x_wconf 80' lang='grc' dir='ltr'>χρήσεως·</span> <span class='ocrx_word' id='word_1_176' title='bbox 961 2222 1054 2273; x_wconf 75' lang='grc' dir='ltr'><strong>καὶ</strong></span> <span class='ocrx_word' id='word_1_177' title='bbox 1091 2218 1298 2285; x_wconf 78' lang='grc' dir='ltr'>Μωσῆς</span> <span class='ocrx_word' id='word_1_178' title='bbox 1322 2219 1403 2273; x_wconf 82' lang='grc' dir='ltr'>ὅτι</span> <span class='ocrx_word' id='word_1_179' title='bbox 1428 2222 1552 2283; x_wconf 72' lang='grc' dir='ltr'>τοὺς</span> <span class='ocrx_word' id='word_1_180' title='bbox 1580 2235 1695 2288; x_wconf 84' lang='grc' dir='ltr'>χει-</span> 
     </span>
    </p>
   </div>
   <div class='ocr_carea' id='block_1_25' title="bbox 138 2312 1701 2385">
    <p class='ocr_par' dir='ltr' id='par_1_25' title="bbox 138 2312 1701 2385">
     <span class='ocr_line' id='line_1_25' title="bbox 138 2312 1701 2385; baseline -0.001 -19"><span class='ocrx_word' id='word_1_181' title='bbox 138 2312 233 2382; x_wconf 75' lang='grc' dir='ltr'>ρῶν</span> <span class='ocrx_word' id='word_1_182' title='bbox 269 2312 464 2366; x_wconf 84' lang='grc' dir='ltr'>ἀδίκων</span> <span class='ocrx_word' id='word_1_183' title='bbox 497 2313 775 2385; x_wconf 79' lang='grc' dir='ltr'>ἄρξαντας</span> <span class='ocrx_word' id='word_1_184' title='bbox 829 2313 1094 2383; x_wconf 80' lang='grc' dir='ltr'>ποιμένας</span> <span class='ocrx_word' id='word_1_185' title='bbox 1138 2312 1504 2381; x_wconf 86' lang='grc' dir='ltr'>ἀπωσάμενος</span> <span class='ocrx_word' id='word_1_186' title='bbox 1558 2330 1701 2383; x_wconf 86' lang='grc' dir='ltr'>παρ-</span> 
     </span>
    </p>
   </div>
   <div class='ocr_carea' id='block_1_26' title="bbox 132 2405 1699 2478">
    <p class='ocr_par' dir='ltr' id='par_1_26' title="bbox 132 2405 1699 2478">
     <span class='ocr_line' id='line_1_26' title="bbox 132 2405 1699 2478; baseline 0 -19"><span class='ocrx_word' id='word_1_187' title='bbox 132 2408 244 2477; x_wconf 85' lang='grc' dir='ltr'>έσχε</span> <span class='ocrx_word' id='word_1_188' title='bbox 271 2409 385 2470; x_wconf 88' lang='grc' dir='ltr'>ταῖς</span> <span class='ocrx_word' id='word_1_189' title='bbox 408 2406 719 2478; x_wconf 84' lang='grc' dir='ltr'>θυγατράσι</span> <span class='ocrx_word' id='word_1_190' title='bbox 768 2405 863 2460; x_wconf 85' lang='grc' dir='ltr'>τοῦ</span> <span class='ocrx_word' id='word_1_191' title='bbox 913 2406 1081 2476; x_wconf 72' lang='grc' dir='ltr'>Ἰοθὺρ</span> <span class='ocrx_word' id='word_1_192' title='bbox 1110 2405 1309 2459; x_wconf 76' lang='grc' dir='ltr'>θᾶττον</span> <span class='ocrx_word' id='word_1_193' title='bbox 1340 2405 1371 2477; x_wconf 71' lang='grc' dir='ltr'><strong>ἢ</strong></span> <span class='ocrx_word' id='word_1_194' title='bbox 1404 2406 1548 2459; x_wconf 70' lang='grc' dir='ltr'>κατὰ</span> <span class='ocrx_word' id='word_1_195' title='bbox 1599 2406 1699 2470; x_wconf 88' lang='grc' dir='ltr'><strong>τάς</strong></span> 
     </span>
    </p>
   </div>
   <div class='ocr_carea' id='block_1_27' title="bbox 130 2496 1700 2570">
    <p class='ocr_par' dir='ltr' id='par_1_27' title="bbox 130 2496 1700 2570">
     <span class='ocr_line' id='line_1_27' title="bbox 130 2496 1700 2570; baseline -0.001 -19"><span class='ocrx_word' id='word_1_196' title='bbox 130 2497 277 2561; x_wconf 79' lang='grc' dir='ltr'>ἄλλας</span> <span class='ocrx_word' id='word_1_197' title='bbox 328 2500 545 2570; x_wconf 76' lang='grc' dir='ltr'>ἡμέρας</span> <span class='ocrx_word' id='word_1_198' title='bbox 592 2499 815 2552; x_wconf 87' lang='grc' dir='ltr'>ποτίσαι</span> <span class='ocrx_word' id='word_1_199' title='bbox 840 2498 907 2552; x_wconf 83' lang='grc' dir='ltr'><strong>τά</strong></span> <span class='ocrx_word' id='word_1_200' title='bbox 950 2497 1248 2568; x_wconf 79' lang='grc' dir='ltr'>θρέμματα</span> <span class='ocrx_word' id='word_1_201' title='bbox 1292 2496 1372 2566; x_wconf 82' lang='grc' dir='ltr'>τῷ</span> <span class='ocrx_word' id='word_1_202' title='bbox 1399 2498 1566 2568; x_wconf 74' lang='grc' dir='ltr'>πατρὶ</span> <span class='ocrx_word' id='word_1_203' title='bbox 1598 2515 1700 2568; x_wconf 80' lang='grc' dir='ltr'>κη-</span> 
     </span>
    </p>
   </div>
   <div class='ocr_carea' id='block_1_28' title="bbox 128 2584 1689 2661">
    <p class='ocr_par' dir='ltr' id='par_1_28' title="bbox 128 2584 1689 2661">
     <span class='ocr_line' id='line_1_28' title="bbox 128 2584 1689 2661; baseline 0.001 -20"><span class='ocrx_word' id='word_1_204' title='bbox 128 2588 276 2656; x_wconf 81' lang='grc' dir='ltr'>δεύει,</span> <span class='ocrx_word' id='word_1_205' title='bbox 307 2591 403 2643; x_wconf 77' lang='grc' dir='ltr'>καὶ</span> <span class='ocrx_word' id='word_1_206' title='bbox 428 2584 619 2661; x_wconf 76' lang='grc' dir='ltr'>κύριος</span> <span class='ocrx_word' id='word_1_207' title='bbox 662 2590 840 2653; x_wconf 81' lang='grc' dir='ltr'>οἰκίας</span> <span class='ocrx_word' id='word_1_208' title='bbox 885 2591 1007 2643; x_wconf 80' lang='grc' dir='ltr'>ἀντὶ</span> <span class='ocrx_word' id='word_1_209' title='bbox 1057 2589 1401 2660; x_wconf 73' lang='grc' dir='ltr'>προσηλύτω</span> <span class='ocrx_word' id='word_1_210' title='bbox 1441 2589 1689 2658; x_wconf 86' lang='grc' dir='ltr'>γίνεται·</span> 
     </span>
    </p>
   </div>
   <div class='ocr_carea' id='block_1_29' title="bbox 129 2677 1694 2755">
    <p class='ocr_par' dir='ltr' id='par_1_29' title="bbox 129 2677 1694 2755">
     <span class='ocr_line' id='line_1_29' title="bbox 129 2677 1694 2755; baseline 0 -20"><span class='ocrx_word' id='word_1_211' title='bbox 129 2683 214 2736; x_wconf 73' lang='grc' dir='ltr'><strong>καὶ</strong></span> <span class='ocrx_word' id='word_1_212' title='bbox 259 2683 425 2755; x_wconf 88' lang='grc' dir='ltr'>μυρία</span> <span class='ocrx_word' id='word_1_213' title='bbox 466 2683 606 2738; x_wconf 83' lang='grc' dir='ltr'>ἄλλα</span> <span class='ocrx_word' id='word_1_214' title='bbox 655 2684 770 2738; x_wconf 82' lang='grc' dir='ltr'>ἔστι</span> <span class='ocrx_word' id='word_1_215' title='bbox 800 2684 987 2737; x_wconf 73' lang='grc' dir='ltr'>λαϐεῖν</span> <span class='ocrx_word' id='word_1_216' title='bbox 1014 2684 1081 2737; x_wconf 81' lang='grc' dir='ltr'>δι’</span> <span class='ocrx_word' id='word_1_217' title='bbox 1113 2677 1188 2737; x_wconf 84' lang='grc' dir='ltr'>ὧν</span> <span class='ocrx_word' id='word_1_218' title='bbox 1223 2683 1694 2753; x_wconf 85' lang='grc' dir='ltr'>περισπούδαστον</span> 
     </span>
    </p>
   </div>
   <div class='ocr_carea' id='block_1_30' title="bbox 128 2775 1693 2847">
    <p class='ocr_par' dir='ltr' id='par_1_30' title="bbox 128 2775 1693 2847">
     <span class='ocr_line' id='line_1_30' title="bbox 128 2775 1693 2847; baseline -0.001 -18"><span class='ocrx_word' id='word_1_219' title='bbox 128 2777 211 2829; x_wconf 70' lang='grc' dir='ltr'>καὶ</span> <span class='ocrx_word' id='word_1_220' title='bbox 243 2777 376 2845; x_wconf 82' lang='grc' dir='ltr'>μέγα</span> <span class='ocrx_word' id='word_1_221' title='bbox 411 2777 601 2847; x_wconf 86' lang='grc' dir='ltr'>κτῆμα</span> <span class='ocrx_word' id='word_1_222' title='bbox 634 2780 746 2839; x_wconf 86' lang='grc' dir='ltr'>τοῖς</span> <span class='ocrx_word' id='word_1_223' title='bbox 770 2777 827 2843; x_wconf 79' lang='grc' dir='ltr'><strong>ἐξ</strong></span> <span class='ocrx_word' id='word_1_224' title='bbox 871 2776 1122 2847; x_wconf 77' lang='grc' dir='ltr'>Ἀϐραάμ</span> <span class='ocrx_word' id='word_1_225' title='bbox 1169 2775 1239 2828; x_wconf 78' lang='grc' dir='ltr'>τὰ</span> <span class='ocrx_word' id='word_1_226' title='bbox 1270 2776 1480 2844; x_wconf 81' lang='grc' dir='ltr'>φρέατα</span> <span class='ocrx_word' id='word_1_227' title='bbox 1513 2777 1693 2845; x_wconf 79' lang='grc' dir='ltr'>ἐνομί-</span> 
     </span>
    </p>
   </div>
   <div class='ocr_carea' id='block_1_31' title="bbox 127 2865 1696 2940">
    <p class='ocr_par' dir='ltr' id='par_1_31' title="bbox 127 2865 1696 2940">
     <span class='ocr_line' id='line_1_31' title="bbox 127 2865 1696 2940; baseline 0.001 -21"><span class='ocrx_word' id='word_1_228' title='bbox 127 2867 261 2932; x_wconf 76' lang='grc' dir='ltr'>ζετο·</span> <span class='ocrx_word' id='word_1_229' title='bbox 294 2867 321 2920; x_wconf 82' lang='grc' dir='ltr'><strong>ὃ</strong></span> <span class='ocrx_word' id='word_1_230' title='bbox 350 2869 414 2939; x_wconf 82' lang='grc' dir='ltr'>δὴ</span> <span class='ocrx_word' id='word_1_231' title='bbox 446 2870 544 2922; x_wconf 74' lang='grc' dir='ltr'><strong>καὶ</strong></span> <span class='ocrx_word' id='word_1_232' title='bbox 573 2868 973 2940; x_wconf 82' lang='grc' dir='ltr'>ἀταλαιπώρως</span> <span class='ocrx_word' id='word_1_233' title='bbox 1007 2865 1184 2938; x_wconf 77' lang='grc' dir='ltr'>εὑρὼν</span> <span class='ocrx_word' id='word_1_234' title='bbox 1214 2867 1242 2918; x_wconf 90' lang='lat'><strong>6</strong></span> <span class='ocrx_word' id='word_1_235' title='bbox 1268 2868 1435 2920; x_wconf 80' lang='grc' dir='ltr'>Αίνᾶν</span> <span class='ocrx_word' id='word_1_236' title='bbox 1476 2867 1509 2937; x_wconf 84' lang='grc' dir='ltr'>ἢ</span> <span class='ocrx_word' id='word_1_237' title='bbox 1547 2869 1573 2919; x_wconf 89' lang='grc' dir='ltr'>ὁ</span> <span class='ocrx_word' id='word_1_238' title='bbox 1613 2869 1696 2921; x_wconf 83' lang='grc' dir='ltr'><strong>Ὠ-</strong></span> 
     </span>
    </p>
   </div>
   <div class='ocr_carea' id='block_1_32' title="bbox 1807 476 3392 550">
    <p class='ocr_par' dir='ltr' id='par_1_32' title="bbox 1807 476 3392 550">
     <span class='ocr_line' id='line_1_32' title="bbox 1807 476 3392 550; baseline 0.004 -16"><span class='ocrx_word' id='word_1_239' title='bbox 1807 478 2025 534; x_wconf 86' lang='lat' dir='ltr'><strong>ciebant</strong></span> <span class='ocrx_word' id='word_1_240' title='bbox 2059 476 2237 533; x_wconf 84' lang='lat' dir='ltr'><strong>fontes</strong></span> <span class='ocrx_word' id='word_1_241' title='bbox 2281 487 2335 533; x_wconf 90' lang='lat' dir='ltr'><strong>et</strong></span> <span class='ocrx_word' id='word_1_242' title='bbox 2377 486 2598 549; x_wconf 86' lang='lat' dir='ltr'><strong>puteos,</strong></span> <span class='ocrx_word' id='word_1_243' title='bbox 2631 479 2789 549; x_wconf 89' lang='lat' dir='ltr'><strong>quasi</strong></span> <span class='ocrx_word' id='word_1_244' title='bbox 2820 482 3040 550; x_wconf 86' lang='lat' dir='ltr'><strong>pascuis</strong></span> <span class='ocrx_word' id='word_1_245' title='bbox 3086 499 3191 537; x_wconf 90' lang='lat' dir='ltr'><strong>non</strong></span> <span class='ocrx_word' id='word_1_246' title='bbox 3235 485 3392 540; x_wconf 97' lang='lat' dir='ltr'><strong>valde</strong></span> 
     </span>
    </p>
   </div>
   <div class='ocr_carea' id='block_1_33' title="bbox 1808 568 3392 641">
    <p class='ocr_par' dir='ltr' id='par_1_33' title="bbox 1808 568 3392 641">
     <span class='ocr_line' id='line_1_33' title="bbox 1808 568 3392 641; baseline 0.006 -19"><span class='ocrx_word' id='word_1_247' title='bbox 1808 569 1993 622; x_wconf 91' lang='lat' dir='ltr'><strong>minus</strong></span> <span class='ocrx_word' id='word_1_248' title='bbox 2020 568 2095 623; x_wconf 89' lang='lat' dir='ltr'><strong>ita</strong></span> <span class='ocrx_word' id='word_1_249' title='bbox 2120 576 2175 622; x_wconf 90' lang='lat' dir='ltr'><strong>et</strong></span> <span class='ocrx_word' id='word_1_250' title='bbox 2198 579 2328 638; x_wconf 89' lang='lat' dir='ltr'><strong>potu</strong></span> <span class='ocrx_word' id='word_1_251' title='bbox 2359 571 2645 640; x_wconf 88' lang='lat' dir='ltr'><strong>saginante</strong></span> <span class='ocrx_word' id='word_1_252' title='bbox 2669 578 2725 625; x_wconf 88' lang='lat' dir='ltr'><strong>et</strong></span> <span class='ocrx_word' id='word_1_253' title='bbox 2756 570 3084 641; x_wconf 73' lang='lat' dir='ltr'><strong>disponente</strong></span> <span class='ocrx_word' id='word_1_254' title='bbox 3112 577 3165 630; x_wconf 90' lang='lat' dir='ltr'><strong>in</strong></span> <span class='ocrx_word' id='word_1_255' title='bbox 3193 577 3392 633; x_wconf 83' lang='lat' dir='ltr'><strong>melius</strong></span> 
     </span>
    </p>
   </div>
   <div class='ocr_carea' id='block_1_34' title="bbox 1805 659 3391 737">
    <p class='ocr_par' dir='ltr' id='par_1_34' title="bbox 1805 659 3391 737">
     <span class='ocr_line' id='line_1_34' title="bbox 1805 659 3391 737; baseline 0.006 -24"><span class='ocrx_word' id='word_1_256' title='bbox 1805 667 2076 714; x_wconf 88' lang='lat' dir='ltr'><strong>armenta.</strong></span> <span class='ocrx_word' id='word_1_257' title='bbox 2123 659 2215 713; x_wconf 90' lang='lat' dir='ltr'><strong>Sic</strong></span> <span class='ocrx_word' id='word_1_258' title='bbox 2248 668 2395 713; x_wconf 92' lang='lat' dir='ltr'><strong>certe</strong></span> <span class='ocrx_word' id='word_1_259' title='bbox 2436 660 2651 714; x_wconf 90' lang='lat' dir='ltr'><strong>videtur</strong></span> <span class='ocrx_word' id='word_1_260' title='bbox 2691 670 2747 715; x_wconf 90' lang='lat' dir='ltr'><strong>et</strong></span> <span class='ocrx_word' id='word_1_261' title='bbox 2778 660 3052 717; x_wconf 83' lang='lat' dir='ltr'><strong>Abraham</strong></span> <span class='ocrx_word' id='word_1_262' title='bbox 3096 675 3149 720; x_wconf 86' lang='lat' dir='ltr'><strong>et</strong></span> <span class='ocrx_word' id='word_1_263' title='bbox 3181 668 3391 737; x_wconf 85' lang='lat' dir='ltr'><strong>reliqua</strong></span> 
     </span>
    </p>
   </div>
   <div class='ocr_carea' id='block_1_35' title="bbox 1803 750 3389 826">
    <p class='ocr_par' dir='ltr' id='par_1_35' title="bbox 1803 750 3389 826">
     <span class='ocr_line' id='line_1_35' title="bbox 1803 750 3389 826; baseline 0.006 -21"><span class='ocrx_word' id='word_1_264' title='bbox 1803 750 2005 806; x_wconf 81' lang='lat' dir='ltr'><strong>fruitus</strong></span> <span class='ocrx_word' id='word_1_265' title='bbox 2059 750 2202 821; x_wconf 90' lang='lat' dir='ltr'><strong>apud</strong></span> <span class='ocrx_word' id='word_1_266' title='bbox 2254 752 2571 806; x_wconf 83' lang='lat' dir='ltr'><strong>Abimelech</strong></span> <span class='ocrx_word' id='word_1_267' title='bbox 2633 768 2787 817; x_wconf 89' lang='lat' dir='ltr'><strong>cura,</strong></span> <span class='ocrx_word' id='word_1_268' title='bbox 2849 770 2956 808; x_wconf 91' lang='lat' dir='ltr'><strong>non</strong></span> <span class='ocrx_word' id='word_1_269' title='bbox 3017 757 3389 826; x_wconf 88' lang='lat' dir='ltr'><strong>insipientiam</strong></span> 
     </span>
    </p>
   </div>
   <div class='ocr_carea' id='block_1_36' title="bbox 1805 843 3387 914">
    <p class='ocr_par' dir='ltr' id='par_1_36' title="bbox 1805 843 3387 914">
     <span class='ocr_line' id='line_1_36' title="bbox 1805 843 3387 914; baseline 0.007 -18"><span class='ocrx_word' id='word_1_270' title='bbox 1805 843 2017 899; x_wconf 87' lang='lat' dir='ltr'><strong>ducens</strong></span> <span class='ocrx_word' id='word_1_271' title='bbox 2064 844 2465 913; x_wconf 83' lang='lat' dir='ltr'><strong>reprehendere</strong></span> <span class='ocrx_word' id='word_1_272' title='bbox 2520 846 2701 914; x_wconf 86' lang='lat' dir='ltr'><strong>ipsum</strong></span> <span class='ocrx_word' id='word_1_273' title='bbox 2749 846 2817 901; x_wconf 91' lang='lat' dir='ltr'><strong>de</strong></span> <span class='ocrx_word' id='word_1_274' title='bbox 2868 847 3145 903; x_wconf 86' lang='lat' dir='ltr'><strong>ablatione</strong></span> <span class='ocrx_word' id='word_1_275' title='bbox 3194 865 3387 907; x_wconf 91' lang='lat' dir='ltr'><strong>eorum</strong></span> 
     </span>
    </p>
   </div>
   <div class='ocr_carea' id='block_1_37' title="bbox 1802 934 3392 1011">
    <p class='ocr_par' dir='ltr' id='par_1_37' title="bbox 1802 934 3392 1011">
     <span class='ocr_line' id='line_1_37' title="bbox 1802 934 3392 1011; baseline 0.006 -23"><span class='ocrx_word' id='word_1_276' title='bbox 1802 950 1941 1005; x_wconf 88' lang='lat' dir='ltr'><strong>quos</strong></span> <span class='ocrx_word' id='word_1_277' title='bbox 1973 936 2088 1006; x_wconf 88' lang='lat' dir='ltr'><strong>ipse</strong></span> <span class='ocrx_word' id='word_1_278' title='bbox 2127 934 2341 992; x_wconf 85' lang='lat' dir='ltr'><strong>foderat</strong></span> <span class='ocrx_word' id='word_1_279' title='bbox 2377 947 2703 1008; x_wconf 76' lang='lat' dir='ltr'><strong>puteorum;</strong></span> <span class='ocrx_word' id='word_1_280' title='bbox 2742 955 2921 1010; x_wconf 89' lang='lat' dir='ltr'><strong>neque</strong></span> <span class='ocrx_word' id='word_1_281' title='bbox 2965 940 3056 996; x_wconf 88' lang='lat' dir='ltr'><strong>ille</strong></span> <span class='ocrx_word' id='word_1_282' title='bbox 3092 945 3392 1011; x_wconf 82' lang='lat' dir='ltr'><strong>reprehen-</strong></span> 
     </span>
    </p>
   </div>
   <div class='ocr_carea' id='block_1_38' title="bbox 1803 1029 3393 1101">
    <p class='ocr_par' dir='ltr' id='par_1_38' title="bbox 1803 1029 3393 1101">
     <span class='ocr_line' id='line_1_38' title="bbox 1803 1029 3393 1101; baseline 0.005 -18"><span class='ocrx_word' id='word_1_283' title='bbox 1803 1030 2017 1085; x_wconf 89' lang='lat' dir='ltr'><strong>sionem</strong></span> <span class='ocrx_word' id='word_1_284' title='bbox 2063 1029 2295 1097; x_wconf 86' lang='lat' dir='ltr'><strong>irridet,</strong></span> <span class='ocrx_word' id='word_1_285' title='bbox 2351 1031 2608 1101; x_wconf 89' lang='lat' dir='ltr'><strong>ignorare</strong></span> <span class='ocrx_word' id='word_1_286' title='bbox 2664 1047 2794 1087; x_wconf 91' lang='lat' dir='ltr'><strong>vero</strong></span> <span class='ocrx_word' id='word_1_287' title='bbox 2854 1033 3127 1089; x_wconf 87' lang='lat' dir='ltr'><strong>actionem</strong></span> <span class='ocrx_word' id='word_1_288' title='bbox 3190 1051 3219 1089; x_wconf 91' lang='lat' dir='ltr'><strong>a</strong></span> <span class='ocrx_word' id='word_1_289' title='bbox 3276 1038 3393 1091; x_wconf 82' lang='lat' dir='ltr'><strong>suis</strong></span> 
     </span>
    </p>
   </div>
   <div class='ocr_carea' id='block_1_39' title="bbox 1801 1122 3392 1198">
    <p class='ocr_par' dir='ltr' id='par_1_39' title="bbox 1801 1122 3392 1198">
     <span class='ocr_line' id='line_1_39' title="bbox 1801 1122 3392 1198; baseline 0.004 -21"><span class='ocrx_word' id='word_1_290' title='bbox 1801 1123 1977 1178; x_wconf 80' lang='lat' dir='ltr'><strong>servis</strong></span> <span class='ocrx_word' id='word_1_291' title='bbox 2027 1138 2218 1179; x_wconf 85' lang='lat' dir='ltr'><strong>ansam</strong></span> <span class='ocrx_word' id='word_1_292' title='bbox 2260 1122 2554 1193; x_wconf 72' lang='lat' dir='ltr'><strong>respondet</strong></span> <span class='ocrx_word' id='word_1_293' title='bbox 2604 1134 2659 1179; x_wconf 88' lang='lat' dir='ltr'><strong>et</strong></span> <span class='ocrx_word' id='word_1_294' title='bbox 2696 1124 2925 1180; x_wconf 76' lang='lat' dir='ltr'><strong>festinat</strong></span> <span class='ocrx_word' id='word_1_295' title='bbox 2970 1127 3254 1181; x_wconf 86' lang='lat' dir='ltr'><strong>Abraham</strong></span> <span class='ocrx_word' id='word_1_296' title='bbox 3292 1143 3392 1198; x_wconf 80' lang='lat' dir='ltr'><strong>per</strong></span> 
     </span>
    </p>
   </div>
   <div class='ocr_carea' id='block_1_40' title="bbox 1800 1215 3390 1288">
    <p class='ocr_par' dir='ltr' id='par_1_40' title="bbox 1800 1215 3390 1288">
     <span class='ocr_line' id='line_1_40' title="bbox 1800 1215 3390 1288; baseline 0.004 -19"><span class='ocrx_word' id='word_1_297' title='bbox 1800 1224 2005 1284; x_wconf 86' lang='lat' dir='ltr'><strong>septem</strong></span> <span class='ocrx_word' id='word_1_298' title='bbox 2032 1230 2205 1286; x_wconf 89' lang='lat' dir='ltr'><strong>agnos</strong></span> <span class='ocrx_word' id='word_1_299' title='bbox 2228 1215 2543 1271; x_wconf 78' lang='lat' dir='ltr'><strong>Abim‘elech</strong></span> <span class='ocrx_word' id='word_1_300' title='bbox 2567 1216 2991 1285; x_wconf 83' lang='lat' dir='ltr'><strong>confessionem,</strong></span> <span class='ocrx_word' id='word_1_301' title='bbox 3015 1234 3138 1274; x_wconf 90' lang='lat' dir='ltr'><strong>esse</strong></span> <span class='ocrx_word' id='word_1_302' title='bbox 3163 1230 3390 1288; x_wconf 86' lang='lat' dir='ltr'><strong>puteum</strong></span> 
     </span>
    </p>
   </div>
   <div class='ocr_carea' id='block_1_41' title="bbox 1799 1308 3386 1378">
    <p class='ocr_par' dir='ltr' id='par_1_41' title="bbox 1799 1308 3386 1378">
     <span class='ocr_line' id='line_1_41' title="bbox 1799 1308 3386 1378; baseline 0.001 -16"><span class='ocrx_word' id='word_1_303' title='bbox 1799 1322 1938 1376; x_wconf 86' lang='lat' dir='ltr'><strong>opus</strong></span> <span class='ocrx_word' id='word_1_304' title='bbox 1971 1317 2026 1363; x_wconf 86' lang='lat' dir='ltr'><strong>et</strong></span> <span class='ocrx_word' id='word_1_305' title='bbox 2056 1308 2295 1362; x_wconf 89' lang='lat' dir='ltr'><strong>laborem</strong></span> <span class='ocrx_word' id='word_1_306' title='bbox 2327 1308 2582 1375; x_wconf 71' lang='lat' dir='ltr'><strong>Abrahae,</strong></span> <span class='ocrx_word' id='word_1_307' title='bbox 2616 1309 2889 1365; x_wconf 85' lang='lat' dir='ltr'><strong>stabilire.</strong></span> <span class='ocrx_word' id='word_1_308' title='bbox 2923 1310 3386 1378; x_wconf 86' lang='lat' dir='ltr'><strong>Etjuramentutn</strong></span> 
     </span>
    </p>
   </div>
   <div class='ocr_carea' id='block_1_42' title="bbox 1800 1402 3389 1472">
    <p class='ocr_par' dir='ltr' id='par_1_42' title="bbox 1800 1402 3389 1472">
     <span class='ocr_line' id='line_1_42' title="bbox 1800 1402 3389 1472; baseline 0.002 -15"><span class='ocrx_word' id='word_1_309' title='bbox 1800 1412 1855 1457; x_wconf 85' lang='lat' dir='ltr'><strong>et</strong></span> <span class='ocrx_word' id='word_1_310' title='bbox 1878 1402 2268 1457; x_wconf 83' lang='lat' dir='ltr'><strong>conventiones</strong></span> <span class='ocrx_word' id='word_1_311' title='bbox 2297 1403 2619 1472; x_wconf 89' lang='lat' dir='ltr'><strong>procedunt,</strong></span> <span class='ocrx_word' id='word_1_312' title='bbox 2653 1413 2704 1457; x_wconf 91' lang='lat' dir='ltr'><strong>et</strong></span> <span class='ocrx_word' id='word_1_313' title='bbox 2726 1403 2849 1457; x_wconf 84' lang='lat' dir='ltr'><strong>fons</strong></span> <span class='ocrx_word' id='word_1_314' title='bbox 2874 1405 3044 1458; x_wconf 88' lang='lat' dir='ltr'><strong>sumit</strong></span> <span class='ocrx_word' id='word_1_315' title='bbox 3077 1420 3389 1472; x_wconf 90' lang='lat' dir='ltr'><strong>cognomen</strong></span> 
     </span>
    </p>
   </div>
   <div class='ocr_carea' id='block_1_43' title="bbox 1800 1495 3391 1566">
    <p class='ocr_par' dir='ltr' id='par_1_43' title="bbox 1800 1495 3391 1566">
     <span class='ocr_line' id='line_1_43' title="bbox 1800 1495 3391 1566; baseline 0.001 -16"><span class='ocrx_word' id='word_1_316' title='bbox 1800 1498 1867 1550; x_wconf 85' lang='lat' dir='ltr'><strong>ab</strong></span> <span class='ocrx_word' id='word_1_317' title='bbox 1902 1505 2050 1558; x_wconf 87' lang='lat' dir='ltr'><strong>actu,</strong></span> <span class='ocrx_word' id='word_1_318' title='bbox 2083 1504 2280 1565; x_wconf 85' lang='lat' dir='ltr'><strong>puteus</strong></span> <span class='ocrx_word' id='word_1_319' title='bbox 2318 1495 2621 1564; x_wconf 88' lang='lat' dir='ltr'><strong>jurameuti</strong></span> <span class='ocrx_word' id='word_1_320' title='bbox 2653 1495 3103 1566; x_wconf 82' lang='lat' dir='ltr'><strong>cognominatus.</strong></span> <span class='ocrx_word' id='word_1_321' title='bbox 3151 1497 3220 1552; x_wconf 88' lang='lat' dir='ltr'><strong>Et</strong></span> <span class='ocrx_word' id='word_1_322' title='bbox 3254 1497 3391 1552; x_wconf 83' lang='lat' dir='ltr'><strong>Phi-</strong></span> 
     </span>
    </p>
   </div>
   <div class='ocr_carea' id='block_1_44' title="bbox 1800 1581 3388 1655">
    <p class='ocr_par' dir='ltr' id='par_1_44' title="bbox 1800 1581 3388 1655">
     <span class='ocr_line' id='line_1_44' title="bbox 1800 1581 3388 1655; baseline 0.002 -18"><span class='ocrx_word' id='word_1_323' title='bbox 1800 1582 1987 1637; x_wconf 88' lang='lat' dir='ltr'><strong>listiim</strong></span> <span class='ocrx_word' id='word_1_324' title='bbox 2016 1591 2261 1650; x_wconf 85' lang='lat' dir='ltr'><strong>tempore</strong></span> <span class='ocrx_word' id='word_1_325' title='bbox 2291 1581 2645 1651; x_wconf 85' lang='lat' dir='ltr'><strong>subsequenti</strong></span> <span class='ocrx_word' id='word_1_326' title='bbox 2675 1582 2896 1652; x_wconf 89' lang='lat' dir='ltr'><strong>propria</strong></span> <span class='ocrx_word' id='word_1_327' title='bbox 2932 1584 3155 1653; x_wconf 87' lang='lat' dir='ltr'><strong>regione</strong></span> <span class='ocrx_word' id='word_1_328' title='bbox 3189 1583 3243 1637; x_wconf 90' lang='lat' dir='ltr'><strong>in</strong></span> <span class='ocrx_word' id='word_1_329' title='bbox 3277 1601 3388 1655; x_wconf 79' lang='lat' dir='ltr'><strong>qua</strong></span> 
     </span>
    </p>
   </div>
   <div class='ocr_carea' id='block_1_45' title="bbox 1803 1674 3385 1745">
    <p class='ocr_par' dir='ltr' id='par_1_45' title="bbox 1803 1674 3385 1745">
     <span class='ocr_line' id='line_1_45' title="bbox 1803 1674 3385 1745; baseline 0.002 -18"><span class='ocrx_word' id='word_1_330' title='bbox 1803 1674 2255 1745; x_wconf 76' lang='lat' dir='ltr'><strong>peregrinabatur</strong></span> <span class='ocrx_word' id='word_1_331' title='bbox 2315 1674 2471 1729; x_wconf 87' lang='lat' dir='ltr'><strong>Isaac</strong></span> <span class='ocrx_word' id='word_1_332' title='bbox 2519 1674 2739 1744; x_wconf 80' lang='lat' dir='ltr'><strong>fugiens</strong></span> <span class='ocrx_word' id='word_1_333' title='bbox 2798 1675 2854 1729; x_wconf 91' lang='lat' dir='ltr'><strong>in</strong></span> <span class='ocrx_word' id='word_1_334' title='bbox 2908 1675 3084 1744; x_wconf 88' lang='lat' dir='ltr'><strong>patria</strong></span> <span class='ocrx_word' id='word_1_335' title='bbox 3141 1674 3385 1744; x_wconf 83' lang='lat' dir='ltr'><strong>famem,</strong></span> 
     </span>
    </p>
   </div>
   <div class='ocr_carea' id='block_1_46' title="bbox 1801 1765 3390 1837">
    <p class='ocr_par' dir='ltr' id='par_1_46' title="bbox 1801 1765 3390 1837">
     <span class='ocr_line' id='line_1_46' title="bbox 1801 1765 3390 1837; baseline 0.003 -18"><span class='ocrx_word' id='word_1_336' title='bbox 1801 1766 2073 1837; x_wconf 68' lang='lat' dir='ltr'><strong>erpellere</strong></span> <span class='ocrx_word' id='word_1_337' title='bbox 2112 1765 2317 1820; x_wconf 79' lang='lat' dir='ltr'><strong>invidia</strong></span> <span class='ocrx_word' id='word_1_338' title='bbox 2365 1781 2490 1821; x_wconf 92' lang='lat' dir='ltr'><strong>cum</strong></span> <span class='ocrx_word' id='word_1_339' title='bbox 2537 1767 2784 1821; x_wconf 85' lang='lat' dir='ltr'><strong>meditati</strong></span> <span class='ocrx_word' id='word_1_340' title='bbox 2836 1776 3044 1832; x_wconf 86' lang='lat' dir='ltr'><strong>essent,</strong></span> <span class='ocrx_word' id='word_1_341' title='bbox 3087 1768 3390 1823; x_wconf 87' lang='lat' dir='ltr'><strong>obstruunt</strong></span> 
     </span>
    </p>
   </div>
   <div class='ocr_carea' id='block_1_47' title="bbox 1800 1856 3387 1929">
    <p class='ocr_par' dir='ltr' id='par_1_47' title="bbox 1800 1856 3387 1929">
     <span class='ocr_line' id='line_1_47' title="bbox 1800 1856 3387 1929; baseline 0.003 -18"><span class='ocrx_word' id='word_1_342' title='bbox 1800 1866 1996 1928; x_wconf 84' lang='lat' dir='ltr'><strong>puteos</strong></span> <span class='ocrx_word' id='word_1_343' title='bbox 2037 1856 2210 1927; x_wconf 82' lang='lat' dir='ltr'><strong>patris</strong></span> <span class='ocrx_word' id='word_1_344' title='bbox 2258 1856 2400 1926; x_wconf 86' lang='lat' dir='ltr'><strong>ejus,</strong></span> <span class='ocrx_word' id='word_1_345' title='bbox 2458 1865 2706 1926; x_wconf 85' lang='lat' dir='ltr'><strong>pastores</strong></span> <span class='ocrx_word' id='word_1_346' title='bbox 2760 1859 3000 1914; x_wconf 89' lang='lat' dir='ltr'><strong>scientes</strong></span> <span class='ocrx_word' id='word_1_347' title='bbox 3052 1876 3163 1914; x_wconf 89' lang='lat' dir='ltr'><strong>non</strong></span> <span class='ocrx_word' id='word_1_348' title='bbox 3226 1876 3387 1929; x_wconf 84' lang='lat' dir='ltr'><strong>posse</strong></span> 
     </span>
    </p>
   </div>
   <div class='ocr_carea' id='block_1_48' title="bbox 1801 1948 3391 2019">
    <p class='ocr_par' dir='ltr' id='par_1_48' title="bbox 1801 1948 3391 2019">
     <span class='ocr_line' id='line_1_48' title="bbox 1801 1948 3391 2019; baseline 0.003 -17"><span class='ocrx_word' id='word_1_349' title='bbox 1801 1951 2016 2015; x_wconf 76' lang='lat' dir='ltr'><strong>vivere,</strong></span> <span class='ocrx_word' id='word_1_350' title='bbox 2073 1958 2361 2019; x_wconf 87' lang='lat' dir='ltr'><strong>puteorum</strong></span> <span class='ocrx_word' id='word_1_351' title='bbox 2420 1948 2714 2005; x_wconf 87' lang='lat' dir='ltr'><strong>destitutos</strong></span> <span class='ocrx_word' id='word_1_352' title='bbox 2768 1950 3027 2004; x_wconf 83' lang='lat' dir='ltr'><strong>utilitate.</strong></span> <span class='ocrx_word' id='word_1_353' title='bbox 3095 1950 3160 2003; x_wconf 87' lang='lat' dir='ltr'><strong>Et</strong></span> <span class='ocrx_word' id='word_1_354' title='bbox 3210 1949 3391 2007; x_wconf 83' lang='lat' dir='ltr'><strong>Moses</strong></span> 
     </span>
    </p>
   </div>
   <div class='ocr_carea' id='block_1_49' title="bbox 1800 2039 3388 2114">
    <p class='ocr_par' dir='ltr' id='par_1_49' title="bbox 1800 2039 3388 2114">
     <span class='ocr_line' id='line_1_49' title="bbox 1800 2039 3388 2114; baseline -0.001 -17"><span class='ocrx_word' id='word_1_355' title='bbox 1800 2044 1947 2114; x_wconf 83' lang='lat' dir='ltr'><strong>quod</strong></span> <span class='ocrx_word' id='word_1_356' title='bbox 2009 2039 2265 2096; x_wconf 87' lang='lat' dir='ltr'><strong>manibus</strong></span> <span class='ocrx_word' id='word_1_357' title='bbox 2335 2039 2538 2109; x_wconf 88' lang='lat' dir='ltr'><strong>iniquis</strong></span> <span class='ocrx_word' id='word_1_358' title='bbox 2593 2040 2805 2110; x_wconf 88' lang='lat' dir='ltr'><strong>patrari</strong></span> <span class='ocrx_word' id='word_1_359' title='bbox 2860 2049 3042 2109; x_wconf 65' lang='lat' dir='ltr'><strong>coepta</strong></span> <span class='ocrx_word' id='word_1_360' title='bbox 3101 2051 3388 2109; x_wconf 87' lang='lat' dir='ltr'><strong>pastorum</strong></span> 
     </span>
    </p>
   </div>
   <div class='ocr_carea' id='block_1_50' title="bbox 1803 2132 3388 2205">
    <p class='ocr_par' dir='ltr' id='par_1_50' title="bbox 1803 2132 3388 2205">
     <span class='ocr_line' id='line_1_50' title="bbox 1803 2132 3388 2205; baseline -0.002 -13"><span class='ocrx_word' id='word_1_361' title='bbox 1803 2136 2058 2192; x_wconf 86' lang='lat' dir='ltr'><strong>amolitus</strong></span> <span class='ocrx_word' id='word_1_362' title='bbox 2084 2135 2411 2205; x_wconf 65' lang='lat' dir='ltr'><strong>praebuisset</strong></span> <span class='ocrx_word' id='word_1_363' title='bbox 2430 2133 2644 2188; x_wconf 81' lang='lat' dir='ltr'><strong>ﬁliabus</strong></span> <span class='ocrx_word' id='word_1_364' title='bbox 2671 2132 2862 2188; x_wconf 84' lang='lat' dir='ltr'><strong>.lethro</strong></span> <span class='ocrx_word' id='word_1_365' title='bbox 2885 2134 3043 2188; x_wconf 89' lang='lat' dir='ltr'><strong>ocius</strong></span> <span class='ocrx_word' id='word_1_366' title='bbox 3067 2149 3232 2204; x_wconf 88' lang='lat' dir='ltr'><strong>quam</strong></span> <span class='ocrx_word' id='word_1_367' title='bbox 3264 2133 3388 2189; x_wconf 90' lang='lat' dir='ltr'><strong>aliis</strong></span> 
     </span>
    </p>
   </div>
   <div class='ocr_carea' id='block_1_51' title="bbox 1801 2224 3384 2300">
    <p class='ocr_par' dir='ltr' id='par_1_51' title="bbox 1801 2224 3384 2300">
     <span class='ocr_line' id='line_1_51' title="bbox 1801 2224 3384 2300; baseline -0.003 -16"><span class='ocrx_word' id='word_1_368' title='bbox 1801 2229 1993 2284; x_wconf 88' lang='lat' dir='ltr'><strong>diebus</strong></span> <span class='ocrx_word' id='word_1_369' title='bbox 2038 2224 2551 2300; x_wconf 81' lang='lat' dir='ltr'><strong>[opportunitatem]</strong></span> <span class='ocrx_word' id='word_1_370' title='bbox 2602 2226 2914 2295; x_wconf 88' lang='lat' dir='ltr'><strong>adaquandi</strong></span> <span class='ocrx_word' id='word_1_371' title='bbox 2954 2242 3188 2296; x_wconf 80' lang='lat' dir='ltr'><strong>greges,</strong></span> <span class='ocrx_word' id='word_1_372' title='bbox 3241 2226 3384 2295; x_wconf 90' lang='lat' dir='ltr'><strong>patri</strong></span> 
     </span>
    </p>
   </div>
   <div class='ocr_carea' id='block_1_52' title="bbox 1799 2315 3391 2389">
    <p class='ocr_par' dir='ltr' id='par_1_52' title="bbox 1799 2315 3391 2389">
     <span class='ocr_line' id='line_1_52' title="bbox 1799 2315 3391 2389; baseline -0.002 -15"><span class='ocrx_word' id='word_1_373' title='bbox 1799 2320 2013 2389; x_wconf 88' lang='lat' dir='ltr'><strong>placet,</strong></span> <span class='ocrx_word' id='word_1_374' title='bbox 2075 2327 2129 2373; x_wconf 90' lang='lat' dir='ltr'><strong>et</strong></span> <span class='ocrx_word' id='word_1_375' title='bbox 2180 2318 2437 2372; x_wconf 86' lang='lat' dir='ltr'><strong>dominus</strong></span> <span class='ocrx_word' id='word_1_376' title='bbox 2500 2316 2698 2371; x_wconf 88' lang='lat' dir='ltr'><strong>domus</strong></span> <span class='ocrx_word' id='word_1_377' title='bbox 2762 2332 2863 2386; x_wconf 86' lang='lat' dir='ltr'><strong>pro</strong></span> <span class='ocrx_word' id='word_1_378' title='bbox 2919 2317 3127 2371; x_wconf 83' lang='lat' dir='ltr'><strong>advena</strong></span> <span class='ocrx_word' id='word_1_379' title='bbox 3186 2316 3271 2372; x_wconf 72' lang='lat' dir='ltr'><strong>fit.</strong></span> <span class='ocrx_word' id='word_1_380' title='bbox 3323 2315 3391 2371; x_wconf 86' lang='lat' dir='ltr'><strong>Et</strong></span> 
     </span>
    </p>
   </div>
   <div class='ocr_carea' id='block_1_53' title="bbox 1801 2410 3393 2479">
    <p class='ocr_par' dir='ltr' id='par_1_53' title="bbox 1801 2410 3393 2479">
     <span class='ocr_line' id='line_1_53' title="bbox 1801 2410 3393 2479; baseline -0.003 -11"><span class='ocrx_word' id='word_1_381' title='bbox 1801 2422 2059 2469; x_wconf 78' lang='lat' dir='ltr'><strong>sexcenta</strong></span> <span class='ocrx_word' id='word_1_382' title='bbox 2093 2412 2199 2466; x_wconf 88' lang='lat' dir='ltr'><strong>alia</strong></span> <span class='ocrx_word' id='word_1_383' title='bbox 2242 2426 2464 2467; x_wconf 86' lang='lat' dir='ltr'><strong>sumere</strong></span> <span class='ocrx_word' id='word_1_384' title='bbox 2495 2419 2579 2465; x_wconf 89' lang='lat' dir='ltr'><strong>est</strong></span> <span class='ocrx_word' id='word_1_385' title='bbox 2614 2425 2709 2479; x_wconf 89' lang='lat' dir='ltr'><strong>per</strong></span> <span class='ocrx_word' id='word_1_386' title='bbox 2743 2425 2867 2479; x_wconf 63' lang='lat' dir='ltr'><strong>qum.</strong></span> <span class='ocrx_word' id='word_1_387' title='bbox 2901 2410 3287 2465; x_wconf 86' lang='lat' dir='ltr'><strong>desiderabilis</strong></span> <span class='ocrx_word' id='word_1_388' title='bbox 3335 2418 3393 2464; x_wconf 88' lang='lat' dir='ltr'><strong>et</strong></span> 
     </span>
    </p>
   </div>
   <div class='ocr_carea' id='block_1_54' title="bbox 1801 2501 3388 2575">
    <p class='ocr_par' dir='ltr' id='par_1_54' title="bbox 1801 2501 3388 2575">
     <span class='ocr_line' id='line_1_54' title="bbox 1801 2501 3388 2575; baseline -0.002 -17"><span class='ocrx_word' id='word_1_389' title='bbox 1801 2521 1997 2575; x_wconf 87' lang='lat' dir='ltr'><strong>magna</strong></span> <span class='ocrx_word' id='word_1_390' title='bbox 2020 2505 2297 2575; x_wconf 77' lang='lat' dir='ltr'><strong>possessio</strong></span> <span class='ocrx_word' id='word_1_391' title='bbox 2326 2502 2558 2573; x_wconf 86' lang='lat' dir='ltr'><strong>posteris</strong></span> <span class='ocrx_word' id='word_1_392' title='bbox 2579 2501 2815 2557; x_wconf 68' lang='lat' dir='ltr'><strong>Abrahae</strong></span> <span class='ocrx_word' id='word_1_393' title='bbox 2844 2503 2991 2571; x_wconf 90' lang='lat' dir='ltr'><strong>putei</strong></span> <span class='ocrx_word' id='word_1_394' title='bbox 3026 2502 3388 2572; x_wconf 87' lang='lat' dir='ltr'><strong>putabantur.</strong></span> 
     </span>
    </p>
   </div>
   <div class='ocr_carea' id='block_1_55' title="bbox 1803 2591 3389 2660">
    <p class='ocr_par' dir='ltr' id='par_1_55' title="bbox 1803 2591 3389 2660">
     <span class='ocr_line' id='line_1_55' title="bbox 1803 2591 3389 2660; baseline -0.003 -11"><span class='ocrx_word' id='word_1_395' title='bbox 1803 2594 1959 2660; x_wconf 87' lang='lat' dir='ltr'><strong>Quod</strong></span> <span class='ocrx_word' id='word_1_396' title='bbox 1995 2609 2128 2648; x_wconf 90' lang='lat' dir='ltr'><strong>sane</strong></span> <span class='ocrx_word' id='word_1_397' title='bbox 2173 2602 2228 2648; x_wconf 90' lang='lat' dir='ltr'><strong>et</strong></span> <span class='ocrx_word' id='word_1_398' title='bbox 2274 2593 2507 2647; x_wconf 86' lang='lat' dir='ltr'><strong>feliciter</strong></span> <span class='ocrx_word' id='word_1_399' title='bbox 2557 2607 2681 2646; x_wconf 92' lang='lat' dir='ltr'><strong>cum</strong></span> <span class='ocrx_word' id='word_1_400' title='bbox 2720 2591 3021 2646; x_wconf 78' lang='lat' dir='ltr'><strong>invenisset</strong></span> <span class='ocrx_word' id='word_1_401' title='bbox 3056 2592 3234 2646; x_wconf 79' lang='lat' dir='ltr'><strong>Ainan</strong></span> <span class='ocrx_word' id='word_1_402' title='bbox 3289 2607 3389 2647; x_wconf 89' lang='lat' dir='ltr'><strong>seu</strong></span> 
     </span>
    </p>
   </div>
   <div class='ocr_carea' id='block_1_56' title="bbox 1803 2683 3395 2755">
    <p class='ocr_par' dir='ltr' id='par_1_56' title="bbox 1803 2683 3395 2755">
     <span class='ocr_line' id='line_1_56' title="bbox 1803 2683 3395 2755; baseline -0.001 -16"><span class='ocrx_word' id='word_1_403' title='bbox 1803 2684 2000 2752; x_wconf 90' lang='lat' dir='ltr'><strong>Onan,</strong></span> <span class='ocrx_word' id='word_1_404' title='bbox 2056 2695 2292 2755; x_wconf 89' lang='lat' dir='ltr'><strong>utraque</strong></span> <span class='ocrx_word' id='word_1_405' title='bbox 2343 2684 2489 2737; x_wconf 86' lang='lat' dir='ltr'><strong>enim</strong></span> <span class='ocrx_word' id='word_1_406' title='bbox 2540 2697 2673 2737; x_wconf 91' lang='lat' dir='ltr'><strong>voce</strong></span> <span class='ocrx_word' id='word_1_407' title='bbox 2721 2683 3084 2749; x_wconf 87' lang='lat' dir='ltr'><strong>nominatur,</strong></span> <span class='ocrx_word' id='word_1_408' title='bbox 3148 2683 3395 2738; x_wconf 76' lang='lat' dir='ltr'><strong>historia:</strong></span> 
     </span>
    </p>
   </div>
   <div class='ocr_carea' id='block_1_57' title="bbox 1804 2773 3396 2847">
    <p class='ocr_par' dir='ltr' id='par_1_57' title="bbox 1804 2773 3396 2847">
     <span class='ocr_line' id='line_1_57' title="bbox 1804 2773 3396 2847; baseline 0.001 -18"><span class='ocrx_word' id='word_1_409' title='bbox 1804 2776 2037 2847; x_wconf 62' lang='lat' dir='ltr'><strong>praebuit</strong></span> <span class='ocrx_word' id='word_1_410' title='bbox 2087 2775 2375 2831; x_wconf 88' lang='lat' dir='ltr'><strong>materiam</strong></span> <span class='ocrx_word' id='word_1_411' title='bbox 2424 2775 2516 2830; x_wconf 89' lang='lat' dir='ltr'><strong>Dei</strong></span> <span class='ocrx_word' id='word_1_412' title='bbox 2567 2778 2897 2847; x_wconf 82' lang='lat' dir='ltr'><strong>speculatori</strong></span> <span class='ocrx_word' id='word_1_413' title='bbox 2952 2775 3122 2846; x_wconf 76' lang='lat' dir='ltr'><strong>Moysi</strong></span> <span class='ocrx_word' id='word_1_414' title='bbox 3179 2776 3272 2844; x_wconf 87' lang='lat' dir='ltr'><strong>qui</strong></span> <span class='ocrx_word' id='word_1_415' title='bbox 3326 2773 3396 2830; x_wconf 89' lang='lat' dir='ltr'><strong>de</strong></span> 
     </span>
    </p>
   </div>
   <div class='ocr_carea' id='block_1_58' title="bbox 1804 2868 3393 2940">
    <p class='ocr_par' dir='ltr' id='par_1_58' title="bbox 1804 2868 3393 2940">
     <span class='ocr_line' id='line_1_58' title="bbox 1804 2868 3393 2940; baseline -0.001 -18"><span class='ocrx_word' id='word_1_416' title='bbox 1804 2870 2158 2940; x_wconf 87' lang='lat' dir='ltr'><strong>eosmogonia</strong></span> <span class='ocrx_word' id='word_1_417' title='bbox 2190 2879 2244 2924; x_wconf 89' lang='lat' dir='ltr'><strong>et</strong></span> <span class='ocrx_word' id='word_1_418' title='bbox 2266 2869 2333 2922; x_wconf 85' lang='lat' dir='ltr'><strong>de</strong></span> <span class='ocrx_word' id='word_1_419' title='bbox 2357 2868 2499 2923; x_wconf 84' lang='lat' dir='ltr'><strong>Esau</strong></span> <span class='ocrx_word' id='word_1_420' title='bbox 2539 2868 2748 2924; x_wconf 90' lang='lat' dir='ltr'><strong>familia</strong></span> <span class='ocrx_word' id='word_1_421' title='bbox 2784 2870 3162 2940; x_wconf 76' lang='lat' dir='ltr'><strong>genealogiam</strong></span> <span class='ocrx_word' id='word_1_422' title='bbox 3194 2868 3393 2928; x_wconf 79' lang='lat' dir='ltr'><strong>texuit.</strong></span> 
     </span>
    </p>
   </div>
   <div class='ocr_carea' id='block_1_59' title="bbox 127 2962 3394 3039">
    <p class='ocr_par' dir='ltr' id='par_1_59' title="bbox 127 2962 3394 3039">
     <span class='ocr_line' id='line_1_59' title="bbox 127 2962 3394 3039; baseline 0 -22"><span class='ocrx_word' id='word_1_423' title='bbox 127 2964 216 3017; x_wconf 69' lang='grc' dir='ltr'>νίν</span> <span class='ocrx_word' id='word_1_424' title='bbox 256 2964 548 3037; x_wconf 80' lang='grc' dir='ltr'>(ἑκατέρας</span> <span class='ocrx_word' id='word_1_425' title='bbox 578 2966 687 3037; x_wconf 89' lang='grc' dir='ltr'><strong>γάρ</strong></span> <span class='ocrx_word' id='word_1_426' title='bbox 715 2966 817 3034; x_wconf 77' lang='grc' dir='ltr'>τῆς</span> <span class='ocrx_word' id='word_1_427' title='bbox 843 2966 1028 3035; x_wconf 82' lang='grc' dir='ltr'>φωνῆς</span> <span class='ocrx_word' id='word_1_428' title='bbox 1069 2966 1440 3039; x_wconf 77' lang='grc' dir='ltr'>ὀνομάζεται),</span> <span class='ocrx_word' id='word_1_429' title='bbox 1484 2964 1725 3033; x_wconf 77' lang='grc' dir='ltr'>ἱστορίας</span> <span class='ocrx_word' id='word_1_430' title='bbox 1791 2965 2066 3036; x_wconf 87' lang='grc' dir='ltr'>παρέσχεν</span> <span class='ocrx_word' id='word_1_431' title='bbox 2109 2964 2365 3018; x_wconf 85' lang='grc' dir='ltr'>ὑπόθεσιν</span> <span class='ocrx_word' id='word_1_432' title='bbox 2411 2964 2489 3036; x_wconf 79' lang='grc' dir='ltr'>τῷ</span> <span class='ocrx_word' id='word_1_433' title='bbox 2533 2962 2736 3035; x_wconf 83' lang='grc' dir='ltr'>θεόπτῃ</span> <span class='ocrx_word' id='word_1_434' title='bbox 2765 2966 2955 3018; x_wconf 89' lang='grc' dir='ltr'>Μωσεῖ</span> <span class='ocrx_word' id='word_1_435' title='bbox 2998 2964 3142 3018; x_wconf 82' lang='grc' dir='ltr'>κατά</span> <span class='ocrx_word' id='word_1_436' title='bbox 3190 2981 3253 3033; x_wconf 85' lang='grc' dir='ltr'><strong>γε</strong></span> <span class='ocrx_word' id='word_1_437' title='bbox 3293 2963 3394 3035; x_wconf 75' lang='grc' dir='ltr'>τὴν</span> 
     </span>
    </p>
   </div>
   <div class='ocr_carea' id='block_1_60' title="bbox 127 3054 1847 3127">
    <p class='ocr_par' dir='ltr' id='par_1_60' title="bbox 127 3054 1847 3127">
     <span class='ocr_line' id='line_1_60' title="bbox 127 3054 1847 3127; baseline -0.001 -19"><span class='ocrx_word' id='word_1_438' title='bbox 127 3057 507 3126; x_wconf 69' lang='grc' dir='ltr'>κοσμογένειαν</span> <span class='ocrx_word' id='word_1_439' title='bbox 536 3059 629 3109; x_wconf 71' lang='grc' dir='ltr'><strong>καὶ</strong></span> <span class='ocrx_word' id='word_1_440' title='bbox 658 3055 756 3126; x_wconf 79' lang='grc' dir='ltr'><strong>τὴν</strong></span> <span class='ocrx_word' id='word_1_441' title='bbox 781 3056 878 3108; x_wconf 81' lang='grc' dir='ltr'>τοῦ</span> <span class='ocrx_word' id='word_1_442' title='bbox 922 3054 1095 3109; x_wconf 85' lang='grc' dir='ltr'><strong>Ἢσαῦ</strong></span> <span class='ocrx_word' id='word_1_443' title='bbox 1145 3056 1318 3127; x_wconf 68' lang='grc' dir='ltr'>φυλὴν</span> <span class='ocrx_word' id='word_1_444' title='bbox 1368 3055 1847 3125; x_wconf 82' lang='grc' dir='ltr'>γενεαλογήσαντι.</span> 
     </span>
    </p>
   </div>
   <div class='ocr_carea' id='block_1_61' title="bbox 648 3146 1159 3203">
    <p class='ocr_par' dir='ltr' id='par_1_61' title="bbox 648 3146 1159 3203">
     <span class='ocr_line' id='line_1_61' title="bbox 648 3146 1159 3203; baseline 0.008 -4"><span class='ocrx_word' id='word_1_445' title='bbox 648 3146 985 3201; x_wconf 81' lang='grc' dir='ltr'><strong>ΕΡΩΤΗΣΙΣ</strong></span> <span class='ocrx_word' id='word_1_446' title='bbox 1034 3148 1159 3203; x_wconf 75' lang='lat' dir='ltr'><strong>NB’.</strong></span> 
     </span>
    </p>
   </div>
   <div class='ocr_carea' id='block_1_62' title="bbox 132 3234 1702 3310">
    <p class='ocr_par' dir='ltr' id='par_1_62' title="bbox 132 3234 1702 3310">
     <span class='ocr_line' id='line_1_62' title="bbox 132 3234 1702 3310; baseline 0 -19"><span class='ocrx_word' id='word_1_447' title='bbox 132 3237 188 3291; x_wconf 73' lang='grc' dir='ltr'>Τί</span> <span class='ocrx_word' id='word_1_448' title='bbox 201 3236 379 3310; x_wconf 60' lang='grc' dir='ltr'>δηλοῖ</span> <span class='ocrx_word' id='word_1_449' title='bbox 394 3238 461 3310; x_wconf 70' lang='lat' dir='ltr'><em>t6</em></span> <span class='ocrx_word' id='word_1_450' title='bbox 482 3234 555 3291; x_wconf 82' lang='grc' dir='ltr'><strong>ἐν</strong></span> <span class='ocrx_word' id='word_1_451' title='bbox 576 3240 1012 3307; x_wconf 80' lang='grc' dir='ltr'>Δευτερονομίῳ</span> <span class='ocrx_word' id='word_1_452' title='bbox 1032 3242 1441 3310; x_wconf 74' lang='grc' dir='ltr'>γεγραμμένον</span> <span class='ocrx_word' id='word_1_453' title='bbox 1463 3256 1477 3271; x_wconf 75' lang='grc' dir='ltr'><strong>ο</strong></span> <span class='ocrx_word' id='word_1_454' title='bbox 1505 3258 1523 3291; x_wconf 80' lang='grc' dir='ltr'><strong>ε</strong></span> <span class='ocrx_word' id='word_1_455' title='bbox 1560 3239 1702 3310; x_wconf 78' lang='grc' dir='ltr'><strong>Ἐὰν</strong></span> 
     </span>
    </p>
   </div>
   <div class='ocr_carea' id='block_1_63' title="bbox 190 3307 1694 3377">
    <p class='ocr_par' dir='ltr' id='par_1_63' title="bbox 190 3307 1694 3377">
     <span class='ocr_line' id='line_1_63' title="bbox 190 3307 1694 3377; baseline 0.001 -17"><span class='ocrx_word' id='word_1_456' title='bbox 190 3307 253 3361; x_wconf 78' lang='grc' dir='ltr'>δὲ</span> <span class='ocrx_word' id='word_1_457' title='bbox 303 3308 714 3377; x_wconf 77' lang='grc' dir='ltr'>οικοδομήσῃς</span> <span class='ocrx_word' id='word_1_458' title='bbox 765 3312 963 3363; x_wconf 79' lang='grc' dir='ltr'>οὶκίαν</span> <span class='ocrx_word' id='word_1_459' title='bbox 1014 3307 1385 3377; x_wconf 57' lang='grc' dir='ltr'>καιι·ὴι”’καὶ</span> <span class='ocrx_word' id='word_1_460' title='bbox 1435 3309 1694 3377; x_wconf 68' lang='lat' dir='ltr'><strong>nonij</strong></span> 
     </span>
    </p>
   </div>
   <div class='ocr_carea' id='block_1_64' title="bbox 188 3377 1701 3448">
    <p class='ocr_par' dir='ltr' id='par_1_64' title="bbox 188 3377 1701 3448">
     <span class='ocr_line' id='line_1_64' title="bbox 188 3377 1701 3448; baseline 0 -16"><span class='ocrx_word' id='word_1_461' title='bbox 188 3377 495 3446; x_wconf 67' lang='grc' dir='ltr'>στεφάνην</span> <span class='ocrx_word' id='word_1_462' title='bbox 554 3377 633 3444; x_wconf 81' lang='grc' dir='ltr'>τῷ</span> <span class='ocrx_word' id='word_1_463' title='bbox 681 3379 953 3448; x_wconf 82' lang='grc' dir='ltr'>δωματίῳ</span> <span class='ocrx_word' id='word_1_464' title='bbox 985 3396 1124 3445; x_wconf 88' lang='grc' dir='ltr'>σου,</span> <span class='ocrx_word' id='word_1_465' title='bbox 1160 3380 1259 3434; x_wconf 76' lang='grc' dir='ltr'>καὶ</span> <span class='ocrx_word' id='word_1_466' title='bbox 1302 3382 1375 3434; x_wconf 80' lang='grc' dir='ltr'>οὐ</span> <span class='ocrx_word' id='word_1_467' title='bbox 1420 3379 1701 3445; x_wconf 79' lang='grc' dir='ltr'>ποιήσεις</span> 
     </span>
    </p>
   </div>
   <div class='ocr_carea' id='block_1_65' title="bbox 188 3448 1021 3518">
    <p class='ocr_par' dir='ltr' id='par_1_65' title="bbox 188 3448 1021 3518">
     <span class='ocr_line' id='line_1_65' title="bbox 188 3448 1021 3518; baseline 0.001 -17"><span class='ocrx_word' id='word_1_468' title='bbox 188 3451 371 3518; x_wconf 71' lang='grc' dir='ltr'>φόνον</span> <span class='ocrx_word' id='word_1_469' title='bbox 402 3450 474 3503; x_wconf 80' lang='grc' dir='ltr'><strong>ἐν</strong></span> <span class='ocrx_word' id='word_1_470' title='bbox 504 3448 577 3518; x_wconf 75' lang='grc' dir='ltr'>τῇ</span> <span class='ocrx_word' id='word_1_471' title='bbox 617 3450 773 3518; x_wconf 78' lang='grc' dir='ltr'>οἰκίᾳ</span> <span class='ocrx_word' id='word_1_472' title='bbox 801 3463 918 3505; x_wconf 88' lang='grc' dir='ltr'><strong>σου</strong></span> <span class='ocrx_word' id='word_1_473' title='bbox 950 3467 961 3479; x_wconf 88' lang='grc'><strong>·</strong></span> <span class='ocrx_word' id='word_1_474' title='bbox 1005 3469 1021 3502; x_wconf 79' lang='grc' dir='ltr'><strong>ι</strong></span> 
     </span>
    </p>
   </div>
   <div class='ocr_carea' id='block_1_66' title="bbox 2136 3142 3018 3216">
    <p class='ocr_par' dir='ltr' id='par_1_66' title="bbox 2136 3142 3018 3216">
     <span class='ocr_line' id='line_1_66' title="bbox 2136 3142 3018 3216; baseline -0.003 -15"><span class='ocrx_word' id='word_1_475' title='bbox 2136 3144 2465 3211; x_wconf 69' lang='lat' dir='ltr'><strong>QUASSTIO</strong></span> <span class='ocrx_word' id='word_1_476' title='bbox 2503 3143 2617 3199; x_wconf 77' lang='lat' dir='ltr'><strong>1.1x</strong></span> <span class='ocrx_word' id='word_1_477' title='bbox 2675 3142 2771 3216; x_wconf 86' lang='lat' dir='ltr'><strong>[aL</strong></span> <span class='ocrx_word' id='word_1_478' title='bbox 2809 3143 3018 3215; x_wconf 77' lang='lat' dir='ltr'><strong>Lvnn.</strong></span> 
     </span>
    </p>
   </div>
   <div class='ocr_carea' id='block_1_67' title="bbox 1812 3236 3393 3307">
    <p class='ocr_par' dir='ltr' id='par_1_67' title="bbox 1812 3236 3393 3307">
     <span class='ocr_line' id='line_1_67' title="bbox 1812 3236 3393 3307; baseline 0 -17"><span class='ocrx_word' id='word_1_479' title='bbox 1812 3236 2247 3307; x_wconf 73' lang='lat' dir='ltr'><strong>Quidsigniﬁcat</strong></span> <span class='ocrx_word' id='word_1_480' title='bbox 2278 3239 2416 3307; x_wconf 83' lang='lat' dir='ltr'><strong>quod</strong></span> <span class='ocrx_word' id='word_1_481' title='bbox 2453 3240 2505 3291; x_wconf 85' lang='lat' dir='ltr'><strong>in</strong></span> <span class='ocrx_word' id='word_1_482' title='bbox 2542 3238 2948 3293; x_wconf 81' lang='lat' dir='ltr'><strong>Deuteronomio</strong></span> <span class='ocrx_word' id='word_1_483' title='bbox 2979 3239 3234 3306; x_wconf 80' lang='lat' dir='ltr'><strong>scriptum</strong></span> <span class='ocrx_word' id='word_1_484' title='bbox 3273 3246 3350 3291; x_wconf 80' lang='lat' dir='ltr'><strong>est</strong></span> <span class='ocrx_word' id='word_1_485' title='bbox 3373 3253 3393 3290; x_wconf 90' lang='lat'><em>:</em></span> 
     </span>
    </p>
   </div>
   <div class='ocr_carea' id='block_1_68' title="bbox 1892 3306 3393 3379">
    <p class='ocr_par' dir='ltr' id='par_1_68' title="bbox 1892 3306 3393 3379">
     <span class='ocr_line' id='line_1_68' title="bbox 1892 3306 3393 3379; baseline -0.001 -18"><span class='ocrx_word' id='word_1_486' title='bbox 1892 3327 1911 3361; x_wconf 76' lang='grc' dir='ltr'><strong>ι</strong></span> <span class='ocrx_word' id='word_1_487' title='bbox 1941 3306 2001 3362; x_wconf 74' lang='lat' dir='ltr'><strong>Si</strong></span> <span class='ocrx_word' id='word_1_488' title='bbox 2036 3306 2270 3377; x_wconf 54' lang='lat' dir='ltr'><strong>aediﬁces</strong></span> <span class='ocrx_word' id='word_1_489' title='bbox 2291 3306 2520 3361; x_wconf 77' lang='lat' dir='ltr'><strong>domum</strong></span> <span class='ocrx_word' id='word_1_490' title='bbox 2558 3326 2766 3375; x_wconf 84' lang='lat' dir='ltr'><strong>novam,</strong></span> <span class='ocrx_word' id='word_1_491' title='bbox 2805 3310 2968 3379; x_wconf 80' lang='lat' dir='ltr'><strong>{acies</strong></span> <span class='ocrx_word' id='word_1_492' title='bbox 3011 3318 3060 3361; x_wconf 86' lang='lat' dir='ltr'><strong>et</strong></span> <span class='ocrx_word' id='word_1_493' title='bbox 3090 3308 3393 3361; x_wconf 80' lang='lat' dir='ltr'><strong>coronidem</strong></span> 
     </span>
    </p>
   </div>
   <div class='ocr_carea' id='block_1_69' title="bbox 1879 3379 3386 3448">
    <p class='ocr_par' dir='ltr' id='par_1_69' title="bbox 1879 3379 3386 3448">
     <span class='ocr_line' id='line_1_69' title="bbox 1879 3379 3386 3448; baseline -0.003 -15"><span class='ocrx_word' id='word_1_494' title='bbox 1879 3380 2061 3434; x_wconf 79' lang='lat' dir='ltr'><strong>dontui</strong></span> <span class='ocrx_word' id='word_1_495' title='bbox 2092 3389 2219 3447; x_wconf 69' lang='lat' dir='ltr'><strong>tum,</strong></span> <span class='ocrx_word' id='word_1_496' title='bbox 2252 3395 2342 3433; x_wconf 83' lang='lat' dir='ltr'><strong>nec</strong></span> <span class='ocrx_word' id='word_1_497' title='bbox 2373 3379 2537 3448; x_wconf 78' lang='lat' dir='ltr'><strong>[acies</strong></span> <span class='ocrx_word' id='word_1_498' title='bbox 2561 3380 2906 3435; x_wconf 80' lang='lat' dir='ltr'><strong>homicidium</strong></span> <span class='ocrx_word' id='word_1_499' title='bbox 2940 3380 2993 3433; x_wconf 80' lang='lat' dir='ltr'><strong>in</strong></span> <span class='ocrx_word' id='word_1_500' title='bbox 3022 3379 3177 3433; x_wconf 85' lang='lat' dir='ltr'><strong>domo</strong></span> <span class='ocrx_word' id='word_1_501' title='bbox 3205 3380 3337 3434; x_wconf 81' lang='lat' dir='ltr'><strong>tua?</strong></span> <span class='ocrx_word' id='word_1_502' title='bbox 3366 3395 3386 3429; x_wconf 73' lang='grc' dir='ltr'><strong>ι</strong></span> 
     </span>
    </p>
   </div>
   <div class='ocr_carea' id='block_1_70' title="bbox 1012 3582 2486 3650">
    <p class='ocr_par' dir='ltr' id='par_1_70' title="bbox 1012 3582 2486 3650">
     <span class='ocr_line' id='line_1_70' title="bbox 1012 3582 2486 3650; baseline -0.003 -14"><span class='ocrx_word' id='word_1_503' title='bbox 1012 3586 1153 3637; x_wconf 87' lang='lat' dir='ltr'><strong>Edita</strong></span> <span class='ocrx_word' id='word_1_504' title='bbox 1179 3601 1206 3636; x_wconf 88' lang='lat' dir='ltr'><strong>a</strong></span> <span class='ocrx_word' id='word_1_505' title='bbox 1240 3585 1384 3647; x_wconf 81' lang='lat' dir='ltr'><strong>Maio,</strong></span> <span class='ocrx_word' id='word_1_506' title='bbox 1419 3587 1453 3636; x_wconf 86' lang='grc' dir='ltr'>ι.</span> <span class='ocrx_word' id='word_1_507' title='bbox 1476 3600 1542 3644; x_wconf 91' lang='lat' dir='ltr'><strong>c.,</strong></span> <span class='ocrx_word' id='word_1_508' title='bbox 1568 3600 1615 3650; x_wconf 94' lang='lat' dir='ltr'><strong>p.</strong></span> <span class='ocrx_word' id='word_1_509' title='bbox 1641 3583 1805 3634; x_wconf 82' lang='lat'><strong>67-69.</strong></span> <span class='ocrx_word' id='word_1_510' title='bbox 1831 3582 1884 3631; x_wconf 83' lang='lat' dir='ltr'><strong>In</strong></span> <span class='ocrx_word' id='word_1_511' title='bbox 1907 3582 2264 3632; x_wconf 89' lang='lat' dir='ltr'><strong>Deuteronom.</strong></span> <span class='ocrx_word' id='word_1_512' title='bbox 2296 3596 2419 3642; x_wconf 81' lang='lat' dir='ltr'><strong>xm,</strong></span> <span class='ocrx_word' id='word_1_513' title='bbox 2438 3582 2486 3632; x_wconf 91' lang='lat'><strong>8.</strong></span> 
     </span>
    </p>
   </div>
   <div class='ocr_carea' id='block_1_71' title="bbox 192 3691 1697 3764">
    <p class='ocr_par' dir='ltr' id='par_1_71' title="bbox 192 3691 1697 3764">
     <span class='ocr_line' id='line_1_71' title="bbox 192 3691 1697 3764; baseline -0.001 -19"><span class='ocrx_word' id='word_1_514' title='bbox 192 3691 413 3762; x_wconf 86' lang='grc' dir='ltr'>Είρηται</span> <span class='ocrx_word' id='word_1_515' title='bbox 446 3691 552 3763; x_wconf 76' lang='grc' dir='ltr'>μὲν</span> <span class='ocrx_word' id='word_1_516' title='bbox 578 3693 692 3755; x_wconf 88' lang='grc' dir='ltr'>τοῖς</span> <span class='ocrx_word' id='word_1_517' title='bbox 727 3691 832 3764; x_wconf 82' lang='grc' dir='ltr'>πρὸ</span> <span class='ocrx_word' id='word_1_518' title='bbox 859 3692 1021 3763; x_wconf 83' lang='grc' dir='ltr'>ἡμῶν</span> <span class='ocrx_word' id='word_1_519' title='bbox 1063 3694 1192 3761; x_wconf 72' lang='grc' dir='ltr'>περὶ</span> <span class='ocrx_word' id='word_1_520' title='bbox 1235 3694 1440 3762; x_wconf 84' lang='grc' dir='ltr'>ταύτης</span> <span class='ocrx_word' id='word_1_521' title='bbox 1466 3692 1563 3761; x_wconf 77' lang='grc' dir='ltr'>τῆς</span> <span class='ocrx_word' id='word_1_522' title='bbox 1599 3693 1697 3762; x_wconf 78' lang='grc' dir='ltr'><strong>ρήο</strong></span> 
     </span>
    </p>
   </div>
   <div class='ocr_carea' id='block_1_72' title="bbox 125 3782 1698 3856">
    <p class='ocr_par' dir='ltr' id='par_1_72' title="bbox 125 3782 1698 3856">
     <span class='ocr_line' id='line_1_72' title="bbox 125 3782 1698 3856; baseline -0.001 -20"><span class='ocrx_word' id='word_1_523' title='bbox 125 3800 251 3847; x_wconf 88' lang='grc' dir='ltr'>σεως</span> <span class='ocrx_word' id='word_1_524' title='bbox 278 3782 401 3837; x_wconf 73' lang='grc' dir='ltr'>οὔτε</span> <span class='ocrx_word' id='word_1_525' title='bbox 432 3785 536 3854; x_wconf 81' lang='grc' dir='ltr'>τῆς</span> <span class='ocrx_word' id='word_1_526' title='bbox 584 3783 885 3853; x_wconf 79' lang='grc' dir='ltr'>σαφηνείας</span> <span class='ocrx_word' id='word_1_527' title='bbox 912 3784 1064 3837; x_wconf 74' lang='grc' dir='ltr'>οὐδὲν</span> <span class='ocrx_word' id='word_1_528' title='bbox 1114 3784 1240 3837; x_wconf 74' lang='grc' dir='ltr'>οὔτε</span> <span class='ocrx_word' id='word_1_529' title='bbox 1281 3787 1381 3856; x_wconf 81' lang='grc' dir='ltr'><strong>τῆς</strong></span> <span class='ocrx_word' id='word_1_530' title='bbox 1409 3784 1698 3853; x_wconf 78' lang='grc' dir='ltr'>ὀρθότητος</span> 
     </span>
    </p>
   </div>
   <div class='ocr_carea' id='block_1_73' title="bbox 122 3874 1697 3948">
    <p class='ocr_par' dir='ltr' id='par_1_73' title="bbox 122 3874 1697 3948">
     <span class='ocr_line' id='line_1_73' title="bbox 122 3874 1697 3948; baseline 0.002 -21"><span class='ocrx_word' id='word_1_531' title='bbox 122 3875 472 3945; x_wconf 65' lang='grc' dir='ltr'>ἐνδεέστερον.</span> <span class='ocrx_word' id='word_1_532' title='bbox 522 3874 668 3946; x_wconf 75' lang='grc' dir='ltr'>Πλὴν</span> <span class='ocrx_word' id='word_1_533' title='bbox 701 3875 933 3947; x_wconf 75' lang='grc' dir='ltr'>ἐπείπερ</span> <span class='ocrx_word' id='word_1_534' title='bbox 977 3891 1059 3929; x_wconf 91' lang='grc' dir='ltr'><strong>σοι</strong></span> <span class='ocrx_word' id='word_1_535' title='bbox 1103 3875 1256 3946; x_wconf 87' lang='grc' dir='ltr'>φίλον</span> <span class='ocrx_word' id='word_1_536' title='bbox 1304 3878 1399 3929; x_wconf 74' lang='grc' dir='ltr'><strong>καὶ</strong></span> <span class='ocrx_word' id='word_1_537' title='bbox 1444 3876 1478 3930; x_wconf 75' lang='grc' dir='ltr'><strong>ἃ</strong></span> <span class='ocrx_word' id='word_1_538' title='bbox 1516 3876 1697 3948; x_wconf 83' lang='grc' dir='ltr'>ρᾴδιόν</span> 
     </span>
    </p>
   </div>
   <div class='ocr_carea' id='block_1_74' title="bbox 121 3966 1694 4039">
    <p class='ocr_par' dir='ltr' id='par_1_74' title="bbox 121 3966 1694 4039">
     <span class='ocr_line' id='line_1_74' title="bbox 121 3966 1694 4039; baseline 0.001 -19"><span class='ocrx_word' id='word_1_539' title='bbox 121 3968 229 4020; x_wconf 71' lang='grc' dir='ltr'>ἐστι</span> <span class='ocrx_word' id='word_1_540' title='bbox 254 3967 382 4038; x_wconf 86' lang='grc' dir='ltr'>παρ’</span> <span class='ocrx_word' id='word_1_541' title='bbox 412 3966 620 4036; x_wconf 80' lang='grc' dir='ltr'>ἑτέρων</span> <span class='ocrx_word' id='word_1_542' title='bbox 659 3968 873 4039; x_wconf 81' lang='grc' dir='ltr'>μαθεῖν,</span> <span class='ocrx_word' id='word_1_543' title='bbox 902 3967 1073 4022; x_wconf 79' lang='grc' dir='ltr'>ταῦτα</span> <span class='ocrx_word' id='word_1_544' title='bbox 1100 3970 1233 4037; x_wconf 87' lang='grc' dir='ltr'>παρ’</span> <span class='ocrx_word' id='word_1_545' title='bbox 1262 3968 1421 4039; x_wconf 78' lang='grc' dir='ltr'>ἡμῶν</span> <span class='ocrx_word' id='word_1_546' title='bbox 1448 3970 1694 4034; x_wconf 81' lang='grc' dir='ltr'>ἀκούειν,</span> 
     </span>
    </p>
   </div>
   <div class='ocr_carea' id='block_1_75' title="bbox 123 4058 1699 4133">
    <p class='ocr_par' dir='ltr' id='par_1_75' title="bbox 123 4058 1699 4133">
     <span class='ocr_line' id='line_1_75' title="bbox 123 4058 1699 4133; baseline 0.001 -19"><span class='ocrx_word' id='word_1_547' title='bbox 123 4062 423 4133; x_wconf 82' lang='grc' dir='ltr'>συνᾴδοντες</span> <span class='ocrx_word' id='word_1_548' title='bbox 444 4062 543 4115; x_wconf 71' lang='grc' dir='ltr'><strong>καὶ</strong></span> <span class='ocrx_word' id='word_1_549' title='bbox 565 4063 727 4132; x_wconf 81' lang='grc' dir='ltr'>ἡμεῖς</span> <span class='ocrx_word' id='word_1_550' title='bbox 748 4062 1000 4128; x_wconf 77' lang='grc' dir='ltr'>ἐκείνοις,</span> <span class='ocrx_word' id='word_1_551' title='bbox 1022 4064 1118 4115; x_wconf 76' lang='grc' dir='ltr'>καὶ</span> <span class='ocrx_word' id='word_1_552' title='bbox 1143 4063 1379 4131; x_wconf 84' lang='grc' dir='ltr'>μάλιστα</span> <span class='ocrx_word' id='word_1_553' title='bbox 1411 4058 1490 4127; x_wconf 76' lang='grc' dir='ltr'>οἷς</span> <span class='ocrx_word' id='word_1_554' title='bbox 1512 4080 1564 4116; x_wconf 86' lang='grc' dir='ltr'><strong>τι</strong></span> <span class='ocrx_word' id='word_1_555' title='bbox 1588 4063 1699 4116; x_wconf 85' lang='grc' dir='ltr'><strong>τῶν</strong></span> 
     </span>
    </p>
   </div>
   <div class='ocr_carea' id='block_1_76' title="bbox 119 4151 1698 4226">
    <p class='ocr_par' dir='ltr' id='par_1_76' title="bbox 119 4151 1698 4226">
     <span class='ocr_line' id='line_1_76' title="bbox 119 4151 1698 4226; baseline 0.003 -21"><span class='ocrx_word' id='word_1_556' title='bbox 119 4151 285 4206; x_wconf 74' lang='grc' dir='ltr'>ἄλλων</span> <span class='ocrx_word' id='word_1_557' title='bbox 333 4154 427 4207; x_wconf 73' lang='grc' dir='ltr'>ἐπὶ</span> <span class='ocrx_word' id='word_1_558' title='bbox 460 4154 525 4206; x_wconf 84' lang='grc' dir='ltr'>τὸ</span> <span class='ocrx_word' id='word_1_559' title='bbox 576 4154 800 4223; x_wconf 79' lang='grc' dir='ltr'>ἄμεινον</span> <span class='ocrx_word' id='word_1_560' title='bbox 845 4153 1207 4225; x_wconf 80' lang='grc' dir='ltr'>τεθεώρηται,</span> <span class='ocrx_word' id='word_1_561' title='bbox 1251 4157 1348 4209; x_wconf 73' lang='grc' dir='ltr'>καὶ</span> <span class='ocrx_word' id='word_1_562' title='bbox 1407 4156 1698 4226; x_wconf 85' lang='grc' dir='ltr'>σύμφωνον</span> 
     </span>
    </p>
   </div>
   <div class='ocr_carea' id='block_1_77' title="bbox 120 4246 1697 4319">
    <p class='ocr_par' dir='ltr' id='par_1_77' title="bbox 120 4246 1697 4319">
     <span class='ocr_line' id='line_1_77' title="bbox 120 4246 1697 4319; baseline 0.004 -23"><span class='ocrx_word' id='word_1_563' title='bbox 120 4246 423 4316; x_wconf 80' lang='grc' dir='ltr'>ποιούμενοι</span> <span class='ocrx_word' id='word_1_564' title='bbox 467 4247 568 4319; x_wconf 74' lang='grc' dir='ltr'>τὴν</span> <span class='ocrx_word' id='word_1_565' title='bbox 602 4246 924 4313; x_wconf 74' lang='grc' dir='ltr'>ἀνάπτυξιν,</span> <span class='ocrx_word' id='word_1_566' title='bbox 957 4248 1172 4318; x_wconf 83' lang='grc' dir='ltr'>πρῶτον</span> <span class='ocrx_word' id='word_1_567' title='bbox 1224 4249 1325 4318; x_wconf 83' lang='grc' dir='ltr'>μὲν</span> <span class='ocrx_word' id='word_1_568' title='bbox 1353 4248 1554 4302; x_wconf 74' lang='grc' dir='ltr'>εἰδέναι</span> <span class='ocrx_word' id='word_1_569' title='bbox 1590 4266 1697 4317; x_wconf 89' lang='grc' dir='ltr'>φα-</span> 
     </span>
    </p>
   </div>
   <div class='ocr_carea' id='block_1_78' title="bbox 124 4337 1697 4411">
    <p class='ocr_par' dir='ltr' id='par_1_78' title="bbox 124 4337 1697 4411">
     <span class='ocr_line' id='line_1_78' title="bbox 124 4337 1697 4411; baseline 0.003 -21"><span class='ocrx_word' id='word_1_570' title='bbox 124 4337 217 4404; x_wconf 76' lang='grc' dir='ltr'>μὲν</span> <span class='ocrx_word' id='word_1_571' title='bbox 243 4337 373 4405; x_wconf 88' lang='grc' dir='ltr'>δεῖν,</span> <span class='ocrx_word' id='word_1_572' title='bbox 416 4339 495 4403; x_wconf 82' lang='grc' dir='ltr'>ὡς</span> <span class='ocrx_word' id='word_1_573' title='bbox 534 4342 561 4392; x_wconf 82' lang='grc' dir='ltr'>ὁ</span> <span class='ocrx_word' id='word_1_574' title='bbox 588 4340 688 4393; x_wconf 76' lang='grc' dir='ltr'>καὶ</span> <span class='ocrx_word' id='word_1_575' title='bbox 725 4338 987 4401; x_wconf 80' lang='grc' dir='ltr'>πολλάκις</span> <span class='ocrx_word' id='word_1_576' title='bbox 1037 4340 1334 4409; x_wconf 83' lang='grc' dir='ltr'>σύνδεσμος</span> <span class='ocrx_word' id='word_1_577' title='bbox 1367 4339 1555 4411; x_wconf 84' lang='grc' dir='ltr'>ὥσπερ</span> <span class='ocrx_word' id='word_1_578' title='bbox 1600 4342 1697 4395; x_wconf 73' lang='grc' dir='ltr'><strong>καὶ</strong></span> 
     </span>
    </p>
   </div>
   <div class='ocr_carea' id='block_1_79' title="bbox 1877 3687 3393 3760">
    <p class='ocr_par' dir='ltr' id='par_1_79' title="bbox 1877 3687 3393 3760">
     <span class='ocr_line' id='line_1_79' title="bbox 1877 3687 3393 3760; baseline 0.003 -19"><span class='ocrx_word' id='word_1_579' title='bbox 1877 3687 2097 3744; x_wconf 89' lang='lat' dir='ltr'><strong>Dictum</strong></span> <span class='ocrx_word' id='word_1_580' title='bbox 2137 3698 2220 3743; x_wconf 88' lang='lat' dir='ltr'><strong>est</strong></span> <span class='ocrx_word' id='word_1_581' title='bbox 2264 3690 2485 3757; x_wconf 80' lang='lat' dir='ltr'><strong>quidem</strong></span> <span class='ocrx_word' id='word_1_582' title='bbox 2535 3704 2565 3744; x_wconf 86' lang='lat' dir='ltr'><strong>a</strong></span> <span class='ocrx_word' id='word_1_583' title='bbox 2604 3690 2909 3760; x_wconf 85' lang='lat' dir='ltr'><strong>majoribus</strong></span> <span class='ocrx_word' id='word_1_584' title='bbox 2941 3690 3148 3745; x_wconf 89' lang='lat' dir='ltr'><strong>nostris</strong></span> <span class='ocrx_word' id='word_1_585' title='bbox 3180 3688 3249 3744; x_wconf 90' lang='lat' dir='ltr'><strong>de</strong></span> <span class='ocrx_word' id='word_1_586' title='bbox 3288 3688 3393 3745; x_wconf 90' lang='lat' dir='ltr'><strong>hac</strong></span> 
     </span>
    </p>
   </div>
   <div class='ocr_carea' id='block_1_80' title="bbox 1802 3781 3396 3851">
    <p class='ocr_par' dir='ltr' id='par_1_80' title="bbox 1802 3781 3396 3851">
     <span class='ocr_line' id='line_1_80' title="bbox 1802 3781 3396 3851; baseline -0.003 -14"><span class='ocrx_word' id='word_1_587' title='bbox 1802 3782 2081 3837; x_wconf 90' lang='lat' dir='ltr'><strong>locutione</strong></span> <span class='ocrx_word' id='word_1_588' title='bbox 2135 3781 2281 3850; x_wconf 91' lang='lat' dir='ltr'><strong>quod</strong></span> <span class='ocrx_word' id='word_1_589' title='bbox 2333 3798 2509 3851; x_wconf 64' lang='lat' dir='ltr'><strong>neque</strong></span> <span class='ocrx_word' id='word_1_590' title='bbox 2562 3783 2935 3838; x_wconf 88' lang='lat' dir='ltr'><strong>illustratione</strong></span> <span class='ocrx_word' id='word_1_591' title='bbox 2984 3797 3163 3851; x_wconf 86' lang='lat' dir='ltr'><strong>neque</strong></span> <span class='ocrx_word' id='word_1_592' title='bbox 3216 3795 3396 3835; x_wconf 88' lang='lat' dir='ltr'><strong>corre-</strong></span> 
     </span>
    </p>
   </div>
   <div class='ocr_carea' id='block_1_81' title="bbox 1802 3872 3393 3945">
    <p class='ocr_par' dir='ltr' id='par_1_81' title="bbox 1802 3872 3393 3945">
     <span class='ocr_line' id='line_1_81' title="bbox 1802 3872 3393 3945; baseline -0.002 -18"><span class='ocrx_word' id='word_1_593' title='bbox 1802 3874 1987 3927; x_wconf 91' lang='lat' dir='ltr'><strong>ctione</strong></span> <span class='ocrx_word' id='word_1_594' title='bbox 2026 3872 2248 3941; x_wconf 86' lang='lat' dir='ltr'><strong>indiget.</strong></span> <span class='ocrx_word' id='word_1_595' title='bbox 2282 3874 2535 3928; x_wconf 84' lang='lat' dir='ltr'><strong>Attamen</strong></span> <span class='ocrx_word' id='word_1_596' title='bbox 2571 3875 2702 3945; x_wconf 87' lang='lat' dir='ltr'><strong>quia</strong></span> <span class='ocrx_word' id='word_1_597' title='bbox 2734 3876 2831 3929; x_wconf 87' lang='lat' dir='ltr'><strong>tibi</strong></span> <span class='ocrx_word' id='word_1_598' title='bbox 2868 3875 3133 3945; x_wconf 88' lang='lat' dir='ltr'><strong>placitum</strong></span> <span class='ocrx_word' id='word_1_599' title='bbox 3172 3883 3227 3928; x_wconf 90' lang='lat' dir='ltr'><strong>et</strong></span> <span class='ocrx_word' id='word_1_600' title='bbox 3270 3886 3393 3939; x_wconf 64' lang='lat' dir='ltr'><strong>qua:</strong></span> 
     </span>
    </p>
   </div>
   <div class='ocr_carea' id='block_1_82' title="bbox 1804 3964 3391 4032">
    <p class='ocr_par' dir='ltr' id='par_1_82' title="bbox 1804 3964 3391 4032">
     <span class='ocr_line' id='line_1_82' title="bbox 1804 3964 3391 4032; baseline -0.002 -15"><span class='ocrx_word' id='word_1_601' title='bbox 1804 3964 1965 4019; x_wconf 83' lang='lat' dir='ltr'><strong>facile</strong></span> <span class='ocrx_word' id='word_1_602' title='bbox 1990 3974 2075 4019; x_wconf 88' lang='lat' dir='ltr'><strong>est</strong></span> <span class='ocrx_word' id='word_1_603' title='bbox 2106 3964 2176 4017; x_wconf 88' lang='lat' dir='ltr'><strong>ab</strong></span> <span class='ocrx_word' id='word_1_604' title='bbox 2199 3964 2322 4018; x_wconf 88' lang='lat' dir='ltr'><strong>aliis</strong></span> <span class='ocrx_word' id='word_1_605' title='bbox 2346 3966 2581 4032; x_wconf 86' lang='lat' dir='ltr'><strong>discere,</strong></span> <span class='ocrx_word' id='word_1_606' title='bbox 2613 3966 2731 4020; x_wconf 63' lang='lat' dir='ltr'><strong>haec</strong></span> <span class='ocrx_word' id='word_1_607' title='bbox 2759 3981 2788 4017; x_wconf 89' lang='lat' dir='ltr'><strong>a</strong></span> <span class='ocrx_word' id='word_1_608' title='bbox 2820 3967 2980 4019; x_wconf 91' lang='lat' dir='ltr'><strong>nobis</strong></span> <span class='ocrx_word' id='word_1_609' title='bbox 3008 3966 3220 4029; x_wconf 90' lang='lat' dir='ltr'><strong>audire,</strong></span> <span class='ocrx_word' id='word_1_610' title='bbox 3255 3978 3391 4017; x_wconf 83' lang='lat' dir='ltr'><strong>cen-</strong></span> 
     </span>
    </p>
   </div>
   <div class='ocr_carea' id='block_1_83' title="bbox 1803 4053 3389 4126">
    <p class='ocr_par' dir='ltr' id='par_1_83' title="bbox 1803 4053 3389 4126">
     <span class='ocr_line' id='line_1_83' title="bbox 1803 4053 3389 4126; baseline -0.001 -17"><span class='ocrx_word' id='word_1_611' title='bbox 1803 4056 2051 4110; x_wconf 87' lang='lat' dir='ltr'><strong>cinentes</strong></span> <span class='ocrx_word' id='word_1_612' title='bbox 2096 4063 2150 4108; x_wconf 92' lang='lat' dir='ltr'><strong>et</strong></span> <span class='ocrx_word' id='word_1_613' title='bbox 2193 4071 2293 4110; x_wconf 90' lang='lat' dir='ltr'><strong>nos</strong></span> <span class='ocrx_word' id='word_1_614' title='bbox 2336 4056 2463 4123; x_wconf 86' lang='lat' dir='ltr'><strong>illis,</strong></span> <span class='ocrx_word' id='word_1_615' title='bbox 2500 4067 2553 4110; x_wconf 92' lang='lat' dir='ltr'><strong>et</strong></span> <span class='ocrx_word' id='word_1_616' title='bbox 2588 4058 2893 4126; x_wconf 64' lang='lat' dir='ltr'><strong>praesertim</strong></span> <span class='ocrx_word' id='word_1_617' title='bbox 2926 4057 3127 4126; x_wconf 91' lang='lat' dir='ltr'><strong>quibus</strong></span> <span class='ocrx_word' id='word_1_618' title='bbox 3182 4053 3389 4123; x_wconf 91' lang='lat' dir='ltr'><strong>aliquid</strong></span> 
     </span>
    </p>
   </div>
   <div class='ocr_carea' id='block_1_84' title="bbox 1802 4147 3385 4220">
    <p class='ocr_par' dir='ltr' id='par_1_84' title="bbox 1802 4147 3385 4220">
     <span class='ocr_line' id='line_1_84' title="bbox 1802 4147 3385 4220; baseline -0.003 -18"><span class='ocrx_word' id='word_1_619' title='bbox 1802 4149 2036 4203; x_wconf 88' lang='lat' dir='ltr'><strong>aliorum</strong></span> <span class='ocrx_word' id='word_1_620' title='bbox 2083 4147 2136 4201; x_wconf 92' lang='lat' dir='ltr'><strong>in</strong></span> <span class='ocrx_word' id='word_1_621' title='bbox 2176 4148 2372 4205; x_wconf 89' lang='lat' dir='ltr'><strong>melius</strong></span> <span class='ocrx_word' id='word_1_622' title='bbox 2424 4150 2767 4220; x_wconf 88' lang='lat' dir='ltr'><strong>speculatum</strong></span> <span class='ocrx_word' id='word_1_623' title='bbox 2819 4157 2924 4213; x_wconf 92' lang='lat' dir='ltr'><strong>est,</strong></span> <span class='ocrx_word' id='word_1_624' title='bbox 2980 4157 3035 4202; x_wconf 87' lang='lat' dir='ltr'><strong>et</strong></span> <span class='ocrx_word' id='word_1_625' title='bbox 3081 4161 3385 4202; x_wconf 88' lang='lat' dir='ltr'><strong>consonam</strong></span> 
     </span>
    </p>
   </div>
   <div class='ocr_carea' id='block_1_85' title="bbox 1806 4236 3391 4309">
    <p class='ocr_par' dir='ltr' id='par_1_85' title="bbox 1806 4236 3391 4309">
     <span class='ocr_line' id='line_1_85' title="bbox 1806 4236 3391 4309; baseline -0.001 -17"><span class='ocrx_word' id='word_1_626' title='bbox 1806 4237 2072 4292; x_wconf 87' lang='lat' dir='ltr'><strong>facientes</strong></span> <span class='ocrx_word' id='word_1_627' title='bbox 2136 4239 2592 4307; x_wconf 74' lang='lat' dir='ltr'><strong>replicationem,</strong></span> <span class='ocrx_word' id='word_1_628' title='bbox 2652 4239 2889 4309; x_wconf 90' lang='lat' dir='ltr'><strong>primum</strong></span> <span class='ocrx_word' id='word_1_629' title='bbox 2940 4236 3164 4309; x_wconf 80' lang='lat' dir='ltr'><strong>quidem</strong></span> <span class='ocrx_word' id='word_1_630' title='bbox 3225 4250 3391 4291; x_wconf 89' lang='lat' dir='ltr'><strong>nosse</strong></span> 
     </span>
    </p>
   </div>
   <div class='ocr_carea' id='block_1_86' title="bbox 1800 4327 3389 4402">
    <p class='ocr_par' dir='ltr' id='par_1_86' title="bbox 1800 4327 3389 4402">
     <span class='ocr_line' id='line_1_86' title="bbox 1800 4327 3389 4402; baseline -0.004 -19"><span class='ocrx_word' id='word_1_631' title='bbox 1800 4329 2035 4384; x_wconf 89' lang='lat' dir='ltr'><strong>dicimus</strong></span> <span class='ocrx_word' id='word_1_632' title='bbox 2086 4341 2355 4402; x_wconf 88' lang='lat' dir='ltr'><strong>oportere,</strong></span> <span class='ocrx_word' id='word_1_633' title='bbox 2410 4328 2557 4399; x_wconf 87' lang='lat' dir='ltr'><strong>quod</strong></span> <span class='ocrx_word' id='word_1_634' title='bbox 2615 4344 2759 4398; x_wconf 61' lang='lat' dir='ltr'><strong>saepe</strong></span> <span class='ocrx_word' id='word_1_635' title='bbox 2808 4329 3147 4397; x_wconf 88' lang='lat' dir='ltr'><strong>conjunctio,</strong></span> <span class='ocrx_word' id='word_1_636' title='bbox 3197 4338 3270 4392; x_wconf 77' lang='lat' dir='ltr'><strong>et,</strong></span> <span class='ocrx_word' id='word_1_637' title='bbox 3310 4327 3389 4381; x_wconf 84' lang='lat' dir='ltr'><strong>s&#39;i-</strong></span> 
     </span>
    </p>
   </div>
   <div class='ocr_carea' id='block_1_87' title="bbox 118 4418 1713 4504">
    <p class='ocr_par' dir='ltr' id='par_1_87' title="bbox 118 4428 1699 4504">
     <span class='ocr_line' id='line_1_87' title="bbox 118 4428 1699 4504; baseline 0.004 -23"><span class='ocrx_word' id='word_1_638' title='bbox 118 4428 265 4483; x_wconf 77' lang='grc' dir='ltr'>ἀλλαι</span> <span class='ocrx_word' id='word_1_639' title='bbox 300 4433 496 4486; x_wconf 75' lang='grc' dir='ltr'>πολλαὶ</span> <span class='ocrx_word' id='word_1_640' title='bbox 520 4432 629 4486; x_wconf 83' lang='grc' dir='ltr'>τῶν</span> <span class='ocrx_word' id='word_1_641' title='bbox 658 4432 856 4499; x_wconf 82' lang='grc' dir='ltr'>λέξεων</span> <span class='ocrx_word' id='word_1_642' title='bbox 899 4433 1049 4504; x_wconf 73' lang='grc' dir='ltr'>παρὰ</span> <span class='ocrx_word' id='word_1_643' title='bbox 1086 4434 1198 4497; x_wconf 92' lang='grc' dir='ltr'>τοῖς</span> <span class='ocrx_word' id='word_1_644' title='bbox 1236 4432 1553 4497; x_wconf 87' lang='grc' dir='ltr'>Μωσαῖκοῖς</span> <span class='ocrx_word' id='word_1_645' title='bbox 1584 4434 1699 4487; x_wconf 86' lang='grc' dir='ltr'>δια-</span> 
     </span>
    </p>
   </div>
   <div class='ocr_carea' id='block_1_88' title="bbox 1816 4418 3390 4504">
    <p class='ocr_par' dir='ltr' id='par_1_88' title="bbox 1816 4418 3390 4480">
     <span class='ocr_line' id='line_1_88' title="bbox 1816 4418 3390 4480; baseline -0.006 0"><span class='ocrx_word' id='word_1_646' title='bbox 1816 4434 1901 4480; x_wconf 70' lang='grc' dir='ltr'><strong>υυι</strong></span> <span class='ocrx_word' id='word_1_647' title='bbox 1927 4435 1983 4479; x_wconf 87' lang='lat' dir='ltr'><strong>et</strong></span> <span class='ocrx_word' id='word_1_648' title='bbox 2014 4426 2133 4479; x_wconf 70' lang='lat' dir='ltr'><strong>aliae</strong></span> <span class='ocrx_word' id='word_1_649' title='bbox 2181 4423 2367 4477; x_wconf 73' lang='lat' dir='ltr'><strong>multae</strong></span> <span class='ocrx_word' id='word_1_650' title='bbox 2404 4437 2470 4476; x_wconf 83' lang='lat' dir='ltr'><strong>ex</strong></span> <span class='ocrx_word' id='word_1_651' title='bbox 2534 4420 2868 4475; x_wconf 87' lang='lat' dir='ltr'><strong>dictionibus</strong></span> <span class='ocrx_word' id='word_1_652' title='bbox 2911 4419 2963 4474; x_wconf 91' lang='lat' dir='ltr'><strong>in</strong></span> <span class='ocrx_word' id='word_1_653' title='bbox 3008 4418 3261 4474; x_wconf 80' lang='lat' dir='ltr'><strong>Mosaicis</strong></span> <span class='ocrx_word' id='word_1_654' title='bbox 3304 4433 3390 4472; x_wconf 88' lang='lat' dir='ltr'><strong>or-</strong></span> 
     </span>
    </p>
   </div>
   <div class='ocr_carea' id='block_1_89' title="bbox 122 4523 1696 4597">
    <p class='ocr_par' dir='ltr' id='par_1_89' title="bbox 122 4523 1696 4597">
     <span class='ocr_line' id='line_1_89' title="bbox 122 4523 1696 4597; baseline 0.001 -21"><span class='ocrx_word' id='word_1_655' title='bbox 122 4525 363 4594; x_wconf 81' lang='grc' dir='ltr'>τάγμασι</span> <span class='ocrx_word' id='word_1_656' title='bbox 406 4524 776 4596; x_wconf 83' lang='grc' dir='ltr'>παρέλκοντος</span> <span class='ocrx_word' id='word_1_657' title='bbox 823 4526 1009 4596; x_wconf 83' lang='grc' dir='ltr'>ὲπέχει</span> <span class='ocrx_word' id='word_1_658' title='bbox 1041 4523 1226 4596; x_wconf 81' lang='grc' dir='ltr'>χώραν</span> <span class='ocrx_word' id='word_1_659' title='bbox 1252 4540 1266 4555; x_wconf 83' lang='grc'><em>’</em></span> <span class='ocrx_word' id='word_1_660' title='bbox 1304 4526 1385 4578; x_wconf 80' lang='grc' dir='ltr'><strong>διὸ</strong></span> <span class='ocrx_word' id='word_1_661' title='bbox 1430 4526 1525 4579; x_wconf 76' lang='grc' dir='ltr'><strong>καὶ</strong></span> <span class='ocrx_word' id='word_1_662' title='bbox 1558 4526 1696 4597; x_wconf 81' lang='grc' dir='ltr'>πρὸς</span> 
     </span>
    </p>
   </div>
   <div class='ocr_carea' id='block_1_90' title="bbox 120 4613 1696 4688">
    <p class='ocr_par' dir='ltr' id='par_1_90' title="bbox 120 4613 1696 4688">
     <span class='ocr_line' id='line_1_90' title="bbox 120 4613 1696 4688; baseline 0.003 -23"><span class='ocrx_word' id='word_1_663' title='bbox 120 4613 176 4665; x_wconf 80' lang='grc' dir='ltr'><strong>τδ</strong></span> <span class='ocrx_word' id='word_1_664' title='bbox 202 4614 492 4688; x_wconf 80' lang='grc' dir='ltr'>εὐθύτερον</span> <span class='ocrx_word' id='word_1_665' title='bbox 511 4616 890 4687; x_wconf 84' lang='grc' dir='ltr'>ἀναγνωσθείη</span> <span class='ocrx_word' id='word_1_666' title='bbox 916 4616 983 4670; x_wconf 82' lang='grc' dir='ltr'>ἂν</span> <span class='ocrx_word' id='word_1_667' title='bbox 1003 4617 1062 4670; x_wconf 84' lang='grc' dir='ltr'><strong>τὸ</strong></span> <span class='ocrx_word' id='word_1_668' title='bbox 1081 4616 1266 4687; x_wconf 81' lang='grc' dir='ltr'>ῥητὸν,</span> <span class='ocrx_word' id='word_1_669' title='bbox 1302 4618 1396 4669; x_wconf 80' lang='grc' dir='ltr'>τοῦ</span> <span class='ocrx_word' id='word_1_670' title='bbox 1430 4616 1575 4670; x_wconf 71' lang='grc' dir='ltr'>κατὰ</span> <span class='ocrx_word' id='word_1_671' title='bbox 1596 4618 1696 4687; x_wconf 83' lang='grc' dir='ltr'><strong>τὴν</strong></span> 
     </span>
    </p>
   </div>
   <div class='ocr_carea' id='block_1_91' title="bbox 123 4702 1697 4778">
    <p class='ocr_par' dir='ltr' id='par_1_91' title="bbox 123 4702 1697 4778">
     <span class='ocr_line' id='line_1_91' title="bbox 123 4702 1697 4778; baseline 0.003 -23"><span class='ocrx_word' id='word_1_672' title='bbox 123 4702 289 4775; x_wconf 80' lang='grc' dir='ltr'>ἀρχὴν</span> <span class='ocrx_word' id='word_1_673' title='bbox 329 4706 637 4777; x_wconf 82' lang='grc' dir='ltr'>συνδέσμου</span> <span class='ocrx_word' id='word_1_674' title='bbox 686 4705 1162 4778; x_wconf 72' lang='grc' dir='ltr'>περιαιρεθέντες·</span> <span class='ocrx_word' id='word_1_675' title='bbox 1214 4705 1426 4769; x_wconf 83' lang='grc' dir='ltr'>διπλαῖς</span> <span class='ocrx_word' id='word_1_676' title='bbox 1474 4706 1533 4757; x_wconf 80' lang='grc' dir='ltr'>δὲ</span> <span class='ocrx_word' id='word_1_677' title='bbox 1575 4705 1697 4759; x_wconf 82' lang='grc' dir='ltr'>δια-</span> 
     </span>
    </p>
   </div>
   <div class='ocr_carea' id='block_1_92' title="bbox 120 4795 1697 4869">
    <p class='ocr_par' dir='ltr' id='par_1_92' title="bbox 120 4795 1697 4869">
     <span class='ocr_line' id='line_1_92' title="bbox 120 4795 1697 4869; baseline 0.001 -22"><span class='ocrx_word' id='word_1_678' title='bbox 120 4795 282 4859; x_wconf 85' lang='grc' dir='ltr'>νοίαις</span> <span class='ocrx_word' id='word_1_679' title='bbox 329 4798 363 4867; x_wconf 74' lang='grc' dir='ltr'><strong>ἡ</strong></span> <span class='ocrx_word' id='word_1_680' title='bbox 405 4797 677 4868; x_wconf 78' lang='grc' dir='ltr'>ἑρμηνεία</span> <span class='ocrx_word' id='word_1_681' title='bbox 708 4798 1015 4869; x_wconf 77' lang='grc' dir='ltr'>μερίζεται.</span> <span class='ocrx_word' id='word_1_682' title='bbox 1057 4798 1122 4849; x_wconf 83' lang='grc' dir='ltr'><strong><em>Ἢ</em></strong></span> <span class='ocrx_word' id='word_1_683' title='bbox 1169 4797 1267 4868; x_wconf 80' lang='grc' dir='ltr'><strong>μὲν</strong></span> <span class='ocrx_word' id='word_1_684' title='bbox 1315 4798 1424 4868; x_wconf 74' lang='grc' dir='ltr'><strong>γάρ</strong></span> <span class='ocrx_word' id='word_1_685' title='bbox 1460 4797 1596 4868; x_wconf 75' lang='grc' dir='ltr'>πρὸς</span> <span class='ocrx_word' id='word_1_686' title='bbox 1637 4795 1697 4849; x_wconf 80' lang='grc' dir='ltr'><strong>τὸ</strong></span> 
     </span>
    </p>
   </div>
   <div class='ocr_carea' id='block_1_93' title="bbox 119 4887 1696 4961">
    <p class='ocr_par' dir='ltr' id='par_1_93' title="bbox 119 4887 1696 4961">
     <span class='ocr_line' id='line_1_93' title="bbox 119 4887 1696 4961; baseline 0.003 -22"><span class='ocrx_word' id='word_1_687' title='bbox 119 4887 346 4958; x_wconf 80' lang='grc' dir='ltr'>γράμμα</span> <span class='ocrx_word' id='word_1_688' title='bbox 390 4889 659 4943; x_wconf 77' lang='grc' dir='ltr'>διαϐαίνει</span> <span class='ocrx_word' id='word_1_689' title='bbox 690 4890 785 4943; x_wconf 70' lang='grc' dir='ltr'><strong>καὶ</strong></span> <span class='ocrx_word' id='word_1_690' title='bbox 813 4890 900 4943; x_wconf 86' lang='grc' dir='ltr'>διὰ</span> <span class='ocrx_word' id='word_1_691' title='bbox 936 4890 1044 4943; x_wconf 83' lang='grc' dir='ltr'><strong>τῶν</strong></span> <span class='ocrx_word' id='word_1_692' title='bbox 1086 4888 1362 4961; x_wconf 83' lang='grc' dir='ltr'>αἰσθητῶν</span> <span class='ocrx_word' id='word_1_693' title='bbox 1392 4890 1696 4944; x_wconf 85' lang='grc' dir='ltr'>ἀπευθύνε-</span> 
     </span>
    </p>
   </div>
   <div class='ocr_carea' id='block_1_94' title="bbox 118 4982 1694 5054">
    <p class='ocr_par' dir='ltr' id='par_1_94' title="bbox 118 4982 1694 5054">
     <span class='ocr_line' id='line_1_94' title="bbox 118 4982 1694 5054; baseline 0.006 -25"><span class='ocrx_word' id='word_1_694' title='bbox 118 4995 221 5046; x_wconf 80' lang='grc' dir='ltr'>ται,</span> <span class='ocrx_word' id='word_1_695' title='bbox 255 4982 369 5051; x_wconf 67' lang='grc' dir='ltr'>ηδε</span> <span class='ocrx_word' id='word_1_696' title='bbox 416 4983 554 5054; x_wconf 81' lang='grc' dir='ltr'>πρὸς</span> <span class='ocrx_word' id='word_1_697' title='bbox 590 4982 825 5053; x_wconf 87' lang='grc' dir='ltr'>θεωρίαν</span> <span class='ocrx_word' id='word_1_698' title='bbox 875 4982 1020 5037; x_wconf 88' lang='grc' dir='ltr'>θέλει</span> <span class='ocrx_word' id='word_1_699' title='bbox 1070 4983 1269 5054; x_wconf 81' lang='grc' dir='ltr'>μᾶλλον</span> <span class='ocrx_word' id='word_1_700' title='bbox 1304 4983 1694 5054; x_wconf 71' lang='grc' dir='ltr'>ἀνάγεσθαιοή</span> 
     </span>
    </p>
   </div>
   <div class='ocr_carea' id='block_1_95' title="bbox 123 5066 1697 5144">
    <p class='ocr_par' dir='ltr' id='par_1_95' title="bbox 123 5066 1697 5144">
     <span class='ocr_line' id='line_1_95' title="bbox 123 5066 1697 5144; baseline 0.004 -25"><span class='ocrx_word' id='word_1_701' title='bbox 123 5068 216 5137; x_wconf 76' lang='grc' dir='ltr'>μὲν</span> <span class='ocrx_word' id='word_1_702' title='bbox 240 5066 334 5124; x_wconf 79' lang='grc' dir='ltr'><strong>οὖν</strong></span> <span class='ocrx_word' id='word_1_703' title='bbox 361 5071 464 5143; x_wconf 77' lang='grc' dir='ltr'><strong>τὴν</strong></span> <span class='ocrx_word' id='word_1_704' title='bbox 500 5072 727 5143; x_wconf 73' lang='grc' dir='ltr'>πρόοδον</span> <span class='ocrx_word' id='word_1_705' title='bbox 759 5073 827 5126; x_wconf 79' lang='grc' dir='ltr'>δι’</span> <span class='ocrx_word' id='word_1_706' title='bbox 856 5066 930 5126; x_wconf 87' lang='grc' dir='ltr'>ὧν</span> <span class='ocrx_word' id='word_1_707' title='bbox 961 5077 994 5144; x_wconf 78' lang='grc' dir='ltr'><strong>η</strong></span> <span class='ocrx_word' id='word_1_708' title='bbox 1019 5072 1165 5138; x_wconf 78' lang='grc' dir='ltr'>λέξις</span> <span class='ocrx_word' id='word_1_709' title='bbox 1190 5073 1394 5143; x_wconf 80' lang='grc' dir='ltr'>μᾶλλον</span> <span class='ocrx_word' id='word_1_710' title='bbox 1428 5074 1521 5127; x_wconf 76' lang='grc' dir='ltr'>καὶ</span> <span class='ocrx_word' id='word_1_711' title='bbox 1548 5076 1581 5142; x_wconf 86' lang='grc' dir='ltr'><strong>ή</strong></span> <span class='ocrx_word' id='word_1_712' title='bbox 1615 5075 1697 5126; x_wconf 76' lang='grc' dir='ltr'>αῖ·</span> 
     </span>
    </p>
   </div>
   <div class='ocr_carea' id='block_1_96' title="bbox 123 5161 1695 5242">
    <p class='ocr_par' dir='ltr' id='par_1_96' title="bbox 123 5161 1695 5242">
     <span class='ocr_line' id='line_1_96' title="bbox 123 5161 1695 5242; baseline 0.003 -27"><span class='ocrx_word' id='word_1_713' title='bbox 123 5161 306 5232; x_wconf 81' lang='grc' dir='ltr'>σθησις</span> <span class='ocrx_word' id='word_1_714' title='bbox 338 5167 652 5237; x_wconf 74' lang='grc' dir='ltr'>ἐπικρατεῖ,</span> <span class='ocrx_word' id='word_1_715' title='bbox 680 5167 1006 5242; x_wconf 80' lang='grc' dir='ltr'>ποιουμένη,</span> <span class='ocrx_word' id='word_1_716' title='bbox 1033 5162 1138 5221; x_wconf 81' lang='grc' dir='ltr'><strong>ὧδέ</strong></span> <span class='ocrx_word' id='word_1_717' title='bbox 1164 5185 1240 5238; x_wconf 88' lang='grc' dir='ltr'><strong>πη</strong></span> <span class='ocrx_word' id='word_1_718' title='bbox 1271 5168 1333 5220; x_wconf 80' lang='grc' dir='ltr'><strong>τὸ</strong></span> <span class='ocrx_word' id='word_1_719' title='bbox 1364 5166 1695 5237; x_wconf 84' lang='grc' dir='ltr'>δηλούμενον</span> 
     </span>
    </p>
   </div>
   <div class='ocr_carea' id='block_1_97' title="bbox 121 5252 1698 5331">
    <p class='ocr_par' dir='ltr' id='par_1_97' title="bbox 121 5252 1698 5331">
     <span class='ocr_line' id='line_1_97' title="bbox 121 5252 1698 5331; baseline 0.006 -28"><span class='ocrx_word' id='word_1_720' title='bbox 121 5252 471 5312; x_wconf 84' lang='grc' dir='ltr'>ἀναπτύσσει.</span> <span class='ocrx_word' id='word_1_721' title='bbox 504 5260 696 5312; x_wconf 80' lang='grc' dir='ltr'>Οἰκίαν</span> <span class='ocrx_word' id='word_1_722' title='bbox 730 5259 838 5331; x_wconf 89' lang='grc' dir='ltr'><strong>γάρ</strong></span> <span class='ocrx_word' id='word_1_723' title='bbox 874 5276 978 5325; x_wconf 90' lang='grc' dir='ltr'>σοι,</span> <span class='ocrx_word' id='word_1_724' title='bbox 1002 5260 1189 5330; x_wconf 79' lang='grc' dir='ltr'>φησὶν,</span> <span class='ocrx_word' id='word_1_725' title='bbox 1225 5258 1545 5329; x_wconf 81' lang='grc' dir='ltr'>προθεμένῳ</span> <span class='ocrx_word' id='word_1_726' title='bbox 1572 5274 1698 5311; x_wconf 84' lang='grc' dir='ltr'>σκο-</span> 
     </span>
    </p>
   </div>
   <div class='ocr_carea' id='block_1_98' title="bbox 120 5343 1696 5424">
    <p class='ocr_par' dir='ltr' id='par_1_98' title="bbox 120 5343 1696 5424">
     <span class='ocr_line' id='line_1_98' title="bbox 120 5343 1696 5424; baseline 0.004 -27"><span class='ocrx_word' id='word_1_727' title='bbox 120 5343 214 5396; x_wconf 80' lang='grc' dir='ltr'><strong>πὸν</strong></span> <span class='ocrx_word' id='word_1_728' title='bbox 241 5348 682 5423; x_wconf 85' lang='grc' dir='ltr'>ἀνοικοδομῆσαι,</span> <span class='ocrx_word' id='word_1_729' title='bbox 709 5353 804 5405; x_wconf 83' lang='grc' dir='ltr'>καὶ</span> <span class='ocrx_word' id='word_1_730' title='bbox 826 5353 1018 5423; x_wconf 83' lang='grc' dir='ltr'>τάφον,</span> <span class='ocrx_word' id='word_1_731' title='bbox 1047 5353 1123 5417; x_wconf 86' lang='grc' dir='ltr'>ὡς</span> <span class='ocrx_word' id='word_1_732' title='bbox 1149 5353 1318 5420; x_wconf 76' lang='grc' dir='ltr'>εἰκὸς,</span> <span class='ocrx_word' id='word_1_733' title='bbox 1353 5352 1696 5424; x_wconf 84' lang='grc' dir='ltr'>κρηπιδῶσαι</span> 
     </span>
    </p>
   </div>
   <div class='ocr_carea' id='block_1_99' title="bbox 121 5435 1696 5515">
    <p class='ocr_par' dir='ltr' id='par_1_99' title="bbox 121 5435 1696 5515">
     <span class='ocr_line' id='line_1_99' title="bbox 121 5435 1696 5515; baseline 0.011 -29"><span class='ocrx_word' id='word_1_734' title='bbox 121 5435 213 5487; x_wconf 71' lang='grc' dir='ltr'><strong>καὶ</strong></span> <span class='ocrx_word' id='word_1_735' title='bbox 257 5440 587 5494; x_wconf 75' lang='grc' dir='ltr'>καταϐαλεῖν</span> <span class='ocrx_word' id='word_1_736' title='bbox 639 5443 707 5497; x_wconf 83' lang='grc' dir='ltr'><strong>τὰ</strong></span> <span class='ocrx_word' id='word_1_737' title='bbox 756 5444 982 5513; x_wconf 81' lang='grc' dir='ltr'>θεμέλια</span> <span class='ocrx_word' id='word_1_738' title='bbox 1031 5443 1441 5515; x_wconf 82' lang='grc' dir='ltr'>ἀνορυξαμένῳ,</span> <span class='ocrx_word' id='word_1_739' title='bbox 1478 5443 1540 5496; x_wconf 83' lang='grc' dir='ltr'><strong>οὐ</strong></span> <span class='ocrx_word' id='word_1_740' title='bbox 1590 5441 1696 5513; x_wconf 84' lang='grc' dir='ltr'>χρὴ</span> 
     </span>
    </p>
   </div>
   <div class='ocr_carea' id='block_1_100' title="bbox 121 5528 1696 5608">
    <p class='ocr_par' dir='ltr' id='par_1_100' title="bbox 121 5528 1696 5608">
     <span class='ocr_line' id='line_1_100' title="bbox 121 5528 1696 5608; baseline 0.003 -28"><span class='ocrx_word' id='word_1_741' title='bbox 121 5528 440 5586; x_wconf 79' lang='grc' dir='ltr'>καταλιπεῖν</span> <span class='ocrx_word' id='word_1_742' title='bbox 482 5536 550 5587; x_wconf 76' lang='grc' dir='ltr'><strong>τά</strong></span> <span class='ocrx_word' id='word_1_743' title='bbox 585 5534 935 5606; x_wconf 82' lang='grc' dir='ltr'>βοθρεύματα</span> <span class='ocrx_word' id='word_1_744' title='bbox 984 5537 1113 5608; x_wconf 75' lang='grc' dir='ltr'>πρὶν</span> <span class='ocrx_word' id='word_1_745' title='bbox 1155 5537 1235 5598; x_wconf 81' lang='grc' dir='ltr'><strong>εἰς</strong></span> <span class='ocrx_word' id='word_1_746' title='bbox 1283 5534 1434 5597; x_wconf 81' lang='grc' dir='ltr'>τέλος</span> <span class='ocrx_word' id='word_1_747' title='bbox 1465 5534 1696 5602; x_wconf 88' lang='grc' dir='ltr'>ἀγαγεῖν</span> 
     </span>
    </p>
   </div>
   <div class='ocr_carea' id='block_1_101' title="bbox 121 5618 1695 5698">
    <p class='ocr_par' dir='ltr' id='par_1_101' title="bbox 121 5618 1695 5698">
     <span class='ocr_line' id='line_1_101' title="bbox 121 5618 1695 5698; baseline 0.013 -27"><span class='ocrx_word' id='word_1_748' title='bbox 121 5618 180 5671; x_wconf 80' lang='grc' dir='ltr'><strong>τὸ</strong></span> <span class='ocrx_word' id='word_1_749' title='bbox 205 5618 365 5691; x_wconf 76' lang='grc' dir='ltr'>ἔργον</span> <span class='ocrx_word' id='word_1_750' title='bbox 396 5626 561 5696; x_wconf 74' lang='grc' dir='ltr'>χωρὶς</span> <span class='ocrx_word' id='word_1_751' title='bbox 582 5626 683 5697; x_wconf 83' lang='grc' dir='ltr'><strong>τῆς</strong></span> <span class='ocrx_word' id='word_1_752' title='bbox 713 5625 1063 5698; x_wconf 79' lang='grc' dir='ltr'>ἁρμοζούσης</span> <span class='ocrx_word' id='word_1_753' title='bbox 1082 5625 1377 5697; x_wconf 73' lang='grc' dir='ltr'>περιϐολῆς</span> <span class='ocrx_word' id='word_1_754' title='bbox 1402 5624 1497 5678; x_wconf 74' lang='grc' dir='ltr'>καὶ</span> <span class='ocrx_word' id='word_1_755' title='bbox 1521 5624 1695 5695; x_wconf 79' lang='grc' dir='ltr'><strong>ἀσφα·</strong></span> 
     </span>
    </p>
   </div>
   <div class='ocr_carea' id='block_1_102' title="bbox 121 5706 1695 5795">
    <p class='ocr_par' dir='ltr' id='par_1_102' title="bbox 121 5706 1695 5795">
     <span class='ocr_line' id='line_1_102' title="bbox 121 5706 1695 5795; baseline 0.002 -26"><span class='ocrx_word' id='word_1_756' title='bbox 121 5706 293 5782; x_wconf 68' lang='grc' dir='ltr'>λείας·</span> <span class='ocrx_word' id='word_1_757' title='bbox 330 5716 418 5773; x_wconf 69' lang='grc' dir='ltr'><strong>ἴνα</strong></span> <span class='ocrx_word' id='word_1_758' title='bbox 448 5718 521 5795; x_wconf 79' lang='grc' dir='ltr'>μὴ</span> <span class='ocrx_word' id='word_1_759' title='bbox 554 5719 629 5793; x_wconf 82' lang='grc' dir='ltr'>τῷ</span> <span class='ocrx_word' id='word_1_760' title='bbox 659 5720 757 5793; x_wconf 80' lang='grc' dir='ltr'>τὴν</span> <span class='ocrx_word' id='word_1_761' title='bbox 791 5718 890 5793; x_wconf 75' lang='grc' dir='ltr'><strong>σὴν</strong></span> <span class='ocrx_word' id='word_1_762' title='bbox 911 5721 1243 5793; x_wconf 82' lang='grc' dir='ltr'>ἀγνοήσαντι</span> <span class='ocrx_word' id='word_1_763' title='bbox 1274 5716 1491 5792; x_wconf 79' lang='grc' dir='ltr'>πρᾶξιν,</span> <span class='ocrx_word' id='word_1_764' title='bbox 1521 5717 1695 5784; x_wconf 82' lang='grc' dir='ltr'>αἴτιος</span> 
     </span>
    </p>
   </div>
   <div class='ocr_carea' id='block_1_103' title="bbox 1798 4512 3383 4582">
    <p class='ocr_par' dir='ltr' id='par_1_103' title="bbox 1798 4512 3383 4582">
     <span class='ocr_line' id='line_1_103' title="bbox 1798 4512 3383 4582; baseline -0.006 -10"><span class='ocrx_word' id='word_1_765' title='bbox 1798 4517 2193 4582; x_wconf 88' lang='lat' dir='ltr'><strong>dinationibus,</strong></span> <span class='ocrx_word' id='word_1_766' title='bbox 2266 4514 2630 4569; x_wconf 89' lang='lat' dir='ltr'><strong>redundantis</strong></span> <span class='ocrx_word' id='word_1_767' title='bbox 2714 4513 2868 4568; x_wconf 86' lang='lat' dir='ltr'><strong>vocis</strong></span> <span class='ocrx_word' id='word_1_768' title='bbox 2936 4512 3097 4567; x_wconf 87' lang='lat' dir='ltr'><strong>habet</strong></span> <span class='ocrx_word' id='word_1_769' title='bbox 3180 4512 3383 4565; x_wconf 89' lang='lat' dir='ltr'><strong>locum.</strong></span> 
     </span>
    </p>
   </div>
   <div class='ocr_carea' id='block_1_104' title="bbox 1798 4601 3388 4677">
    <p class='ocr_par' dir='ltr' id='par_1_104' title="bbox 1798 4601 3388 4677">
     <span class='ocr_line' id='line_1_104' title="bbox 1798 4601 3388 4677; baseline -0.006 -13"><span class='ocrx_word' id='word_1_770' title='bbox 1798 4610 1923 4664; x_wconf 86' lang='lat' dir='ltr'><strong>Ideo</strong></span> <span class='ocrx_word' id='word_1_771' title='bbox 1984 4619 2038 4665; x_wconf 91' lang='lat' dir='ltr'><strong>et</strong></span> <span class='ocrx_word' id='word_1_772' title='bbox 2098 4608 2299 4663; x_wconf 88' lang='lat' dir='ltr'><strong>rectius</strong></span> <span class='ocrx_word' id='word_1_773' title='bbox 2356 4607 2626 4677; x_wconf 89' lang='lat' dir='ltr'><strong>legeretur</strong></span> <span class='ocrx_word' id='word_1_774' title='bbox 2695 4604 2922 4668; x_wconf 90' lang='lat' dir='ltr'><strong>dictum,</strong></span> <span class='ocrx_word' id='word_1_775' title='bbox 2989 4619 3053 4658; x_wconf 91' lang='lat' dir='ltr'><strong>ea</strong></span> <span class='ocrx_word' id='word_1_776' title='bbox 3135 4618 3255 4673; x_wconf 65' lang='lat' dir='ltr'><strong>qua:</strong></span> <span class='ocrx_word' id='word_1_777' title='bbox 3318 4601 3388 4655; x_wconf 87' lang='lat' dir='ltr'><strong>ab</strong></span> 
     </span>
    </p>
   </div>
   <div class='ocr_carea' id='block_1_105' title="bbox 1799 4694 3387 4769">
    <p class='ocr_par' dir='ltr' id='par_1_105' title="bbox 1799 4694 3387 4769">
     <span class='ocr_line' id='line_1_105' title="bbox 1799 4694 3387 4769; baseline -0.004 -14"><span class='ocrx_word' id='word_1_778' title='bbox 1799 4700 1956 4755; x_wconf 88' lang='lat' dir='ltr'><strong>initio</strong></span> <span class='ocrx_word' id='word_1_779' title='bbox 2010 4710 2094 4756; x_wconf 88' lang='lat' dir='ltr'><strong>est</strong></span> <span class='ocrx_word' id='word_1_780' title='bbox 2149 4698 2535 4769; x_wconf 87' lang='lat' dir='ltr'><strong>conjunctione</strong></span> <span class='ocrx_word' id='word_1_781' title='bbox 2574 4697 2832 4763; x_wconf 85' lang='lat' dir='ltr'><strong>sublata;</strong></span> <span class='ocrx_word' id='word_1_782' title='bbox 2895 4694 3205 4765; x_wconf 83' lang='lat' dir='ltr'><strong>duplicibus</strong></span> <span class='ocrx_word' id='word_1_783' title='bbox 3254 4708 3387 4749; x_wconf 90' lang='lat' dir='ltr'><strong>vero</strong></span> 
     </span>
    </p>
   </div>
   <div class='ocr_carea' id='block_1_106' title="bbox 1812 4784 3386 4860">
    <p class='ocr_par' dir='ltr' id='par_1_106' title="bbox 1812 4784 3386 4860">
     <span class='ocr_line' id='line_1_106' title="bbox 1812 4784 3386 4860; baseline -0.004 -14"><span class='ocrx_word' id='word_1_784' title='bbox 1812 4792 2186 4847; x_wconf 90' lang='lat' dir='ltr'><strong>intellectibus</strong></span> <span class='ocrx_word' id='word_1_785' title='bbox 2230 4790 2614 4860; x_wconf 80' lang='lat' dir='ltr'><strong>interpretatio</strong></span> <span class='ocrx_word' id='word_1_786' title='bbox 2656 4789 2940 4843; x_wconf 87' lang='lat' dir='ltr'><strong>dividitur.</strong></span> <span class='ocrx_word' id='word_1_787' title='bbox 2973 4788 3099 4842; x_wconf 74' lang='lat' dir='ltr'><strong>Haec</strong></span> <span class='ocrx_word' id='word_1_788' title='bbox 3129 4785 3275 4841; x_wconf 90' lang='lat' dir='ltr'><strong>enim</strong></span> <span class='ocrx_word' id='word_1_789' title='bbox 3316 4784 3386 4840; x_wconf 80' lang='lat' dir='ltr'><strong>ad</strong></span> 
     </span>
    </p>
   </div>
   <div class='ocr_carea' id='block_1_107' title="bbox 1799 4882 3384 4956">
    <p class='ocr_par' dir='ltr' id='par_1_107' title="bbox 1799 4882 3384 4956">
     <span class='ocr_line' id='line_1_107' title="bbox 1799 4882 3384 4956; baseline -0.005 -14"><span class='ocrx_word' id='word_1_790' title='bbox 1799 4889 2037 4943; x_wconf 90' lang='lat' dir='ltr'><strong>litteram</strong></span> <span class='ocrx_word' id='word_1_791' title='bbox 2065 4888 2261 4942; x_wconf 88' lang='lat' dir='ltr'><strong>transit</strong></span> <span class='ocrx_word' id='word_1_792' title='bbox 2293 4896 2351 4940; x_wconf 87' lang='lat' dir='ltr'><strong>et</strong></span> <span class='ocrx_word' id='word_1_793' title='bbox 2372 4901 2467 4956; x_wconf 91' lang='lat' dir='ltr'><strong>per</strong></span> <span class='ocrx_word' id='word_1_794' title='bbox 2497 4885 2776 4939; x_wconf 88' lang='lat' dir='ltr'><strong>sensibilia</strong></span> <span class='ocrx_word' id='word_1_795' title='bbox 2811 4883 3088 4952; x_wconf 88' lang='lat' dir='ltr'><strong>dirigitur,</strong></span> <span class='ocrx_word' id='word_1_796' title='bbox 3128 4882 3219 4935; x_wconf 91' lang='lat' dir='ltr'><strong>illa</strong></span> <span class='ocrx_word' id='word_1_797' title='bbox 3251 4896 3384 4934; x_wconf 87' lang='lat' dir='ltr'><strong>vero</strong></span> 
     </span>
    </p>
   </div>
   <div class='ocr_carea' id='block_1_108' title="bbox 1799 4974 3378 5047">
    <p class='ocr_par' dir='ltr' id='par_1_108' title="bbox 1799 4974 3378 5047">
     <span class='ocr_line' id='line_1_108' title="bbox 1799 4974 3378 5047; baseline -0.005 -13"><span class='ocrx_word' id='word_1_798' title='bbox 1799 4981 1865 5035; x_wconf 89' lang='lat' dir='ltr'><strong>ad</strong></span> <span class='ocrx_word' id='word_1_799' title='bbox 1919 4979 2187 5035; x_wconf 86' lang='lat' dir='ltr'><strong>theuriam</strong></span> <span class='ocrx_word' id='word_1_800' title='bbox 2238 4979 2354 5032; x_wconf 83' lang='lat' dir='ltr'><strong>vult</strong></span> <span class='ocrx_word' id='word_1_801' title='bbox 2401 4979 2575 5047; x_wconf 88' lang='lat' dir='ltr'><strong>magis</strong></span> <span class='ocrx_word' id='word_1_802' title='bbox 2623 4992 2842 5032; x_wconf 91' lang='lat' dir='ltr'><strong>sursum</strong></span> <span class='ocrx_word' id='word_1_803' title='bbox 2897 4977 3003 5045; x_wconf 90' lang='lat' dir='ltr'><strong>agi.</strong></span> <span class='ocrx_word' id='word_1_804' title='bbox 3061 4974 3157 5029; x_wconf 87' lang='lat' dir='ltr'><strong>llla</strong></span> <span class='ocrx_word' id='word_1_805' title='bbox 3208 4974 3378 5044; x_wconf 90' lang='lat' dir='ltr'><strong>igitur</strong></span> 
     </span>
    </p>
   </div>
   <div class='ocr_carea' id='block_1_109' title="bbox 1800 5067 3386 5142">
    <p class='ocr_par' dir='ltr' id='par_1_109' title="bbox 1800 5067 3386 5142">
     <span class='ocr_line' id='line_1_109' title="bbox 1800 5067 3386 5142; baseline -0.003 -18"><span class='ocrx_word' id='word_1_806' title='bbox 1800 5071 2060 5142; x_wconf 80' lang='lat' dir='ltr'><strong>praevium</strong></span> <span class='ocrx_word' id='word_1_807' title='bbox 2116 5071 2238 5135; x_wconf 87' lang='lat' dir='ltr'><strong>iter,</strong></span> <span class='ocrx_word' id='word_1_808' title='bbox 2296 5083 2393 5138; x_wconf 89' lang='lat' dir='ltr'><strong>per</strong></span> <span class='ocrx_word' id='word_1_809' title='bbox 2439 5084 2562 5138; x_wconf 65' lang='lat' dir='ltr'><strong>quae</strong></span> <span class='ocrx_word' id='word_1_810' title='bbox 2618 5067 2788 5122; x_wconf 91' lang='lat' dir='ltr'><strong>dictio</strong></span> <span class='ocrx_word' id='word_1_811' title='bbox 2852 5067 3027 5136; x_wconf 85' lang='lat' dir='ltr'><strong>magis</strong></span> <span class='ocrx_word' id='word_1_812' title='bbox 3077 5075 3132 5119; x_wconf 91' lang='lat' dir='ltr'><strong>et</strong></span> <span class='ocrx_word' id='word_1_813' title='bbox 3186 5079 3386 5120; x_wconf 84' lang='lat' dir='ltr'><strong>sensus</strong></span> 
     </span>
    </p>
   </div>
   <div class='ocr_carea' id='block_1_110' title="bbox 1799 5158 3378 5230">
    <p class='ocr_par' dir='ltr' id='par_1_110' title="bbox 1799 5158 3378 5230">
     <span class='ocr_line' id='line_1_110' title="bbox 1799 5158 3378 5230; baseline -0.005 -11"><span class='ocrx_word' id='word_1_814' title='bbox 1799 5166 2030 5228; x_wconf 88' lang='lat' dir='ltr'><strong>obtinet,</strong></span> <span class='ocrx_word' id='word_1_815' title='bbox 2064 5164 2167 5219; x_wconf 73' lang='lat' dir='ltr'><strong>sibi</strong></span> <span class='ocrx_word' id='word_1_816' title='bbox 2202 5162 2433 5228; x_wconf 85' lang='lat' dir='ltr'><strong>laciens,</strong></span> <span class='ocrx_word' id='word_1_817' title='bbox 2475 5164 2556 5217; x_wconf 90' lang='lat' dir='ltr'><strong>sic</strong></span> <span class='ocrx_word' id='word_1_818' title='bbox 2587 5163 2726 5215; x_wconf 87' lang='lat' dir='ltr'><strong>forte</strong></span> <span class='ocrx_word' id='word_1_819' title='bbox 2762 5160 3129 5230; x_wconf 79' lang='lat' dir='ltr'><strong>significatum</strong></span> <span class='ocrx_word' id='word_1_820' title='bbox 3163 5158 3378 5227; x_wconf 89' lang='lat' dir='ltr'><strong>aperit:</strong></span> 
     </span>
    </p>
   </div>
   <div class='ocr_carea' id='block_1_111' title="bbox 1800 5249 3381 5323">
    <p class='ocr_par' dir='ltr' id='par_1_111' title="bbox 1800 5249 3381 5323">
     <span class='ocr_line' id='line_1_111' title="bbox 1800 5249 3381 5323; baseline -0.006 -11"><span class='ocrx_word' id='word_1_821' title='bbox 1800 5258 2030 5312; x_wconf 79' lang='lat' dir='ltr'><strong>Domum</strong></span> <span class='ocrx_word' id='word_1_822' title='bbox 2056 5256 2204 5311; x_wconf 87' lang='lat' dir='ltr'><strong>enim</strong></span> <span class='ocrx_word' id='word_1_823' title='bbox 2240 5256 2356 5322; x_wconf 90' lang='lat' dir='ltr'><strong>tibi,</strong></span> <span class='ocrx_word' id='word_1_824' title='bbox 2401 5256 2497 5319; x_wconf 90' lang='lat' dir='ltr'><strong>ait,</strong></span> <span class='ocrx_word' id='word_1_825' title='bbox 2524 5270 2648 5308; x_wconf 92' lang='lat' dir='ltr'><strong>cum</strong></span> <span class='ocrx_word' id='word_1_826' title='bbox 2676 5253 2926 5323; x_wconf 86' lang='lat' dir='ltr'><strong>posueris</strong></span> <span class='ocrx_word' id='word_1_827' title='bbox 2959 5266 3184 5321; x_wconf 80' lang='lat' dir='ltr'><strong>secputn</strong></span> <span class='ocrx_word' id='word_1_828' title='bbox 3216 5249 3381 5304; x_wconf 67' lang='lat' dir='ltr'><strong>aedili-</strong></span> 
     </span>
    </p>
   </div>
   <div class='ocr_carea' id='block_1_112' title="bbox 1800 5341 3379 5414">
    <p class='ocr_par' dir='ltr' id='par_1_112' title="bbox 1800 5341 3379 5414">
     <span class='ocr_line' id='line_1_112' title="bbox 1800 5341 3379 5414; baseline -0.007 -11"><span class='ocrx_word' id='word_1_829' title='bbox 1800 5364 1946 5414; x_wconf 89' lang='lat' dir='ltr'><strong>care,</strong></span> <span class='ocrx_word' id='word_1_830' title='bbox 1987 5357 2043 5403; x_wconf 89' lang='lat' dir='ltr'><strong>et</strong></span> <span class='ocrx_word' id='word_1_831' title='bbox 2066 5348 2279 5403; x_wconf 86' lang='lat' dir='ltr'><strong>foveam</strong></span> <span class='ocrx_word' id='word_1_832' title='bbox 2330 5358 2389 5401; x_wconf 92' lang='lat' dir='ltr'><strong>ut</strong></span> <span class='ocrx_word' id='word_1_833' title='bbox 2419 5346 2574 5401; x_wconf 85' lang='lat' dir='ltr'><strong>decet</strong></span> <span class='ocrx_word' id='word_1_834' title='bbox 2608 5344 2839 5399; x_wconf 88' lang='lat' dir='ltr'><strong>fundare</strong></span> <span class='ocrx_word' id='word_1_835' title='bbox 2882 5352 2937 5399; x_wconf 90' lang='lat' dir='ltr'><strong>et</strong></span> <span class='ocrx_word' id='word_1_836' title='bbox 2968 5345 3152 5411; x_wconf 87' lang='lat' dir='ltr'><strong>jacere</strong></span> <span class='ocrx_word' id='word_1_837' title='bbox 3178 5341 3379 5395; x_wconf 83' lang='lat' dir='ltr'><strong>funda-</strong></span> 
     </span>
    </p>
   </div>
   <div class='ocr_carea' id='block_1_113' title="bbox 1802 5430 3378 5506">
    <p class='ocr_par' dir='ltr' id='par_1_113' title="bbox 1802 5430 3378 5506">
     <span class='ocr_line' id='line_1_113' title="bbox 1802 5430 3378 5506; baseline -0.006 -13"><span class='ocrx_word' id='word_1_838' title='bbox 1802 5448 1985 5493; x_wconf 88' lang='lat' dir='ltr'><strong>menta</strong></span> <span class='ocrx_word' id='word_1_839' title='bbox 2017 5454 2141 5493; x_wconf 89' lang='lat' dir='ltr'><strong>cum</strong></span> <span class='ocrx_word' id='word_1_840' title='bbox 2179 5438 2405 5503; x_wconf 89' lang='lat' dir='ltr'><strong>foderis,</strong></span> <span class='ocrx_word' id='word_1_841' title='bbox 2441 5452 2551 5491; x_wconf 90' lang='lat' dir='ltr'><strong>non</strong></span> <span class='ocrx_word' id='word_1_842' title='bbox 2584 5444 2798 5506; x_wconf 85' lang='lat' dir='ltr'><strong>oportet</strong></span> <span class='ocrx_word' id='word_1_843' title='bbox 2837 5436 3149 5505; x_wconf 80' lang='lat' dir='ltr'><strong>relinquere</strong></span> <span class='ocrx_word' id='word_1_844' title='bbox 3179 5430 3378 5485; x_wconf 87' lang='lat' dir='ltr'><strong>fossio-</strong></span> 
     </span>
    </p>
   </div>
   <div class='ocr_carea' id='block_1_114' title="bbox 1800 5526 3379 5603">
    <p class='ocr_par' dir='ltr' id='par_1_114' title="bbox 1800 5526 3379 5603">
     <span class='ocr_line' id='line_1_114' title="bbox 1800 5526 3379 5603; baseline -0.006 -17"><span class='ocrx_word' id='word_1_845' title='bbox 1800 5547 1900 5587; x_wconf 90' lang='lat' dir='ltr'><strong>nes</strong></span> <span class='ocrx_word' id='word_1_846' title='bbox 1940 5540 2231 5603; x_wconf 88' lang='lat' dir='ltr'><strong>antequam</strong></span> <span class='ocrx_word' id='word_1_847' title='bbox 2277 5533 2345 5587; x_wconf 90' lang='lat' dir='ltr'><strong>ad</strong></span> <span class='ocrx_word' id='word_1_848' title='bbox 2391 5532 2554 5587; x_wconf 87' lang='lat' dir='ltr'><strong>ﬁnem</strong></span> <span class='ocrx_word' id='word_1_849' title='bbox 2583 5530 2910 5602; x_wconf 75' lang='lat' dir='ltr'><strong>perduxeris</strong></span> <span class='ocrx_word' id='word_1_850' title='bbox 2955 5542 3118 5598; x_wconf 89' lang='lat' dir='ltr'><strong>opus,</strong></span> <span class='ocrx_word' id='word_1_851' title='bbox 3170 5526 3379 5593; x_wconf 77' lang='lat' dir='ltr'><strong>absque</strong></span> 
     </span>
    </p>
   </div>
   <div class='ocr_carea' id='block_1_115' title="bbox 1800 5622 3375 5703">
    <p class='ocr_par' dir='ltr' id='par_1_115' title="bbox 1800 5622 3375 5703">
     <span class='ocr_line' id='line_1_115' title="bbox 1800 5622 3375 5703; baseline -0.006 -23"><span class='ocrx_word' id='word_1_852' title='bbox 1800 5623 2143 5681; x_wconf 87' lang='lat' dir='ltr'><strong>convenienti</strong></span> <span class='ocrx_word' id='word_1_853' title='bbox 2195 5625 2445 5681; x_wconf 83' lang='lat' dir='ltr'><strong>cinctura</strong></span> <span class='ocrx_word' id='word_1_854' title='bbox 2493 5632 2549 5679; x_wconf 88' lang='lat' dir='ltr'><strong>et</strong></span> <span class='ocrx_word' id='word_1_855' title='bbox 2596 5622 2937 5686; x_wconf 74' lang='lat' dir='ltr'><strong>munimine,</strong></span> <span class='ocrx_word' id='word_1_856' title='bbox 2991 5627 3051 5673; x_wconf 92' lang='lat' dir='ltr'><strong>ut</strong></span> <span class='ocrx_word' id='word_1_857' title='bbox 3104 5630 3176 5673; x_wconf 86' lang='lat' dir='ltr'><strong>ne</strong></span> <span class='ocrx_word' id='word_1_858' title='bbox 3224 5625 3375 5703; x_wconf 80' lang='lat' dir='ltr'><strong>tuam</strong></span> 
     </span>
    </p>
   </div>
   <div class='ocr_carea' id='block_1_116' title="bbox 1802 5706 3377 5789">
    <p class='ocr_par' dir='ltr' id='par_1_116' title="bbox 1802 5706 3377 5789">
     <span class='ocr_line' id='line_1_116' title="bbox 1802 5706 3377 5789; baseline -0.006 -18"><span class='ocrx_word' id='word_1_859' title='bbox 1802 5716 2071 5789; x_wconf 88' lang='lat' dir='ltr'><strong>ignoranti</strong></span> <span class='ocrx_word' id='word_1_860' title='bbox 2127 5716 2422 5785; x_wconf 85' lang='lat' dir='ltr'><strong>actionem,</strong></span> <span class='ocrx_word' id='word_1_861' title='bbox 2466 5730 2631 5773; x_wconf 86' lang='lat' dir='ltr'><strong>causa</strong></span> <span class='ocrx_word' id='word_1_862' title='bbox 2664 5712 2901 5772; x_wconf 83' lang='lat' dir='ltr'><strong>videaris</strong></span> <span class='ocrx_word' id='word_1_863' title='bbox 2932 5706 3235 5777; x_wconf 77' lang='lat' dir='ltr'><strong>homicidii,</strong></span> <span class='ocrx_word' id='word_1_864' title='bbox 3283 5706 3377 5763; x_wconf 92' lang='lat' dir='ltr'><strong>illo</strong></span> 
     </span>
    </p>
   </div>
  </div>
