3864 6208
387 263 494 334 407

1554 259 1821 322 PHOTII
1849 257 2357 322 PATRIARCH/E
2396 261 2505 324 CP.

3565 259 3676 326 408

388 373 612 446 quidem
647 373 801 444 lapso
826 372 880 429 in
919 371 1276 444 profundunt,
1305 383 1493 444 utpote
1529 375 1669 429 nihil
1700 387 1971 429 novorum

2091 373 2401 446 ἱναφανήσῃ
2436 372 2619 442 φόνου,
2665 370 2759 426 τοῦ
2795 372 2895 443 μὲν
2945 373 3278 442 ἐμπεσόντος
3311 372 3390 442 τῷ
3434 371 3672 446 βοθύνῳ,

389 483 618 538 operum
667 476 824 522 antea
869 467 1098 532 sciente,
1147 475 1201 521 te
1233 480 1368 522 vero
1407 467 1616 522 nullam
1666 481 1858 522 curam
1909 481 1978 522 ne

391 559 520 632 quid
555 559 770 615 accidat
805 560 934 624 tale,
980 558 1296 614 adhibente.
1337 559 1552 614 Etenim
1600 566 1656 614 et
1695 559 1867 612 multa
1909 571 1978 612 ex

393 651 811 708 irrationalibus
851 667 959 706 non
990 652 1104 706 veri
1141 652 1394 708 absimile
1429 662 1513 708 est
1533 667 1725 708 casura
1765 652 1821 706 in
1852 666 1979 721 pro-

395 744 623 800 fundum
672 753 726 799 et
773 743 1100 810 interitura;
1163 743 1257 798 sed
1317 754 1372 798 et
1427 743 1714 798 hominum
1761 743 1980 812 aliquos

394 853 536 908 quos
563 837 714 907 prior
749 835 995 891 locorum
1025 835 1226 906 positio
1259 844 1314 889 et
1336 835 1676 890 consuetudo
1711 834 1980 889 transitus

395 940 449 984 ct
492 929 657 984 breve
704 936 829 998 post
879 942 1077 982 novam
1128 935 1464 983 structuram
1510 937 1726 996 tempus
1780 927 1981 981 obum-

396 1019 610 1073 brantia
643 1033 706 1074 ea
731 1033 854 1090 qua:
892 1019 1107 1073 noviter
1151 1016 1295 1072 facta
1326 1027 1473 1084 sunt,
1499 1028 1554 1072 et
1588 1017 1728 1071 nihil
1777 1033 1979 1072 novum

397 1128 576 1182 neque
609 1111 817 1166 dictum
850 1111 1109 1166 damnum
1140 1126 1209 1165 ne
1253 1111 1672 1180 suspicarentur
1708 1110 1984 1180 decipien-

397 1203 499 1269 tia,
535 1202 901 1272 perditionem
946 1200 1195 1257 invenire
1237 1217 1336 1272 pro
1369 1203 1699 1272 praecedenti
1749 1203 1982 1259 utilitate

399 1302 722 1365 coegerunt.
757 1293 988 1363 Oportet
1013 1292 1182 1364 igitur
1211 1304 1437 1364 propter
1477 1296 1593 1350 haec
1631 1295 1819 1350 omnia
1855 1295 1983 1350 nul-

397 1389 505 1443 lam
533 1389 806 1451 omittere,
848 1386 904 1440 in
937 1385 1004 1442 iis
1034 1402 1158 1457 quae
1203 1389 1437 1457 agimus,
1481 1390 1857 1455 securitatem,
1885 1405 1984 1460 per

398 1496 561 1550 qnam
608 1493 939 1551 congeneres
989 1487 1044 1533 et
1090 1481 1434 1536 contribules
1481 1483 1630 1536 omni
1666 1482 1878 1536 latsioni
1930 1491 1985 1538 et

398 1573 601 1627 datnno
645 1568 946 1641 impervios
988 1583 1405 1626 conservemus.
1446 1571 1796 1643 Illegitimum
1834 1574 1983 1629 enim

396 1671 452 1717 et
483 1662 704 1728 crudele
742 1679 774 1718 a
807 1665 1009 1733 quibus
1056 1680 1158 1720 nos
1186 1665 1456 1720 utilitates
1499 1666 1800 1739 carpimus,
1833 1668 1984 1736 ejus-

397 1753 520 1810 dem
571 1757 791 1825 generis
848 1767 904 1813 et
956 1758 1204 1827 ejusdem
1263 1756 1436 1813 tribus
1486 1736 1738 1815 homines
1800 1760 1984 1816 sinere
2017 1736 2058 1791 Β

397 1851 821 1918 perpessionnm
858 1861 916 1907 et
940 1853 1194 1908 dolorum
1224 1853 1499 1908 sustinere
1532 1852 1751 1908 ultima.
1787 1853 1982 1910 Debita

399 1947 581 1992 autem
622 1938 965 2004 providentia
1004 1938 1273 2005 adhibita,
1321 1949 1375 1994 et
1425 1939 1554 1995 inde
1581 1955 1801 2012 quoque
1833 1943 1985 1997 nullo

401 2032 805 2086 transeuntium
840 2033 900 2096 in.
919 2032 1194 2090 fossiones
1230 2034 1479 2103 abrupto,
1506 2050 1616 2090 non
1647 2034 1750 2089 erit
1775 2036 1985 2090 occisio

401 2121 510 2176 ulla
556 2122 614 2177 in
667 2125 880 2180 naviter
921 2127 1192 2184 aediﬁcata
1247 2129 1412 2184 domo
1432 2146 1453 2196 ς,
1489 2135 1544 2184 et
1574 2129 1722 2184 circa
1753 2129 1979 2185 domum

399 2225 694 2284 conspecta
736 2217 990 2274 cinctura
1014 2229 1068 2272 et
1120 2218 1341 2276 coronis
1381 2229 1436 2275 et
1477 2219 1778 2274 homicidio
1826 2238 1986 2276 mun-

400 2304 524 2358 dam
574 2303 799 2359 domum
848 2305 1150 2361 declaravit
1198 2316 1254 2360 et
1291 2322 1419 2376 erga
1455 2307 1766 2376 proximum
1805 2307 1988 2376 provio

399 2396 642 2452 dentiam
671 2398 821 2453 clare
859 2400 1116 2456 omnibus
1163 2401 1552 2466 manifestans,
1600 2400 1899 2456 multarum
1931 2408 1986 2456 et

401 2487 697 2557 insignium
743 2490 968 2546 laudum
1018 2508 1185 2547 causa
1237 2493 1466 2563 provido
1527 2492 1739 2548 auctori
1790 2493 1883 2562 fit;
1932 2503 1988 2550 et

402 2580 526 2636 talis
548 2597 694 2638 cura:
721 2582 1039 2640 fruitionem
1071 2585 1125 2639 in
1155 2585 1429 2640 similibus
1469 2585 1731 2656 operibus
1763 2594 1818 2640 et
1843 2602 1983 2656 prte-

401 2674 728 2746 scriptiones
759 2676 808 2732 ei
842 2678 937 2747 qui
969 2679 1118 2748 prior
1144 2678 1266 2734 illas
1292 2678 1604 2740 constituit,
1637 2678 1986 2745 thesauriza-

404 2764 500 2818 vit.
558 2764 624 2818 Et
684 2766 786 2821 hoc
839 2767 1065 2836 quidem
1129 2768 1276 2839 quod
1327 2767 1438 2823 Deo
1487 2769 1864 2838 gratissimum
1902 2779 1988 2825 est

401 2851 761 2924 legislationis
810 2858 1098 2925 stabilivit,
1148 2870 1206 2915 et
1241 2869 1437 2931 potens
1482 2868 1538 2915 et
1581 2861 1887 2916 salvil‘tcum
1931 2870 1986 2918 et

400 2948 781 3004 reverendum.
828 2947 992 3005 Juxta
1039 2951 1263 3022 quidem
1323 2950 1472 3021 quod
1535 2951 1799 3007 sensibile
1865 2963 1992 3017 est,

402 3040 560 3096 talem
614 3049 701 3096 est
742 3042 990 3112 accipere
1031 3050 1086 3098 et
1135 3042 1403 3116 propositi
1453 3045 1726 3102 sermonis
1780 3045 1987 3101 intelli-
2010 3074 2063 3136 ρ.

398 3134 659 3204 gentiam.

469 3231 602 3297 Quae
631 3246 762 3287 vero
809 3231 878 3288 ad
921 3233 1190 3288 theoriam
1231 3232 1408 3302 magis
1461 3233 1716 3304 spiritum
1760 3234 1984 3299 attollit,

398 3325 517 3379 haec
559 3333 614 3379 et
643 3326 802 3381 vellet
835 3325 1133 3380 hortationi
1177 3325 1452 3380 actionem
1496 3335 1844 3382 connectere.
1877 3326 1984 3394 Qui

397 3416 741 3486 philosophia
779 3416 1068 3472 recentiori
1100 3425 1152 3472 et
1197 3432 1359 3486 supra
1405 3427 1622 3488 captum
1673 3418 1986 3473 multitudi-

399 3507 486 3562 nis
536 3507 712 3576 posita
767 3515 1022 3575 utuntur,
1077 3517 1134 3563 et
1172 3508 1340 3562 vitam
1399 3509 1624 3564 liberam
1690 3525 1722 3564 ιι
1776 3510 1986 3580 vulgari

399 3599 818 3654 conversatione
849 3610 1064 3666 curant,
1095 3616 1202 3656 non
1233 3602 1430 3656 debent
1459 3601 1498 3656 ii
1529 3617 1731 3658 novum
1763 3603 1985 3674 quidem

399 3689 819 3745 fundamentum
867 3690 1050 3762 ﬁgere,
1097 3706 1296 3746 novam
1348 3707 1477 3748 vero
1525 3707 1722 3763 parare
1777 3701 1988 3752 tentare

399 3785 646 3848 domum,
687 3798 789 3838 nec
833 3783 888 3836 in
935 3784 1044 3839 ullo
1085 3784 1154 3839 ad
1195 3783 1600 3840 multitudinem
1645 3785 1985 3854 inclinatam,

399 3887 582 3942 neque
613 3886 643 3926 a
677 3884 948 3928 consueta
989 3874 1410 3929 conversatione
1454 3875 1521 3934 ad
1573 3876 1799 3948 vestigia
1835 3877 1988 3934 deci-

399 3962 656 4029 deuntem;
706 3962 759 4016 in
814 3963 951 4033 ipsis
1007 3973 1191 4020 autem
1242 3966 1439 4023 mediis
1502 3967 1764 4038 operibus
1818 3968 1984 4036 facti,

399 4053 766 4109 intcnsionem
835 4054 1198 4110 luctaminum
1228 4057 1574 4125 —remittere,
1618 4067 1674 4113 et
1723 4058 1990 4118 facilitate

375 4131 664 4201 "sitiiilium
697 4146 952 4202 laborum
1005 4148 1287 4218 putridum
1333 4158 1388 4204 et
1434 4151 1704 4206 caducum
1745 4153 1798 4207 id
1841 4152 1989 4222 quod

399 4237 539 4292 bene
571 4247 812 4308 emptum
857 4249 943 4294 est
971 4239 1247 4296 tediiicare
1280 4242 1512 4312 egregia:
1539 4243 1678 4298 artis
1725 4258 1901 4314 opus;-
1933 4254 1990 4300 et

399 4329 623 4384 domum
678 4345 775 4399 per
826 4345 990 4400 quam
1058 4332 1256 4386 licebat
1307 4341 1362 4388 et
1413 4333 1730 4390 decidentes
1781 4334 1992 4394 imbres

2078 463 2176 516 ἆτε
2209 463 2378 534 μηδὲν
2412 464 2523 516 τῶν
2559 462 3068 534 καινουργηθέντων
3112 463 3448 536 προειδότος,
3483 463 3584 518 σοῦ
3618 465 3676 520 δὲ

2081 553 2352 624 μηδεμίαν
2376 553 2693 624 ἐπιμέλειαν
2720 553 2851 624 περῖ⁹
2875 552 2967 606 τοῦ
2992 552 3159 623 μηδὲν
3181 553 3461 625 συμϐῆναι
3485 555 3670 610 τοιοῦ-

2077 663 2172 698 τον
2201 646 2673 719 εἰσηγησαμένου.
2708 647 2817 708 Καὶ
2847 647 2956 717 γάρ
2989 647 3086 700 καὶ
3120 647 3292 701 πολλὰ
3318 647 3428 701 τῶν
3455 648 3678 717 ἀλόγων

2079 738 2231 791 οὐδὲν
2265 739 2496 804 ἀπεικὸς
2546 740 2962 810 παρεμπίπτειν
3002 739 3078 811 τῷ
3107 739 3315 809 βοθύνῳ
3360 740 3460 794 καὶ
3502 741 3678 794 ἀπόλ-

2080 833 2274 888 λυσθαι
2301 851 2313 863 ο
2351 833 2491 889 ἀλλά
2519 851 2585 904 γε
2614 834 2723 887 τῶν
2768 831 3073 904 ἀνθρώπων
3113 832 3290 895 ἐνίους
3326 832 3422 896 οὒς
3451 835 3487 903 ή
3536 850 3677 903 προ-

2081 926 2215 997 τέρα
2244 925 2352 978 τῶν
2394 926 2607 996 χωρίων
2638 925 2788 988 θέσις
2817 926 2912 979 καὶ
2947 925 3007 978 τὸ
3031 925 3152 990 ἔθος
3180 926 3282 996 τῆς
3315 924 3492 979 διόδου
3524 926 3622 978 καὶ
3648 927 3677 979 ό

2085 1019 2294 1090 βραχὺς
2335 1018 2478 1088 μετὰ
2508 1017 2608 1088 τὴν
2643 1017 2996 1086 καινοτομίαν
3045 1016 3234 1087 χρόνος
3276 1016 3676 1080 ἑπισκιάζοντα

2081 1115 2149 1164 τὰ
2175 1110 2578 1180 νεοχμωθέντα,
2631 1109 2726 1163 καὶ
2762 1107 2928 1180 μηδὲν
2968 1107 3153 1162 καινὸν
3188 1106 3323 1178 μηδὲ
3351 1109 3676 1179 πρόσφατον

2085 1203 2293 1274 βλάϐην
2340 1199 2654 1273 ὑφορᾶσθαι
2701 1199 3162 1265 συνεξαπατῶντα
3213 1199 3439 1271 ὀλεθρον
3493 1193 3678 1270 εὑρεῖν

2083 1297 2205 1350 ἀντὶ
2233 1295 2332 1366 τῆς
2367 1294 2744 1366 προκειμένης
2788 1292 2978 1364 χρείας
3026 1291 3360 1362 συνὼθησεν.
3392 1294 3485 1344 Δεῖ
3508 1291 3555 1344 δ’
3587 1287 3680 1344 οὖν

2083 1387 2172 1440 διὰ
2211 1387 2384 1440 ταῦτα
2425 1387 2604 1440 πάντα
2653 1386 2926 1458 μηδεμίαν
2979 1383 3428 1454 παραλιμπάνειν
3475 1381 3565 1452 ἐφ’
3597 1376 3681 1446 οἷς

2084 1481 2419 1552 πράττομεν,
2463 1479 2794 1547 ἀσφάλειανο
2826 1479 2892 1532 δι’
2925 1473 2994 1551 ἦς
3021 1477 3084 1530 τὸ
3127 1477 3388 1547 ὁμογενὲς
3418 1475 3518 1528 καὶ
3547 1475 3681 1546 ὁμό-

2086 1573 2251 1641 φυλον
2275 1571 2459 1642 πάσης
2503 1570 2710 1642 βλάϐης
2749 1570 2845 1624 καὶ
2874 1569 3084 1640 ζημίας
3133 1569 3433 1637 ἀπείρατον
3475 1580 3680 1636 συντη-

2089 1666 2328 1736 ρήσομεν
2351 1681 2363 1693 '
2401 1663 2670 1735 ἔκθεσμον
2705 1663 2815 1734 γὰρ
2845 1662 2941 1715 καὶ
2971 1661 3258 1732 ὠμότητος
3285 1660 3370 1728 ἐφ’
3401 1653 3485 1723 οἷς
3514 1660 3682 1729 ἡμεῖς

2087 1758 2182 1819 τὰς
2213 1755 2479 1824 ὠφελείας
2503 1754 2835 1827 δρεπόμεθα,
2863 1754 2992 1816 τοὺς
3031 1755 3320 1823 ὁμογενεῖς
3348 1754 3447 1806 καὶ
3464 1751 3681 1821 ὁμοφύ-

2086 1848 2212 1911 λους
2241 1849 2504 1920 περιορᾷν
2529 1846 2598 1902 τὰ
2618 1846 2726 1900 τῶν
2757 1844 3095 1916 παθημάτων
3123 1844 3218 1898 καὶ
3252 1841 3527 1912 ἀλγεινῶν
3583 1843 3683 1912 ὑφο

2091 1941 2340 1996 ίστασθαι
2374 1940 2578 2010 ἔσχατα
2605 1957 2619 1971 °
2671 1939 2770 2010 τῆς
2806 1939 2989 2010 μέντοι
3030 1937 3493 2010 χρεωστουμένης
3538 1953 3680 2006 προ-

2086 2034 2234 2098 νοίας
2280 2033 2562 2088 κάνταύθα
2613 2038 2709 2086 καὶ
2767 2032 2933 2102 μηδὲν
2975 2031 3086 2084 τῶν
3131 2029 3682 2102 παραπορευομένων

2084 2130 2198 2190 τοῖς
2225 2126 2469 2198 βοθύνοις
2500 2125 2952 2196 ὑποφερομένων,
2983 2123 3085 2178 οὑκ
3118 2123 3272 2176 ἔσται
3305 2123 3469 2192 φόνος
3495 2123 3682 2183 οὐδεὶς

2087 2223 2147 2274 ὲν
2187 2222 2254 2292 τῇ
2303 2221 2704 2292 νεουργουμένῃ
2735 2219 2917 2289 οἰκίᾳ·
2966 2218 3126 2287 καὶὴ
3183 2215 3314 2286 περὶ
3361 2215 3454 2270 τὸν
3481 2215 3682 2286 βόθρον

2088 2331 2154 2366 πε
2164 2313 2476 2384 ρινοηθεῖσα
2506 2311 2774 2383 περιϐολὴ
2796 2311 2893 2366 καὶ
2916 2310 3160 2380 στεφάνη
3189 2309 3286 2363 καὶ
3307 2309 3474 2378 φόνου
3505 2309 3682 2362 καθα·

2089 2405 2189 2478 ρὰν
2217 2405 2318 2477 τὴν
2350 2403 2527 2458 οὶκίαν
2554 2405 2836 2475 ἀπέφηνεν
2857 2404 2970 2456 ,καὶ
3005 2405 3106 2472 τὴν
3140 2400 3234 2455 τοῦ
3272 2401 3508 2472 πλησίον
3544 2399 3680 2471 πρό-

2087 2516 2238 2553 νοιαν
2291 2497 2561 2572 λαμπρῶς
2606 2498 2774 2551 πᾶσιν
2829 2493 3245 2567 ἐμφανίζουσα,
3307 2493 3526 2546 πολλῶν
3585 2493 3684 2546 καὶ

2088 2593 2272 2647 καλῶν
2301 2592 2541 2645 ἐπαίνων
2570 2590 2830 2661 πρόξενος
2863 2587 2941 2660 τῷ
2968 2587 3402 2659 προνοησαμένῳ
3423 2587 3642 2655 γίνεται
3664 2603 3680 2617 ·

2088 2686 2184 2739 καὶ
2241 2687 2342 2754 τῆς
2387 2682 2642 2752 τοιαύτης
2698 2681 3030 2753 κηδεμονίας
3093 2680 3189 2749 τὴν
3255 2679 3565 2733 ἀπόλαυσιν
3624 2679 3682 2731 ἐν

2087 2775 2292 2846 ὁμοίοις
2312 2775 2495 2845 ἔργοις
2528 2773 2625 2826 καὶ
2654 2773 3060 2843 συγκυρήματα
3089 2769 3167 2841 τῷ
3201 2766 3680 2840 προκαταϐαλόντι

2087 2868 2498 2939 ἀπεθησαύρισε
2522 2882 2536 2896 ⁸
2565 2867 2661 2920 καὶ
2691 2866 2818 2935 τόγε
2859 2859 3274 2933 θεοφιλέστατον
3307 2863 3407 2933 τῆς
3452 2861 3684 2933 νομοθε-

2091 2965 2211 3028 σίας
2238 2962 2562 3023 ἐϐεϐαίωσε,
2592 2959 2656 3012 τό
2686 2975 2744 3012 τε
2779 2957 3004 3011 δυνατὸν
3034 2957 3129 3010 καὶ
3158 2957 3428 3026 σωτήριον
3468 2954 3570 3008 καὶ
3593 2954 3680 3007 al-

2088 3050 2308 3120 δέσιμον
2332 3066 2346 3079 ·
2379 3048 2515 3102 ἀλλὰ
2541 3047 2682 3102 κατὰ
2725 3047 2825 3118 μὲν
2866 3046 2927 3099 τὸ
2960 3045 3238 3117 αἰσθητὸν,
3270 3044 3533 3116 τοιαύτην
3566 3043 3686 3098 ἐστι

2093 3143 2280 3196 λαϐεῖν
2307 3141 2402 3194 καὶ
2439 3140 2537 3211 τὴν
2586 3138 2681 3193 τοῦ
2725 3140 3089 3210 προκειμένου
3137 3137 3298 3207 λόγου
3345 3137 3679 3207 εὑκρίνειαν.

2178 3233 2239 3287 Ἠ
2271 3233 2328 3286 δὲ
2355 3233 2492 3304 πρὸς
2524 3231 2757 3302 θεωρίαν
2782 3230 2983 3301 μᾶλλον
3012 3231 3104 3284 τὸν
3133 3229 3259 3283 νοῦν
3303 3230 3680 3300 ἀναφέρουσα,

2092 3325 2320 3379 τοιαῦτα
2345 3327 2411 3379 ἂν
2438 3326 2522 3389 εἰη
2555 3323 2648 3378 καὶ
2675 3323 2975 3394 βουλομένη
3006 3326 3098 3377 καὶ
3133 3327 3198 3393 τῇ
3225 3323 3551 3394 παραινέσει
3583 3321 3684 3393 τὴν

2094 3419 2293 3489 πρᾶξιν
2347 3417 2748 3486 συσφίγγουσα.
2778 3417 2841 3469 Ol
2896 3415 3186 3488 φιλοσοφίᾳ
3243 3415 3541 3487 καινοτέρᾳ
3589 3415 3684 3467 καὶ

2092 3509 2204 3563 τῶν
2237 3508 2448 3562 πολλῶν
2469 3507 2728 3578 ὑπεράνω
2755 3505 2985 3576 κειμένῃ
3027 3503 3301 3576 χρώμενοι
3329 3504 3424 3557 καὶ
3446 3503 3538 3556 τὸν
3569 3501 3684 3572 βίον

2094 3601 2434 3672 ἐξῃρημένον
2453 3601 2556 3670 τῆς
2594 3598 2876 3670 δημώδους
2917 3598 3197 3660 πολιτείας
3240 3595 3682 3666 ἐπιτηδεύοντες,

2093 3691 2194 3750 οὑκ
2222 3691 2531 3761 ὀφείλουσιν
2561 3681 2707 3743 οὑτοι
2733 3688 2927 3746 καινὸν,
2946 3688 3046 3757 μὲν
3071 3687 3162 3740 τὸν
3185 3685 3439 3756 θεμέλιον
3470 3684 3682 3756 πηγνύι

2094 3801 2205 3846 ναι,
2247 3783 2437 3854 καινὴν
2465 3783 2523 3836 δὲ
2556 3779 2998 3845 κατασκευάζειν
3031 3780 3330 3849 ἐπιχειρεῖν
3373 3778 3476 3848 τὴν
3504 3777 3685 3831 οἰκίαν

2094 3879 2190 3931 xui.
2228 3876 2393 3948 μηδὲν
2424 3876 2561 3947 πρὸς
2596 3875 2656 3928 το
2687 3873 2892 3945 πλῆθος
2923 3871 3349 3943 συμφερομένην
3371 3887 3386 3901 ο
3420 3871 3562 3942 μήτε
3584 3870 3688 3939 τῆς

2094 3969 2284 4040 ὲθίμου
2333 3967 2612 4037 διαγωγῆς
2640 3967 2776 4038 πρὸς
2820 3965 2891 4019 τά
2933 3968 3055 4037 ἴχνη
3094 3963 3591 4018 καταπίπτουσαν·
3628 3965 3686 4017 ἑν

2095 4062 2280 4124 αὑτοῖς
2327 4059 2384 4113 δὲ
2436 4059 2622 4131 μέσοις
2664 4061 2776 4121 τοῖς
2823 4058 3008 4131 ἔργοις
3060 4056 3369 4126 γενόμενοι,
3405 4055 3497 4109 τὸν
3530 4054 3686 4108 τόνον

2095 4152 2202 4207 τῶν
2235 4151 2639 4222 ἀγωνισμάτων
2687 4151 2988 4221 ὑποχαλᾷν,
3038 4147 3132 4202 καὶ
3174 4149 3241 4219 τῇ
3281 4145 3537 4218 ῥαστώνῃ
3577 4145 3685 4200 τῶν

2094 4245 2297 4316 ὁμοίων
2353 4243 2533 4298 πόνων
2582 4241 2781 4312 σαθρὸν
2833 4242 2930 4295 καὶ
2980 4240 3356 4295 εὑδιάπτωτον
3391 4239 3452 4293 τὸ
3501 4238 3684 4302 καλῶς

2095 4339 2404 4412 ἀρξάμενον
2455 4335 2858 4406 οἰκοδομεῖσθαι
2891 4333 3294 4404 φιλοτέχνημα·
3344 4334 3442 4386 καὶ
3480 4334 3580 4404 τὴν
3604 4333 3685 4386 οἱ.

403 4420 767 4475 tentationum
804 4421 1076 4491 procellas
1108 4423 1322 4476 fortiter
1360 4423 1620 4494 repellere
1667 4433 1722 4480 et
1767 4426 1987 4482 inllam-

2094 4432 2220 4487 κίαν
2243 4431 2310 4484 δι’
2335 4426 2404 4503 ἦς
2432 4430 2558 4498 ἐνῆν
2586 4429 2681 4484 καὶ
2728 4424 3286 4500 καταρρηγνυμένους
3315 4425 3560 4497 ὄμϐρους
3587 4425 3686 4489 τάς

400 4524 612 4568 matum
644 4513 858 4569 radium
891 4515 1210 4585 passionum
1243 4516 1426 4586 sopire
1447 4528 1504 4572 et
1534 4517 1795 4574 cohibere
1827 4519 1992 4576 ardo-

403 4622 554 4674 rcm;
592 4606 740 4662 hanc
784 4621 914 4662 vero
957 4606 1182 4662 domum
1220 4607 1509 4678 Splendide
1537 4619 1777 4681 coeptam
1817 4611 1992 4666 aedili-

402 4700 541 4761 cari,
593 4699 669 4755 ita
720 4714 854 4756 vero
909 4700 976 4754 ad
1021 4699 1447 4756 admirationem
1491 4717 1718 4757 suavem
1769 4718 1994 4774 progre-

403 4791 644 4846 dientem
672 4807 782 4846 non
812 4800 1028 4861 oportet
1052 4793 1380 4850 remissione
1417 4794 1705 4851 sententiae
1726 4796 1992 4869 deinceps

405 4883 590 4940 sinere
643 4883 698 4938 in
729 4884 900 4939 risum
937 4886 1207 4952 decidere,
1231 4895 1287 4943 et
1316 4888 1371 4942 in
1401 4889 1588 4944 odium
1619 4899 1674 4945 et
1720 4891 1777 4946 in
1806 4900 1994 4948 contu-

405 4975 625 5031 meliam
677 4976 914 5047 priorem
974 4978 1171 5033 bonam
1213 4977 1415 5034 famam
1465 4982 1842 5049 commutari;
1897 4981 1992 5038 sed

406 5078 621 5137 oportet
645 5070 788 5125 hanc
817 5069 1031 5126 novlter
1055 5082 1291 5141 emptam
1314 5071 1596 5142 aediﬁcari,
1629 5073 1684 5128 in
1721 5073 1996 5132 similibus

408 5177 631 5218 servare
665 5177 1007 5228 successum,
1051 5171 1105 5219 et
1147 5164 1463 5219 coronidem
1487 5165 1748 5236 jucunda:
1779 5166 1910 5223 huic
1941 5176 1996 5222 et

409 5255 641 5325 egregiae
692 5255 1017 5311 habitationi
1070 5257 1440 5325 circumdare,
1485 5259 1539 5314 id
1585 5268 1671 5315 est
1719 5274 1896 5330 usque
1938 5259 1994 5314 in

409 5348 576 5402 linem
607 5349 674 5401 ad
707 5362 940 5404 coronas
961 5350 1254 5406 ducentem
1285 5352 1695 5408 accurationem
1717 5361 1773 5408 et
1800 5367 1994 5408 curam

411 5455 640 5510 parare;
678 5439 922 5512 legitime
967 5442 1114 5498 enim
1156 5452 1212 5498 et
1249 5445 1315 5498 ad
1347 5445 1512 5501 linem
1543 5461 1719 5515 usque
1750 5460 2000 5518 pugnan-

415 5532 552 5586 tinm
581 5549 821 5590 corona.
861 5553 880 5586 ι
907 5533 1081 5592 Nemo
1113 5534 1284 5600 enim,
1325 5556 1344 5589 ι
1395 5536 1472 5593 ait
1501 5537 1763 5594 Ecclesiae
1792 5553 1997 5608 prmo,

423 5647 442 5680 ι
475 5636 793 5695 coronatur,
817 5627 925 5686 nisi
946 5628 1187 5702 legitime
1213 5629 1557 5688 certaverit“.
1586 5649 1605 5685 ι
1635 5629 1794 5689 Novit
1818 5641 1996 5688 autem

485 5743 505 5772 '
530 5741 574 5796 ll
616 5743 760 5799 Tim.
792 5762 856 5810 ιι.
886 5746 938 5802 5.

2093 4525 2203 4580 τῶν
2234 4522 2560 4597 πειρασμῶν
2585 4522 2816 4592 νιφάδας
2855 4518 3100 4592 στερρῶς
3128 4518 3562 4592 ἀποκρούεσθαι,
3594 4519 3688 4574 καὶ

2093 4616 2460 4686 φλογίζουσαν
2504 4614 2705 4668 ἀκτῖνα
2732 4614 2854 4684 ἦτοι
2892 4614 3002 4666 τῶν
3031 4611 3224 4666 παθῶν
3261 4613 3590 4682 ἀποστέγειν
3627 4629 3686 4666 τε

2094 4709 2188 4765 καὶ
2216 4707 2566 4772 ἀναστέλλειν
2604 4705 2702 4778 τὴν
2729 4705 2977 4777 πύρωσιν
2997 4723 3012 4737 ’
3039 4704 3248 4776 ταύτην
3275 4707 3341 4778 δὴ
3379 4705 3481 4777 τὴν
3507 4704 3685 4760 οἰκίαν

2093 4801 2236 4857 οὕτω
2269 4803 2368 4873 μὲν
2403 4799 2675 4872 λαμπρῶς
2713 4798 3034 4870 ἀρξαμένην
3067 4798 3496 4870 οἰκοδομεῖσθαι,
3541 4798 3686 4852 οὕτω

2095 4895 2151 4949 δὲ
2179 4893 2316 4965 πρὸς
2339 4893 2522 4964 θαῦμα
2539 4891 3034 4962 γλυκὺ’προῖοῦσαν
3059 4891 3118 4944 οὑ
3145 4891 3252 4963 χρὴ
3281 4890 3528 4963 ῥᾳθυμίᾳ
3547 4893 3686 4960 γνὼ-

2101 5005 2208 5059 μης
2237 4986 2468 5055 ὕστερον
2505 4985 2603 5054 ὲᾷν
2657 4985 2738 5047 εἰς
2782 4983 2998 5051 γέλωτα
3044 4982 3434 5046 καταπίπτειν,
3483 4983 3578 5036 καὶ
3627 4981 3686 5035 τδ

2101 5079 2428 5151 σκυθρωπὸν
2473 5079 2569 5134 καὶ
2605 5077 3067 5149 περιυϐρισμένον
3108 5077 3210 5147 τῆς
3255 5079 3390 5146 πρὶν
3432 5075 3686 5141 εὐκλείας

2099 5171 2560 5227 ἁνταλλάττεσθαι
2578 5188 2590 5201 ·
2616 5169 2754 5226 ἀλλὰ
2795 5171 2878 5223 δεῖ
2901 5169 3107 5239 ταύτην
3134 5169 3338 5233 καινῶς
3369 5169 3686 5240 ἀρξαμένην

2097 5262 2522 5334 οἰκοδομεῖσθαι,
2548 5263 2607 5316 ὲν
2631 5264 2745 5327 τοῖς
2769 5262 2976 5330 ὁμοίοις
3001 5263 3290 5332 συντηρεῖν
3311 5261 3646 5333 κατόρθωμα
3667 5276 3682 5292 ⁸

2101 5357 2194 5410 καὶ
2225 5355 2495 5427 στεφάνην
2528 5354 2607 5425 τῷ
2633 5352 2850 5426 τερπνῷ
2891 5355 3069 5424 τούτῳ
3108 5355 3198 5408 καὶ
3236 5354 3686 5422 περικαλλεῖδωέ

2103 5451 2280 5522 ματίῳ
2319 5449 2647 5522 περιθεῖναι,
2695 5448 2944 5502 τουτέστι
2983 5447 3147 5518 μέχρι
3185 5446 3374 5509 τέλους
3403 5447 3506 5517 τὴν
3553 5446 3686 5518 πρὸς

2100 5546 2227 5610 τοὺς
2262 5544 2560 5614 στεφάνους
2591 5541 2831 5612 ἄγουσαν
2853 5540 3141 5612 ἁκρίϐειάν
3165 5556 3220 5593 τε
3246 5540 3340 5594 καὶ
3367 5539 3687 5610 ἐπιμέλειαν

2106 5637 2448 5710 ἐπιτηδεύειν
2465 5653 2479 5670 ο
2511 5636 2618 5691 τῶν
2647 5636 2755 5707 γὰρ
2783 5633 3031 5706 νομίμως
3052 5633 3149 5688 καὶ
3172 5631 3280 5687 τῶν
3312 5631 3481 5704 μέχρι
3503 5632 3687 5695 τέλους
