3820 6212
88 303 176 366 409
1026 285 1124 345 AD
1161 273 1756 344 AMPHILOCHIUM
1783 271 2129 348 QUIESTIO
2175 266 2296 332 LX.
3205 259 3310 334 410

86 412 358 472 ἀθλούντων
390 408 435 462 οἱ
469 405 746 472 στέφανον
772 419 792 453 ι
821 399 1010 471 Οὐδεὶς
1036 396 1168 470 γάρ,
1214 399 1349 468 φησι
1375 398 1474 466 τῆς
1498 394 1630 448 Ἑκ-
1660 445 1666 456 ε

1771 403 1788 448 ι
1841 407 2036 447 novam
2083 398 2392 446 creaturam
2447 385 2747 443 secundum
2791 385 3073 443 Christum
3137 387 3314 456 profeo

86 507 292 579 κλησίας
335 503 362 556 ό
407 500 620 570 κῆρυξ,
663 493 1044 564 στεφανοῦται,
1089 491 1185 545 ἐὰν
1250 490 1325 562 μὴ
1383 489 1632 560 νομίμως

1771 496 1882 542 tum
1938 493 1994 540 et
2031 482 2425 554 perfectionem
2467 481 2562 550 qui
2609 479 2802 536 iisdem
2847 481 3000 537 novis
3045 481 3313 536 institutis

86 573 288 670 ἀθλήσῃ.
321 613 340 648 ι
369 589 487 646 Οἷδε
523 591 580 644 δὲ
609 589 706 644 καὶ
743 588 938 659 καινὴν
981 587 1160 640 κτίσιν
1195 585 1294 653 τὴν
1323 582 1467 636 κατὰ
1499 583 1632 652 Χρι-

1771 593 1940 633 ovum
1975 584 2358 632 testamentum
2381 573 2666 628 noviorem
2697 588 2916 640 semper
2943 573 3312 628 conservavit.

89 691 196 745 στὸν
225 685 500 759 προκοπὴν
547 684 643 737 καὶ
671 681 950 736 τελείωσιν
981 683 1008 734 ό
1054 680 1164 742 τοῖς
1193 678 1378 740 αὐτοῖς
1426 678 1636 736 καινοῖς

1795 669 1854 724 Si
1913 685 2020 740 qua
2069 669 2241 732 enim,
2274 686 2292 718 ι
2357 666 2453 731 ait,
2522 684 2541 716 ι
2573 666 2626 720 in
2683 671 2931 736 tempore
2977 681 3118 719 nova
3162 680 3319 720 crea-

87 757 446 848 πολιτεύμασιν
479 774 578 846 τὴν
627 773 822 843 καινὴν
864 772 1131 842 διαθήκην
1183 767 1504 838 καινοτέραν
1549 766 1636 819 ἀεὶ

1771 780 1860 818 ura
1880 764 1922 829 ⁸,
1956 781 1974 814 ι
2030 760 2284 816 renovari
2315 779 2327 814 :
2358 760 2410 814 id
2460 768 2563 824 est,
2598 773 2696 828 per
2720 757 2902 812 omnia
2955 757 3010 811 in
3047 758 3320 827 sapienter

89 870 424 941 συντηρήσας.
463 887 481 919 ι
519 866 585 919 Εἴ
617 883 699 929 τις
753 866 885 936 γὰρ,
924 864 1122 934 φησὶν,
1155 864 1214 916 ὲν
1262 859 1441 932 χρόνῳ
1472 858 1636 929 καινὴ

1773 869 1793 912 ι
1839 872 2005 926 supra
2052 869 2360 910 sermonem
2393 851 2661 908 aedificata
2704 852 2942 906 novitate
2979 861 3322 918 perseverate

87 963 261 1026 κτίσις,
286 980 304 1012 ι
339 957 810 1023 ἀνακαινίιῖεσθαι⁹
848 957 1094 1011 τουτέστι
1115 955 1204 1009 διὰ
1231 955 1452 1008 πάντων
1481 954 1538 1006 ἐν
1569 955 1636 1022 τῇ

1771 949 2007 1013 nnovati,
2039 948 2173 1002 nihil
2208 948 2494 1017 antiquum
2519 961 2694 1015 neque
2726 944 3034 1015 putredinis
3069 944 3320 999 morbum

89 1054 246 1125 σοφῶς
276 1070 333 1106 τε
369 1051 463 1105 καὶ
511 1050 650 1124 ὺπέρ
694 1049 855 1118 λόγον
901 1045 1320 1118 οίκονομηθείσῃ
1359 1044 1639 1114 καινότητι

1771 1042 2058 1098 nferentes.
2105 1039 2162 1095 Si
2201 1041 2349 1095 enim
2399 1055 2509 1093 non
2547 1038 2864 1108 imponatur
2901 1037 3126 1092 coronis
3165 1036 3326 1090 inno-

87 1143 398 1216 6zampsiaﬂe
446 1140 840 1212 καινιζόμενοι,
881 1139 1046 1211 μηδὲν
1093 1136 1324 1191 παλαιὸν
1379 1135 1513 1207 μηδὲ
1545 1151 1641 1188 σα-

1771 1144 1880 1190 ἐιιε
1930 1133 2118 1189 domui
2151 1148 2247 1203 per
2275 1132 2532 1193 virtutes,
2569 1131 2625 1185 id
2670 1139 2773 1196 est,
2808 1129 2854 1184 si
2897 1143 3006 1183 non
3053 1142 3226 1198 usque
3256 1125 3324 1182 ad

90 1239 320 1311 θρότητος
351 1235 504 1288 νόσον
554 1234 931 1305 ἐπιφέροντες.
983 1231 1046 1284 Εἰ
1088 1231 1198 1301 γάρ
1241 1229 1317 1302 μὴ
1361 1227 1639 1298 ἐπιτεθείη

89 1327 300 1396 στεφάνη
321 1323 396 1394 τῷ
417 1322 785 1392 καινιζομένῳ
805 1320 1064 1392 δωματίῳ
1089 1321 1203 1382 τοῖς
1224 1316 1638 1389 κατορθώμασι,

87 1419 335 1473 τουτέστιν
385 1417 432 1469 εἰ
475 1415 551 1487 μὴ
599 1415 762 1486 μέχρι
808 1414 997 1476 τέλους
1041 1413 1172 1475 τοὺς
1209 1411 1494 1473 νεανικοὺς
1549 1409 1644 1462 καὶ⁸

87 1511 282 1573 καινοὺς
304 1509 396 1562 καὶ
420 1509 622 1572 καλοὺς
655 1508 875 1576 ἀγῶνας
908 1505 1038 1568 τοὺς
1063 1504 1356 1576 προξένους
1382 1504 1515 1572 ἡμῖν
1536 1503 1646 1554 τῶν

89 1601 340 1670 στεφάνων
372 1617 536 1670 συντη
548 1599 808 1670 ρήσομεν,
839 1597 998 1666 φόνος
1023 1597 1118 1651 κού⁸
1143 1595 1319 1663 φόνων
1339 1595 1367 1646 ό
1397 1592 1646 1664 χαλεπὼ-

85 1709 224 1754 τατος
241 1692 294 1744 ἐν
318 1694 382 1762 τῇ
433 1691 730 1762 σαθρότητι
766 1689 860 1743 τοῦ
896 1689 1332 1759 οἰκοδομήματος
1353 1703 1366 1715 ³
1407 1674 1647 1752 συγκατ-

1745 1225 1909 1279 ﬁnem
1935 1224 2201 1294 juvenilia
2232 1232 2285 1278 et
2326 1237 2468 1278 nova
2501 1230 2556 1277 et
2591 1221 2818 1292 pulchra
2868 1221 3168 1275 certamina
3203 1233 3327 1290 quae

1745 1321 2048 1386 procurant
2090 1313 2250 1369 nobis
2289 1327 2527 1369 coronas
2573 1310 2999 1373 servaverimus,
3048 1310 3224 1365 cmdes
3271 1317 3330 1367 et

1747 1406 1976 1461 caedium
2015 1406 2255 1476 pessima
2299 1405 2352 1459 in
2384 1404 2676 1475 putredine
2713 1401 2964 1467 adificii;
3014 1416 3138 1455 cum
3165 1402 3328 1456 deor—

1748 1513 1870 1555 sum
1927 1496 2066 1553 ferat
2117 1505 2172 1552 et
2195 1496 2464 1577 suffodiat
2506 1495 2588 1550 vel
2638 1494 2790 1549 illum
2836 1493 2930 1562 qui
2977 1508 3008 1547 a
3061 1493 3329 1563 principio

1749 1588 2013 1644 novitatis
2042 1586 2283 1652 aedificii,
2316 1587 2528 1642 utinam
2560 1601 2667 1640 non
2699 1583 2991 1656 profecerit
3019 1583 3072 1637 in
3102 1599 3328 1650 vanum,

1752 1680 1980 1736 meliora
2029 1680 2319 1735 aemulatus
2356 1688 2459 1735 est.
2491 1679 2570 1733 Ita
2607 1677 2805 1733 misere
2849 1677 2994 1732 enim
3025 1675 3242 1744 dejecto
3278 1680 3334 1730 et

87 1747 442 1854 ενεγκόντοςιδέ
471 1747 568 1838 καὶ
594 1747 1103 1852 συξκατορύξαντος
1242 1747 1332 1832 τὸν
1357 1777 1450 1830 ἀπ’
1476 1747 1649 1847 ἀρχῆς

1771 1783 1876 1828 >οει
1931 1780 2011 1827 tot
2057 1773 2276 1827 labores
2317 1779 2371 1825 et
2432 1770 2664 1826 sudores
2705 1769 2866 1839 quasi
2906 1783 2972 1822 ex
3011 1766 3333 1836 paenitentia

85 1876 170 1946 τῆς
197 1874 508 1944 καινότητος
559 1873 658 1944 τῆς
705 1871 1015 1942 οἰκοδομῆς,
1050 1871 1126 1933 ὡς
1171 1869 1284 1922 εἴθε
1336 1869 1409 1938 μὴ
1441 1865 1650 1935 ὤφελεν

87 1972 154 2023 εἰς
183 1969 369 2038 μάτην,
398 1965 931 2036 φιλοτιμησάμενονο
964 1963 1040 2034 τῷ
1089 1962 1199 2032 γάρ
1231 1958 1406 2021 οὕτως
1448 1957 1650 2020 ἀθλίως

90 2059 464 2131 περιενεχθέντι
497 2059 595 2112 καὶ⁸
634 2057 777 2128 μετά
806 2056 1099 2119 τοσούτους
1130 2054 1323 2117 πόνους
1359 2051 1457 2105 καὶ
1486 2049 1650 2122 ἱδρῶ-

88 2169 170 2214 τας
195 2151 374 2222 ὥσπερ
405 2152 469 2204 ἐκ
499 2148 870 2221 μεταμελείας
911 2147 1195 2218 ἐνυϐρίσαι
1228 2145 1297 2199 τὰ
1340 2143 1650 2212 φθάσαντα,

87 2243 168 2295 καὶ
200 2241 378 2296 παθῶν
410 2240 750 2313 ἀνδράποδον
780 2239 1034 2310 γενέσθαι
1074 2238 1171 2292 καὶ
1200 2235 1294 2290 τοῦ
1321 2233 1516 2306 ἐχθροῦ
1544 2235 1644 2305 θή-

90 2349 242 2401 ραμα,
267 2331 418 2385 ούδεν
442 2331 511 2385 ἂν
537 2331 625 2401 εῐη
661 2333 866 2403 χεῖρον,
907 2329 1044 2401 μηδέ
1081 2329 1179 2400 τὴν
1218 2327 1392 2398 ἀρχὴν
1427 2325 1643 2378 ἑλέσθαι

86 2427 172 2498 τὴν
195 2427 474 2498 καινότητα
498 2424 596 2479 τοῦ
625 2423 1037 2493 πολιτεύματος,
1075 2422 1109 2490 ἢ
1137 2417 1534 2492 προελομένους
1569 2416 1644 2487 μὴ

88 2517 358 2588 διενεγκεῖν
390 2519 556 2590 μέχρι
587 2516 798 2580 τέλους,
836 2513 954 2568 ἀλλ’
996 2512 1318 2567 ἀνθελέσθαι
1343 2510 1454 2563 τῶν
1485 2523 1651 2562 σπου-

1751 1864 1955 1934 injuria
2011 1862 2227 1918 afﬁcere
2272 1879 2393 1933 quae
2437 1868 2863 1932 praecesserunt,
2911 1869 2965 1914 et
3015 1859 3332 1928 passionum

1751 1957 2088 2027 mancipium
2151 1955 2267 2010 fieri
2319 1964 2371 2010 et
2419 1953 2626 2008 inimici
2674 1953 2892 2023 praeda,
2954 1952 3128 2005 nihilo
3179 1951 3336 2021 pejus

1751 2057 1917 2124 esset,
1945 2062 2122 2117 neque
2161 2062 2190 2100 a
2221 2046 2489 2117 principio
2518 2043 2751 2115 elegisse
2781 2042 3080 2097 novitatem
3109 2055 3340 2096 conver-

1750 2139 2008 2204 sationis,
2035 2149 2130 2194 aut
2153 2147 2441 2209 postquam
2465 2137 2650 2208 elegit,
2682 2151 2788 2190 non
2812 2133 3137 2205 perduxisse
3160 2147 3339 2203 usque

1759 2234 1827 2288 ad
1862 2235 2052 2299 finem,
2102 2234 2199 2291 sed
2247 2233 2626 2306 anteposuisse
2675 2231 2946 2286 azmnlatis
2997 2245 3060 2284 ca
3099 2243 3222 2300 quae.
3253 2233 3342 2284 dc-

1757 2328 2060 2397 precabilia
2115 2339 2264 2386 sunt.
2329 2328 2396 2384 Et
2443 2344 2511 2384 ex
2564 2327 2771 2398 quibus
2828 2332 3088 2397 peterunt
3147 2336 3341 2378 osores

1761 2418 2021 2475 delectari
2074 2420 2428 2476 irrisionibus
2499 2428 2549 2474 et
2613 2415 3169 2488 exprobrationibus,
3230 2428 3342 2469 non

1763 2508 1948 2564 divina
1984 2511 2200 2567 locutus
2226 2512 2379 2567 siluit
2405 2509 2643 2582 Cyrillus
2675 2517 2920 2565 sanctus.

89 2612 370 2684 ὁριζομένων
396 2611 466 2666 τὰ
511 2611 865 2664 ἀπευκταϊαο
908 2607 1003 2662 καὶ
1065 2603 1149 2668 οἷς
1186 2603 1253 2658 ἂν
1313 2604 1526 2669 ἕξουσιν
1588 2601 1638 2653 οἱ
1704 2601 1986 2674 μισοῦντες
2040 2605 2310 2676 ἐντρυφᾷν
2355 2606 2419 2674 τῇ
2454 2601 2620 2674 χλεύῃ
2660 2601 2755 2654 καὶ
2801 2601 2914 2662 τοῖς
2951 2594 3343 2669 ὀνειδίσμασινν
3387 2596 3404 2624 ⁵

87 2703 195 2756 οὐδὲ
237 2707 327 2760 τὸν
373 2707 666 2761 θεσπέσιον
721 2697 779 2756 δὲ
842 2695 1322 2770 παρασιωπεῖσθαι
1382 2691 1653 2762 Κύριλλον
1689 2693 1854 2748 ὅσιον.

629 2817 970 2876 ΕΡΩΤΗΣῘΣ
1007 2813 1083 2871 Ξν.

96 2920 148 2971 Τί
165 2917 375 2984 δήποτε
391 2917 500 2973 τοῦ
518 2917 709 2984 νόμου
728 2912 1073 2984 κωλύοντος
1085 2907 1378 2984 ἅπζεσόζαι
1397 2901 1650 2984 λεπροῦ)

155 2992 199 3044 εἰ
219 2971 296 3043 ’δέ
316 2971 802 3058 μὴξάκὰἆαρτον
828 2979 983 3058 εἶναι
1023 2971 1136 3058 ἕως
1159 2975 1451 3058 ιέσπρρας,
1477 2971 1546 3027 ἐν
1571 2971 1653 3058 τῷ

153 3045 485 3127 θεραπεύειν
537 3045 968 3127 τὸίλεπρὸνό
1021 3047 1225 3127 Σωξὴρ
1267 3046 1513 3127 ἅιπτεται
1548 3045 1654 3097 αὐ·

153 3115 270 3194 τόῦ,
301 3131 491 3184 καίτοι
523 3129 684 3196 λόγῳ
714 3115 1066 3191 θεραπεύειν
1095 3117 1353 3182 δυνατὸς
1385 3115 1470 3168 ὢν
1488 3130 1509 3179 ;

2109 2810 2439 2881 QUASSTIO
2496 2807 2587 2863 rx
2636 2807 2734 2880 [aL
2779 2804 2944 2876 LIX].

1763 2907 1873 2961 Cur
1899 2904 2148 2961 Christus
2172 2902 2439 2971 leprosum
2469 2899 2718 2971 tetigerit,
2753 2911 2856 2949 non
2899 2893 3141 2948 obstante
3183 2891 3346 2971 legali

1831 2974 2199 3031 imnmnditia.
2221 2963 2346 3026 'cum
2363 2969 2475 3025 solo
2495 2963 2644 3023 verba
2666 2983 2783 3021 eum
2804 2980 2994 3018 sonare
3006 2964 3234 3035 potuerit
3248 2963 3276 3017 ?

1373 3222 1512 3274 Edita
1537 3236 1565 3271 a
1597 3220 1742 3280 Maio,
1771 3220 1806 3269 l.
1827 3231 1890 3276 c.,
1914 3232 1962 3280 p.
1984 3212 2152 3264 69-72.

155 3329 366 3402 Πρῶτον
400 3327 502 3400 μὲν
547 3325 724 3379 ἐκεῖνο
754 3321 1035 3393 προσῆκεν
1074 3317 1295 3378 εἰδέναι,
1327 3310 1402 3377 ὡς
1443 3312 1501 3379 ἐξ
1527 3303 1602 3364 ὧν
1632 3313 1660 3364 ό

1833 3307 2076 3362 Primum
2111 3303 2331 3375 quidem
2353 3301 2407 3355 id
2425 3293 2681 3355 convenit
2702 3293 2865 3356 scire,
2882 3305 2945 3344 ex
2970 3302 3080 3359 quo
3097 3284 3350 3341 Salvator

2138 3397 2149 3402 ‘
2214 3395 2246 3402 “
2319 3393 2334 3402 ⁸
2836 3399 2853 3402 ι
2885 3397 3009 3402 --α-.-
3055 3377 3270 3402 ..ηιξκιζη
3298 3382 3348 3402 ,ιι

95 3420 264 3494 Σωτὴρ
291 3421 384 3475 νῦν
417 3420 518 3492 μὲν
545 3418 635 3472 τὸν
683 3416 849 3486 νόμον
890 3414 1075 3485 ἔκρινε
1122 3409 1438 3480 φυλάττειν,
1480 3404 1576 3458 νῦν
1603 3402 1660 3456 δέ

97 3516 193 3569 τῶν
219 3513 544 3586 κρειττόνων
573 3511 667 3564 καὶ
716 3507 858 3578 ὑπὲρ
891 3505 1177 3576 ἄνθρωπον
1218 3501 1398 3571 ἔργων
1429 3498 1666 3565 ἀπέφαι-

96 3625 176 3661 νεν
206 3608 424 3678 ἥττονα,
455 3603 571 3656 οὐδ’
605 3601 696 3654 ὅτε
746 3597 1146 3670 νομοφυλακεῖν
1192 3589 1538 3662 ἐδοκίμαζεν,
1591 3585 1668 3650 ὡς

99 3697 436 3768 ὑποκείμενος
475 3696 590 3756 τοῖς
628 3693 818 3764 νόμοις
850 3690 1178 3760 ἐφύλαττεν
1217 3685 1355 3740 ἀλλά
1382 3680 1541 3737 τοῦτο
1570 3680 1669 3752 μὲν

98 3789 391 3860 οἰκονομίαν
426 3787 682 3858 πληρῶν,
728 3784 823 3838 καὶ
852 3782 1068 3845 δεικνὺς
1102 3774 1188 3833 οἶα
1219 3779 1284 3848 δὴ
1327 3777 1428 3849 τὴν
1458 3773 1668 3844 ἀνθρω-

102 3883 246 3954 πίνην
275 3885 436 3954 φύσιν
468 3881 548 3954 μὴ
579 3881 903 3946 ἀπαξιώσας
929 3874 1241 3938 ἀναλαϐεῖν,
1274 3873 1358 3924 ὅτι
1382 3869 1477 3923 καὶ
1509 3866 1672 3930 αὐτὸς

101 3976 189 4031 οὐκ
218 3979 472 4048 ἀτιμάζει
520 3975 590 4030 τὰ
625 3974 692 4028 δι’
721 3964 796 4027 ὧν
831 3973 933 4042 ἤδη
977 3967 1302 4041 ῥυθμίζεται
1337 3963 1406 4016 τὰ
1456 3958 1670 4031 ἀνθρὼ-

102 4083 239 4134 πινα,
282 4071 416 4124 ἀλλὰ
448 4070 546 4124 καὶ
578 4067 902 4139 μετέρχεται
927 4062 1102 4116 ταῦτα
1151 4060 1281 4112 ὅταν
1326 4054 1492 4126 μηδὲν
1546 4051 1674 4106 ἄλλο

103 4161 199 4215 τῶν
261 4162 591 4235 κρειττόνων
646 4161 726 4223 εἰς
803 4157 995 4211 ἐαυτὸν
1059 4152 1298 4224 μεθέλκῃ
1353 4148 1448 4201 καὶ
1511 4161 1676 4216 μετα-

105 4255 286 4328 διϐάζῃ
315 4257 415 4327 τὴν
467 4255 762 4326 πρόνοιαν·
798 4249 958 4303 τοῦτο
1001 4245 1059 4299 δέ
1105 4244 1201 4298 καὶ
1255 4240 1364 4293 τῶν
1405 4236 1675 4292 Ἰουδαίων

107 4347 211 4417 ἅμα
235 4351 563 4420 ἐμφράττων
586 4346 653 4398 τὰ
675 4343 972 4415 βλάσφημα
1001 4338 1096 4391 καὶ
1122 4333 1385 4388 ἁπύλωτα
1407 4329 1675 4397 στόματα,

106 4441 190 4492 καὶ
212 4441 269 4492 τὸ
296 4440 546 4493 ἀντίθεον
573 4437 667 4491 καὶ
696 4435 1015 4506 παράνομον
1041 4429 1229 4496 ὥσπερ
1253 4428 1332 4488 εἰς
1360 4424 1451 4475 τὸν
1481 4419 1679 4473 Δεσπό-

106 4547 195 4602 την
232 4534 657 4606 ἐναπορρίπτειν
702 4529 802 4582 οὐκ
832 4527 1084 4598 ἐφριττεν
1118 4523 1151 4591 ἡ
1185 4518 1458 4588 θεομάχος
1497 4511 1678 4566 αὐτῶν

109 4626 340 4690 ἀπόνοια,
370 4629 448 4686 εἰς
479 4623 579 4685 τὰς
609 4619 835 4674 ἐκείνων
865 4614 1212 4685 περιτρέπων
1247 4605 1517 4677 κεφαλάςο
1557 4601 1679 4655 ἐπεὶ

112 4718 195 4769 καὶ
220 4716 341 4770 τοὺς
377 4713 626 4786 μαθητάς
671 4707 1109 4779 ἐγκαλουμένους
1140 4705 1222 4756 ὅτι
1270 4699 1412 4754 κατά
1449 4697 1508 4750 τδ
1541 4695 1678 4749 Σάϐ·

110 4806 258 4862 δαῖον
300 4805 661 4879 πορευόμενοι
714 4803 842 4863 τοὺς
897 4798 1117 4867 στάχεις
1170 4791 1399 4854 ἔτιλλον,
1440 4790 1536 4841 καὶ
1580 4786 1685 4855 dti-

114 4917 284 4968 χοντες
311 4898 477 4971 λιμοῦ
528 4896 631 4968 τὴν
683 4890 1032 4961 αὐτοσχέδιον
1079 4884 1360 4958 τράπεζαν
1408 4877 1691 4933 ἐποιοῦντο

113 4995 261 5062 ἴαμα,
298 4994 477 5062 ἱεραῖς
509 5004 572 5044 τε
623 4986 812 5048 ἄλλαις
861 4981 1076 5052 ἐφόδοις
1104 4977 1200 5032 καὶ
1245 4975 1313 5046 δὴ
1363 4971 1462 5028 καὶ
1508 4986 1692 5040 παρα-ι

114 5085 410 5155 δειγμόιτων
442 5082 680 5154 ἐπιφορᾷ
713 5078 908 5148 κράτει
936 5074 1030 5129 καὶ
1059 5071 1334 5140 ἀξιώματι
1379 5067 1441 5120 τὸ
1470 5063 1693 5134 ἀπαρά-

114 5153 347 5250 γραπτον
383 5173 846 5251 προϐαλλομένων
871 5165 1199 5228 ἀνευθύνους
1227 5161 1438 5215 ἐδείκνυ
1469 5159 1562 5210 καὶ
1595 5153 1694 5251 1rd:

119 5241 209 5342 fit];
231 5241 540 5339 ἀνεπάιρους
577 5264 836 5338 μέμψεως
856 5276 868 5291 ·
917 5260 1006 5313 vel.
1044 5255 1150 5327 μὴν
1195 5253 1290 5306 καὶ
1317 5250 1410 5304 τὸν
1441 5246 1570 5299 Υἱδν
1592 5241 1689 5296 τοῦ

116 5336 655 5436 ἀέθρώπουιςύριον
710 5352 850 5409 εἶναι
899 5351 994 5404 τοῦ
1030 5347 1334 5406 Σαϐϐάτου,
1370 5336 1594 5436 οοχιεὲ
1624 5336 1692 5436 τῇ

121 5423 319 5506 ἐκείνου
352 5423 737 5521 παρατηρήσει
779 5441 1103 5497 δουλεύοντα
1145 5429 1463 5504 περιφανῶς
1492 5423 1692 5521 ἀνεκήί

123 5561 292 5616 ρυττε.
342 5511 876 5610 ΔιὸΌκαὶηπαρόντος
927 5528 1093 5588 αὑτοῦ
1136 5528 1197 5580 τὸ
1247 5521 1539 5594 προνόμιον
1584 5511 1692 5616 ’τοῦ

122 5636 392 5691 Σαῆϐἀτου
429 5634 828 5696 συνεστέλλετο,
860 5628 1051 5696 ὥσπερ
1084 5617 1406 5676 ἐπιστάντος
1433 5608 1692 5665 δεσπότου

191 5754 212 5784 ⁶
235 5752 274 5806 ιι
303 5750 431 5806 Cor.
467 5766 518 5814 v,
556 5751 638 5803 Π.

1769 3415 1915 3456 nunc
1937 3402 2108 3469 legem
2132 3393 2413 3466 judicabat
2439 3403 2679 3454 servare,
2711 3399 2858 3440 nunc
2885 3397 3015 3437 vero
3049 3377 3273 3448 optimis
3295 3382 3351 3430 et

1769 3507 1936 3563 supra
1983 3489 2263 3544 hominem
2314 3483 2573 3555 operibus
2613 3475 3026 3535 demonstrabat
3067 3469 3349 3532 inferiora,

1769 3601 1870 3640 nec
1899 3581 2121 3653 quando
2144 3582 2316 3650 legem
2349 3591 2569 3631 servare
2593 3573 2829 3627 ducebat
2859 3571 3085 3632 bonum,
3120 3573 3181 3618 ut
3219 3562 3353 3618 sub-

1766 3677 1973 3748 jectum
1993 3670 2204 3745 legibus
2225 3688 2348 3726 eum
2377 3683 2668 3734 servasse;
2702 3666 2795 3720 sed
2829 3665 2932 3718 hoc
2948 3661 3168 3731 quidem
3199 3670 3354 3713 tneo-

1772 3771 2012 3826 nomiam
2042 3769 2273 3838 impleas
2319 3773 2373 3819 et
2402 3761 2695 3817 ostendens
2727 3759 2872 3814 sicut
2926 3757 3226 3809 humanam
3252 3767 3325 3804 na

1773 3875 1951 3922 turam
1986 3878 2093 3917 non
2129 3859 2457 3928 dedignatus
2487 3849 2881 3913 assumere,ita
2914 3862 3014 3902 nec
3043 3841 3356 3915 ipsumjam

1773 3955 2056 4027 dedignari
2076 3967 2136 4008 ea
2160 3967 2257 4022 per
2277 3965 2398 4018 quae
2415 3946 2742 4000 ordinantur
2773 3936 3148 4001 hnmana,sed
3181 3943 3235 3990 et
3283 3949 3361 3987 se-

1777 4026 1920 4107 ctari
1961 4063 2020 4100 se
2059 4045 2149 4098 illa
2189 4041 2405 4112 quando
2450 4037 2588 4092 nihil
2635 4033 2783 4090 aliud
2814 4030 3263 4086 excellentiorum
3305 4026 3360 4078 in

1777 4143 2022 4212 seipsum
2065 4135 2292 4190 attrahit
2336 4139 2390 4188 et
2443 4127 2705 4184 transfert
2767 4139 2863 4194 per
2921 4118 3358 4192 providentiam;

1778 4210 1908 4292 illud
1927 4242 2102 4288 autem
2125 4238 2179 4284 et
2206 4226 2520 4282 Iudaeorum
2541 4220 2706 4276 simul
2728 4217 3020 4272 obstruens
3043 4210 3364 4282 blasphema

1779 4339 1833 4385 et
1861 4328 2071 4396 absque
2108 4321 2262 4376 ostiis
2308 4333 2428 4380 ora,
2460 4324 2516 4370 et
2550 4312 2699 4381 quod
2741 4316 2934 4365 contra
2969 4304 3140 4360 Deum
3168 4308 3258 4358 est
3307 4309 3366 4357 et

1782 4433 1972 4482 contra
2003 4421 2173 4490 legem
2207 4427 2265 4471 ut
2299 4416 2352 4469 in
2403 4411 2695 4468 Dominum
2723 4405 2934 4474 jactare
2965 4418 3076 4457 non
3108 4398 3369 4454 horrebat

1783 4525 1975 4573 contra
2010 4513 2176 4566 Deum
2215 4520 2467 4578 pugnans
2507 4501 2724 4557 illorum
2754 4495 2989 4560 insania,
3035 4494 3087 4546 in
3121 4492 3365 4561 ipsorum

1783 4619 2114 4678 retorquens
2135 4602 2337 4672 capita.
2374 4595 2644 4664 Quoniam
2671 4601 2724 4647 et
2747 4587 3050 4658 discipulos
3082 4591 3368 4639 accusatOs

1787 4699 1934 4772 quod
1980 4707 2171 4754 contra
2213 4692 2516 4748 Sabbatum
2557 4695 2751 4740 euntes
2777 4685 2956 4752 spicas
2998 4678 3281 4739 vellerent,
3315 4681 3371 4728 et

1785 4793 2091 4850 esurientes
2123 4787 2285 4842 famis
2309 4791 2504 4854 sponte
2543 4779 2782 4834 oblatam
2827 4786 3071 4828 mensam
3127 4768 3372 4823 facerent

1787 4886 2140 4944 medicinam,
2163 4879 2340 4936 sacris
2371 4886 2424 4931 et
2453 4873 2575 4929 aliis
2599 4871 2703 4926 viis
2731 4880 2786 4923 et
2815 4865 3194 4935 exemplorum
3231 4875 3372 4930 quod

1787 4996 1894 5052 que
1923 4975 2250 5047 allegatione
2278 4970 2330 5026 vi
2362 4978 2414 5023 et
2445 4965 2707 5038 dignitate
2739 4962 3078 5030 Scripturam
3109 4970 3216 5012 non
3253 4955 3375 5009 vio-

1790 5045 1956 5126 latam
1989 5045 2411 5138 proponentium
2447 5059 2566 5114 sine
2613 5055 2775 5124 culpa
2809 5066 2931 5107 esse
2976 5045 3376 5103 demonstravit

1791 5174 1847 5220 et
1873 5137 2022 5217 omni
2047 5160 2283 5213 intactos
2308 5149 2713 5209 criminatione.
2745 5145 2859 5201 lmo
2886 5153 2938 5198 et
2958 5140 3157 5196 Filium
3193 5137 3374 5193 homia

1793 5252 1880 5308 nis
1909 5247 2193 5305 dominum
2218 5258 2341 5298 esse
2373 5238 2621 5302 Sabbati,
2661 5251 2768 5292 non
2805 5241 2986 5288 autem
3018 5230 3168 5284 illius
3191 5227 3380 5281 obsera

1792 5343 1998 5400 vationi
2020 5337 2311 5398 servientia
2338 5333 2623 5405 insigniter
2645 5325 2978 5402 praedicavit.
3009 5323 3136 5377 ldeo
3165 5329 3218 5374 et
3241 5331 3378 5387 prae»

1795 5448 1950 5499 sente
1988 5439 2105 5508 ipso
2138 5430 2477 5505 praescriptio
2526 5425 2749 5480 Sabbati
2801 5416 3234 5477 contrahebatur
3263 5450 3278 5474 ,
3322 5413 3377 5458 nt

1798 5499 2023 5589 astante.
2047 5528 2271 5584 domino
2309 5499 2452 5580 servi
2488 5521 2711 5574 libertas
2749 5511 3051 5573 evanescit,
3102 5499 3380 5559 dozuinico

1799 5637 1982 5683 autem
2037 5617 2430 5690 circumagitur
2461 5625 2616 5674 nutu.
2670 5609 2918 5677 Namque
2958 5604 3014 5656 in
3046 5594 3246 5668 quibus
3276 5593 3379 5648 ho-
