3864 6208
497 225 595 291 ιιι

1657 229 1857 291 ΡΗΟΤ
1875 231 1933 290 ll
1970 229 2473 294 PATRIARCHE
2497 233 2608 295 (ΣΡ.

3647 243 3744 308 412

496 338 708 395 minum
757 336 1020 391 divinitus
1070 335 1401 407 operabatur
1442 336 1700 402 salutem,
1741 332 1992 395 homines
2036 339 2063 395 it

2165 343 2226 411 ,ἡ
2257 341 2354 395 τοῦ
2395 343 2583 397 δούλου
2637 344 2919 416 παρρησία
2970 345 3191 419 ἠρεμεῖ,
3233 347 3313 422 τῷ
3360 351 3660 426 δεσποτικῷ
3699 357 3746 412 δέ

497 429 566 485 iis
620 429 919 484 educantes
985 429 1130 499 leges
1171 427 1470 494 tacebant;
1521 429 1718 486 melius
1761 431 1906 485 enim
1958 445 2082 486 esse

497 522 671 578 multo
707 522 926 591 propria
956 522 1274 592 paedagogia
1299 522 1480 591 ipsum
1511 537 1652 591 opus
1690 522 1882 576 salutis
1919 519 2076 576 intel-

499 613 763 684 ligebant.
805 611 861 666 ln
891 613 1093 682 quibus
1125 623 1306 668 autem
1339 630 1442 667 non
1476 621 1594 668 erat
1616 614 1795 681 legum
1829 613 2079 668 custodia

495 706 828 761 mirabilium
857 707 1230 774 operationem
1266 720 1662 775 superponens,
1687 719 1858 773 neque
1898 703 2079 758 homi-

494 813 619 851 nem
648 796 880 851 salutem
909 793 1241 866 despiciens,
1269 804 1401 851 tunc
1430 807 1485 849 et
1516 796 1648 865 ipsa:
1679 795 1953 864 propriam
1985 793 2078 864 ju-

496 885 880 940 stiﬁcationem
919 865 1305 956 agnoscebant.
1339 882 1510 954 Magis
1539 898 1669 936 vero
1701 883 1834 951 ipsis
1852 865 2078 952 semper

495 988 770 1032 servatum
798 977 1048 1031 exstabat
1086 993 1151 1031 ex
1191 977 1258 1031 iis
1289 993 1411 1046 quae
1437 975 1688 1029 Salvator
1728 976 2073 1045 operabatur.

493 1069 706 1122 Etenim
740 1069 917 1138 legum
952 1069 1120 1122 illatio
1153 1082 1278 1123 cum
1309 1077 1364 1122 et
1398 1067 1570 1135 magis
1621 1067 1863 1136 vigentes
1926 1066 2078 1120 vide-

498 1167 707 1221 rentur,
735 1157 938 1228 lignum
964 1157 1172 1212 caedere
1195 1165 1249 1212 et
1273 1157 1451 1229 ignem
1474 1157 1770 1212 accendere
1794 1163 1848 1211 et
1880 1172 2075 1211 carnes

493 1250 658 1305 dividi
684 1266 715 1303 a
748 1249 1123 1305 sacerdotibus
1158 1263 1266 1302 non
1313 1248 1568 1319 iniuriam
1605 1249 1880 1304 ducebant
1909 1257 1963 1302 et
1993 1250 2076 1318 ip-

493 1360 679 1400 sarum
718 1343 936 1398 roboris
979 1342 1407 1398 destructionem
1445 1342 1540 1398 sed
1591 1349 1646 1398 et
1687 1341 1938 1398 decorem
1969 1340 2074 1397 sibi

489 1434 762 1490 faciebant
793 1443 848 1489 et
885 1434 1204 1504 dignitatem
1243 1433 1475 1488 tolerare
1521 1432 1627 1488 illis
1656 1433 1986 1504 posteriora;
2021 1439 2075 1486 et

488 1528 682 1584 bovem
712 1513 766 1582 et
792 1527 1011 1582 asinum
1043 1526 1257 1582 solvere
1289 1541 1318 1579 a
1354 1525 1604 1595 praesepi,
1641 1532 1694 1578 et
1722 1525 1988 1579 abducere
2016 1533 2075 1578 ut

490 1628 649 1688 potus
679 1618 974 1688 participes
1005 1627 1188 1672 essent
1234 1618 1471 1687 pr0pria:
1504 1616 1880 1686 temperantiae
1914 1615 2069 1669 infir-

2183 435 2512 505 περιάγεται
2556 434 2808 506 νεύματι.
2855 437 3015 492 Ἀλλά
3043 439 3152 510 γὰρ
3178 441 3234 494 ἐν
3267 437 3348 505 οἷς
3389 442 3494 512 τὴν
3529 443 3634 498 τῶν
3662 447 3744 500 άν-

2184 525 2420 596 θρὼπων
2471 527 2752 600 ἐθεούργει
2809 529 3118 600 σωτηρίαν,
3169 533 3219 586 oi
3266 535 3391 598 τοὺς
3443 534 3744 605 ἀνθρώπους

2183 620 2655 692 παιδαγωγοῦντες
2682 621 2836 692 νόμοι
2858 619 3133 694 ἡσύχαζον
3159 641 3173 655 ³
3202 627 3460 694 κρεῖσσον
3495 629 3603 698 γάρ
3625 625 3743 684 εἶναι

2182 713 2364 782 πολλῷ
2393 715 2491 785 τῆς
2521 713 2658 777 ίδίας
2678 713 3070 783 παιδαγωγίας,
3099 715 3229 768 αὑτὸ
3256 717 3314 769 τὸ
3347 717 3510 787 ἔργον
3535 719 3629 788 τῆς
3654 737 3745 773 σω·

2179 805 2374 875 τηρίας
2403 803 2678 858 συνίεσαν.
2719 805 2809 858 Ἐν
2835 801 2916 870 οἷς
2949 805 2995 859 δ’
3025 806 3124 860 οὑκ
3153 801 3222 876 ἦν
3253 807 3362 860 τῶν
3395 807 3578 875 νόμων
3604 810 3634 879 ή
3660 828 3743 878 9a-

2179 894 2318 965 λακὴ
2341 893 2439 964 τὴν
2460 893 2906 966 θαυματουργίαν
2927 895 3353 967 ὑπερτιθεμένη,
3381 897 3506 950 οὑδέ
3531 898 3625 966 τῆς
3651 900 3742 952 τῶν

2179 985 2480 1059 ἀνθρώπων
2521 987 2792 1058 σωτηρίας
2825 986 3292 1060 κατολιγωροῦσα,
3329 989 3630 1058 τηνικαῦτα
3661 991 3740 1045 καὶ

2179 1080 2336 1134 αὐτοὶ
2363 1079 2424 1134 τὸ
2448 1083 2649 1134 οἰκεῖον
2687 1080 2966 1150 δικαίωμα
3012 1083 3383 1150 ἐπεγίνωσκον
3405 1097 3420 1112 ο
3479 1082 3671 1153 μᾶλλον
3702 1085 3739 1138 δ’
3803 1117 3806 1120 ~

2177 1173 2363 1236 αὐτοῖς
2395 1174 2482 1227 ἀεὶ
2506 1170 3010 1244 συνδιασωζόμενον
3039 1175 3288 1246 ὑπῆρχεν
3321 1175 3382 1240 ἐξ
3403 1169 3482 1229 ὧν
3511 1178 3540 1230 ό
3571 1179 3736 1249 Σωτὴρ

2176 1265 2547 1335 διεπράττετο.
2592 1265 2703 1321 Καὶ
2731 1267 2841 1338 γάρ
2867 1267 2900 1338 ἡ
2927 1267 3034 1320 τῶν
3076 1267 3254 1336 νόμων
3285 1269 3520 1340 εἰσφορά
3547 1270 3631 1322 ὅτε
3659 1271 3737 1322 καὶ

2179 1357 2381 1428 μᾶλλον
2425 1355 2714 1420 ἀνθοῦντες
2739 1357 3042 1426 ἐφαίνοντο,
3074 1359 3136 1410 τδ
3177 1357 3503 1423 ξυλοκοπεῖν
3531 1362 3620 1415 καὶ
3645 1361 3737 1434 πῦρ

2175 1449 2438 1504 ἀνάπτειν
2493 1449 2586 1503 καὶ
2639 1452 2965 1520 κρεανομείν
3018 1450 3146 1513 τοὺς
3210 1452 3375 1522 ἱερεῖς
3449 1452 3548 1521 οὑχ
3599 1454 3735 1520 ὕϐριν

2175 1540 2408 1611 ἡγοῦντο
2435 1540 2556 1594 οὑδὲ
2579 1540 2678 1609 τῆς
2701 1538 2882 1594 αὐτῶν
2909 1539 3090 1611 ἰσχύος
3114 1539 3435 1612 καθαίρεσιν
3457 1557 3472 1572 ο
3500 1541 3631 1596 ἀλλά
3656 1544 3734 1596 καὶ

2174 1633 2379 1703 κόσμον
2404 1631 2690 1685 ἐποιοῦντο
2740 1631 2835 1685 καὶ
2870 1629 3255 1703 σεμνολόγημα
3296 1629 3486 1700 φέρειν
3533 1630 3731 1684 ἐκείνων

490 1709 785 1763 matiunem
820 1723 926 1761 non
949 1708 1233 1776 putabant,
1277 1723 1375 1761 nec
1407 1706 1759 1776 solutioipsis
1791 1706 2063 1760 videbatur

2173 1723 2241 1777 τὰ
2270 1692 2500 1795 δεύτερα
2523 1739 2536 1754 ⁸
2567 1724 2662 1777 καὶ
2686 1722 2812 1792 βοῦν
2836 1722 2893 1776 δέ
2926 1692 3021 1777 καὶ
3050 1692 3351 1776 ὖνόιῖλύείν
3370 1692 3478 1790 τῆς
3517 1724 3728 1793 φάτνης·

487 1802 630 1868 quod
664 1813 763 1850 nec
793 1797 884 1850 illa
911 1799 1178 1852 servirent
1203 1805 1492 1865 praecepto.
1520 1795 1660 1862 Quid
1693 1805 1873 1850 autem
1908 1810 2070 1863 opor-

487 1897 562 1941 tet
591 1885 739 1954 loqui
769 1899 922 1939 ovem
952 1900 980 1938 e
1014 1883 1165 1938 fovea
1193 1893 1494 1938 extractam
1522 1895 1576 1937 et
1607 1882 1796 1937 bovem
1819 1889 1875 1936 et
1898 1883 2066 1936 illium

488 1977 730 2031 hominis
764 1992 794 2030 e
835 1974 1010 2045 puteis
1052 1975 1180 2028 laris
1224 1983 1526 2029 extractum
1555 2018 1568 2040 ,
1618 1985 1671 2028 et
1721 1987 2068 2043 quaecunque

489 2069 616 2122 talia
645 2069 781 2134 alia;
807 2081 1044 2136 quorum
1075 2064 1292 2119 Sabbati
1320 2064 1465 2136 leges
1487 2065 1592 2118 vim
1624 2078 1954 2128 reverentes,
1975 2066 2069 2135 ju-

487 2163 758 2215 vabantur
785 2158 962 2226 magis
1001 2167 1057 2212 et
1081 2157 1460 2212 exaltabantur
1483 2174 1499 2224 ;
1526 2158 1724 2227 quibus
1753 2173 1782 2210 a
1801 2157 2066 2227 principio

489 2253 726 2317 illatum,
770 2251 1062 2304 multorum
1107 2249 1339 2303 aliorum
1395 2264 1624 2318 operum
1669 2252 1952 2320 complexu
2012 2259 2065 2304 et

487 2343 832 2400 exhibitione
864 2358 1053 2398 earum
1076 2357 1198 2412 quae
1230 2341 1284 2395 in
1318 2340 1452 2411 ipsis
1473 2343 1865 2413 separabantur
1895 2342 2065 2400 actio-

488 2453 642 2492 num.

561 2784 684 2840 Haec
713 2785 912 2855 quippe
932 2793 985 2839 et
1019 2785 1168 2850 talia,
1195 2786 1689 2858 transgressionem
1710 2785 1930 2840 Sabbati
1963 2785 2064 2839 im-

487 2876 851 2945 prudentibus
887 2874 1089 2932 Judaeis
1139 2876 1472 2931 mirabilium
1523 2876 1867 2947 operationes
1893 2885 1946 2930 et
1975 2876 2062 2930 in-

486 2971 818 3024 sanabilium
852 2970 1172 3024 morborum
1219 2970 1561 3024 curationem
1611 2969 2059 3030 inclamantibns,

2171 1815 2265 1870 καὶ
2301 1816 2538 1884 ἀπάγειν
2569 1815 2736 1868 ποτοῦ
2778 1819 3072 1886 μετασχεῖν
3093 1815 3190 1884 τῆς
3222 1815 3358 1879 ἰδίας
3394 1815 3730 1885 ἐπικρατείας

2169 1905 2451 1959 ἀσθένειαν
2483 1907 2582 1958 οὑκ
2619 1906 2878 1971 ἐτίθεντο,
2903 1907 3022 1960 οὑδὲ
3062 1906 3214 1969 λύσις
3251 1908 3439 1968 αὑτοῖς
3473 1907 3730 1978 ἐνομίζετο

2168 1998 2230 2050 τὸ
2266 1997 2340 2069 μὴ
2381 1997 2475 2051 καὶ
2503 1998 2673 2052 ταῦτα
2713 1998 2985 2052 δουλεύειν
3011 1999 3088 2070 τῷ
3119 1999 3567 2070 παραγγέλματι.
3598 2000 3659 2052 Τί
3679 2001 3728 2052 δι

2167 2089 2248 2142 δεῖ
2276 2089 2459 2158 λέγειν
2485 2090 2758 2161 πρόϐατον
2791 2090 3016 2162 βοθύνου
3059 2090 3462 2162 ἀνασπώμενον
3497 2093 3587 2145 καὶ
3617 2091 3726 2161 βοῦν

2167 2185 2264 2255 καὶ
2295 2185 2408 2238 υἱὸν
2447 2184 2737 2254 ἀνθρώπου
2776 2185 2887 2238 τῶν
2935 2177 3190 2256 φρεάτων
3229 2185 3611 2258 ἀνιμώμενονο
3643 2187 3725 2241 καὶ

2167 2277 2310 2332 πόσα
2340 2277 2565 2332 τοιαῦτα
2618 2278 2816 2349 ἐτερας
2845 2272 2920 2332 ὧν
2952 2279 3002 2332 οἱ
3034 2279 3130 2333 τοῦ
3169 2279 3454 2334 Σαϐϐάτου
3497 2280 3643 2350 νόμοι
3674 2282 3725 2334 τὸ

2166 2369 2368 2440 κράτος
2389 2369 2673 2424 διευλαὸού
2683 2389 2852 2440 μενοι,
2879 2371 3147 2441 ἠρκοῦντο
3173 2374 3374 2443 μᾶλλον
3398 2373 3497 2426 καὶ
3521 2373 3725 2442 ἐσεμνύ·

2165 2475 2352 2513 νοντοο
2397 2457 2477 2524 οἷς
2513 2459 2606 2512 ἀπ’
2651 2460 2823 2532 ἀρχῆς
2870 2461 3280 2530 εἰσφερόμενον,
3315 2459 3529 2512 πολλῶν
3572 2457 3724 2514 ἀλλων

2165 2551 2343 2623 ἔργων
2367 2556 2593 2624 περιοχῇ
2616 2561 2710 2606 καὶ
2734 2557 2797 2625 τῇ
2824 2551 3159 2608 διατυπώσει
3185 2553 3292 2606 τῶν
3329 2555 3387 2606 ἐν
3416 2553 3602 2617 αὑτοῖς
3635 2553 3722 2621 ἀφ-

2165 2643 2428 2716 ωρίζοντο
2459 2645 2733 2716 πράξεων.

2237 2795 2424 2849 Ταῦτα
2466 2797 2756 2868 τοιγαροῦν
2799 2799 2892 2852 καὶ
2924 2799 2994 2852 τὰ
3039 2800 3261 2854 τοιαῦτα
3302 2801 3613 2874 παράϐασιν
3640 2798 3719 2852 τοῦ

2164 2886 2444 2940 Σαῦόάτου
2473 2888 2580 2942 τῶν
2611 2890 2944 2959 ἀγνωμόνων
2975 2886 3241 2947 Ἰουδαίων
3273 2893 3370 2956 τάς
3397 2893 3722 2964 θαυματουρ-

2167 2979 2294 3047 γίας
2321 2997 2380 3032 τε
2410 2982 2503 3034 καὶ
2548 2981 2644 3052 τὴν
2673 2983 2780 3035 τῶν
2804 2984 3040 3037 ἀνιάτων
3087 2985 3258 3038 νόσων
3294 2985 3593 3055 θεραπείαν
3617 2986 3720 3037 ἐπι-

487 3061 740 3118 Salvator
766 3063 820 3116 in
858 3063 1094 3118 medium
1119 3062 1366 3132 protulit,
1395 3077 1680 3132 opponens
1724 3078 1787 3117 ea
1822 3078 1943 3131 quae
1969 3078 2061 3116 su-

2167 3041 2477 3140 ῦοωμένων,
2505 3073 2532 3124 ὁ
2557 3041 2746 3145 Σωτὴρ
2769 3076 2849 3139 εἰς
2879 3075 3043 3145 μέσον
3073 3041 3415 3148 προήνεγκεν
3448 3080 3722 3147 ἀντιπαρα-

484 3169 582 3224 per
612 3168 921 3209 sermonem
947 3161 1077 3208 sunt
1101 3169 1267 3224 opera
1294 3152 1624 3209 manufactis
1651 3155 1982 3219 actionibus,
2015 3161 2069 3208 et

484 3245 782 3300 ostendens
819 3257 1084 3314 quantum
1120 3253 1482 3314 utrorumque
1515 3245 1831 3301 discrimen.
1862 3245 1930 3299 Et
1959 3262 2065 3300 non

483 3345 603 3392 erat
641 3352 744 3392 nec
783 3337 1191 3405 impudentibus
1240 3351 1437 3406 negare
1477 3335 1680 3392 Judaais
1730 3339 1898 3392 multo
1931 3345 2068 3392 'nia-

481 3428 622 3498 joris
655 3429 815 3498 pretii
855 3443 980 3484 esse
1008 3437 1064 3483 et
1118 3428 1481 3484 mirabiliores
1511 3429 1783 3484 salviﬁcas
1825 3432 2065 3487 actiones

485 3534 649 3588 quam
681 3519 955 3588 lignorum
987 3518 1150 3574 cessio
1172 3527 1226 3573 et
1269 3519 1515 3574 carnium
1549 3519 1745 3575 divisio
1776 3529 1830 3575 et
1856 3537 1885 3575 e
1907 3521 2064 3576 fovea

484 3617 540 3664 et
564 3619 726 3679 puteo
760 3609 879 3665 ovis
911 3619 966 3664 et
1015 3609 1171 3664 bovis
1207 3611 1494 3674 extractio,
1527 3619 1580 3664 et
1609 3627 1950 3682 quaecunque
1977 3613 2061 3668 his

485 3701 707 3764 similia,
733 3702 835 3757 etsi
879 3702 948 3757 ab
993 3703 1160 3762 impio
1202 3716 1368 3756 sensu
1400 3712 1454 3755 et.
1502 3701 1668 3756 Deum
1709 3703 2062 3774 impugnante

485 3811 593 3850 non
611 3795 959 3851 desisterent.
990 3794 1126 3850 Vide
1165 3805 1346 3851 autem
1372 3805 1428 3850 tu
1455 3796 2058 3868 incompreliensibilem

483 3887 580 3943 Dei
617 3889 940 3959 sapientiam
973 3897 1027 3944 et
1062 3889 1393 3945 inell'abilem
1438 3891 1877 3959 providentiam,
1921 3906 2061 3960 quo-

479 3981 644 4038 modo
689 3982 836 4052 quod
866 3982 1096 4038 debebat
1127 3983 1525 4052 posterioribus
1563 3985 1900 4054 temporibus
1941 4000 2060 4039 om-

482 4076 612 4131 nino
639 4073 778 4130 solvi
811 4075 998 4146 gratiae
1028 4076 1316 4141 abolitum,
1360 4077 1531 4148 legem
1587 4078 1712 4134 dico
1736 4121 1750 4144 ,
1783 4081 1832 4133 vi
1865 4091 1918 4135 et
1959 4077 2060 4131 do-

479 4178 682 4238 gmate,
703 4168 754 4222 id
779 4183 809 4222 a
838 4169 1104 4238 principio
1132 4170 1410 4225 inductum
1429 4181 1481 4225 et
1499 4171 1694 4227 victum
1726 4176 2058 4246 constringe-

479 4274 652 4328 rctur,
704 4273 766 4317 ut
813 4265 1127 4318 omnimoda
1166 4265 1378 4321 instans
1426 4266 1627 4322 solutio
1671 4283 1789 4322 eam
1833 4285 1954 4338 qua:
1987 4286 2052 4324 ex

480 4363 632 4424 parte
649 4363 702 4408 et
727 4369 851 4409 cum
876 4371 982 4424 qua
1006 4369 1294 4425 progressa
1312 4365 1399 4411 est
1421 4356 1502 4411 lex
1527 4372 1856 4428 proponens,
1876 4375 2052 4430 neque

476 4459 680 4502 novum
720 4449 1242 4516 nequeparadoxum
1278 4447 1507 4502 allatum
1530 4451 1694 4506 simul
1715 4453 2047 4519 ostenderet,

477 4535 569 4590 sed
601 4543 657 4589 et
680 4532 994 4590 Judaeorum
1029 4533 1388 4590 confunderet
1413 4543 1466 4591 et
1490 4537 1771 4592 obturaret
1801 4539 2052 4594 incredu-

475 4626 778 4691 litatem,et
793 4638 983 4683 contra
1017 4627 1186 4698 legem
1212 4643 1321 4684 non
1353 4628 1668 4701 intempore
1694 4631 1810 4686 zelo
1836 4633 2050 4698 tuitam,

479 4721 636 4789 quasi
673 4733 780 4773 non
815 4736 960 4773 nunc
990 4719 1106 4788 lege
1126 4719 1193 4774 ad
1229 4719 1557 4776 solutionem
1591 4733 1866 4795 vergente,
1899 4726 1992 4782 sed
2021 4743 2053 4782 a

477 4808 744 4880 principio
769 4825 893 4864 cum
929 4809 1200 4866 solutione
1224 4826 1504 4881 progressa
1533 4823 1587 4868 et
1609 4827 1732 4868 cum
1783 4817 2053 4872 solutione

477 4900 832 4966 consistente,
878 4899 1257 4967 insolubilitati
1286 4918 1415 4957 vero
1435 4920 1537 4958 nec
1562 4921 1592 4960 a
1626 4907 1894 4978 principio
1919 4909 2053 4964 sub-

471 4992 639 5062 iecta.
671 4989 737 5046 Et
762 5006 870 5046 non
905 4992 1084 5062 quoad
1124 4993 1240 5048 sola
1271 4993 1503 5050 Sabbata
1541 4997 1934 5067 legislationem
1965 5017 2055 5058 so»

443 5077 612 5154 .lutio
649 5080 704 5135 in
741 5081 860 5138 suis
910 5082 1082 5152 ipsius
1120 5083 1390 5139 limitibus
1432 5088 1690 5154 servavit,
1727 5091 1821 5145 sed
1853 5099 1908 5146 et
1956 5107 2052 5161 pro

477 5171 859 5242 adimpletione
927 5174 1200 5244 paschalis
1247 5175 1532 5233 deﬁnitum
1589 5191 1802 5252 tempus
1862 5184 2051 5240 distri-

477 5264 675 5327 buens,
707 5273 761 5318 et
800 5265 852 5318 in
885 5281 948 5319 ea
987 5281 1109 5336 quae
1149 5283 1243 5337 per
1277 5279 1458 5337 partes
1483 5281 1568 5328 est
1617 5277 2052 5345 superpositione

474 5354 711 5410 actionis
748 5357 1158 5413 universitatem
1201 5360 1485 5432 colligens.
1517 5361 1677 5419 Certe
1709 5375 1762 5421 et
1790 5369 2052 5439 templum

477 5461 647 5500 unum
680 5462 778 5516 pro
819 5448 1106 5506 sacriﬁciis
1168 5461 1481 5522 separatum
1527 5455 1730 5526 ubique
1771 5467 1930 5516 terra:
1969 5460 2055 5515 di-

478 5537 682 5606 spersis
703 5537 903 5596 Judazis
926 5539 1205 5597 victimam
1239 5543 1381 5599 haud
1407 5544 1742 5602 immolatam
1772 5560 1825 5605 et
1864 5553 2052 5623 ingra-
2090 5590 2091 5593 η

476 5635 588 5682 tam
624 5631 938 5691 omnimodo
959 5635 1342 5702 praenuntiavit
1375 5635 1653 5709 futuram;
1689 5643 1790 5699 hoc
1832 5645 2050 5715 quidem

2166 3161 2334 3226 τιθεὶς
2350 3163 2416 3217 τὰ
2437 3165 2578 3236 ὑπὲρ
2595 3165 2750 3234 λόγον
2772 3167 2908 3238 ἔργα
2927 3171 3048 3232 ταῖς
3075 3171 3468 3240 χειροκμήτοις
3489 3168 3714 3240 πράξεσι,

2166 3256 2262 3311 καὶ
2307 3257 2518 3322 δεικνὺς
2549 3260 2672 3313 ὅσον
2718 3263 2995 3332 ἑκατέρων
3041 3264 3103 3316 τὸ
3136 3264 3337 3334 μέσονο
3388 3267 3488 3318 καὶ
3533 3266 3625 3318 οὑκ
3662 3261 3719 3334 ἦν

2166 3347 2287 3400 οὐδὲ
2347 3351 2462 3409 τοῖς
2510 3351 2887 3420 ἀναισχύντοις
2942 3354 3288 3424 ἐξαρνείσθαι
3341 3355 3611 3420 Ἰουδαίοις
3656 3355 3718 3426 μὴ

2165 3441 2287 3511 οὐχὶ
2317 3441 2497 3513 πολλῷ
2520 3443 2854 3515 τιμιωτέρας
2879 3441 3017 3499 εἶναι
3047 3449 3139 3500 καὶ
3165 3447 3616 3521 θαυμασιωτέρας
3635 3447 3719 3510 τὰς

2167 3533 2468 3603 σωτηρίους
2515 3536 2741 3607 πράξεις
2791 3537 3114 3603 ξυλοκοπίας
3164 3557 3222 3593 τε
3265 3541 3360 3594 καὶ
3411 3541 3718 3613 κρεανομίας

2164 3625 2260 3678 καὶ
2288 3622 2484 3695 βόθρου
2515 3626 2608 3678 καὶ
2636 3628 2870 3697 φρέατος
2892 3630 3163 3701 πρόϐατον
3187 3631 3282 3684 καὶ
3313 3631 3445 3701 βοῦν
3472 3634 3716 3703 ἀνασπᾷν,

2162 3715 2258 3766 καὶ
2299 3714 2400 3768 ὅσα
2429 3714 2640 3779 τούτοις
2683 3716 2966 3789 ἐνάμιλλα.
2997 3720 3098 3773 κᾶν
3128 3721 3227 3792 τῆς
3265 3723 3568 3795 ἀσεϐούσης
3593 3724 3716 3792 γνὼ·

2165 3823 2275 3875 μης
2316 3809 2410 3859 καὶ
2457 3809 2830 3881 θεομαχούσης
2885 3812 2945 3864 οὑ
3002 3813 3342 3883 μεθίσταντο.
3389 3818 3533 3888 Ὀρα
3562 3817 3615 3871 δὲ
3662 3817 3714 3870 σὺ

2162 3899 2262 3969 τὴν
2305 3900 2688 3971 ἀκατάληπτον
2723 3903 2815 3957 τοῦ
2865 3905 3000 3958 Θεοῦ
3043 3908 3235 3976 σοφίαν
3289 3911 3380 3964 καὶ
3427 3913 3715 3985 ἀπόρρητον

2161 3994 2417 4066 πρόνοιαν
2439 4013 2451 4025 ·
2488 3997 2634 4060 ὅπως
2683 3999 2820 4071 ὅπερ
2867 4001 3099 4074 ἡμελλεν
3133 4004 3380 4074 ὑστέροις
3417 4007 3620 4076 χρόνοις
3647 4006 3714 4068 είς

2157 4084 2218 4137 τὸ
2249 4087 2528 4150 παντελῶς
2556 4087 2809 4144 λελύσθαι
2837 4093 2915 4166 τῷ
2944 4094 3042 4164 τῆς
3069 4096 3286 4165 χάριτος
3309 4097 3713 4167 ὑπεξιστάμενον

2157 4177 2206 4247 (ὁ
2236 4178 2398 4249 νόμος
2423 4180 2587 4252 λέγω)
2618 4185 2808 4254 κράτει
2829 4187 2923 4250 καὶ
2954 4187 3205 4259 δόγματι,
3231 4189 3392 4244 τοῦτο
3414 4195 3533 4246 κατ’
3558 4192 3712 4262 ἀρχὰς

2157 4273 2514 4344 εἰσαγόμενον
2554 4276 2646 4329 καὶ
2673 4279 3070 4350 κρατυνόμενον
3112 4285 3525 4353 συνεσφίγγετο,
3562 4285 3631 4348 ὡς
3655 4283 3710 4337 ἂν

2157 4366 2190 4436 ἡ
2218 4366 2488 4434 παντελὴς
2526 4368 2798 4422 ἐπιστᾶσα
2827 4369 2981 4435 λύσις
3013 4371 3109 4442 τὴν
3137 4373 3230 4426 ἐπὶ
3265 4374 3466 4444 μέρους
3491 4375 3582 4428 καὶ
3607 4372 3710 4444 μεθ’

2153 4450 2223 4528 ἦς
2252 4455 2523 4527 προῆλθεν
2565 4459 2594 4511 ό
2638 4461 2802 4529 νόμος
2853 4461 3288 4534 προϐαλλομένη,
3337 4465 3492 4520 οὐδὲν
3545 4465 3710 4519 καινὸν

2151 4546 2274 4600 οὑδέ
2303 4548 2607 4618 παράδοξον
2628 4552 2690 4604 τὸ
2718 4553 3036 4623 συνενεχθὲν
3091 4556 3407 4622 ἐπιδείξειεν
3436 4575 3451 4589 ο
3477 4558 3607 4613 ἀλλά
3627 4556 3709 4612 καὶ

2151 4639 2259 4692 τῶν
2300 4639 2567 4696 Ἰουδαίων
2608 4643 2943 4716 καταισχύνῃ
2990 4647 3082 4699 καὶ
3124 4648 3455 4722 ἐπιστομίσῃ
3482 4652 3542 4704 τὸ
3569 4651 3708 4704 ἀπει-

2153 4730 2266 4796 θὲς,
2297 4732 2392 4786 καὶ
2424 4734 2572 4804 παρά
2597 4735 2689 4789 τὸν
2729 4740 2892 4807 νόμον
2915 4739 3013 4792 οὑκ
3051 4742 3109 4793 έν
3157 4741 3333 4813 ιιαιρῷ
3363 4742 3704 4813 περισπούδα·

2153 4840 2297 4888 στον,
2344 4825 2420 4888 ὡς
2457 4826 2518 4879 οὑ
2561 4827 2654 4880 νῦν
2681 4829 2773 4882 τοῦ
2819 4833 2985 4900 νόμου
3037 4833 3175 4902 πρὸς
3217 4833 3368 4888 λύσιν
3401 4835 3702 4909 χωροῦντος.

2151 4914 2266 4970 ἀλλ’
2292 4916 2388 4970 ἀπ’
2411 4918 2587 4988 ἀρχῆς
2624 4923 2763 4990 μετὰ
2793 4921 3000 4987 λύσεως
3031 4927 3482 4996 προεληλυθότος,
3510 4930 3597 4982 καὶ
3621 4927 3701 4979 λύ-

2153 5024 2235 5062 σει
2277 5007 2375 5079 μέν
2405 4999 2818 5082 συνισταμένου,
2847 5015 2923 5085 τῷ
2952 5016 3133 5088 ἀλύτῳ
3157 5017 3214 5072 δὲ
3251 5020 3386 5091 μηδὲ
3424 5023 3521 5092 τὴν
3548 5019 3701 5090 ἀρχὴν

2152 5099 2523 5171 ὑφισταμένου
2545 5120 2561 5136 ο
2595 5105 2685 5158 καὶ
2713 5107 2812 5160 οὑκ
2844 5107 2937 5160 ἐπὶ
2967 5109 3146 5178 μόνων
3171 5110 3280 5166 τῶν
3309 5113 3594 5168 Σαϐϐάτων
3617 5111 3700 5180 τὴν

2151 5191 2472 5262 νομοθεσίαν
2503 5198 2536 5266 ἡ
2562 5195 2713 5260 λύσις
2747 5200 2807 5252 ἐν
2834 5204 2945 5264 τοῖς
2974 5202 3174 5272 ἐαυτῆς
3195 5205 3338 5276 ὅροις
3372 5205 3698 5278 περιέσωζεν,

2150 5283 2289 5338 ἀλλὰ
2322 5287 2417 5339 καὶ
2443 5287 2536 5341 ἐπὶ
2565 5289 2662 5360 τῆς
2687 5291 2910 5362 τελετῆς
2937 5293 3030 5347 τοῦ
3064 5295 3248 5367 πάσχα
3283 5296 3375 5350 τὸν
3421 5296 3698 5369 ὡρισμένον

2152 5379 2342 5449 καιρὸν
2395 5381 2811 5453 ἐπιμερίζουσα,
2847 5387 2942 5441 καὶ
2975 5389 3033 5442 ἐν
3083 5393 3149 5460 τῇ
3180 5390 3324 5445 κατά
3359 5392 3519 5464 μέρος
3550 5391 3700 5460 ὑπερ-

2153 5466 2298 5522 θέσει
2326 5469 2424 5541 τὴν
2460 5471 2558 5542 τῆς
2607 5475 2858 5548 πράξεως
2887 5478 3208 5554 ὁλοκληρίαν
3252 5485 3571 5551 συνάγουσα.
3604 5479 3698 5538 Ναὶ

2150 5557 2215 5632 δὴ
2244 5562 2340 5614 καὶ
2369 5564 2493 5629 ναὸς
2530 5561 2611 5630 εἷς
2661 5569 2754 5622 ἐπὶ
2790 5573 2907 5635 ταῖς
2942 5572 3154 5639 θυσίαις
3189 5575 3572 5651 ἀφοριζόμενος
3596 5575 3696 5645 ,τοῖς

2153 5655 2459 5724 πανταχόσε
2493 5658 2597 5729 γῆς
2629 5658 3050 5733 διεσπαρμένοις
3091 5667 3364 5734 Ἰουδαίοις
3407 5671 3500 5745 τῂν
3529 5667 3695 5723 θυσίαν
