3864 6208
173 302 273 365 413

175 508 410 563 ἔσεσθαι·
447 503 607 558 τοῦτο
640 504 738 575 μὲν
777 500 853 572 μὴ
888 497 1200 569 δυναμένων
1239 492 1578 563 πανταχόθεν
1610 490 1744 542 πάν-

176 618 274 655 των
316 600 398 661 εἰς
442 597 537 648 τὸν
572 594 734 648 αὑτὸν
786 590 922 645 νεὼν
952 588 1018 642 δι’
1071 586 1223 650 ἐτους
1274 581 1741 655 συναθροίζεσθαι,

175 694 321 749 τοῦτο
343 692 401 745 δὲ
440 690 539 744 καὶ
571 687 665 740 τοῦ
698 682 828 739 ναοῦ
863 682 923 735 ού
958 680 1097 751 μετὰ
1135 679 1302 732 πολὺν
1344 677 1536 748 χρόνον
1585 674 1745 726 πολε-

179 793 320 862 μίαις
357 784 548 855 χερσὶν
582 776 982 850 ἀνατρέπεσθαι
1030 773 1314 845 μέλλοντος
1336 787 1350 803 ·
1396 770 1489 823 καί¹
1520 767 1613 819 ἐπὶ
1642 784 1746 836 μυ-

181 859 298 955 ρίων
324 879 505 934 ἀλλων
542 876 621 938 ὠς
650 870 988 941 πανταχόθεν
1030 868 1130 938 τὴν
1162 862 1398 918 παλαιὰν
1428 859 1747 933 νομοθεσίαν

177 978 304 1036 εἶναι
331 977 566 1031 συνιδεῖν
610 975 687 1033 εἰς
711 970 863 1032 τέλος
895 961 1397 1034 παλαιωθήσεσθαι,
1421 960 1515 1012 ἅτε
1550 957 1614 1028 δὴ
1641 954 1747 1007 τῶν

181 1068 545 1126 συνιστώντων
589 1062 758 1130 αὐτὴν
807 1055 1091 1126 συμϐόλων
1126 1049 1285 1104 τοῦτο
1328 1060 1747 1118 προανακηρυτ-

177 1165 363 1217 τόντων
413 1157 511 1210 καὶ
556 1145 1167 1223 προκαταγγελλόντων,
1214 1140 1273 1194 ού
1322 1138 1501 1205 λόγοις
1548 1134 1748 1205 μᾶλλον

180 1256 281 1312 ἀλλ’
303 1253 497 1313 αὐταῖς
542 1243 829 1316 ἐργασίαις
865 1238 961 1292 καὶ
992 1234 1252 1307 πράξεσι·
1287 1232 1381 1284 καὶ
1406 1228 1469 1299 δὴ
1509 1226 1605 1279 καί¹
1633 1224 1747 1278 ὲτέ-

183 1366 270 1421 ρας
309 1341 592 1401 πολιτείας
622 1332 964 1406 ὑψηλοτέρας
1000 1346 1060 1381 τε
1103 1325 1198 1379 καὶ
1234 1322 1512 1392 θειοτέρας
1536 1318 1632 1372 καὶ
1658 1316 1750 1370 λύ-

184 1410 261 1495 σιν
288 1440 385 1492 οὐκ
410 1428 809 1501 ἐπιδεχομένης
840 1420 1125 1491 προοίμιον
1154 1415 1248 1470 ἀπ’
1287 1413 1462 1485 ἀρχῆς
1493 1410 1589 1464 καὶ
1612 1426 1748 1481 προ-

181 1534 465 1604 γύμνασμα
511 1518 847 1594 γεγενῆσθαι
875 1514 1100 1584 ταύτην,
1138 1510 1203 1563 δι’
1229 1508 1295 1561 ἣν
1336 1506 1474 1568 ὅλως
1512 1504 1609 1557 καὶ
1648 1502 1750 1573 τῆς

179 1624 453 1692 ῑπικαίρου
496 1617 727 1689 μετέσχε
760 1610 1050 1681 γενέσεως.

251 1722 306 1772 '0
334 1684 390 1770 δέ
418 1684 616 1780 Σωτὴρ
638 1684 793 1777 ἡμῶν
814 1700 902 1755 διά
931 1717 989 1752 τε
1010 1695 1183 1750 ταῦτα
1208 1695 1317 1762 ἀφῇ
1343 1686 1632 1780 θεραπεύει
1659 1684 1749 1738 τὸν

178 1808 363 1880 λεπρὺν
414 1803 514 1859 καὶ¹
545 1772 635 1854 ἵνα
658 1772 825 1864 *δείξῃ
874 1792 955 1844 ὅτι
990 1786 1197 1859 Κύριος
1238 1784 1397 1844 αὐτὸς
1434 1776 1523 1851 ἦν,
1563 1778 1753 1847 ῶσπερ
1785 1772 1827 1827 Β

182 1872 621 1966 τού-εἰσενεγκεῖν
660 1890 751 1943 τὸν
785 1887 971 1956 νόμον,
1003 1880 1146 1935 οὕτω
1181 1876 1276 1931 καὶ
1295 1876 1369 1945 μὴ
1394 1872 1747 1940 εἰσενεγκεῖν·

184 2000 353 2066 ὥσπερ
382 1993 439 2046 δὲ
588 1980 942 2048 εἰσενεγκεῖν,
977 1973 1119 2028 οὕτω
1151 1972 1245 2024 καὶ
1269 1968 1603 2066 εἰσενεγκεῖν
1631 1963 1750 2017 ἑτέ-

188 2056 450 2162 ροις,’άλλ’
480 2056 604 2147 ὀύχ
646 2070 823 2140 ἐαυτῷ
870 2065 1233 2132 εἰσενεγκεῖνυ
1286 2059 1422 2131 μηδὲ
1459 2056 1594 2162 γὰρ.
1629 2056 1750 2127 μηδ’

186 2146 490 2237 ύποκεῖσθαι
530 2173 623 2225 τὸν
662 2165 961 2237 νομοθέτην
996 2157 1414 2229 νομοφυλακεῖν.
1453 2146 1539 2206 ὧν
1570 2150 1603 2222 ἡ
1647 2167 1751 2219 φυ-

185 2273 309 2343 λακὴ
334 2272 445 2331 τοῖς
489 2256 973 2334 νομοθετουμένοις
1025 2248 1253 2322 ἁρμόζει
1305 2246 1507 2317 μόνοις.
1540 2244 1751 2343 Ὠσπὶρ

186 2327 282 2436 γὰρ
297 2327 613 2431 ἱδομοθετῶν
638 2349 888 2423 βασιλεὺς
913 2343 1067 2398 πόλει
1090 2341 1183 2395 καὶ
1211 2337 1528 2436 πολιτείαις,
1552 2335 1649 2404 οὐχ
1670 2327 1751 2397 οἷς

187 2425 471 2528 ἀρμόζεται
502 2447 602 2501 καὶ
641 2440 874 2506 καθιστᾷ
908 2436 1008 2506 τὴν
1051 2430 1349 2492 πολιτείαν,
1377 2425 1585 2488 τούτοις
1624 2425 1753 2477 έαυ·

299 2514 523 2613 ὑπάγει,
557 2537 655 2592 καὶ
682 2534 792 2587 τῶν
835 2525 1153 2601 ἀρχομένων
1197 2523 1359 2574 ἕνεκα
1391 2514 1753 2585 καταγγέλλει

184 2643 273 2696 καὶ
314 2605 717 2708 παραπλησίως
763 2622 992 2681 ἐκείνοις
1030 2608 1325 2683 τεθηπέναι
1368 2609 1457 2661 τὸν
1498 2609 1621 2678 ὅρον
1658 2605 1752 2708 τοῦ

189 2697 523 2803 ψηφίσματος
545 2697 958 2788 παρασκευάζει
976 2724 990 2738 ο
1023 2706 1137 2761 ἀλλ’
1168 2702 1329 2762 αὐτὸς
1359 2701 1456 2803 μὲν
1475 2700 1587 2753 ἀνω

190 2788 303 2896 ﬁt;
342 2788 437 2889 τῆς
482 2808 771 2877 πολιτικῆς
825 2804 1033 2869 τάξεως
1076 2796 1174 2896 καί
1216 2791 1559 2896 ὑπηρεσίαςο
1605 2788 1666 2841 τὸ
1697 2788 1754 2842 δὲ

192 2880 477 2980 πολίτευμα
510 2906 627 2967 τοῖς
651 2898 815 2956 αὑτοῦ
847 2893 1059 2964 συνέχει
1092 2887 1186 2942 καὶ
1222 2880 1576 2946 συνδιασώζει
1610 2896 1752 2950 παρ-

193 2972 547 3076 αγγέλμασιν·
596 2994 772 3058 οὕτως
808 2990 904 3045 καὶ
946 2990 975 3041 ὁ
1021 2983 1115 3038 τοῦ
1160 2982 1364 3049 κόσμου
1413 2972 1755 3076 Δημιουργός

193 3068 247 3157 τέ
269 3068 364 3153 καὶ.
407 3087 802 3164 Παμὸασιλεῦς
834 3083 1033 3151 νόμους
1078 3080 1318 3149 παρέσχε
1363 3068 1505 3124 κατά
1530 3083 1754 3137 καιρους

178 3195 292 3255 ’τοῖς
316 3193 370 3244 ὲν
398 3186 477 3257 τῷ
503 3160 721 3253 κόσμῳ,
747 3177 812 3230 δι’
848 3168 924 3228 ὧν
954 3171 1022 3244 ἦν
1046 3168 1225 3225 αὐτῶν
1268 3165 1367 3231 μὲν
1398 3166 1498 3234 τὴν
1529 3160 1756 3230 γνώμην

197 3253 352 3339 me
376 3253 603 3351 ἄμεινον
649 3266 1013 3341 μετακοσμεῖν
1065 3280 1115 3315 ιε
1146 3261 1239 3315 καὶ
1268 3253 1756 3351 μεταρῤυθμίζειν,

198 3376 341 3438 αὐτὸς
382 3340 440 3426 δέ
469 3369 572 3438 τῆς
611 3340 868 3430 τοιαύτης
900 3353 1160 3427 προνοίας
1213 3347 1517 3421 ἀπροσδεὴς
1549 3340 1618 3415 ἦν
1665 3341 1763 3395 καὶ

198 3468 464 3539 κρείττων,
500 3455 584 3523 οἷς
614 3450 1069 3527 φιλοτιμούμενος
1098 3443 1384 3506 ὲπλούτιζε
1428 3440 1489 3493 τὸ
1522 3438 1763 3506 ὑπήκοον

199 3527 380 3612 τόύτων
401 3546 759 3619 ἀναδέχεσθαι
782 3542 879 3611 τὴν
905 3532 1116 3611 χρείανέ
1146 3534 1283 3589 Οὐδὲ
1305 3533 1413 3602 γάρ
1442 3529 1550 3582 οὐδ’
1576 3527 1722 3580 ὥσπε
1733 3541 1765 3595 ρ

199 3654 280 3706 ἐπὶ
301 3650 404 3704 τῶν
435 3647 617 3702 ἀλλων
647 3636 954 3709 νομοθετῶν
984 3633 1033 3687 οἳ
1063 3629 1274 3685 πολλῶν
1298 3627 1503 3697 ἑτέρων
1536 3636 1759 3676 συνεπι-

201 3750 474 3819 κρινόντων
503 3759 567 3796 τε
595 3738 689 3794 καὶ
732 3732 1040 3804 συμψήφων
1081 3728 1146 3797 τῇ
1176 3724 1401 3819 γνὼμῃᾉ
1415 3716 1748 3819 καθισταμέ-

199 3807 291 3893 νων
318 3839 438 3900 τοὺς
460 3835 664 3905 νόμους
708 3826 971 3887 τιθέασιν,
1003 3819 1147 3874 οὕτω
1175 3817 1348 3905 καὶᾲὸΔ
1366 3807 1759 3905 Σωτὴρ-ἠμῶν

201 3929 285 4000 τὴν
307 3894 625 3997 νομοθεσίαν
672 3915 978 3983 εἰσέφερεν,
1008 3907 1125 3963 ἀλλ’
1147 3905 1225 3968 ὡς
1262 3900 1393 4000 Θεὸς
1412 3900 1529 4000 ,καὶ
1553 3894 1759 4000 Κύριος

202 3985 399 4074 πάντων
429 4016 522 4070 καὶ
553 4012 652 4081 τῆς
687 4008 816 4077 ὅλης
858 3999 1184 4073 νομοθεσίας
1212 3993 1377 4056 αὐτὸς
1410 3985 1761 4059 ἐπανῃρημέ-

196 4110 368 4175 νοςτὺ
389 4108 616 4179 κράτος.
657 4099 858 4167 Διόπερ
906 4093 1119 4161 ἀνάγκη
1158 4087 1288 4148 τοὺς
1338 4084 1435 4154 μὲν
1461 4082 1575 4142 τοῖς
1606 4092 1769 4179 νομοιε

203 4206 485 4278 θετηθεῖσιν
496 4194 882 4265 ὑποτετάχθαι,
894 4190 985 4243 τὸν
995 4188 1050 4240 δὲ
1064 4185 1223 4253 λόγος
1243 4182 1387 4243 ἆπας

1158 295 1253 355 ΑΙ)
1278 282 1875 353 AMPHILOCHIUM
1907 280 2251 357 QUESTIO
2288 284 2411 346 LX.

172 415 358 471 ἄθυτον
385 412 485 467 καὶ
510 408 897 482 ἁκαλλιέρητον
932 404 1098 460 παντὶ
1134 403 1321 477 τρόπῳ
1349 400 1744 474 προεθέσπιζε-δ

1863 409 1973 451 :um
2020 408 2131 449 non
2164 403 2387 467 possent
2424 391 2671 465 undique
2694 408 2886 451 omnes
2914 394 2968 450 in
2992 394 3133 451 idem
3152 394 3417 465 templum
3508 380 3517 386 ’

3313 281 3418 346 414

1846 503 1944 558 per
1988 502 2192 542 annum
2220 486 2597 559 Icongregari;
2645 486 2739 541 illo
2794 502 2925 542 vero
2965 488 3111 558 quod
3157 488 3417 558 templum

1847 592 1952 631 nou
1979 586 2103 647 post
2133 578 2363 650 multum
2391 586 2607 646 tempus
2652 577 2941 630 hostilibus
2983 577 3236 632 manibus
3268 592 3424 629 ever-

1849 664 2071 719 tendum
2127 671 2293 719 esset.
2347 662 2414 718 Et
2457 663 2511 717 in
2556 662 2828 718 sexcentis
2875 663 2998 717 aliis
3060 664 3421 733 tindequaque

1844 765 2084 811 veterem
2118 756 2517 824 legislationem
2548 770 2670 810 esse
2698 755 3020 824 conspicere
3051 753 3107 808 in
3144 756 3249 809 line
3287 754 3422 808 anti-

1846 849 2144 920 quandam,
2170 856 2355 917 utpote
2387 845 2843 916 componentibus
2872 846 3045 914 ipsam
3078 845 3341 914 symbolis
3367 844 3421 897 id

1848 942 2269 1014 praedicantibus
2284 952 2336 995 et
2351 939 2865 1010 prmriuntiantibus,
2888 954 2994 993 nou
3020 939 3200 991 verbis
3219 939 3418 1006 potius,

1849 1034 1942 1087 sed
1972 1032 2104 1102 ipsis
2156 1031 2414 1100 operibus
2450 1038 2506 1084 et
2547 1031 2879 1094 actionibus,
2913 1038 2968 1083 et
3011 1036 3159 1081 certe
3199 1026 3425 1079 alterius

1849 1120 2085 1175 instituti
2111 1120 2448 1176 sublimioris
2482 1130 2537 1175 et
2568 1119 2859 1174 divinioris
2886 1127 2940 1172 et
2958 1119 3289 1172 solutionem
3316 1131 3424 1171 non

1850 1211 2185 1266 admittentis
2212 1216 2537 1281 prommium
2564 1226 2595 1264 a
2626 1210 2896 1281 principio
2924 1218 2980 1265 et
3000 1223 3426 1279 progytnnasma

1850 1303 2023 1360 fuisse
2056 1304 2235 1369 istam,
2275 1312 2496 1373 propter
2545 1317 2710 1372 quem
2754 1302 2981 1357 omnino
3016 1309 3074 1355 et
3112 1299 3426 1371 temporalis

1850 1396 2122 1467 particeps
2137 1395 2240 1450 fuit
2262 1395 2582 1450 nativitatis.

1926 1666 2180 1721 Salvator
2209 1678 2339 1719 vero
2378 1670 2565 1717 noster
2591 1668 2647 1715 et
2692 1670 2912 1732 propter
2942 1663 3058 1717 haec
3095 1669 3241 1717 tactu
3272 1670 3430 1715 sanat

1856 1756 2130 1827 leprosum
2166 1764 2220 1808 et
2251 1762 2311 1807 ut
2339 1752 2589 1807 ostendat
2611 1765 2672 1805 se
2695 1750 2986 1805 Dominum
3007 1766 3149 1817 esse,
3178 1760 3240 1805 ut
3261 1749 3431 1804 iutrtr

1857 1846 2136 1902 ductionis
2162 1845 2318 1915 legis,
2362 1844 2435 1897 ita
2458 1852 2506 1897 et
2538 1858 2647 1897 non
2674 1842 3132 1907 introductionis;
3174 1852 3431 1912 quemad-

1859 1941 2079 1995 modum
2104 1947 2283 1993 autem
2310 1951 2433 1991 eam
2472 1946 2684 2005 poterat
2716 1950 2826 1989 non
2864 1934 3237 1999 introducere,
3273 1935 3347 1987 ita
3378 1942 3433 1987 et

1858 2014 2232 2085 introduxisse
2274 2027 2417 2090 aliis,
2469 2038 2526 2080 at
2565 2039 2673 2080 non
2717 2024 2820 2078 sibi
2876 2024 3279 2088 introduxisse;
3322 2037 3431 2075 non

1857 2116 2002 2172 enim
2032 2115 2318 2184 subjacere
2341 2112 2706 2181 legislatorem
2739 2111 2873 2179 legis
2904 2110 3296 2175 observationi,
3337 2124 3436 2163 cu-

1852 2211 1945 2282 jus
1974 2209 2222 2265 custodia
2245 2207 2314 2263 iis
2342 2221 2443 2277 pro
2469 2200 2671 2275 quibus
2703 2205 2847 2273 leges
2874 2204 3128 2257 feruntur
3182 2200 3437 2257 convenit

1859 2304 2013 2359 solis.
2047 2299 2117 2355 Ut
2143 2300 2292 2354 enim
2347 2299 2494 2369 leges
2525 2305 2773 2352 statuens
2804 2310 2901 2349 rex
2949 2293 3156 2349 civitati
3181 2302 3237 2348 et
3267 2293 3437 2346 admi-

1858 2394 2296 2459 nistrationibus,
2328 2408 2438 2448 non
2468 2393 2671 2462 quibus
2696 2399 2845 2460 aptat
2872 2400 2928 2444 et
2957 2389 3245 2444 constituit
3294 2388 3438 2458 regi-

1859 2502 2006 2553 men,
2043 2487 2126 2542 liis
2152 2487 2394 2555 seipsum
2432 2483 2638 2547 subdit,
2668 2492 2722 2536 et
2750 2482 3123 2551 subjeCtorum
3153 2496 3284 2549 ergo
3310 2494 3440 2549 pro-

1858 2582 2062 2636 clamat
2104 2588 2158 2633 et
2202 2579 2451 2648 proxime
2492 2575 2625 2644 ipsis
2679 2575 2928 2641 posuisse
2979 2573 3203 2626 limitem
3238 2571 3438 2627 decreti

1860 2672 2060 2727 astruit
2087 2689 2101 2726 :
2132 2682 2187 2724 at
2218 2670 2334 2739 ipse
2364 2666 2578 2738 quidem
2608 2668 2663 2721 in
2690 2666 2801 2719 alto
2823 2665 2977 2720 sedet
3003 2665 3207 2734 politici
3230 2664 3440 2719 ordinis

1859 2776 1913 2821 et
1948 2764 2267 2829 ministerii;
2306 2762 2550 2833 regimen
2587 2768 2771 2814 autem
2803 2760 2918 2813 suis
2946 2759 3191 2813 continet
3222 2767 3277 2813 et
3306 2772 3439 2811 con-

1862 2865 2044 2912 servat
2071 2855 2387 2925 praeceptis;
2423 2854 2503 2907 sie
2523 2861 2577 2905 et
2606 2852 2794 2905 mundi
2827 2851 3050 2905 Greater
3082 2858 3135 2903 et
3161 2851 3444 2902 universo-

1862 2965 1983 3006 rum
2023 2965 2119 3005 rex
2166 2949 2315 3018 leges
2375 2947 2597 3001 tradidit
2640 2946 2794 3014 juxta
2833 2951 3081 3011 tempora
3130 2941 3196 2995 iis
3234 2942 3325 3010 qui
3387 2940 3441 2994 in

1862 3042 2070 3098 mundo
2125 3048 2278 3107 sunt,
2334 3053 2431 3108 per
2483 3051 2620 3107 quas
2668 3035 2867 3088 licebat
2917 3034 3159 3101 ipsorum
3218 3031 3440 3101 quidem

1783 3129 1826 3187 C
1859 3143 2096 3189 mentem
2130 3134 2198 3188 ad
2236 3131 2428 3185 melius
2457 3130 2709 3184 ordinare
2744 3137 2797 3181 et
2823 3124 3130 3189 instituere,
3166 3123 3284 3192 ipse
3312 3138 3442 3176 vero

1860 3225 1984 3281 talis
2036 3223 2395 3293 providentiae
2445 3233 2555 3273 non
2589 3218 2838 3287 indigetis
2874 3223 2995 3270 erat
3052 3223 3108 3267 et
3137 3214 3329 3267 melior
3377 3211 3442 3265 iis

1862 3331 1947 3374 est
1980 3318 2181 3388 quibus
2215 3316 2449 3385 benigne
2487 3310 2782 3382 providens
2817 3309 3014 3364 ditavit
3046 3307 3441 3376 subjectionem

1866 3421 1925 3465 ut
1950 3411 2164 3464 illarum
2190 3408 2511 3476 exciperent
2540 3404 2835 3459 utilitatem
2873 3421 2887 3457 :
2942 3416 3051 3454 non
3080 3400 3227 3454 enim
3258 3408 3316 3453 ut
3352 3398 3442 3452 alii

1865 3502 2207 3574 lcgislatores
2261 3500 2357 3569 qui
2396 3498 2582 3552 multis
2640 3495 2766 3550 aliis
2817 3508 2922 3547 una
2977 3491 3353 3562 judicantibns
3388 3499 3446 3544 et

1862 3596 2336 3655 consentientibus
2366 3592 2703 3647 stabilientes
2737 3590 2883 3658 leges
2906 3585 3110 3652 ferunt,
3141 3587 3222 3641 sic
3245 3596 3300 3639 et
3325 3585 3448 3640 Sal-

1863 3700 2017 3745 vator
2064 3696 2249 3741 noster
2286 3684 2683 3754 legislationem
2724 3680 2951 3744 invexit,
2990 3679 3083 3734 sed
3112 3687 3171 3732 ut
3213 3677 3354 3732 Deus
3390 3688 3447 3734 et

1861 3781 2127 3836 Dominus
2148 3777 2397 3833 omnium
2427 3784 2481 3829 et
2503 3784 2613 3829 tota
2659 3773 3000 3844 legislatione
3030 3771 3147 3841 ipse
3178 3769 3449 3827 excelsior

1860 3888 2148 3955 potestate.
2165 3875 2289 3932 ldco
2312 3888 2536 3929 necesse
2563 3881 2646 3925 est
2678 3870 2784 3924 hoc
2807 3869 3025 3938 quidem
3051 3868 3167 3936 lege
3189 3865 3446 3920 stabilitis

1871 3973 2180 4043 subjacere,
2213 3969 2360 4022 hunc
2393 3976 2575 4019 autem
2606 3962 2746 4016 ratio
2768 3961 2946 4016 omnis
2969 3960 3161 4015 eximit
3186 3958 3331 4029 quod
3361 3974 3448 4013 re-

1872 4040 2043 4135 liquis
2078 4057 2335 4115 omnibus
2360 4056 2413 4108 in
2443 4056 2775 4108 immensum
2803 4048 3225 4118 superemineat.
3348 4040 3352 4045 ’

1407 4176 1616 4247 ἐξαίρει
1641 4141 1715 4242 μὴ
1729 4165 1849 4237 οὑχί⁵
1862 4161 1970 4218 τῶν
1988 4158 2162 4213 ἄλλων
2177 4153 2434 4209 ἁπάντων
2454 4148 2576 4203 καθ’
2600 4144 2902 4218 ὑπερδολὴν
2921 4141 3445 4213 ὁπερανεστηκέναι,

278 4241 882 4369 λλλῖἆδξιξῖξεῡρολκαῖ
1067 4241 1460 4334 συνεπισκόπει
1480 4290 1495 4304 ο
1606 4268 1757 4369 νόμος

1948 4256 2054 4312 Sed
2084 4267 2298 4309 mecum
2337 4250 2424 4305 hic
2458 4259 2511 4304 et
2542 4246 2673 4301 illud
2705 4243 2993 4301 considera
3021 4258 3034 4295 :
3081 4241 3166 4296 lex
3195 4256 3317 4295 eum
3351 4242 3444 4310 qui

1881 4348 2043 4369 .___:.
2074 4348 2348 4369 unum-.-“
2406 4341 2680 4369 ἐπι-...νηη-
2746 4335 2986 4369 nomine“
3045 4348 3151 4369 nnn
3179 4347 3339 4369 ninam
3378 4347 3443 4369 ριν

207 4393 284 4447 τὸν
306 4358 605 4459 ἀπτόμενον
632 4358 858 4453 λεπροῦ,
880 4374 1188 4443 ἀκάθαρτον
1207 4364 1483 4459 ὀνομάζει,
1506 4361 1569 4414 οὑ
1574 4379 1606 4431 χ
1626 4358 1685 4412 ὃν
1707 4358 1771 4459 εκ

208 4487 292 4557 τῆς
316 4449 457 4553 ἁφῆς
476 4477 705 4553 ᾕδειτῆς
722 4449 928 4543 λέπρας
958 4461 1407 4557 ἀποκαθαίροντα.
1424 4454 1518 4508 τὸν
1541 4449 1764 4557 συνεχό-

483 4538 763 4637 gradu-(oi;
790 4538 897 4631 γάρ
937 4554 1078 4628 ἦσαν
1109 4551 1324 4644 ελπίδες
1353 4545 1506 4600 οὔπω
1534 4538 1764 4644 τῆς.χά-

215 4633 340 4736 ριτος
384 4633 704 4729 ἐπιστάσης,
746 4651 862 4707 ἀλλ’
912 4648 1033 4702 οὐδὲ
1062 4643 1168 4699 τῶν
1202 4640 1407 4710 ταύτης
1438 4633 1760 4736 προοιμίων,

214 4724 357 4810 ei.th
375 4724 657 4827 ἄνθρωπον
678 4745 973 4814 ὑπέφαινον
1001 4732 1387 4807 θεουργοῦντα,
1411 4726 1508 4782 καὶ
1533 4724 1769 4826 κρείττω

215 4848 418 4913 πάθους,
476 4814 717 4917 μάλιστά
741 4853 806 4906 γε
865 4831 960 4886 τοῦ
1005 4828 1104 4900 τὴν
1138 4820 1449 4917 θεραπείαν⁵
1480 4814 1769 4917 ζητούντος

218 4904 417 5011 ἐμφανῆ
447 4904 828 4997 καθιστῶσαι),
870 4923 981 4977 ἀλλ’
1016 4920 1073 4982 ὃς
1116 4915 1270 4970 οὐδὲν
1310 4910 1388 4981 τῷ
1434 4904 1771 5011 λε-πρωθὶέντι

365 4994 629 5098 κάθαρσιν
656 4994 985 5083 συνεισάγει,
1017 5008 1114 5063 καὶ
1140 5006 1199 5059 ὃν
1245 4994 1770 5103 μετασχεῖνιμᾶλλον

220 5088 524 5182 τόῦνπάθους
556 5116 591 5188 ἦ
640 5114 738 5184 τῆς
777 5101 1120 5175 ἀκαθαρσίας
1164 5091 1472 5188 ἀπαλλάξαι
1517 5088 1611 5188 τον
1666 5101 1770 5138 πα-

228 5213 470 5284 ρασχόντα
505 5179 790 5276 συνεώρα.
833 5200 892 5253 '0
929 5196 986 5251 δὲ
1168 5185 1355 5284 ψυχῶν
1388 5181 1486 5284 καί
1523 5179 1629 5284 τῶν
1665 5193 1772 5284 σω-

230 5267 387 5372 pasz
438 5299 620 5370 ἰατρὸς
652 5267 885 5364 Χ’ριστδς
926 5289 954 5340 ὁ
989 5280 1180 5372 Σωτὴρ
1220 5274 1379 5372 ημῶν
1412 5269 1639 5372 flii-rixa;
1667 5267 1763 5372 μέν

227 5357 308 5467 τῆς
334 5357 640 5462 λέπραξδιά
669 5357 767 5458 της
795 5384 937 5451 ἁφῆς
961 5370 1345 5439 ἀποκαθαίρει,
1366 5362 1564 5467 αὐτίκα
1579 5359 1651 5467 ,δὲ
1673 5357 1771 5428 τὴν

230 5488 362 5541 νόσον
386 5486 542 5554 λόγου
565 5482 810 5554 κρεῖττον
839 5464 1155 5542 φυγαδεύει.
1181 5459 1307 5521 Πῶς
1334 5450 1428 5510 οὖν
1452 5454 1553 5507 οὐκ
1572 5450 1770 5505 ἄτοπον

231 5541 617 5630 διευλαϐείσθω..
644 5571 741 5641 τὴν
793 5541 937 5635 ἁφὴν
985 5560 1060 5621 ὡς
1101 5546 1442 5641 ἀκαθαρσιγας
1467 5541 1770 5641 ,π.ίῖ⁶ξεν⁰Υ’

234 5670 309 5720 τὸν
338 5670 501 5723 εἰδότα
534 5666 619 5720 διὰ
646 5631 855 5727 ταύτης
894 5631 1309 5717 κεκαθαρμένον
1359 5635 1632 5727 ἀναδεῖξαι
1680 5631 1772 5727 τόν

235 5761 291 5825 τῇ
312 5760 473 5829 λέπρᾳ
503 5723 856 5825 πιεζόμενον;
887 5742 1002 5806 πῶς
1037 5740 1080 5792 δ’
1115 5738 1176 5792 οὐ
1209 5730 1515 5802 παράλογον
1549 5726 1638 5780 τὸν
1670 5723 1771 5796 μὲν

1880 4348 2049 4418 tangit
2074 4348 2374 4415 leprosum,
2406 4341 2681 4409 impurum
2746 4335 3012 4399 nominat,
3045 4348 3151 4387 non
3179 4347 3341 4402 quem
3378 4347 3446 4387 ex

1878 4450 2023 4496 tactu
2050 4437 2260 4495 sciebat
2286 4451 2315 4490 a
2342 4434 2489 4503 lepra
2520 4430 2872 4503 mundantem
2903 4439 3026 4479 eum
3053 4425 3145 4492 qui
3176 4423 3448 4477 detinetur

1871 4532 2046 4595 malo;
2079 4544 2187 4584 non
2217 4527 2362 4581 enim
2400 4531 2518 4578 erat
2549 4536 2671 4591 spes
2699 4517 2941 4573 nondum
2980 4516 3154 4586 gratia
3185 4514 3444 4579 instante,

1870 4621 1965 4677 sed
1994 4633 2172 4690 neque
2210 4615 2373 4687 hujus
2405 4612 2716 4684 prooemiis,
2744 4625 2866 4679 qua:
2914 4607 3189 4661 hominem
3224 4604 3449 4660 demon-

1869 4705 2307 4765 strarentdiviua
2348 4710 2690 4772 operantem,
2713 4709 2768 4755 et
2798 4698 3078 4752 fortiorem
3110 4696 3276 4761 malo,
3310 4711 3447 4765 pra:-

1869 4802 2058 4859 sertim
2089 4813 2217 4854 vero
2235 4812 2301 4852 eo
2320 4794 2466 4865 quod
2492 4794 2835 4850 curationem
2873 4788 3151 4859 quaerebat
3185 4786 3448 4841 manifes-

1871 4902 1982 4948 tam
2015 4893 2230 4947 sistere.
2260 4886 2365 4941 Sed
2383 4888 2477 4957 qui
2509 4884 2644 4938 nihil
2672 4884 2890 4954 leproso
2915 4881 2980 4934 ad
3003 4879 3445 4934 emundationem

1870 4982 2148 5043 conducit,
2181 4987 2236 5034 et
2261 4992 2421 5047 quem
2445 4974 2765 5045 participem
2788 4985 2909 5026 esse
2926 4970 3100 5040 magis
3124 4969 3252 5023 mali
3281 4983 3447 5037 quam

1872 5070 2216 5130 immunditia
2236 5070 2466 5126 liberare
2482 5065 2775 5136 patientem
2812 5062 3120 5131 conspexit.
3141 5061 3212 5114 At
3231 5063 3447 5114 anima-

1871 5180 1992 5221 rum
2017 5171 2071 5219 et
2094 5172 2387 5230 corporum
2417 5142 2660 5211 medicus
2693 5152 2946 5208 Christus
2988 5150 3236 5205 Salvator
3264 5158 3449 5204 noster

1872 5252 2059 5309 statim
2088 5248 2309 5319 quidem
2345 5260 2376 5299 a
2398 5244 2549 5315 lepra
2574 5258 2670 5313 per
2702 5250 2907 5296 tactum
2944 5239 3196 5305 mundat,
3226 5239 3449 5293 statim-

1873 5360 1981 5417 que
2006 5343 2256 5398 morbum
2295 5337 2490 5394 melins
2532 5350 2697 5407 quam
2727 5334 2837 5389 dici
2869 5333 3044 5403 possit
3096 5331 3268 5399 fugat.
3298 5330 3446 5394 Quo-

1872 5438 2037 5495 modo
2055 5435 2219 5506 igitur
2240 5448 2348 5489 non
2372 5430 2639 5487 insulsum
2661 5427 2834 5483 vereri
2855 5434 3058 5480 tactum
3079 5432 3137 5477 ut
3158 5418 3450 5475 immundi-

1881 5533 1972 5588 tite
1998 5541 2245 5594 causam,
2273 5539 2400 5580 eum
2425 5522 2519 5595 qui
2548 5521 2699 5577 novit
2722 5534 2814 5589 per
2838 5518 2984 5571 hunc
3005 5512 3324 5569 mundatum
3348 5508 3447 5565 dc-

1872 5631 2182 5681 monstrare
2230 5618 2382 5689 lepra
2420 5612 2729 5671 amictum?
2772 5606 3060 5676 Quomodo
3105 5611 3287 5659 autem
3333 5615 3443 5656 non

1875 5716 2143 5775 absonum
2184 5711 2456 5784 leprosum
2483 5708 2597 5778 jam
2632 5719 2743 5760 non
2773 5702 3043 5770 leprosum
3074 5710 3174 5753 nec
3209 5693 3451 5749 immun-
