3820 6212
430 276 540 345 4Ξ5

1597 252 1863 328 PHOTII
1901 263 2409 328 PATRIARCHfE
2446 269 2534 330 CP
3589 275 3670 346 tto

425 388 558 444 dum
591 397 731 451 esse,
754 381 1073 438 mundatum
1105 395 1234 435 vero
1249 376 1302 434 et
1332 393 1527 434 sanum
1554 392 1650 449 per
1665 375 2016 431 'Dominicum

2137 378 2322 448 ιεπρὸν
2343 380 2527 434 οὐκέτι
2557 380 2758 453 λεπρὺν
2777 382 2886 436 οὐδ’
2902 382 3212 454 ἀκάθαρτον
3238 379 3385 438 εἶναι
3434 389 3668 460 κεκαθαρ-

428 486 636 535 tactum
655 485 710 532 et
731 473 972 546 reputari
999 473 1068 529 ab
1103 471 1358 529 omnibus
1391 479 1449 526 et
1482 469 1722 534 ostendi,
1742 483 1867 524 eum
1890 480 2020 520 vero

428 569 525 638 qui
551 566 998 622 emundationem
1053 564 1160 634 ipsi
1195 563 1430 634 benigne
1473 571 1526 618 et
1554 560 1898 618 abundanter
1919 561 2020 614 do-

427 661 602 723 navit,
632 654 994 711 immunditiae
1035 653 1358 724 participem
1403 663 1677 721 reputare.
1711 665 1873 720 quam
1918 665 2021 706 nec

431 752 489 806 in
519 751 627 805 alio
665 763 896 818 corpore
922 747 1202 804 concessit
1247 747 1505 802 manere?
1534 745 1706 816 Igitur
1743 760 1853 800 non
1892 760 2017 800 eum

430 846 523 914 qui
554 859 651 914 per
692 853 895 897 tactum
921 841 1126 896 malum
1167 840 1414 910 corporis
1444 839 1669 904 abrasit,
1709 839 1856 894 hunc
1884 839 2017 910 quin

431 942 681 1007 tangeret
719 933 806 988 lex
837 932 1144 1004 prohibuit.
1183 931 1602 1001 Misanthropiae
1629 930 1775 985 cnim
1805 945 1914 984 non
1946 929 2020 984 ef-

431 1030 663 1101 fugisset
691 1028 927 1091 crimen,
969 1025 1062 1082 sed
1095 1039 1192 1081 eos
1217 1025 1310 1095 qui
1340 1027 1393 1078 in
1429 1024 1700 1095 tangendo
1730 1023 1865 1078 nihil
1897 1024 2020 1096 qui-

431 1125 553 1179 dem
584 1121 942 1176 immunditia:
991 1116 1336 1182 auferebam,
1375 1127 1658 1187 tangentes
1688 1124 1872 1172 tamen
1922 1131 2019 1172 eos

431 1216 523 1286 qui
547 1215 725 1270 adhuc
755 1215 910 1284 plaga
935 1211 1317 1268 detinebantur
1353 1218 1410 1266 et
1453 1210 1691 1281 afﬂigere
1733 1210 2022 1265 transmis-

433 1306 592 1360 sione
617 1304 802 1375 potius
830 1311 1102 1373 pateram,
1127 1316 1292 1372 quam
1312 1301 1656 1358 curationem
1685 1317 1780 1371 per
1801 1301 2017 1356 illorum

433 1411 655 1451 manum
688 1394 920 1460 lucrari;
969 1394 1113 1448 unde
1143 1392 1272 1464 quia
1329 1401 1385 1448 et
1417 1394 1675 1449 dominus
1705 1405 1823 1448 erat
1851 1392 2020 1448 Filius

434 1487 672 1543 hominis
694 1495 750 1541 et
777 1487 1012 1556 ponendi
1044 1495 1097 1541 et
1124 1503 1231 1542 non
1257 1485 1492 1557 ponendi
1524 1486 1721 1557 legem,
1744 1501 1853 1541 non
1873 1487 2017 1541 enim

434 1576 617 1632 carnis
646 1577 950 1645 assumptio
973 1577 1274 1646 potentiam
1303 1577 1529 1632 abstulit
1557 1575 1882 1641 divinitatis,
1917 1577 2011 1632 sed

431 1676 752 1738 assumptus
782 1668 950 1723 homo
1003 1669 1299 1739 potentiam
1332 1670 1452 1740 ejus
1482 1671 1572 1740 qui
1599 1670 1894 1740 assumpsit
1917 1670 2017 1726 sibi

431 1762 712 1833 propriam
742 1760 907 1828 fecit;
954 1770 1009 1816 et
1043 1763 1170 1832 quia
1203 1763 1298 1832 qui
1332 1763 1712 1833 principaliter
1739 1773 1796 1818 et
1845 1764 2020 1834 origi-

434 1855 634 1911 naliter
657 1864 740 1909 est
769 1855 1053 1925 lcgislator
1066 1868 1164 1910 eos
1198 1855 1292 1925 qui
1331 1856 1434 1910 sub
1459 1869 1623 1909 manu
1652 1865 1780 1910 sunt
1801 1856 2023 1926 subjicit

432 1946 788 2017 legislationi,
827 1961 936 2001 non
966 1947 1129 2002 simul
1153 1947 1442 2016 subjicitur
1468 1962 1569 2002 nec
1599 1947 1761 2002 simul
1789 1947 2025 2004 circum—

437 2041 621 2108 agitur
649 2053 776 2092 cum
817 2038 920 2108 legi
953 2037 1239 2108 subjectis.
1282 2037 1348 2093 Et
1370 2040 1500 2110 quia
1549 2046 1646 2109 per
1693 2041 2024 2096 solutionem

437 2139 595 2185 vetus
636 2130 720 2185 lex
771 2131 1039 2200 originem
1091 2131 1282 2185 habuit
1340 2142 1392 2186 et
1426 2141 1843 2187 concurrentem
1897 2148 2021 2188 cum

439 2221 714 2277 solutione
741 2223 1094 2278 securitatem
1131 2223 1406 2293 promisit,
1442 2238 1553 2277 non
1599 2224 1772 2278 altero
1795 2223 2025 2279 alterum

442 2311 745 2378 auferente,
777 2328 874 2384 per
901 2321 1198 2384 utrumque
1243 2329 1374 2368 vero
1406 2313 1822 2369 subsistentiam
1865 2315 2030 2385 legis-

437 2404 646 2458 iatione
663 2404 1000 2474 accipiente;
1032 2413 1086 2459 et
1111 2405 1242 2475 quia
1267 2420 1373 2458 non
1399 2419 1496 2475 per
1528 2412 1735 2460 tactum
1760 2406 1845 2460 lex
1866 2420 2031 2460 mun-

439 2495 636 2551 dantes
667 2497 737 2551 ab
787 2495 1136 2552 immunditia
1167 2497 1447 2552 hominem
1485 2506 1706 2568 tangere
1755 2498 2028 2569 prohibet,

441 2587 537 2641 sed
560 2601 657 2642 eos
685 2587 778 2657 qui
815 2597 992 2656 neque
1019 2602 1185 2657 quam
1218 2588 1412 2643 melius
1459 2587 1754 2658 disponere
1802 2599 2034 2658 possunt

443 2681 646 2751 injuria
676 2680 932 2736 affectum
968 2695 1064 2750 per
1094 2681 1534 2748 immunditiam;
1586 2690 1640 2736 et
1677 2681 1808 2753 quia
1835 2697 1934 2752 per
1966 2696 2031 2735 ea

444 2787 568 2843 quae
597 2773 850 2828 Salvator
879 2772 1030 2833 fecit,
1064 2772 1464 2842 legislationem
1496 2773 1670 2842 magis
1720 2773 2038 2831 honorabat.

443 2876 554 2919 non
586 2864 808 2920 obsta-re
835 2879 956 2918 eam
979 2863 1184 2919 divinis
1213 2865 1387 2934 signis
1414 2865 1770 2929 convincens,
1803 2865 1860 2919 in
1901 2879 2035 2920 con-

2111 470 2292 538 ’μένον
2323 469 2380 523 δὲ
2411 471 2506 524 καὶ
2546 472 2675 541 ὑγιᾶ
2704 472 2792 526 διὰ
2819 472 2918 543 τῆς
2947 474 3287 544 Δεσποτικῆς
3318 473 3468 543 ἁφῆς
3499 477 3583 529 καὶ
3604 497 3672 530 νο-

2129 561 2386 633 μίζεσθαι
2412 565 2544 618 πᾶσι
2569 564 2665 617 καὶ
2693 564 3126 630 ἐπιδείκνυσθαι,
3163 567 3253 619 τὶν
3291 566 3353 619 δὲ
3379 566 3478 636 τὴν
3507 567 3674 639 κάθαρ-

2128 673 2213 709 σιν
2239 657 2387 726 αὑτῷ
2434 657 2835 729 φιλανθρώπως
2876 659 2972 712 καὶ
3001 659 3304 730 ὑπερφυῶς
3349 659 3671 731 δωρούμενον,

2125 749 2469 820 ἀκαθαρσίας
2502 753 2792 821 μετασχεῖν
2813 752 3078 823 νομίζειν,
3098 753 3164 824 ἣν
3187 753 3300 805 οὐδ’
3329 754 3391 805 ἐν
3415 751 3575 822 ἑτέρῳ
3599 753 3675 805 σώ-

2130 859 2260 912 ματι
2290 843 2670 922 συνεχώρησεν
2723 843 2938 914 μένειν;
2972 844 3187 898 Οὐκοῦν
3228 842 3359 913 οὐχὶ⁸
3386 841 3478 895 τὸν
3504 841 3582 896 διὰ
3601 843 3675 914 τῆς

2125 934 2274 1003 ἁφῆς
2305 934 2364 986 t6
2411 935 2580 998 πάθος
2628 933 2723 989 τοῦ
2773 933 2980 1005 χρωτὸς
3030 935 3367 1000 ἀποξύοντα,
3421 932 3594 986 τοῦτον
3622 934 3676 1004 μὴ

2127 1026 2395 1080 ἅπτεσθαι
2424 1026 2452 1078 6
2477 1027 2639 1095 νόμος
2672 1025 2877 1079 ἐκώλυε
2905 1025 3352 1097 (μισανθρωπίας
3385 1023 3492 1096 γὰρ
3519 1023 3604 1078 οὑκ
3625 1025 3673 1079 ἄν

2128 1117 2300 1186 ἔφυγε
2341 1116 2543 1190 δίκην),
2575 1117 2713 1170 ἀλλὰ
2735 1118 2862 1181 τοὺς
2895 1118 2953 1170 ὲν
2989 1115 3067 1187 τῷ
3099 1114 3380 1169 ἅπτεσθαι
3420 1115 3575 1185 μηδὲν
3604 1117 3676 1185 μὲν

2126 1209 2226 1278 τῆς
2252 1208 2600 1279 ἀκαθαρσίας
2624 1207 3082 1278 ἀφαιρουμένους,
3115 1207 3469 1277 ἁπτομένους
3497 1206 3538 1260 δ’
3563 1207 3677 1278 ὅμως

2127 1299 2237 1353 τῶν
2264 1300 2348 1354 ἔτι
2391 1303 2458 1371 τῇ
2489 1299 2757 1371 διαφθορᾷ
2787 1301 3164 1371 συνεχομένων
3204 1300 3306 1353 καὶ
3355 1298 3673 1368 λυμαίνεσθαι

2127 1394 2194 1464 τῇ
2247 1394 2532 1465 μεταδόσει
2576 1393 2778 1464 μᾶλλον
2817 1393 3222 1464 δυναμένων,ἢ
3274 1392 3380 1463 τὴν
3426 1393 3677 1464 θεραπείαν

2127 1483 2218 1538 διὰ
2244 1483 2344 1554 τῆς
2378 1485 2604 1538 ἐκείνων
2627 1485 2810 1556 χειρὸς
2832 1479 3347 1556 ἀποκερδαινόντων
3369 1501 3382 1514 ·
3422 1483 3554 1536 ὥστε
3574 1483 3676 1538 διότι

2127 1594 2188 1630 τε
2230 1577 2436 1648 Κύριος
2467 1573 2534 1649 ἦν
2565 1579 2594 1631 6
2638 1577 2768 1640 Υἱὸς
2813 1575 2910 1630 τοῦ
2942 1575 3234 1647 ἀνθρώπου
3267 1577 3371 1628 καὶ
3413 1574 3574 1627 θεῖναι
3609 1576 3677 1629 καὶ

2133 1667 2208 1740 μὴ
2248 1668 2417 1722 θεῖναι
2454 1670 2542 1722 τὸν
2593 1669 2750 1735 νόμον
2791 1667 2874 1739 (οὑ
2904 1668 3010 1738 γὰρ
3037 1669 3070 1737 ἠ
3117 1667 3218 1737 τῆς
3248 1664 3459 1735 σαρκὸς
3487 1665 3679 1736 πρόσλη-

2123 1761 2216 1830 ψις
2247 1759 2347 1830 τὴν
2374 1758 2623 1824 ἐξουσίαν
2652 1759 2893 1832 περιεῖλε
2915 1759 3015 1830 τῆς
3037 1757 3315 1830 θεότητος,
3346 1757 3484 1810 ἀλλὰ
3502 1758 3529 1808 6
3548 1774 3679 1825 προσ-

2126 1851 2359 1922 ληφθε“ις
2431 1851 2719 1922 ἄνθρωπος
2777 1851 2840 1905 t6
2897 1851 3100 1920 κράτος
3143 1849 3264 1904 ’τοῦ
3327 1848 3678 1918 προσλαϐόντος

2129 1943 2494 2017 ᾠκειώσατο),
2525 1943 2618 1997 καὶ
2657 1944 2792 1997 διότι
2827 1943 2854 1994 6
2887 1943 3091 2013 κυρίως
3132 1941 3225 1995 καὶ
3259 1940 3480 1994 οἴκοθεν
3501 1942 3678 2010 νομοθέ-

2129 2055 2226 2109 της
2273 2038 2400 2101 τοὺς
2428 2037 2532 2101 ὑπὸ
2556 2039 2712 2107 χεῖρα
2745 2036 2843 2106 μὲν
2886 2033 3174 2088 ὑποτάττει
3207 2035 3274 2104 τῇ
3315 2031 3609 2103 νομοθεσίᾳ,
3635 2032 3677 2084 cf:

2131 2131 2504 2200 συνυπάγεται
2536 2129 2593 2182 δὲ
2623 2128 2741 2182 οὑδὲ
2773 2128 3210 2199 συμπεριάγεται
3237 2128 3360 2190 τοῖς
3406 2125 3674 2195 νομοθετου-

2134 2225 2345 2296 μένοιςο
2382 2224 2477 2278 καὶ
2507 2223 2590 2276 ὅτι
2621 2221 2710 2275 διὰ
2753 2220 2960 2282 λύσεως
2989 2222 3018 2273 ὁ
3045 2219 3280 2282 παλαιὸς
3318 2218 3486 2288 νόμος
3515 2218 3596 2288 τὴν
3616 2217 3680 2286 γέ-

2131 2333 2279 2370 νεσιν
2304 2315 2461 2386 ἔσχεν
2497 2315 2594 2369 καὶ
2643 2312 2942 2384 σύνδρομον
2971 2313 3035 2381 τῇ
3089 2310 3241 2364 λύσει
3291 2310 3398 2382 τὴν
3427 2310 3679 2378 ἀσφάλειαν

2132 2409 2364 2480 ὑπέστη,
2395 2407 2456 2461 οὑ
2492 2405 2724 2477 θατέρου
2767 2405 2826 2459 τὸ
2865 2405 3053 2475 ἓτερον
3101 2402 3486 2474 ἀναιροῦντος,
3522 2402 3578 2454 δι⁶
3602 2404 3679 2470 ἀμ-

2134 2503 2254 2571 φοῖν
2281 2501 2338 2554 δὲ
2366 2499 2466 2571 τὴν
2501 2499 2761 2552 σύστασιν
2798 2497 2901 2566 τῆς
2935 2494 3259 2566 νομοθεσίας
3303 2494 3677 2565 λαμϐανούσης

2134 2594 2230 2647 καὶ
2255 2593 2339 2645 ὅτι
2374 2591 2495 2660 οὑχ).
2531 2592 2655 2653 τοὺς
2684 2589 2752 2642 δι’
2784 2589 2931 2658 ἁφῆς
2965 2589 2995 2641 6
3023 2587 3186 2658 νόμος
3232 2585 3588 2657 καθαίροντας
3609 2583 3679 2650 τῆς

2133 2682 2475 2754 ἀκαθαρσίας
2528 2681 2619 2734 τὸν
2668 2680 2954 2751 ἄνθρωπον
2992 2676 3261 2732 ἅπτεσθαι
3322 2676 3550 2730 κωλύει·
3579 2676 3680 2728 ἐι)λᾶ

2135 2777 2263 2841 τοὺς
2297 2774 2463 2846 μηδὲν
2491 2774 2715 2843 ἄμεινον
2741 2771 3004 2824 διαθεῖναι
3030 2769 3373 2840 δυναμένους
3395 2770 3486 2823 τὸν
3512 2769 3680 2839 ἐξυϐρι-

2139 2870 2336 2940 σμένον
2366 2870 2430 2938 τῇ
2458 2864 2771 2935 ἀκαθαρσίᾳ
2790 2879 2803 2894 ⁸
2828 2863 2924 2917 καὶ
2947 2863 3028 2916 ὅτι
3055 2862 3123 2915 δι’
3152 2856 3272 2918 ὧνό
3302 2865 3493 2934 Σωτὴρ
3522 2863 3679 2931 ἐπρατ-

445 2969 672 3011 cursum
704 2971 832 3011 vero
866 2956 1043 3026 magis
1062 2955 1452 3011 demonstrans
1482 2963 1840 3026 assumptum.
1863 2954 2030 3026 Prop-

2137 2979 2251 3025 τεν,
2285 2963 2385 3031 τὴν
2419 2957 2743 3030 νομοθεσίαν
2781 2955 2983 3027 μᾶλλον
3005 2956 3170 3026 ἐτίμα
3191 2956 3298 3008 οὐκ
3321 2955 3679 3023 ἀνθισταμένην

443 3055 529 3103 ter
555 3048 672 3102 haec
707 3047 874 3118 igitur
933 3048 1142 3112 omnia,
1202 3056 1468 3119 quantum
1522 3047 1577 3102 in
1608 3063 1696 3102 me
1729 3048 1874 3103 scire
1929 3056 2030 3111 est.

2138 3054 2260 3114 ταῖς
2308 3049 2660 3120 θεοσημείαις
2703 3046 3016 3116 διελέγχων,
3062 3044 3373 3116 σύνδρομον
3419 3043 3474 3096 δὲ
3525 3042 3678 3113 μᾶλλον

447 3137 703 3194 Salvator
735 3147 919 3195 noster
957 3149 1008 3195 et
1042 3136 1186 3195 Deus
1227 3140 1506 3210 leprosum
1541 3153 1743 3195 curans
1782 3147 1838 3194 et
1872 3138 2030 3194 verbo

2137 3142 2448 3204 ἐπιδεικνὺς
2500 3137 3096 3211 παραλαμϐανομένην.
3155 3137 3256 3192 Διά
3309 3136 3496 3192 τοίνυν
3545 3133 3676 3188 ταῦτα

449 3241 653 3286 tactum
678 3217 1018 3302 conjungens
1045 3218 1212 3302 stipra
1245 3245 1556 3288 sermonem
1601 3230 1844 3286 ostendit
1874 3245 2038 3285 mun-

450 3326 661 3378 datum.

849 3528 1172 3594 onmno
1220 3527 1336 3585 LXI
1372 3527 1468 3601 [aL
1524 3527 1661 3602 LX].

454 3619 595 3684 Quid
650 3619 924 3690 signiﬁcat
973 3619 1109 3674 illud
1145 3635 1164 3673 :
1214 3638 1233 3672 ι
1285 3620 1382 3673 Est
1404 3637 1518 3689 spes
1569 3637 1752 3677 canem
1789 3625 2037 3680 viventem

824 3690 1089 3745 meliorem
1126 3705 1240 3745 esse
1262 3690 1406 3745 leone
1434 3702 1642 3746 mortuo
1661 3694 1688 3746 .9

2133 3235 2333 3298 πάντα,
2363 3233 2463 3287 ὅσα
2491 3248 2557 3301 γε
2609 3231 2708 3300 ἐμὲ
2739 3229 2958 3290 ειδέναι,
2993 3228 3021 3280 ὁ
3052 3228 3246 3299 Σωτὴρ
3275 3229 3312 3298 ἡ
3323 3229 3443 3299 μῶν
3476 3226 3559 3281 καὶ
3581 3226 3678 3287 θεὸς

2131 3327 2223 3381 τὸν
2248 3326 2449 3398 λεπρδν
2477 3322 2795 3394 θεραπεύων
2822 3322 2920 3374 καὶ
2951 3320 3096 3392 λόγῳ
3123 3319 3223 3391 τὴν
3255 3320 3409 3391 ἁφὴν
3441 3319 3676 3373 συνάπτων

2133 3418 2274 3490 ὑπὲρ
2301 3419 2460 3486 λόγον
2491 3415 2659 3480 ἔδειξε
2689 3412 3126 3485 κεκαθαρμένον.

2685 3523 3022 3577 ΕΡΩΤΗΣΙΣ
3058 3522 3180 3579 EA'.

2150 3622 2212 3677 Τί
2241 3620 2425 3689 δηλοῖ
2447 3621 2538 3683 τὸ,
2562 3637 2581 3669 ι
2616 3618 2831 3671 Ἔστιν
2857 3615 3037 3689 ἑτῑπὶς
3064 3616 3152 3670 ὅτι
3177 3620 3210 3689 ό
3233 3618 3449 3689 inﬁt.er
3478 3616 3676 3678 (tingat?-

2215 3685 2317 3815 τιέξ
2342 3693 2563 3761 ἀγαθός
2595 3689 2768 3743 ἐστιν
2800 3685 2952 3755 ὑπὲρ
2985 3687 3093 3739 τὸν
3119 3687 3345 3741 λέοντα
3385 3688 3490 3741 τὸν
3517 3689 3675 3752 τεθνη-

2213 3781 2249 3818 κ
2290 3777 2401 3818 τας
2438 3781 2455 3812 ι

1478 3892 1621 3945 Edita
1646 3908 1671 3943 a
1699 3894 1840 3957 Maio,
1865 3897 1901 3946 l.
1925 3911 1990 3958 c.,
2017 3913 2064 3962 p.
2089 3899 2249 3950 ’ΤΞ-73.
2271 3900 2322 3948 ln
2346 3897 2516 3947 Eccle.
2549 3909 2620 3956 ιι,
2644 3896 2692 3945 4.

523 3978 836 4054 Secundum
871 3979 1111 4034 litteram
1145 3977 1388 4046 quidem,
1413 3978 1468 4033 in
1512 3984 1798 4051 propatulo
1832 4000 2028 4040 sensus

450 4081 563 4136 est;
600 4072 667 4125 ad
703 4071 839 4125 nihil
869 4078 1054 4124 autem
1076 4067 1296 4124 videtur
1329 4069 1545 4126 utilium
1572 4087 1755 4142 neque
1785 4087 2036 4130 necessa-

452 4165 659 4218 riorum
709 4162 983 4229 tendere;
1041 4164 1243 4218 etenim
1295 4165 1552 4222 omnibus
1625 4175 1680 4220 et
1728 4167 2032 4238 cognitum,

451 4270 564 4309 non
588 4254 767 4308 solum
803 4267 996 4308 canem
1044 4254 1230 4308 vivum
1276 4263 1494 4310 mortuo
1537 4256 1697 4311 leone
1732 4256 2032 4324 meliorem,

2214 3983 2368 4040 κατὰ
2402 3984 2501 4055 μὲν
2526 3983 2588 4037 τδ
2612 3983 2868 4054 γράμμα,
2891 3981 2953 4057 t6
2973 3981 3264 4053 πρόχειρον
3290 3982 3327 4052 ἠ
3359 3981 3554 4036 διάνοια
3572 3979 3672 4050 ἔχει’

2139 4079 2277 4149 πρὸς
2327 4077 2483 4130 οὐδὲν
2537 4077 2595 4129 δὲ
2647 4075 2794 4128 δοκεῖ
2841 4073 2952 4129 τῶν
3005 4073 3434 4129 λυσιτελούντων
3464 4073 3567 4127 οὑδὲ
3594 4070 3674 4122 τῶν

2139 4167 2456 4238 ἀναγκαίων
2507 4163 2804 4219 συντείνειν
2824 4178 2840 4195 ⁶
2881 4164 2979 4217 καὶ
3020 4164 3130 4235 γὰρ
3163 4163 3335 4216 πᾶσίν
3366 4164 3508 4219 ἔστιν
3541 4165 3672 4230 ἐγνω-

2141 4263 2358 4334 σμένον,
2385 4261 2462 4325 ὼς
2497 4260 2558 4314 οὑ
2606 4259 2767 4330 μόνον
2808 4260 2836 4311 6
2871 4255 3018 4311 κύων
3047 4257 3075 4308 ὁ
3108 4256 3218 4320 ζῶν
3265 4255 3360 4308 τοῦ
3405 4253 3674 4319 τεθνηκότος

452 4345 550 4400 sed
578 4353 632 4399 et
659 4359 824 4400 omne
857 4345 944 4401 cui
973 4345 1128 4400 adest
1150 4345 1274 4401 vitae
1300 4346 1592 4417 vestigium
1626 4361 1691 4401 eo
1714 4347 1860 4416 quod
1893 4347 2030 4402 hanc

2140 4355 2352 4416 λέοντος
2379 4354 2640 4424 ἀμείνων,
2677 4351 2811 4405 ἀλλὰ
2832 4350 2925 4403 καὶ
2954 4350 3061 4403 πᾶν
3089 4340 3132 4416 ᾧ
3157 4348 3383 4417 μέτεστι
3411 4348 3539 4417 ζωῆς
3567 4347 3673 4415 ἴχνος

453 4437 678 4507 abjecit,
707 4445 760 4491 et
787 4437 833 4492 si
861 4436 948 4492 leo
982 4437 1073 4502 sit,
1102 4436 1210 4505 etsi
1247 4436 1465 4491 leonum
1493 4445 1704 4491 natum
1743 4446 1798 4492 et
1822 4437 2030 4493 roboris

2137 4445 2234 4502 τοῦ
2269 4423 2476 4516 ταύτην
2507 4442 2952 4513 ἀποϐεϐληκότος
2977 4439 3079 4495 κᾶν
3103 4440 3241 4493 λέων
3271 4436 3330 4513 ᾗ,
3364 4440 3465 4493 κᾶν
3483 4438 3572 4507 τῆς
3593 4435 3672 4487 τῶν

453 4529 509 4583 in
551 4530 882 4585 immensum
936 4529 1192 4585 sortitum
1231 4530 1303 4584 sit
1352 4529 1816 4600 superioritatem,
1862 4530 2034 4586 multo

452 4621 700 4676 melioris
728 4621 937 4676 ordinis
965 4622 1144 4676 vivum
1186 4631 1403 4677 mortuo
1428 4621 1690 4692 iudicari.
1723 4622 1894 4693 igitur
1927 4637 2036 4678 me

454 4713 562 4766 lius
586 4723 669 4768 est
700 4729 730 4767 a
761 4715 938 4768 littera
972 4714 1036 4768 ad
1091 4714 1344 4784 spiritum
1378 4714 1635 4779 transire,
1676 4723 1730 4768 et
1769 4715 1835 4768 ad
1873 4712 2036 4767 intel-

451 4805 768 4861 lectualium
791 4821 1006 4860 sursum
1027 4803 1156 4860 ferri
1175 4805 1712 4876 contemplationem.
1733 4804 2034 4860 Didicimus

453 4895 622 4968 igitur
654 4911 719 4951 ex
743 4897 916 4952 sacris
954 4896 1204 4967 Eloquiis
1237 4911 1407 4954 canes
1449 4896 1670 4968 quidem
1705 4910 1800 4952 eos
1828 4896 1922 4966 qui
1965 4911 2031 4951 ex

453 4989 709 5060 gentibus
754 4989 1074 5059 appellatos,
1131 4992 1344 5061 regium
1409 5007 1537 5046 vero
1587 5001 1640 5047 et
1679 4991 2031 5047 excellentem

452 5095 618 5152 quem
665 5090 1081 5148 reprzesentaret
1118 5082 1535 5153 leohjudaicum
1589 5082 2032 5154 cognominatum

453 5172 737 5243 populum.
789 5171 930 5227 Dicit
985 5173 1172 5242 itaque
1219 5174 1577 5231 Ecclesiastes
1626 5193 1694 5229 τι
1731 5175 1946 5231 Etenim
1981 5176 2032 5228 id

455 5263 743 5334 sapientiae
774 5271 829 5318 ct
858 5264 926 5318 ad
965 5265 1243 5334 praeterita
1265 5275 1318 5319 et
1349 5266 1417 5321 ad
1456 5265 1642 5321 futura
1688 5265 2033 5336 explananda

455 5367 511 5414 et
528 5357 859 5414 conferenda
876 5357 1139 5412 divinitus
1160 5359 1344 5413 datum
1368 5367 1473 5423 est;
1505 5377 1525 5412 ι
1549 5360 1684 5415 dicit
1720 5360 1906 5430 itaque
1936 5373 2030 5414 ca-

453 5463 604 5518 nem,
638 5452 692 5508 id
724 5460 904 5507 estex
939 5450 1192 5522 gentibus
1245 5452 1546 5518 hominem,
1585 5451 1665 5507 sic
1713 5453 1860 5506 enim
1907 5467 2034 5506 eum

452 5546 642 5602 Vocari
659 5561 756 5616 per
777 5545 1142 5601 Chanantcam
1169 5547 1451 5608 docemur,
1471 5545 1517 5600 si
1544 5545 1699 5600 illum
1732 5543 2032 5600 secundum

454 5640 687 5695 virtutes
716 5639 827 5696 vita
861 5654 971 5695 non
1004 5641 1231 5696 omnino
1259 5639 1632 5710 dereliquerit,
1655 5654 1816 5716 Vspem
1843 5637 2037 5709 praebi-

459 5735 644 5785 turum
671 5745 792 5788 esse
820 5731 994 5802 magis
1022 5745 1082 5788 se
1112 5747 1176 5788 ex
1210 5732 1455 5788 bonitate
1485 5746 1594 5788 non
1624 5744 1884 5786 casurum
1911 5743 2033 5786 esse

2141 4537 2368 4590 λεόντων
2417 4533 2634 4601 φύσεως
2677 4535 2773 4585 καὶ
2804 4531 3011 4602 -ρὠης
3045 4529 3168 4584 καθ’
3213 4530 3514 4601 ὑπερϐολὴν
3548 4526 3672 4593 ἐκλη-

2143 4629 2357 4700 ρώσατο
2386 4627 2452 4681 τὸ
2493 4625 2781 4697 ὑπερέχον,
2828 4623 3010 4692 πολλῷ
3057 4620 3371 4694 κρείττονος
3415 4621 3598 4691 λήξεως
3629 4615 3672 4666 τὸ

2142 4719 2252 4783 ζῶν
2295 4719 2389 4772 τοῦ
2421 4718 2743 4788 τεθνηκότος
2775 4713 3051 4783 ἀξιοῦται·
3101 4713 3298 4767 οὐκοῦν
3344 4714 3555 4783 ἄμεινον
3594 4705 3672 4761 ἀπὸ

2140 4810 2235 4864 τοῦ
2260 4811 2588 4881 γράμματος
2625 4809 2719 4862 ἐπὶ
2747 4808 2807 4861 t6
2834 4807 3053 4876 πνεῦμα
3076 4809 3298 4877 χωρεῖν,
3335 4807 3431 4859 καὶ
3463 4803 3581 4875 πρὸς
3599 4801 3669 4868 τὴν

2141 4903 2248 4956 τῶν
2279 4901 2486 4971 νοητῶν
2537 4899 2906 4971 ἀναφέρεσθαι
2953 4896 3209 4969 θεωρίαν.
3260 4896 3556 4966 Ἐμὰθομεν
3588 4890 3669 4942 τοὶ-

2142 5015 2236 5052 νυν
2266 4995 2374 5050 ἀπὸ
2399 4995 2506 5048 τῶν
2535 4994 2698 5065 ἱερῶν
2728 4991 2942 5060 Δογίων
2964 4989 3133 5053 κύνας
3171 4989 3272 5058 μὲν
3305 4991 3430 5052 τοὺς
3457 4987 3511 5051 ἐξ
3538 4981 3668 5036 ἐθνῶν

2143 5088 2529 5158 καλουμένους.
2566 5085 2843 5156 βασιλικὸν
2887 5083 2944 5136 δὲ
2977 5081 3071 5136 καὶ
3100 5080 3413 5151 περιούσιον
3438 5079 3492 5132 ὃν
3525 5076 3582 5130 ἂν
3611 5073 3667 5126 εί-

2141 5181 2409 5236 κονίσειεν
2430 5182 2458 5233 6
2480 5178 2637 5240 λέων,
2655 5176 2744 5230 τὸν
2775 5172 3067 5230 Ἰουδαϊκὸν
3085 5172 3541 5242 ἐπονομαζόμενον
3554 5164 3664 5219 λαόν.

2141 5275 2306 5343 Λέγει
2334 5272 2464 5343 γοῦν
2489 5273 2516 5324 6
2546 5269 2981 5341 Ἐκκλησιαστής
3003 5283 3018 5296 ·
3042 5286 3060 5319 ι
3083 5266 3195 5320 Καὶ
3217 5265 3328 5334 γὰρ
3358 5263 3501 5334 αὐτῷ
3523 5260 3576 5314 t6
3596 5258 3666 5324 τῆς

2145 5363 2336 5433 σοφίας
2382 5364 2629 5434 χάρισμα
2669 5361 2803 5432 πρὸς
2859 5361 2927 5413 τὰ
2959 5358 3202 5430 παρόντα
3244 5360 3337 5410 καὶ
3380 5355 3442 5426 δὴ
3466 5353 3529 5408 τὰ
3564 5347 3664 5419 φθά-

2145 5471 2316 5510 σαντα
2361 5456 2457 5508 καὶ
2491 5454 2627 5526 πρός
2669 5469 2731 5522 γε
2783 5451 2853 5505 τὰ
2905 5451 3166 5522 μέλλον-τα
3225 5447 3566 5503 πλατύνεσθαι
3593 5439 3663 5496 καὶ

2145 5565 2207 5601 συ
2216 5551 2333 5619 μπα
2344 5546 2681 5617 ρατείνεσθαι
2705 5544 2889 5597 θεόθεν
2916 5542 3186 5614 ἐδωρήθη.
3212 5562 3233 5594 ι
3258 5541 3418 5610 Λέγει
3441 5533 3661 5592 τοίνυνὼιῖ

2140 5640 2170 5692 ὁ
2198 5637 2363 5702 κύων,
2403 5635 2679 5689 τουτέστιν
2718 5635 2746 5687 6
2779 5633 2855 5701 ἐξ.
2877 5633 3044 5686 ἐθνῶν
3075 5631 3359 5703 ἄνθρωπος
3399 5629 3559 5696 (τοῦτο
3581 5623 3660 5692 τὰρ

2144 5729 2309 5782 αὑτὸν
2336 5726 2614 5781 καλεῖσθαι
2635 5726 2723 5780 διὰ
2739 5727 2835 5797 τῆς
2860 5723 3169 5787 Χαναναίας
3193 5715 3574 5792 διδασκόμεθα).
3591 5716 3660 5766 ἐὰν
