3820 6212
406 254 512 320 419

1576 253 1836 315 ΡΗΟΤΙΙ
1878 248 2382 313 PATBIARCIUE
2404 249 2514 310 CP.

3579 248 3685 311 ΕΟ

409 379 463 424 et
485 368 902 424 ostentationem
942 367 1113 423 effusa
1140 408 1155 434 ,
1203 368 1259 422 in
1303 366 1558 437 injurinm
1608 367 1781 438 magis
1827 380 1983 436 quam

2139 361 2190 414 αὶ
2247 361 2562 428 ἐπιδείξεως
2612 359 3002 431 προχεόμενον,
3061 362 3142 425 είς
3199 361 3358 433 ὕϐριν
3419 363 3627 432 μᾶλλον
3652 368 3683 435 ἦ

406 461 463 515 in
493 458 834 531 refrigerium
860 459 1123 530 indigenti
1152 460 1598 516 circumsistitur.
1630 459 1842 515 Etenim
1871 474 1979 513 non

408 553 688 623 despicere
715 552 941 608 fratrem
981 561 1222 625 egestate
1249 563 1662 622 consumptum,
1705 564 1759 607 et
1803 550 1981 621 inopia

410 653 747 714 pereuntem,
777 643 1024 699 debitum
1050 644 1270 715 quidem
1295 655 1349 700 et
1380 646 1620 699 debitutn
1659 645 1981 713 indepreca-

409 734 515 790 bile
548 746 801 790 sensatus
826 734 1119 805 judicabit,
1171 746 1227 793 et
1256 738 1533 792 festinabit
1554 737 1835 792 exsolvere
1881 751 1980 791 nec

410 825 525 881 ﬁeri
553 826 661 881 ullo
691 828 853 883 modo
900 831 1347 899 procrastinator,
1397 829 1624 900 gloriam
1672 837 1852 883 autem
1884 843 1980 883 ve-

412 918 527 973 nari
561 930 614 973 et
644 919 871 975 beneﬁci
899 936 998 990 per
1034 921 1195 976 talem
1233 924 1502 976 actionem
1553 919 1654 975 sibi
1696 934 1980 975 assumere

411 1009 649 1073 titulum,
688 1011 1095 1067 insensatorum
1127 1025 1293 1079 esset,
1319 1024 1371 1066 et
1403 1015 1605 1067 bonum
1640 1013 1782 1066 male
1810 1013 1983 1067 scien-

410 1101 544 1155 tium
592 1104 873 1172 prosequi.
923 1103 1048 1159 Ideo
1100 1106 1189 1158 ille
1242 1104 1461 1174 quidem
1518 1104 1571 1158 in
1631 1105 1981 1158 multitudine

405 1192 641 1256 dierum,
690 1194 741 1247 id
784 1205 867 1248 est
894 1194 947 1248 in
1002 1195 1186 1248 futuro
1226 1196 1465 1259 saeculo,
1494 1211 1687 1265 panem
1741 1195 1982 1251 inveniet

406 1282 785 1352 eleemosynae,
818 1283 935 1337 vice
960 1284 1227 1351 recipiens
1255 1283 1707 1347 misericordiam,
1743 1285 1829 1339 hic
1852 1300 1980 1339 vero

408 1389 515 1426 non
545 1374 802 1438 inveniet,
834 1374 1017 1444 gloriae
1046 1376 1191 1429 enim
1216 1375 1502 1431 venatione
1521 1389 1574 1430 et
1592 1379 1981 1435 ostentationis

408 1474 713 1517 mercatura
744 1462 796 1516 in
832 1472 1179 1519 anteCessunt
1213 1464 1531 1520 destructus
1564 1477 1671 1521 est.

477 1554 671 1608 Posses
723 1563 903 1609 autem
955 1571 1051 1625 per
1103 1557 1359 1625 praedicta
1421 1558 1581 1612 verba
1635 1566 1690 1612 et
1720 1558 1786 1612 ad
1812 1559 1979 1614 alium

405 1646 639 1699 transire
667 1661 887 1700 sensum
924 1665 938 1701 :
976 1648 1192 1716 qualem
1237 1650 1423 1706 hunc?
1450 1648 1744 1705 Hominum
1792 1653 1975 1707 multi-

2090 449 2421 521 παραψυχὴν
2463 448 2543 519 τῷ
2591 448 2833 519 δεομένῳ
2895 450 3271 521 περιΐσταται.
3315 452 3390 505 Τὸ
3437 454 3554 524 γὰρ
3611 458 3685 524 μὴ

2090 541 2340 612 παριδεῖν
2370 540 2462 593 τὸν
2497 539 2727 609 ἀδελφὸν
2762 540 2940 612 ἐνδείᾳ
2969 542 3297 611 τηκόμενον,
3344 544 3441 596 καὶ
3472 545 3687 614 ἀπορία

2092 631 2559 701 συνδιολλύμενον,
2596 634 2759 703 χρέος
2788 631 2891 702 μὲν
2916 633 3010 685 καὶ
3047 633 3227 704 χρεῶν
3261 634 3325 687 τὸ
3360 636 3689 708 ἀπαραίτηο

2088 738 2178 774 τον
2197 722 2541 793 ὁεύγνώμων
2578 723 2870 794 ἡγήσεται,
2898 728 2993 778 καὶ
3017 726 3314 779 σπουδάσει
3344 728 3688 781 καταλαϐεῖν

2088 814 2183 867 καὶ
2244 813 2318 885 μὴ
2351 815 2605 884 γενέσθαι
2666 815 2934 886 μηδαμῶς
2991 816 3373 888 ὑπερήμερος·
3430 818 3689 884 δόξανᾶ

2090 903 2335 975 θηρᾶσαι
2377 906 2474 959 καὶ
2539 906 2833 978 εὐεργέτου
2863 906 2952 961 διὰ
2991 908 3093 977 τῆς
3117 910 3381 979 τοιαύτης
3417 910 3687 982 πράξεως

2089 994 2480 1066 περιϐαλέσθαι
2542 997 2785 1068 ἀξίωμα,
2820 999 2932 1052 τῶν
2975 1001 3314 1068 ἀγνωμόνων
3350 1002 3419 1055 ἂν
3448 1003 3567 1072 εἴη,
3592 1006 3685 1056 καὶ

2087 1087 2150 1139 τὸ
2187 1087 2354 1141 καλὸν
2390 1088 2579 1152 κακῶς
2609 1089 2831 1143 είδότων
2861 1090 3247 1162 μετέρχεσθαι.
3291 1092 3499 1164 Διόπερ
3523 1096 3555 1147 6
3586 1095 3687 1163 μὲν

2089 1180 2148 1232 ὲν
2178 1177 2256 1249 τῷ
2284 1178 2481 1250 πλήθει
2507 1179 2615 1233 τῶν
2637 1182 2885 1253 ἡμερῶν,
2914 1185 3199 1236 τουτέστιν
3222 1186 3280 1236 ὲν
3306 1183 3391 1255 τῷ
3423 1185 3686 1254 μέλλοντι

2088 1266 2265 1331 αἰῶνι,
2293 1268 2383 1321 τὸν
2405 1268 2569 1338 ἄρτον
2594 1271 2817 1339 εὑρήσει
2839 1272 2943 1340 τῆς
2967 1272 3092 1344 ὲλεη
3102 1273 3371 1343 μοσύνης,
3410 1276 3690 1345 ἀντιλαμ-

2090 1356 2268 1409 6ἀνων
2320 1356 2412 1409 τὺν
2458 1358 2639 1410 ἔλεον·
2671 1362 2699 1413 6
2725 1360 2781 1413 δὲ
2810 1362 2910 1432 οὐχ
2938 1363 3164 1433 εὑρήσει
3185 1379 3199 1395 ⁸
3230 1362 3534 1435 δοξοκοπίᾳ
3581 1368 3694 1437 γὰρ

2088 1446 2185 1499 καὶ
2206 1448 2274 1518 τῇ
2299 1446 2400 1517 τῆς
2424 1447 2735 1513 ἐπιδείξεως
2764 1452 3011 1522 ἐμπορία
3039 1453 3577 1524 προκατηνάλωται.

2159 1537 2357 1592 Δύναιο
2379 1538 2424 1591 δ’
2454 1539 2630 1593 ἂνδιά
2681 1541 2789 1593 τῶν
2831 1543 3248 1613 προειρημένων
3288 1545 3569 1615 ῥημάτων
3596 1548 3694 1598 καὶ

2089 1629 2225 1701 πρὸς
2293 1630 2487 1701 ἑτέραν
2544 1633 2823 1703 μετελθεῖν
2851 1633 3112 1688 διάνοιαν.
3140 1633 3311 1688 Ποίαν
3332 1634 3555 1705 ταύτην
3577 1655 3593 1702 ;
3619 1638 3695 1689 Τὸ

404 1736 673 1802 tudinem,
697 1753 861 1806 quam
898 1747 1046 1792 amat
1080 1738 1360 1809 Scriptura
1392 1742 1751 1798 denominare
1777 1757 1970 1814 aquas.

2139 1719 2182 1772 iv
2202 1719 2505 1791 ἀνθρώπων
2546 1721 2772 1792 πλῆθος,
2827 1722 2980 1791 φίλον
3024 1726 3091 1794 τῇ
3125 1724 3316 1795 Γραφῇ
3370 1729 3695 1797 κατονομά-

409 1846 428 1880 ‹
469 1828 632 1897 Eripe
676 1830 822 1881 enim
858 1842 960 1890 me,
1000 1845 1020 1879 ι
1070 1828 1147 1882 ait
1187 1829 1241 1883 in
1288 1830 1497 1899 Spiritu
1550 1831 1810 1901 psallens,
1858 1851 1877 1884 ι
1916 1833 1983 1889 de

403 1920 563 1989 aquis
617 1920 843 1983 multis,
897 1920 965 1973 de
1015 1934 1178 1975 manu
1230 1922 1465 1976 filiorum
1514 1923 1820 1980 alienorum
1860 1925 1905 1980 ⁸.
1956 1945 1975 1980 ι

404 2011 572 2080 Igitur
602 2026 880 2066 sacrarunt
913 2012 1267 2068 scientiarum
1297 2014 1554 2085 magister
1590 2031 1715 2071 eum
1756 2017 1851 2087 qui
1880 2034 1984 2072 nu-

405 2100 498 2153 trit
521 2098 761 2153 animam
792 2116 988 2170 panem
1016 2118 1178 2172 quem
1201 2119 1230 2157 a
1262 2102 1373 2160 Deo
1401 2104 1760 2160 commissum
1795 2106 1980 2171 habet,

404 2191 564 2247 debet
592 2192 901 2248 auditorum
939 2195 1275 2250 multitudini
1309 2196 1516 2267 absque
1563 2212 1715 2252 mora
1751 2199 1899 2253 omni
1928 2208 1983 2254 et

404 2285 755 2340 cunctatione
787 2284 1086 2355 dispertiri,
1108 2297 1162 2342 et
1184 2304 1462 2359 nunquam
1495 2290 1783 2360 largitione
1817 2294 1984 2348 desti-

407 2382 556 2428 tuere
605 2375 657 2428 itt
706 2375 1001 2446 indigentia
1053 2378 1172 2449 ejus
1215 2380 1565 2435 constitutos.
1616 2379 1684 2436 Et
1731 2397 1979 2453 quamam

406 2481 615 2520 merces
661 2466 878 2535 benigni
934 2468 1102 2539 hujus
1160 2470 1387 2539 operis?
1440 2470 1728 2528 Mauifeste
1777 2474 1870 2544 qui
1924 2475 1981 2529 in

406 2556 756 2613 multitudine
792 2559 1009 2615 dierum
1041 2562 1315 2620 retribuit.
1351 2564 1623 2630 Quoniam
1672 2581 1802 2621 vero
1838 2582 1980 2636 aqua

405 2648 654 2705 diversas
702 2666 880 2706 rerum
930 2655 1190 2710 materias
1246 2656 1556 2727 significare
1608 2666 1807 2727 potest,
1869 2672 1978 2713 non

404 2752 550 2797 esset
593 2738 734 2796 forte
777 2743 1221 2801 irrationabiliter
1286 2749 1625 2818 pmpositum
1669 2765 1979 2805 sermonem

404 2833 693 2902 speculans
755 2835 850 2903 qui
911 2836 1311 2909 eleemosynam
1372 2840 1504 2894 dicit
1552 2841 1745 2897 decere
1800 2842 1981 2899 facere

404 2940 641 2994 semper,
666 2926 732 2980 ad
758 2941 1023 2995 perennes
1046 2939 1312 2999 aquarum
1339 2932 1670 2987 attendendo
1719 2933 1899 2990 fontes
1927 2943 1979 2989 et

407 3017 602 3071 borum
644 3018 876 3073 activam
922 3022 1031 3074 vim
1079 3021 1147 3075 ad
1193 3022 1627 3080 misericordiam
1674 3027 2051 3121 itnitationec

405 3106 723 3175 transferre,
748 3118 802 3163 et
821 3125 928 3163 non
949 3110 1243 3181 aliquando
1277 3115 1495 3183 quidem
1525 3115 1858 3186 profundere
1881 3118 1984 3172 mi-

405 3198 755 3261 serationem,
787 3198 1081 3268 aliquando
1112 3219 1239 3258 vero
1288 3209 1636 3274 contrahere,
1667 3210 1761 3265 sed
1800 3210 1983 3265 conti-

408 3302 514 3341 nua
553 3288 765 3343 linenda
804 3300 859 3344 et
889 3308 996 3346 non
1025 3292 1321 3365 intercepta
1345 3299 1532 3368 egenis
1572 3300 1806 3370 aperire.
1846 3300 1983 3357 Tota

405 3378 550 3430 enim
582 3378 671 3432 die
705 3380 994 3435 miseretur
1030 3393 1084 3437 et
1128 3387 1442 3442 commodat
1494 3372 1776 3454 Dominus,
1813 3390 1984 3446 David

404 3473 489 3519 est
542 3466 734 3520 audire
782 3469 1142 3538 psallentem;
1172 3481 1225 3526 et
1268 3473 1314 3528 si
1363 3478 1652 3530 miseretur
1698 3480 1983 3548 pauperis,

408 3559 684 3613 feneratur
759 3558 900 3625 Deo,
953 3565 1228 3633 quomodo
1274 3568 1399 3637 quis
1466 3570 1629 3624 Deum
1682 3586 1877 3628 amans
1932 3581 1986 3628 et

405 3650 527 3721 ejus
557 3653 623 3705 ad
658 3652 1071 3710 similitudinem
1107 3674 1334 3715 servans
1368 3662 1729 3729 nobilitatem,
1781 3667 1985 3719 tolera-

408 3744 515 3797 bile
541 3745 705 3798 tlucat
732 3762 838 3801 non
876 3764 1090 3818 semper
1114 3751 1218 3805 sibi
1241 3769 1431 3821 parare
1467 3754 1764 3811 debitorem
1793 3756 1983 3825 Deum,

408 3836 503 3891 sed
567 3838 861 3906 praecidere
916 3849 967 3902 et
1020 3842 1215 3897 orbare
1271 3846 1512 3914 seipsum
1574 3849 1698 3903 talis
1742 3864 1808 3904 ac
1850 3850 1984 3905 tanti

407 3925 544 3981 lucri
575 3928 934 3984 collectione?
964 3931 1312 3989 Manifestum
1344 3945 1527 3992 autem
1569 3939 1735 3994 talem
1766 3956 1985 4013 semper

406 4020 651 4089 quidem,
683 4025 985 4092 praesertim
1014 4042 1143 4080 vero
1196 4027 1247 4080 in
1280 4030 1626 4086 multitudine
1657 4032 1870 4088 dierum
1904 4035 1986 4090 in-

407 4123 726 4177 venturum,
779 4130 942 4185 quam
994 4120 1152 4187 panis
1196 4120 1623 4177 connuunicntio
1666 4126 1982 4183 continuam

407 4206 816 4262 retributionem
846 4212 1234 4268 tliesaurizavit
1264 4214 1390 4284 ipsi.
1446 4272 1457 4280 ι

479 4411 637 4467 Mittit
662 4422 809 4468 certe
831 4429 1022 4483 panem
1064 4419 1647 4487 supersubstantialem
1686 4435 1739 4480 et
1788 4428 1975 4499 mysti-
2012 4412 2058 4468 Ῑ)

405 4519 531 4558 cum
560 4513 614 4558 et
644 4508 1034 4576 mysteriorum
1073 4509 1319 4565 initiator
1345 4528 1511 4582 super
1539 4514 1736 4571 faciem
1768 4534 1987 4590 regene-

407 4597 639 4652 rationis
685 4613 841 4669 aquaa
881 4599 949 4653 iis
981 4601 1075 4670 qui
1124 4604 1401 4674 mysteriis
1450 4606 1737 4664 initiantur
1781 4621 1837 4666 et
1886 4614 1983 4682 qui

410 4687 777 4759 indigentibus
823 4691 1032 4748 crelesti
1069 4703 1124 4749 et
1173 4696 1414 4752 animam
1467 4700 1826 4757 conﬁrmante
1861 4704 1986 4761 cibo

408 4779 613 4848 praebet
642 4782 843 4850 ipsum.
864 4786 1078 4840 Etenim
1110 4797 1231 4857 post
1251 4804 1407 4859 aqua}
1428 4790 1669 4846 divinam
1697 4809 1986 4865 regenera-

411 4870 618 4926 tionem
642 4876 885 4931 crelestis
908 4887 961 4932 et
986 4879 1233 4934 vivificus
1268 4882 1422 4951 panis
1470 4888 1804 4955 regeneratis
1844 4903 1983 4958 prae-

410 4968 590 5030 betur,
622 4975 677 5020 et
708 4966 801 5035 qui
836 4967 982 5025 hunc
1016 4969 1070 5023 in
1105 4972 1370 5041 sapientia
1402 4975 1702 5040 distribuit,
1732 4988 1789 5034 et
1826 4979 1982 5050 juxta

407 5055 727 5128 dignitatem
759 5060 1061 5131 dispensat,
1110 5064 1315 5119 invenit
1352 5080 1546 5136 panem
1594 5085 1723 5125 vere
1774 5073 1866 5141 qui
1915 5073 1983 5128 de

408 5148 552 5203 coelo
580 5149 881 5218 descendit,
913 5165 967 5209 et
1004 5154 1174 5209 vitam
1218 5159 1423 5212 mundo
1449 5159 1562 5226 dat,
1614 5177 1831 5234 semper
1858 5167 1983 5236 qui-

406 5239 530 5294 dem
576 5240 858 5298 vivificans
906 5245 1085 5315 ipsum
1137 5258 1192 5302 et
1235 5250 1567 5307 confirmans
1612 5266 1664 5309 et
1708 5260 1981 5324 nutriens,

406 5334 706 5402 praesertim
736 5350 864 5392 vero
898 5338 950 5392 in
984 5346 1227 5410 tempore
1252 5342 1363 5398 vita
1399 5345 1713 5403 functorum
1755 5352 1984 5409 retribu-

408 5422 592 5480 tionis.
642 5424 782 5480 Sunt
833 5436 1013 5483 tamen
1044 5431 1267 5499 quidam
1298 5435 1393 5501 qui
1441 5443 1494 5490 et
1547 5439 1707 5492 talem
1758 5457 1979 5498 sensum

406 5515 552 5573 dicto
582 5518 867 5589 subjacere
912 5532 1149 5592 putant:
1187 5541 1295 5582 non
1342 5537 1556 5599 oportet
1593 5533 1742 5586 curis
1786 5535 1980 5605 agitari

480 5651 501 5682 “
533 5650 676 5706 Psal.
708 5668 895 5719 cum,
932 5655 983 5710 7.

2086 1810 2199 1875 ζειν
2253 1811 2459 1866 ὕδαταο
2508 1831 2526 1863 r
2563 1813 2755 1868 Ῥὖσαι
2803 1815 2914 1885 γάρ
2975 1832 3111 1885 με,»
3168 1816 3339 1887 φησὶν
3394 1820 3425 1871 6
3487 1821 3557 1872 tv
3612 1821 3694 1889 τῷ

2085 1901 2364 1973 Πνεύματι
2424 1904 2644 1973 ψάλλων
2667 1946 2682 1971 ,
2721 1925 2738 1958 t
2766 1907 2822 1974 ἐξ
2856 1908 3066 1960 ὑδάτων
3124 1909 3363 1975 πολλῶν,
3393 1913 3461 1965 ὲκ
3502 1916 3695 1985 χειρὸς

2084 1993 2216 2047 υἱῶν
2251 1994 2571 2068 ἀλλοτρίων.
2596 2016 2615 2049 ›
2656 1997 2716 2051 '0
2743 1999 2925 2051 τοίνυν
2973 2000 3080 2052 τῶν
3108 2001 3271 2071 ἱερῶν
3326 2003 3695 2074 μαθημάτων

2082 2081 2398 2148 διδάσκαλος
2422 2087 2513 2139 τὸν
2543 2087 2815 2158 τρέφοντα
2841 2089 2942 2160 τὴν
2974 2090 3154 2164 ψυχήν
3195 2093 3364 2164 ἄρτον
3386 2096 3448 2147 ὃν
3487 2096 3691 2150 θεόθεν

2082 2176 2527 2248 κατεπιστεύθη,
2585 2178 2776 2232 τοῦτον
2831 2182 3038 2250 ὀφείλει
3093 2184 3171 2255 τῷ
3216 2184 3326 2240 τῶν
3380 2188 3692 2259 ἀκροατῶν

2082 2261 2279 2334 πλήθει
2337 2268 2507 2336 χωρὶς
2567 2268 2840 2340 ἀναϐολῆς
2907 2274 3089 2346 πάσης
3150 2277 3245 2329 καὶ
3320 2278 3697 2351 ὑπερθέσεως

2082 2354 2382 2426 διανέμειν,
2424 2358 2518 2410 καὶ
2573 2360 2846 2439 μηδέποτε
2877 2364 2981 2434 τῆς
3027 2368 3293 2437 χορηγίας
3343 2372 3697 2445 ἀποστερεῖν

2082 2446 2209 2509 τοὺς
2252 2447 2310 2499 ἐν
2349 2447 2511 2518 χρεία
2574 2450 2779 2520 ταύτης
2825 2454 3278 2527 καθισταμένους.
3351 2462 3466 2515 Καὶ
3535 2466 3627 2527 τίς
3665 2468 3695 2518 6

2084 2533 2277 2604 μισθὸς
2305 2535 2404 2606 τῆς
2434 2537 2817 2608 φιλανθρώπου
2848 2543 3052 2612 ταύτης
3102 2547 3367 2617 ἐργασίας
3394 2568 3409 2617 ;
3448 2552 3485 2622 ἦ
3528 2553 3697 2622 δῆλον

2081 2624 2110 2677 6
2140 2627 2197 2677 ὲν
2228 2625 2306 2696 τῷ
2335 2626 2532 2697 πλήθει
2571 2630 2680 2683 τῶν
2708 2633 2937 2705 ἡμερῶν
2967 2637 3487 2711 ἀνταποδιδόμενος.
3530 2646 3695 2700 Ἕτεει

2081 2713 2235 2769 δὲτὸ
2291 2715 2435 2789 ὕδωρ
2484 2720 2777 2794 διαφόρους
2828 2728 3170 2796 πραγμάτων
3224 2732 3527 2798 ὑποθέσεις
3607 2739 3695 2790 αί-

2082 2809 2425 2878 νιγματίζειν
2460 2812 2706 2879 δύναται,
2752 2817 2838 2888 εἴη
2871 2816 2938 2871 ἂν
2960 2820 3061 2871 οὐκ
3087 2820 3301 2891 ἀλόγως
3325 2823 3422 2879 τὸν
3447 2830 3697 2897 προκείο

2084 2913 2247 2966 μενον
2311 2897 2469 2967 λόγον
2537 2900 2762 2973 θεωρῶν
2814 2906 2843 2958 6
2889 2906 2989 2977 τὴν
3048 2909 3428 2984 ἐλεημοσύνην
3496 2914 3687 2985 λέγων

2084 2991 2387 3062 προσήκειν
2416 2994 2748 3065 ἐργάζεσθαι
2769 2996 2862 3051 διὰ
2889 2997 3090 3065 παντὸς
3112 3003 3251 3074 πρὸς
3272 3006 3373 3069 τὰς
3410 3007 3695 3074 ἀεννάους·

2089 3080 2197 3134 τῶν
2241 3082 2448 3136 ὑδάτων
2507 3086 2830 3152 ὲνατενίζων
2882 3092 3088 3161 πηγὰς,
3147 3095 3243 3147 καὶ
3295 3096 3397 3167 τὴν
3444 3098 3694 3154 ἐκείνων

2091 3173 2373 3245 ἐνέργειαν
2394 3176 2490 3229 ἐπὶ
2516 3177 2608 3231 τὸν
2644 3178 2791 3232 ἔλεον
2810 3183 2877 3252 τῇ
2909 3187 3142 3254 μιμήσει
3175 3187 3526 3259 μεταφέρειν
3548 3207 3565 3219 ·
3603 3193 3696 3245 καὶ

2093 3262 2170 3332 μὴ
2205 3264 2337 3317 ποτὲ
2365 3265 2467 3335 μὲν
2498 3268 2752 3337 προχέειν
2766 3268 2856 3322 τὸν
2883 3270 3058 3339 ἔλεον,
3078 3275 3210 3327 ποτὲ
3227 3276 3283 3330 δὲ
3298 3278 3694 3347 ἀναστέλλειν,

2090 3352 2229 3407 ἀλλά
2257 3353 2480 3427 διηνεκῆ
2516 3358 2585 3410 τά
2611 3359 2806 3432 ῥεῖθρα
2836 3363 2928 3417 καὶ
2948 3363 3206 3437 ἀδιάδοχα
3227 3370 3342 3432 τοῖς
3371 3370 3690 3442 χρῄζουσιν

2090 3446 2436 3511 ἀναὸλύζειν.
2466 3449 2635 3521 Ὅλην
2663 3453 2775 3524 γὰρ
2832 3454 2932 3525 τήν
2955 3457 3175 3529 ἡμέραν
3212 3460 3357 3513 ἐλεεῖ
3381 3464 3483 3517 καὶ
3510 3464 3697 3519 διανεέ-

2091 3535 2218 3600 ζειδ
2242 3537 2468 3610 Κύριος,
2498 3540 2594 3595 τοῦ
2648 3543 2813 3599 Δαυῒδ
2865 3546 3015 3599 ἐστιν
3048 3549 3271 3605 ἀκούειν
3328 3552 3651 3623 ψάλλοντος
3678 3575 3694 3588 ·

2091 3627 2186 3680 καὶ
2210 3629 2260 3682 εί
2284 3630 2314 3682 6
2344 3630 2512 3685 ἐλεῶν
2570 3634 2813 3705 πτωχὸν,
2859 3635 3093 3702 δανείζει
3142 3640 3283 3712 Θεῷ,
3348 3644 3473 3709 πῶς
3501 3647 3578 3700 ἄν
3615 3666 3697 3712 τις

2092 3718 2338 3787 φιλόθεος
2356 3720 2432 3775 ὢν
2459 3723 2557 3777 καὶ
2603 3726 2695 3779 τού
2736 3728 2857 3781 κατ’
2890 3729 3079 3783 είκὸνα
3112 3732 3303 3797 σώζων
3332 3736 3398 3789 τὸ
3428 3738 3695 3807 εὐγενὲς,

2090 3811 2319 3865 ἀνεκτὸν
2344 3813 2611 3884 ἡγήσαιτο
2642 3818 2717 3887 μὴ
2747 3818 2836 3871 διὰ
2871 3820 3073 3885 παντὸς
3100 3822 3279 3894 ἑαυτῷ
3313 3834 3693 3899 παρασκευὰ-

2091 3899 2206 3964 ζειν
2251 3902 2533 3975 χρεώστην
2592 3908 2682 3959 τὸν
2732 3908 2868 3962 Θεὸν
2900 3951 2916 3974 ,
2970 3910 3110 3966 ἀλλά
3169 3917 3548 3985 περικόπτειν
3600 3926 3695 3977 καὶ

2090 3993 2417 4065 ἀποστερεῖν
2470 3998 2665 4052 ἑαυτὸν
2713 3999 2807 4053 τοῦ
2875 4001 3200 4071 τηλικούτου
3250 4007 3348 4061 καὶ
3419 4013 3694 4068 τοσούτου

2090 4081 2317 4153 κέρδους
2340 4084 2438 4156 τὴν
2470 4089 2867 4161 συνεισφοράν;
2903 4093 3073 4164 Δῆλον
3095 4095 3153 4148 δὲ
3172 4095 3250 4161 ὡς
3271 4100 3300 4152 6
3322 4102 3588 4169 τοιοῦτος
3606 4108 3694 4161 ἀεὶ

2093 4173 2212 4242 μὲν,
2239 4175 2476 4244 μάλιστα
2493 4177 2552 4232 δὲ
2580 4181 2637 4232 ὲν
2667 4181 2864 4254 πλήθει
2914 4185 3023 4237 τῶν
3058 4188 3286 4259 ἡμερῶν
3319 4192 3583 4264 εὑρήσει,
3624 4201 3691 4269 ην

2091 4266 2125 4335 ἡ
2151 4264 2246 4317 τοῦ
2267 4267 2433 4335 ἄρτου
2460 4269 2749 4339 μετάδοσις
2775 4273 3001 4345 διηνεκῆ
3024 4277 3457 4347 μισθαποδοσίαν
3475 4264 3691 4359 ἀπεθζμ

2092 4353 2353 4426 σαύρισεν
2373 4358 2543 4430 αύτῷ.

2172 4447 2514 4503 ’Ᾱποστέλλει
2561 4451 2744 4522 μέντοι
2795 4469 2857 4521 γε
2901 4453 2995 4509 τὸν
3036 4453 3205 4528 ἄρτον
3258 4458 3357 4514 τὸν
3399 4462 3690 4521 ἐπιούσιον

2088 4537 2181 4590 καὶ
2238 4538 2503 4608 μυστικὸν
2534 4542 2629 4594 xui.
2653 4543 2682 4595 6
2717 4544 3081 4613 μυσταγωγὸς
3112 4547 3209 4600 ἐπὶ
3256 4550 3568 4621 πρόσωπον
3594 4558 3686 4610 τοῦ

2085 4627 2188 4698 τῆς
2242 4628 2663 4700 παλιγγενεσίας
2712 4632 2905 4699 ὓδατος
2950 4638 3066 4699 τοῖς
3115 4648 3687 4715 μυσταγωγουμένοις

2087 4721 2184 4775 καὶ
2209 4721 2487 4792 δεομένοις
2519 4724 2776 4794 οὐρανίου
2809 4726 2906 4780 καὶ
2926 4728 3103 4800 ψυχὴν
3137 4734 3518 4806 στηριζούσης
3548 4757 3679 4809 τρο-

2089 4811 2196 4880 φῆς
2223 4813 2482 4885 παρέχων
2531 4816 2713 4871 αὐτόν.
2760 4818 2872 4872 Καὶ
2911 4819 3019 4893 γὰρ
3047 4822 3190 4892 μετά
3212 4824 3315 4894 τὴν
3352 4827 3449 4881 τοῦ
3488 4828 3688 4895 ὓδατος

2089 4902 2242 4957 θείαν
2301 4904 2663 4977 ἀναγέννησιν
2686 4907 2716 4959 6
2740 4908 3002 4985 ,οὐράνιος
3060 4911 3157 4966 καὶ
3215 4912 3488 4982 ζωοποιὺς
3518 4922 3686 4991 ἄρτος

2086 4995 2200 5056 τοῖς
2258 4995 2672 5068 ἀναγεννηθεῖσι
2718 5001 3129 5072 προσφέρεταιο
3189 5006 3286 5060 καὶ
3312 5008 3342 5061 ὃ
3376 5026 3441 5078 γε
3491 5013 3685 5068 τοῦτον

2085 5086 2144 5137 ὲν
2164 5085 2326 5159 σοφίᾳ
2374 5086 2644 5160 διανέμων
2672 5090 2767 5144 καὶ
2808 5093 2931 5146 κατ’
2965 5094 3125 5161 ἀξίαν
3152 5098 3488 5169 οίκονομῶν,
3554 5098 3682 5176 εὗρε

2084 5177 2177 5231 τὸν
2220 5178 2385 5250 ἄρτον
2413 5180 2490 5245 ὡς
2514 5183 2736 5254 ἀληθῶς
2765 5185 2855 5237 τὸν
2877 5186 2940 5240 ὲκ
2971 5187 3063 5240 τοῦ
3094 5190 3328 5260 ούρανοῦ
3360 5198 3679 5268 καταδεόηο

2087 5271 2244 5337 κότα,
2280 5273 2376 5326 καὶ
2422 5272 2567 5345 ζωήν
2599 5274 2676 5345 τῷ
2699 5275 2888 5349 κόσμῳ
2923 5278 3153 5347 διδόντα,
3182 5283 3271 5335 ἀεὶ
3307 5284 3411 5353 μὲν
3442 5288 3680 5350 ζωοποι-

2086 5360 2251 5414 οὖντα
2280 5361 2443 5416 αύτδν
2491 5364 2587 5418 καὶ
2637 5365 2964 5435 στηρίζοντα
2987 5371 3082 5423 καὶ
3106 5371 3405 5441 τρέφοντα,
3433 5377 3676 5445 μάλιστα

2084 5454 2142 5506 δὲ
2187 5454 2246 5507 ὲν
2286 5454 2463 5526 καιρῷ
2509 5460 2612 5527 τῆς
2667 5458 2776 5512 τῶν
2838 5459 3188 5532 βεϐιωμένων
3237 5465 3674 5533 ἀνταποδόσεως.

2086 5544 2206 5599 Εἰσὶ
2267 5545 2453 5617 μέντοι
2520 5564 2583 5617 γε
2616 5548 2761 5616 τινὲς
2818 5550 2867 5605 οἳ
2910 5554 3003 5607 καὶ
3052 5554 3315 5627 τοιαύτην
3373 5559 3586 5616 ἔννοιαν
3614 5563 3677 5615 τὺ
