3864 6208
234 213 345 281 621

1166 217 1267 277 AD
1304 217 1901 280 AMPHILOCHIUM
1971 218 2319 292 QUESTIO
2355 223 2577 284 LXIII.

3399 225 3506 290 422

238 336 413 408 ῥητὸν
438 334 763 390 ὑποϐάλλειν
787 335 1123 408 νομίζουσιν·
1139 336 1202 389 οὐ
1225 335 1310 389 δεῖ
1337 338 1815 408 πολυπραγμονεῖν

1921 340 2187 394 nutritum
2218 349 2311 395 ant
2342 339 2774 398 misericordiam
2800 352 3110 414 expertum.
3144 344 3210 401 Et
3248 345 3335 404 bis
3384 350 3501 404 evi-

235 426 330 481 τὸν
389 428 722 499 τρεφόμενον
751 428 783 498 ἦ
817 429 1168 501 ἐλεούμενονο
1217 432 1310 485 καὶ
1358 430 1567 495 τούτοις
1585 431 1641 485 δὲ
1662 432 1820 502 δῆλον

231 520 319 574 ὅτι
343 521 408 575 τὸ
432 521 580 592 ὕδωρ
614 522 675 575 τὸ
700 522 810 575 τῶν
865 522 1173 591 ἀνθρώπων
1218 524 1473 594 σύστημα
1528 526 1819 595 σημαίνειν

234 612 754 683 παραλαμϐάνεται.
781 615 856 668 Οὐ
878 617 960 667 δεῖ
1000 612 1115 679 οὖν,
1149 617 1304 685 φασὶ,
1337 617 1429 670 τὸν
1451 617 1553 687 τῆς
1585 616 1817 690 ἐλεημο-

234 706 409 776 σύνης
454 706 711 776 δεόμενον
745 706 1051 775 λογοθετεῖν
1090 709 1380 780 πρότερον,
1414 709 1562 775 ἄξιός
1584 712 1704 765 ἐστι
1724 710 1817 765 τοῦ

230 796 423 859 ὲλέους
444 797 538 850 καὶ
565 800 665 868 τῆς
693 797 1013 867 εὐεργεσίας
1036 799 1067 870 ἢ
1094 798 1154 852 οὗ
1172 816 1186 831 ο
1221 800 1359 854 ἀλλὰ
1385 801 1478 855 τὸν
1517 801 1820 875 φιλανθρωο

230 890 367 952 πίας
435 890 690 954 ἀξιοῦντα
757 894 979 961 τυχεῖν,
1034 893 1238 964 ταύτην
1303 896 1472 966 χωρὶς
1540 895 1819 969 λογισμῶν

229 980 602 1045 δισταζόντων
637 982 919 1053 παρέχειν.
956 984 1127 1037 ’Ὠσπε
1137 1003 1167 1056 ρ
1187 984 1295 1057 γὰρ
1323 987 1350 1039 6
1376 986 1516 1040 κατὰ
1545 988 1819 1056 πελάγους

228 1072 418 1139 ἀφιεὶς
450 1073 543 1125 τὸν
568 1074 732 1144 ἄρτον
759 1076 843 1126 ἐπ’
861 1075 1040 1146 ἀδήλῳ
1068 1076 1167 1146 μὲν
1194 1076 1376 1142 ἔϐαλε,
1422 1078 1520 1131 καὶ
1546 1078 1647 1132 οὐκ
1672 1075 1816 1134 οἶδεν

227 1165 286 1214 ὲν
314 1155 360 1230 ᾧ
384 1163 446 1215 τὸ
474 1164 656 1234 ῥεῦμα
685 1165 871 1218 τοῦτον
895 1167 1176 1237 ὑποσύρει,
1195 1167 1291 1237 ’τῷ
1309 1168 1365 1221 δὲ
1393 1169 1612 1223 πάντων
1640 1170 1819 1241 ἔχοντι

226 1252 325 1321 τὴν
358 1252 567 1320 γνῶσιν
597 1254 856 1325 καθαρῶς
887 1257 1083 1326 ὁρᾶται
1118 1257 1214 1310 καὶ
1253 1260 1321 1327 τῇ
1365 1258 1533 1312 αὐτοῦ
1568 1259 1819 1331 περιέχε’

225 1359 317 1395 ται
354 1348 836 1416 παντοκρατορικῇ
896 1347 1231 1418 καταλήψειο
1274 1349 1366 1402 τὸν
1407 1350 1571 1403 αὐτὸν
1615 1352 1819 1421 τρόπον

228 1434 323 1487 καὶ
352 1436 384 1487 ό
408 1436 506 1488 τὸν
559 1436 710 1490 ἔλεον
740 1438 803 1491 οὐ
833 1439 1227 1515 διακρινομένη
1285 1443 1478 1515 γνώμῃ
1517 1444 1613 1498 καὶ
1642 1445 1819 1521 ἀμφι-

226 1525 425 1579 ϐαλλού
440 1546 503 1597 σῃ
532 1532 645 1592 τοῖς
674 1530 995 1601 ἐπιζητοῦσι
1028 1534 1431 1604 παρεχόμενος,
1464 1536 1558 1590 νῦν
1590 1536 1689 1607 μὲν
1715 1536 1817 1590 οὐκ

225 1618 589 1687 ἐπιγινώσκει
619 1623 701 1685 τίς
732 1624 878 1677 ἐστιν
900 1626 927 1678 6
950 1624 1148 1691 λαϐὼν,
1183 1629 1241 1681 ἐν
1271 1629 1328 1682 δὲ
1359 1628 1439 1700 τῷ
1465 1630 1659 1702 πλήθει
1703 1630 1813 1684 τῶν

224 1710 479 1779 ἡμερῶν,
507 1708 784 1768 τουτέστιν
810 1716 866 1767 ὲν
890 1715 969 1786 τῷ
993 1717 1253 1787 ’μέλλοντι
1283 1721 1460 1787 αἰῶνι,
1512 1720 1817 1791 ἐπιγνώσε-

226 1817 347 1854 ται·
382 1804 483 1856 καὶ
506 1805 597 1858 τὸν
625 1806 789 1876 ἄρτον
810 1809 1017 1861 ἐκεῖνον
1040 1809 1132 1864 ἐπὶ
1163 1814 1261 1881 τῆς
1310 1812 1495 1884 χειρὸς
1544 1813 1817 1883 εὑρίσκων

224 1892 320 1946 τοῦ
346 1897 625 1951 Δεσπότου
651 1900 1054 1965 ὲπιδεικνύντος
1076 1905 1171 1957 καί
1203 1904 1456 1971 λέγοντος
1477 1923 1492 1937 ·
1525 1922 1544 1957 ι
1569 1905 1812 1959 Ἐπείνα-

228 2000 317 2049 σα,
357 1986 468 2039 καὶ⁸
501 1988 746 2043 ἐδώκατὲ
781 2009 871 2061 μοι
896 1996 1112 2062 φαγεῖν,
1141 2012 1160 2044 ι
1217 1993 1376 2063 δῆλον
1402 1996 1486 2048 ὅτι
1518 1995 1701 2066 πάσης
1728 1996 1819 2049 εύ-

226 2080 509 2149 φροσύνης
559 2082 655 2134 καὶ
691 2084 1070 2150 ἀγαλλιάσεως
1128 2084 1526 2157 πλησθήσεται’
1552 2088 1615 2141 οὗ
1652 2087 1813 2157 μόνον

1926 430 2061 485 dens
2094 447 2233 502 aqua
2268 432 2553 489 hominum
2578 444 2812 506 systema
2840 437 3139 509 signiﬁcari
3178 440 3502 498 assumitur.

1922 517 2043 575 Non
2091 530 2307 590 oportet
2340 522 2527 593 igitur,
2567 523 2740 590 aiunt,
2784 526 3130 600 eleemosyna
3175 530 3504 601 indigentem

1923 610 2194 666 trutinare
2217 612 2390 682 prius,
2419 613 2618 682 dignus
2644 629 2711 669 ne
2738 623 2822 671 est
2863 617 3214 674 miseratione
3254 629 3310 676 et
3339 619 3506 677 bene-

1922 704 2045 761 ﬁcio
2070 720 2139 759 an
2173 721 2304 773 non,
2347 705 2439 761 sed
2466 706 2760 783 benignum
2791 723 2916 764 esse
2942 708 3166 780 dignum
3190 712 3501 778 ducentem,

1921 798 2335 854 beneﬁcentiam
2365 800 2576 869 absque
2614 800 2921 857 rationibus
2953 806 3324 874 pugnantibus
3347 809 3505 862 exhi-

1920 891 2071 946 bere.
2102 891 2173 947 Ut
2194 892 2339 946 enim
2366 893 2459 962 qui
2487 893 2544 947 in
2576 893 2747 948 maria
2784 895 2951 949 mittit
2985 910 3183 966 panem
3232 896 3287 952 in
3320 898 3504 954 incer-

1919 990 2035 1036 tum
2068 981 2288 1053 quidem
2319 983 2475 1054 jacit,
2503 992 2558 1039 et
2580 985 2755 1040 nescit
2776 1001 2885 1055 quo
2908 986 3090 1044 ﬂuxus
3120 987 3271 1044 illum
3300 993 3495 1051 trahat.

1919 1074 1988 1130 ab
2021 1076 2266 1131 omnium
2332 1092 2462 1131 vero
2514 1077 2747 1134 habente
2777 1081 3065 1136 scientiam
3120 1098 3259 1153 pure
3293 1085 3505 1142 videtur

1918 1175 1974 1223 et
2018 1168 2139 1237 ejus
2184 1170 2497 1225 continetur
2553 1172 2914 1241 omnipotenti
2963 1177 3501 1246 comprehensione;

1921 1254 2112 1309 eodem
2147 1256 2311 1312 modo
2351 1269 2407 1313 et
2436 1259 2528 1328 qui
2568 1260 2980 1335 miserationem
3016 1279 3126 1318 non
3155 1264 3504 1324 discernente

1919 1345 2106 1400 animo
2132 1355 2186 1401 et
2219 1347 2481 1419 ambiguo
2526 1351 2899 1419 quaerentibus
2933 1355 3158 1423 praebet,
3193 1371 3341 1413 nunc
3375 1360 3503 1428 qui-

1920 1437 2041 1491 dem
2065 1452 2172 1490 non
2209 1438 2457 1507 agnoscit
2482 1439 2608 1508 quis
2639 1442 2712 1494 sit
2737 1441 2833 1511 qui
2882 1443 3116 1514 accepit,
3155 1445 3208 1500 in
3252 1448 3501 1505 multitu-

1918 1528 2046 1583 dine
2073 1544 2203 1584 vero
2230 1530 2465 1593 dierum,
2495 1531 2546 1585 id
2573 1542 2655 1587 est
2678 1533 2731 1587 in
2754 1533 2945 1590 futuro
2977 1538 3497 1610 saeculo,agnoscet.

1919 1620 1987 1677 Et
2013 1637 2209 1693 panem
2246 1622 2399 1677 illum
2434 1624 2488 1678 in
2527 1640 2685 1679 manu
2733 1625 3017 1683 inveniens
3073 1630 3287 1687 Domini
3317 1642 3504 1689 osten-

1842 1686 1890 1746 Β
1919 1686 2099 1769 dentis
2128 1721 2182 1769 et
2208 1712 2441 1768 dicentis
2478 1730 2493 1767 :
2532 1732 2552 1766 ι
2587 1715 2801 1771 Esurivi
2840 1725 2896 1772 et
2921 1718 3150 1776 dedistis
3177 1722 3310 1776 mihi
3341 1740 3502 1779 man-

1916 1804 2119 1860 ducare
2148 1806 2193 1871 ’,
2247 1824 2266 1857 ι
2308 1806 2531 1861 evidens
2580 1809 2729 1862 omni
2783 1810 2984 1879 gaudio
3035 1821 3089 1866 et
3136 1816 3501 1873 exsultatione

1918 1899 2183 1968 repletum
2234 1899 2323 1964 iri,
2373 1915 2498 1953 cum
2544 1915 2653 1953 non
2703 1900 2881 1956 solum
2925 1918 3089 1972 quem
3118 1906 3273 1962 misit
3301 1924 3495 1979 panem

1918 2006 2084 2061 super
2124 1991 2316 2046 faciem
2348 2006 2503 2062 aqum
2530 1992 2812 2062 repererit,
2849 1992 2944 2048 sed
2985 2002 3040 2049 et
3078 1996 3251 2053 multo
3286 1998 3491 2055 factum

1917 2086 2295 2156 pretiosiorem
2332 2085 2437 2154 ipsi
2472 2095 2529 2141 et
2558 2087 2858 2142 utiliorem.

226 2169 284 2222 δν
315 2172 650 2226 ἀπέστειλεν
671 2175 832 2246 ἄρτον
860 2177 954 2231 ἐπὶ
979 2178 1276 2250 προσώπου
1344 2179 1437 2233 τοῦ
1497 2180 1690 2244 ⁴ὕδατος
1719 2178 1987 2252 ἀνευρὼν,
2044 2179 2181 2233 ἀλλὰ
2250 2178 2346 2232 καλ⁵
2401 2178 2581 2250 πολλῷ
2625 2180 2888 2248 γεγονότα
2912 2180 3238 2255 τιμιώτερόν
3271 2201 3327 2238 τε
3352 2183 3503 2257 αὐτῷ

224 2262 319 2315 καὶ
346 2262 812 2337 λυσιτελέστερον.

788 2392 1132 2457 ἺΕΡΩΤΗΣΙΣ
1162 2405 1282 2459 ΞΡ.

2268 2396 2595 2466 ρυιεετιο
2630 2398 2792 2457 Lxm
2816 2400 2913 2475 [aL
2945 2401 3126 2474 an].

232 2489 294 2543 T1
319 2490 511 2557 δηλοῖ
537 2508 552 2522 ·
591 2509 610 2543 ι
642 2492 695 2546 ’0
722 2493 1005 2571 ὀρύσσωγ
1021 2498 1270 2564 βόθρον,
1301 2498 1393 2564 εἰς
1420 2500 1609 2553 αὐτὸν
1637 2500 1819 2571 ἐμπε-
1879 2490 2097 2562 "Qm’d
2145 2492 2413 2563 signiﬁcat
2439 2507 2459 2546 :
2494 2512 2513 2546 ι
2569 2493 2672 2559 Qui
2721 2494 2855 2563 fodit
2904 2498 3130 2569 foveam,
3160 2505 3360 2562 incidet
3408 2509 3464 2563 in

890 2566 1107 2619 σεῖτιιι.
1138 2585 1158 2617 ι

2597 2580 2736 2618 εαηι.
2777 2586 2796 2618 ι

1255 2680 1396 2730 Edita
1418 2695 1444 2729 a
1472 2681 1613 2743 Maio,
1638 2683 1671 2731 Ι.
1703 2695 1746 2733 c.
1792 2696 1843 2746 p.
1866 2681 2032 2733 75-76.
2057 2682 2113 2732 In
2136 2681 2303 2732 Eccle.
2328 2696 2376 2743 ι,
2398 2682 2445 2732 8.

300 2775 509 2846 Βόθρον
572 2778 807 2834 ἐνταῦθα
852 2782 953 2854 τὴν
1001 2784 1143 2837 κατὰ
1190 2785 1284 2839 τοῦ
1322 2787 1547 2857 πλησίον
1582 2788 1812 2859 μελέτην

1988 2787 2225 2843 Foveam
2272 2789 2361 2845 hic
2408 2802 2600 2847 contra
2650 2794 2961 2863 proximum
3011 2798 3500 2860 meditationeniet

226 2869 321 2923 καὶ
348 2870 446 2921 τὸν
473 2869 699 2939 βόθυνον
756 2872 979 2946 ὄλεθρον
1034 2875 1316 2948 ὀνομάζει,
1367 2881 1511 2934 κατά
1538 2898 1601 2949 γε
1629 2881 1692 2935 τὸ
1719 2899 1813 2951 γε·

226 2961 585 3029 γραμμένον·
628 2981 646 3012 ι
673 2964 892 3019 Λάκκον
950 2965 1161 3038 ὤρυξεν
1195 2971 1290 3024 καὶ
1319 2971 1627 3041 ἀνέσκαψεν
1661 2974 1812 3045 αὐτῷ

227 3052 320 3106 καὶ
347 3055 676 3123 ἐμπεσεῖται
702 3058 782 3120 είς
813 3057 1007 3129 βόθρον
1036 3060 1097 3113 ὃν
1130 3063 1476 3134 εἰργάσατοοι
1511 3064 1602 3119 καί
1625 3078 1684 3139 ’γι
1723 3067 1813 3121 Ἐν

227 3145 341 3206 τοῖς
374 3144 564 3214 ἔργοις
591 3146 702 3200 τῶν
730 3149 931 3220 χειρῶν
958 3152 1123 3205 αὑτοῦ
1154 3153 1461 3227 συνελήφθη
1492 3159 1520 3210 ό
1551 3157 1812 3231 ἀμαρτω-

227 3234 335 3300 λός.
361 3256 380 3288 ι
403 3237 463 3291 '0
480 3239 658 3295 τοίνυν
685 3243 779 3296 τὸν
809 3243 1051 3298 τοιοῦτον
1079 3244 1272 3318 βόθρον
1301 3247 1395 3301 καὶ
1416 3247 1514 3319 τὴν
1531 3248 1811 3305 ἀπώλειαν

229 3328 404 3399 ἑτέρῳ
454 3330 778 3402 διορύσσων,
815 3335 977 3400 αὐτὸς
1008 3338 1225 3407 πρῶτος
1274 3338 1539 3409 ἐμπίπτει
1562 3342 1620 3395 ὲν
1639 3340 1810 3413 αὐτῷ’

231 3420 287 3471 ἐν
313 3421 386 3488 γά
395 3438 429 3490 ρ
449 3421 529 3491 τῷ
548 3423 723 3478 ταῦτα
750 3426 1188 3498 διαμηχανᾶσθαι
1209 3432 1317 3503 πρὸ
1344 3433 1442 3503 τῆς
1464 3432 1557 3488 τοῦ
1582 3433 1812 3505 πλησίον

229 3508 555 3577 κακώσεως,
602 3512 702 3583 τὴν
752 3516 949 3571 ἑαυτοῦ
980 3518 1216 3574 διόλλυσι
1239 3521 1421 3593 ψυχήν
1440 3537 1454 3553 ⁸
1488 3523 1556 3577 ἂν
1580 3523 1679 3595 μὲν
1700 3524 1811 3595 γὰρ

227 3598 302 3668 τῷ
331 3598 552 3670 σώματι
608 3603 709 3675 τὴν
763 3606 969 3679 βλάϐην
1026 3611 1286 3687 ὑποτείνῃ
1344 3614 1442 3669 τοῦ
1487 3617 1807 3687 ὁμογενοῦς,

228 3692 494 3757 πολλάκις
552 3696 759 3751 ἐκεῖνον
798 3700 899 3769 μὲν
931 3701 1183 3783 ὠφέλησε
1227 3706 1487 3777 μᾶλλονῆ
1529 3707 1810 3775 διώλεσεν,

230 3781 422 3835 ἑαυτὸν
449 3783 507 3837 δὲ
537 3784 635 3855 τῆς
702 3789 941 3860 ψυχικῆς
972 3792 1052 3863 τῷ
1084 3781 1282 3865 ’βόθρῳ
1322 3795 1653 3867 συνώθησεν·
1686 3799 1716 3852 6
1750 3798 1810 3851 δὲ

227 3875 323 3945 τῆς
338 3875 443 3930 τοῦ
456 3877 685 3950 πλησίον
703 3881 881 3951 ψυχῆς
903 3886 1360 3956 μηχανησάμενος
1383 3886 1485 3958 τὴν
1507 3888 1808 3956 ἀπώλειαν,

227 3960 384 4032 οὗτος
420 3969 488 4022 ἄν
512 3988 571 4024 τε
611 3967 779 4039 εἷλεν,
820 3974 887 4029 ἄν
913 3994 974 4029 τε
1027 3978 1102 4048 μὴ
1136 3972 1249 4031 εἷλε
1305 3980 1399 4033 τὸν
1431 3978 1813 4051 ἐπηρεαζόμε-

228 4074 338 4127 νον,
362 4061 521 4113 οὐδὲν
550 4062 776 4118 ἔλαττον
804 4066 903 4137 τὴν
932 4068 1128 4121 ἑαυτοῦ
1163 4069 1575 4139 προαπώλεσεν.
1612 4071 1677 4125 Ἦ
1701 4072 1810 4141 γάρ

229 4147 529 4214 ἀδέκαστος
558 4153 741 4223 κρίσις
769 4158 908 4226 πρὸς
937 4158 1038 4226 τὴν
1068 4159 1304 4230 σπουδὴν
1331 4162 1427 4214 καὶ
1456 4162 1556 4230 τὴν
1582 4160 1809 4231 γνώμην

228 4237 593 4308 λογοθετοῦσα
605 4243 667 4296 τὸ
686 4245 949 4317 ἀδίκημα,
975 4250 1024 4300 εί
1042 4249 1138 4302 καὶ
1154 4248 1416 4312 πολλάκις
1436 4250 1527 4304 τὸν
1550 4250 1811 4320 βλάπτειν

231 4325 566 4398 ὡρμημένον
594 4332 623 4384 ό
650 4333 1140 4406 ἐπιϐουλευόμενος
1197 4339 1551 4409 διαπέφευγε,
1611 4340 1714 4411 τὴν
1735 4359 1811 4395 τι·

233 4418 451 4489 μωρίαν
472 4421 625 4477 οὐδὲν
659 4423 882 4479 ἔλαττον
900 4430 1313 4498 εἰσπράττεται.
1342 4431 1606 4501 Παραινεῖ
1631 4432 1812 4487 τοίνυν

1913 2877 2129 2934 foveam
2161 2881 2519 2949 perditionem
2554 2885 2836 2950 nominat,
2860 2887 3015 2954 juxta
3051 2890 3194 2959 quod
3230 2894 3497 2963 scriptum

1913 2981 2033 3027 est:
2064 2990 2082 3023 ι
2106 2971 2307 3027 Lacum
2332 2974 2546 3043 aperuit
2578 2984 2632 3031 et
2662 2975 2849 3032 eﬂ'odit
2876 2978 3001 3048 ipsi,
3024 2989 3077 3035 et
3096 2981 3301 3037 incidet
3326 2985 3379 3038 in
3408 2985 3498 3039 fo-

1915 3079 2068 3118 veam
2096 3080 2260 3135 quam
2304 3065 2434 3121 fecit
2463 3068 2529 3133 ¹⁶,
2572 3086 2591 3119 ι
2625 3077 2679 3123 et
2710 3088 2725 3124 :
2762 3090 2785 3122 ‹
2835 3070 2890 3124 In
2927 3073 3184 3141 operibus
3226 3091 3493 3134 manuum

1914 3171 2139 3212 suarum
2166 3159 2599 3229 comprehensus
2646 3169 2729 3216 est
2772 3165 3114 3232 peccator“.
3153 3184 3171 3218 ι
3212 3166 3381 3237 igitur
3410 3180 3497 3225 ta-

1914 3246 2023 3302 lem
2066 3245 2281 3303 foveam
2331 3259 2386 3305 et
2425 3252 2787 3321 perditionem
2841 3253 3001 3309 alteri
3044 3254 3330 3324 ell‘odiens,
3380 3261 3498 3330 ipse

1913 3340 2065 3410 prior
2111 3339 2303 3395 incidit
2338 3341 2392 3396 in
2422 3358 2580 3410 eam;
2620 3345 2751 3399 dum
2800 3346 2947 3400 enim
2998 3347 3115 3403 haec
3152 3351 3496 3408 machinatur

1914 3438 2041 3485 ante
2069 3433 2306 3501 proximi
2332 3432 2615 3503 injuriam,
2641 3450 2797 3490 suam
2831 3436 3003 3506 ipsius
3035 3440 3206 3509 perdit
3230 3442 3492 3500 animam.

1915 3522 1971 3577 Si
2004 3523 2148 3579 enim
2179 3526 2400 3596 corpori
2448 3526 2710 3583 damnum
2762 3539 2939 3585 struat
2970 3535 3319 3602 congeneris,
3353 3551 3496 3606 saepe

1914 3613 2067 3670 illum
2112 3617 2335 3687 quidem
2363 3618 2506 3688 juvit
2546 3623 2719 3691 magis
2757 3639 2922 3692 quam
2954 3626 3208 3693 perdidit,
3251 3629 3493 3700 seipsum

1868 3746 1873 3753 .
1914 3714 2093 3761 autem
2130 3708 2183 3761 in
2209 3709 2514 3779 spiritualis
2550 3712 2723 3766 ruinae
2751 3713 3069 3771 barathrum
3116 3719 3352 3789 impulit.
3389 3720 3490 3788 Qui

1913 3807 2097 3852 autem
2126 3800 2359 3870 proximi
2387 3803 2587 3859 anima:
2611 3805 2957 3863 machinatus
2982 3818 3067 3864 est
3105 3812 3491 3880 perditionem,

1917 3889 2005 3945 hic
2034 3891 2079 3945 si
2129 3892 2214 3946 vel
2246 3893 2411 3961 cepit,
2460 3895 2545 3949 vel
2592 3912 2699 3951 non
2756 3901 2902 3968 cepit
2942 3900 3269 3972 impetitum,
3318 3906 3494 3962 nihilo

1921 3982 2106 4037 minus
2135 3998 2292 4038 suam
2346 3983 2521 4054 ipsius
2560 3988 2713 4055 prior
2748 3990 3004 4058 perdidit.
3048 3991 3261 4047 Etenim
3303 3995 3491 4050 incor-

1913 4080 2131 4141 ruptum
2157 4072 2425 4143 judicium
2466 4079 2764 4133 secundum
2810 4082 3048 4137 studium
3078 4092 3131 4137 et
3164 4088 3489 4142 sententiain

1908 4164 2192 4220 aestimans
2222 4166 2588 4237 iniquitatem,
2627 4172 2731 4225 etsi
2772 4188 2914 4243 saepe
2963 4191 3164 4231 nocere
3204 4194 3487 4250 agressum

1908 4253 2128 4310 insidiis
2153 4257 2357 4326 petitus
2393 4260 2589 4327 evasit,
2637 4263 2933 4319 vindictam
2968 4266 3140 4322 nihilo
3181 4270 3365 4327 minus
3403 4270 3489 4326 iii-

1909 4343 2037 4403 l'ert.
2068 4346 2329 4404 Hortatur
2357 4350 2543 4423 itaque
2564 4368 2659 4422 per
2680 4355 2796 4410 haec
2821 4355 3199 4425 Ecclesiastes,
3223 4362 3492 4418 absistere

1892 4437 1978 4505 .ab
2004 4440 2155 4494 omni
2215 4442 2510 4499 malefaeto
2550 4444 2888 4515 inexpertum
2937 4463 3271 4519 quaerentem
3304 4454 3487 4510 danini

229 4509 315 4564 διὰ
380 4516 590 4569 τούτων
635 4519 663 4570 ὁ
718 4518 1170 4589 Ἐκκλησιαστὴς,
1230 4522 1561 4591 ἀφίστασθαι
1622 4525 1806 4596 πάσης

1915 4535 1964 4580 et
1991 4526 2301 4587 alliictionis
2329 4547 2389 4587 se
2422 4548 2662 4589 servate.
2690 4535 2904 4592 Etenim
2939 4541 3261 4597 machinans
3286 4545 3487 4600 malum

233 4604 570 4673 κακουργίας
623 4605 716 4659 τὸν
780 4609 1079 4680 ἀπείρατον
1133 4612 1405 4683 ζητοῦντα
1453 4613 1661 4685 βλάϐης
1709 4616 1806 4669 καὶ

234 4694 526 4761 κακώσεως
558 4700 984 4770 συντηρηθῆναι.
1016 4702 1126 4755 Καὶ
1151 4704 1806 4776 μὴνόδιαμηχανώμενος

234 4784 401 4838 κακὸν
438 4787 517 4858 τῷ
547 4790 776 4859 πλησίον
798 4792 860 4844 οὐ
891 4793 1241 4864 διαφεύξεται
1296 4797 1394 4867 τὴν
1416 4800 1481 4851 ὲκ
1505 4796 1602 4850 τοῦ
1633 4798 1801 4868 νόμου

234 4878 516 4948 τιμωρίαν,
569 4880 683 4933 ἀλλ’
719 4882 785 4936 άν
812 4901 873 4937 τε
924 4885 1205 4957 ὀφθαλμὸν
1264 4888 1503 4957 ἐκκόψας
1554 4890 1663 4960 εἴη,
1712 4889 1805 4943 τὸν

234 4968 425 5021 οἰκεῖον
484 4971 945 5044 ἐξορυχθήσεται·
972 4978 1037 5032 άν
1069 4995 1127 5031 τε
1144 4978 1337 5033 ὀδόντα
1376 4979 1596 5047 ἐξελὼν,
1638 4998 1806 5051 προσ-

235 5058 482 5114 απολέσει
527 5064 620 5118 τὸν
655 5064 802 5117 ἰδιονο
838 5068 933 5121 καὶ
964 5068 1065 5122 οὐκ
1095 5068 1243 5123 ἔστιν
1278 5069 1523 5141 ἀδίκημα
1547 5070 1640 5125 τὸν
1662 5072 1804 5141 πλη-

239 5149 344 5202 σίον
387 5151 786 5225 λυμαινόμενον
807 5158 835 5211 ὃ
860 5160 934 5229 μὴ
965 5159 1057 5213 τὸν
1103 5161 1443 5235 ἀδικήσαντα
1466 5166 1533 5234 τῇ
1561 5167 1805 5238 τιμωρία

238 5243 595 5310 παραδίδωσιν
618 5263 636 5280 ο
666 5246 809 5302 ὥστε
842 5250 871 5303 6
900 5251 991 5306 τὸν
1028 5252 1220 5325 βόθρον
1270 5254 1445 5326 ἑτέρῳ
1479 5254 1801 5325 διορύσσων,

1912 4630 2104 4676 contra
2154 4624 2463 4692 proximum
2517 4641 2623 4681 non
2678 4628 2899 4697 cﬂ'ngiet
2934 4646 3057 4686 eam
3102 4650 3224 4705 quae
3263 4652 3327 4691 ex
3374 4637 3491 4707 lege

1914 4711 2229 4781 vindictam,
2260 4716 2353 4771 sed
2395 4717 2440 4771 si
2483 4719 2701 4774 oculum
2744 4722 3031 4791 exciderit,
3076 4728 3333 4796 proprius
3358 4730 3492 4785 οσο-

1911 4802 2109 4858 dietur.
2161 4805 2217 4859 Si
2259 4809 2474 4864 dentem
2528 4809 2695 4866 fuerit
2738 4823 3092 4886 extorquens,
3138 4821 3327 4889 perdet
3359 4839 3490 4894 pro-

1911 4894 2126 4964 prium;
2157 4907 2214 4951 et
2246 4914 2355 4953 non
2384 4909 2466 4955 est
2496 4902 2759 4972 iniquitas
2794 4908 3099 4975 proximum
3135 4911 3340 4969 laedens
3370 4930 3491 4984 qua:

1914 5001 2023 5041 non
2052 4987 2241 5059 inique
2269 5000 2521 5060 agentem
2552 4994 2803 5052 vindictae
2826 5000 3040 5067 tradat;
3081 5002 3157 5058 ita
3182 5013 3243 5059 ut
3274 5004 3487 5062 foveam

1912 5078 2068 5134 alteri
2098 5078 2334 5147 fodiens,
2359 5082 2409 5139 id
2436 5095 2519 5139 est
2547 5087 2771 5155 perdere
2795 5104 3066 5159 quaerens,
3084 5108 3193 5149 non
3223 5109 3488 5150 evasurus

1910 5170 1983 5225 sit
2006 5172 2138 5242 quin
2171 5173 2376 5230 incidat
2400 5175 2456 5231 in
2502 5178 2753 5236 vindictas
2801 5181 3011 5238 foveam
3047 5202 3212 5256 quam
3248 5188 3351 5243 sibi
3383 5189 3486 5259 ipsi

1911 5271 2098 5317 contra
2128 5264 2438 5334 proximum
2466 5268 2679 5326 foveam
2705 5270 2921 5331 fodiens
2946 5276 3155 5332 eﬂ‘odit.

238 5333 505 5388 τουτέστιν
552 5337 815 5392 ἀπολέσαι
868 5338 1070 5411 ζητῶν,
1131 5343 1193 5395 οὐ
1243 5342 1588 5413 διαφεύξεται
1620 5345 1682 5399 τὸ
1723 5347 1798 5418 μὴ
1836 5349 2102 5420 ἐμπεσεῖν
2132 5333 2239 5419 θείς
2288 5356 2381 5412 τὸν
2431 5361 2706 5433 τιμωρίας
2777 5363 2970 5437 βόθρον
3036 5368 3099 5422 ὃν
3135 5370 3315 5442 ἐαυτῷ
3345 5367 3486 5422 κατὰ

241 5423 328 5477 τοῦ
351 5426 517 5491 πέλας
546 5428 639 5483 τὸν
661 5429 851 5502 βόθρον
881 5431 1179 5504 διορύττων
1212 5433 1533 5489 ὲϐαθύνατο.

366 5605 556 5665 Matth.
596 5628 720 5681 xxv,
751 5615 839 5671 54.
921 5619 966 5651 ¹⁶
999 5618 1144 5678 Psal.
1179 5639 1281 5692 vn,
1313 5625 1401 5681 l6.
1479 5625 1521 5658 “
1554 5624 1703 5683 Psal.
1738 5644 1813 5696 ix,
1844 5628 1932 5687 l7.
