3864 6208
376 233 482 299 423

709 344 1038 414 οωεετιο
1073 339 1236 400 wa
1267 343 1366 417 [aL
1401 343 1606 416 ann.

381 439 653 506 Quomodo
682 440 1082 510 intelligendum
1106 439 1246 509 quod
1273 438 1529 510 scriptum
1565 447 1641 491 est
1669 437 1744 510 αὑ,
1763 436 1944 510 [ficales

447 515 610 567 siaste
645 525 665 564 :
709 530 726 562 ι
776 507 1030 564 Sciudem
1077 507 1225 578 ligna
1265 508 1599 578 periclitatur
1628 511 1682 560 in
1728 507 1860 570 illis,
1900 509 1950 561 st“

446 581 700 637 exciderit
727 580 964 650 ferrum;
997 591 1044 634 et
1077 577 1187 649 ipse
1225 579 1451 650 ﬁguram
1491 577 1725 650 turbauit
1755 587 1804 650 et
1838 579 1950 631 vir-

448 663 583 707 tutes
634 646 903 704 roborabit
950 661 997 704 et
1046 646 1537 720 superabundantia
1601 646 1808 701 cordati
1862 665 1952 702 sa-

441 723 663 792 pientia.
696 735 716 775 δ

1525 225 1787 286 ΡΗΟΤΙΙ
1825 220 2328 286 ΡΑΤΒΙΛΒΟΗᾸΞ
2376 222 2483 284 CP.

2876 265 2891 273 -
3432 236 3441 243 ·
3529 217 3634 282 ιρι

2623 336 2958 390 ΕΡΩΤΗΣΙΣ
2987 336 3099 390 ΞΝ.

2054 433 2186 499 Πῶς
2231 431 2486 500 νοητέον
2523 429 2554 483 ὃ
2605 431 2929 500 reg-pennae
2988 428 3066 500 τῷ
3137 425 3591 500 Ἐκκέῖησιαστῇ
3617 442 3632 458 ·

2130 496 2402 572 ι’Σχίζῶν
2446 496 2623 572 ξύλα
2659 496 2995 572 κινδυνεύει
3122 497 3346 572 αὐτοῖς,
3397 496 3635 572 ἑὰν-ἐξ-

2127 567 2284 639 πέάῂ
2308 571 2373 625 τὸ
2431 571 2710 638 σιδήριον
2741 587 2755 602 ⁸
2786 569 2884 623 καὶ
2911 567 3094 639 αὐτὸς
3142 568 3474 639 πρόσωπον
3500 567 3636 639 ἐτά-

2130 636 2280 709 ραξὲ
2314 642 2411 696 καὶ
2436 636 2723 709 δυνάμεις
2779 637 3135 707 δυναμώσεισ
3172 636 3271 691 καὶ
3315 638 3636 705 περισσεία

2125 713 2234 767 τοῦ
2265 713 2543 780 ἀνδρείου
2571 711 2812 780 σοφία.»

1354 833 1493 887 Edita
1517 851 1541 885 a
1567 835 1708 895 Maio,
1730 835 1764 884 l.
1788 850 1856 896 c.,
1879 849 1930 898 p.
1951 836 2112 887 76—77.
2142 835 2198 885 In
2223 835 2391 886 Eccle.
2422 847 2475 893 ιι,
2505 832 2555 893 9,
2578 829 2656 881 10.

453 943 806 1000 Ecclesiastes
835 957 1074 1014 praesens
1104 941 1240 996 liber
1268 951 1326 996 ut
1351 940 1575 995 Cantica
1615 940 1955 994 canticorum

380 1033 713 1107 pnecipuuni
743 1033 941 1085 habent
972 1045 1199 1100 scopum
1234 1027 1656 1099 intelligibilium
1686 1037 1739 1083 et
1765 1043 1954 1083 eorum

380 1141 503 1196 qua:
530 1139 692 1195 super
729 1139 950 1178 sensum
985 1134 1115 1178 sunt
1162 1121 1694 1190 contemplationem,
1731 1129 1786 1175 et
1819 1119 1958 1175 Pro-

380 1218 565 1273 verbia
593 1211 876 1270 hominum
910 1229 1084 1268 mores
1107 1213 1382 1277 ordinare,
1430 1213 1504 1266 ita
1547 1221 1602 1267 et
1637 1212 1738 1266 iste
1762 1212 1829 1266 de
1861 1228 1957 1266 na-

381 1309 648 1366 turalibus
685 1308 832 1362 addit
873 1306 1161 1371 disserere,
1203 1302 1538 1374 propositum
1575 1302 1674 1357 sibi
1708 1312 1955 1358 statuens

381 1404 657 1458 auditores
707 1401 774 1454 ad
825 1406 1035 1452 natura;
1097 1396 1466 1451 manuducere
1511 1394 1955 1462 comprehensio-

384 1507 529 1546 nem.
583 1489 801 1544 Nullum
851 1489 1071 1559 quidem
1124 1489 1289 1542 trium
1340 1502 1565 1558 Operum
1605 1487 1673 1540 ab
1715 1487 1948 1541 aliorum

2145 938 2201 994 Ὀ
2239 937 2673 1009 Ἐκκλησιαστὴς
2726 934 2788 988 τὺ
2833 933 3008 1004 παρὸν
3064 931 3265 1004 βιϐλίον
3317 931 3509 998 ὥσπερ
3571 931 3641 982 τὰ

2059 1030 2314 1103 ’ᾼσματα
2362 1029 2470 1082 τῶν
2530 1027 2791 1099 ᾀσμάτων
2844 1025 3256 1097 προηγούμενον
3286 1023 3403 1094 ἔχει
3432 1022 3642 1074 σκοπὸν

2053 1124 2152 1194 τὴν
2177 1143 2180 1151 “
2205 1122 2316 1174 τῶν
2368 1120 2573 1191 νοητῶν
2615 1121 2711 1174 καὶ
2768 1119 2907 1189 ὑπὲρ
2946 1119 3045 1188 τὴν
3077 1117 3333 1186 αἴσθησιν
3375 1114 3641 1185 θεωρίαν,

2055 1216 2148 1270 καὶ
2167 1216 2221 1268 αἱ
2257 1212 2648 1285 Παροιμίαιτά
2667 1212 2776 1264 τῶν
2828 1209 3131 1282 ἀνθρώπων
3190 1209 3294 1279 ῆθη
3329 1205 3638 1278 ῥυθμίζειν·

2057 1307 2200 1362 οὕτω
2236 1309 2330 1362 καὶ
2358 1301 2513 1368 οὗτος
2534 1305 2665 1375 περὶ
2692 1305 2801 1358 τῶν
2827 1304 3074 1374 φυσικῶν
3101 1301 3381 1355 ἐπιϐάλλει
3408 1299 3642 1367 διαλαμ-

2059 1401 2242 1456 ϐάνειν
2279 1441 2295 1465 ,
2346 1399 2601 1454 ὑπόθεσιν
2656 1397 3106 1470 προστησάμενος
3163 1395 3292 1458 τοὺς
3355 1391 3639 1464 ἀκροατάς

2059 1493 2196 1565 πρὸς
2223 1492 2322 1562 τὴν
2353 1491 2456 1561 τῆς
2501 1490 2716 1561 φύσεως
2753 1489 3116 1561 χειραγωγεῖν
3164 1485 3518 1554 κατανόησιν.
3557 1484 3636 1534 Οὐ

383 1575 723 1650 philosophia
754 1578 971 1648 penitus
1001 1577 1238 1630 alienum
1280 1583 1396 1642 est,
1432 1577 1525 1631 sed
1572 1584 1657 1630 est
1702 1575 1950 1630 invenire

2071 1587 2154 1640 ιὲν
2183 1585 2406 1656 οὐδεμία
2443 1584 2553 1637 τῶν
2575 1582 2742 1652 τριῶν
2763 1577 3157 1653 πραγματειῶν
3185 1577 3286 1647 τῆς
3320 1575 3430 1628 τῶν
3460 1573 3643 1628 ἄλλων

378 1681 434 1726 et
464 1663 518 1724 in
552 1668 853 1724 moralibus
883 1684 981 1739 pro
1015 1669 1221 1722 minori
1261 1668 1480 1737 quidem
1513 1676 1666 1736 parte
1695 1677 1876 1722 tamen
1905 1675 1962 1722 et

381 1756 712 1817 naturalium
746 1771 800 1814 ct
845 1759 1176 1814 diviniorum
1225 1760 1751 1828 contemplationum
1787 1760 1959 1813 tradi-

380 1852 608 1908 tionem.
660 1847 848 1905 ltidem
899 1860 955 1904 ct
1011 1850 1065 1903 in
1112 1849 1457 1920 philosophia
1499 1851 1568 1904 de
1595 1849 1960 1906 divinioribus

381 1957 597 1998 morum
644 1939 1085 1995 informationem
1140 1939 1382 1994 invenire
1425 1947 1509 1994 est
1565 1939 1870 2008 inspersatn
1906 1947 1961 1994 et

381 2032 547 2089 etiam
579 2043 792 2087 natura:
820 2031 1266 2103 intelligentiam;
1303 2031 1396 2086 sed
1431 2040 1487 2085 ct
1519 2031 1574 2086 in
1615 2047 1722 2101 quo
1751 2041 1960 2086 natura:

383 2136 469 2182 est
528 2124 801 2194 speculari
861 2123 1256 2180 connexionem
1309 2133 1361 2178 et
1411 2123 1784 2188 harmoniam,
1853 2141 1959 2178 non

385 2233 557 2290 pauca
587 2217 996 2287 deprehendere
1028 2226 1114 2271 est
1157 2230 1348 2269 eorum
1394 2231 1516 2285 quae
1566 2231 1661 2285 per
1708 2217 1962 2271 exhorta-

384 2311 589 2366 tionem
639 2309 959 2378 anagogiam
1007 2321 1221 2360 morum
1268 2305 1527 2376 dirigunt.
1569 2305 1693 2360 Ideo
1723 2314 1776 2359 et
1815 2319 1963 2358 nunc

386 2387 736 2474 proclamans
786 2399 1118 2454 naturalium
1151 2391 1506 2453 Ecclesiastes
1534 2411 1630 2468 per
1655 2398 1960 2468 exemplum

387 2497 444 2550 in
481 2493 850 2548 hortationem
894 2506 991 2561 per
1029 2506 1195 2560 quam
1229 2500 1314 2546 est
1356 2491 1607 2562 progredi
1641 2499 1961 2559 praesentem

387 2585 555 2640 vitam
590 2595 737 2654 peste
792 2585 1017 2638 liberam
1049 2589 1102 2638 ct
1123 2581 1188 2637 ad
1223 2592 1426 2638 rectum
1482 2598 1703 2637 cursum
1742 2597 1965 2638 conser-

387 2675 503 2731 vari
525 2677 823 2730 auditorem
846 2673 1111 2739 immittit,
1129 2683 1183 2729 et
1209 2674 1284 2728 ait
1311 2689 1325 2727 :
1357 2691 1376 2724 ι
1402 2673 1506 2738 Qui
1537 2671 1736 2726 Srindit
1772 2672 1912 2740 ligna
1938 2690 1958 2723 ι

390 2777 446 2822 et
467 2766 636 2821 vitam
663 2766 851 2820 talium
877 2765 977 2819 sibi
1015 2764 1144 2820 facit
1186 2775 1384 2829 artem,
1409 2764 1456 2819 si
1475 2765 1738 2818 exciderit
1757 2763 1964 2819 ferrum

387 2871 500 2928 quo
537 2857 874 2912 scinduntur
913 2856 1080 2926 ligna,
1122 2865 1216 2910 aut
1254 2872 1363 2910 non
1408 2865 1529 2926 post
1559 2856 1790 2925 primam
1823 2856 1964 2912 scis-

2061 1672 2374 1749 φιλοσοφίας
2427 1675 2601 1729 διόλου
2664 1672 3039 1745 ἀπήλλακταιο
3090 1668 3204 1722 ἀλλ’
3244 1668 3396 1721 ἐστιν
3451 1666 3641 1736 εὑρεῖν

2061 1769 2163 1822 κάν
2201 1769 2312 1829 τοῖς
2369 1765 2578 1835 ⁴ηθικοῖς
2600 1763 2686 1817 ἐπ’
2716 1762 2938 1816 ἔλαττον
2978 1761 3075 1830 μὲν
3101 1761 3249 1828 ὅμως
3270 1760 3364 1811 καὶ
3391 1755 3644 1825 φυσικῶν

2061 1859 2154 1914 καὶ
2201 1858 2496 1931 τθειοτὲρων
2544 1854 2916 1927 θεωρημάτων
2967 1851 3266 1923 παράδοσιν
3305 1865 3318 1878 °
3373 1847 3642 1907 ὡσαύτως

2059 1950 2114 2004 δὲ
2138 1951 2240 2004 κάν
2273 1951 2338 2020 τῇ
2377 1949 2508 2020 περὶ
2548 1947 2660 2000 τῶν
2712 1945 2997 2016 θειοτέρων
3049 1940 3342 2011 φιλοσοφίᾳ.
3389 1938 3545 2006 ἠθῶν
3581 1952 3643 1988 τε

2059 2040 2417 2110 διακόσμησιν
2465 2039 2644 2109 εὑρεῖν
2695 2035 2873 2088 ἔνεστι
2931 2028 3544 2101 καιτεσιιταρμένην,καῖ⁵
3575 2027 3642 2095 δὴ

2061 2134 2156 2188 καὶ
2205 2132 2419 2201 φύσεως
2469 2130 2796 2200 κατανόησιν
2835 2142 2852 2157 ⁶
2909 2125 3046 2180 ἀλλά
3093 2142 3155 2193 γε
3200 2123 3264 2195 δὴ
3313 2124 3404 2176 καὶ
3442 2114 3487 2189 ᾧ
3539 2119 3643 2189 τῆς

2065 2222 2277 2291 φύσεως
2335 2221 2483 2273 ἐστιν
2525 2218 2856 2288 ἀναθεωρεῖν
2907 2217 3006 2286 τὴν
3063 2211 3386 2268 ἀκολουθίαν
3436 2210 3533 2263 καὶ
3580 2210 3645 2260 τὸ

2062 2311 2419 2384 ἐναρμόνιον,
2475 2310 2576 2362 οὐκ
2623 2309 2779 2376 ὀλίγα
2827 2306 3013 2361 λαϐεῖν
3077 2305 3191 2357 ἔστι
3243 2302 3352 2356 τῶν
3395 2301 3485 2354 διὰ
3537 2300 3644 2370 τῆς

2061 2402 2432 2474 παραινέσεως
2447 2402 2544 2471 τὴν
2566 2400 2879 2469 ἀναγωγίαν
2896 2396 2988 2450 τοῦ
3006 2397 3170 2469 ἢθους
3193 2395 3357 2467 ἀνορο
3375 2415 3423 2446 io
3432 2395 3640 2463 μένων.

2063 2494 2154 2548 Διὸ
2213 2495 2307 2548 καὶ
2354 2493 2449 2547 νῦν
2480 2491 2837 2561 ἀπαγγέλλων
2881 2489 2990 2543 τῶν
3046 2488 3291 2558 φυσικῶν
3335 2488 3364 2540 ό
3401 2485 3643 2555 Ἐκκλη-

2065 2588 2288 2656 σιαστὴς
2342 2586 2428 2638 διά
2454 2585 2547 2638 τοῦ
2580 2583 3021 2654 παραδείγματος
3057 2583 3137 2644 είς
3165 2581 3265 2652 τὴν
3309 2580 3643 2649 παραίνεσιν

2062 2677 2131 2731 δι’
2183 2674 2251 2750 ἧς
2305 2677 2421 2730 ἐστι
2487 2676 2811 2747 πορεύεσθαι
2859 2676 2950 2730 τὸν
2999 2676 3248 2746 παρόντα
3295 2673 3409 2743 βίον
3455 2671 3645 2741 λύμης

2064 2771 2350 2843 ἐλεύθερον
2425 2771 2520 2824 καὶ
2584 2769 2720 2838 πρὸς
2783 2768 3002 2840 εὔροιαν
3077 2767 3462 2838 συντηρεῖσθαι
3545 2765 3641 2818 τὸν

2064 2861 2342 2932 ἀκροατὴν
2366 2860 2749 2932 παραπέμπει,
2781 2861 2875 2913 καὶ
2892 2860 3075 2932 φησίν·
3103 2878 3124 2910 ι
3145 2859 3206 2913 ’0
3231 2858 3429 2928 σχίζων
3446 2855 3586 2922 ξύλα
3621 2874 3640 2906 ι

385 2947 599 3002 sionem
635 2946 812 3016 magis
855 2957 1074 3016 separat
1118 2946 1187 3000 ab
1221 2947 1477 3010 invicem,
1527 2955 1582 3000 et
1625 2945 1681 3000 in
1726 2945 1958 3000 circum-

2071 2954 2157 3005 καὶ
2178 2953 2290 3022 βίον
2304 2952 2401 3023 τὴν
2441 2951 2646 3004 τούτων
2671 2950 2991 3020 ποιούμενος
3003 2951 3219 3020 τέχνην,
3242 2945 3648 3017 ὲάνρκπέσῃζτδ

389 3033 742 3105 scriptionem
789 3035 952 3089 struit
991 3034 1290 3104 prapriam,
1312 3053 1330 3086 ι
1358 3035 1696 3106 periclitatur
1725 3035 1780 3090 in
1796 3036 1956 3101 illis,»

388 3126 514 3182 inde
560 3126 814 3181 videlicet
856 3125 1152 3182 destitutus
1199 3127 1474 3193 utilitate;
1517 3137 1574 3184 et
1615 3129 1964 3183 conturbabit

390 3219 621 3278 vultum.
648 3231 748 3287 pro
776 3217 1080 3288 splendenti
1126 3218 1182 3272 in
1211 3218 1503 3285 hilaritate,
1535 3229 1794 3276 nimstum
1818 3221 1962 3275 accio

388 3313 544 3383 piens
566 3327 587 3378 ;
611 3319 665 3366 et
697 3314 926 3368 virtutes
953 3312 1234 3366 roborabit
1261 3327 1383 3381 quae
1409 3309 1755 3366 lascinabant
1784 3311 1961 3376 illum.

387 3407 508 3477 ejus
535 3406 913 3477 impotentiam
937 3417 991 3461 et
1019 3407 1282 3477 inepiam,
1313 3407 1422 3460 vim
1455 3406 1731 3477 propriam
1761 3406 1966 3461 inhibi-

389 3508 522 3566 tam,
546 3499 681 3554 nihil
707 3514 770 3554 ea
801 3513 924 3569 qua:
954 3497 1009 3552 in
1040 3498 1302 3552 virilitate
1339 3498 1459 3568 ejus
1496 3497 1746 3568 juvante,
1777 3499 1871 3554 sed
1906 3498 1960 3552 in

391 3605 592 3644 vanum
624 3599 678 3645 et
705 3589 896 3645 inutile
921 3599 1145 3659 promer
1169 3590 1415 3659 elapsum
1445 3589 1647 3644 ferrum
1673 3590 1961 3645 dissoluta.

395 3679 641 3752 Utigitur
657 3680 997 3736 scindentem
1013 3682 1180 3751 ligna,
1200 3681 1246 3735 si
1264 3681 1523 3736 exciderit
1553 3681 1779 3748 ferrum,
1801 3692 1962 3737 tanta:

391 3784 698 3846 sequuntur
716 3777 1054 3831 calamitates
1081 3784 1136 3829 et
1150 3776 1615 3844 compreliemlunt
1635 3792 1758 3830 eum
1783 3776 1874 3846 qui
1895 3792 1962 3829 ex

391 3867 519 3937 ligni
555 3865 823 3922 divisione
849 3875 904 3920 et
930 3865 1162 3921 artiﬁcio
1193 3867 1245 3920 in
1297 3866 1614 3921 suiiicientia
1648 3877 1825 3936 potest
1879 3867 1960 3920 vi-

390 3975 518 4014 vere
551 3959 673 4014 :sic
697 3968 746 4014 et
773 3958 862 4030 qui
893 3973 1144 4014 sermone
1189 3959 1357 4013 utitur
1385 3958 1672 4013 doctrinali
1703 3969 1962 4029 tanquam

390 4051 623 4122 quodam
641 4050 787 4104 ferro
809 4061 864 4104 et
887 4051 1254 4105 instrumento
1266 4050 1530 4105 divisorio
1549 4065 1643 4120 per
1659 4053 1806 4121 quod
1826 4052 1965 4105 divi.

393 4158 585 4196 uarum
623 4141 1031 4210 Scripturarum
1074 4156 1140 4194 ex
1177 4140 1512 4195 obscuritate
1563 4151 1876 4197 contextum
1911 4153 1965 4198 et

391 4229 788 4285 connexioueui
835 4229 903 4284 ad
929 4230 1157 4284 invicem
1201 4239 1254 4282 et
1275 4237 1398 4298 apte
1418 4239 1474 4284 et
1495 4239 1552 4285 ut
1580 4231 1817 4299 Spiritus
1847 4233 1964 4286 vult

390 4321 562 4390 gratia
582 4321 814 4389 explicat
833 4330 886 4375 et
901 4336 994 4388 per
1013 4332 1200 4390 partes
1229 4323 1524 4376 subdividit
1549 4337 1646 4391 per
1671 4324 1963 4379 animabus

393 4415 575 4468 utilem
607 4412 1113 4483 interpretationem
1143 4413 1248 4468 sibi
1274 4414 1308 4482 ἱ,
1331 4414 1377 4468 si
1430 4415 1768 4483 spiritualem
1799 4415 1961 4470 vitam

389 4513 696 4567 conservat,
723 4504 1004 4558 auditores
1032 4504 1099 4558 ad
1127 4503 1268 4558 hanc
1303 4505 1512 4560 ducens
1532 4515 1587 4559 et
1610 4507 1857 4560 hortans.

2063 3042 2303 3114 σιδήριον
2323 3035 2474 3109 ᾧτινι
2495 3039 2736 3112 σχίζεται
2762 3045 2830 3096 τά
2852 3041 3005 3106 ξύλα,
3026 3039 3059 3112 ἢ
3085 3041 3130 3093 δ’
3145 3040 3206 3093 οὺ
3221 3039 3359 3109 μετά
3375 3037 3476 3110 τὴν
3499 3037 3651 3107 πρώ-

2060 3149 2162 3203 την
2195 3134 2372 3202 σχίσιν
2400 3133 2493 3186 ἐπὶ
2537 3131 2700 3185 πλέον
2733 3131 3002 3185 διῒσταται
3029 3132 3125 3184 ἀπ’
3147 3129 3414 3201 ἀλλήλωι,
3448 3131 3543 3184 καὶ
3565 3131 3647 3191 είς

2063 3223 2408 3294 περιγραφὴν
2459 3221 2823 3292 ἀπαρτίζεται
2885 3221 3044 3288 ἰδίαν,
3081 3239 3101 3273 ι
3128 3220 3432 3296 κινδυνεύει
3461 3219 3522 3273 ἐν
3549 3220 3649 3272 αύ-

2061 3318 2192 3378 τοῖς,
2219 3334 2238 3366 ι
2265 3314 2362 3385 τῆς
2389 3315 2598 3367 ἐκεῖθεν
2623 3313 2868 3382 δηλονότι
2907 3311 3314 3383 ἀφαιρούμενος
3343 3309 3642 3380 ὠφελείας·

2063 3407 2158 3460 καὶ
2190 3405 2508 3477 συνταράξει
2537 3405 2597 3458 τὸ
2629 3407 2941 3477 πρόσωπον,
2992 3404 3114 3458 ἀντὶ
3147 3403 3242 3458 τοῦ
3274 3403 3647 3475 φαιδρυνομέο

2063 3514 2156 3552 νου
2206 3500 2264 3550 ὲν
2300 3497 2596 3566 ἱλαρότητι,
2670 3496 2994 3567 σκυθρωπὸν
3036 3496 3460 3567 ἀναδεδεγμένος
3487 3511 3503 3526 °
3551 3496 3648 3550 και

2063 3585 2318 3654 δυνάμεις
2367 3585 2677 3654 δυναμώσει
2727 3587 2850 3639 ὅσαι
2901 3585 3282 3640 διεϐἀσκαινον
3325 3587 3515 3650 αὐτὸν,
3547 3588 3647 3656 τὴν

2065 3677 2229 3730 αὑτοῦ
2279 3677 2568 3730 ἀσθένειαν
2602 3678 2696 3730 καὶ
2724 3678 2983 3748 ἀπορίαν,
3006 3679 3161 3749 ίσχὺν
3205 3681 3343 3734 ἰδίαν
3375 3682 3642 3751 περιϐαλ-

2064 3769 2318 3839 λομένην,
2376 3769 2532 3822 οὐδὲν
2565 3769 2665 3839 τῆς
2689 3771 2746 3823 ἐν
2774 3773 2840 3841 τῇ
2879 3771 3101 3842 ἀνδρείᾳ
3128 3771 3293 3825 αὑτοῦ
3315 3790 3643 3844 συνεπαμυ-

2065 3861 2284 3930 νούσης,
2336 3860 2451 3914 ἀλλ’
2483 3864 2564 3924 εἰς
2603 3863 2663 3914 τὸ
2693 3863 2947 3930 περιττὸν
2991 3865 3084 3917 καὶ
3138 3866 3412 3935 ἄχρηστον
3433 3866 3522 3919 διὰ
3546 3868 3646 3937 τὴν

2065 3954 2336 4006 ἔκπτωσιν
2387 3953 2480 4006 τοῦ
2507 3954 2727 4025 σιδήρου
2763 3954 3149 4025 διαλυομένης.
3183 3957 3398 4028 Ὠσπερ
3432 3958 3529 4011 οὖν
3553 3961 3647 4012 ἐπὶ

2065 4045 2160 4099 τοῦ
2208 4045 2482 4116 σχίζοντος
2531 4047 2601 4100 τὰ
2645 4046 2796 4112 ξύλα,
2849 4048 2944 4100 ὲάν
3004 4049 3212 4120 ἐκπέσῃ
3268 4050 3329 4102 τὸ
3376 4051 3643 4122 σιδήριον,

2065 4136 2325 4190 τοσαῦται
2366 4137 2834 4208 παρακολουθούσι
2862 4141 3142 4210 συμφοραὶ
3169 4143 3261 4194 καὶ
3285 4143 3649 4213 καταλαμϐά-

2068 4247 2219 4284 νουσι
2248 4231 2347 4299 τὴν
2373 4233 2438 4284 ὲκ
2472 4233 2570 4301 τῆς
2601 4231 2697 4284 τοῦ
2723 4231 2882 4297 ξύλου
2913 4233 3233 4304 διαιρέσεως
3263 4237 3360 4289 καὶ
3393 4241 3648 4309 καλλιερ-

2071 4325 2194 4392 γίας
2215 4325 2274 4376 ὲν
2301 4325 2603 4394 αὐταρκείᾳ
2650 4323 2948 4394 δυνάμενον
2989 4324 3138 4394 βιοῦν
3163 4341 3177 4354 ⁸
3227 4325 3372 4379 οὕτω
3396 4327 3490 4380 καὶ
3524 4328 3558 4380 ό
3577 4328 3650 4397 τῷ

2071 4415 2214 4486 λόγῳ
2247 4415 2527 4486 χρώμενος
2556 4415 2634 4485 τῷ
2650 4415 3016 4487 διδασκαλικῷ
3039 4415 3292 4488 καθάπερ
3312 4421 3416 4471 τινὶ
3446 4419 3652 4490 σιδήρῳ

2073 4513 2166 4562 καὶ
2215 4510 2432 4579 ὀργάνῳ
2481 4509 2799 4578 διαιρετικῷ
2829 4509 2896 4561 δι’
2939 4504 3001 4564 οὗ
3040 4510 3142 4580 τὴν
3197 4513 3354 4564 θείων
3414 4513 3652 4583 Γραφῶν

389 4597 477 4654 διὰ
531 4599 631 4670 τῆς
683 4595 952 4663 ἀσαφείας
1015 4593 1292 4665 σύμφυσίν
1329 4613 1387 4648 τε
1439 4597 1536 4650 καὶ
1570 4599 1879 4668 συναίρεσιν
1947 4602 2296 4670 καταλλήλως
2337 4619 2396 4654 τε
2428 4605 2521 4655 καὶ
2573 4603 2870 4673 προσφυῶς
2903 4604 2998 4656 καὶ
3023 4603 3098 4667 ὡς
3131 4605 3164 4674 ἡ
3197 4603 3291 4658 τοῦ
3336 4605 3652 4676 Πνεύματος

394 4694 638 4762 βούλεται
686 4691 846 4760 χάρις
911 4689 1248 4744 ἀναπτύσσει
1309 4707 1371 4744 τε
1435 4692 1530 4746 καὶ
1595 4694 1699 4747 δινά
1744 4694 1908 4764 μέρος
1976 4695 2272 4767 συνδιαιρεῖ
2325 4696 2415 4749 διὰ
2456 4698 2553 4766 τῆς
2593 4695 2949 4765 ψυχωφελοῦς
3007 4696 3304 4767 ἑρμηνείας
3331 4697 3510 4768 ἑαυτῷ
3556 4699 3652 4769 τὴν

395 4784 771 4860 πνευματικὴν
817 4783 964 4854 ζωὴν
1019 4787 1309 4855 συντηρεί,
1367 4785 1494 4846 τοὺς
1549 4785 1822 4855 ἀκροατὰς
1863 4787 1957 4837 ἐπὶ
1993 4787 2198 4856 ταύτην
2220 4787 2429 4855 ὁδηγῶν
2455 4804 2512 4838 τε
2544 4789 2636 4839 καὶ
2659 4786 3012 4856 παρακαλῶν.

465 4875 523 4934 Si
555 4892 682 4931 vero
715 4869 978 4931 doctrinae
1007 4879 1360 4932 accuratione
1389 4887 1443 4931 et
1470 4877 1536 4931 ad
1565 4881 1819 4948 pietatem
1852 4878 1968 4933 sin-

392 4972 624 5028 ceritate
680 4979 736 5024 ct
786 4969 1042 5022 acumine
1093 4969 1300 5025 latente
1355 4970 1532 5040 ipsum
1581 4973 1965 5028 discretionem

395 5063 727 5134 scriptorum
761 5069 817 5116 et
844 5061 1268 5130 explicationem
1304 5063 1632 5132 protulerit,
1670 5080 1848 5135 neque
1875 5079 1966 5118 or-

397 5153 647 5208 tliodoxis
682 5153 1110 5207 theoremalibus
1141 5168 1364 5208 sensum
1410 5154 1797 5224 interpretetur
1819 5194 1834 5221 ,
1876 5158 1968 5210 sed

395 5245 459 5299 ad
495 5244 726 5298 heresin
757 5244 1058 5314 quamdam
1089 5253 1145 5299 et
1174 5245 1452 5314 opinionis
1479 5245 1742 5301 vilitatem
1772 5247 1970 5302 salvili-

393 5352 514 5389 cum
542 5337 766 5390 verbum
789 5335 1039 5391 decidere
1065 5337 1228 5398 sinat,
1259 5337 1312 5390 is
1345 5352 1470 5391 vere
1498 5345 1552 5392 et
1576 5339 1785 5392 vultum
1805 5354 1965 5408 quem

393 5444 423 5482 a
458 5427 728 5498 principio
770 5429 1027 5484 induebat
1069 5429 1360 5484 orthodoxi
1397 5430 1696 5498 magisterii
1729 5431 1969 5485 confun-

394 5519 474 5572 dit
520 5533 571 5574 et
626 5521 848 5584 turbat,
904 5531 952 5574 et
1011 5522 1327 5574 auditurum
1383 5521 1595 5574 animas
1646 5537 1745 5591 pro
1795 5523 1968 5578 salute

396 5607 596 5665 damno
627 5609 850 5679 implet;
887 5623 941 5666 et
973 5612 1198 5665 virtutes
1241 5609 1460 5679 quidem
1494 5611 1815 5677 roboravit,
1847 5629 1969 5682 quia

2152 4882 2276 4932 Ἐὰν
2305 4882 2361 4932 δὲ
2388 4881 2447 4932 τὸ
2481 4882 2578 4950 τῆς
2606 4880 2955 4942 διδασκαλίας
2983 4879 3213 4949 ἀκριϐὲς
3261 4881 3356 4932 καὶ
3385 4881 3526 4950 πρὸς
3549 4882 3648 4952 τὴν

2070 4970 2350 5024 εὐσέϐειαν
2374 4971 2659 5041 εἰλικρινὲς
2686 4972 2780 5025 καὶ
2803 4972 3141 5042 ἠκονημένον
3165 4959 3332 5026 ’λαθὸν
3360 4972 3524 5026 αὑτὸν
3551 4977 3648 5043 τὴν

2069 5062 2331 5129 διαίρεσιν
2353 5063 2463 5114 τῶν
2505 5064 2908 5134 γεγραμμένων
2940 5064 3034 5116 καὶ
3065 5064 3362 5133 σαφήνειαν
3391 5065 3649 5136 προενέγὲ

2073 5169 2165 5225 κῃ,
2201 5155 2324 5224 μηδ’
2363 5155 2663 5225 όρθοδόξοις
2680 5156 2998 5225 θεωρήμασι
3035 5155 3134 5222 τὴν
3157 5154 3396 5208 διάνοιαν
3426 5155 3648 5226 διερμηο

2075 5247 2224 5318 νεύῃ,
2257 5247 2393 5300 ἀλλά
2425 5248 2559 5316 πρὸς
2587 5247 2798 5317 αἵρεσίν
2843 5263 2966 5300 τινα
3003 5248 3097 5301 καὶ
3132 5246 3291 5316 δόξης
3343 5247 3650 5317 φαυλότητα

2074 5341 2162 5392 τὸν
2190 5342 2457 5411 σωτήριον
2487 5341 2645 5407 λόγον
2671 5341 2950 5393 διαπεσεῖν
2969 5341 3124 5411 ἐάσῃ.
3151 5336 3306 5402 οὗτος
3332 5340 3409 5402 ὡς
3443 5339 3652 5408 ἀληθῶς

2077 5431 2170 5482 καὶ
2193 5430 2252 5482 τὸ
2283 5443 2574 5500 προσωπον
2603 5434 2739 5501 οπερ
2773 5430 2830 5495 ἐξ
2863 5430 3039 5499 ἀρχῆς
3069 5430 3352 5501 περιέθετο
3380 5431 3475 5499 τῆς
3501 5431 3651 5500 690.0-

2077 5519 2335 5588 δοξούσης
2369 5520 2718 5582 διδασκαλίας
2753 5523 2942 5590 συγχεῖ
2975 5521 3068 5574 καὶ
3101 5520 3386 5592 ταράσσει,
3431 5521 3524 5575 καὶ
3557 5522 3647 5581 τὰς

2078 5613 2187 5667 τῶν
2211 5612 2495 5683 ἀκροατῶν
2536 5611 2712 5681 ψυχὰς
2764 5613 2884 5666 ἀντὶ
2947 5613 3218 5682 σωτηρίας
3267 5612 3476 5681 βλάϐης
3523 5613 3650 5664 ἀνι-
