3820 6212
183 356 285 418 425

1015 360 1114 417 AD
1152 357 1743 419 AMPHILOCHIUM
1796 356 2142 430 QUIESTIO
2197 356 2402 430 LXIV,
2441 355 2611 418 LXV.

3320 346 3449 427 ’426

181 468 404 538 aliquast
432 482 446 496 ·
477 468 571 520 καὶ
611 468 863 538 δυνάμεις
904 470 1003 539 μὲν
1026 472 1430 542 ἐνεδυνάμωσεν
1464 516 1479 539 ,
1515 472 1572 527 αἳ
1644 472 1739 525 δια·

1868 470 2167 525 invidentes
2196 469 2245 523 ei
2275 476 2421 523 recte
2445 464 2747 522 ambulanti
2774 466 2926 537 prius
2947 467 3264 538 qumrehant
3312 470 3447 527 insi-

181 560 532 629 φθονούμεναι
557 561 717 615 αὐτὸν
732 561 915 615 εὐοδού
924 580 1083 632 μενον
1110 565 1369 635 πρότερον
1390 566 1616 635 ἐζήτουν
1637 567 1757 619 ὲπι-

180 650 459 705 ϐουλεῦσαι
494 652 589 706 καὶ
611 654 996 722 ἀντιπράττειν
1027 655 1395 723 ἐξειλονείκουν
1417 673 1430 685 ο
1469 656 1669 719 ἑαυτὸνῖ
1699 656 1755 709 δὲ

177 743 370 812 ἀσθενῆ
402 745 492 797 καὶ
514 746 822 816 καταδεὸλη
832 748 991 817 μένον
1037 748 1227 815 ἔδειξε,
1264 749 1360 801 καὶ¹
1383 749 1481 819 τὴν
1504 749 1751 820 ἔμπροσ-

179 833 265 886 θεν
297 833 719 907 θαυμαζομένην
753 837 920 891 αὑτοῦ
946 838 1141 908 σοφίαν
1186 842 1265 903 εἰς
1286 839 1346 892 τὸ
1375 840 1629 910 περιττὸν
1656 841 1751 893 καὶ

178 927 399 995 μάταιον
452 930 926 1002 κατενηνεγμένην
976 932 1283 1002 διήλεγξεν.
1326 932 1383 986 Ὁ
1436 933 1617 1004 μέντοι
1666 934 1753 987 τὸν

175 1015 291 1068 νοῦν
318 1016 576 1086 ἀνδρεῖος,
613 1019 708 1072 καὶ
747 1020 872 1083 τοὺς
912 1021 1259 1093 ἐπηρμένους
1306 1021 1413 1074 τῶν
1462 1022 1755 1092 αἱρετικῶν

174 1107 457 1176 λογισμοὺς
474 1108 787 1181 πολιορκεῖν
812 1111 974 1165 αὑτοῦ
1013 1111 1112 1183 τὴν
1139 1112 1307 1183 ὀρθὴν
1335 1112 1491 1177 δόξαν
1524 1111 1752 1166 διωθού-

177 1215 346 1267 μενος,
374 1201 468 1253 xa't
494 1200 572 1270 τῷ
604 1202 858 1272 τμητικῷ
896 1202 993 1256 τοῦ
1026 1202 1344 1274 Πνεύματος
1391 1204 1555 1274 λόγῳ,
1607 1204 1750 1257 ὲκεί-

177 1309 275 1343 νων
302 1290 399 1361 μὲν
420 1294 544 1356 τοὺς
563 1294 1117 1365 παρεμϐαλλομένους
1158 1294 1345 1361 λοξοὺς
1404 1296 1496 1349 καὶ¹
1520 1296 1618 1359 τὰς
1658 1313 1749 1348 συ-

175 1383 401 1453 στροφὰς
431 1384 540 1436 τῶν
559 1388 912 1456 σοφισμάτων
954 1387 1254 1458 ἐκτέμνων,
1280 1388 1376 1457 τὴν
1405 1388 1450 1441 δ’
1494 1387 1751 1460 ἀληθινὴν

171 1473 321 1539 δόξαν
375 1475 472 1527 καὶ
504 1475 637 1529 Θεὸν
690 1478 938 1548 τιμῶσαν
982 1480 1077 1533 καὶ
1132 1480 1337 1553 ἀρετῆς
1384 1482 1753 1551 ἀντεχομένην

172 1567 573 1640 περικαθαίρων
602 1587 660 1622 τε
677 1570 787 1624 τῶν
816 1572 1251 1636 ὲπισκιαζόντων
1277 1573 1373 1626 καὶ
1399 1573 1751 1645 ἀποδιαιρού-

173 1673 343 1724 μενος,
390 1658 445 1712 εἴ
479 1678 530 1713 τι
560 1660 771 1726 τούτοις
801 1663 999 1730 ἔξωθεν
1043 1665 1138 1718 καὶ
1189 1664 1341 1736 παρά
1389 1665 1496 1719 τῶν
1543 1666 1754 1736 ὲχθρῶν

169 1750 549 1819 προστρίϐεται
594 1753 768 1818 νόθον,
805 1756 995 1808 τοῦτον
1041 1756 1304 1810 οὐδέποτε
1361 1758 1424 1810 τὸ
1484 1758 1748 1829 σιδήριον,

166 1838 280 1892 οὔτε
316 1840 482 1895 λαθὸν
512 1843 744 1919 διαπέσῃ
796 1848 918 1900 οὐδὲ
958 1850 1023 1902 ὲκ
1064 1849 1354 1919 προδοσίας
1410 1849 1584 1913 οὐδεὶς
1620 1852 1755 1904 ἀπο-

165 1931 388 1985 λέσαντα
417 1934 682 2003 διελέγξει
715 1955 729 1970 ο
767 1937 904 1992 ἀλλὰ
940 1939 1114 1992 καὶτὸ
1144 1939 1202 2004 ἐξ
1234 1940 1410 2009 ἀρχῆς
1464 1940 1754 2010 πρόσωπον

165 2023 516 2080 ἀναλλοίωτον
548 2029 642 2082 καὶ
673 2033 922 2100 ταραχῆς
954 2033 1175 2103 ἀπάσης
1235 2032 1752 2103 ἀνακεκαθαρμὲνον

166 2119 487 2189 συντηρήσει
518 2136 533 2150 ⁸
567 2122 660 2175 καὶ
688 2125 788 2189 τὰς
822 2127 880 2178 ἐν
912 2126 1060 2195 αὐτῷ
1120 2125 1356 2194 φυσικὰς
1389 2125 1648 2195 δυνάμεις
1680 2128 1745 2196 τῇ

164 2206 439 2279 προσθήκῃ
460 2211 572 2264 τῶν
598 2213 705 2267 ἀπὸ
734 2215 834 2285 τῆς
854 2215 1076 2287 χάριτος
1100 2218 1434 2286 δυναμώσει,
1462 2216 1642 2281 δείξας
1671 2216 1748 2280 ὡς

162 2296 365 2367 ἀληθῶς
412 2301 541 2356 ὅσον
583 2306 899 2375 περισσεύει
942 2307 1034 2361 τοῦ
1093 2307 1341 2380 ἀνδρείου
1373 2309 1405 2380 ἡ
1438 2308 1602 2377 σοφία
1648 2309 1748 2378 τῆς

161 2387 249 2439 τοῦ
273 2388 449 2444 δειλοῦ
483 2394 754 2466 ῥᾳθυμίας
803 2399 898 2452 καὶ
928 2400 1114 2471 ῥᾳδίου
1149 2402 1265 2464 τοῖς
1293 2400 1479 2471 ἔργοις
1534 2400 1744 2454 ἀλῶναι

164 2479 358 2551 πνλλὴν
386 2482 447 2554 ἐχ
484 2504 606 2550 ντος
639 2488 737 2558 τὴν
770 2490 1131 2560 ἀναλγησίαν.

699 2605 1036 2658 ΕΡΩΤΠΣΙΣ
1067 2607 1190 2661 ΞΕ’.

161 2689 305 2757 Πρός
358 2692 496 2746 τινα
534 2696 772 2749 σκοπὸν
816 2696 1149 2751 ἀποϐλέπει
1208 2698 1278 2752 τό
1311 2713 1324 2726 ·
1364 2717 1383 2749 ι
1424 2697 1616 2751 Γενεὰ
1640 2712 1747 2750 πο·

215 2762 458 2839 ρᾷρεταε
481 2764 581 2818 καὶ
628 2768 802 2834 γενεὰ
857 2767 1114 2837 ἔρχεται,
1161 2768 1201 2836 ἡ
1245 2767 1314 2822 δὲ
1358 2766 1438 2837 γῆ
1485 2769 1575 2835 εις
1633 2767 1745 2821 τὸν

219 2833 398 2887 αἰῶνα
426 2833 714 2904 ἕστηκεν.
746 2856 766 2888 ι

1859 560 2000 615 diari
2042 570 2096 615 et
2126 570 2314 613 contra
2350 574 2473 614 eum
2500 572 2662 629 agere
2683 555 3038 626 nitebantur;
3072 560 3314 631 seipsum
3347 575 3448 615 au-

1860 662 1967 708 tem
2004 652 2281 706 inﬁrmum
2316 659 2372 706 et
2403 650 2678 719 dejeetum
2704 650 2967 709 ostendit.
3002 660 3057 707 et
3085 661 3244 706 antea
3277 652 3451 707 admi-

1859 745 2062 799 rationi
2108 745 2349 799 habitam
2393 758 2552 798 suam
2594 741 2922 811 sapientium
2960 742 3014 795 in
3048 758 3445 813 supervacuum

1857 850 1913 894 et
1940 853 2139 891 vanum
2170 836 2405 891 delatam
2430 835 2704 907 coarguit.
2728 833 2832 901 Qui
2861 842 3041 890 tamen
3064 845 3247 891 mente
3271 836 3447 892 virilis

1856 940 1911 985 et
1961 932 2135 985 elatas
2197 928 2584 983 haereticorum
2642 927 2887 981 rationes
2942 926 3011 983 ad
3070 926 3446 983 debellandam

1856 1020 2029 1091 ipsius
2062 1026 2269 1075 rectam
2306 1018 2468 1076 fidem
2508 1018 2779 1089 repellens
2802 1058 2817 1084 ,
2858 1026 2913 1073 et
2944 1018 3175 1073 incisivo
3210 1016 3448 1088 Spiritus

1854 1114 2064 1179 verbo,
2123 1113 2343 1169 illorum
2396 1111 2616 1181 quidem
2667 1110 3048 1166 immissiones
3096 1111 3350 1181 obliquas
3392 1118 3452 1165 et

1854 1221 2111 1275 perversa
2162 1204 2505 1274 sophismata
2548 1202 2878 1261 exscindens
2903 1243 2919 1266 ,
2957 1210 3148 1257 veram
3191 1202 3352 1258 ﬁdem
3394 1210 3451 1257 et

1854 1296 2025 1351 Deum
2075 1297 2438 1352 honorantem
2480 1304 2534 1350 et
2578 1295 2772 1349 virtuti
2810 1292 3179 1350 adhaerentem
3219 1294 3451 1350 mundat

1852 1398 1907 1443 et
1933 1389 2001 1442 ab
2028 1387 2492 1442 obumbrantibus
2523 1394 2577 1441 et
2600 1395 2855 1455 separat,
2889 1386 2935 1441 si
2966 1386 3099 1456 quid
3132 1385 3217 1442 his
3248 1386 3318 1440 ab
3346 1401 3447 1441 ex-

1856 1479 2099 1534 trinseco
2142 1488 2195 1534 et
2222 1479 2290 1534 ab
2312 1477 2557 1532 inimicis
2589 1476 2873 1532 aﬂricatur
2902 1476 3247 1547 illegitimum
3269 1518 3284 1542 ,
3322 1476 3451 1531 huic

1857 1586 2139 1641 nunquam
2195 1568 2402 1623 ferrum
2460 1584 2530 1623 ne
2585 1569 2820 1623 latenter
2871 1567 3090 1638 quidem
3139 1567 3446 1631 exciderit,

1858 1680 2034 1735 neque
2060 1680 2125 1717 ex
2155 1664 2463 1732 proditione
2486 1662 2635 1718 ullus
2662 1662 3104 1731 pessumdantem
3126 1659 3445 1725 convincet;

1860 1758 1954 1814 scd
1984 1766 2036 1811 et
2078 1773 2109 1811 a
2152 1754 2422 1825 principio
2468 1755 2676 1808 vultum
2720 1752 3120 1807 immutabilem
3165 1760 3220 1806 et
3258 1750 3447 1805 turba-

1863 1852 2010 1908 tione
2042 1852 2193 1905 omni
2235 1850 2561 1905 mundatum
2598 1847 2983 1913 conservabit;
3030 1853 3087 1901 et
3112 1861 3206 1902 eas
3234 1861 3358 1915 quae
3390 1845 3444 1899 in

1862 1961 1921 2001 se
1967 1956 2097 1999 sunt
2144 1945 2427 1999 naturales
2478 1943 2625 1997 vires
2674 1941 2954 1996 additione
3003 1955 3195 1995 earum
3248 1954 3372 2007 quae
3415 1954 3445 1993 a

1861 2037 2035 2107 gratia
2088 2044 2213 2090 sunt
2270 2036 2585 2100 roborabit,
2615 2035 2911 2089 ostendens
2964 2047 3149 2087 revera
3179 2038 3444 2101 quantum

1852 2136 2072 2198 superet
2102 2128 2203 2182 viri
2237 2128 2447 2182 cordati
2483 2126 2750 2196 sapientia
2784 2125 2957 2178 timidi
2988 2123 3261 2193 ignaviam
3288 2132 3345 2177 et
3369 2120 3448 2175 l‘a-

1852 2219 1974 2271 cilis
2024 2219 2284 2288 operibus
2333 2218 2450 2288 capi
2489 2216 2715 2271 multam
2750 2216 3004 2270 habentis
3052 2211 3446 2267 insensibilita-

1854 2318 1982 2365 tetu.

2179 2596 2507 2665 QUAZSTIO
2543 2597 2677 2652 va
2728 2596 2837 2672 [ιιι.
2878 2597 3097 2669 LXIV].

1856 2692 1936 2746 Ad
1979 2708 2131 2762 quem
2172 2693 2329 2759 ﬁnem
2362 2700 2566 2762 spectat
2606 2690 2743 2745 illud
2780 2706 2799 2745 :
2839 2710 2857 2742 ι
2891 2690 3174 2745 Generatio
3212 2690 3446 2757 praeterit

1923 2772 1974 2816 et
2027 2763 2295 2831 generatio
2354 2762 2603 2826 advenit,
2654 2773 2799 2816 terra
2852 2771 3030 2817 autem
3086 2763 3143 2816 in
3190 2772 3446 2816 clerum»

1919 2841 2049 2887 stat.
2088 2851 2107 2884 ι
2212 2869 2214 2872 μ

1200 2998 1342 3049 Edita
1362 3013 1390 3048 a
1411 2998 1553 3060 Maio,
1590 2998 1622 3049 l.
1647 3010 1690 3047 c.
1721 3010 1770 3059 p.
1807 2995 1974 3047 78—80.
2001 2996 2053 3045 In
2088 2995 2252 3045 Ecele.
2280 3007 2315 3058 ι,
2353 2995 2401 3045 4.

218 3144 396 3201 Εἰπὼν
423 3145 540 3200 τῶν
570 3147 875 3219 ἀνθρώπων
907 3150 935 3203 ὁ
966 3151 1219 3221 Σολομὼν
1247 3152 1314 3207 τὰ
1349 3152 1739 3223 σπουδάσματα

1917 3148 2052 3202 Cum
2098 3147 2329 3203 dixisset
2358 3146 2642 3201 hominum
2686 3145 2910 3201 Salonio
2953 3145 3129 3202 studia
3172 3154 3228 3201 et
3265 3147 3448 3203 couti-

156 3238 242 3290 καὶ
281 3239 405 3301 τοὺς
461 3238 735 3310 διηνεκεῖς
789 3240 987 3306 πόνους
1020 3241 1115 3306 οὒς
1166 3246 1296 3316 περὶ
1334 3246 1439 3316 τὴν
1503 3245 1596 3299 τοῦ
1634 3244 1751 3313 βίου

152 3328 439 3383 ἀπόλαυσιν
496 3331 951 3398 καταϐάλλονται,
1001 3332 1316 3406 διαθαρρεῖν
1382 3338 1463 3399 είς
1527 3337 1750 3407 ματαιό⁴

152 3437 300 3492 τητα,
345 3423 439 3476 καὶ
491 3422 659 3492 μηδὲν
713 3424 876 3477 πλέον
929 3425 1205 3496 εὑρίσκειν
1257 3427 1450 3500 κέρδος
1484 3429 1575 3482 τὸν
1654 3446 1752 3500 μο-

152 3513 370 3583 χθοῦντα
401 3515 503 3570 καὶ⁵
528 3516 805 3571 κοπιῶντα
841 3517 936 3573 τοῦ
967 3518 1107 3589 πρὸς
1141 3520 1309 3591 μηδὲν
1374 3522 1581 3576 τούτων
1632 3524 1752 3586 ταῖς

154 3608 437 3677 μερίμναις
468 3608 896 3675 ἀποδλέποντος,
928 3610 1042 3664 ἀλλ’
1071 3613 1276 3681 ὁμοίως
1326 3614 1426 3683 μὲν
1483 3616 1597 3678 τοῖς
1642 3633 1750 3668 σω-

153 3700 396 3766 ματικοῖς
444 3699 677 3755 πάθεσιν
737 3701 1117 3773 ὑποκείμενον,
1160 3705 1222 3759 ἐν
1263 3704 1362 3775 ῐσῳ
1399 3704 1455 3759 δὲ
1484 3707 1622 3777 πρὸς
1654 3707 1751 3761 ἀλ-

152 3791 355 3845 λοίωσιν
412 3793 516 3848 καὶ
563 3794 773 3864 φθορὰν
825 3797 1016 3865 ἔχοντα
1064 3796 1124 3849 τδ
1166 3797 1329 3867 σῶμα
1369 3798 1744 3869 διακείμενον,

151 3884 278 3948 πρὸς
318 3887 511 3954 ὅμοιον
553 3885 610 3940 δὲ
664 3887 817 3952 τέλος
860 3887 1114 3941 ὁδεύοντα
1158 3889 1251 3941 καὶ
1300 3890 1737 3960 καταδυόμενον.

150 3973 325 4028 Ταῦτα
358 3974 533 4029 είπὼν
562 3976 654 4029 καὶ
678 3977 1086 4047 ἐπιδειξάμενος
1118 3978 1207 4030 διὰ
1232 3978 1326 4032 τοῦ
1354 3980 1530 4032 εἰπεῖν
1556 3996 1569 4009 ·
1600 3999 1618 4031 ι
1650 3980 1746 4044 Τίς

151 4066 426 4135 περισσεία
453 4065 537 4138 τῷ
558 4066 833 4138 ἀνθρώπῳ
858 4068 917 4122 ἑν
945 4069 1109 4123 παντὶ
1145 4069 1328 4140 μόχθῳ
1354 4071 1518 4124 αὐτοῦ
1564 4064 1609 4138 ᾧ
1642 4088 1743 4142 μο-

160 4155 273 4224 χθεί
311 4158 419 4211 ὑπὸ
444 4157 542 4211 τὸν
566 4158 718 4228 ἥλιον
747 4159 862 4228 sin;
894 4178 913 4210 ι
954 4159 1070 4227 (καὶ
1098 4159 1209 4229 γὰρ
1240 4158 1323 4222 τὸ,
1358 4161 1470 4227 τίς,
1504 4160 1742 4214 ἐνταῦθα

149 4249 260 4301 ἀντὶ
282 4251 405 4314 τοῦ,
436 4249 710 4319 οὐδεμία,
741 4250 1088 4320 λαμϐάνεται
1107 4268 1120 4280 ο
1146 4246 1261 4305 οἷον
1286 4253 1516 4323 οὐδεμία
1547 4270 1737 4323 περισ-

154 4338 344 4409 σοτέρα
376 4339 619 4408 ὠφέλεια
662 4340 743 4411 τῷ
787 4341 1063 4412 ἀνθρώπῳ
1112 4342 1456 4413 περιγίνεται
1486 4344 1545 4395 ἐν
1573 4344 1738 4396 παντὶ

156 4431 330 4501 μόχθῳ
362 4432 536 4487 αὐτοῦ
560 4433 667 4487 ὑπὸ
686 4433 777 4486 τὸν
802 4434 974 4504 ἥλιον,
1012 4434 1045 4505 ἢ
1080 4435 1131 4487 εἰ
1164 4436 1301 4512 πρὸς
1334 4437 1503 4507 μηδὲν
1526 4436 1735 4491 τούτων

150 4525 499 4596 κατετρίὸετό
544 4544 604 4580 τε
638 4528 733 4581 καὶ
780 4527 1159 4582 κατετείνετο·
1185 4529 1247 4582 οὺ
1281 4529 1389 4599 μὴν
1423 4530 1545 4583 οὐδὲ
1591 4532 1730 4602 πρὸς

150 4614 235 4667 τὸν
264 4616 688 4689 ἀπηλλαγμένον
719 4619 977 4691 τοιαύτης
1013 4622 1377 4691 ματαιότητος
1407 4621 1630 4692 ἄμεινόν
1676 4641 1729 4678 τι

151 4704 488 4777 διακείμενος
531 4710 877 4778 δείκνυται·)
923 4713 1224 4780 ἀφεστᾶναι
1266 4713 1356 4766 διὰ
1408 4714 1569 4766 τοῦτο
1631 4715 1731 4785 τῆς

154 4797 272 4866 περὶ
301 4798 481 4853 ταῦτα
514 4801 750 4870 σπουδῆς
787 4800 882 4853 καὶ
926 4801 1291 4873 ματαιότητος
1336 4803 1550 4872 εἰσάγει
1596 4821 1733 4874 παρ·

152 4889 371 4945 αἰνεσιν.
410 4891 548 4945 Ὑπὸ
574 4892 668 4945 τὸν
696 4893 846 4960 ἥλιον
868 4893 927 4947 δὲ
964 4894 1149 4947 καλεῖν
1178 4894 1370 4948 εἴωθεν
1399 4896 1500 4949 ὅσα
1532 4898 1733 4968 μᾶλλον

154 4981 412 5047 γενέσεώς
440 4987 592 5037 ἐστιν
624 4984 1026 5057 ὑπηρετήματα
1043 4988 1149 5066 ’καὶ
1177 4987 1384 5059 φθορᾶς
1405 5005 1419 5020 ⁹
1455 4989 1549 5043 ἅτε
1575 4990 1639 5061 δὴ
1663 4993 1730 5063 τῇ

154 5071 355 5128 ἐκείνου
416 5075 873 5147 συνδιαφέρεσθαι
946 5079 1125 5151 φθορᾷ
1181 5079 1276 5133 τοῦ
1334 5082 1730 5155 δημιουργικοῦ

155 5162 306 5230 λόγου
334 5166 600 5232 τάξαντος
632 5167 790 5238 θέρος
824 5170 919 5222 καὶ⁹
944 5170 1214 5240 χειμῶνα,
1261 5174 1359 5226 καὶ
1401 5174 1471 5227 τὰ
1519 5177 1724 5245 μεταξὺ

152 5257 348 5309 τούτων
409 5259 511 5330 ἔαρ
567 5277 629 5313 τε
685 5262 780 5314 καὶ
838 5262 1177 5334 μετόπωρον.
1245 5265 1399 5318 Ἐπεὶ
1444 5261 1539 5319 οῦν
1582 5268 1726 5337 μέγα

155 5345 309 5415 μέρος
338 5350 650 5420 συνεισάγει
683 5354 713 5407 ὁ
739 5351 836 5406 τοῦ
883 5354 1039 5423 ἡλίου
1089 5354 1227 5426 πρὸς
1270 5356 1370 5419 τὰς
1423 5357 1533 5410 τῶν
1561 5358 1723 5429 ὡρῶν

154 5443 383 5511 γενέσεις
418 5447 638 5519 δρόμος,
668 5452 723 5504 αί
750 5449 807 5502 δὲ
835 5453 955 5515 ταῖς
1002 5456 1347 5521 σωματικαῖς
1384 5456 1480 5508 καὶ
1508 5456 1722 5527 ἀνθρω-

154 5535 329 5601 πίναις
365 5541 460 5594 ἐπὶ
488 5542 547 5595 τὸ
575 5544 756 5613 χεῖρον
797 5542 831 5615 ἢ
880 5543 943 5597 τὸ
981 5546 1231 5601 κρεῖττον
1280 5545 1600 5599 ἀλλοιώσεσι
1632 5550 1727 5604 καί¹

159 5627 471 5694 μεταϐολαῖς
495 5631 700 5695 πολλὰς
725 5631 984 5704 ἀφορμὰς
1012 5635 1452 5704 συνεισάγουσιν,
1498 5639 1724 5704 εἰκότως

154 5715 242 5785 τὴν
259 5720 385 5789 περὶ
405 5720 477 5773 τὰ
494 5720 720 5777 τοιαῦτα
744 5724 981 5795 σπουδὴν
1004 5726 1099 5779 καὶ
1125 5727 1379 5797 φροντίδα
1405 5733 1768 5801 κατονομάζει

156 5810 480 5876 σπουδαστὰς
542 5814 722 5871 αὐτῶν
784 5818 1197 5887 μαρτυρόμενος
1249 5822 1691 5889 κατατρίϐεσθαι.

1863 3255 2005 3294 nuos
2030 3239 2247 3294 labores
2274 3254 2415 3309 quos
2448 3239 2516 3293 ad
2550 3240 2673 3293 vitae
2717 3237 3033 3293 fruitionem
3086 3238 3445 3309 impendunt,

1861 3331 2056 3386 cedere
2092 3330 2145 3385 iu
2182 3330 2476 3385 vanitatem
2501 3369 2517 3395 ,
2549 3339 2604 3385 et
2629 3329 2842 3384 nullum
2876 3329 3054 3398 majus
3086 3330 3333 3386 invenire
3362 3331 3450 3385 lu-

1860 3438 2013 3476 crum
2053 3437 2283 3494 operose
2326 3430 2576 3492 agentem
2627 3428 2684 3476 et
2729 3420 3067 3476 laborantem
3114 3437 3183 3476 eo
3228 3420 3324 3491 qui
3375 3419 3446 3476 ad

1859 3516 2070 3571 nullum
2112 3515 2311 3570 horum
2357 3515 2506 3571 curis
2554 3514 2808 3585 respicit,
2836 3513 2931 3569 sed
2964 3513 3219 3569 similiter
3246 3527 3445 3585 corpo-

1860 3608 2070 3663 ralibus
2096 3607 2382 3663 affectibus
2409 3605 2745 3678 subjectum,
2766 3621 2923 3676 mque
2946 3616 3129 3660 autem
3158 3604 3228 3659 ad
3250 3605 3449 3660 immu-

1858 3699 2122 3753 tationem
2155 3708 2209 3753 et
2247 3698 2655 3770 corruptionem
2705 3698 2992 3753 habentem
3021 3712 3223 3767 corpus
3250 3695 3443 3766 dispo-

1856 3791 2021 3846 situm
2043 3832 2059 3857 ,
2082 3799 2137 3845 et
2169 3790 2235 3846 ad
2271 3790 2529 3847 eumdem
2562 3790 2726 3845 linem
2756 3799 3071 3861 pergentem
3104 3797 3161 3844 et
3187 3786 3445 3844 occiden-

1856 3892 1962 3937 tem
1988 3898 2004 3947 ;
2038 3883 2152 3937 haec
2181 3897 2307 3937 cum
2342 3882 2571 3938 dixisset
2609 3889 2665 3937 et
2688 3881 3023 3937 ostendisset
3056 3896 3154 3950 per
3180 3880 3298 3935 haec
3324 3894 3445 3933 ver-

1856 3974 1921 4028 ba
1962 3990 1977 4028 :
2034 3993 2051 4025 ι
2083 3974 2225 4040 Quid
2278 3982 2531 4043 superest
2580 3974 2788 4028 homini
2836 3973 2890 4027 in
2928 3975 3077 4026 omni
3122 3972 3309 4025 labore
3331 3986 3443 4040 quo

1853 4066 2066 4121 laborat
2111 4066 2215 4122 sub
2258 4066 2410 4120 sole?
2449 4085 2468 4117 ι
2507 4064 2779 4136 (Etenim,
2828 4064 2975 4135 quid,
3002 4064 3112 4117 illic
3144 4077 3243 4134 pro
3275 4062 3441 4130 nihil,

1852 4158 2090 4214 sumitur
2116 4175 2131 4223 ;
2167 4158 2331 4227 quale
2358 4166 2441 4212 est
2470 4175 2483 4212 :
2525 4156 2671 4210 nulla
2701 4156 3070 4211 abundantior
3106 4155 3316 4211 utilitas
3342 4156 3442 4210 lio-

1852 4249 1983 4303 niini
2015 4250 2201 4318 prodit
2232 4248 2286 4302 in
2320 4248 2471 4303 omni
2505 4248 2694 4303 labore
2728 4263 2832 4302 suo
2872 4247 2977 4303 sub
3013 4246 3163 4313 sole,
3196 4262 3361 4316 quam
3391 4248 3438 4301 si

1850 4342 1918 4397 ad
1966 4341 2103 4396 nihil
2157 4342 2357 4396 horum
2412 4340 2759 4395 atterebatur
2799 4349 2856 4395 et
2902 4338 3181 4395 tendebat.
3222 4337 3438 4393 Etenim

1850 4450 1958 4490 non
1994 4434 2171 4489 libero
2201 4448 2231 4488 a
2271 4434 2365 4488 tali
2390 4433 2632 4487 vanitate
2666 4432 2866 4487 melius
2897 4433 2952 4485 in
2985 4430 3175 4499 aliquo
3201 4429 3440 4500 disposi-

1766 4508 1809 4565 D
1844 4539 1933 4587 tus
1956 4529 2307 4597 ostenditur),
2329 4529 2595 4585 absistere
2616 4528 2780 4598 igitur
2804 4544 2835 4583 a
2865 4527 3049 4585 studio
3072 4527 3218 4583 circa
3241 4527 3359 4581 haec
3381 4533 3440 4581 et

1840 4622 2083 4676 vanitate
2138 4620 2352 4675 inducit
2393 4618 2860 4674 exhortationem.
2915 4618 3031 4674 Sub
3088 4617 3205 4674 sole
3253 4626 3433 4672 autem

1839 4711 2115 4781 appellare
2139 4710 2279 4768 solet
2328 4726 2674 4781 quaecunque
2705 4711 2883 4782 magis
2910 4709 3280 4781 generationis
3307 4718 3437 4765 sunt

1842 4804 2146 4860 ministeria
2193 4814 2247 4858 et
2278 4804 2687 4873 corruptionis;
2743 4812 2929 4873 utpote
2972 4802 3117 4857 illius
3159 4800 3434 4856 discrimi-

1841 4897 1958 4951 nari
1987 4896 2341 4966 corruptione
2365 4895 2641 4951 Creatoris
2670 4895 2838 4951 verbo
2865 4894 3158 4950 ordinante
3183 4901 3431 4949 aestatem

1835 5002 1889 5046 et
1920 4990 2249 5054 hiemem,et
2278 5003 2400 5059 qua:
2425 4991 2567 5043 inter
2592 4989 2706 5043 haec
2723 4995 2851 5043 sunt
2881 5002 2974 5042 ver
3000 4994 3055 5041 et
3081 4995 3429 5047 autumnum.

1838 5082 1976 5150 Quia
2003 5082 2171 5151 igitur
2193 5094 2445 5149 magnam
2477 5089 2689 5149 partem
2716 5077 2972 5134 conducit
2998 5077 3138 5132 solis
3166 5075 3233 5130 ad
3275 5076 3432 5130 hora-

1842 5190 1961 5227 rum
2012 5173 2394 5244 generationes
2433 5186 2634 5226 cursus
2658 5209 2673 5235 ,
2713 5171 2796 5225 hae
2834 5177 3017 5225 autem
3050 5166 3429 5238 corporalibus

1833 5276 1887 5322 et
1928 5268 2185 5321 humanis
2238 5265 2295 5319 in
2347 5264 2502 5334 pejus
2550 5272 2647 5318 aut
2696 5263 2895 5317 melius
2937 5260 3337 5317 mutationibus
3367 5266 3424 5312 et

1834 5358 2292 5413 translationibus
2340 5356 2537 5411 inultas
2581 5355 2906 5411 occasiones
2945 5354 3248 5418 inducunt,
3287 5351 3425 5405 bene

1840 5453 1986 5508 circa
2014 5452 2129 5506 haec
2154 5449 2395 5504 studium
2427 5457 2483 5503 et
2507 5463 2696 5503 curam
2733 5448 3053 5502 denominat
3088 5447 3330 5501 laborem
3366 5452 3425 5501 et

1837 5546 2141 5602 molestiam
2200 5544 2303 5599 sub
2351 5542 2503 5608 sole,
2553 5543 2609 5597 in
2646 5554 2848 5596 vanum
2923 5540 3207 5598 studiosos.
3233 5550 3421 5592 eorum

1834 5642 2133 5698 testiﬁcans
2160 5640 2337 5696 atteri.

1831 5736 2001 5791 κόπον
2042 5737 2136 5792 καὶ
2169 5734 2372 5806 μόχθον
2397 5732 2505 5787 ὑπὸ
2536 5730 2628 5785 τὸν
2653 5730 2829 5802 ἥλιον,
2885 5731 2967 5794 είς
3035 5728 3214 5801 μάνην
3281 5728 3425 5794 τοὺς·
