  <div class='ocr_page' id='page_1' title='image "/cluster/home/n/w/nwhite01/storage/ocr_20150623/101 pt.1/mdp.39015061955830/235.png"; bbox 0 0 3820 6212; ppageno 0'>
   <div class='ocr_carea' id='block_1_1' title="bbox 379 357 485 425">
    <p class='ocr_par' dir='ltr' id='par_1_1' title="bbox 379 357 485 425">
     <span class='ocr_line' id='line_1_1' title="bbox 379 357 485 425; baseline 0.019 -2"><span class='ocrx_word' id='word_1_1' title='bbox 379 357 485 425; x_wconf 66' lang='grc' dir='ltr'><strong>ω</strong></span> 
     </span>
    </p>
   </div>
   <div class='ocr_carea' id='block_1_2' title="bbox 383 569 1963 638">
    <p class='ocr_par' dir='ltr' id='par_1_2' title="bbox 383 569 1963 638">
     <span class='ocr_line' id='line_1_2' title="bbox 383 569 1963 638; baseline 0.003 -17"><span class='ocrx_word' id='word_1_2' title='bbox 383 587 529 626; x_wconf 90' lang='lat' dir='ltr'><strong>nunc</strong></span> <span class='ocrx_word' id='word_1_3' title='bbox 550 570 682 625; x_wconf 86' lang='lat' dir='ltr'><strong>dicit</strong></span> <span class='ocrx_word' id='word_1_4' title='bbox 713 586 824 625; x_wconf 83' lang='lat' dir='ltr'><strong>non</strong></span> <span class='ocrx_word' id='word_1_5' title='bbox 854 570 1033 624; x_wconf 79' lang='lat' dir='ltr'><strong>solum</strong></span> <span class='ocrx_word' id='word_1_6' title='bbox 1063 582 1515 638; x_wconf 76' lang='lat' dir='ltr'><strong>unumquemque</strong></span> <span class='ocrx_word' id='word_1_7' title='bbox 1542 583 1733 622; x_wconf 90' lang='lat' dir='ltr'><strong>eorum</strong></span> <span class='ocrx_word' id='word_1_8' title='bbox 1762 569 1963 624; x_wconf 86' lang='lat' dir='ltr'><strong>nullum</strong></span> 
     </span>
    </p>
   </div>
   <div class='ocr_carea' id='block_1_3' title="bbox 381 657 1966 729">
    <p class='ocr_par' dir='ltr' id='par_1_3' title="bbox 381 657 1966 729">
     <span class='ocr_line' id='line_1_3' title="bbox 381 657 1966 729; baseline 0 -13"><span class='ocrx_word' id='word_1_9' title='bbox 381 660 733 718; x_wconf 78' lang='lat' dir='ltr'><strong>commodum</strong></span> <span class='ocrx_word' id='word_1_10' title='bbox 772 659 1057 729; x_wconf 81' lang='lat' dir='ltr'><strong>percipere</strong></span> <span class='ocrx_word' id='word_1_11' title='bbox 1102 673 1168 713; x_wconf 75' lang='lat' dir='ltr'><strong>ex</strong></span> <span class='ocrx_word' id='word_1_12' title='bbox 1217 657 1494 713; x_wconf 80' lang='lat' dir='ltr'><strong>continuis</strong></span> <span class='ocrx_word' id='word_1_13' title='bbox 1533 657 1966 716; x_wconf 89' lang='lat' dir='ltr'><strong>distensionibus</strong></span> 
     </span>
    </p>
   </div>
   <div class='ocr_carea' id='block_1_4' title="bbox 382 749 1963 822">
    <p class='ocr_par' dir='ltr' id='par_1_4' title="bbox 382 749 1963 822">
     <span class='ocr_line' id='line_1_4' title="bbox 382 749 1963 822; baseline -0.002 -15"><span class='ocrx_word' id='word_1_14' title='bbox 382 766 438 809; x_wconf 74' lang='lat' dir='ltr'><strong>et</strong></span> <span class='ocrx_word' id='word_1_15' title='bbox 461 752 745 809; x_wconf 85' lang='lat' dir='ltr'><strong>laboribus</strong></span> <span class='ocrx_word' id='word_1_16' title='bbox 770 791 786 817; x_wconf 87' lang='lat'><strong>,</strong></span> <span class='ocrx_word' id='word_1_17' title='bbox 818 758 1006 822; x_wconf 87' lang='lat' dir='ltr'><strong>utpote</strong></span> <span class='ocrx_word' id='word_1_18' title='bbox 1034 766 1130 821; x_wconf 86' lang='lat' dir='ltr'><strong>per</strong></span> <span class='ocrx_word' id='word_1_19' title='bbox 1160 752 1567 820; x_wconf 71' lang='lat' dir='ltr'><strong>generationem</strong></span> <span class='ocrx_word' id='word_1_20' title='bbox 1595 761 1649 804; x_wconf 89' lang='lat' dir='ltr'><strong>ct</strong></span> <span class='ocrx_word' id='word_1_21' title='bbox 1684 749 1963 805; x_wconf 90' lang='lat' dir='ltr'><strong>interitum</strong></span> 
     </span>
    </p>
   </div>
   <div class='ocr_carea' id='block_1_5' title="bbox 384 842 1963 912">
    <p class='ocr_par' dir='ltr' id='par_1_5' title="bbox 384 842 1963 912">
     <span class='ocr_line' id='line_1_5' title="bbox 384 842 1963 912; baseline -0.004 -9"><span class='ocrx_word' id='word_1_22' title='bbox 384 846 700 911; x_wconf 78' lang='lat' dir='ltr'><strong>ﬂuentibus,</strong></span> <span class='ocrx_word' id='word_1_23' title='bbox 733 844 975 899; x_wconf 81' lang='lat' dir='ltr'><strong>studium</strong></span> <span class='ocrx_word' id='word_1_24' title='bbox 1008 843 1335 899; x_wconf 90' lang='lat' dir='ltr'><strong>incessabile</strong></span> <span class='ocrx_word' id='word_1_25' title='bbox 1362 850 1417 897; x_wconf 86' lang='lat' dir='ltr'><strong>et</strong></span> <span class='ocrx_word' id='word_1_26' title='bbox 1441 856 1630 897; x_wconf 90' lang='lat' dir='ltr'><strong>curam</strong></span> <span class='ocrx_word' id='word_1_27' title='bbox 1662 842 1963 912; x_wconf 83' lang='lat' dir='ltr'><strong>exciperet,</strong></span> 
     </span>
    </p>
   </div>
   <div class='ocr_carea' id='block_1_6' title="bbox 384 933 1967 1008">
    <p class='ocr_par' dir='ltr' id='par_1_6' title="bbox 384 933 1967 1008">
     <span class='ocr_line' id='line_1_6' title="bbox 384 933 1967 1008; baseline -0.004 -13"><span class='ocrx_word' id='word_1_28' title='bbox 384 938 479 995; x_wconf 87' lang='lat' dir='ltr'><strong>sed</strong></span> <span class='ocrx_word' id='word_1_29' title='bbox 518 949 572 994; x_wconf 90' lang='lat' dir='ltr'><strong>et</strong></span> <span class='ocrx_word' id='word_1_30' title='bbox 606 952 773 1007; x_wconf 80' lang='lat' dir='ltr'><strong>super</strong></span> <span class='ocrx_word' id='word_1_31' title='bbox 801 935 1209 1008; x_wconf 68' lang='lat' dir='ltr'><strong>generationem</strong></span> <span class='ocrx_word' id='word_1_32' title='bbox 1246 944 1413 990; x_wconf 89' lang='lat' dir='ltr'><strong>totam</strong></span> <span class='ocrx_word' id='word_1_33' title='bbox 1446 934 1624 988; x_wconf 81' lang='lat' dir='ltr'><strong>simile</strong></span> <span class='ocrx_word' id='word_1_34' title='bbox 1660 933 1822 989; x_wconf 88' lang='lat' dir='ltr'><strong>inane</strong></span> <span class='ocrx_word' id='word_1_35' title='bbox 1852 943 1967 990; x_wconf 88' lang='lat' dir='ltr'><strong>stu-</strong></span> 
     </span>
    </p>
   </div>
   <div class='ocr_carea' id='block_1_7' title="bbox 384 1027 1967 1096">
    <p class='ocr_par' dir='ltr' id='par_1_7' title="bbox 384 1027 1967 1096">
     <span class='ocr_line' id='line_1_7' title="bbox 384 1027 1967 1096; baseline -0.004 -8"><span class='ocrx_word' id='word_1_36' title='bbox 384 1034 534 1088; x_wconf 85' lang='lat' dir='ltr'><strong>ditun</strong></span> <span class='ocrx_word' id='word_1_37' title='bbox 568 1030 705 1086; x_wconf 85' lang='lat' dir='ltr'><strong>nihil</strong></span> <span class='ocrx_word' id='word_1_38' title='bbox 740 1030 922 1085; x_wconf 89' lang='lat' dir='ltr'><strong>minus</strong></span> <span class='ocrx_word' id='word_1_39' title='bbox 951 1029 1135 1084; x_wconf 88' lang='lat' dir='ltr'><strong>videre</strong></span> <span class='ocrx_word' id='word_1_40' title='bbox 1172 1043 1297 1084; x_wconf 84' lang='lat' dir='ltr'><strong>esse</strong></span> <span class='ocrx_word' id='word_1_41' title='bbox 1328 1027 1823 1096; x_wconf 86' lang='lat' dir='ltr'><strong>supervenientem.</strong></span> <span class='ocrx_word' id='word_1_42' title='bbox 1857 1027 1967 1083; x_wconf 80' lang='lat' dir='ltr'><strong>Ge-</strong></span> 
     </span>
    </p>
   </div>
   <div class='ocr_carea' id='block_1_8' title="bbox 388 1119 1968 1190">
    <p class='ocr_par' dir='ltr' id='par_1_8' title="bbox 388 1119 1968 1190">
     <span class='ocr_line' id='line_1_8' title="bbox 388 1119 1968 1190; baseline -0.003 -12"><span class='ocrx_word' id='word_1_43' title='bbox 388 1123 734 1179; x_wconf 86' lang='lat' dir='ltr'><strong>nerationum</strong></span> <span class='ocrx_word' id='word_1_44' title='bbox 780 1122 927 1177; x_wconf 90' lang='lat' dir='ltr'><strong>enim</strong></span> <span class='ocrx_word' id='word_1_45' title='bbox 975 1137 1082 1176; x_wconf 90' lang='lat' dir='ltr'><strong>una</strong></span> <span class='ocrx_word' id='word_1_46' title='bbox 1111 1120 1332 1190; x_wconf 90' lang='lat' dir='ltr'><strong>quidem</strong></span> <span class='ocrx_word' id='word_1_47' title='bbox 1382 1119 1590 1189; x_wconf 90' lang='lat' dir='ltr'><strong>optimo</strong></span> <span class='ocrx_word' id='word_1_48' title='bbox 1622 1119 1863 1175; x_wconf 66' lang='lat' dir='ltr'><strong>adhaeret</strong></span> <span class='ocrx_word' id='word_1_49' title='bbox 1912 1129 1968 1174; x_wconf 93' lang='lat' dir='ltr'><strong>et</strong></span> 
     </span>
    </p>
   </div>
   <div class='ocr_carea' id='block_1_9' title="bbox 387 1209 1967 1286">
    <p class='ocr_par' dir='ltr' id='par_1_9' title="bbox 387 1209 1967 1286">
     <span class='ocr_line' id='line_1_9' title="bbox 387 1209 1967 1286; baseline -0.002 -16"><span class='ocrx_word' id='word_1_50' title='bbox 387 1216 496 1270; x_wconf 88' lang='lat' dir='ltr'><strong>alia</strong></span> <span class='ocrx_word' id='word_1_51' title='bbox 528 1216 745 1286; x_wconf 87' lang='lat' dir='ltr'><strong>quidem</strong></span> <span class='ocrx_word' id='word_1_52' title='bbox 770 1214 837 1269; x_wconf 89' lang='lat' dir='ltr'><strong>ad</strong></span> <span class='ocrx_word' id='word_1_53' title='bbox 864 1214 993 1268; x_wconf 80' lang='lat' dir='ltr'><strong>vilia</strong></span> <span class='ocrx_word' id='word_1_54' title='bbox 1015 1225 1239 1284; x_wconf 89' lang='lat' dir='ltr'><strong>quoque</strong></span> <span class='ocrx_word' id='word_1_55' title='bbox 1270 1209 1499 1265; x_wconf 87' lang='lat' dir='ltr'><strong>inclinat</strong></span> <span class='ocrx_word' id='word_1_56' title='bbox 1527 1228 1543 1277; x_wconf 88' lang='lat'><strong>;</strong></span> <span class='ocrx_word' id='word_1_57' title='bbox 1595 1211 1683 1264; x_wconf 90' lang='lat' dir='ltr'><strong>illa</strong></span> <span class='ocrx_word' id='word_1_58' title='bbox 1720 1212 1821 1266; x_wconf 86' lang='lat' dir='ltr'><strong>sub</strong></span> <span class='ocrx_word' id='word_1_59' title='bbox 1852 1211 1967 1267; x_wconf 85' lang='lat' dir='ltr'><strong>sole</strong></span> 
     </span>
    </p>
   </div>
   <div class='ocr_carea' id='block_1_10' title="bbox 390 1301 1967 1373">
    <p class='ocr_par' dir='ltr' id='par_1_10' title="bbox 390 1301 1967 1373">
     <span class='ocr_line' id='line_1_10' title="bbox 390 1301 1967 1373; baseline -0.003 -12"><span class='ocrx_word' id='word_1_60' title='bbox 390 1307 767 1362; x_wconf 76' lang='lat' dir='ltr'><strong>laborantibus</strong></span> <span class='ocrx_word' id='word_1_61' title='bbox 796 1306 987 1361; x_wconf 89' lang='lat' dir='ltr'><strong>abiens</strong></span> <span class='ocrx_word' id='word_1_62' title='bbox 1026 1305 1237 1359; x_wconf 91' lang='lat' dir='ltr'><strong>tristem</strong></span> <span class='ocrx_word' id='word_1_63' title='bbox 1271 1301 1479 1355; x_wconf 79' lang='lat' dir='ltr'><strong>invenit</strong></span> <span class='ocrx_word' id='word_1_64' title='bbox 1508 1313 1561 1356; x_wconf 86' lang='lat' dir='ltr'><strong>et</strong></span> <span class='ocrx_word' id='word_1_65' title='bbox 1590 1303 1825 1357; x_wconf 69' lang='lat' dir='ltr'><strong>miseriae</strong></span> <span class='ocrx_word' id='word_1_66' title='bbox 1852 1304 1967 1373; x_wconf 86' lang='lat' dir='ltr'><strong>ple-</strong></span> 
     </span>
    </p>
   </div>
   <div class='ocr_carea' id='block_1_11' title="bbox 391 1393 1967 1463">
    <p class='ocr_par' dir='ltr' id='par_1_11' title="bbox 391 1393 1967 1463">
     <span class='ocr_line' id='line_1_11' title="bbox 391 1393 1967 1463; baseline -0.008 -10"><span class='ocrx_word' id='word_1_67' title='bbox 391 1414 519 1453; x_wconf 91' lang='lat' dir='ltr'><strong>num</strong></span> <span class='ocrx_word' id='word_1_68' title='bbox 546 1412 821 1454; x_wconf 82' lang='lat' dir='ltr'><strong>recessum</strong></span> <span class='ocrx_word' id='word_1_69' title='bbox 847 1438 862 1463; x_wconf 93' lang='lat'><strong>,</strong></span> <span class='ocrx_word' id='word_1_70' title='bbox 889 1405 944 1451; x_wconf 92' lang='lat' dir='ltr'><strong>ct</strong></span> <span class='ocrx_word' id='word_1_71' title='bbox 974 1394 1199 1451; x_wconf 86' lang='lat' dir='ltr'><strong>veniens</strong></span> <span class='ocrx_word' id='word_1_72' title='bbox 1236 1396 1303 1448; x_wconf 88' lang='lat' dir='ltr'><strong>ad</strong></span> <span class='ocrx_word' id='word_1_73' title='bbox 1339 1393 1475 1448; x_wconf 89' lang='lat' dir='ltr'><strong>nihil</strong></span> <span class='ocrx_word' id='word_1_74' title='bbox 1502 1393 1635 1447; x_wconf 88' lang='lat' dir='ltr'><strong>utile</strong></span> <span class='ocrx_word' id='word_1_75' title='bbox 1664 1393 1805 1447; x_wconf 86' lang='lat' dir='ltr'><strong>viam</strong></span> <span class='ocrx_word' id='word_1_76' title='bbox 1838 1408 1967 1462; x_wconf 88' lang='lat' dir='ltr'><strong>per.</strong></span> 
     </span>
    </p>
   </div>
   <div class='ocr_carea' id='block_1_12' title="bbox 391 1484 1969 1554">
    <p class='ocr_par' dir='ltr' id='par_1_12' title="bbox 391 1484 1969 1554">
     <span class='ocr_line' id='line_1_12' title="bbox 391 1484 1969 1554; baseline -0.003 -10"><span class='ocrx_word' id='word_1_77' title='bbox 391 1492 522 1546; x_wconf 83' lang='lat' dir='ltr'><strong>licit.</strong></span> <span class='ocrx_word' id='word_1_78' title='bbox 552 1488 655 1544; x_wconf 86' lang='lat' dir='ltr'><strong>Sed</strong></span> <span class='ocrx_word' id='word_1_79' title='bbox 690 1505 720 1543; x_wconf 90' lang='lat' dir='ltr'><strong>c</strong></span> <span class='ocrx_word' id='word_1_80' title='bbox 751 1487 1031 1543; x_wconf 81' lang='lat' dir='ltr'><strong>contrario</strong></span> <span class='ocrx_word' id='word_1_81' title='bbox 1060 1486 1325 1541; x_wconf 66' lang='lat' dir='ltr'><strong>molestiae</strong></span> <span class='ocrx_word' id='word_1_82' title='bbox 1355 1494 1409 1539; x_wconf 91' lang='lat' dir='ltr'><strong>et</strong></span> <span class='ocrx_word' id='word_1_83' title='bbox 1433 1484 1646 1539; x_wconf 72' lang='lat' dir='ltr'><strong>labores</strong></span> <span class='ocrx_word' id='word_1_84' title='bbox 1678 1485 1820 1538; x_wconf 90' lang='lat' dir='ltr'><strong>hanc</strong></span> <span class='ocrx_word' id='word_1_85' title='bbox 1854 1500 1969 1554; x_wconf 83' lang='lat' dir='ltr'><strong>pre-</strong></span> 
     </span>
    </p>
   </div>
   <div class='ocr_carea' id='block_1_13' title="bbox 389 1576 1964 1651">
    <p class='ocr_par' dir='ltr' id='par_1_13' title="bbox 389 1576 1964 1651">
     <span class='ocr_line' id='line_1_13' title="bbox 389 1576 1964 1651; baseline -0.004 -15"><span class='ocrx_word' id='word_1_86' title='bbox 389 1591 618 1647; x_wconf 80' lang='lat' dir='ltr'><strong>mentes,</strong></span> <span class='ocrx_word' id='word_1_87' title='bbox 650 1596 757 1651; x_wconf 88' lang='lat' dir='ltr'><strong>pro</strong></span> <span class='ocrx_word' id='word_1_88' title='bbox 774 1597 839 1635; x_wconf 92' lang='lat' dir='ltr'><strong>co</strong></span> <span class='ocrx_word' id='word_1_89' title='bbox 864 1591 922 1634; x_wconf 91' lang='lat' dir='ltr'><strong>ut</strong></span> <span class='ocrx_word' id='word_1_90' title='bbox 944 1577 1221 1648; x_wconf 72' lang='lat' dir='ltr'><strong>praebeant</strong></span> <span class='ocrx_word' id='word_1_91' title='bbox 1248 1576 1566 1637; x_wconf 86' lang='lat' dir='ltr'><strong>utilitatem,</strong></span> <span class='ocrx_word' id='word_1_92' title='bbox 1592 1576 1819 1630; x_wconf 88' lang='lat' dir='ltr'><strong>irrident</strong></span> <span class='ocrx_word' id='word_1_93' title='bbox 1845 1592 1964 1630; x_wconf 87' lang='lat' dir='ltr'><strong>eam</strong></span> 
     </span>
    </p>
   </div>
   <div class='ocr_carea' id='block_1_14' title="bbox 385 1664 1964 1740">
    <p class='ocr_par' dir='ltr' id='par_1_14' title="bbox 385 1664 1964 1740">
     <span class='ocr_line' id='line_1_14' title="bbox 385 1664 1964 1740; baseline -0.004 -12"><span class='ocrx_word' id='word_1_94' title='bbox 385 1676 454 1730; x_wconf 82' lang='lat' dir='ltr'><strong>de</strong></span> <span class='ocrx_word' id='word_1_95' title='bbox 482 1674 752 1739; x_wconf 73' lang='lat' dir='ltr'><strong>vanitate;</strong></span> <span class='ocrx_word' id='word_1_96' title='bbox 788 1674 901 1727; x_wconf 72' lang='lat' dir='ltr'><strong>lucc</strong></span> <span class='ocrx_word' id='word_1_97' title='bbox 933 1686 1065 1727; x_wconf 87' lang='lat' dir='ltr'><strong>vero</strong></span> <span class='ocrx_word' id='word_1_98' title='bbox 1097 1686 1161 1725; x_wconf 87' lang='lat' dir='ltr'><strong>ea</strong></span> <span class='ocrx_word' id='word_1_99' title='bbox 1194 1686 1319 1740; x_wconf 69' lang='lat' dir='ltr'><strong>qua:</strong></span> <span class='ocrx_word' id='word_1_100' title='bbox 1358 1670 1408 1722; x_wconf 93' lang='lat' dir='ltr'><strong>in</strong></span> <span class='ocrx_word' id='word_1_101' title='bbox 1430 1664 1794 1740; x_wconf 82' lang='lat' dir='ltr'><strong>generatione</strong></span> <span class='ocrx_word' id='word_1_102' title='bbox 1823 1678 1877 1721; x_wconf 92' lang='lat' dir='ltr'><strong>et</strong></span> <span class='ocrx_word' id='word_1_103' title='bbox 1913 1669 1964 1721; x_wconf 92' lang='lat' dir='ltr'><strong>in</strong></span> 
     </span>
    </p>
   </div>
   <div class='ocr_carea' id='block_1_15' title="bbox 386 1758 1962 1836">
    <p class='ocr_par' dir='ltr' id='par_1_15' title="bbox 386 1758 1962 1836">
     <span class='ocr_line' id='line_1_15' title="bbox 386 1758 1962 1836; baseline -0.007 -15"><span class='ocrx_word' id='word_1_104' title='bbox 386 1765 772 1836; x_wconf 82' lang='lat' dir='ltr'><strong>corruptione,</strong></span> <span class='ocrx_word' id='word_1_105' title='bbox 800 1764 853 1818; x_wconf 89' lang='lat' dir='ltr'><strong>id</strong></span> <span class='ocrx_word' id='word_1_106' title='bbox 883 1774 967 1817; x_wconf 85' lang='lat' dir='ltr'><strong>est</strong></span> <span class='ocrx_word' id='word_1_107' title='bbox 1004 1760 1108 1817; x_wconf 89' lang='lat' dir='ltr'><strong>sub</strong></span> <span class='ocrx_word' id='word_1_108' title='bbox 1134 1760 1251 1816; x_wconf 89' lang='lat' dir='ltr'><strong>sole</strong></span> <span class='ocrx_word' id='word_1_109' title='bbox 1283 1768 1456 1825; x_wconf 87' lang='lat' dir='ltr'><strong>sunt,</strong></span> <span class='ocrx_word' id='word_1_110' title='bbox 1503 1758 1760 1830; x_wconf 85' lang='lat' dir='ltr'><strong>prudenti</strong></span> <span class='ocrx_word' id='word_1_111' title='bbox 1800 1774 1962 1814; x_wconf 89' lang='lat' dir='ltr'><strong>scnsu</strong></span> 
     </span>
    </p>
   </div>
   <div class='ocr_carea' id='block_1_16' title="bbox 1540 358 2486 424">
    <p class='ocr_par' dir='ltr' id='par_1_16' title="bbox 1540 358 2486 424">
     <span class='ocr_line' id='line_1_16' title="bbox 1540 358 2486 424; baseline 0.005 -5"><span class='ocrx_word' id='word_1_112' title='bbox 1540 358 1804 421; x_wconf 84' lang='lat' dir='ltr'><strong>PHOTII</strong></span> <span class='ocrx_word' id='word_1_113' title='bbox 1829 360 2337 422; x_wconf 70' lang='lat' dir='ltr'><strong>PATRIARCHIE</strong></span> <span class='ocrx_word' id='word_1_114' title='bbox 2375 362 2486 424; x_wconf 78' lang='grc' dir='ltr'><strong>ΟΡ.</strong></span> 
     </span>
    </p>
   </div>
   <div class='ocr_carea' id='block_1_17' title="bbox 454 474 2042 549">
    <p class='ocr_par' dir='ltr' id='par_1_17' title="bbox 454 474 2042 549">
     <span class='ocr_line' id='line_1_17' title="bbox 454 474 2042 549; baseline -0.003 -13"><span class='ocrx_word' id='word_1_115' title='bbox 454 478 560 536; x_wconf 85' lang='lat' dir='ltr'><strong>Sed</strong></span> <span class='ocrx_word' id='word_1_116' title='bbox 588 477 706 533; x_wconf 66' lang='lat' dir='ltr'><strong>haec</strong></span> <span class='ocrx_word' id='word_1_117' title='bbox 725 476 795 533; x_wconf 89' lang='lat' dir='ltr'><strong>de</strong></span> <span class='ocrx_word' id='word_1_118' title='bbox 815 476 1046 549; x_wconf 80' lang='lat' dir='ltr'><strong>singulis</strong></span> <span class='ocrx_word' id='word_1_119' title='bbox 1065 474 1381 532; x_wconf 88' lang='lat' dir='ltr'><strong>hominibus</strong></span> <span class='ocrx_word' id='word_1_120' title='bbox 1406 488 1531 530; x_wconf 89' lang='lat' dir='ltr'><strong>cum</strong></span> <span class='ocrx_word' id='word_1_121' title='bbox 1568 477 1965 545; x_wconf 78' lang='lat' dir='ltr'><strong>praemisisset,</strong></span> <span class='ocrx_word' id='word_1_122' title='bbox 1998 482 2042 538; x_wconf 79' lang='grc' dir='ltr'><strong>Α</strong></span> 
     </span>
    </p>
   </div>
   <div class='ocr_carea' id='block_1_18' title="bbox 3559 361 3651 427">
    <p class='ocr_par' dir='ltr' id='par_1_18' title="bbox 3559 361 3651 427">
     <span class='ocr_line' id='line_1_18' title="bbox 3559 361 3651 427; baseline 0.033 -3"><span class='ocrx_word' id='word_1_123' title='bbox 3559 361 3651 427; x_wconf 73' lang='grc'><strong>428</strong></span> 
     </span>
    </p>
   </div>
   <div class='ocr_carea' id='block_1_19' title="bbox 2159 476 3651 550">
    <p class='ocr_par' dir='ltr' id='par_1_19' title="bbox 2159 476 3651 550">
     <span class='ocr_line' id='line_1_19' title="bbox 2159 476 3651 550; baseline 0.003 -18"><span class='ocrx_word' id='word_1_124' title='bbox 2159 479 2327 533; x_wconf 79' lang='grc' dir='ltr'>Ἀλλά</span> <span class='ocrx_word' id='word_1_125' title='bbox 2348 480 2458 550; x_wconf 70' lang='grc' dir='ltr'><strong>γὰρ</strong></span> <span class='ocrx_word' id='word_1_126' title='bbox 2498 478 2671 532; x_wconf 84' lang='grc' dir='ltr'>ταῦτα</span> <span class='ocrx_word' id='word_1_127' title='bbox 2708 476 2839 547; x_wconf 72' lang='grc' dir='ltr'>περὶ</span> <span class='ocrx_word' id='word_1_128' title='bbox 2873 476 2983 532; x_wconf 89' lang='grc' dir='ltr'><strong>τῶν</strong></span> <span class='ocrx_word' id='word_1_129' title='bbox 3012 478 3337 533; x_wconf 84' lang='grc' dir='ltr'>καθέκαστα</span> <span class='ocrx_word' id='word_1_130' title='bbox 3368 480 3651 550; x_wconf 65' lang='grc' dir='ltr'>προδιαλα-</span> 
     </span>
    </p>
   </div>
   <div class='ocr_carea' id='block_1_20' title="bbox 2077 570 3622 643">
    <p class='ocr_par' dir='ltr' id='par_1_20' title="bbox 2077 570 3622 643">
     <span class='ocr_line' id='line_1_20' title="bbox 2077 570 3622 643; baseline 0.002 -18"><span class='ocrx_word' id='word_1_131' title='bbox 2077 570 2187 625; x_wconf 85' lang='grc' dir='ltr'><strong>6ὼν</strong></span> <span class='ocrx_word' id='word_1_132' title='bbox 2215 571 2539 643; x_wconf 87' lang='grc' dir='ltr'>ἀνθρώπων,</span> <span class='ocrx_word' id='word_1_133' title='bbox 2564 571 2658 626; x_wconf 83' lang='grc' dir='ltr'><strong>νῦν</strong></span> <span class='ocrx_word' id='word_1_134' title='bbox 2692 588 2858 643; x_wconf 81' lang='grc' dir='ltr'>φησιν</span> <span class='ocrx_word' id='word_1_135' title='bbox 2886 571 2961 635; x_wconf 87' lang='grc' dir='ltr'>ὼς</span> <span class='ocrx_word' id='word_1_136' title='bbox 2991 571 3053 625; x_wconf 79' lang='grc' dir='ltr'>οὐ</span> <span class='ocrx_word' id='word_1_137' title='bbox 3096 572 3262 642; x_wconf 75' lang='grc' dir='ltr'>μόνον</span> <span class='ocrx_word' id='word_1_138' title='bbox 3290 572 3523 637; x_wconf 72' lang='grc' dir='ltr'>ἕκαστος</span> <span class='ocrx_word' id='word_1_139' title='bbox 3560 578 3622 629; x_wconf 83' lang='grc' dir='ltr'>αὐ</span> 
     </span>
    </p>
   </div>
   <div class='ocr_carea' id='block_1_21' title="bbox 2074 662 3653 737">
    <p class='ocr_par' dir='ltr' id='par_1_21' title="bbox 2074 662 3653 737">
     <span class='ocr_line' id='line_1_21' title="bbox 2074 662 3653 737; baseline 0.001 -20"><span class='ocrx_word' id='word_1_140' title='bbox 2074 662 2184 717; x_wconf 82' lang='grc' dir='ltr'><strong>τῶν</strong></span> <span class='ocrx_word' id='word_1_141' title='bbox 2213 663 2366 717; x_wconf 80' lang='grc' dir='ltr'>οὐδὲν</span> <span class='ocrx_word' id='word_1_142' title='bbox 2417 664 2609 735; x_wconf 79' lang='grc' dir='ltr'><strong>κέρδος</strong></span> <span class='ocrx_word' id='word_1_143' title='bbox 2650 663 3064 734; x_wconf 79' lang='grc' dir='ltr'>προσλαμϐάνει</span> <span class='ocrx_word' id='word_1_144' title='bbox 3110 664 3202 717; x_wconf 85' lang='grc' dir='ltr'><strong>διὰ</strong></span> <span class='ocrx_word' id='word_1_145' title='bbox 3260 663 3374 717; x_wconf 87' lang='grc' dir='ltr'><strong>τῶν</strong></span> <span class='ocrx_word' id='word_1_146' title='bbox 3423 668 3653 737; x_wconf 67' lang='grc' dir='ltr'>συνεχεῖς</span> 
     </span>
    </p>
   </div>
   <div class='ocr_carea' id='block_1_22' title="bbox 2075 748 3652 827">
    <p class='ocr_par' dir='ltr' id='par_1_22' title="bbox 2075 748 3652 827">
     <span class='ocr_line' id='line_1_22' title="bbox 2075 748 3652 827; baseline 0.001 -20"><span class='ocrx_word' id='word_1_147' title='bbox 2075 755 2478 827; x_wconf 85' lang='grc' dir='ltr'>περισπασμῶν</span> <span class='ocrx_word' id='word_1_148' title='bbox 2499 755 2595 809; x_wconf 61' lang='grc' dir='ltr'><strong>καὶ⁸</strong></span> <span class='ocrx_word' id='word_1_149' title='bbox 2625 754 2735 808; x_wconf 83' lang='grc' dir='ltr'><strong>τῶν</strong></span> <span class='ocrx_word' id='word_1_150' title='bbox 2764 754 2965 814; x_wconf 84' lang='grc' dir='ltr'>πόνων,</span> <span class='ocrx_word' id='word_1_151' title='bbox 2994 748 3106 807; x_wconf 74' lang='grc' dir='ltr'>οἷον</span> <span class='ocrx_word' id='word_1_152' title='bbox 3137 754 3247 807; x_wconf 88' lang='grc' dir='ltr'><strong>τῶν</strong></span> <span class='ocrx_word' id='word_1_153' title='bbox 3272 755 3361 809; x_wconf 86' lang='grc' dir='ltr'><strong>διά</strong></span> <span class='ocrx_word' id='word_1_154' title='bbox 3395 757 3652 823; x_wconf 80' lang='grc' dir='ltr'>γενέσεως</span> 
     </span>
    </p>
   </div>
   <div class='ocr_carea' id='block_1_23' title="bbox 2076 847 3653 920">
    <p class='ocr_par' dir='ltr' id='par_1_23' title="bbox 2076 847 3653 920">
     <span class='ocr_line' id='line_1_23' title="bbox 2076 847 3653 920; baseline -0.001 -18"><span class='ocrx_word' id='word_1_155' title='bbox 2076 850 2169 903; x_wconf 77' lang='grc' dir='ltr'>καὶ</span> <span class='ocrx_word' id='word_1_156' title='bbox 2192 847 2401 919; x_wconf 80' lang='grc' dir='ltr'>φθορᾶς</span> <span class='ocrx_word' id='word_1_157' title='bbox 2431 849 2685 913; x_wconf 79' lang='grc' dir='ltr'><strong>ῥεόντων,</strong></span> <span class='ocrx_word' id='word_1_158' title='bbox 2710 847 2812 920; x_wconf 82' lang='grc' dir='ltr'>τὴν</span> <span class='ocrx_word' id='word_1_159' title='bbox 2838 849 3078 918; x_wconf 82' lang='grc' dir='ltr'>σπουδὴν</span> <span class='ocrx_word' id='word_1_160' title='bbox 3104 849 3389 903; x_wconf 79' lang='grc' dir='ltr'><strong>ἄπαυστον</strong></span> <span class='ocrx_word' id='word_1_161' title='bbox 3417 849 3511 902; x_wconf 68' lang='grc' dir='ltr'>καὶ</span> <span class='ocrx_word' id='word_1_162' title='bbox 3540 849 3653 901; x_wconf 78' lang='grc' dir='ltr'>ἑπι-</span> 
     </span>
    </p>
   </div>
   <div class='ocr_carea' id='block_1_24' title="bbox 2078 938 3653 1011">
    <p class='ocr_par' dir='ltr' id='par_1_24' title="bbox 2078 938 3653 1011">
     <span class='ocr_line' id='line_1_24' title="bbox 2078 938 3653 1011; baseline 0.003 -21"><span class='ocrx_word' id='word_1_163' title='bbox 2078 938 2301 1011; x_wconf 87' lang='grc' dir='ltr'>μέλειαν</span> <span class='ocrx_word' id='word_1_164' title='bbox 2330 939 2702 1009; x_wconf 83' lang='grc' dir='ltr'><strong>ἀναδέχονται,</strong></span> <span class='ocrx_word' id='word_1_165' title='bbox 2754 939 2893 994; x_wconf 86' lang='grc' dir='ltr'><strong>ἀλλά</strong></span> <span class='ocrx_word' id='word_1_166' title='bbox 2926 940 3020 995; x_wconf 79' lang='grc' dir='ltr'>καὶ</span> <span class='ocrx_word' id='word_1_167' title='bbox 3064 941 3159 993; x_wconf 76' lang='grc' dir='ltr'><strong>ἐπὶ</strong></span> <span class='ocrx_word' id='word_1_168' title='bbox 3194 942 3389 1009; x_wconf 82' lang='grc' dir='ltr'>γενεᾶς</span> <span class='ocrx_word' id='word_1_169' title='bbox 3411 939 3541 1010; x_wconf 81' lang='grc' dir='ltr'>ὅλης</span> <span class='ocrx_word' id='word_1_170' title='bbox 3566 939 3653 1009; x_wconf 75' lang='grc' dir='ltr'>τὴν</span> 
     </span>
    </p>
   </div>
   <div class='ocr_carea' id='block_1_25' title="bbox 2075 1028 3659 1101">
    <p class='ocr_par' dir='ltr' id='par_1_25' title="bbox 2075 1028 3659 1101">
     <span class='ocr_line' id='line_1_25' title="bbox 2075 1028 3659 1101; baseline 0 -18"><span class='ocrx_word' id='word_1_171' title='bbox 2075 1028 2269 1101; x_wconf 86' lang='grc' dir='ltr'>ὁμοίαν</span> <span class='ocrx_word' id='word_1_172' title='bbox 2292 1029 2683 1084; x_wconf 72' lang='grc' dir='ltr'><strong>κενοσπουδίαν</strong></span> <span class='ocrx_word' id='word_1_173' title='bbox 2719 1030 2875 1083; x_wconf 78' lang='grc' dir='ltr'>οὐδὲν</span> <span class='ocrx_word' id='word_1_174' title='bbox 2907 1030 3137 1084; x_wconf 77' lang='grc' dir='ltr'>ἔλαττον</span> <span class='ocrx_word' id='word_1_175' title='bbox 3188 1032 3323 1101; x_wconf 81' lang='grc' dir='ltr'>όρᾷν</span> <span class='ocrx_word' id='word_1_176' title='bbox 3357 1030 3476 1083; x_wconf 74' lang='grc' dir='ltr'>ἐστι</span> <span class='ocrx_word' id='word_1_177' title='bbox 3529 1048 3659 1101; x_wconf 84' lang='grc' dir='ltr'>συμ-</span> 
     </span>
    </p>
   </div>
   <div class='ocr_carea' id='block_1_26' title="bbox 2078 1120 3658 1193">
    <p class='ocr_par' dir='ltr' id='par_1_26' title="bbox 2078 1120 3658 1193">
     <span class='ocr_line' id='line_1_26' title="bbox 2078 1120 3658 1193; baseline 0.002 -22"><span class='ocrx_word' id='word_1_178' title='bbox 2078 1120 2394 1175; x_wconf 79' lang='grc' dir='ltr'>ϐαίνουσαν.</span> <span class='ocrx_word' id='word_1_179' title='bbox 2427 1120 2550 1173; x_wconf 85' lang='grc' dir='ltr'>Τῶν</span> <span class='ocrx_word' id='word_1_180' title='bbox 2573 1120 2683 1192; x_wconf 78' lang='grc' dir='ltr'>γὰρ</span> <span class='ocrx_word' id='word_1_181' title='bbox 2716 1120 2920 1190; x_wconf 79' lang='grc' dir='ltr'>γενεῶν</span> <span class='ocrx_word' id='word_1_182' title='bbox 2952 1123 2987 1193; x_wconf 70' lang='grc' dir='ltr'>ἢ</span> <span class='ocrx_word' id='word_1_183' title='bbox 3015 1138 3074 1174; x_wconf 87' lang='grc' dir='ltr'><strong>τε</strong></span> <span class='ocrx_word' id='word_1_184' title='bbox 3100 1121 3195 1175; x_wconf 78' lang='grc' dir='ltr'><strong>τοῦ</strong></span> <span class='ocrx_word' id='word_1_185' title='bbox 3219 1121 3539 1193; x_wconf 84' lang='grc' dir='ltr'>κρείττονος</span> <span class='ocrx_word' id='word_1_186' title='bbox 3570 1122 3658 1174; x_wconf 83' lang='grc' dir='ltr'>ἀν-</span> 
     </span>
    </p>
   </div>
   <div class='ocr_carea' id='block_1_27' title="bbox 2073 1210 3657 1284">
    <p class='ocr_par' dir='ltr' id='par_1_27' title="bbox 2073 1210 3657 1284">
     <span class='ocr_line' id='line_1_27' title="bbox 2073 1210 3657 1284; baseline 0.001 -19"><span class='ocrx_word' id='word_1_187' title='bbox 2073 1210 2343 1283; x_wconf 86' lang='grc' dir='ltr'>τεχομένη</span> <span class='ocrx_word' id='word_1_188' title='bbox 2380 1212 2476 1265; x_wconf 74' lang='grc' dir='ltr'>καὶ</span> <span class='ocrx_word' id='word_1_189' title='bbox 2500 1212 2564 1283; x_wconf 82' lang='grc' dir='ltr'>δὴ</span> <span class='ocrx_word' id='word_1_190' title='bbox 2591 1212 2688 1265; x_wconf 79' lang='grc' dir='ltr'>καὶ</span> <span class='ocrx_word' id='word_1_191' title='bbox 2712 1216 2744 1283; x_wconf 77' lang='grc' dir='ltr'>ἡ</span> <span class='ocrx_word' id='word_1_192' title='bbox 2773 1213 2911 1284; x_wconf 74' lang='grc' dir='ltr'>πρὸς</span> <span class='ocrx_word' id='word_1_193' title='bbox 2945 1213 3008 1266; x_wconf 75' lang='grc' dir='ltr'>τὸ</span> <span class='ocrx_word' id='word_1_194' title='bbox 3041 1214 3247 1283; x_wconf 77' lang='grc' dir='ltr'>φαῦλον</span> <span class='ocrx_word' id='word_1_195' title='bbox 3267 1214 3657 1276; x_wconf 79' lang='grc' dir='ltr'>ἀποκλίνουσα,</span> 
     </span>
    </p>
   </div>
   <div class='ocr_carea' id='block_1_28' title="bbox 2075 1303 3659 1378">
    <p class='ocr_par' dir='ltr' id='par_1_28' title="bbox 2075 1303 3659 1378">
     <span class='ocr_line' id='line_1_28' title="bbox 2075 1303 3659 1378; baseline 0.003 -23"><span class='ocrx_word' id='word_1_196' title='bbox 2075 1305 2110 1374; x_wconf 77' lang='grc' dir='ltr'><strong>ἡ</strong></span> <span class='ocrx_word' id='word_1_197' title='bbox 2136 1304 2233 1372; x_wconf 83' lang='grc' dir='ltr'>μὲν</span> <span class='ocrx_word' id='word_1_198' title='bbox 2266 1303 2371 1356; x_wconf 75' lang='grc' dir='ltr'><strong>ὑπὸ</strong></span> <span class='ocrx_word' id='word_1_199' title='bbox 2396 1305 2489 1358; x_wconf 84' lang='grc' dir='ltr'>τὸν</span> <span class='ocrx_word' id='word_1_200' title='bbox 2511 1304 2664 1374; x_wconf 79' lang='grc' dir='ltr'>ἥλιον</span> <span class='ocrx_word' id='word_1_201' title='bbox 2696 1305 3005 1377; x_wconf 84' lang='grc' dir='ltr'>μοχθήσασι</span> <span class='ocrx_word' id='word_1_202' title='bbox 3034 1307 3393 1378; x_wconf 82' lang='grc' dir='ltr'><strong>ἀπερχομένη</strong></span> <span class='ocrx_word' id='word_1_203' title='bbox 3420 1306 3659 1377; x_wconf 83' lang='grc' dir='ltr'>σκυθρω-</span> 
     </span>
    </p>
   </div>
   <div class='ocr_carea' id='block_1_29' title="bbox 2075 1392 3657 1469">
    <p class='ocr_par' dir='ltr' id='par_1_29' title="bbox 2075 1392 3657 1469">
     <span class='ocr_line' id='line_1_29' title="bbox 2075 1392 3657 1469; baseline 0.004 -24"><span class='ocrx_word' id='word_1_204' title='bbox 2075 1393 2177 1446; x_wconf 68' lang='grc' dir='ltr'><strong>πὸν</strong></span> <span class='ocrx_word' id='word_1_205' title='bbox 2204 1392 2449 1464; x_wconf 87' lang='grc' dir='ltr'>εὑρίσκει</span> <span class='ocrx_word' id='word_1_206' title='bbox 2485 1396 2581 1448; x_wconf 71' lang='grc' dir='ltr'><strong>καὶ</strong></span> <span class='ocrx_word' id='word_1_207' title='bbox 2613 1394 2931 1465; x_wconf 79' lang='grc' dir='ltr'><strong>ἀθλιότητος</strong></span> <span class='ocrx_word' id='word_1_208' title='bbox 2961 1394 3140 1467; x_wconf 83' lang='grc' dir='ltr'>πλήρη</span> <span class='ocrx_word' id='word_1_209' title='bbox 3172 1396 3270 1468; x_wconf 76' lang='grc' dir='ltr'>τὴν</span> <span class='ocrx_word' id='word_1_210' title='bbox 3288 1395 3657 1469; x_wconf 73' lang='grc' dir='ltr'><strong>ἀναχώρησιν,</strong></span> 
     </span>
    </p>
   </div>
   <div class='ocr_carea' id='block_1_30' title="bbox 2074 1486 3659 1560">
    <p class='ocr_par' dir='ltr' id='par_1_30' title="bbox 2074 1486 3659 1560">
     <span class='ocr_line' id='line_1_30' title="bbox 2074 1486 3659 1560; baseline 0.003 -23"><span class='ocrx_word' id='word_1_211' title='bbox 2074 1486 2168 1538; x_wconf 69' lang='grc' dir='ltr'>καὶ</span> <span class='ocrx_word' id='word_1_212' title='bbox 2216 1486 2487 1557; x_wconf 72' lang='grc' dir='ltr'><strong>ἐρχομένη</strong></span> <span class='ocrx_word' id='word_1_213' title='bbox 2532 1487 2668 1555; x_wconf 87' lang='grc' dir='ltr'>πρὸς</span> <span class='ocrx_word' id='word_1_214' title='bbox 2692 1487 2845 1541; x_wconf 78' lang='grc' dir='ltr'>οὐδὲν</span> <span class='ocrx_word' id='word_1_215' title='bbox 2888 1488 2999 1541; x_wconf 90' lang='grc' dir='ltr'><strong>τῶν</strong></span> <span class='ocrx_word' id='word_1_216' title='bbox 3050 1487 3340 1560; x_wconf 88' lang='grc' dir='ltr'>χρησίμων</span> <span class='ocrx_word' id='word_1_217' title='bbox 3398 1489 3502 1559; x_wconf 76' lang='grc' dir='ltr'>τὴν</span> <span class='ocrx_word' id='word_1_218' title='bbox 3550 1489 3659 1542; x_wconf 73' lang='grc' dir='ltr'>ὁδὸν</span> 
     </span>
    </p>
   </div>
   <div class='ocr_carea' id='block_1_31' title="bbox 2073 1575 3659 1651">
    <p class='ocr_par' dir='ltr' id='par_1_31' title="bbox 2073 1575 3659 1651">
     <span class='ocr_line' id='line_1_31' title="bbox 2073 1575 3659 1651; baseline 0.001 -22"><span class='ocrx_word' id='word_1_219' title='bbox 2073 1575 2266 1629; x_wconf 75' lang='grc' dir='ltr'>ἀνύειο</span> <span class='ocrx_word' id='word_1_220' title='bbox 2302 1576 2440 1631; x_wconf 71' lang='grc' dir='ltr'>ἀλλὰ</span> <span class='ocrx_word' id='word_1_221' title='bbox 2495 1578 2808 1632; x_wconf 86' lang='grc' dir='ltr'>τούναντίον</span> <span class='ocrx_word' id='word_1_222' title='bbox 2864 1578 3053 1651; x_wconf 81' lang='grc' dir='ltr'>μόχθοι</span> <span class='ocrx_word' id='word_1_223' title='bbox 3102 1579 3199 1632; x_wconf 75' lang='grc' dir='ltr'>καὶ</span> <span class='ocrx_word' id='word_1_224' title='bbox 3254 1580 3422 1633; x_wconf 86' lang='grc' dir='ltr'>κόποι</span> <span class='ocrx_word' id='word_1_225' title='bbox 3462 1579 3659 1650; x_wconf 77' lang='grc' dir='ltr'>ταύτην</span> 
     </span>
    </p>
   </div>
   <div class='ocr_carea' id='block_1_32' title="bbox 2076 1668 3657 1742">
    <p class='ocr_par' dir='ltr' id='par_1_32' title="bbox 2076 1668 3657 1742">
     <span class='ocr_line' id='line_1_32' title="bbox 2076 1668 3657 1742; baseline 0.002 -23"><span class='ocrx_word' id='word_1_226' title='bbox 2076 1668 2468 1735; x_wconf 79' lang='grc' dir='ltr'>συνθλίϐοντες,</span> <span class='ocrx_word' id='word_1_227' title='bbox 2501 1670 2623 1725; x_wconf 78' lang='grc' dir='ltr'>ἀντὶ</span> <span class='ocrx_word' id='word_1_228' title='bbox 2641 1670 2733 1723; x_wconf 83' lang='grc' dir='ltr'>τοῦ</span> <span class='ocrx_word' id='word_1_229' title='bbox 2771 1672 3029 1742; x_wconf 84' lang='grc' dir='ltr'>παρέχειν</span> <span class='ocrx_word' id='word_1_230' title='bbox 3074 1671 3297 1739; x_wconf 73' lang='grc' dir='ltr'>ὄφελος,</span> <span class='ocrx_word' id='word_1_231' title='bbox 3341 1670 3657 1739; x_wconf 73' lang='grc' dir='ltr'><strong>ἐπιγελῶσιν</strong></span> 
     </span>
    </p>
   </div>
   <div class='ocr_carea' id='block_1_33' title="bbox 2078 1757 3655 1831">
    <p class='ocr_par' dir='ltr' id='par_1_33' title="bbox 2078 1757 3655 1831">
     <span class='ocr_line' id='line_1_33' title="bbox 2078 1757 3655 1831; baseline 0.001 -19"><span class='ocrx_word' id='word_1_232' title='bbox 2078 1757 2245 1829; x_wconf 80' lang='grc' dir='ltr'>αὐτὴν</span> <span class='ocrx_word' id='word_1_233' title='bbox 2275 1759 2372 1829; x_wconf 84' lang='grc' dir='ltr'>τῆς</span> <span class='ocrx_word' id='word_1_234' title='bbox 2399 1761 2763 1831; x_wconf 78' lang='grc' dir='ltr'><strong>ματαιότητος</strong></span> <span class='ocrx_word' id='word_1_235' title='bbox 2789 1778 2802 1791; x_wconf 81' lang='grc'><em>’</em></span> <span class='ocrx_word' id='word_1_236' title='bbox 2831 1761 3034 1830; x_wconf 75' lang='grc' dir='ltr'>ἠδὲτά</span> <span class='ocrx_word' id='word_1_237' title='bbox 3066 1762 3129 1813; x_wconf 84' lang='grc' dir='ltr'><strong>ὲν</strong></span> <span class='ocrx_word' id='word_1_238' title='bbox 3160 1760 3381 1829; x_wconf 81' lang='grc' dir='ltr'>γενέσει</span> <span class='ocrx_word' id='word_1_239' title='bbox 3409 1761 3506 1814; x_wconf 69' lang='grc' dir='ltr'>καὶ</span> <span class='ocrx_word' id='word_1_240' title='bbox 3537 1760 3655 1829; x_wconf 77' lang='grc' dir='ltr'>φθο-</span> 
     </span>
    </p>
   </div>
   <div class='ocr_carea' id='block_1_34' title="bbox 386 1844 1974 1929">
    <p class='ocr_par' dir='ltr' id='par_1_34' title="bbox 386 1855 1967 1929">
     <span class='ocr_line' id='line_1_34' title="bbox 386 1855 1967 1929; baseline -0.004 -16"><span class='ocrx_word' id='word_1_241' title='bbox 386 1858 688 1929; x_wconf 85' lang='lat' dir='ltr'><strong>abjiciens,</strong></span> <span class='ocrx_word' id='word_1_242' title='bbox 733 1865 789 1911; x_wconf 87' lang='lat' dir='ltr'><strong>et</strong></span> <span class='ocrx_word' id='word_1_243' title='bbox 845 1855 1112 1910; x_wconf 87' lang='lat' dir='ltr'><strong>rationem</strong></span> <span class='ocrx_word' id='word_1_244' title='bbox 1155 1869 1344 1909; x_wconf 92' lang='lat' dir='ltr'><strong>eorum</strong></span> <span class='ocrx_word' id='word_1_245' title='bbox 1381 1867 1722 1924; x_wconf 68' lang='lat' dir='ltr'><strong>quaecunque</strong></span> <span class='ocrx_word' id='word_1_246' title='bbox 1761 1862 1967 1906; x_wconf 55' lang='lat' dir='ltr'><strong>naturas</strong></span> 
     </span>
    </p>
   </div>
   <div class='ocr_carea' id='block_1_35' title="bbox 2085 1844 3658 1929">
    <p class='ocr_par' dir='ltr' id='par_1_35' title="bbox 2085 1850 3658 1924">
     <span class='ocr_line' id='line_1_35' title="bbox 2085 1850 3658 1924; baseline 0.002 -22"><span class='ocrx_word' id='word_1_247' title='bbox 2085 1852 2444 1920; x_wconf 73' lang='grc' dir='ltr'>σᾷ,τουτέστιν</span> <span class='ocrx_word' id='word_1_248' title='bbox 2469 1853 2535 1904; x_wconf 71' lang='grc' dir='ltr'><strong>τὰ</strong></span> <span class='ocrx_word' id='word_1_249' title='bbox 2568 1852 2673 1905; x_wconf 80' lang='grc' dir='ltr'><strong>ὑπὸ</strong></span> <span class='ocrx_word' id='word_1_250' title='bbox 2698 1850 2788 1904; x_wconf 81' lang='grc' dir='ltr'>τὸν</span> <span class='ocrx_word' id='word_1_251' title='bbox 2815 1852 3233 1924; x_wconf 70' lang='grc' dir='ltr'>ἤλιον,σὼφρονι</span> <span class='ocrx_word' id='word_1_252' title='bbox 3254 1853 3510 1923; x_wconf 76' lang='grc' dir='ltr'>λογισμῷ</span> <span class='ocrx_word' id='word_1_253' title='bbox 3530 1870 3658 1923; x_wconf 86' lang='grc' dir='ltr'>παρ-</span> 
     </span>
    </p>
   </div>
   <div class='ocr_carea' id='block_1_36' title="bbox 385 1942 1971 2016">
    <p class='ocr_par' dir='ltr' id='par_1_36' title="bbox 385 1942 1971 2016">
     <span class='ocr_line' id='line_1_36' title="bbox 385 1942 1971 2016; baseline -0.004 -13"><span class='ocrx_word' id='word_1_254' title='bbox 385 1948 664 2004; x_wconf 75' lang='lat' dir='ltr'><strong>vinculum</strong></span> <span class='ocrx_word' id='word_1_255' title='bbox 724 1944 1207 2016; x_wconf 88' lang='lat' dir='ltr'><strong>indeprecabiliter</strong></span> <span class='ocrx_word' id='word_1_256' title='bbox 1257 1960 1364 1998; x_wconf 93' lang='lat' dir='ltr'><strong>non</strong></span> <span class='ocrx_word' id='word_1_257' title='bbox 1418 1942 1715 2013; x_wconf 78' lang='lat' dir='ltr'><strong>exigebat,</strong></span> <span class='ocrx_word' id='word_1_258' title='bbox 1766 1943 1971 1997; x_wconf 84' lang='lat' dir='ltr'><strong>nullam</strong></span> 
     </span>
    </p>
   </div>
   <div class='ocr_carea' id='block_1_37' title="bbox 387 2036 1976 2109">
    <p class='ocr_par' dir='ltr' id='par_1_37' title="bbox 387 2036 1976 2109">
     <span class='ocr_line' id='line_1_37' title="bbox 387 2036 1976 2109; baseline -0.004 -12"><span class='ocrx_word' id='word_1_259' title='bbox 387 2043 626 2108; x_wconf 82' lang='lat' dir='ltr'><strong>habens,</strong></span> <span class='ocrx_word' id='word_1_260' title='bbox 646 2039 745 2095; x_wconf 84' lang='lat' dir='ltr'><strong>sed</strong></span> <span class='ocrx_word' id='word_1_261' title='bbox 792 2053 916 2109; x_wconf 80' lang='lat' dir='ltr'><strong>quae</strong></span> <span class='ocrx_word' id='word_1_262' title='bbox 960 2053 1124 2107; x_wconf 87' lang='lat' dir='ltr'><strong>supra</strong></span> <span class='ocrx_word' id='word_1_263' title='bbox 1164 2037 1339 2092; x_wconf 87' lang='lat' dir='ltr'><strong>solem</strong></span> <span class='ocrx_word' id='word_1_264' title='bbox 1365 2075 1380 2101; x_wconf 91' lang='lat'><strong>,</strong></span> <span class='ocrx_word' id='word_1_265' title='bbox 1423 2036 1474 2090; x_wconf 89' lang='lat' dir='ltr'><strong>id</strong></span> <span class='ocrx_word' id='word_1_266' title='bbox 1511 2043 1597 2090; x_wconf 90' lang='lat' dir='ltr'><strong>est</strong></span> <span class='ocrx_word' id='word_1_267' title='bbox 1634 2051 1976 2107; x_wconf 62' lang='lat' dir='ltr'><strong>quaecunque</strong></span> 
     </span>
    </p>
   </div>
   <div class='ocr_carea' id='block_1_38' title="bbox 388 2129 1972 2200">
    <p class='ocr_par' dir='ltr' id='par_1_38' title="bbox 388 2129 1972 2200">
     <span class='ocr_line' id='line_1_38' title="bbox 388 2129 1972 2200; baseline -0.004 -13"><span class='ocrx_word' id='word_1_268' title='bbox 388 2133 615 2189; x_wconf 76' lang='lat' dir='ltr'><strong>meliora</strong></span> <span class='ocrx_word' id='word_1_269' title='bbox 643 2139 888 2187; x_wconf 92' lang='lat' dir='ltr'><strong>sunt.....</strong></span> <span class='ocrx_word' id='word_1_270' title='bbox 917 2130 988 2185; x_wconf 89' lang='lat' dir='ltr'><strong>iis</strong></span> <span class='ocrx_word' id='word_1_271' title='bbox 1019 2144 1143 2199; x_wconf 63' lang='lat' dir='ltr'><strong>qua</strong></span> <span class='ocrx_word' id='word_1_272' title='bbox 1170 2129 1223 2183; x_wconf 93' lang='lat' dir='ltr'><strong>in</strong></span> <span class='ocrx_word' id='word_1_273' title='bbox 1260 2131 1611 2200; x_wconf 89' lang='lat' dir='ltr'><strong>generatione</strong></span> <span class='ocrx_word' id='word_1_274' title='bbox 1638 2137 1694 2183; x_wconf 92' lang='lat' dir='ltr'><strong>et</strong></span> <span class='ocrx_word' id='word_1_275' title='bbox 1728 2129 1972 2197; x_wconf 83' lang='lat' dir='ltr'><strong>interitu,</strong></span> 
     </span>
    </p>
   </div>
   <div class='ocr_carea' id='block_1_39' title="bbox 384 2222 1973 2296">
    <p class='ocr_par' dir='ltr' id='par_1_39' title="bbox 384 2222 1973 2296">
     <span class='ocr_line' id='line_1_39' title="bbox 384 2222 1973 2296; baseline -0.003 -15"><span class='ocrx_word' id='word_1_276' title='bbox 384 2226 686 2296; x_wconf 77' lang='lat' dir='ltr'><strong>exquirens</strong></span> <span class='ocrx_word' id='word_1_277' title='bbox 709 2231 763 2277; x_wconf 92' lang='lat' dir='ltr'><strong>et</strong></span> <span class='ocrx_word' id='word_1_278' title='bbox 795 2222 1192 2293; x_wconf 76' lang='lat' dir='ltr'><strong>philosopharis</strong></span> <span class='ocrx_word' id='word_1_279' title='bbox 1219 2261 1236 2286; x_wconf 89' lang='lat'><strong>,</strong></span> <span class='ocrx_word' id='word_1_280' title='bbox 1268 2222 1467 2275; x_wconf 81' lang='lat' dir='ltr'><strong>aniune</strong></span> <span class='ocrx_word' id='word_1_281' title='bbox 1497 2223 1789 2291; x_wconf 70' lang='lat' dir='ltr'><strong>puritatem</strong></span> <span class='ocrx_word' id='word_1_282' title='bbox 1818 2262 1833 2288; x_wconf 93' lang='lat'><strong>,</strong></span> <span class='ocrx_word' id='word_1_283' title='bbox 1875 2223 1973 2277; x_wconf 90' lang='lat' dir='ltr'><strong>mi-</strong></span> 
     </span>
    </p>
   </div>
   <div class='ocr_carea' id='block_1_40' title="bbox 387 2312 1971 2385">
    <p class='ocr_par' dir='ltr' id='par_1_40' title="bbox 387 2312 1971 2385">
     <span class='ocr_line' id='line_1_40' title="bbox 387 2312 1971 2385; baseline -0.004 -13"><span class='ocrx_word' id='word_1_284' title='bbox 387 2315 753 2372; x_wconf 85' lang='lat' dir='ltr'><strong>sericordiam</strong></span> <span class='ocrx_word' id='word_1_285' title='bbox 788 2312 1020 2384; x_wconf 75' lang='lat' dir='ltr'><strong>proximi</strong></span> <span class='ocrx_word' id='word_1_286' title='bbox 1056 2313 1281 2367; x_wconf 82' lang='lat' dir='ltr'><strong>hilarem</strong></span> <span class='ocrx_word' id='word_1_287' title='bbox 1310 2312 1603 2368; x_wconf 75' lang='lat' dir='ltr'><strong>facientem</strong></span> <span class='ocrx_word' id='word_1_288' title='bbox 1635 2318 1688 2366; x_wconf 88' lang='lat' dir='ltr'><strong>et</strong></span> <span class='ocrx_word' id='word_1_289' title='bbox 1718 2312 1971 2385; x_wconf 78' lang='lat' dir='ltr'><strong>mitigan—</strong></span> 
     </span>
    </p>
   </div>
   <div class='ocr_carea' id='block_1_41' title="bbox 388 2406 1976 2479">
    <p class='ocr_par' dir='ltr' id='par_1_41' title="bbox 388 2406 1976 2479">
     <span class='ocr_line' id='line_1_41' title="bbox 388 2406 1976 2479; baseline -0.002 -15"><span class='ocrx_word' id='word_1_290' title='bbox 388 2423 494 2465; x_wconf 71' lang='lat' dir='ltr'><strong>tem</strong></span> <span class='ocrx_word' id='word_1_291' title='bbox 530 2426 625 2465; x_wconf 73' lang='lat' dir='ltr'><strong>vas</strong></span> <span class='ocrx_word' id='word_1_292' title='bbox 654 2424 777 2479; x_wconf 71' lang='lat' dir='ltr'><strong>qua:</strong></span> <span class='ocrx_word' id='word_1_293' title='bbox 812 2418 940 2463; x_wconf 89' lang='lat' dir='ltr'><strong>sunt</strong></span> <span class='ocrx_word' id='word_1_294' title='bbox 986 2424 1015 2461; x_wconf 91' lang='lat' dir='ltr'><strong>a</strong></span> <span class='ocrx_word' id='word_1_295' title='bbox 1058 2414 1379 2476; x_wconf 84' lang='lat' dir='ltr'><strong>paupertate</strong></span> <span class='ocrx_word' id='word_1_296' title='bbox 1414 2406 1639 2476; x_wconf 80' lang='lat' dir='ltr'><strong>plagas;</strong></span> <span class='ocrx_word' id='word_1_297' title='bbox 1674 2406 1719 2460; x_wconf 90' lang='lat' dir='ltr'><strong>si</strong></span> <span class='ocrx_word' id='word_1_298' title='bbox 1748 2421 1877 2459; x_wconf 90' lang='lat' dir='ltr'><strong>vero</strong></span> <span class='ocrx_word' id='word_1_299' title='bbox 1921 2416 1976 2461; x_wconf 90' lang='lat' dir='ltr'><strong>et</strong></span> 
     </span>
    </p>
   </div>
   <div class='ocr_carea' id='block_1_42' title="bbox 385 2497 1961 2567">
    <p class='ocr_par' dir='ltr' id='par_1_42' title="bbox 385 2497 1961 2567">
     <span class='ocr_line' id='line_1_42' title="bbox 385 2497 1961 2567; baseline -0.003 -9"><span class='ocrx_word' id='word_1_300' title='bbox 385 2502 610 2558; x_wconf 88' lang='lat' dir='ltr'><strong>omnino</strong></span> <span class='ocrx_word' id='word_1_301' title='bbox 640 2518 670 2555; x_wconf 92' lang='lat' dir='ltr'><strong>a</strong></span> <span class='ocrx_word' id='word_1_302' title='bbox 702 2500 1021 2555; x_wconf 84' lang='lat' dir='ltr'><strong>vulneribus</strong></span> <span class='ocrx_word' id='word_1_303' title='bbox 1065 2498 1354 2553; x_wconf 86' lang='lat' dir='ltr'><strong>liberantia</strong></span> <span class='ocrx_word' id='word_1_304' title='bbox 1384 2508 1438 2553; x_wconf 88' lang='lat' dir='ltr'><strong>ct</strong></span> <span class='ocrx_word' id='word_1_305' title='bbox 1470 2498 1615 2567; x_wconf 82' lang='lat' dir='ltr'><strong>quod</strong></span> <span class='ocrx_word' id='word_1_306' title='bbox 1650 2499 1818 2553; x_wconf 87' lang='lat' dir='ltr'><strong>totius</strong></span> <span class='ocrx_word' id='word_1_307' title='bbox 1857 2497 1961 2553; x_wconf 88' lang='lat' dir='ltr'><strong>dis-</strong></span> 
     </span>
    </p>
   </div>
   <div class='ocr_carea' id='block_1_43' title="bbox 388 2589 1974 2664">
    <p class='ocr_par' dir='ltr' id='par_1_43' title="bbox 388 2589 1974 2664">
     <span class='ocr_line' id='line_1_43' title="bbox 388 2589 1974 2664; baseline -0.005 -15"><span class='ocrx_word' id='word_1_308' title='bbox 388 2594 678 2664; x_wconf 84' lang='lat' dir='ltr'><strong>positionis</strong></span> <span class='ocrx_word' id='word_1_309' title='bbox 705 2591 1085 2648; x_wconf 70' lang='lat' dir='ltr'><strong>l‘elicissimum</strong></span> <span class='ocrx_word' id='word_1_310' title='bbox 1114 2600 1167 2644; x_wconf 91' lang='lat' dir='ltr'><strong>et</strong></span> <span class='ocrx_word' id='word_1_311' title='bbox 1197 2589 1306 2644; x_wconf 92' lang='lat' dir='ltr'><strong>Deo</strong></span> <span class='ocrx_word' id='word_1_312' title='bbox 1339 2589 1682 2645; x_wconf 86' lang='lat' dir='ltr'><strong>simillimum</strong></span> <span class='ocrx_word' id='word_1_313' title='bbox 1714 2598 1817 2651; x_wconf 83' lang='lat' dir='ltr'><strong>est.</strong></span> <span class='ocrx_word' id='word_1_314' title='bbox 1846 2604 1974 2658; x_wconf 83' lang='lat' dir='ltr'><strong>pru-</strong></span> 
     </span>
    </p>
   </div>
   <div class='ocr_carea' id='block_1_44' title="bbox 384 2681 1974 2752">
    <p class='ocr_par' dir='ltr' id='par_1_44' title="bbox 384 2681 1974 2752">
     <span class='ocr_line' id='line_1_44' title="bbox 384 2681 1974 2752; baseline -0.007 -9"><span class='ocrx_word' id='word_1_315' title='bbox 384 2687 586 2743; x_wconf 66' lang='lat' dir='ltr'><strong>duritiae</strong></span> <span class='ocrx_word' id='word_1_316' title='bbox 609 2700 796 2740; x_wconf 90' lang='lat' dir='ltr'><strong>amore</strong></span> <span class='ocrx_word' id='word_1_317' title='bbox 814 2681 1292 2752; x_wconf 86' lang='lat' dir='ltr'><strong>intemperantiam</strong></span> <span class='ocrx_word' id='word_1_318' title='bbox 1317 2681 1741 2736; x_wconf 83' lang='lat' dir='ltr'><strong>exterminantia</strong></span> <span class='ocrx_word' id='word_1_319' title='bbox 1764 2688 1819 2733; x_wconf 92' lang='lat' dir='ltr'><strong>et</strong></span> <span class='ocrx_word' id='word_1_320' title='bbox 1843 2681 1974 2733; x_wconf 85' lang='lat' dir='ltr'><strong>cho-</strong></span> 
     </span>
    </p>
   </div>
   <div class='ocr_carea' id='block_1_45' title="bbox 386 2773 1976 2843">
    <p class='ocr_par' dir='ltr' id='par_1_45' title="bbox 386 2773 1976 2843">
     <span class='ocr_line' id='line_1_45' title="bbox 386 2773 1976 2843; baseline -0.006 -8"><span class='ocrx_word' id='word_1_321' title='bbox 386 2796 450 2835; x_wconf 83' lang='lat' dir='ltr'><strong>ro</strong></span> <span class='ocrx_word' id='word_1_322' title='bbox 491 2779 726 2834; x_wconf 85' lang='lat' dir='ltr'><strong>aliarum</strong></span> <span class='ocrx_word' id='word_1_323' title='bbox 758 2778 1019 2832; x_wconf 81' lang='lat' dir='ltr'><strong>virtutum</strong></span> <span class='ocrx_word' id='word_1_324' title='bbox 1050 2775 1434 2830; x_wconf 89' lang='lat' dir='ltr'><strong>consonantia.</strong></span> <span class='ocrx_word' id='word_1_325' title='bbox 1501 2773 1651 2828; x_wconf 84' lang='lat' dir='ltr'><strong>llauc</strong></span> <span class='ocrx_word' id='word_1_326' title='bbox 1687 2774 1853 2843; x_wconf 81' lang='lat' dir='ltr'><strong>igitur</strong></span> <span class='ocrx_word' id='word_1_327' title='bbox 1882 2788 1976 2842; x_wconf 88' lang='lat' dir='ltr'><strong>ge-</strong></span> 
     </span>
    </p>
   </div>
   <div class='ocr_carea' id='block_1_46' title="bbox 386 2869 1977 2939">
    <p class='ocr_par' dir='ltr' id='par_1_46' title="bbox 386 2869 1977 2939">
     <span class='ocr_line' id='line_1_46' title="bbox 386 2869 1977 2939; baseline -0.006 -10"><span class='ocrx_word' id='word_1_328' title='bbox 386 2874 724 2929; x_wconf 89' lang='lat' dir='ltr'><strong>nerationem</strong></span> <span class='ocrx_word' id='word_1_329' title='bbox 765 2881 819 2926; x_wconf 84' lang='lat' dir='ltr'><strong>et</strong></span> <span class='ocrx_word' id='word_1_330' title='bbox 861 2870 1253 2939; x_wconf 87' lang='lat' dir='ltr'><strong>complentium</strong></span> <span class='ocrx_word' id='word_1_331' title='bbox 1303 2885 1423 2923; x_wconf 87' lang='lat' dir='ltr'><strong>eam</strong></span> <span class='ocrx_word' id='word_1_332' title='bbox 1457 2869 1765 2939; x_wconf 85' lang='lat' dir='ltr'><strong>catalogqu</strong></span> <span class='ocrx_word' id='word_1_333' title='bbox 1790 2906 1806 2932; x_wconf 91' lang='lat'><strong>,</strong></span> <span class='ocrx_word' id='word_1_334' title='bbox 1857 2877 1977 2922; x_wconf 90' lang='lat' dir='ltr'><strong>tan-</strong></span> 
     </span>
    </p>
   </div>
   <div class='ocr_carea' id='block_1_47' title="bbox 385 2962 1977 3036">
    <p class='ocr_par' dir='ltr' id='par_1_47' title="bbox 385 2962 1977 3036">
     <span class='ocr_line' id='line_1_47' title="bbox 385 2962 1977 3036; baseline -0.004 -16"><span class='ocrx_word' id='word_1_335' title='bbox 385 2982 549 3035; x_wconf 83' lang='lat' dir='ltr'><strong>quam</strong></span> <span class='ocrx_word' id='word_1_336' title='bbox 578 2980 700 3036; x_wconf 69' lang='lat' dir='ltr'><strong>quae</strong></span> <span class='ocrx_word' id='word_1_337' title='bbox 744 2963 875 3019; x_wconf 86' lang='lat' dir='ltr'><strong>nihil</strong></span> <span class='ocrx_word' id='word_1_338' title='bbox 923 2978 1115 3018; x_wconf 90' lang='lat' dir='ltr'><strong>eorum</strong></span> <span class='ocrx_word' id='word_1_339' title='bbox 1156 2977 1277 3030; x_wconf 59' lang='lat' dir='ltr'><strong>quae</strong></span> <span class='ocrx_word' id='word_1_340' title='bbox 1316 2962 1420 3017; x_wconf 87' lang='lat' dir='ltr'><strong>sub</strong></span> <span class='ocrx_word' id='word_1_341' title='bbox 1463 2962 1580 3016; x_wconf 89' lang='lat' dir='ltr'><strong>sole</strong></span> <span class='ocrx_word' id='word_1_342' title='bbox 1632 2970 1763 3015; x_wconf 90' lang='lat' dir='ltr'><strong>sunt</strong></span> <span class='ocrx_word' id='word_1_343' title='bbox 1794 2975 1977 3030; x_wconf 82' lang='lat' dir='ltr'><strong>prose-</strong></span> 
     </span>
    </p>
   </div>
   <div class='ocr_carea' id='block_1_48' title="bbox 385 3055 1974 3129">
    <p class='ocr_par' dir='ltr' id='par_1_48' title="bbox 385 3055 1974 3129">
     <span class='ocr_line' id='line_1_48' title="bbox 385 3055 1974 3129; baseline -0.006 -15"><span class='ocrx_word' id='word_1_344' title='bbox 385 3069 597 3124; x_wconf 85' lang='lat' dir='ltr'><strong>cutam,</strong></span> <span class='ocrx_word' id='word_1_345' title='bbox 622 3072 943 3129; x_wconf 81' lang='lat' dir='ltr'><strong>nequecum</strong></span> <span class='ocrx_word' id='word_1_346' title='bbox 978 3056 1043 3110; x_wconf 86' lang='lat' dir='ltr'><strong>iis</strong></span> <span class='ocrx_word' id='word_1_347' title='bbox 1068 3071 1192 3125; x_wconf 75' lang='lat' dir='ltr'><strong>qua:</strong></span> <span class='ocrx_word' id='word_1_348' title='bbox 1216 3055 1269 3109; x_wconf 94' lang='lat' dir='ltr'><strong>in</strong></span> <span class='ocrx_word' id='word_1_349' title='bbox 1302 3055 1654 3126; x_wconf 84' lang='lat' dir='ltr'><strong>generatione</strong></span> <span class='ocrx_word' id='word_1_350' title='bbox 1676 3065 1729 3109; x_wconf 90' lang='lat' dir='ltr'><strong>et</strong></span> <span class='ocrx_word' id='word_1_351' title='bbox 1752 3055 1974 3109; x_wconf 89' lang='lat' dir='ltr'><strong>interitu</strong></span> 
     </span>
    </p>
   </div>
   <div class='ocr_carea' id='block_1_49' title="bbox 387 3147 1977 3220">
    <p class='ocr_par' dir='ltr' id='par_1_49' title="bbox 387 3147 1977 3220">
     <span class='ocr_line' id='line_1_49' title="bbox 387 3147 1977 3220; baseline -0.003 -14"><span class='ocrx_word' id='word_1_352' title='bbox 387 3152 555 3207; x_wconf 80' lang='lat' dir='ltr'><strong>sintut</strong></span> <span class='ocrx_word' id='word_1_353' title='bbox 596 3154 882 3220; x_wconf 87' lang='lat' dir='ltr'><strong>abreptam</strong></span> <span class='ocrx_word' id='word_1_354' title='bbox 912 3157 965 3202; x_wconf 91' lang='lat' dir='ltr'><strong>et</strong></span> <span class='ocrx_word' id='word_1_355' title='bbox 998 3147 1384 3217; x_wconf 80' lang='lat' dir='ltr'><strong>absumptam,</strong></span> <span class='ocrx_word' id='word_1_356' title='bbox 1418 3147 1771 3204; x_wconf 78' lang='lat' dir='ltr'><strong>manifestum</strong></span> <span class='ocrx_word' id='word_1_357' title='bbox 1803 3148 1977 3202; x_wconf 89' lang='lat' dir='ltr'><strong>multo</strong></span> 
     </span>
    </p>
   </div>
   <div class='ocr_carea' id='block_1_50' title="bbox 390 3240 1976 3312">
    <p class='ocr_par' dir='ltr' id='par_1_50' title="bbox 390 3240 1976 3312">
     <span class='ocr_line' id='line_1_50' title="bbox 390 3240 1976 3312; baseline -0.002 -15"><span class='ocrx_word' id='word_1_358' title='bbox 390 3242 563 3312; x_wconf 86' lang='lat' dir='ltr'><strong>magis</strong></span> <span class='ocrx_word' id='word_1_359' title='bbox 636 3240 761 3295; x_wconf 89' lang='lat' dir='ltr'><strong>aliis</strong></span> <span class='ocrx_word' id='word_1_360' title='bbox 822 3240 888 3294; x_wconf 93' lang='lat' dir='ltr'><strong>ad</strong></span> <span class='ocrx_word' id='word_1_361' title='bbox 960 3241 1189 3296; x_wconf 86' lang='lat' dir='ltr'><strong>meliora</strong></span> <span class='ocrx_word' id='word_1_362' title='bbox 1260 3241 1602 3310; x_wconf 80' lang='lat' dir='ltr'><strong>respexisse,</strong></span> <span class='ocrx_word' id='word_1_363' title='bbox 1669 3249 1976 3294; x_wconf 87' lang='lat' dir='ltr'><strong>manentem</strong></span> 
     </span>
    </p>
   </div>
   <div class='ocr_carea' id='block_1_51' title="bbox 390 3332 1978 3403">
    <p class='ocr_par' dir='ltr' id='par_1_51' title="bbox 390 3332 1978 3403">
     <span class='ocr_line' id='line_1_51' title="bbox 390 3332 1978 3403; baseline -0.003 -13"><span class='ocrx_word' id='word_1_364' title='bbox 390 3344 446 3391; x_wconf 88' lang='lat' dir='ltr'><strong>et</strong></span> <span class='ocrx_word' id='word_1_365' title='bbox 491 3334 698 3389; x_wconf 89' lang='lat' dir='ltr'><strong>erroris</strong></span> <span class='ocrx_word' id='word_1_366' title='bbox 756 3342 1036 3403; x_wconf 80' lang='lat' dir='ltr'><strong>expertem</strong></span> <span class='ocrx_word' id='word_1_367' title='bbox 1091 3332 1564 3387; x_wconf 79' lang='lat' dir='ltr'><strong>conversationem</strong></span> <span class='ocrx_word' id='word_1_368' title='bbox 1617 3333 1978 3403; x_wconf 81' lang='lat' dir='ltr'><strong>amplexatam</strong></span> 
     </span>
    </p>
   </div>
   <div class='ocr_carea' id='block_1_52' title="bbox 392 3421 1983 3495">
    <p class='ocr_par' dir='ltr' id='par_1_52' title="bbox 392 3421 1983 3495">
     <span class='ocr_line' id='line_1_52' title="bbox 392 3421 1983 3495; baseline 0 -18"><span class='ocrx_word' id='word_1_369' title='bbox 392 3440 493 3495; x_wconf 83' lang='lat' dir='ltr'><strong>pro</strong></span> <span class='ocrx_word' id='word_1_370' title='bbox 524 3431 746 3479; x_wconf 86' lang='lat' dir='ltr'><strong>errante</strong></span> <span class='ocrx_word' id='word_1_371' title='bbox 790 3433 846 3478; x_wconf 91' lang='lat' dir='ltr'><strong>et</strong></span> <span class='ocrx_word' id='word_1_372' title='bbox 883 3422 1157 3478; x_wconf 81' lang='lat' dir='ltr'><strong>ditiluente</strong></span> <span class='ocrx_word' id='word_1_373' title='bbox 1196 3422 1264 3477; x_wconf 88' lang='lat' dir='ltr'><strong>ad</strong></span> <span class='ocrx_word' id='word_1_374' title='bbox 1295 3421 1586 3476; x_wconf 86' lang='lat' dir='ltr'><strong>vanitatem</strong></span> <span class='ocrx_word' id='word_1_375' title='bbox 1617 3437 1630 3473; x_wconf 91' lang='lat'><strong>:</strong></span> <span class='ocrx_word' id='word_1_376' title='bbox 1688 3425 1802 3477; x_wconf 67' lang='lat' dir='ltr'><strong>haec</strong></span> <span class='ocrx_word' id='word_1_377' title='bbox 1850 3423 1983 3477; x_wconf 73' lang='lat' dir='ltr'><strong>anni-</strong></span> 
     </span>
    </p>
   </div>
   <div class='ocr_carea' id='block_1_53' title="bbox 391 3512 1978 3586">
    <p class='ocr_par' dir='ltr' id='par_1_53' title="bbox 391 3512 1978 3586">
     <span class='ocr_line' id='line_1_53' title="bbox 391 3512 1978 3586; baseline 0 -17"><span class='ocrx_word' id='word_1_378' title='bbox 391 3514 629 3586; x_wconf 81' lang='lat' dir='ltr'><strong>gmatico</strong></span> <span class='ocrx_word' id='word_1_379' title='bbox 670 3523 728 3569; x_wconf 91' lang='lat' dir='ltr'><strong>et</strong></span> <span class='ocrx_word' id='word_1_380' title='bbox 772 3515 992 3570; x_wconf 81' lang='lat' dir='ltr'><strong>concise</strong></span> <span class='ocrx_word' id='word_1_381' title='bbox 1026 3527 1281 3568; x_wconf 87' lang='lat' dir='ltr'><strong>sermone</strong></span> <span class='ocrx_word' id='word_1_382' title='bbox 1317 3512 1710 3583; x_wconf 83' lang='lat' dir='ltr'><strong>perstringens,</strong></span> <span class='ocrx_word' id='word_1_383' title='bbox 1750 3512 1978 3569; x_wconf 88' lang='lat' dir='ltr'><strong>inducit.</strong></span> 
     </span>
    </p>
   </div>
   <div class='ocr_carea' id='block_1_54' title="bbox 470 3604 1979 3672">
    <p class='ocr_par' dir='ltr' id='par_1_54' title="bbox 470 3604 1979 3672">
     <span class='ocr_line' id='line_1_54' title="bbox 470 3604 1979 3672; baseline 0 -13"><span class='ocrx_word' id='word_1_384' title='bbox 470 3625 490 3659; x_wconf 72' lang='grc' dir='ltr'><strong>ι</strong></span> <span class='ocrx_word' id='word_1_385' title='bbox 519 3604 690 3660; x_wconf 88' lang='lat' dir='ltr'><strong>Terra</strong></span> <span class='ocrx_word' id='word_1_386' title='bbox 707 3615 889 3661; x_wconf 89' lang='lat' dir='ltr'><strong>autem</strong></span> <span class='ocrx_word' id='word_1_387' title='bbox 908 3606 964 3660; x_wconf 88' lang='lat' dir='ltr'><strong>in</strong></span> <span class='ocrx_word' id='word_1_388' title='bbox 981 3615 1245 3660; x_wconf 68' lang='lat' dir='ltr'><strong>aeternum</strong></span> <span class='ocrx_word' id='word_1_389' title='bbox 1266 3613 1376 3660; x_wconf 86' lang='lat' dir='ltr'><strong>stat</strong></span> <span class='ocrx_word' id='word_1_390' title='bbox 1398 3621 1444 3670; x_wconf 75' lang='grc' dir='ltr'>;ι</span> <span class='ocrx_word' id='word_1_391' title='bbox 1462 3613 1730 3659; x_wconf 72' lang='lat' dir='ltr'><strong>aeternum</strong></span> <span class='ocrx_word' id='word_1_392' title='bbox 1760 3605 1979 3672; x_wconf 84' lang='lat' dir='ltr'><strong>quidem</strong></span> 
     </span>
    </p>
   </div>
   <div class='ocr_carea' id='block_1_55' title="bbox 396 3696 1984 3769">
    <p class='ocr_par' dir='ltr' id='par_1_55' title="bbox 396 3696 1984 3769">
     <span class='ocr_line' id='line_1_55' title="bbox 396 3696 1984 3769; baseline 0.001 -17"><span class='ocrx_word' id='word_1_393' title='bbox 396 3714 607 3756; x_wconf 58' lang='lat' dir='ltr'><strong>soi-aus</strong></span> <span class='ocrx_word' id='word_1_394' title='bbox 639 3707 857 3769; x_wconf 86' lang='lat' dir='ltr'><strong>tempus</strong></span> <span class='ocrx_word' id='word_1_395' title='bbox 890 3699 943 3752; x_wconf 95' lang='lat' dir='ltr'><strong>in</strong></span> <span class='ocrx_word' id='word_1_396' title='bbox 973 3712 1084 3765; x_wconf 87' lang='lat' dir='ltr'><strong>quo</strong></span> <span class='ocrx_word' id='word_1_397' title='bbox 1115 3698 1199 3752; x_wconf 88' lang='lat' dir='ltr'><strong>sol</strong></span> <span class='ocrx_word' id='word_1_398' title='bbox 1228 3706 1285 3752; x_wconf 92' lang='lat' dir='ltr'><strong>et</strong></span> <span class='ocrx_word' id='word_1_399' title='bbox 1321 3696 1450 3751; x_wconf 90' lang='lat' dir='ltr'><strong>luna</strong></span> <span class='ocrx_word' id='word_1_400' title='bbox 1491 3706 1547 3751; x_wconf 93' lang='lat' dir='ltr'><strong>et</strong></span> <span class='ocrx_word' id='word_1_401' title='bbox 1577 3696 1819 3751; x_wconf 86' lang='lat' dir='ltr'><strong>siderum</strong></span> <span class='ocrx_word' id='word_1_402' title='bbox 1852 3699 1984 3754; x_wconf 88' lang='lat' dir='ltr'><strong>cho-</strong></span> 
     </span>
    </p>
   </div>
   <div class='ocr_carea' id='block_1_56' title="bbox 394 3788 1984 3861">
    <p class='ocr_par' dir='ltr' id='par_1_56' title="bbox 394 3788 1984 3861">
     <span class='ocr_line' id='line_1_56' title="bbox 394 3788 1984 3861; baseline 0 -16"><span class='ocrx_word' id='word_1_403' title='bbox 394 3807 491 3846; x_wconf 86' lang='lat' dir='ltr'><strong>rus</strong></span> <span class='ocrx_word' id='word_1_404' title='bbox 522 3801 579 3846; x_wconf 91' lang='lat' dir='ltr'><strong>et</strong></span> <span class='ocrx_word' id='word_1_405' title='bbox 620 3791 798 3861; x_wconf 86' lang='lat' dir='ltr'><strong>ipsum</strong></span> <span class='ocrx_word' id='word_1_406' title='bbox 827 3789 1051 3845; x_wconf 75' lang='lat' dir='ltr'><strong>sceleste</strong></span> <span class='ocrx_word' id='word_1_407' title='bbox 1074 3789 1261 3859; x_wconf 90' lang='lat' dir='ltr'><strong>polum</strong></span> <span class='ocrx_word' id='word_1_408' title='bbox 1286 3790 1340 3843; x_wconf 88' lang='lat' dir='ltr'><strong>in</strong></span> <span class='ocrx_word' id='word_1_409' title='bbox 1373 3788 1625 3859; x_wconf 88' lang='lat' dir='ltr'><strong>opposito</strong></span> <span class='ocrx_word' id='word_1_410' title='bbox 1650 3802 1819 3845; x_wconf 91' lang='lat' dir='ltr'><strong>cursu</strong></span> <span class='ocrx_word' id='word_1_411' title='bbox 1846 3789 1984 3845; x_wconf 79' lang='lat' dir='ltr'><strong>bene</strong></span> 
     </span>
    </p>
   </div>
   <div class='ocr_carea' id='block_1_57' title="bbox 394 3882 1981 3953">
    <p class='ocr_par' dir='ltr' id='par_1_57' title="bbox 394 3882 1981 3953">
     <span class='ocr_line' id='line_1_57' title="bbox 394 3882 1981 3953; baseline 0 -15"><span class='ocrx_word' id='word_1_412' title='bbox 394 3884 712 3939; x_wconf 77' lang='lat' dir='ltr'><strong>ordinatum</strong></span> <span class='ocrx_word' id='word_1_413' title='bbox 743 3892 800 3938; x_wconf 91' lang='lat' dir='ltr'><strong>et</strong></span> <span class='ocrx_word' id='word_1_414' title='bbox 831 3884 1257 3938; x_wconf 84' lang='lat' dir='ltr'><strong>concordantem</strong></span> <span class='ocrx_word' id='word_1_415' title='bbox 1291 3883 1553 3953; x_wconf 89' lang='lat' dir='ltr'><strong>impetum</strong></span> <span class='ocrx_word' id='word_1_416' title='bbox 1585 3882 1651 3937; x_wconf 89' lang='lat' dir='ltr'><strong>ad</strong></span> <span class='ocrx_word' id='word_1_417' title='bbox 1682 3882 1892 3937; x_wconf 91' lang='lat' dir='ltr'><strong>dierum</strong></span> <span class='ocrx_word' id='word_1_418' title='bbox 1926 3893 1981 3940; x_wconf 91' lang='lat' dir='ltr'><strong>et</strong></span> 
     </span>
    </p>
   </div>
   <div class='ocr_carea' id='block_1_58' title="bbox 394 3973 1983 4044">
    <p class='ocr_par' dir='ltr' id='par_1_58' title="bbox 394 3973 1983 4044">
     <span class='ocr_line' id='line_1_58' title="bbox 394 3973 1983 4044; baseline 0.001 -15"><span class='ocrx_word' id='word_1_419' title='bbox 394 3974 645 4030; x_wconf 69' lang='lat' dir='ltr'><strong>noctium</strong></span> <span class='ocrx_word' id='word_1_420' title='bbox 700 3983 771 4030; x_wconf 71' lang='lat' dir='ltr'><strong>et.</strong></span> <span class='ocrx_word' id='word_1_421' title='bbox 800 3983 1107 4044; x_wconf 86' lang='lat' dir='ltr'><strong>temporum</strong></span> <span class='ocrx_word' id='word_1_422' title='bbox 1152 3973 1539 4030; x_wconf 84' lang='lat' dir='ltr'><strong>discretionem</strong></span> <span class='ocrx_word' id='word_1_423' title='bbox 1586 3984 1639 4029; x_wconf 92' lang='lat' dir='ltr'><strong>et</strong></span> <span class='ocrx_word' id='word_1_424' title='bbox 1672 3976 1983 4031; x_wconf 89' lang='lat' dir='ltr'><strong>renovatio-</strong></span> 
     </span>
    </p>
   </div>
   <div class='ocr_carea' id='block_1_59' title="bbox 395 4064 1982 4137">
    <p class='ocr_par' dir='ltr' id='par_1_59' title="bbox 395 4064 1982 4137">
     <span class='ocr_line' id='line_1_59' title="bbox 395 4064 1982 4137; baseline 0.001 -17"><span class='ocrx_word' id='word_1_425' title='bbox 395 4082 517 4120; x_wconf 85' lang='lat' dir='ltr'><strong>ncm</strong></span> <span class='ocrx_word' id='word_1_426' title='bbox 568 4064 623 4121; x_wconf 93' lang='lat' dir='ltr'><strong>in</strong></span> <span class='ocrx_word' id='word_1_427' title='bbox 669 4082 805 4137; x_wconf 87' lang='lat' dir='ltr'><strong>gyro</strong></span> <span class='ocrx_word' id='word_1_428' title='bbox 851 4076 1055 4137; x_wconf 90' lang='lat' dir='ltr'><strong>agunt;</strong></span> <span class='ocrx_word' id='word_1_429' title='bbox 1113 4074 1313 4121; x_wconf 80' lang='lat' dir='ltr'><strong>terram</strong></span> <span class='ocrx_word' id='word_1_430' title='bbox 1360 4077 1540 4122; x_wconf 80' lang='lat' dir='ltr'><strong>autern</strong></span> <span class='ocrx_word' id='word_1_431' title='bbox 1595 4068 1792 4121; x_wconf 86' lang='lat' dir='ltr'><strong>iterum</strong></span> <span class='ocrx_word' id='word_1_432' title='bbox 1820 4084 1982 4123; x_wconf 90' lang='lat' dir='ltr'><strong>assu-</strong></span> 
     </span>
    </p>
   </div>
   <div class='ocr_carea' id='block_1_60' title="bbox 392 4157 1984 4228">
    <p class='ocr_par' dir='ltr' id='par_1_60' title="bbox 392 4157 1984 4228">
     <span class='ocr_line' id='line_1_60' title="bbox 392 4157 1984 4228; baseline 0.001 -18"><span class='ocrx_word' id='word_1_433' title='bbox 392 4171 553 4212; x_wconf 84' lang='lat' dir='ltr'><strong>tnens</strong></span> <span class='ocrx_word' id='word_1_434' title='bbox 611 4171 710 4227; x_wconf 89' lang='lat' dir='ltr'><strong>pro</strong></span> <span class='ocrx_word' id='word_1_435' title='bbox 765 4157 1154 4228; x_wconf 86' lang='lat' dir='ltr'><strong>redargutione</strong></span> <span class='ocrx_word' id='word_1_436' title='bbox 1204 4158 1370 4213; x_wconf 89' lang='lat' dir='ltr'><strong>studii</strong></span> <span class='ocrx_word' id='word_1_437' title='bbox 1426 4174 1617 4212; x_wconf 87' lang='lat' dir='ltr'><strong>eorum</strong></span> <span class='ocrx_word' id='word_1_438' title='bbox 1655 4160 1746 4226; x_wconf 89' lang='lat' dir='ltr'><strong>qui</strong></span> <span class='ocrx_word' id='word_1_439' title='bbox 1800 4168 1984 4213; x_wconf 88' lang='lat' dir='ltr'><strong>terunt</strong></span> 
     </span>
    </p>
   </div>
   <div class='ocr_carea' id='block_1_61' title="bbox 395 4249 1979 4322">
    <p class='ocr_par' dir='ltr' id='par_1_61' title="bbox 395 4249 1979 4322">
     <span class='ocr_line' id='line_1_61' title="bbox 395 4249 1979 4322; baseline 0.002 -19"><span class='ocrx_word' id='word_1_440' title='bbox 395 4264 528 4303; x_wconf 73' lang='lat' dir='ltr'><strong>suas</strong></span> <span class='ocrx_word' id='word_1_441' title='bbox 570 4249 933 4320; x_wconf 83' lang='lat' dir='ltr'><strong>cogitationes</strong></span> <span class='ocrx_word' id='word_1_442' title='bbox 987 4260 1042 4305; x_wconf 91' lang='lat' dir='ltr'><strong>et</strong></span> <span class='ocrx_word' id='word_1_443' title='bbox 1082 4250 1398 4321; x_wconf 89' lang='lat' dir='ltr'><strong>deprimunt</strong></span> <span class='ocrx_word' id='word_1_444' title='bbox 1454 4252 1791 4322; x_wconf 84' lang='lat' dir='ltr'><strong>propositum</strong></span> <span class='ocrx_word' id='word_1_445' title='bbox 1834 4251 1979 4306; x_wconf 90' lang='lat' dir='ltr'><strong>circa</strong></span> 
     </span>
    </p>
   </div>
   <div class='ocr_carea' id='block_1_62' title="bbox 395 4343 1982 4413">
    <p class='ocr_par' dir='ltr' id='par_1_62' title="bbox 395 4343 1982 4413">
     <span class='ocr_line' id='line_1_62' title="bbox 395 4343 1982 4413; baseline 0.001 -17"><span class='ocrx_word' id='word_1_446' title='bbox 395 4356 563 4407; x_wconf 69' lang='lat' dir='ltr'><strong>vana,</strong></span> <span class='ocrx_word' id='word_1_447' title='bbox 616 4358 715 4413; x_wconf 87' lang='lat' dir='ltr'><strong>pro</strong></span> <span class='ocrx_word' id='word_1_448' title='bbox 757 4359 824 4399; x_wconf 90' lang='lat' dir='ltr'><strong>eo</strong></span> <span class='ocrx_word' id='word_1_449' title='bbox 871 4353 930 4397; x_wconf 91' lang='lat' dir='ltr'><strong>ut</strong></span> <span class='ocrx_word' id='word_1_450' title='bbox 971 4343 1232 4399; x_wconf 88' lang='lat' dir='ltr'><strong>deberent</strong></span> <span class='ocrx_word' id='word_1_451' title='bbox 1266 4344 1499 4399; x_wconf 84' lang='lat' dir='ltr'><strong>libenter</strong></span> <span class='ocrx_word' id='word_1_452' title='bbox 1535 4344 1787 4399; x_wconf 85' lang='lat' dir='ltr'><strong>insistere</strong></span> <span class='ocrx_word' id='word_1_453' title='bbox 1813 4346 1982 4399; x_wconf 87' lang='lat' dir='ltr'><strong>salvi-</strong></span> 
     </span>
    </p>
   </div>
   <div class='ocr_carea' id='block_1_63' title="bbox 395 4434 1981 4507">
    <p class='ocr_par' dir='ltr' id='par_1_63' title="bbox 395 4434 1981 4507">
     <span class='ocr_line' id='line_1_63' title="bbox 395 4434 1981 4507; baseline 0.002 -18"><span class='ocrx_word' id='word_1_454' title='bbox 395 4435 519 4490; x_wconf 61' lang='grc' dir='ltr'><strong>κείς</strong></span> <span class='ocrx_word' id='word_1_455' title='bbox 546 4442 601 4488; x_wconf 88' lang='lat' dir='ltr'><strong>et</strong></span> <span class='ocrx_word' id='word_1_456' title='bbox 622 4435 820 4489; x_wconf 66' lang='lat' dir='ltr'><strong>animm</strong></span> <span class='ocrx_word' id='word_1_457' title='bbox 865 4434 1169 4490; x_wconf 85' lang='lat' dir='ltr'><strong>allaborare</strong></span> <span class='ocrx_word' id='word_1_458' title='bbox 1200 4435 1367 4490; x_wconf 89' lang='lat' dir='ltr'><strong>lucris</strong></span> <span class='ocrx_word' id='word_1_459' title='bbox 1396 4451 1412 4488; x_wconf 90' lang='lat'><strong>:</strong></span> <span class='ocrx_word' id='word_1_460' title='bbox 1442 4444 1650 4491; x_wconf 89' lang='lat' dir='ltr'><strong>tantum</strong></span> <span class='ocrx_word' id='word_1_461' title='bbox 1680 4452 1814 4501; x_wconf 88' lang='lat' dir='ltr'><strong>non,</strong></span> <span class='ocrx_word' id='word_1_462' title='bbox 1850 4438 1981 4507; x_wconf 90' lang='lat' dir='ltr'><strong>quid</strong></span> 
     </span>
    </p>
   </div>
   <div class='ocr_carea' id='block_1_64' title="bbox 2076 1943 3657 2018">
    <p class='ocr_par' dir='ltr' id='par_1_64' title="bbox 2076 1943 3657 2018">
     <span class='ocr_line' id='line_1_64' title="bbox 2076 1943 3657 2018; baseline 0.001 -21"><span class='ocrx_word' id='word_1_463' title='bbox 2076 1943 2357 2015; x_wconf 79' lang='grc' dir='ltr'>ωσαμένη,</span> <span class='ocrx_word' id='word_1_464' title='bbox 2379 1945 2477 1998; x_wconf 76' lang='grc' dir='ltr'>καὶ</span> <span class='ocrx_word' id='word_1_465' title='bbox 2499 1944 2657 2014; x_wconf 86' lang='grc' dir='ltr'>λόγον</span> <span class='ocrx_word' id='word_1_466' title='bbox 2694 1946 2873 1998; x_wconf 78' lang='grc' dir='ltr'>αὐτῶν</span> <span class='ocrx_word' id='word_1_467' title='bbox 2899 1947 2999 1999; x_wconf 84' lang='grc' dir='ltr'>ὅσα</span> <span class='ocrx_word' id='word_1_468' title='bbox 3041 1945 3117 2017; x_wconf 82' lang='grc' dir='ltr'>μὴ</span> <span class='ocrx_word' id='word_1_469' title='bbox 3149 1946 3296 2018; x_wconf 74' lang='grc' dir='ltr'>ὁτῆς</span> <span class='ocrx_word' id='word_1_470' title='bbox 3330 1946 3548 2016; x_wconf 79' lang='grc' dir='ltr'>φύσεως</span> <span class='ocrx_word' id='word_1_471' title='bbox 3582 1947 3657 1999; x_wconf 78' lang='grc' dir='ltr'>δεο</span> 
     </span>
    </p>
   </div>
   <div class='ocr_carea' id='block_1_65' title="bbox 2080 2037 3653 2111">
    <p class='ocr_par' dir='ltr' id='par_1_65' title="bbox 2080 2037 3653 2111">
     <span class='ocr_line' id='line_1_65' title="bbox 2080 2037 3653 2111; baseline 0.001 -22"><span class='ocrx_word' id='word_1_472' title='bbox 2080 2037 2216 2108; x_wconf 75' lang='grc' dir='ltr'>σμὸς</span> <span class='ocrx_word' id='word_1_473' title='bbox 2244 2039 2632 2109; x_wconf 83' lang='grc' dir='ltr'>ἀπαραιτήτως</span> <span class='ocrx_word' id='word_1_474' title='bbox 2655 2038 2877 2110; x_wconf 70' lang='grc' dir='ltr'>ἀπῄτει,</span> <span class='ocrx_word' id='word_1_475' title='bbox 2912 2038 3118 2109; x_wconf 82' lang='grc' dir='ltr'>μηδένα</span> <span class='ocrx_word' id='word_1_476' title='bbox 3144 2038 3349 2111; x_wconf 82' lang='grc' dir='ltr'>θεμένη</span> <span class='ocrx_word' id='word_1_477' title='bbox 3376 2055 3392 2069; x_wconf 90' lang='grc'><strong>·</strong></span> <span class='ocrx_word' id='word_1_478' title='bbox 3439 2038 3572 2092; x_wconf 71' lang='grc' dir='ltr'>ἀλλὰ</span> <span class='ocrx_word' id='word_1_479' title='bbox 3595 2038 3653 2091; x_wconf 68' lang='grc' dir='ltr'><strong>τὰ</strong></span> 
     </span>
    </p>
   </div>
   <div class='ocr_carea' id='block_1_66' title="bbox 2081 2128 3654 2201">
    <p class='ocr_par' dir='ltr' id='par_1_66' title="bbox 2081 2128 3654 2201">
     <span class='ocr_line' id='line_1_66' title="bbox 2081 2128 3654 2201; baseline 0.001 -19"><span class='ocrx_word' id='word_1_480' title='bbox 2081 2128 2222 2201; x_wconf 76' lang='grc' dir='ltr'>ὑπὲρ</span> <span class='ocrx_word' id='word_1_481' title='bbox 2248 2129 2339 2183; x_wconf 87' lang='grc' dir='ltr'><strong>τδν</strong></span> <span class='ocrx_word' id='word_1_482' title='bbox 2376 2129 2551 2201; x_wconf 71' lang='grc' dir='ltr'>ἥλιον,</span> <span class='ocrx_word' id='word_1_483' title='bbox 2581 2132 2862 2184; x_wconf 81' lang='grc' dir='ltr'>τουτέστιν</span> <span class='ocrx_word' id='word_1_484' title='bbox 2892 2132 2994 2185; x_wconf 86' lang='grc' dir='ltr'>ὅσα</span> <span class='ocrx_word' id='word_1_485' title='bbox 3033 2131 3272 2200; x_wconf 86' lang='grc' dir='ltr'>κρείττω</span> <span class='ocrx_word' id='word_1_486' title='bbox 3319 2132 3533 2199; x_wconf 83' lang='grc' dir='ltr'>πέφυκε</span> <span class='ocrx_word' id='word_1_487' title='bbox 3558 2132 3654 2184; x_wconf 86' lang='grc' dir='ltr'><strong>τῶν</strong></span> 
     </span>
    </p>
   </div>
   <div class='ocr_carea' id='block_1_67' title="bbox 2078 2221 3651 2295">
    <p class='ocr_par' dir='ltr' id='par_1_67' title="bbox 2078 2221 3651 2295">
     <span class='ocr_line' id='line_1_67' title="bbox 2078 2221 3651 2295; baseline 0 -22"><span class='ocrx_word' id='word_1_488' title='bbox 2078 2222 2139 2274; x_wconf 87' lang='grc' dir='ltr'>ὲν</span> <span class='ocrx_word' id='word_1_489' title='bbox 2168 2221 2382 2290; x_wconf 81' lang='grc' dir='ltr'>γενέσει</span> <span class='ocrx_word' id='word_1_490' title='bbox 2405 2222 2501 2275; x_wconf 78' lang='grc' dir='ltr'>καὶ</span> <span class='ocrx_word' id='word_1_491' title='bbox 2530 2223 2709 2295; x_wconf 76' lang='grc' dir='ltr'>φθορᾷ</span> <span class='ocrx_word' id='word_1_492' title='bbox 2747 2221 3034 2292; x_wconf 79' lang='grc' dir='ltr'>ζητήσασά</span> <span class='ocrx_word' id='word_1_493' title='bbox 3050 2238 3106 2275; x_wconf 91' lang='grc' dir='ltr'><strong>τε</strong></span> <span class='ocrx_word' id='word_1_494' title='bbox 3130 2222 3224 2275; x_wconf 77' lang='grc' dir='ltr'>καὶ</span> <span class='ocrx_word' id='word_1_495' title='bbox 3249 2221 3651 2290; x_wconf 76' lang='grc' dir='ltr'>φλοσοφήσασα,</span> 
     </span>
    </p>
   </div>
   <div class='ocr_carea' id='block_1_68' title="bbox 2074 2311 3652 2386">
    <p class='ocr_par' dir='ltr' id='par_1_68' title="bbox 2074 2311 3652 2386">
     <span class='ocr_line' id='line_1_68' title="bbox 2074 2311 3652 2386; baseline -0.002 -20"><span class='ocrx_word' id='word_1_496' title='bbox 2074 2314 2255 2385; x_wconf 79' lang='grc' dir='ltr'>ψυχῆς</span> <span class='ocrx_word' id='word_1_497' title='bbox 2290 2314 2662 2386; x_wconf 84' lang='grc' dir='ltr'>καθαρότητα,</span> <span class='ocrx_word' id='word_1_498' title='bbox 2691 2315 2841 2368; x_wconf 73' lang='grc' dir='ltr'>ἔλεον</span> <span class='ocrx_word' id='word_1_499' title='bbox 2874 2314 2970 2367; x_wconf 80' lang='grc' dir='ltr'>τοῦ</span> <span class='ocrx_word' id='word_1_500' title='bbox 2998 2314 3225 2384; x_wconf 83' lang='grc' dir='ltr'>πλησίον</span> <span class='ocrx_word' id='word_1_501' title='bbox 3256 2311 3579 2383; x_wconf 80' lang='grc' dir='ltr'>ἱλαρύνοντά</span> <span class='ocrx_word' id='word_1_502' title='bbox 3599 2329 3652 2363; x_wconf 76' lang='grc' dir='ltr'><strong>τε</strong></span> 
     </span>
    </p>
   </div>
   <div class='ocr_carea' id='block_1_69' title="bbox 2079 2404 3651 2476">
    <p class='ocr_par' dir='ltr' id='par_1_69' title="bbox 2079 2404 3651 2476">
     <span class='ocr_line' id='line_1_69' title="bbox 2079 2404 3651 2476; baseline -0.002 -17"><span class='ocrx_word' id='word_1_503' title='bbox 2079 2407 2177 2459; x_wconf 74' lang='grc' dir='ltr'>καὶ</span> <span class='ocrx_word' id='word_1_504' title='bbox 2200 2404 2607 2476; x_wconf 77' lang='grc' dir='ltr'>διαπραΰνοντα</span> <span class='ocrx_word' id='word_1_505' title='bbox 2634 2407 2731 2470; x_wconf 81' lang='grc' dir='ltr'>τὰς</span> <span class='ocrx_word' id='word_1_506' title='bbox 2754 2406 2863 2460; x_wconf 77' lang='grc' dir='ltr'>ἀπὸ</span> <span class='ocrx_word' id='word_1_507' title='bbox 2893 2406 2993 2476; x_wconf 80' lang='grc' dir='ltr'>τῆς</span> <span class='ocrx_word' id='word_1_508' title='bbox 3024 2405 3217 2467; x_wconf 87' lang='grc' dir='ltr'>πενίας</span> <span class='ocrx_word' id='word_1_509' title='bbox 3248 2405 3468 2474; x_wconf 75' lang='grc' dir='ltr'>πληγάς</span> <span class='ocrx_word' id='word_1_510' title='bbox 3486 2421 3507 2434; x_wconf 73' lang='grc' dir='ltr'><strong>ο</strong></span> <span class='ocrx_word' id='word_1_511' title='bbox 3528 2406 3574 2457; x_wconf 85' lang='grc' dir='ltr'>εξ</span> <span class='ocrx_word' id='word_1_512' title='bbox 3602 2404 3651 2456; x_wconf 78' lang='grc' dir='ltr'>δὲ</span> 
     </span>
    </p>
   </div>
   <div class='ocr_carea' id='block_1_70' title="bbox 2080 2497 3654 2572">
    <p class='ocr_par' dir='ltr' id='par_1_70' title="bbox 2080 2497 3654 2572">
     <span class='ocr_line' id='line_1_70' title="bbox 2080 2497 3654 2572; baseline -0.004 -17"><span class='ocrx_word' id='word_1_513' title='bbox 2080 2503 2172 2555; x_wconf 80' lang='grc' dir='ltr'>καὶ</span> <span class='ocrx_word' id='word_1_514' title='bbox 2206 2501 2483 2565; x_wconf 84' lang='grc' dir='ltr'>παντελῶς</span> <span class='ocrx_word' id='word_1_515' title='bbox 2504 2501 2614 2554; x_wconf 85' lang='grc' dir='ltr'><strong>τῶν</strong></span> <span class='ocrx_word' id='word_1_516' title='bbox 2642 2500 2974 2572; x_wconf 83' lang='grc' dir='ltr'>τραυμάτων</span> <span class='ocrx_word' id='word_1_517' title='bbox 3005 2498 3423 2552; x_wconf 83' lang='grc' dir='ltr'>ἀπαλλάττοντα</span> <span class='ocrx_word' id='word_1_518' title='bbox 3452 2500 3543 2552; x_wconf 70' lang='grc' dir='ltr'>καὶ</span> <span class='ocrx_word' id='word_1_519' title='bbox 3566 2497 3654 2566; x_wconf 76' lang='grc' dir='ltr'>τῆς</span> 
     </span>
    </p>
   </div>
   <div class='ocr_carea' id='block_1_71' title="bbox 2079 2590 3651 2665">
    <p class='ocr_par' dir='ltr' id='par_1_71' title="bbox 2079 2590 3651 2665">
     <span class='ocr_line' id='line_1_71' title="bbox 2079 2590 3651 2665; baseline -0.003 -18"><span class='ocrx_word' id='word_1_520' title='bbox 2079 2595 2207 2665; x_wconf 83' lang='grc' dir='ltr'>ὅλης</span> <span class='ocrx_word' id='word_1_521' title='bbox 2235 2594 2531 2658; x_wconf 80' lang='grc' dir='ltr'>διαθέσεως</span> <span class='ocrx_word' id='word_1_522' title='bbox 2575 2592 2998 2665; x_wconf 86' lang='grc' dir='ltr'>μακαριώτατόν</span> <span class='ocrx_word' id='word_1_523' title='bbox 3026 2608 3087 2643; x_wconf 90' lang='grc' dir='ltr'><strong>τε</strong></span> <span class='ocrx_word' id='word_1_524' title='bbox 3116 2591 3214 2643; x_wconf 77' lang='grc' dir='ltr'>καὶ</span> <span class='ocrx_word' id='word_1_525' title='bbox 3241 2590 3651 2660; x_wconf 83' lang='grc' dir='ltr'>θεοειδέστερον.</span> 
     </span>
    </p>
   </div>
   <div class='ocr_carea' id='block_1_72' title="bbox 2082 2679 3653 2759">
    <p class='ocr_par' dir='ltr' id='par_1_72' title="bbox 2082 2679 3653 2759">
     <span class='ocr_line' id='line_1_72' title="bbox 2082 2679 3653 2759; baseline -0.005 -19"><span class='ocrx_word' id='word_1_526' title='bbox 2082 2686 2442 2759; x_wconf 78' lang='grc' dir='ltr'>σωφροσύνης</span> <span class='ocrx_word' id='word_1_527' title='bbox 2472 2686 2635 2758; x_wconf 78' lang='grc' dir='ltr'>ἔρωτι</span> <span class='ocrx_word' id='word_1_528' title='bbox 2661 2686 2762 2754; x_wconf 83' lang='grc' dir='ltr'>τὴν</span> <span class='ocrx_word' id='word_1_529' title='bbox 2790 2683 3091 2739; x_wconf 79' lang='grc' dir='ltr'>ἀκολασίαν</span> <span class='ocrx_word' id='word_1_530' title='bbox 3141 2679 3549 2753; x_wconf 76' lang='grc' dir='ltr'>ὑπερορίζουσα</span> <span class='ocrx_word' id='word_1_531' title='bbox 3571 2682 3653 2732; x_wconf 70' lang='grc' dir='ltr'>καὶ</span> 
     </span>
    </p>
   </div>
   <div class='ocr_carea' id='block_1_73' title="bbox 2078 2770 3657 2850">
    <p class='ocr_par' dir='ltr' id='par_1_73' title="bbox 2078 2770 3657 2850">
     <span class='ocr_line' id='line_1_73' title="bbox 2078 2770 3657 2850; baseline -0.006 -17"><span class='ocrx_word' id='word_1_532' title='bbox 2078 2779 2157 2850; x_wconf 81' lang='grc' dir='ltr'>τῷ</span> <span class='ocrx_word' id='word_1_533' title='bbox 2206 2778 2352 2849; x_wconf 79' lang='grc' dir='ltr'>χορῷ</span> <span class='ocrx_word' id='word_1_534' title='bbox 2382 2777 2490 2830; x_wconf 90' lang='grc' dir='ltr'><strong>τῶν</strong></span> <span class='ocrx_word' id='word_1_535' title='bbox 2542 2774 2719 2830; x_wconf 79' lang='grc' dir='ltr'>ἄλλων</span> <span class='ocrx_word' id='word_1_536' title='bbox 2778 2774 2991 2845; x_wconf 82' lang='grc' dir='ltr'>ἀρετῶν</span> <span class='ocrx_word' id='word_1_537' title='bbox 3050 2771 3485 2844; x_wconf 81' lang='grc' dir='ltr'>συγχορεύουσα.</span> <span class='ocrx_word' id='word_1_538' title='bbox 3520 2770 3657 2840; x_wconf 73' lang='grc' dir='ltr'>Αὕτη</span> 
     </span>
    </p>
   </div>
   <div class='ocr_carea' id='block_1_74' title="bbox 2079 2864 3655 2941">
    <p class='ocr_par' dir='ltr' id='par_1_74' title="bbox 2079 2864 3655 2941">
     <span class='ocr_line' id='line_1_74' title="bbox 2079 2864 3655 2941; baseline -0.004 -17"><span class='ocrx_word' id='word_1_539' title='bbox 2079 2872 2259 2925; x_wconf 84' lang='grc' dir='ltr'>τοίνυν</span> <span class='ocrx_word' id='word_1_540' title='bbox 2282 2873 2316 2941; x_wconf 83' lang='grc' dir='ltr'><strong>ὴ</strong></span> <span class='ocrx_word' id='word_1_541' title='bbox 2342 2869 2506 2939; x_wconf 87' lang='grc' dir='ltr'>γενεά</span> <span class='ocrx_word' id='word_1_542' title='bbox 2524 2868 2745 2921; x_wconf 77' lang='grc' dir='ltr'>καὶτῶν</span> <span class='ocrx_word' id='word_1_543' title='bbox 2775 2885 2837 2921; x_wconf 89' lang='grc' dir='ltr'><strong>συ</strong></span> <span class='ocrx_word' id='word_1_544' title='bbox 2846 2866 3247 2938; x_wconf 85' lang='grc' dir='ltr'>μπληρούντων</span> <span class='ocrx_word' id='word_1_545' title='bbox 3261 2864 3437 2936; x_wconf 73' lang='grc' dir='ltr'>αὐτὴν</span> <span class='ocrx_word' id='word_1_546' title='bbox 3456 2866 3485 2917; x_wconf 84' lang='grc' dir='ltr'><strong>ό</strong></span> <span class='ocrx_word' id='word_1_547' title='bbox 3509 2864 3655 2918; x_wconf 73' lang='grc' dir='ltr'>κατὰ·</span> 
     </span>
    </p>
   </div>
   <div class='ocr_carea' id='block_1_75' title="bbox 2080 2958 3655 3033">
    <p class='ocr_par' dir='ltr' id='par_1_75' title="bbox 2080 2958 3655 3033">
     <span class='ocr_line' id='line_1_75' title="bbox 2080 2958 3655 3033; baseline -0.005 -16"><span class='ocrx_word' id='word_1_548' title='bbox 2080 2964 2262 3033; x_wconf 77' lang='grc' dir='ltr'>λογος,</span> <span class='ocrx_word' id='word_1_549' title='bbox 2291 2962 2367 3025; x_wconf 83' lang='grc' dir='ltr'><strong>ὡς</strong></span> <span class='ocrx_word' id='word_1_550' title='bbox 2411 2962 2582 3033; x_wconf 81' lang='grc' dir='ltr'>μηδὲν</span> <span class='ocrx_word' id='word_1_551' title='bbox 2630 2961 2740 3015; x_wconf 84' lang='grc' dir='ltr'><strong>τῶν</strong></span> <span class='ocrx_word' id='word_1_552' title='bbox 2785 2960 2891 3013; x_wconf 80' lang='grc' dir='ltr'><strong>ὑπὸ</strong></span> <span class='ocrx_word' id='word_1_553' title='bbox 2946 2959 3039 3013; x_wconf 75' lang='grc' dir='ltr'><strong>τὸν</strong></span> <span class='ocrx_word' id='word_1_554' title='bbox 3083 2958 3234 3030; x_wconf 79' lang='grc' dir='ltr'>ἥλιον</span> <span class='ocrx_word' id='word_1_555' title='bbox 3293 2958 3655 3021; x_wconf 77' lang='grc' dir='ltr'>σπουδάσασα,</span> 
     </span>
    </p>
   </div>
   <div class='ocr_carea' id='block_1_76' title="bbox 2085 3049 3655 3127">
    <p class='ocr_par' dir='ltr' id='par_1_76' title="bbox 2085 3049 3655 3127">
     <span class='ocr_line' id='line_1_76' title="bbox 2085 3049 3655 3127; baseline -0.004 -19"><span class='ocrx_word' id='word_1_556' title='bbox 2085 3056 2220 3127; x_wconf 79' lang='grc' dir='ltr'>μηδὲ</span> <span class='ocrx_word' id='word_1_557' title='bbox 2246 3056 2359 3118; x_wconf 85' lang='grc' dir='ltr'>τοῖς</span> <span class='ocrx_word' id='word_1_558' title='bbox 2420 3056 2479 3107; x_wconf 82' lang='grc' dir='ltr'><strong>ἐν</strong></span> <span class='ocrx_word' id='word_1_559' title='bbox 2512 3053 2725 3122; x_wconf 81' lang='grc' dir='ltr'>γενέσει</span> <span class='ocrx_word' id='word_1_560' title='bbox 2776 3055 2868 3106; x_wconf 71' lang='grc' dir='ltr'>καὶ</span> <span class='ocrx_word' id='word_1_561' title='bbox 2904 3051 3082 3123; x_wconf 83' lang='grc' dir='ltr'>φθορᾷ</span> <span class='ocrx_word' id='word_1_562' title='bbox 3137 3049 3655 3122; x_wconf 70' lang='grc' dir='ltr'>συμπεριενεχθεῖσι</span> 
     </span>
    </p>
   </div>
   <div class='ocr_carea' id='block_1_77' title="bbox 2084 3142 3655 3216">
    <p class='ocr_par' dir='ltr' id='par_1_77' title="bbox 2084 3142 3655 3216">
     <span class='ocr_line' id='line_1_77' title="bbox 2084 3142 3655 3216; baseline -0.004 -15"><span class='ocrx_word' id='word_1_563' title='bbox 2084 3150 2181 3201; x_wconf 77' lang='grc' dir='ltr'>καὶ</span> <span class='ocrx_word' id='word_1_564' title='bbox 2211 3145 2691 3216; x_wconf 80' lang='grc' dir='ltr'>συγκαταδύσασα,</span> <span class='ocrx_word' id='word_1_565' title='bbox 2725 3145 2883 3216; x_wconf 82' lang='grc' dir='ltr'>δῆλον</span> <span class='ocrx_word' id='word_1_566' title='bbox 2914 3146 2999 3198; x_wconf 82' lang='grc' dir='ltr'>ὅτι</span> <span class='ocrx_word' id='word_1_567' title='bbox 3030 3146 3167 3198; x_wconf 79' lang='grc' dir='ltr'>πολὺ</span> <span class='ocrx_word' id='word_1_568' title='bbox 3194 3144 3304 3197; x_wconf 90' lang='grc' dir='ltr'><strong>τῶν</strong></span> <span class='ocrx_word' id='word_1_569' title='bbox 3331 3143 3511 3197; x_wconf 79' lang='grc' dir='ltr'>ἄλλων</span> <span class='ocrx_word' id='word_1_570' title='bbox 3537 3142 3655 3212; x_wconf 66' lang='grc' dir='ltr'>πρὸς</span> 
     </span>
    </p>
   </div>
   <div class='ocr_carea' id='block_1_78' title="bbox 2084 3234 3657 3311">
    <p class='ocr_par' dir='ltr' id='par_1_78' title="bbox 2084 3234 3657 3311">
     <span class='ocr_line' id='line_1_78' title="bbox 2084 3234 3657 3311; baseline -0.004 -18"><span class='ocrx_word' id='word_1_571' title='bbox 2084 3242 2144 3293; x_wconf 83' lang='grc' dir='ltr'>τὸ</span> <span class='ocrx_word' id='word_1_572' title='bbox 2178 3241 2429 3311; x_wconf 83' lang='grc' dir='ltr'>κρεῖττον</span> <span class='ocrx_word' id='word_1_573' title='bbox 2478 3237 2781 3306; x_wconf 78' lang='grc' dir='ltr'>ἀπέϐλεψε,</span> <span class='ocrx_word' id='word_1_574' title='bbox 2821 3236 2921 3308; x_wconf 81' lang='grc' dir='ltr'><strong>τὴν</strong></span> <span class='ocrx_word' id='word_1_575' title='bbox 2983 3236 3253 3308; x_wconf 85' lang='grc' dir='ltr'>μένουσαν</span> <span class='ocrx_word' id='word_1_576' title='bbox 3309 3236 3405 3289; x_wconf 76' lang='grc' dir='ltr'>καὶ</span> <span class='ocrx_word' id='word_1_577' title='bbox 3458 3234 3657 3303; x_wconf 70' lang='grc' dir='ltr'>ἀπλανῆ</span> 
     </span>
    </p>
   </div>
   <div class='ocr_carea' id='block_1_79' title="bbox 2085 3328 3659 3400">
    <p class='ocr_par' dir='ltr' id='par_1_79' title="bbox 2085 3328 3659 3400">
     <span class='ocr_line' id='line_1_79' title="bbox 2085 3328 3659 3400; baseline -0.003 -14"><span class='ocrx_word' id='word_1_578' title='bbox 2085 3332 2367 3386; x_wconf 87' lang='grc' dir='ltr'>πολιτείαν</span> <span class='ocrx_word' id='word_1_579' title='bbox 2396 3331 2827 3400; x_wconf 80' lang='grc' dir='ltr'>ἀπαλλαξαμένη</span> <span class='ocrx_word' id='word_1_580' title='bbox 2856 3329 2956 3399; x_wconf 83' lang='grc' dir='ltr'>τῆς</span> <span class='ocrx_word' id='word_1_581' title='bbox 2982 3329 3348 3400; x_wconf 76' lang='grc' dir='ltr'>πλανωμένης</span> <span class='ocrx_word' id='word_1_582' title='bbox 3380 3329 3480 3382; x_wconf 77' lang='grc' dir='ltr'>καὶ</span> <span class='ocrx_word' id='word_1_583' title='bbox 3523 3328 3659 3399; x_wconf 77' lang='grc' dir='ltr'>διαρ-</span> 
     </span>
    </p>
   </div>
   <div class='ocr_carea' id='block_1_80' title="bbox 2085 3421 3658 3499">
    <p class='ocr_par' dir='ltr' id='par_1_80' title="bbox 2085 3421 3658 3499">
     <span class='ocr_line' id='line_1_80' title="bbox 2085 3421 3658 3499; baseline -0.002 -22"><span class='ocrx_word' id='word_1_584' title='bbox 2085 3426 2315 3499; x_wconf 76' lang='grc' dir='ltr'>ῥεούσης</span> <span class='ocrx_word' id='word_1_585' title='bbox 2346 3425 2484 3497; x_wconf 76' lang='grc' dir='ltr'>πρὸς</span> <span class='ocrx_word' id='word_1_586' title='bbox 2526 3423 2865 3495; x_wconf 88' lang='grc' dir='ltr'>ματαιότητα</span> <span class='ocrx_word' id='word_1_587' title='bbox 2884 3440 2897 3454; x_wconf 75' lang='grc' dir='ltr'><strong>ο</strong></span> <span class='ocrx_word' id='word_1_588' title='bbox 2930 3423 3106 3476; x_wconf 81' lang='grc' dir='ltr'>ταῦτα</span> <span class='ocrx_word' id='word_1_589' title='bbox 3132 3422 3207 3493; x_wconf 81' lang='grc' dir='ltr'>τῷ</span> <span class='ocrx_word' id='word_1_590' title='bbox 3237 3421 3658 3492; x_wconf 74' lang='grc' dir='ltr'>αἱνιγματίζοντι</span> 
     </span>
    </p>
   </div>
   <div class='ocr_carea' id='block_1_81' title="bbox 2085 3513 3396 3588">
    <p class='ocr_par' dir='ltr' id='par_1_81' title="bbox 2085 3513 3396 3588">
     <span class='ocr_line' id='line_1_81' title="bbox 2085 3513 3396 3588; baseline -0.002 -18"><span class='ocrx_word' id='word_1_591' title='bbox 2085 3518 2181 3571; x_wconf 61' lang='grc' dir='ltr'><strong>καὶ⁵</strong></span> <span class='ocrx_word' id='word_1_592' title='bbox 2211 3517 2640 3588; x_wconf 81' lang='grc' dir='ltr'>συντετμημένῳ</span> <span class='ocrx_word' id='word_1_593' title='bbox 2671 3515 2815 3586; x_wconf 83' lang='grc' dir='ltr'>λόγῳ</span> <span class='ocrx_word' id='word_1_594' title='bbox 2847 3513 3085 3581; x_wconf 81' lang='grc' dir='ltr'>διεξιὼν,</span> <span class='ocrx_word' id='word_1_595' title='bbox 3116 3514 3396 3585; x_wconf 73' lang='grc' dir='ltr'>ἐπιφέρει.</span> 
     </span>
    </p>
   </div>
   <div class='ocr_carea' id='block_1_82' title="bbox 2161 3605 3659 3679">
    <p class='ocr_par' dir='ltr' id='par_1_82' title="bbox 2161 3605 3659 3679">
     <span class='ocr_line' id='line_1_82' title="bbox 2161 3605 3659 3679; baseline -0.004 -17"><span class='ocrx_word' id='word_1_596' title='bbox 2161 3629 2179 3662; x_wconf 72' lang='grc' dir='ltr'><strong>ι</strong></span> <span class='ocrx_word' id='word_1_597' title='bbox 2221 3608 2286 3662; x_wconf 81' lang='grc' dir='ltr'><strong><em>Ἢ</em></strong></span> <span class='ocrx_word' id='word_1_598' title='bbox 2308 3608 2365 3662; x_wconf 83' lang='grc' dir='ltr'>δὲ</span> <span class='ocrx_word' id='word_1_599' title='bbox 2402 3609 2475 3679; x_wconf 81' lang='grc' dir='ltr'>γῆ</span> <span class='ocrx_word' id='word_1_600' title='bbox 2523 3610 2603 3671; x_wconf 78' lang='grc' dir='ltr'>εἰς</span> <span class='ocrx_word' id='word_1_601' title='bbox 2648 3607 2744 3661; x_wconf 80' lang='grc' dir='ltr'>τὸν</span> <span class='ocrx_word' id='word_1_602' title='bbox 2764 3606 2935 3660; x_wconf 74' lang='grc' dir='ltr'>αἰῶνα</span> <span class='ocrx_word' id='word_1_603' title='bbox 2966 3606 3229 3677; x_wconf 75' lang='grc' dir='ltr'>ἕστηκεν·</span> <span class='ocrx_word' id='word_1_604' title='bbox 3277 3625 3297 3658; x_wconf 75' lang='grc' dir='ltr'><strong>ι</strong></span> <span class='ocrx_word' id='word_1_605' title='bbox 3353 3606 3529 3659; x_wconf 78' lang='grc' dir='ltr'>αἰῶνα</span> <span class='ocrx_word' id='word_1_606' title='bbox 3572 3605 3659 3675; x_wconf 71' lang='grc' dir='ltr'>μὶν</span> 
     </span>
    </p>
   </div>
   <div class='ocr_carea' id='block_1_83' title="bbox 2084 3692 3659 3771">
    <p class='ocr_par' dir='ltr' id='par_1_83' title="bbox 2084 3692 3659 3771">
     <span class='ocr_line' id='line_1_83' title="bbox 2084 3692 3659 3771; baseline -0.005 -15"><span class='ocrx_word' id='word_1_607' title='bbox 2084 3702 2266 3756; x_wconf 85' lang='grc' dir='ltr'>καλῶν</span> <span class='ocrx_word' id='word_1_608' title='bbox 2300 3701 2393 3755; x_wconf 83' lang='grc' dir='ltr'><strong>τὸν</strong></span> <span class='ocrx_word' id='word_1_609' title='bbox 2430 3701 2620 3771; x_wconf 82' lang='grc' dir='ltr'>χρόνον</span> <span class='ocrx_word' id='word_1_610' title='bbox 2652 3702 2710 3752; x_wconf 84' lang='grc' dir='ltr'><strong>ὲν</strong></span> <span class='ocrx_word' id='word_1_611' title='bbox 2745 3692 2901 3769; x_wconf 82' lang='grc' dir='ltr'>ᾧπερ</span> <span class='ocrx_word' id='word_1_612' title='bbox 2920 3698 3072 3769; x_wconf 78' lang='grc' dir='ltr'>ἥλιος</span> <span class='ocrx_word' id='word_1_613' title='bbox 3109 3698 3258 3769; x_wconf 79' lang='grc' dir='ltr'>καὶὴ</span> <span class='ocrx_word' id='word_1_614' title='bbox 3294 3697 3492 3768; x_wconf 77' lang='grc' dir='ltr'>σελήνη</span> <span class='ocrx_word' id='word_1_615' title='bbox 3527 3696 3659 3764; x_wconf 72' lang='grc' dir='ltr'>καὶὴ</span> 
     </span>
    </p>
   </div>
   <div class='ocr_carea' id='block_1_84' title="bbox 2083 3789 3656 3865">
    <p class='ocr_par' dir='ltr' id='par_1_84' title="bbox 2083 3789 3656 3865">
     <span class='ocr_line' id='line_1_84' title="bbox 2083 3789 3656 3865; baseline -0.006 -17"><span class='ocrx_word' id='word_1_616' title='bbox 2083 3794 2192 3849; x_wconf 84' lang='grc' dir='ltr'><strong>τῶν</strong></span> <span class='ocrx_word' id='word_1_617' title='bbox 2222 3795 2439 3865; x_wconf 83' lang='grc' dir='ltr'>ἄστρων</span> <span class='ocrx_word' id='word_1_618' title='bbox 2479 3792 2667 3864; x_wconf 87' lang='grc' dir='ltr'>χορεία</span> <span class='ocrx_word' id='word_1_619' title='bbox 2722 3792 2817 3845; x_wconf 77' lang='grc' dir='ltr'>καὶ</span> <span class='ocrx_word' id='word_1_620' title='bbox 2865 3790 3027 3845; x_wconf 76' lang='grc' dir='ltr'>αὐτὸς</span> <span class='ocrx_word' id='word_1_621' title='bbox 3062 3793 3090 3843; x_wconf 87' lang='grc' dir='ltr'>ὁ</span> <span class='ocrx_word' id='word_1_622' title='bbox 3134 3790 3389 3860; x_wconf 81' lang='grc' dir='ltr'>οὐράνιος</span> <span class='ocrx_word' id='word_1_623' title='bbox 3425 3789 3580 3850; x_wconf 78' lang='grc' dir='ltr'>πόλος</span> <span class='ocrx_word' id='word_1_624' title='bbox 3608 3790 3656 3840; x_wconf 83' lang='grc' dir='ltr'>ὲν</span> 
     </span>
    </p>
   </div>
   <div class='ocr_carea' id='block_1_85' title="bbox 2085 3882 3658 3957">
    <p class='ocr_par' dir='ltr' id='par_1_85' title="bbox 2085 3882 3658 3957">
     <span class='ocr_line' id='line_1_85' title="bbox 2085 3882 3658 3957; baseline -0.006 -16"><span class='ocrx_word' id='word_1_625' title='bbox 2085 3887 2351 3957; x_wconf 85' lang='grc' dir='ltr'>ἀντιθέτῳ</span> <span class='ocrx_word' id='word_1_626' title='bbox 2378 3886 2574 3957; x_wconf 78' lang='grc' dir='ltr'>πορεία</span> <span class='ocrx_word' id='word_1_627' title='bbox 2598 3884 2700 3955; x_wconf 85' lang='grc' dir='ltr'><strong>τὴν</strong></span> <span class='ocrx_word' id='word_1_628' title='bbox 2734 3882 2996 3937; x_wconf 73' lang='grc' dir='ltr'>εὔτακτόν</span> <span class='ocrx_word' id='word_1_629' title='bbox 3026 3900 3086 3936; x_wconf 90' lang='grc' dir='ltr'><strong>τε</strong></span> <span class='ocrx_word' id='word_1_630' title='bbox 3112 3885 3207 3937; x_wconf 71' lang='grc' dir='ltr'>καὶ</span> <span class='ocrx_word' id='word_1_631' title='bbox 3224 3882 3544 3954; x_wconf 77' lang='grc' dir='ltr'>ἐναρμόνιον</span> <span class='ocrx_word' id='word_1_632' title='bbox 3576 3898 3658 3951; x_wconf 74' lang='grc' dir='ltr'>φο-</span> 
     </span>
    </p>
   </div>
   <div class='ocr_carea' id='block_1_86' title="bbox 2088 3975 3658 4053">
    <p class='ocr_par' dir='ltr' id='par_1_86' title="bbox 2088 3975 3658 4053">
     <span class='ocr_line' id='line_1_86' title="bbox 2088 3975 3658 4053; baseline -0.006 -19"><span class='ocrx_word' id='word_1_633' title='bbox 2088 3982 2186 4053; x_wconf 76' lang='grc' dir='ltr'>ρὰν</span> <span class='ocrx_word' id='word_1_634' title='bbox 2228 3980 2363 4052; x_wconf 85' lang='grc' dir='ltr'>πρὸς</span> <span class='ocrx_word' id='word_1_635' title='bbox 2388 3978 2613 4051; x_wconf 74' lang='grc' dir='ltr'>ἡμερῶν</span> <span class='ocrx_word' id='word_1_636' title='bbox 2645 3979 2739 4032; x_wconf 77' lang='grc' dir='ltr'>καὶ</span> <span class='ocrx_word' id='word_1_637' title='bbox 2770 3978 2982 4033; x_wconf 83' lang='grc' dir='ltr'>νυκτῶν</span> <span class='ocrx_word' id='word_1_638' title='bbox 3010 3978 3108 4030; x_wconf 68' lang='grc' dir='ltr'><strong>καλ⁸</strong></span> <span class='ocrx_word' id='word_1_639' title='bbox 3154 3977 3364 4046; x_wconf 87' lang='grc' dir='ltr'>καιρῶν</span> <span class='ocrx_word' id='word_1_640' title='bbox 3403 3975 3658 4047; x_wconf 81' lang='grc' dir='ltr'>διάκρισὶν</span> 
     </span>
    </p>
   </div>
   <div class='ocr_carea' id='block_1_87' title="bbox 2083 4067 3657 4139">
    <p class='ocr_par' dir='ltr' id='par_1_87' title="bbox 2083 4067 3657 4139">
     <span class='ocr_line' id='line_1_87' title="bbox 2083 4067 3657 4139; baseline -0.005 -11"><span class='ocrx_word' id='word_1_641' title='bbox 2083 4092 2143 4128; x_wconf 84' lang='grc' dir='ltr'><strong>τε</strong></span> <span class='ocrx_word' id='word_1_642' title='bbox 2176 4074 2269 4127; x_wconf 78' lang='grc' dir='ltr'><strong>καὶ</strong></span> <span class='ocrx_word' id='word_1_643' title='bbox 2292 4072 2738 4127; x_wconf 77' lang='grc' dir='ltr'>ἀποκατάστασιν</span> <span class='ocrx_word' id='word_1_644' title='bbox 2783 4069 3131 4123; x_wconf 85' lang='grc' dir='ltr'>ἀνελίσσουσι</span> <span class='ocrx_word' id='word_1_645' title='bbox 3150 4084 3164 4097; x_wconf 78' lang='grc' dir='ltr'><strong>ο</strong></span> <span class='ocrx_word' id='word_1_646' title='bbox 3209 4067 3311 4139; x_wconf 79' lang='grc' dir='ltr'>τὴν</span> <span class='ocrx_word' id='word_1_647' title='bbox 3344 4067 3452 4139; x_wconf 80' lang='grc' dir='ltr'>γῆν</span> <span class='ocrx_word' id='word_1_648' title='bbox 3480 4068 3536 4121; x_wconf 76' lang='grc' dir='ltr'>δὲ</span> <span class='ocrx_word' id='word_1_649' title='bbox 3564 4068 3657 4120; x_wconf 64' lang='lat' dir='ltr'><strong>rai-</strong></span> 
     </span>
    </p>
   </div>
   <div class='ocr_carea' id='block_1_88' title="bbox 2083 4160 3658 4236">
    <p class='ocr_par' dir='ltr' id='par_1_88' title="bbox 2083 4160 3658 4236">
     <span class='ocr_line' id='line_1_88' title="bbox 2083 4160 3658 4236; baseline -0.004 -18"><span class='ocrx_word' id='word_1_650' title='bbox 2083 4167 2167 4220; x_wconf 91' lang='grc' dir='ltr'><strong>λιν</strong></span> <span class='ocrx_word' id='word_1_651' title='bbox 2201 4164 2532 4236; x_wconf 75' lang='grc' dir='ltr'>παραλαϐὼν</span> <span class='ocrx_word' id='word_1_652' title='bbox 2566 4166 2652 4218; x_wconf 78' lang='grc' dir='ltr'><strong>ἐπ’</strong></span> <span class='ocrx_word' id='word_1_653' title='bbox 2684 4163 2893 4233; x_wconf 76' lang='grc' dir='ltr'>ἐλέγχῳ</span> <span class='ocrx_word' id='word_1_654' title='bbox 2917 4161 3017 4231; x_wconf 75' lang='grc' dir='ltr'>τῆς</span> <span class='ocrx_word' id='word_1_655' title='bbox 3073 4161 3308 4231; x_wconf 73' lang='grc' dir='ltr'>σπουδῆς</span> <span class='ocrx_word' id='word_1_656' title='bbox 3343 4160 3454 4213; x_wconf 78' lang='grc' dir='ltr'><strong>τῶν</strong></span> <span class='ocrx_word' id='word_1_657' title='bbox 3502 4177 3658 4214; x_wconf 84' lang='grc' dir='ltr'>κατα-</span> 
     </span>
    </p>
   </div>
   <div class='ocr_carea' id='block_1_89' title="bbox 2083 4250 3659 4327">
    <p class='ocr_par' dir='ltr' id='par_1_89' title="bbox 2083 4250 3659 4327">
     <span class='ocr_line' id='line_1_89' title="bbox 2083 4250 3659 4327; baseline -0.004 -17"><span class='ocrx_word' id='word_1_658' title='bbox 2083 4255 2391 4327; x_wconf 80' lang='grc' dir='ltr'>τριψάντων</span> <span class='ocrx_word' id='word_1_659' title='bbox 2420 4254 2599 4308; x_wconf 81' lang='grc' dir='ltr'>αὐτῶν</span> <span class='ocrx_word' id='word_1_660' title='bbox 2620 4254 2746 4316; x_wconf 78' lang='grc' dir='ltr'>τοὺς</span> <span class='ocrx_word' id='word_1_661' title='bbox 2773 4251 3071 4319; x_wconf 74' lang='grc' dir='ltr'>λογισμοὺς</span> <span class='ocrx_word' id='word_1_662' title='bbox 3108 4250 3203 4303; x_wconf 79' lang='grc' dir='ltr'>καὶ</span> <span class='ocrx_word' id='word_1_663' title='bbox 3247 4250 3659 4303; x_wconf 78' lang='grc' dir='ltr'>καταναλωσάν-</span> 
     </span>
    </p>
   </div>
   <div class='ocr_carea' id='block_1_90' title="bbox 2084 4334 3659 4420">
    <p class='ocr_par' dir='ltr' id='par_1_90' title="bbox 2084 4334 3659 4420">
     <span class='ocr_line' id='line_1_90' title="bbox 2084 4334 3659 4420; baseline -0.004 -20"><span class='ocrx_word' id='word_1_664' title='bbox 2084 4366 2191 4401; x_wconf 90' lang='grc' dir='ltr'><strong>των</strong></span> <span class='ocrx_word' id='word_1_665' title='bbox 2221 4348 2319 4420; x_wconf 82' lang='grc' dir='ltr'>τὴν</span> <span class='ocrx_word' id='word_1_666' title='bbox 2357 4344 2682 4417; x_wconf 83' lang='grc' dir='ltr'>προαίρεσιν</span> <span class='ocrx_word' id='word_1_667' title='bbox 2711 4344 2841 4413; x_wconf 69' lang='grc' dir='ltr'>περὶ</span> <span class='ocrx_word' id='word_1_668' title='bbox 2873 4342 2943 4395; x_wconf 80' lang='grc' dir='ltr'>τὰ</span> <span class='ocrx_word' id='word_1_669' title='bbox 2984 4342 3215 4412; x_wconf 82' lang='grc' dir='ltr'>μάταια,</span> <span class='ocrx_word' id='word_1_670' title='bbox 3256 4341 3375 4394; x_wconf 82' lang='grc' dir='ltr'>ἀνθ’</span> <span class='ocrx_word' id='word_1_671' title='bbox 3397 4334 3474 4395; x_wconf 83' lang='grc' dir='ltr'>ὧν</span> <span class='ocrx_word' id='word_1_672' title='bbox 3507 4342 3659 4411; x_wconf 60' lang='grc' dir='ltr'>ὤφει-</span> 
     </span>
    </p>
   </div>
   <div class='ocr_carea' id='block_1_91' title="bbox 2084 4432 3659 4509">
    <p class='ocr_par' dir='ltr' id='par_1_91' title="bbox 2084 4432 3659 4509">
     <span class='ocr_line' id='line_1_91' title="bbox 2084 4432 3659 4509; baseline -0.005 -17"><span class='ocrx_word' id='word_1_673' title='bbox 2084 4439 2174 4493; x_wconf 89' lang='grc' dir='ltr'><strong>λον</strong></span> <span class='ocrx_word' id='word_1_674' title='bbox 2233 4438 2629 4509; x_wconf 82' lang='grc' dir='ltr'>ὲμφιλοχωρεῖν</span> <span class='ocrx_word' id='word_1_675' title='bbox 2696 4438 2809 4499; x_wconf 88' lang='grc' dir='ltr'>τοῖς</span> <span class='ocrx_word' id='word_1_676' title='bbox 2858 4433 3230 4505; x_wconf 81' lang='grc' dir='ltr'>σωτηριὼδεσι</span> <span class='ocrx_word' id='word_1_677' title='bbox 3293 4435 3387 4486; x_wconf 72' lang='grc' dir='ltr'><strong>καὶ</strong></span> <span class='ocrx_word' id='word_1_678' title='bbox 3427 4435 3553 4504; x_wconf 78' lang='grc' dir='ltr'>περὶ</span> <span class='ocrx_word' id='word_1_679' title='bbox 3599 4432 3659 4485; x_wconf 75' lang='grc' dir='ltr'>τὰ</span> 
     </span>
    </p>
   </div>
   <div class='ocr_carea' id='block_1_92' title="bbox 397 4525 1974 4604">
    <p class='ocr_par' dir='ltr' id='par_1_92' title="bbox 397 4525 1974 4595">
     <span class='ocr_line' id='line_1_92' title="bbox 397 4525 1974 4595; baseline 0.002 -16"><span class='ocrx_word' id='word_1_680' title='bbox 397 4525 545 4581; x_wconf 82' lang='lat' dir='ltr'><strong>enim</strong></span> <span class='ocrx_word' id='word_1_681' title='bbox 566 4566 583 4593; x_wconf 93' lang='lat'><strong>,</strong></span> <span class='ocrx_word' id='word_1_682' title='bbox 612 4540 647 4581; x_wconf 86' lang='grc' dir='ltr'><strong>ο</strong></span> <span class='ocrx_word' id='word_1_683' title='bbox 679 4526 843 4579; x_wconf 90' lang='lat' dir='ltr'><strong>homo</strong></span> <span class='ocrx_word' id='word_1_684' title='bbox 863 4565 879 4587; x_wconf 89' lang='lat'><strong>,</strong></span> <span class='ocrx_word' id='word_1_685' title='bbox 909 4525 1130 4592; x_wconf 89' lang='lat' dir='ltr'><strong>dicens,</strong></span> <span class='ocrx_word' id='word_1_686' title='bbox 1178 4541 1245 4579; x_wconf 83' lang='lat' dir='ltr'><strong>ex</strong></span> <span class='ocrx_word' id='word_1_687' title='bbox 1288 4535 1436 4581; x_wconf 89' lang='lat' dir='ltr'><strong>tanta</strong></span> <span class='ocrx_word' id='word_1_688' title='bbox 1470 4526 1880 4595; x_wconf 83' lang='lat' dir='ltr'><strong>importunitate</strong></span> <span class='ocrx_word' id='word_1_689' title='bbox 1920 4538 1974 4582; x_wconf 92' lang='lat' dir='ltr'><strong>et</strong></span> 
     </span>
    </p>
   </div>
   <div class='ocr_carea' id='block_1_93' title="bbox 2085 4525 3660 4604">
    <p class='ocr_par' dir='ltr' id='par_1_93' title="bbox 2085 4526 3660 4604">
     <span class='ocr_line' id='line_1_93' title="bbox 2085 4526 3660 4604; baseline -0.006 -18"><span class='ocrx_word' id='word_1_690' title='bbox 2085 4532 2288 4604; x_wconf 77' lang='grc' dir='ltr'>ψυχικά</span> <span class='ocrx_word' id='word_1_691' title='bbox 2318 4529 2722 4602; x_wconf 81' lang='grc' dir='ltr'>φιλοπονεῖσθαι</span> <span class='ocrx_word' id='word_1_692' title='bbox 2754 4526 2941 4598; x_wconf 82' lang='grc' dir='ltr'>κέρδη.</span> <span class='ocrx_word' id='word_1_693' title='bbox 2984 4528 3303 4598; x_wconf 75' lang='grc' dir='ltr'>Μονονουχὶ,</span> <span class='ocrx_word' id='word_1_694' title='bbox 3335 4526 3402 4579; x_wconf 88' lang='grc' dir='ltr'>Τί</span> <span class='ocrx_word' id='word_1_695' title='bbox 3434 4527 3558 4599; x_wconf 79' lang='grc' dir='ltr'>γὰρ,</span> <span class='ocrx_word' id='word_1_696' title='bbox 3579 4526 3660 4579; x_wconf 82' lang='grc' dir='ltr'>ἀν-</span> 
     </span>
    </p>
   </div>
   <div class='ocr_carea' id='block_1_94' title="bbox 399 4615 1982 4687">
    <p class='ocr_par' dir='ltr' id='par_1_94' title="bbox 399 4615 1982 4687">
     <span class='ocr_line' id='line_1_94' title="bbox 399 4615 1982 4687; baseline 0.001 -16"><span class='ocrx_word' id='word_1_697' title='bbox 399 4617 584 4671; x_wconf 75' lang='lat' dir='ltr'><strong>studio</strong></span> <span class='ocrx_word' id='word_1_698' title='bbox 616 4616 861 4671; x_wconf 87' lang='lat' dir='ltr'><strong>lucratus</strong></span> <span class='ocrx_word' id='word_1_699' title='bbox 908 4616 1012 4670; x_wconf 85' lang='lat' dir='ltr'><strong>es?</strong></span> <span class='ocrx_word' id='word_1_700' title='bbox 1065 4615 1261 4672; x_wconf 81' lang='lat' dir='ltr'><strong>Nonne</strong></span> <span class='ocrx_word' id='word_1_701' title='bbox 1310 4616 1566 4671; x_wconf 89' lang='lat' dir='ltr'><strong>similiter</strong></span> <span class='ocrx_word' id='word_1_702' title='bbox 1602 4617 1834 4670; x_wconf 90' lang='lat' dir='ltr'><strong>aliorum</strong></span> <span class='ocrx_word' id='word_1_703' title='bbox 1888 4619 1982 4687; x_wconf 88' lang='lat' dir='ltr'><strong>qui</strong></span> 
     </span>
    </p>
   </div>
   <div class='ocr_carea' id='block_1_95' title="bbox 400 4710 1986 4780">
    <p class='ocr_par' dir='ltr' id='par_1_95' title="bbox 400 4710 1986 4780">
     <span class='ocr_line' id='line_1_95' title="bbox 400 4710 1986 4780; baseline 0.001 -17"><span class='ocrx_word' id='word_1_704' title='bbox 400 4710 604 4764; x_wconf 81' lang='lat' dir='ltr'><strong>nullam</strong></span> <span class='ocrx_word' id='word_1_705' title='bbox 637 4711 797 4765; x_wconf 87' lang='lat' dir='ltr'><strong>talem</strong></span> <span class='ocrx_word' id='word_1_706' title='bbox 827 4710 1196 4764; x_wconf 75' lang='lat' dir='ltr'><strong>turbationem</strong></span> <span class='ocrx_word' id='word_1_707' title='bbox 1225 4714 1623 4773; x_wconf 88' lang='lat' dir='ltr'><strong>sustinuerunt,</strong></span> <span class='ocrx_word' id='word_1_708' title='bbox 1658 4724 1836 4780; x_wconf 90' lang='lat' dir='ltr'><strong>neque</strong></span> <span class='ocrx_word' id='word_1_709' title='bbox 1866 4711 1986 4765; x_wconf 89' lang='lat' dir='ltr'><strong>tali-</strong></span> 
     </span>
    </p>
   </div>
   <div class='ocr_carea' id='block_1_96' title="bbox 402 4799 1986 4873">
    <p class='ocr_par' dir='ltr' id='par_1_96' title="bbox 402 4799 1986 4873">
     <span class='ocr_line' id='line_1_96' title="bbox 402 4799 1986 4873; baseline 0.001 -17"><span class='ocrx_word' id='word_1_710' title='bbox 402 4802 508 4857; x_wconf 84' lang='lat' dir='ltr'><strong>bus</strong></span> <span class='ocrx_word' id='word_1_711' title='bbox 539 4801 805 4857; x_wconf 70' lang='lat' dir='ltr'><strong>fluctuum</strong></span> <span class='ocrx_word' id='word_1_712' title='bbox 847 4803 1101 4873; x_wconf 81' lang='lat' dir='ltr'><strong>procellis</strong></span> <span class='ocrx_word' id='word_1_713' title='bbox 1126 4802 1317 4872; x_wconf 71' lang='lat' dir='ltr'><strong>iactati</strong></span> <span class='ocrx_word' id='word_1_714' title='bbox 1357 4802 1530 4857; x_wconf 84' lang='lat' dir='ltr'><strong>sunt?</strong></span> <span class='ocrx_word' id='word_1_715' title='bbox 1572 4799 1764 4856; x_wconf 82' lang='lat' dir='ltr'><strong>Nonne</strong></span> <span class='ocrx_word' id='word_1_716' title='bbox 1793 4816 1986 4872; x_wconf 84' lang='lat' dir='ltr'><strong>quem-</strong></span> 
     </span>
    </p>
   </div>
   <div class='ocr_carea' id='block_1_97' title="bbox 403 4893 1987 4949">
    <p class='ocr_par' dir='ltr' id='par_1_97' title="bbox 403 4893 1987 4949">
     <span class='ocr_line' id='line_1_97' title="bbox 403 4893 1987 4949; baseline 0.001 -3"><span class='ocrx_word' id='word_1_717' title='bbox 403 4893 700 4949; x_wconf 86' lang='lat' dir='ltr'><strong>admodum</strong></span> <span class='ocrx_word' id='word_1_718' title='bbox 754 4894 881 4949; x_wconf 85' lang='lat' dir='ltr'><strong>illis&#39;</strong></span> <span class='ocrx_word' id='word_1_719' title='bbox 912 4903 968 4949; x_wconf 89' lang='lat' dir='ltr'><strong>ct</strong></span> <span class='ocrx_word' id='word_1_720' title='bbox 1008 4896 1237 4949; x_wconf 86' lang='lat' dir='ltr'><strong>veniens</strong></span> <span class='ocrx_word' id='word_1_721' title='bbox 1286 4894 1441 4949; x_wconf 86' lang='lat' dir='ltr'><strong>venis</strong></span> <span class='ocrx_word' id='word_1_722' title='bbox 1492 4903 1548 4948; x_wconf 90' lang='lat' dir='ltr'><strong>et</strong></span> <span class='ocrx_word' id='word_1_723' title='bbox 1589 4894 1709 4949; x_wconf 89' lang='lat' dir='ltr'><strong>abis</strong></span> <span class='ocrx_word' id='word_1_724' title='bbox 1753 4894 1987 4949; x_wconf 89' lang='lat' dir='ltr'><strong>abiens?</strong></span> 
     </span>
    </p>
   </div>
   <div class='ocr_carea' id='block_1_98' title="bbox 404 4986 1988 5057">
    <p class='ocr_par' dir='ltr' id='par_1_98' title="bbox 404 4986 1988 5057">
     <span class='ocr_line' id='line_1_98' title="bbox 404 4986 1988 5057; baseline 0.001 -15"><span class='ocrx_word' id='word_1_725' title='bbox 404 4986 638 5054; x_wconf 82' lang='lat' dir='ltr'><strong>teipsnm</strong></span> <span class='ocrx_word' id='word_1_726' title='bbox 679 5002 809 5042; x_wconf 88' lang='lat' dir='ltr'><strong>vero</strong></span> <span class='ocrx_word' id='word_1_727' title='bbox 848 4988 1077 5041; x_wconf 87' lang='lat' dir='ltr'><strong>omnino</strong></span> <span class='ocrx_word' id='word_1_728' title='bbox 1126 4987 1327 5042; x_wconf 91' lang='lat' dir='ltr'><strong>misere</strong></span> <span class='ocrx_word' id='word_1_729' title='bbox 1384 4987 1628 5057; x_wconf 90' lang='lat' dir='ltr'><strong>privabis</strong></span> <span class='ocrx_word' id='word_1_730' title='bbox 1683 4988 1988 5043; x_wconf 78' lang='lat' dir='ltr'><strong>felicitate?</strong></span> 
     </span>
    </p>
   </div>
   <div class='ocr_carea' id='block_1_99' title="bbox 402 5079 1989 5149">
    <p class='ocr_par' dir='ltr' id='par_1_99' title="bbox 402 5079 1989 5149">
     <span class='ocr_line' id='line_1_99' title="bbox 402 5079 1989 5149; baseline -0.001 -15"><span class='ocrx_word' id='word_1_731' title='bbox 402 5079 604 5149; x_wconf 84' lang='lat' dir='ltr'><strong>quibus</strong></span> <span class='ocrx_word' id='word_1_732' title='bbox 631 5094 699 5134; x_wconf 88' lang='lat' dir='ltr'><strong>ea</strong></span> <span class='ocrx_word' id='word_1_733' title='bbox 726 5095 849 5149; x_wconf 78' lang='lat' dir='ltr'><strong>qua:</strong></span> <span class='ocrx_word' id='word_1_734' title='bbox 878 5094 1043 5148; x_wconf 86' lang='lat' dir='ltr'><strong>super</strong></span> <span class='ocrx_word' id='word_1_735' title='bbox 1074 5079 1246 5134; x_wconf 89' lang='lat' dir='ltr'><strong>solem</strong></span> <span class='ocrx_word' id='word_1_736' title='bbox 1279 5090 1406 5135; x_wconf 89' lang='lat' dir='ltr'><strong>sunt</strong></span> <span class='ocrx_word' id='word_1_737' title='bbox 1435 5090 1744 5149; x_wconf 68' lang='lat' dir='ltr'><strong>quaerentes</strong></span> <span class='ocrx_word' id='word_1_738' title='bbox 1774 5089 1828 5135; x_wconf 88' lang='lat' dir='ltr'><strong>et</strong></span> <span class='ocrx_word' id='word_1_739' title='bbox 1865 5081 1989 5149; x_wconf 89' lang='lat' dir='ltr'><strong>phi-</strong></span> 
     </span>
    </p>
   </div>
   <div class='ocr_carea' id='block_1_100' title="bbox 404 5168 1989 5242">
    <p class='ocr_par' dir='ltr' id='par_1_100' title="bbox 404 5168 1989 5242">
     <span class='ocr_line' id='line_1_100' title="bbox 404 5168 1989 5242; baseline 0.001 -19"><span class='ocrx_word' id='word_1_740' title='bbox 404 5170 759 5242; x_wconf 76' lang='lat' dir='ltr'><strong>losophantes</strong></span> <span class='ocrx_word' id='word_1_741' title='bbox 813 5170 1090 5225; x_wconf 69' lang='lat' dir='ltr'><strong>fruuntur.</strong></span> <span class='ocrx_word' id='word_1_742' title='bbox 1154 5168 1224 5225; x_wconf 91' lang='lat' dir='ltr'><strong>Et</strong></span> <span class='ocrx_word' id='word_1_743' title='bbox 1273 5172 1419 5237; x_wconf 89' lang='lat' dir='ltr'><strong>quod</strong></span> <span class='ocrx_word' id='word_1_744' title='bbox 1477 5171 1841 5226; x_wconf 88' lang='lat' dir='ltr'><strong>miserrimum</strong></span> <span class='ocrx_word' id='word_1_745' title='bbox 1904 5180 1989 5225; x_wconf 82' lang='lat' dir='ltr'><strong>est</strong></span> 
     </span>
    </p>
   </div>
   <div class='ocr_carea' id='block_1_101' title="bbox 404 5262 1987 5334">
    <p class='ocr_par' dir='ltr' id='par_1_101' title="bbox 404 5262 1987 5334">
     <span class='ocr_line' id='line_1_101' title="bbox 404 5262 1987 5334; baseline -0.001 -17"><span class='ocrx_word' id='word_1_746' title='bbox 404 5264 585 5334; x_wconf 81' lang='lat' dir='ltr'><strong>quoad</strong></span> <span class='ocrx_word' id='word_1_747' title='bbox 625 5264 922 5318; x_wconf 90' lang='lat' dir='ltr'><strong>multorum</strong></span> <span class='ocrx_word' id='word_1_748' title='bbox 971 5262 1221 5318; x_wconf 89' lang='lat' dir='ltr'><strong>laborum</strong></span> <span class='ocrx_word' id='word_1_749' title='bbox 1266 5272 1324 5317; x_wconf 87' lang='lat' dir='ltr'><strong>et</strong></span> <span class='ocrx_word' id='word_1_750' title='bbox 1371 5263 1746 5319; x_wconf 83' lang='lat' dir='ltr'><strong>molestiarum</strong></span> <span class='ocrx_word' id='word_1_751' title='bbox 1793 5264 1987 5318; x_wconf 84' lang='lat' dir='ltr'><strong>discri-</strong></span> 
     </span>
    </p>
   </div>
   <div class='ocr_carea' id='block_1_102' title="bbox 406 5353 1985 5427">
    <p class='ocr_par' dir='ltr' id='par_1_102' title="bbox 406 5353 1985 5427">
     <span class='ocr_line' id='line_1_102' title="bbox 406 5353 1985 5427; baseline -0.001 -15"><span class='ocrx_word' id='word_1_752' title='bbox 406 5373 530 5412; x_wconf 90' lang='lat' dir='ltr'><strong>men</strong></span> <span class='ocrx_word' id='word_1_753' title='bbox 558 5398 571 5425; x_wconf 87' lang='lat'><strong>,</strong></span> <span class='ocrx_word' id='word_1_754' title='bbox 623 5358 727 5413; x_wconf 84' lang='lat' dir='ltr'><strong>heu</strong></span> <span class='ocrx_word' id='word_1_755' title='bbox 766 5357 1111 5412; x_wconf 86' lang='lat' dir='ltr'><strong>intolerabile</strong></span> <span class='ocrx_word' id='word_1_756' title='bbox 1136 5366 1192 5412; x_wconf 90' lang='lat' dir='ltr'><strong>et</strong></span> <span class='ocrx_word' id='word_1_757' title='bbox 1217 5356 1426 5427; x_wconf 87' lang='lat' dir='ltr'><strong>absque</strong></span> <span class='ocrx_word' id='word_1_758' title='bbox 1454 5356 1651 5411; x_wconf 87' lang='lat' dir='ltr'><strong>solatio</strong></span> <span class='ocrx_word' id='word_1_759' title='bbox 1683 5353 1944 5409; x_wconf 90' lang='lat' dir='ltr'><strong>damnum</strong></span> <span class='ocrx_word' id='word_1_760' title='bbox 1970 5356 1985 5411; x_wconf 87' lang='grc' dir='ltr'><strong>ι</strong></span> 
     </span>
    </p>
   </div>
   <div class='ocr_carea' id='block_1_103' title="bbox 407 5446 1988 5521">
    <p class='ocr_par' dir='ltr' id='par_1_103' title="bbox 407 5446 1988 5521">
     <span class='ocr_line' id='line_1_103' title="bbox 407 5446 1988 5521; baseline -0.002 -18"><span class='ocrx_word' id='word_1_761' title='bbox 407 5451 461 5505; x_wconf 92' lang='lat' dir='ltr'><strong>in</strong></span> <span class='ocrx_word' id='word_1_762' title='bbox 489 5448 648 5521; x_wconf 86' lang='lat' dir='ltr'><strong>pejus</strong></span> <span class='ocrx_word' id='word_1_763' title='bbox 677 5448 937 5504; x_wconf 85' lang='lat' dir='ltr'><strong>invenisti</strong></span> <span class='ocrx_word' id='word_1_764' title='bbox 969 5459 1020 5503; x_wconf 93' lang='lat' dir='ltr'><strong>te</strong></span> <span class='ocrx_word' id='word_1_765' title='bbox 1046 5459 1101 5503; x_wconf 88' lang='lat' dir='ltr'><strong>et</strong></span> <span class='ocrx_word' id='word_1_766' title='bbox 1134 5458 1224 5503; x_wconf 92' lang='lat' dir='ltr'><strong>tua</strong></span> <span class='ocrx_word' id='word_1_767' title='bbox 1253 5446 1652 5513; x_wconf 88' lang='lat' dir='ltr'><strong>detrahentem,</strong></span> <span class='ocrx_word' id='word_1_768' title='bbox 1684 5446 1752 5500; x_wconf 88' lang='lat' dir='ltr'><strong>ad</strong></span> <span class='ocrx_word' id='word_1_769' title='bbox 1783 5447 1988 5501; x_wconf 74' lang='lat' dir='ltr'><strong>nullam</strong></span> 
     </span>
    </p>
   </div>
   <div class='ocr_carea' id='block_1_104' title="bbox 405 5536 1989 5597">
    <p class='ocr_par' dir='ltr' id='par_1_104' title="bbox 405 5536 1989 5597">
     <span class='ocr_line' id='line_1_104' title="bbox 405 5536 1989 5597; baseline 0.001 -6"><span class='ocrx_word' id='word_1_770' title='bbox 405 5551 586 5597; x_wconf 83' lang='lat' dir='ltr'><strong>autem</strong></span> <span class='ocrx_word' id='word_1_771' title='bbox 640 5541 928 5597; x_wconf 87' lang='lat' dir='ltr'><strong>meliorum</strong></span> <span class='ocrx_word' id='word_1_772' title='bbox 978 5555 1163 5596; x_wconf 88' lang='lat' dir='ltr'><strong>rerum</strong></span> <span class='ocrx_word' id='word_1_773' title='bbox 1213 5539 1615 5596; x_wconf 89' lang='lat' dir='ltr'><strong>sustollentem.</strong></span> <span class='ocrx_word' id='word_1_774' title='bbox 1662 5536 1797 5593; x_wconf 79' lang='lat' dir='ltr'><strong>Vide</strong></span> <span class='ocrx_word' id='word_1_775' title='bbox 1842 5538 1989 5593; x_wconf 89' lang='lat' dir='ltr'><strong>cnim</strong></span> 
     </span>
    </p>
   </div>
   <div class='ocr_carea' id='block_1_105' title="bbox 407 5633 1993 5704">
    <p class='ocr_par' dir='ltr' id='par_1_105' title="bbox 407 5633 1993 5704">
     <span class='ocr_line' id='line_1_105' title="bbox 407 5633 1993 5704; baseline -0.001 -18"><span class='ocrx_word' id='word_1_776' title='bbox 407 5648 583 5704; x_wconf 89' lang='lat' dir='ltr'><strong>neque</strong></span> <span class='ocrx_word' id='word_1_777' title='bbox 611 5634 678 5689; x_wconf 88' lang='lat' dir='ltr'><strong>ad</strong></span> <span class='ocrx_word' id='word_1_778' title='bbox 715 5634 1020 5690; x_wconf 89' lang='lat' dir='ltr'><strong>inanimum</strong></span> <span class='ocrx_word' id='word_1_779' title='bbox 1054 5634 1198 5689; x_wconf 89' lang='lat' dir='ltr'><strong>istud</strong></span> <span class='ocrx_word' id='word_1_780' title='bbox 1234 5642 1289 5689; x_wconf 88' lang='lat' dir='ltr'><strong>et</strong></span> <span class='ocrx_word' id='word_1_781' title='bbox 1328 5633 1617 5689; x_wconf 87' lang='lat' dir='ltr'><strong>immotum</strong></span> <span class='ocrx_word' id='word_1_782' title='bbox 1648 5638 1705 5685; x_wconf 90' lang='lat' dir='ltr'><strong>ct</strong></span> <span class='ocrx_word' id='word_1_783' title='bbox 1739 5645 1993 5685; x_wconf 89' lang='lat' dir='ltr'><strong>commu-</strong></span> 
     </span>
    </p>
   </div>
   <div class='ocr_carea' id='block_1_106' title="bbox 410 5726 1992 5801">
    <p class='ocr_par' dir='ltr' id='par_1_106' title="bbox 410 5726 1992 5801">
     <span class='ocr_line' id='line_1_106' title="bbox 410 5726 1992 5801; baseline 0.003 -23"><span class='ocrx_word' id='word_1_784' title='bbox 410 5728 549 5782; x_wconf 86' lang='lat' dir='ltr'><strong>niter</strong></span> <span class='ocrx_word' id='word_1_785' title='bbox 577 5730 832 5784; x_wconf 86' lang='lat' dir='ltr'><strong>omnibus</strong></span> <span class='ocrx_word' id='word_1_786' title='bbox 864 5730 1173 5801; x_wconf 83' lang='lat' dir='ltr'><strong>subjectum</strong></span> <span class='ocrx_word' id='word_1_787' title='bbox 1209 5739 1370 5786; x_wconf 72' lang='lat' dir='ltr'><strong>terrae</strong></span> <span class='ocrx_word' id='word_1_788' title='bbox 1400 5726 1815 5784; x_wconf 76' lang='lat' dir='ltr'><strong>fundamentum</strong></span> <span class='ocrx_word' id='word_1_789' title='bbox 1845 5768 1862 5792; x_wconf 88' lang='lat'><strong>,</strong></span> <span class='ocrx_word' id='word_1_790' title='bbox 1896 5743 1992 5783; x_wconf 89' lang='lat' dir='ltr'><strong>ne-</strong></span> 
     </span>
    </p>
   </div>
   <div class='ocr_carea' id='block_1_107' title="bbox 408 5818 1988 5892">
    <p class='ocr_par' dir='ltr' id='par_1_107' title="bbox 408 5818 1988 5892">
     <span class='ocr_line' id='line_1_107' title="bbox 408 5818 1988 5892; baseline 0.004 -23"><span class='ocrx_word' id='word_1_791' title='bbox 408 5832 513 5884; x_wconf 76' lang='lat' dir='ltr'><strong>que</strong></span> <span class='ocrx_word' id='word_1_792' title='bbox 543 5818 609 5872; x_wconf 82' lang='lat' dir='ltr'><strong>ad</strong></span> <span class='ocrx_word' id='word_1_793' title='bbox 644 5820 786 5876; x_wconf 88' lang='lat' dir='ltr'><strong>istud</strong></span> <span class='ocrx_word' id='word_1_794' title='bbox 846 5837 940 5892; x_wconf 84' lang='lat' dir='ltr'><strong>per</strong></span> <span class='ocrx_word' id='word_1_795' title='bbox 1006 5822 1235 5879; x_wconf 88' lang='lat' dir='ltr'><strong>multum</strong></span> <span class='ocrx_word' id='word_1_796' title='bbox 1282 5820 1414 5877; x_wconf 88' lang='lat' dir='ltr'><strong>illud</strong></span> <span class='ocrx_word' id='word_1_797' title='bbox 1479 5819 1640 5876; x_wconf 85' lang='lat' dir='ltr'><strong>inane</strong></span> <span class='ocrx_word' id='word_1_798' title='bbox 1710 5818 1988 5887; x_wconf 89' lang='lat' dir='ltr'><strong>studiuut,</strong></span> 
     </span>
    </p>
   </div>
   <div class='ocr_carea' id='block_1_108' title="bbox 2089 4621 3660 4703">
    <p class='ocr_par' dir='ltr' id='par_1_108' title="bbox 2089 4621 3660 4703">
     <span class='ocr_line' id='line_1_108' title="bbox 2089 4621 3660 4703; baseline -0.01 -17"><span class='ocrx_word' id='word_1_799' title='bbox 2089 4632 2294 4703; x_wconf 89' lang='grc' dir='ltr'>θρωπε,</span> <span class='ocrx_word' id='word_1_800' title='bbox 2323 4627 2521 4694; x_wconf 83' lang='grc' dir='ltr'>λέγων,</span> <span class='ocrx_word' id='word_1_801' title='bbox 2543 4623 2652 4677; x_wconf 77' lang='grc' dir='ltr'>ἀπὸ</span> <span class='ocrx_word' id='word_1_802' title='bbox 2666 4623 2763 4699; x_wconf 79' lang='grc' dir='ltr'>τῆς</span> <span class='ocrx_word' id='word_1_803' title='bbox 2780 4621 3051 4691; x_wconf 77' lang='grc' dir='ltr'>τοσαύτης</span> <span class='ocrx_word' id='word_1_804' title='bbox 3080 4621 3357 4693; x_wconf 79' lang='grc' dir='ltr'>ὀχλήσεως</span> <span class='ocrx_word' id='word_1_805' title='bbox 3389 4621 3485 4675; x_wconf 78' lang='grc' dir='ltr'>καὶ</span> <span class='ocrx_word' id='word_1_806' title='bbox 3513 4630 3660 4672; x_wconf 72' lang='grc' dir='ltr'>σπου·</span> 
     </span>
    </p>
   </div>
   <div class='ocr_carea' id='block_1_109' title="bbox 2088 4709 3658 4791">
    <p class='ocr_par' dir='ltr' id='par_1_109' title="bbox 2088 4709 3658 4791">
     <span class='ocr_line' id='line_1_109' title="bbox 2088 4709 3658 4791; baseline -0.008 -17"><span class='ocrx_word' id='word_1_807' title='bbox 2088 4722 2185 4791; x_wconf 86' lang='grc' dir='ltr'>δῆς</span> <span class='ocrx_word' id='word_1_808' title='bbox 2224 4717 2558 4787; x_wconf 86' lang='grc' dir='ltr'>ὲκέρδησας;</span> <span class='ocrx_word' id='word_1_809' title='bbox 2586 4714 2684 4783; x_wconf 80' lang='grc' dir='ltr'>οὐχ</span> <span class='ocrx_word' id='word_1_810' title='bbox 2703 4711 2904 4783; x_wconf 77' lang='grc' dir='ltr'>ὁμοίως</span> <span class='ocrx_word' id='word_1_811' title='bbox 2918 4712 3017 4781; x_wconf 83' lang='grc' dir='ltr'><strong>μὲν</strong></span> <span class='ocrx_word' id='word_1_812' title='bbox 3047 4711 3158 4763; x_wconf 88' lang='grc' dir='ltr'><strong>τῶν</strong></span> <span class='ocrx_word' id='word_1_813' title='bbox 3185 4710 3363 4765; x_wconf 79' lang='grc' dir='ltr'>ἀλλων</span> <span class='ocrx_word' id='word_1_814' title='bbox 3388 4710 3439 4764; x_wconf 78' lang='grc' dir='ltr'>οἳ</span> <span class='ocrx_word' id='word_1_815' title='bbox 3470 4709 3658 4781; x_wconf 76' lang='grc' dir='ltr'>μηδένα</span> 
     </span>
    </p>
   </div>
   <div class='ocr_carea' id='block_1_110' title="bbox 2087 4801 3657 4879">
    <p class='ocr_par' dir='ltr' id='par_1_110' title="bbox 2087 4801 3657 4879">
     <span class='ocr_line' id='line_1_110' title="bbox 2087 4801 3657 4879; baseline -0.01 -12"><span class='ocrx_word' id='word_1_816' title='bbox 2087 4810 2329 4867; x_wconf 79' lang='grc' dir='ltr'>τοιοῦτον</span> <span class='ocrx_word' id='word_1_817' title='bbox 2360 4809 2599 4879; x_wconf 79' lang='grc' dir='ltr'>τάραχον</span> <span class='ocrx_word' id='word_1_818' title='bbox 2640 4804 2978 4872; x_wconf 79' lang='grc' dir='ltr'>ὑπέστησαν,</span> <span class='ocrx_word' id='word_1_819' title='bbox 3016 4802 3154 4873; x_wconf 84' lang='grc' dir='ltr'>μηδὲ</span> <span class='ocrx_word' id='word_1_820' title='bbox 3178 4801 3460 4866; x_wconf 80' lang='grc' dir='ltr'>τοιαύταις</span> <span class='ocrx_word' id='word_1_821' title='bbox 3480 4818 3657 4871; x_wconf 81' lang='grc' dir='ltr'>τρικυο</span> 
     </span>
    </p>
   </div>
   <div class='ocr_carea' id='block_1_111' title="bbox 2088 4892 3656 4975">
    <p class='ocr_par' dir='ltr' id='par_1_111' title="bbox 2088 4892 3656 4975">
     <span class='ocr_line' id='line_1_111' title="bbox 2088 4892 3656 4975; baseline -0.009 -19"><span class='ocrx_word' id='word_1_822' title='bbox 2088 4903 2240 4975; x_wconf 84' lang='grc' dir='ltr'>μίαις</span> <span class='ocrx_word' id='word_1_823' title='bbox 2267 4898 2715 4971; x_wconf 84' lang='grc' dir='ltr'>ὲχειμάσθησαν;</span> <span class='ocrx_word' id='word_1_824' title='bbox 2743 4896 2866 4964; x_wconf 72' lang='grc' dir='ltr'>οὐχὶ</span> <span class='ocrx_word' id='word_1_825' title='bbox 2892 4893 3289 4964; x_wconf 85' lang='grc' dir='ltr'>παραπλησίως</span> <span class='ocrx_word' id='word_1_826' title='bbox 3340 4893 3548 4955; x_wconf 85' lang='grc' dir='ltr'>τούτοις</span> <span class='ocrx_word' id='word_1_827' title='bbox 3577 4892 3656 4944; x_wconf 79' lang='grc' dir='ltr'>καὶ</span> 
     </span>
    </p>
   </div>
   <div class='ocr_carea' id='block_1_112' title="bbox 2086 4982 3655 5064">
    <p class='ocr_par' dir='ltr' id='par_1_112' title="bbox 2086 4982 3655 5064">
     <span class='ocr_line' id='line_1_112' title="bbox 2086 4982 3655 5064; baseline -0.007 -18"><span class='ocrx_word' id='word_1_828' title='bbox 2086 4993 2375 5064; x_wconf 74' lang='grc' dir='ltr'>ἐρχόμενος</span> <span class='ocrx_word' id='word_1_829' title='bbox 2403 4989 2565 5062; x_wconf 79' lang='grc' dir='ltr'>ἔρχῃ,</span> <span class='ocrx_word' id='word_1_830' title='bbox 2594 4988 2690 5042; x_wconf 73' lang='grc' dir='ltr'>καὶ</span> <span class='ocrx_word' id='word_1_831' title='bbox 2705 4986 2921 5057; x_wconf 78' lang='grc' dir='ltr'>ἀπέρχῃ</span> <span class='ocrx_word' id='word_1_832' title='bbox 2947 4985 3359 5056; x_wconf 75' lang='grc' dir='ltr'>ἀπερχόμενοςς</span> <span class='ocrx_word' id='word_1_833' title='bbox 3397 4985 3585 5039; x_wconf 71' lang='grc' dir='ltr'>σαυτὸν</span> <span class='ocrx_word' id='word_1_834' title='bbox 3608 4982 3655 5035; x_wconf 82' lang='grc' dir='ltr'>δὲ</span> 
     </span>
    </p>
   </div>
   <div class='ocr_carea' id='block_1_113' title="bbox 2086 5071 3655 5149">
    <p class='ocr_par' dir='ltr' id='par_1_113' title="bbox 2086 5071 3655 5149">
     <span class='ocr_line' id='line_1_113' title="bbox 2086 5071 3655 5149; baseline -0.006 -12"><span class='ocrx_word' id='word_1_835' title='bbox 2086 5084 2303 5145; x_wconf 88' lang='grc' dir='ltr'>πάντως</span> <span class='ocrx_word' id='word_1_836' title='bbox 2332 5080 2529 5143; x_wconf 82' lang='grc' dir='ltr'>ἀθλίως</span> <span class='ocrx_word' id='word_1_837' title='bbox 2555 5078 2875 5149; x_wconf 89' lang='grc' dir='ltr'>ἀποστερεῖς</span> <span class='ocrx_word' id='word_1_838' title='bbox 2898 5077 2995 5146; x_wconf 84' lang='grc' dir='ltr'>τῆς</span> <span class='ocrx_word' id='word_1_839' title='bbox 3031 5076 3469 5149; x_wconf 87' lang='grc' dir='ltr'>μακαριότητος;</span> <span class='ocrx_word' id='word_1_840' title='bbox 3499 5071 3577 5140; x_wconf 78' lang='grc' dir='ltr'>οἷς</span> <span class='ocrx_word' id='word_1_841' title='bbox 3597 5076 3655 5127; x_wconf 69' lang='grc' dir='ltr'>τὰ</span> 
     </span>
    </p>
   </div>
   <div class='ocr_carea' id='block_1_114' title="bbox 2088 5170 3656 5245">
    <p class='ocr_par' dir='ltr' id='par_1_114' title="bbox 2088 5170 3656 5245">
     <span class='ocr_line' id='line_1_114' title="bbox 2088 5170 3656 5245; baseline -0.003 -18"><span class='ocrx_word' id='word_1_842' title='bbox 2088 5175 2228 5245; x_wconf 78' lang='grc' dir='ltr'>ὑπὲρ</span> <span class='ocrx_word' id='word_1_843' title='bbox 2258 5174 2349 5227; x_wconf 80' lang='grc' dir='ltr'><strong>τὸν</strong></span> <span class='ocrx_word' id='word_1_844' title='bbox 2371 5172 2522 5244; x_wconf 71' lang='grc' dir='ltr'>ἣλιον</span> <span class='ocrx_word' id='word_1_845' title='bbox 2550 5174 2602 5225; x_wconf 77' lang='grc' dir='ltr'>οἱ</span> <span class='ocrx_word' id='word_1_846' title='bbox 2620 5171 2909 5244; x_wconf 79' lang='grc' dir='ltr'>ζητοῦντες</span> <span class='ocrx_word' id='word_1_847' title='bbox 2936 5170 3029 5224; x_wconf 83' lang='grc' dir='ltr'>καὶ</span> <span class='ocrx_word' id='word_1_848' title='bbox 3050 5170 3513 5242; x_wconf 83' lang='grc' dir='ltr'>φιλοσοφήσαντες</span> <span class='ocrx_word' id='word_1_849' title='bbox 3538 5174 3656 5225; x_wconf 75' lang='grc' dir='ltr'>ἀπο-</span> 
     </span>
    </p>
   </div>
   <div class='ocr_carea' id='block_1_115' title="bbox 2087 5264 3653 5336">
    <p class='ocr_par' dir='ltr' id='par_1_115' title="bbox 2087 5264 3653 5336">
     <span class='ocr_line' id='line_1_115' title="bbox 2087 5264 3653 5336; baseline -0.001 -18"><span class='ocrx_word' id='word_1_850' title='bbox 2087 5267 2341 5321; x_wconf 84' lang='grc' dir='ltr'>λαύουσι·</span> <span class='ocrx_word' id='word_1_851' title='bbox 2372 5267 2466 5319; x_wconf 68' lang='grc' dir='ltr'><strong>κλὶ</strong></span> <span class='ocrx_word' id='word_1_852' title='bbox 2494 5267 2557 5319; x_wconf 86' lang='grc' dir='ltr'><strong>τό</strong></span> <span class='ocrx_word' id='word_1_853' title='bbox 2585 5282 2648 5331; x_wconf 84' lang='grc' dir='ltr'><strong>γε</strong></span> <span class='ocrx_word' id='word_1_854' title='bbox 2707 5264 3091 5335; x_wconf 84' lang='grc' dir='ltr'>χαλεπώτατον</span> <span class='ocrx_word' id='word_1_855' title='bbox 3123 5266 3223 5336; x_wconf 83' lang='grc' dir='ltr'>τὴν</span> <span class='ocrx_word' id='word_1_856' title='bbox 3256 5266 3366 5319; x_wconf 83' lang='grc' dir='ltr'>ἀπὸ</span> <span class='ocrx_word' id='word_1_857' title='bbox 3399 5266 3507 5318; x_wconf 88' lang='grc' dir='ltr'><strong>τῶν</strong></span> <span class='ocrx_word' id='word_1_858' title='bbox 3539 5265 3653 5317; x_wconf 77' lang='grc' dir='ltr'>πηλ-</span> 
     </span>
    </p>
   </div>
   <div class='ocr_carea' id='block_1_116' title="bbox 2088 5356 3651 5428">
    <p class='ocr_par' dir='ltr' id='par_1_116' title="bbox 2088 5356 3651 5428">
     <span class='ocr_line' id='line_1_116' title="bbox 2088 5356 3651 5428; baseline -0.003 -17"><span class='ocrx_word' id='word_1_859' title='bbox 2088 5358 2195 5411; x_wconf 87' lang='grc' dir='ltr'>λῶν</span> <span class='ocrx_word' id='word_1_860' title='bbox 2226 5358 2405 5411; x_wconf 88' lang='grc' dir='ltr'>πόνων</span> <span class='ocrx_word' id='word_1_861' title='bbox 2453 5356 2549 5410; x_wconf 72' lang='grc' dir='ltr'>καὶ</span> <span class='ocrx_word' id='word_1_862' title='bbox 2575 5358 2760 5410; x_wconf 81' lang='grc' dir='ltr'>κόπων</span> <span class='ocrx_word' id='word_1_863' title='bbox 2785 5356 3073 5428; x_wconf 79' lang='grc' dir='ltr'>διαφορὰν,</span> <span class='ocrx_word' id='word_1_864' title='bbox 3124 5357 3225 5426; x_wconf 78' lang='grc' dir='ltr'>φεῦ</span> <span class='ocrx_word' id='word_1_865' title='bbox 3266 5363 3363 5427; x_wconf 75' lang='grc' dir='ltr'>τῆς</span> <span class='ocrx_word' id='word_1_866' title='bbox 3395 5358 3651 5427; x_wconf 70' lang='grc' dir='ltr'>ἀφορήτου</span> 
     </span>
    </p>
   </div>
   <div class='ocr_carea' id='block_1_117' title="bbox 2091 5444 3653 5521">
    <p class='ocr_par' dir='ltr' id='par_1_117' title="bbox 2091 5444 3653 5521">
     <span class='ocr_line' id='line_1_117' title="bbox 2091 5444 3653 5521; baseline -0.006 -15"><span class='ocrx_word' id='word_1_867' title='bbox 2091 5453 2185 5508; x_wconf 73' lang='grc' dir='ltr'>καὶ</span> <span class='ocrx_word' id='word_1_868' title='bbox 2221 5450 2613 5521; x_wconf 84' lang='grc' dir='ltr'>ἀπαρακλήτου</span> <span class='ocrx_word' id='word_1_869' title='bbox 2631 5449 2855 5520; x_wconf 79' lang='grc' dir='ltr'>ζημίας,</span> <span class='ocrx_word' id='word_1_870' title='bbox 2888 5451 2981 5503; x_wconf 77' lang='grc' dir='ltr'><strong>ἐπὶ</strong></span> <span class='ocrx_word' id='word_1_871' title='bbox 3019 5448 3079 5502; x_wconf 82' lang='grc' dir='ltr'>τὸ</span> <span class='ocrx_word' id='word_1_872' title='bbox 3120 5452 3303 5521; x_wconf 78' lang='grc' dir='ltr'>χεῖρον</span> <span class='ocrx_word' id='word_1_873' title='bbox 3331 5444 3485 5519; x_wconf 77' lang='grc' dir='ltr'>εὗρες</span> <span class='ocrx_word' id='word_1_874' title='bbox 3513 5448 3567 5501; x_wconf 86' lang='grc' dir='ltr'><strong>σέ</strong></span> <span class='ocrx_word' id='word_1_875' title='bbox 3603 5462 3653 5498; x_wconf 84' lang='grc' dir='ltr'><strong>τε</strong></span> 
     </span>
    </p>
   </div>
   <div class='ocr_carea' id='block_1_118' title="bbox 2092 5540 3651 5612">
    <p class='ocr_par' dir='ltr' id='par_1_118' title="bbox 2092 5540 3651 5612">
     <span class='ocr_line' id='line_1_118' title="bbox 2092 5540 3651 5612; baseline -0.004 -16"><span class='ocrx_word' id='word_1_876' title='bbox 2092 5542 2187 5596; x_wconf 75' lang='grc' dir='ltr'>καὶ</span> <span class='ocrx_word' id='word_1_877' title='bbox 2205 5542 2273 5595; x_wconf 86' lang='grc' dir='ltr'>τὰ</span> <span class='ocrx_word' id='word_1_878' title='bbox 2306 5541 2375 5594; x_wconf 75' lang='grc' dir='ltr'><strong>σὰ</strong></span> <span class='ocrx_word' id='word_1_879' title='bbox 2399 5540 2842 5610; x_wconf 78' lang='grc' dir='ltr'>κατασύρουσαν,</span> <span class='ocrx_word' id='word_1_880' title='bbox 2900 5541 3034 5612; x_wconf 82' lang='grc' dir='ltr'>πρὸς</span> <span class='ocrx_word' id='word_1_881' title='bbox 3060 5540 3214 5594; x_wconf 79' lang='grc' dir='ltr'>οὐδὲν</span> <span class='ocrx_word' id='word_1_882' title='bbox 3261 5541 3319 5593; x_wconf 78' lang='grc' dir='ltr'>δὲ</span> <span class='ocrx_word' id='word_1_883' title='bbox 3347 5541 3457 5593; x_wconf 87' lang='grc' dir='ltr'><strong>τῶν</strong></span> <span class='ocrx_word' id='word_1_884' title='bbox 3490 5555 3651 5610; x_wconf 79' lang='grc' dir='ltr'>κρειτ-</span> 
     </span>
    </p>
   </div>
   <div class='ocr_carea' id='block_1_119' title="bbox 2093 5628 3653 5707">
    <p class='ocr_par' dir='ltr' id='par_1_119' title="bbox 2093 5628 3653 5707">
     <span class='ocr_line' id='line_1_119' title="bbox 2093 5628 3653 5707; baseline -0.003 -22"><span class='ocrx_word' id='word_1_885' title='bbox 2093 5634 2262 5687; x_wconf 88' lang='grc' dir='ltr'>τόνων</span> <span class='ocrx_word' id='word_1_886' title='bbox 2298 5634 2696 5705; x_wconf 80' lang='grc' dir='ltr'>ἀναφέρουσαν.</span> <span class='ocrx_word' id='word_1_887' title='bbox 2751 5636 2895 5707; x_wconf 87' lang='grc' dir='ltr'>Ὅρα</span> <span class='ocrx_word' id='word_1_888' title='bbox 2946 5635 3055 5705; x_wconf 81' lang='grc' dir='ltr'>γὰρ</span> <span class='ocrx_word' id='word_1_889' title='bbox 3107 5634 3189 5687; x_wconf 80' lang='grc' dir='ltr'>ὅτι</span> <span class='ocrx_word' id='word_1_890' title='bbox 3247 5632 3383 5703; x_wconf 83' lang='grc' dir='ltr'>μηδὲ</span> <span class='ocrx_word' id='word_1_891' title='bbox 3442 5631 3568 5702; x_wconf 79' lang='grc' dir='ltr'>πρὸς</span> <span class='ocrx_word' id='word_1_892' title='bbox 3600 5628 3653 5681; x_wconf 81' lang='grc' dir='ltr'>τὸ</span> 
     </span>
    </p>
   </div>
   <div class='ocr_carea' id='block_1_120' title="bbox 2095 5723 3653 5798">
    <p class='ocr_par' dir='ltr' id='par_1_120' title="bbox 2095 5723 3653 5798">
     <span class='ocr_line' id='line_1_120' title="bbox 2095 5723 3653 5798; baseline -0.004 -17"><span class='ocrx_word' id='word_1_893' title='bbox 2095 5726 2301 5796; x_wconf 70' lang='grc' dir='ltr'>ἄψυχον</span> <span class='ocrx_word' id='word_1_894' title='bbox 2317 5725 2473 5779; x_wconf 84' lang='grc' dir='ltr'>τοῦτο</span> <span class='ocrx_word' id='word_1_895' title='bbox 2494 5729 2588 5781; x_wconf 77' lang='grc' dir='ltr'>καὶ</span> <span class='ocrx_word' id='word_1_896' title='bbox 2612 5728 2867 5798; x_wconf 87' lang='grc' dir='ltr'>ἀκίνητον</span> <span class='ocrx_word' id='word_1_897' title='bbox 2895 5729 2990 5782; x_wconf 76' lang='grc' dir='ltr'>καὶ</span> <span class='ocrx_word' id='word_1_898' title='bbox 3019 5730 3170 5797; x_wconf 85' lang='grc' dir='ltr'>κοινῇ</span> <span class='ocrx_word' id='word_1_899' title='bbox 3206 5729 3370 5780; x_wconf 81' lang='grc' dir='ltr'>πᾶσιν</span> <span class='ocrx_word' id='word_1_900' title='bbox 3384 5723 3653 5792; x_wconf 78' lang='grc' dir='ltr'>ὑποκείμε-</span> 
     </span>
    </p>
   </div>
   <div class='ocr_carea' id='block_1_121' title="bbox 2095 5814 3651 5893">
    <p class='ocr_par' dir='ltr' id='par_1_121' title="bbox 2095 5814 3651 5893">
     <span class='ocr_line' id='line_1_121' title="bbox 2095 5814 3651 5893; baseline -0.011 -8"><span class='ocrx_word' id='word_1_901' title='bbox 2095 5835 2185 5872; x_wconf 85' lang='grc' dir='ltr'><strong>νον</strong></span> <span class='ocrx_word' id='word_1_902' title='bbox 2223 5821 2325 5890; x_wconf 79' lang='grc' dir='ltr'><strong>γῆς</strong></span> <span class='ocrx_word' id='word_1_903' title='bbox 2362 5819 2592 5890; x_wconf 70' lang='grc' dir='ltr'>ἔδαφος,</span> <span class='ocrx_word' id='word_1_904' title='bbox 2646 5821 2767 5875; x_wconf 73' lang='grc' dir='ltr'>οὐδὲ</span> <span class='ocrx_word' id='word_1_905' title='bbox 2827 5821 2964 5893; x_wconf 70' lang='grc' dir='ltr'>πρὸς</span> <span class='ocrx_word' id='word_1_906' title='bbox 3018 5820 3179 5874; x_wconf 85' lang='grc' dir='ltr'>τοῦτο</span> <span class='ocrx_word' id='word_1_907' title='bbox 3220 5818 3309 5873; x_wconf 81' lang='grc' dir='ltr'><strong>διὰ</strong></span> <span class='ocrx_word' id='word_1_908' title='bbox 3337 5820 3438 5890; x_wconf 74' lang='grc' dir='ltr'>τῆς</span> <span class='ocrx_word' id='word_1_909' title='bbox 3474 5814 3651 5884; x_wconf 72' lang='grc' dir='ltr'>πολλῆς</span> 
     </span>
    </p>
   </div>
  </div>
