3820 6212
135 266 236 332 429

1104 267 1204 328 ΑΙ)
1239 268 1832 330 AMPHILOCHIUM
1870 268 2216 342 QUAESTIO
2253 269 2455 332 LXVI.

3287 269 3397 337 430

137 385 339 449 ἐκείνης
368 378 774 442 κενοσπουδίας,
804 379 927 434 οὐδὲ
965 381 1108 435 κατά
1131 398 1196 450 γε
1230 382 1322 436 τὸν
1351 382 1543 454 χρόνον
1593 399 1699 436 πα-

1830 399 1979 455 ιθιιιιθ
2007 384 2307 439 secundum
2342 393 2556 454 tempus
2594 384 2809 441 extendi
2845 395 2896 441 te
2926 386 3021 442 tibi
3055 384 3386 457 perfecisse,

141 471 463 543 ρατείνεσθαι
513 471 697 543 σαυτῷ
745 472 1043 544 διεπράξω,
1099 472 1224 526 οὐδέ
1273 491 1395 528 τινα
1430 474 1705 546 πρόφασιν

139 564 300 619 σπιλλά
325 563 749 635 διανοησάμενος
803 558 981 636 εὗρες.
1040 564 1203 619 Ἀλλά
1229 566 1338 636 γάρ
1382 567 1447 620 σὺ
1480 567 1576 638 μὲν
1607 584 1712 637 μα.

137 659 422 715 ταιοπονῶν
450 660 631 714 καὶτὰ
653 660 765 714 ἄνω
788 659 941 714 κάτω
986 660 1157 714 ποιῶν
1210 660 1404 713 θᾶττον
1458 661 1713 734 παρέρχῃ

141 754 225 807 καὶ
253 752 383 824 πρὸς
409 751 446 806 ἃ
482 752 605 823 μηδ’
628 754 763 823 ἀκοῇ
788 751 975 824 φέρειν
1021 752 1248 807 ἀνεκτὸν
1277 752 1545 823 νομίζειν,
1582 753 1709 823 τρέ-

143 861 251 913 μων
281 842 375 896 καὶ
406 841 705 913 ἀμηχανῶν
757 842 1075 907 καταδύειςο
1126 842 1279 896 οὐδὲν
1300 842 1346 897 δ’
1384 844 1479 897 ἐπὶ
1514 842 1714 915 βραχύ-

141 953 293 997 τατον
325 933 506 1006 σαυτῷ
531 936 844 1007 προστιθεὶς
877 934 972 989 τοῦ
1003 935 1219 1006 χρόνου,
1265 936 1338 1008 μὴ
1396 936 1477 990 ὅτι
1524 954 1588 1005 γε
1644 938 1712 1009 τῇ

142 1024 430 1096 παρατάξει
464 1028 1040 1099 συμπαρατεινόμενος
1076 1027 1174 1083 τοῦ
1204 1028 1413 1100 ἀψύχου
1466 1030 1560 1083 καὶ
1590 1031 1716 1083 ἀκιο

142 1120 319 1189 νήτουο
378 1118 513 1174 αὐτὸ
560 1119 619 1173 δὲ
671 1121 732 1173 τὸ
794 1119 1135 1192 πατούμενον
1187 1120 1441 1193 ἔδαφοςὴ
1480 1120 1643 1190 φύσις
1680 1122 1715 1193 ἡ

143 1212 455 1282 ἀναίσθητος
483 1211 579 1265 καὶ
610 1212 685 1284 μὴ
718 1213 1011 1285 κινουμένη
1063 1213 1297 1284 ἕστηκεν
1334 1216 1430 1268 καὶ
1449 1213 1715 1285 διαμένει,

143 1303 197 1355 ού
223 1301 442 1363 πολλοὺς
478 1301 640 1369 μόνον
655 1300 1083 1375 ἔξαλλάττουσα,
1106 1303 1414 1375 κατηγόρου
1449 1305 1546 1375 μὲν
1564 1303 1719 1369 τάξιν

143 1393 318 1446 λαϐεῖν
344 1367 497 1462 παρά
524 1390 618 1445 σοῦ
643 1367 1056 1457 ἕυνελασθεῖσα,
1087 1367 1474 1465 κατηγοροῦσα
1509 1395 1568 1448 δὲ
1615 1367 1717 1464 της

147 1486 238 1554 σῆς
265 1483 650 1547 κενοσπουδίας
700 1485 795 1538 καὶ
818 1484 927 1540 τῶν
980 1486 1228 1559 σοῦαρῶν
1256 1487 1606 1558 ἐνθυμήσεως
1630 1488 1719 1541 διά

145 1593 197 1627 τε
215 1574 310 1644 τῆς
340 1576 397 1629 ἐν
421 1574 661 1645 τοσούτῳ
692 1575 870 1646 χρόνῳ
894 1576 1153 1648 διαμονῆς
1175 1577 1267 1631 καὶ
1284 1578 1678 1648 παραστάσεως
1700 1594 1714 1609 ·

144 1668 229 1721 καὶ
245 1667 373 1720 διότι
399 1667 568 1739 μηδὲν
600 1667 995 1732 ἐξαλλάττουσα
1017 1668 1171 1739 ὤφθη
1192 1670 1298 1723 τῶν
1325 1670 1430 1723 ὑπὸ
1455 1670 1552 1740 τῆς
1576 1650 1718 1740 ’Προ-

1812 492 1989 547 neque
2018 477 2257 546 aliquem
2305 488 2624 549 praetextum
2674 479 2843 535 multa
2887 481 3206 537 meditatum
3243 483 3394 538 inve-

1814 569 1986 624 nisse.
2021 569 2129 624 Sed
2162 579 2219 624 tu
2248 571 2469 640 quidem
2513 571 2719 625 frustra
2746 570 3002 627 laborans
3029 580 3083 627 et
3107 574 3391 643 superiora

1812 658 2070 715 deorsum
2101 659 2312 717 faciens
2342 662 2506 718 cilius
2532 662 2734 717 transis
2754 702 2770 728 ,
2802 671 2856 717 et
2879 662 2943 717 ad
2974 679 3038 718 ea
3068 679 3189 733 quae
3218 680 3395 734 neque

1813 750 2001 803 auditu
2056 750 2202 806 ferre
2251 751 2539 807 tolerabile
2576 752 2802 821 putari,
2880 764 3121 808 tremens
3154 763 3207 807 et
3235 753 3395 823 inops

1813 843 2035 900 consilii
2062 843 2379 912 descendis;
2412 843 2547 898 nihil
2579 851 2760 898 autem
2791 842 2859 898 ad
2881 841 3263 898 brevissimum
3296 844 3394 898 tibi

1818 938 2081 1008 adjiciens
2122 936 2407 1006 temporis,
2441 935 2612 990 multo
2642 935 2825 991 minus
2852 928 3199 1005 dispositioni
3232 950 3397 990 coex-

1816 1040 2013 1087 tensus
2060 1028 2429 1082 inanimarutn
2478 1034 2533 1082 et
2580 1027 2935 1082 immotarum
2976 1041 3182 1080 rerum.
3215 1025 3396 1095 Ipsum

1819 1132 2002 1178 autem
2039 1119 2308 1174 calcatum
2331 1117 2508 1172 solum
2536 1156 2552 1184 ,
2606 1126 2802 1171 natura
2834 1117 3167 1172 insensibilis
3205 1126 3261 1172 et
3297 1117 3400 1171 im-

1820 1222 1970 1269 mota
2001 1219 2111 1267 stat
2138 1217 2193 1264 et
2233 1208 2531 1280 perdurat,
2572 1222 2683 1263 non
2720 1208 2921 1262 multos
2951 1218 3160 1262 tantum
3202 1208 3402 1261 immu-

1822 1312 1965 1368 tans,
2007 1299 2347 1354 accusatoris
2388 1296 2609 1367 quidem
2659 1295 2909 1353 ordinem
2951 1312 3173 1351 sumere
3206 1308 3399 1351 contra

1821 1404 1874 1450 te
1919 1393 2189 1449 concitata
2218 1433 2233 1458 ,
2292 1405 2561 1446 accusans
2598 1405 2729 1446 vero
2768 1399 2922 1445 tuum
2963 1390 3122 1445 inane
3160 1390 3399 1446 studium

1818 1500 1873 1542 et
1900 1484 2173 1540 violentia:
2201 1481 2661 1552 concupiscentia:
2699 1497 2795 1552 per
2841 1483 3302 1553 perseverantiam
3347 1482 3399 1534 in

1819 1585 1974 1631 tanto
2014 1586 2255 1644 tempore
2291 1582 2343 1628 et
2385 1574 2826 1643 persistentiam;
2886 1582 2942 1628 et
2968 1573 3096 1643 quia
3125 1573 3261 1627 nihil
3297 1573 3402 1626 im-

1822 1679 2042 1725 mutans
2082 1668 2260 1721 visum
2306 1674 2391 1720 est
2420 1680 2611 1720 eorum
2653 1680 2775 1735 quae
2820 1679 2850 1718 a
2898 1663 3243 1719 Providentia
3297 1664 3402 1734 ipsi

144 1761 279 1823 νοῖας
302 1759 439 1830 αὐτῇ
482 1760 895 1831 κεχαρισμένων
921 1775 935 1790 ⁸
972 1761 1065 1814 σοῦ
1090 1760 1182 1814 τοῦ
1213 1761 1361 1832 λόγῳ
1391 1761 1716 1832 τιμηθέντος

1830 1764 2021 1819 donata
2052 1768 2179 1815 sunt
2209 1774 2223 1813 :
2258 1767 2311 1813 te
2342 1773 2438 1828 per
2469 1758 2738 1812 rationem
2769 1757 3043 1811 honorato
3066 1758 3135 1812 ob
3159 1757 3401 1811 studium

142 1851 222 1905 διὰ
245 1852 339 1921 τῆς
375 1852 507 1922 περὶ
552 1852 622 1905 τά
683 1854 889 1922 μάταια
930 1853 1166 1922 σπουδῆς
1214 1856 1308 1907 καὶ
1364 1853 1717 1922 φιλονεικίας,

146 1942 310 1996 πάντα
364 1943 629 1996 τάναντία
679 1942 780 2012 τῆς
830 1942 1230 2014 δημιουργικῆς
1276 1944 1718 2016 διαπραξαμένου

144 2036 458 2106 κηδεμονίας
490 2037 585 2089 καὶ
629 2036 972 2108 ἀνεπισχέτῳ
1011 2035 1159 2107 ῥύμῃ
1189 2038 1494 2109 φερομένου
1528 2037 1662 2109 πρὸς
1685 2037 1722 2091 ἆ

141 2144 193 2178 τε
225 2127 374 2197 νόμοι
403 2127 539 2180 θεῖοι
566 2125 878 2192 διεκώλυον,
907 2127 1001 2180 καὶ
1029 2126 1224 2198 θεσμοὶ
1263 2127 1481 2197 φύσεως
1515 2126 1721 2184 ἄνωθεν

143 2218 569 2288 καταϐληθέντες
611 2218 1013 2290 ἐδυσχέραινον,
1083 2217 1240 2290 ὓϐριν
1295 2219 1570 2291 ἀφόρητον
1621 2218 1721 2291 τὴν

144 2315 234 2382 σὴν
266 2313 653 2366 κενοσπουδίαν
698 2313 790 2366 καὶ
820 2312 883 2365 τὸ
915 2311 1219 2383 ὀξύρροπον
1250 2311 1383 2383 περὶ
1412 2311 1483 2365 τά
1516 2311 1721 2381 μάταια

143 2406 417 2476 φέροντεςο
461 2405 534 2468 ὼς
578 2405 646 2458 δι’
691 2403 872 2458 αὐτῶν
904 2405 1005 2473 τῆς
1047 2403 1304 2472 διαϐολῆς
1346 2420 1721 2476 παραπεμπο-

145 2499 301 2566 μένης
328 2501 409 2561 εἰς
437 2498 531 2550 τὸν
559 2497 850 2566 πανσόφως
879 2514 938 2550 τε
964 2498 1059 2551 καὶ
1090 2496 1510 2567 φιλανθρώπως,
1545 2496 1638 2548 καὶ
1661 2490 1721 2547 οὗ

145 2589 213 2657 μή
243 2590 355 2641 ἔστι
380 2589 523 2659 μήτε
556 2586 1069 2659 φιλανθρωπότερον
1114 2587 1252 2657 μήτε
1275 2587 1518 2656 ἄμεινον,
1584 2585 1721 2655 μήτε

142 2681 274 2752 λόγῳ
296 2682 529 2751 φράσαι,
562 2681 704 2752 μήτε
735 2679 1019 2748 λογισμοῖς
1051 2676 1361 2731 ἀναπλάσαι
1390 2676 1723 2745 δημιουργή-

145 2773 298 2827 σαντά
326 2788 385 2825 τε
417 2770 518 2824 καὶ
548 2768 990 2841 προνοησάμενον
1028 2765 1099 2819 τὰ
1115 2764 1376 2835 ἡμέτερα.
1426 2763 1591 2817 Ἀλλά
1614 2764 1723 2832 γὰρ

144 2863 223 2918 σοὶ
244 2862 337 2934 μὲν
370 2863 505 2925 ἴσως
542 2860 705 2914 ίκανά
741 2859 836 2912 καὶ
851 2857 1047 2912 ταῦτα.
1078 2857 1272 2929 Εὑρεῖν
1290 2856 1336 2909 δ’
1366 2855 1514 2908 ἐστιν
1548 2854 1723 2917 ἐνίους

144 2956 324 3025 γενεὰν
395 2955 501 3027 μὲν
561 2952 1007 3025 ὲκπορευομένην
1060 2949 1155 3003 καὶ
1211 2947 1617 3018 ὲκϐαλλομένην
1662 2944 1724 2998 τὸ

156 3048 411 3102 Ἰουδαίων
442 3046 600 3116 γένος
627 3044 1091 3116 ὲκλαμὸάνοντας,
1118 3040 1314 3111 γενεὰν
1346 3040 1403 3093 δὲ
1420 3036 1724 3109 ἐρχομένην

148 3142 234 3195 καὶ
261 3142 621 3212 διαμένουσαν
643 3138 716 3192 τά
752 3138 916 3191 τέκνα
963 3137 1061 3204 τῆς
1111 3137 1336 3207 χάριτος
1371 3135 1468 3186 ἅτε
1513 3132 1579 3202 δὴ
1633 3131 1727 3183 τοῦ

150 3233 283 3288 θείου
312 3234 515 3305 σπόρου
548 3231 768 3302 καὶτῆς
815 3231 957 3284 κατὰ
989 3228 1225 3298 Χριστὸν
1278 3223 1554 3295 γεωργίας
1601 3224 1735 3277 ἀνα-

165 3326 576 3398 ϐλαστῆσαντασ
612 3325 716 3394 γῆν
745 3324 803 3376 δὲ
837 3324 916 3386 εἰς
954 3323 1045 3375 τὸν
1084 3320 1257 3374 αἰῶνα
1295 3321 1516 3372 ἐστᾶναι
1548 3318 1648 3387 τήν
1680 3331 1739 3369 τε

152 3418 383 3473 Παλαιὰν
406 3419 505 3472 καὶ
531 3416 677 3471 Νέαν
703 3416 946 3487 Γραφήν·
976 3415 1058 3467 ὅτι
1082 3430 1142 3466 τε
1167 3412 1228 3466 τὸ
1256 3410 1606 3481 καρποφόρον
1629 3407 1738 3461 τῶν

154 3511 350 3581 ἀρετῶν
372 3510 512 3581 ὁρᾷν
540 3508 692 3562 ἐστιν
713 3508 907 3571 αὑταῖς
957 3505 1438 3576 ὲνευθηνούμενον,
1472 3502 1569 3557 καὶ
1620 3500 1735 3554 τῶν

154 3601 322 3671 νόμων
352 3600 576 3655 καὶτῶν
618 3597 966 3667 ἐπαγγελιῶν
995 3598 1057 3651 τὸ
1104 3596 1170 3650 δι’
1216 3595 1412 3658 αἰῶνος
1438 3594 1694 3664 ἀκίνητον
1716 3608 1731 3623 ·

156 3683 224 3744 ὧν
253 3693 347 3754 τὰς
383 3691 482 3762 μὲν
517 3693 631 3754 τοῖς
658 3689 889 3753 δικαίοις
921 3688 1311 3759 ἀπενείμαντο,
1343 3689 1462 3749 ταῖς
1502 3684 1559 3738 δὲ
1609 3684 1735 3748 τοὺς

156 3783 505 3852 ἁμαρτωλοὺς
533 3781 628 3835 καὶ
654 3780 998 3851 ἀμετανόητα
1022 3778 1522 3850 πλημμελήσαντας
1560 3793 1735 3848 παρα-

157 3872 475 3943 πέμπουσιν.

679 3980 1014 4034 E-Pornmz
1058 3977 1192 4046 Eq'.

162 4072 294 4128 Τίνα
315 4074 465 4129 γοῦν
491 4073 867 4128 ἀναπτύσσει
886 4072 953 4124 τό
974 4089 987 4101 ο
1030 4089 1049 4121 ι
1084 4071 1251 4123 Ἔστι
1283 4068 1511 4134 δίκαιος
1540 4067 1730 4121 ἀπολ-

228 4147 484 4213 λύμενος
510 4145 580 4196 ἐν
623 4143 830 4207 δικαίῳ
875 4140 1084 4213 αύτοῦ,
1132 4140 1231 4193 καὶ
1270 4138 1444 4192 ἐστιν
1497 4137 1729 4203 ἀσεϐὴς

228 4210 424 4283 μέσων
450 4216 522 4269 ἐν
552 4214 732 4281 κακίᾳ
753 4210 977 4276 αὐτοῦ;
1000 4230 1017 4263 ι

1824 1856 1969 1910 circa
2011 1869 2151 1907 vana
2186 1862 2239 1908 et
2276 1852 2627 1923 cupiditatem
2651 1892 2667 1919 ,
2707 1850 2892 1905 omnia
2929 1851 3205 1905 contraria
3251 1865 3407 1905 crea-

1823 1946 1977 2002 tricis
2000 1952 2239 2014 ‘operato
2263 1961 2443 2009 curae,
2493 1952 2549 1998 et
2577 1941 2911 1998 incoercibili
2942 1940 3147 2011 impetu
3188 1940 3299 1995 lato
3335 1941 3405 1996 ad

1821 2055 1885 2095 ea
1911 2055 2033 2111 quae
2064 2039 2208 2113 leges
2230 2037 2428 2093 divinae
2458 2036 2841 2107 prohibebant,
2873 2044 2926 2089 et
2955 2034 3169 2087 vincula
3198 2042 3406 2088 natura;

1823 2131 2060 2201 desuper
2101 2130 2341 2186 demissa
2369 2128 2796 2199 improbabant,
2843 2126 3099 2196 injuriam
3145 2127 3405 2180 intolera-

1825 2222 1992 2278 bilem
2034 2230 2182 2276 tuam
2226 2235 2494 2274 vanorum
2530 2218 2917 2289 appetitionem
2966 2226 3023 2272 et
3070 2217 3404 2287 praecipitem

1827 2312 2090 2381 impetum
2119 2312 2184 2365 ad
2220 2310 2408 2366 inania
2453 2309 2731 2375 ferentes;
2768 2310 2928 2379 quasi
2955 2324 3056 2380 per
3080 2323 3143 2364 ea
3178 2323 3406 2364 accusa-

1825 2404 1975 2458 tione
2002 2403 2219 2472 Jperlata
2262 2402 2331 2458 ad
2371 2402 2597 2457 omnino
2638 2401 2915 2471 sapienter
2950 2408 3008 2455 et
3050 2401 3407 2471 benigne,-et

1825 2510 1933 2549 non
1978 2504 2063 2550 est
2098 2509 2278 2564 neque
2303 2493 2432 2563 quid
2471 2492 2763 2562 benignius
2798 2503 2974 2561 neque
3006 2491 3203 2545 melius
3231 2504 3409 2559 neque

1827 2587 1993 2641 verbo
2021 2586 2170 2641 dictu
2207 2600 2385 2656 neque
2410 2584 2834 2655 cogitationibus
2863 2583 3015 2649 ﬁetu,
3047 2592 3325 2638 creantem
3353 2590 3408 2636 et

1826 2678 2200 2748 providentem
2234 2684 2444 2731 nostra.
2471 2675 2574 2729 Sed
2605 2675 2750 2728 enim
2783 2672 2927 2728 forte
2955 2673 3052 2729 tibi
3083 2671 3409 2727 sullicientia

1824 2781 1880 2823 et
1907 2769 2053 2824 ista:
2107 2767 2348 2836 reperire
2390 2782 2521 2821 vero
2562 2775 2647 2820 est
2683 2764 2950 2835 quosdam
2999 2764 3409 2836 generationem

1824 2874 2111 2915 exeuntem
2145 2868 2200 2914 et
2236 2859 2487 2927 ejectam,
2510 2856 2827 2911 Iudaeorum
2861 2872 3033 2927 genus
3060 2857 3411 2925 accipientes,

1826 2951 2233 3023 generationem
2264 2964 2395 3003 vero
2421 2949 2801 3003 advenientem
2826 2958 2879 3003 et
2912 2957 3319 3017 permanentem
3348 2949 3415 3002 li-

1839 3044 1938 3097 lios
1967 3040 2173 3111 gratiae,
2206 3046 2393 3106 utp0te
2422 3036 2516 3107 qui
2553 3036 2786 3091 adivino
2815 3036 3028 3092 semine
3065 3045 3120 3090 et
3161 3037 3230 3091 ab
3268 3036 3416 3107 agri-

1839 3135 2050 3191 cultura
2097 3131 2399 3188 secundum
2434 3128 2715 3184 Christum
2751 3143 2970 3184 sursum
3002 3129 3415 3201 germinarunt;

1835 3236 2035 3281 terram
2074 3231 2254 3276 autem
2286 3221 2340 3274 in
2369 3219 2629 3275 sarculum
2663 3228 2811 3273 stare
2846 3216 3099 3272 Veterem
3130 3226 3185 3271 et
3207 3217 3423 3273 Novam

1838 3319 2222 3388 Scripturam;
2257 3315 2403 3384 quod
2442 3323 2626 3367 autem
2672 3310 2994 3381 frugiferum
3036 3319 3120 3366 est
3157 3310 3428 3364 virtutum.

1839 3413 2023 3468 videre
2048 3409 2245 3466 essein
2278 3406 2411 3478 ipsis
2436 3415 2784 3476 congestum,
2810 3414 2865 3459 et
2892 3403 3072 3475 legum
3103 3412 3158 3457 et
3184 3403 3422 3474 promis-

1841 3503 2056 3557 sionum
2090 3516 2187 3570 per
2214 3498 2477 3555 saeculum
2512 3496 2864 3560 ﬁrmitatem;
2899 3508 3135 3563 quarum
3166 3494 3266 3548 bas
3295 3492 3423 3563 qui.

1841 3596 1966 3651 dem
1993 3593 2160 3665 justis
2198 3590 2640 3655 distribuebant,
2680 3587 2747 3643 ad
2789 3587 2911 3642 illas
2945 3594 3128 3641 autem
3167 3594 3423 3655 peccato-

1844 3700 1931 3741 res
1972 3694 2029 3740 et
2059 3683 2208 3739 nulla
2247 3680 2569 3753 poenitentia
2607 3678 2837 3736 functos
2868 3677 3175 3734 remittunt.

2176 3966 2506 4037 QUIESTIO
2549 3964 2714 4021 LXVI
2747 3964 2853 4037 [αι.
2888 3962 3083 4034 LXV].

1840 4064 2135 4128 Quemnam
2189 4075 2401 4114 sensum
2448 4058 2618 4127 aperit
2665 4054 2800 4107 illud
2834 4070 2852 4106 :
2883 4072 2920 4128 _¢
2976 4051 3070 4128 Est
3107 4051 3290 4120 justus
3331 4051 3425 4128 qui

1904 4134 2044 4202 perit
2092 4132 2147 4183 in
2188 4130 2409 4199 justilia
2457 4121 2594 4193 sua,
2645 4136 2695 4180 et
2751 4132 2833 4178 est
2874 4125 3068 4193 impius
3112 4137 3326 4174 manens
3366 4121 3426 4175 ιιι

1898 4202 2229 4270 improbitate
2264 4216 2383 4252 sua.
2422 4218 2441 4250 ι

1164 4341 1307 4392 Edita
1326 4356 1354 4391 a
1372 4341 1518 4401 Maio,
1540 4342 1720 4402 l..c.rp.
1744 4337 1911 4389 80-81.
1938 4337 1992 4387 Iu
2020 4334 2187 4387 Eccle.
2208 4347 2292 4394 vn,
2314 4332 2393 4383 16.

230 4472 249 4505 ι
285 4454 499 4516 Δίκαιος
527 4451 625 4523 μὲν
647 4451 722 4514 ὡς
748 4450 921 4519 φοῖνιξ
941 4449 1294 4522 ἅνθήσει,καὶ
1321 4447 1396 4512 ὡς
1423 4449 1456 4518 ἡ
1487 4447 1726 4517 κέδροςή

1919 4463 1939 4496 ι
1972 4442 2163 4498 Justus
2186 4441 2407 4511 quidem
2434 4447 2491 4493 ut
2513 4438 2690 4509 palma
2716 4433 3021 4497 ﬂorebit,et
3049 4432 3193 4488 sicut
3227 4431 3440 4487 cedrus-

164 4545 216 4599 ὲν
250 4544 323 4615 τῷ
355 4544 574 4613 Λιϐάνῳ
601 4541 1063 4613 πληθυνθήσεται.
1104 4559 1121 4592 ι
1151 4539 1228 4592 Δι’
1253 4538 1519 4607 ἑκατέρας
1544 4535 1741 4602 λέξεως

164 4638 255 4703 τῆς
281 4636 630 4704 δικαιοσύνης
651 4634 710 4687 τὸ
750 4633 964 4703 κέρδος,
1000 4630 1095 4685 καὶ
1126 4629 1235 4684 τῶν
1262 4627 1443 4681 καλῶν
1477 4628 1510 4697 ἡ
1543 4626 1741 4697 εὐφθο-

166 4727 247 4781 νία
273 4745 333 4781 τε
358 4729 453 4781 καὶ
476 4726 703 4798 εύθηνία
724 4723 1126 4793 διαγγέλλεται,
1152 4721 1242 4774 διά
1264 4738 1325 4773 τε
1363 4718 1458 4773 τοῦ
1484 4718 1741 4788 ἀνθήσει

167 4818 511 4887 δηλονότικαὶ
533 4817 626 4871 τοῦ
676 4815 1187 4884 πληθυνθήσεται.
1219 4805 1389 4874 Οὗτος
1430 4812 1459 4864 ό
1511 4809 1740 4875 δίκαιος,

170 4909 263 4961 κᾶν
294 4911 646 4980 μαστίζηται,
667 4908 769 4961 κᾶν
794 4905 1168 4977 στρεϐλοῦται,
1195 4903 1299 4957 κᾶν
1325 4903 1508 4973 πάσχῃ
1538 4902 1607 4955 τὰ
1642 4901 1739 4953 άλ-

168 5003 461 5073 γεινότερα,
484 5001 587 5055 κᾶν
604 4999 740 5071 πρὸς
763 4998 997 5069 σφαγὴν,
1029 4996 1134 5049 κᾶν
1170 4994 1307 5067 πρὸς
1354 4993 1606 5059 θάνατον,
1633 4993 1740 5046 κᾶν

170 5093 299 5158 πρὸς
323 5092 555 5163 σταυρὸν
590 5088 1065 5162 ἀπάγηται,ούδὲν
1092 5081 1254 5159 ἦττον
1283 5084 1359 5147 ὡς
1383 5083 1558 5154 φοῖνιξ
1590 5082 1744 5137 ἀνθεῖ

172 5183 260 5237 καὶ
298 5183 428 5235 ὡσεὶ
457 5182 647 5253 κέδρος
677 5178 1136 5251 πληθυνθήσεται,
1196 5174 1581 5230 πολλαπλασίω
1634 5172 1741 5225 τῶν

173 5274 339 5329 πόνων
365 5275 457 5328 xui.
485 5273 823 5344 παθημάτων
876 5272 974 5343 τὴν
1001 5270 1300 5325 ἀπόλαυσιν
1325 5267 1615 5337 εὑρίσκων,
1648 5265 1746 5319 καὶ

175 5368 276 5429 τοῖς
298 5367 609 5436 ἁδιηγήτοις
639 5364 865 5434 ἀγαθοῖς
907 5363 1189 5435 ἐντρυφῶν
1214 5378 1274 5415 τε
1294 5362 1389 5414 καὶ
1417 5358 1740 5429 ὲνευθηνού-

178 5472 348 5523 μενος.
397 5456 497 5518 Τίς
515 5450 605 5508 οὖν
633 5456 780 5509 ἐστιν
820 5457 848 5509 ό
879 5454 1087 5518 δίκαιος
1127 5455 1155 5506 ό
1181 5456 1238 5507 έν
1261 5450 1337 5522 τῷ
1360 5448 1553 5520 δικαίῳ
1578 5447 1743 5502 αὐτοῦ

176 5542 562 5609 ἀπολλύμενος,
593 5544 689 5598 καὶ
712 5544 834 5600 τίνα
864 5543 1066 5617 τρόπον
1095 5541 1392 5596 ἀπόλλυται
1412 5556 1427 5605 ;
1447 5538 1482 5609 ἢ
1503 5536 1746 5610 δηλονότι

244 5677 284 5710 υ
323 5676 464 5732 Psal.
500 5691 584 5731 xc:
614 5718 628 5745 ,
669 5680 755 5738 15.

1844 4533 2038 4589 Libani
2060 4529 2510 4601 multiplicabitur
2536 4528 2580 4558 "
2611 4546 2657 4593 ι,
2696 4541 2790 4595 per
2817 4534 3106 4593 utramque
3131 4522 3422 4577 dictionem

1840 4626 2069 4697 iustitiae
2115 4627 2372 4686 lucrum,
2420 4630 2474 4675 et
2515 4619 2786 4674 bonorum
2828 4614 3114 4671 beatitudo
3146 4622 3200 4668 et
3224 4612 3425 4668 divitiae

1844 4726 2198 4783 enarrantur,
2231 4730 2329 4785 per
2358 4713 2493 4768 illud
2524 4710 2730 4780 ﬂorebit
2763 4709 3011 4764 videlicet
3043 4717 3098 4761 et
3124 4707 3255 4761 illud
3287 4708 3428 4759 mul-

1844 4805 2527 4878 tiplicabiturtllicjustus,
2558 4803 2660 4859 etsi
2683 4800 3007 4872 flagelletur,
3036 4800 3138 4853 etsi
3168 4808 3429 4867 torquea-

1845 4911 1955 4965 tur,
1990 4901 2118 4956 licet
2145 4899 2384 4970 patiatur
2422 4895 2643 4951 duriora
2670 4936 2686 4961 ,
2730 4894 2832 4950 etsi
2875 4892 2941 4947 ad
2977 4891 3290 4954 victimam,
3322 4887 3425 4943 etsi

1844 4992 1912 5047 ad
1945 5001 2201 5054 mortem,
2232 4989 2333 5044 etsi
2368 4989 2434 5042 ad
2462 5001 2680 5043 crucem
2709 4981 3425 5051 abducatur,nihilominus

1847 5091 1906 5137 ut
1930 5082 2108 5151 palma
2135 5079 2351 5134 ﬂorebit
2391 5087 2443 5134 et
2465 5086 2522 5132 ut
2551 5078 2753 5133 cedrus
2768 5073 3233 5144 multiplicabitur,
3252 5071 3425 5126 multo

1846 5172 2113 5242 maiorem
2144 5171 2424 5226 laboribus
2453 5179 2507 5225 et
2538 5168 2890 5240 passionibus
2924 5165 3241 5221 fruitionem
3274 5162 3426 5217 inve-

1847 5263 2028 5324 niens,
2060 5271 2114 5316 et
2139 5261 2603 5316 inenarrabilibus
2626 5261 2788 5315 bonis
2814 5257 3057 5329 gaudens
3086 5265 3141 5311 et
3172 5254 3419 5309 alnuens.

1844 5355 1981 5422 Quis
2017 5355 2184 5426 igitur
2218 5363 2302 5410 est
2331 5353 2514 5424 justus
2552 5354 2644 5424 qui
2678 5353 2734 5407 in
2772 5351 2983 5422 iustitia
3019 5366 3115 5403 sua
3146 5346 3284 5418 perit
3309 5384 3324 5407 ,
3365 5352 3423 5399 et

1841 5445 2118 5516 quomodo
2149 5443 2325 5515 perit?
2362 5441 2629 5500 Videlicet
2653 5443 2748 5513 qui
2773 5442 2908 5513 justi
2941 5440 3162 5512 quidem
3197 5434 3342 5503 rapit
3365 5443 3423 5489 ct

1844 5535 2024 5594 induit
2068 5550 2272 5594 nomen
2324 5542 2380 5593 et
2428 5536 2697 5602 vultum,
2728 5532 2824 5591 sed
2867 5532 2923 5588 in
2958 5545 3055 5587 sua
3083 5524 3298 5599 iustitia
3327 5522 3440 5580 ille.
