3864 6208
227 331 328 393 433

1149 331 1251 389 ΑΙ)
1284 319 1872 388 AMPHILOCHIUM
1904 319 2248 396 QUESTIO
2284 330 2513 390 LXVII.

3374 332 3481 399 434

230 443 620 513 παρείληπται,
662 444 827 495 πᾶσιν
867 437 1322 507 ὲπιγινώσκεσθαι
1350 442 1513 494 ποιεί.
1546 439 1677 493 Οὐδὲ
1704 437 1801 506 γὰρ

1916 435 2078 504 facit;
2134 452 2242 491 non
2298 440 2440 493 enim
2492 437 2544 493 itt
2598 440 3006 499 subsistentiam
3063 445 3477 514 productionem

228 539 342 590 οὑδὲ
370 538 473 605 τὴν
508 537 586 597 εἰς
618 534 853 605 ὕπαρξιν
877 534 1208 604 προαγωγὴν
1237 536 1355 586 νυνὶ
1386 533 1448 585 τὸ
1478 532 1576 602 τῆς
1612 532 1809 599 λέξεως

231 628 480 697 σημαίνει
503 642 517 655 ·
584 625 703 679 οὐδὲ
736 629 833 695 τῆς
870 624 1084 688 ἀδικίας
1138 626 1294 696 ἡμῶν
1347 626 1556 696 καρπός
1596 627 1742 677 ἐστιν
1775 626 1807 694 ὴ

227 718 313 772 τοῦ
341 718 479 771 Θεοῦ
514 716 856 788 δικαιοσύνη·
894 718 951 771 οὗ
998 718 1094 787 μὲν
1124 719 1243 771 οὐδὲ
1268 720 1324 770 ἐν
1347 719 1601 789 ἀπορίας,
1640 719 1712 781 ὡς
1744 717 1808 770 ἄν

228 826 331 862 τισι
361 809 558 872 δόξειε,
596 809 935 879 προάγεσθαι
999 810 1239 879 σχήματι
1278 810 1469 881 καιρὸν
1528 810 1806 879 εὑρίσκει·

230 901 359 970 πρὸς
382 900 586 969 χλεύην
615 900 723 971 γάρ
775 898 868 953 καὶ
896 899 1039 952 οὕτω
1085 900 1427 971 τυπούμενον
1475 901 1805 971 καταλήγει⁹

228 991 477 1057 καὶπρὸς
509 991 570 1044 τὸ
610 992 838 1061 μάταιον
883 992 1241 1062 ἀποφέρεται.
1302 993 1412 1045 Καὶ
1454 992 1559 1062 γάρ
1597 992 1689 1045 καὶ
1748 991 1807 1044 τὸ

229 1083 411 1152 σχῆμα
439 1083 551 1137 τῶν
592 1084 859 1153 ἀποριῶν,
899 1084 968 1137 δι’
1027 1084 1253 1154 ἐρεύνης
1305 1083 1460 1136 εἴωθε
1506 1080 1806 1153 βαθυτέρας

227 1172 317 1225 καὶ
345 1172 402 1223 τὸ
435 1173 804 1243 ἐπιπροσθοῦν
844 1173 1196 1225 ἀποτίθεσθαι
1236 1173 1329 1225 καὶ
1368 1173 1426 1225 τὸ
1473 1174 1641 1241 σαφὲς
1683 1173 1804 1225 δια-

229 1263 467 1316 λύεσθαιο
488 1266 591 1317 ὅσα
622 1265 677 1317 δὲ
711 1264 802 1317 τοῦ
836 1265 1039 1317 ἀτόπου
1071 1264 1162 1316 τὸν
1186 1264 1407 1333 ἔλεγχον
1436 1263 1547 1333 ἔχει
1573 1280 1806 1334 προφαι-

227 1355 466 1425 νόμενον,
507 1357 799 1427 πρόχειρόν
828 1371 886 1408 τε
920 1357 1013 1408 καὶ
1061 1358 1470 1426 ἐμφανεστάτην
1499 1355 1597 1428 τὴν
1637 1356 1814 1410 κατά-

226 1465 422 1515 γνωσιν
474 1451 842 1517 συνεπάγεται
862 1467 876 1480 ·
908 1448 1077 1502 ταῦτα
1114 1449 1169 1501 δὲ
1200 1451 1307 1521 ἄρα
1342 1449 1452 1502 οὐδ’
1475 1450 1552 1511 είς
1576 1448 1808 1521 ἀπορίας

224 1537 384 1590 τύπον
417 1537 858 1608 σχηματίζεσθαι
919 1538 1385 1610 παρρησιάζεται,
1441 1538 1707 1609 φλυαρίας
1751 1538 1808 1592 δὲ

229 1630 335 1698 ἅμα
398 1630 496 1681 καὶ
562 1629 945 1699 ματαιολογίας
1002 1630 1394 1700 σπουδάσματα
1451 1631 1804 1702 διελέγχεται.

229 1722 341 1775 ’Ὁτι
368 1721 425 1775 δὲ
457 1722 521 1775 τὺ
548 1723 923 1790 συνίστησιν
952 1722 1075 1775 ἀντὶ
1093 1722 1188 1775 τοῦ
1217 1722 1562 1790 κατάδηλον
1588 1721 1807 1791 ἐργάζε-

1912 540 2056 581 nunc
2088 529 2201 582 haec
2230 528 2400 583 dietio
2448 531 2751 600 signillcat;
2802 550 2901 589 nec
2952 534 3230 604 injustitiaa
3281 547 3480 593 nostrae

1910 620 2119 675 fruetus
2148 632 2231 677 est
2260 623 2349 677 Dei
2382 624 2616 693 jnstitia.
2656 623 2846 694 Neque
2900 627 2957 680 in
3009 629 3366 687 dubitationis
3421 643 3479 687 ut

1909 714 2237 783 quibusdam
2275 716 2441 769 videri
2478 725 2658 784 posset
2684 717 2915 786 proferri
2961 720 3133 774 forma
3173 722 3352 775 lci-nm
3391 725 3477 777 in-

1908 805 2091 872 venit;
2138 806 2203 859 ad
2248 808 2549 863 irrisionent
2592 810 2735 863 enim
2764 819 2817 863 et
2846 811 2922 863 sic
2952 811 3234 881 figuratum
3276 815 3478 869 desinit

1908 908 1959 951 et
1989 899 2040 952 in
2068 915 2266 953 vanum
2302 901 2607 955 abducitur.
2648 903 2861 956 Etenim
2894 913 2947 957 et
2980 904 3151 959 forma
3187 906 3477 962 dubitatio-

1911 1000 2057 1043 nnm.
2096 1002 2189 1054 per
2222 991 2611 1043 scrutationem
2646 991 2784 1045 solet
2813 992 3215 1060 profundiorem
3243 1005 3297 1050 et
3334 1006 3482 1052 ante-

1911 1077 2051 1130 riora
2087 1079 2353 1148 deponcre
2382 1091 2432 1135 et
2468 1084 2613 1136 clara
2656 1083 2895 1147 diluere;
2923 1099 3262 1155 quaecunque
3296 1099 3476 1143 autem

1908 1167 2099 1222 insulsi
2133 1170 2565 1240 redargutionetn
2615 1174 2812 1228 habent
2840 1187 3191 1244 apparentem
3218 1218 3235 1244 ,
3281 1178 3366 1233 bis
3398 1178 3478 1235 fe-

1910 1262 2108 1313 stinam
2144 1272 2197 1316 et
2233 1263 2698 1319 evidentissimam
2740 1271 3253 1325 condemnationem
3280 1287 3476 1340 super-

1909 1350 2055 1404 ducit
2086 1374 2099 1417 ;
2127 1352 2240 1407 lure
2272 1370 2400 1407 vero
2433 1366 2578 1410 certe
2605 1373 2709 1410 non
2748 1358 2801 1412 in
2839 1360 3198 1417 dubitationis
3244 1363 3477 1417 formam

1910 1440 2035 1511 litigi
2068 1442 2400 1496 conﬁdenter
2432 1446 2646 1509 asserit,
2680 1447 3054 1503 blaterationis
3086 1466 3214 1504 vero
3238 1452 3396 1508 simul
3424 1464 3478 1508 et

1910 1548 2061 1586 rana:
2085 1534 2372 1601 loquentiae
2397 1535 2573 1587 studia
2608 1538 2899 1608 redarguit.
2936 1539 3088 1607 Quod
3130 1553 3311 1597 autem
3344 1543 3476 1599 illud

1907 1627 2097 1677 statuit
2130 1640 2227 1695 pro
2252 1626 2456 1678 evidens
2493 1627 2977 1699 [licitassumptnm
3002 1645 3102 1698 est,
3126 1635 3474 1690 tnanifcstuttt

1910 1716 2111 1784 praebet
2137 1716 2394 1771 omnibus
2432 1720 2649 1787 cognitu
2700 1723 2814 1785 ipse
2871 1724 2955 1777 sui
3019 1724 3171 1782 testis
3232 1728 3475 1784 veritatis

226 1831 313 1866 ται
346 1813 743 1883 παρείληπται,
783 1784 1001 1885 ἐμφανῆ
1038 1784 1447 1886 παρασκευάζει
1498 1784 1801 1869 πᾶσινυὲπι-

1909 1821 2086 1875 prarco
2103 1808 2379 1861 etstabilit
2401 1816 2455 1863 et
2484 1810 2787 1865 doctrinam
2821 1815 2976 1868 nobis
3008 1817 3471 1874 evidentissintant

223 1903 607 1971 γινώσκεσθαι,
638 1905 800 1969 αὐτὸς
827 1907 1021 1959 ἑαυτοῦ
1066 1907 1278 1977 μάρτυς
1314 1910 1343 1961 ό
1390 1908 1491 1976 τῆς
1544 1908 1805 1979 ἀληθείας

224 1994 391 2065 κῆρυξ
422 1998 522 2049 καὶ
556 1997 891 2067 παρίσταται
921 2000 1016 2051 καὶ
1043 1998 1141 2069 τὴν
1168 2000 1516 2053 διδασκαλίαν
1543 2002 1675 2070 ἡμῖν
1702 2004 1804 2071 ὲμ-

225 2087 561 2157 φανεστάτην
588 2087 677 2140 διὰ
704 2088 802 2157 τῆς
836 2090 1151 2159 μαρτυρίας
1197 2090 1517 2160 παρέχεται.
1552 2092 1661 2143 Καὶ
1693 2092 1803 2161 γὰρ

235 2173 517 2246 Ῥωμαίοις
573 2179 799 2249 γράφων
858 2180 1031 2250 φησι·
1119 2196 1138 2231 ι
1178 2180 1474 2252 Συνίστημι
1560 2181 1619 2234 δὲ
1674 2183 1803 2252 ὑμῖν

222 2269 412 2340 Φοίϐην
441 2269 547 2341 τὴν
583 2270 821 2342 ἀδελφὴν
862 2270 1021 2341 ἡμῶν
1045 2271 1213 2325 οὖσαν
1251 2272 1499 2326 διάκονον
1544 2274 1644 2343 τῆς
1676 2273 1802 2327 Ἐκ.

226 2358 443 2429 κλησίας
467 2360 572 2431 τῆς
592 2362 650 2414 ιν
678 2363 988 2431 Κεγχρεαῖς
1008 2378 1024 2393 ·
1058 2380 1078 2413 ι
1114 2362 1271 2433 δῆλον
1310 2363 1418 2434 γάρ
1450 2362 1526 2426 ώς
1565 2364 1686 2418 ἀντὶ
1705 2363 1801 2418 τοῦ

223 2452 576 2520 παρατίθημι
593 2450 958 2523 παρείληπται
971 2454 1053 2521 τὸ,
1071 2454 1401 2524 συνίστημι
1419 2471 1435 2487 ·
1450 2454 1804 2525 ἐπιγινώσκει-

226 2540 341 2597 σθαι
374 2541 674 2617 βούλομαι,
728 2540 1092 2615 γνωρίζεσθαι
1119 2544 1324 2617 ταύτην
1369 2546 1498 2617 ὑμῖν
1531 2547 1798 2619 παραινῶ.

226 2632 319 2685 Διά
345 2633 433 2700 τίς
471 2650 494 2686 ι
539 2635 655 2688 ’Ίνα
693 2635 862 2706 αὐτὴν
900 2638 1269 2709 προσδέξησθε
1324 2641 1384 2694 ὲν
1414 2638 1608 2711 Κυρίῳ
1636 2639 1802 2706 ἀξίως

222 2724 327 2776 τῶν
373 2726 569 2793 ἁγίων.
609 2744 629 2778 ι
694 2729 902 2799 Ὠσπερ
949 2725 1043 2783 οὖν
1092 2729 1323 2785 ἐνταῦθα
1355 2732 1416 2786 τὸ
1446 2736 1797 2803 συνίστημι,

226 2816 318 2869 οὐκ
338 2819 457 2870 ἀντὶ
481 2817 581 2871 τοῦ
612 2820 965 2888 ὑφεστάναι,
991 2823 1111 2875 οὐδὲ
1144 2824 1295 2891 πρὸς
1332 2824 1591 2893 ὕπαρξιν
1634 2826 1801 2897 ἄγειν

226 2910 726 2979 παραλαμϐάνεται,
755 2912 892 2966 ἀλλά
920 2913 981 2966 τὸ
1009 2914 1374 2982 γινώσκεσθαι
1411 2918 1504 2970 καὶ
1540 2919 1800 2988 γνωρίζε-

229 3001 342 3054 σθαι
364 3004 456 3055 καὶ
504 3003 719 3072 ἐμφανῆ
743 3004 1076 3059 καθεστάναι
1105 3009 1217 3069 τοῖς
1237 3008 1295 3059 ἐν
1346 3007 1535 3083 Ῥώμῃ
1563 3011 1661 3081 τὴν
1695 3032 1790 3079 μαι

228 3088 641 3190 καρίανλῷοίὸην
668 3094 1109 3190 ἐπισημαίνεται,
1160 3095 1300 3190 οὕτω
1339 3099 1639 3156 κάνταῦθα.
1676 3103 1798 3168 Πῶς
1822 3133 1868 3190 C

227 3181 330 3251 δὲή
365 3182 555 3238 ἀδικία
602 3183 759 3255 ὑμῶν
799 3188 900 3256 τὴν
926 3186 1022 3239 τοῦ
1065 3188 1201 3241 Θεοῦ
1256 3189 1602 3263 δικαιοσύνην
1654 3212 1799 3266 παρ-

230 3271 467 3345 (mani;
500 3275 667 3347 ώςτῷ
708 3279 847 3346 φωτὶ
879 3280 941 3331 τὸ
975 3282 1167 3343 σκότος
1201 3281 1634 3353 παρατιθέμενον
1669 3286 1803 3356 μᾶ).-

228 3362 308 3414 λον
331 3365 595 3433 αὐγάζειν
627 3366 1059 3431 ἀποϐλέποντας,
1092 3370 1169 3433 ώς
1222 3371 1282 3423 τὺ
1318 3372 1516 3443 πικρὸν
1543 3374 1619 3444 τῷ
1669 3376 1798 3443 γλυ-

226 3453 432 3519 κάζοντι
454 3455 802 3527 γλυκυτέραν
828 3460 1090 3529 ἐμποιοῦν
1114 3462 1180 3531 τῇ
1206 3460 1396 3530 ’γεύσει
1424 3464 1523 3533 τὴν
1552 3464 1646 3518 τοῦ
1673 3467 1801 3533 γλυ-

226 3544 342 3611 πέος
363 3548 657 3619 ποιότητω
688 3550 765 3614 ὡς
793 3551 857 3603 τὸ
892 3552 1070 3623 τραχὺ
1108 3554 1205 3606 καὶ
1237 3555 1473 3624 πλῆττον
1504 3554 1606 3627 τὴν
1658 3560 1801 3631 ἁφὴν

222 3639 597 3712 μᾶλλονήμᾶς
633 3642 937 3712 διατίθησιν
979 3640 1081 3715 τὴν
1125 3646 1219 3699 τοῦ
1265 3647 1408 3701 λείου
1444 3649 1665 3722 ίσότητα
1704 3654 1800 3707 καὶ

224 3726 527 3799 ὁμαλότητα
584 3730 1043 3787 ἑπαισθάνεσθαιο
1088 3734 1164 3798 ὥς
1203 3736 1264 3789 τὸ
1318 3736 1511 3806 ψεῦδος
1558 3738 1800 3810 ἐμφανε-

230 3820 411 3891 στέραν
437 3839 503 3876 τε
534 3824 628 3876 καὶ
663 3824 1048 3897 ποθεινοτέραν
1087 3826 1178 3882 καὶ
1203 3826 1401 3899 μᾶλλον
1432 3832 1800 3905 αἱρετωτέραν

226 3910 506 3979 ἀποφαίνει
532 3915 597 3984 τῇ
624 3914 927 3985 παραθέσει
955 3916 1054 3987 τὴν
1085 3916 1345 3988 ἀληθειαν
1364 3934 1380 3949 ·
1411 3920 1489 3984 ὼς
1539 3922 1799 3994 ἑκάτερον

228 4001 325 4055 τῶν
352 4003 638 4074 διαφοραῖς
666 4007 1149 4078 ἀντιτεταγμέναις
1196 4011 1530 4083 πορρωτέρω
1576 4010 1799 4069 διεστώ-

228 4107 326 4146 των
354 4094 449 4147 ἀπ’
478 4095 742 4163 ἀλλήλων,
790 4096 851 4149 τὸ
892 4097 991 4166 μὲν
1048 4099 1145 4169 τὴν
1185 4101 1493 4174 φαυλότητα
1537 4102 1632 4158 τοῦ
1686 4105 1801 4177 χεί-

235 4196 370 4252 ρονος
394 4184 494 4238 ἐπὶ
523 4184 687 4238 πλέον
721 4186 1003 4257 διελέγχει,
1058 4188 1121 4240 τὸ
1148 4189 1203 4243 δὲ
1251 4190 1349 4261 τὴν
1399 4192 1492 4245 τοῦ
1518 4194 1797 4265 κρίνοντος

231 4274 511 4342 ἐμφανίζει
536 4276 869 4348 ἀγαθότητα.
901 4280 1009 4333 Καὶ
1048 4280 1155 4351 γάρ
1179 4281 1275 4349 ἀφ’
1295 4283 1527 4337 ἑκάστου
1565 4283 1674 4339 τῶν
1704 4288 1798 4342 ἀν-

232 4366 540 4434 τικειμένων
580 4367 671 4419 ἐπὶ
722 4366 949 4439 θάτερον
997 4371 1044 4421 οί
1086 4371 1503 4439 μεταϐαίνοντες
1544 4374 1651 4427 ἀπὸ
1697 4376 1796 4446 μὲν

1905 1912 2002 1968 per
2042 1898 2416 1955 testimonium
2460 1901 2636 1956 ati'ert.
2679 1901 2890 1958 Etenim
2924 1907 2990 1960 ad
3024 1907 3299 1966 Romanos
3335 1913 3475 1967 scri-

1906 1994 2040 2047 bens
2085 1994 2158 2047 ait
2192 2006 2206 2046 :
2247 2013 2265 2045 ι
2286 1991 2624 2050 Commendo
2652 2004 2835 2050 autem
2872 1998 3023 2054 vobis
3050 1998 3287 2055 Phoeben
3320 2018 3474 2058 soro-

1906 2097 2020 2137 rem
2062 2091 2306 2139 nostram
2355 2100 2476 2156 quae
2509 2093 2591 2141 est
2645 2087 2697 2141 in
2749 2088 3053 2144 miniSterio
3098 2089 3352 2147 Ecclesiae
3416 2093 3470 2147 itt

1902 2174 2167 2231 Cenchris
2213 2175 2293 2243 l‘;
2350 2196 2369 2227 ι
2417 2176 2638 2232 evidens
2693 2178 2837 2232 enim
2881 2194 2982 2250 pro
3031 2178 3348 2237 Prwscnlem
3397 2185 3476 2240 si-

1901 2276 1983 2321 sto
2008 2307 2024 2331 ,
2052 2277 2392 2338 assumptum
2422 2278 2507 2324 est
2553 2268 2687 2324 illud
2724 2268 3087 2339 Commendo,-
3126 2285 3307 2329 notam
3352 2290 3476 2331 esse

1900 2361 2064 2425 volo,
2117 2374 2413 2431 agnoscere
2467 2362 2606 2415 banc
2664 2376 2761 2417 vos
2810 2363 3022 2419 hortor.
3088 2363 3310 2430 Quare?
3347 2385 3368 2420 ι
3414 2379 3473 2424 ιιι

1899 2466 2020 2507 eam
2075 2451 2358 2522 excipiatis
2416 2450 2470 2505 iu
2544 2451 2773 2508 Domino
2836 2453 2998 2523 digne
3054 2458 3260 2513 sanctis
3305 2458 3385 2514 “.
3446 2476 3465 2510 ι

1902 2539 1974 2598 Ut
2024 2556 2156 2613 ergo
2205 2541 2295 2596 hic
2348 2541 2481 2597 illud
2539 2540 2896 2611 Commendo,
2927 2561 3032 2600 non
3093 2561 3190 2617 pro
3240 2555 3473 2602 statuere

1901 2650 2003 2691 nec
2034 2636 2102 2689 ad
2131 2635 2495 2689 enistentiam
2536 2634 2796 2690 adducere
2847 2638 3178 2704 assumitur,
3219 2635 3314 2693 sed
3373 2652 3471 2692 coo

1901 2727 2086 2797 gnosci
2139 2734 2193 2781 et
2250 2739 2435 2779 n0tam
2495 2726 2672 2780 facere
2709 2734 2765 2780 et
2797 2727 3138 2782 manifestam
3183 2730 3375 2784 sistere
3404 2726 3473 2785 iis

1900 2818 1993 2887 qtti
2027 2815 2213 2871 Itonia:
2242 2826 2372 2873 sunt
2406 2817 2618 2871 beatam
2653 2817 2890 2873 Pltmben
2938 2820 3244 2891 signiﬁcat,
3292 2820 3371 2877 sic
3418 2832 3473 2876 et

1902 2908 2030 2963 illic.
2057 2907 2343 2974 Quomodo
2365 2918 2543 2963 autem
2579 2907 2839 2979 iniquitas
2884 2920 3063 2966 vestra
3089 2909 3471 2982 Deijnstitiam

1900 3002 2125 3056 Statuit?
2143 3012 2202 3054 ιιι
2234 3001 2339 3054 luci
2362 3002 2597 3057 tenebrae
2616 3002 2876 3073 appositae
2898 3003 2961 3057 ad
2988 3004 3157 3073 magis
3188 2994 3473 3059 illustran-

1901 3092 2029 3146 dum
2065 3091 2410 3163 aspicientes,
2447 3102 2503 3146 at
2525 3107 2769 3147 amarum
2805 3094 3136 3150 dulcescettti
3171 3096 3469 3153 dulciorem

1904 3184 2112 3238 faciens
2156 3183 2339 3252 gustui
2381 3183 2558 3239 dulcis
2608 3187 2961 3255 qualitatem;
3007 3194 3067 3242 ut
3116 3204 3371 3258 asperum
3416 3196 3471 3244 et

1903 3279 2217 3346 percutiens
2258 3282 2460 3329 tactum
2495 3280 2669 3348 magis
2701 3294 2801 3332 nos
2831 3278 3074 3349 disponit
3107 3279 3257 3350 politi
3288 3295 3474 3349 atqua-

1900 3366 2110 3422 litatem
2142 3378 2197 3423 et
2232 3367 2495 3422 unitatem
2525 3370 2590 3423 ad
2626 3370 3005 3437 sentiendum;
3041 3382 3097 3424 nt
3134 3369 3329 3425 falsum
3367 3388 3473 3424 nta-

1904 3458 2245 3513 nifestiorem
2279 3467 2334 3514 et
2356 3459 2859 3515 desiderabilioretn
2895 3470 2949 3516 et
2978 3461 3150 3531 magis
3178 3460 3469 3532 eligibilem

1901 3550 2143 3603 declarat
2175 3551 2516 3621 appositione
2555 3552 2873 3619 veritatem;
2934 3562 2989 3606 nt
3045 3561 3338 3622 utrumque
3382 3551 3471 3606 di-

1902 3642 2259 3697 versitatibus
2306 3642 2574 3712 Oppositis
2618 3642 2833 3714 longius
2862 3643 3184 3698 distantium
3226 3644 3295 3698 ab
3329 3643 3472 3699 invi-

1901 3747 2043 3801 cem,
2071 3750 2240 3789 unum
2274 3734 2495 3804 quidem
2524 3736 2789 3792 vilitatem
2837 3737 3043 3807 pejoris
3088 3738 3209 3808 plus
3268 3741 3472 3808 arguit,

1901 3825 2131 3880 alterum
2170 3842 2301 3881 vero
2326 3827 2627 3897 judicantis
2659 3826 2971 3883 manifestat
2998 3828 3317 3884 bonitatem.
3375 3826 3471 3883 Et-

1899 3914 2046 3970 enim
2070 3915 2139 3969 ab
2168 3931 2496 3987 unoquoque
2523 3918 2894 3987 oppositorum
2919 3920 2985 3973 ad
3020 3921 3249 3973 alterum
3283 3926 3467 3974 trans-

1901 4013 2092 4059 euntes
2118 4020 2148 4059 a
2176 4006 2362 4074 pejore
2391 4008 2633 4064 melioris
2663 4010 3099 4079 superioritatent
3125 4049 3139 4072 ,
3196 4024 3226 4063 a
3257 4009 3470 4064 meliori

1899 4101 2077 4147 autem
2119 4093 2353 4163 oppositi
2384 4095 2683 4163 vilitatem;
2735 4104 2792 4149 ut
2827 4112 2923 4166 per
2972 4113 3193 4152 sensum
3227 4097 3468 4153 sensibi-

1892 4184 2031 4238 lium
2058 4200 2073 4251 ;
2111 4186 2181 4238 ita
2215 4196 2362 4240 certe
2380 4193 2433 4239 et
2454 4186 2633 4239 omnia
2660 4187 2890 4256 sapienti
2910 4187 3100 4253 Paulo,
3133 4191 3232 4243 etsi
3268 4204 3468 4245 secun-

1899 4272 2027 4327 dum
2048 4272 2277 4328 fortnam
2302 4275 2480 4329 dubia:
2512 4277 2947 4346 snppositionis;
2981 4278 3059 4333 sic
3080 4279 3169 4333 Dei
3194 4279 3467 4348 justitiam

1900 4372 2088 4420 nostra
2126 4365 2393 4434 injustitia
2437 4370 2648 4423 statuit.
2687 4366 2811 4422 ideo
2854 4377 2908 4423 et
2936 4384 3059 4425 cum
3088 4371 3469 4438 conjunxissct

230 4453 576 4527 τοῦχείρονος
610 4460 711 4530 τὴν
746 4460 840 4514 τοῦ
859 4461 1201 4531 ,κρείττονος
1234 4465 1562 4537 ὑπερϐολὴν,
1596 4468 1703 4521 ἀπὸ
1740 4469 1797 4523 δὲ

1903 4462 2332 4531 praecedentibus
2367 4462 2497 4516 illud
2531 4480 2544 4515 :
2582 4482 2600 4513 ι
2628 4462 2765 4517 Num
2808 4463 3043 4532 injttstns
3069 4463 3208 4518 Deus
3244 4464 3334 4533 qui
3387 4465 3469 4518 itt-

236 4545 318 4597 τοῦ
370 4550 673 4619 κρείττονος
735 4552 834 4624 τὴν
886 4552 980 4606 τοῦ
1027 4556 1404 4626 ἀντικειμένου
1452 4558 1796 4631 φαυλότηταο

238 4634 405 4710 ὥσπερ
437 4640 507 4694 δι’
532 4642 838 4714 αἰσθήσεως
876 4645 984 4699 τῶν
1021 4647 1332 4719 αἰσθητῶν·
1379 4649 1522 4705 οὕτω
1565 4654 1627 4723 δὴ
1658 4654 1799 4708 οὕτω

238 4726 320 4779 καὶ
348 4730 420 4800 τῷ
447 4732 707 4802 πανσόφῳ
741 4734 937 4806 Παύλῳ
965 4738 1015 4790 εί
1072 4738 1167 4791 καὶ
1209 4741 1349 4792 κατά
1397 4742 1583 4812 σχῆμα
1605 4743 1795 4797 διαπο-

240 4820 490 4891 ρουμένης
530 4822 837 4889 ὑποθέσεως
857 4843 872 4857 ·
903 4826 979 4891 ὡς
1003 4829 1101 4897 τὴν
1126 4828 1220 4883 τοῦ
1255 4830 1390 4883 Θεοῦ
1424 4832 1790 4903 δικαιοσύνην,

237 4907 428 4981 ήμῶνή
456 4913 639 4966 ἀδικία
670 4917 1001 4988 συνίστησιν.
1025 4916 1113 4972 Διὸ
1142 4921 1239 4973 καὶ
1266 4922 1503 4989 συνάψας
1532 4925 1644 4985 τοῖς
1666 4940 1795 4993 προ-
1836 4916 1839 4917 ν

240 4994 439 5056 λαϐοῦσι
464 5004 525 5057 τό
545 5022 558 5036 ο
597 5021 616 5057 ι
650 5007 741 5079 Μὴ
779 5009 961 5073 ἄδικος
991 5012 1019 5062 ό
1043 5011 1177 5073 Θεὸς
1203 5014 1232 5065 ό
1258 5012 1536 5082 ἐπιφέρων
1572 5012 1672 5080 τὴν
1704 5015 1797 5083 ὀρ·-

241 5088 359 5157 Th»;
391 5110 410 5143 ι
446 5096 642 5164 ἐπάγει
669 5100 731 5152 τό
751 5114 766 5131 ο
807 5118 827 5151 ι
846 5101 936 5169 Μὴ
971 5101 1201 5168 γένοιτο.
1232 5121 1249 5152 ι
1276 5101 1429 5155 Διατί
1454 5120 1467 5169 ;
1502 5103 1648 5176 Διοτὶ
1674 5104 1794 5174 οὐχὶ

240 5178 700 5255 εὐγνωμονούντων
750 5191 907 5261 ἡμῶν
940 5194 1033 5244 καὶ
1074 5193 1402 5262 θεραπεύειν
1429 5193 1490 5245 τὸ
1519 5194 1674 5247 Θεῖον
1698 5193 1792 5264 ζη-

243 5272 469 5343 τούντων,
502 5281 533 5349 ὴ
563 5280 745 5334 ἀδικία
782 5282 942 5352 ἡμῶν
970 5282 1455 5355 διαμαρτυρομένη
1477 5284 1567 5337 καὶ
1596 5287 1794 5355 κηρύτ-

1899 4553 2001 4609 fert
2033 4555 2170 4608 iram
2204 4553 2247 4585 ¹⁷
2276 4554 2300 4608 ?
2328 4574 2346 4606 ι
2417 4556 2567 4608 addit
2599 4555 2781 4609 illud:
2823 4573 2841 4606 ι
2872 4555 3028 4609 Absit
3054 4554 3130 4609 "'l
3171 4573 3189 4606 ι
3250 4556 3471 4621 Quare?

1897 4643 2033 4714 Quia
2083 4660 2191 4699 non
2227 4646 2523 4716 prudenter
2554 4646 2841 4715 agentibus
2876 4646 3031 4701 nobis
3062 4656 3115 4701 et
3145 4649 3351 4702 servire
3381 4646 3471 4701 Di-

1897 4742 2107 4795 vinitati
2130 4742 2523 4811 quaerentibus,
2558 4740 2824 4809 injustitia
2879 4754 3065 4797 nostra
3090 4743 3393 4800 testilicans
3412 4754 3471 4800 et

1896 4833 2195 4901 praedicans
2221 4834 2489 4904 justitiam
2510 4837 2628 4905 ejus
2662 4837 2998 4892 manifestam
3032 4836 3179 4903 fecit,
3207 4838 3299 4896 sed
3330 4856 3471 4909 quo-

1900 4923 2061 4979 modo
2088 4925 2292 4980 dictum
2324 4936 2406 4982 est
2438 4927 2733 4983 bonitatem
2769 4944 2865 4999 per
2902 4928 3304 4998 improbitatem
3357 4949 3470 4986 ma-

1902 5012 2240 5071 nifestiorcm
2273 5017 2415 5072 sisti.
2457 5018 2589 5082 Quae
2618 5028 2799 5074 autem
2835 5030 3143 5091 sequuntur
3186 5022 3292 5078 lori
3339 5024 3469 5077 ditii-

1896 5107 2019 5160 cilia
2052 5108 2330 5176 speculam
2370 5110 2542 5180 magis
2568 5112 2785 5180 propria
2814 5111 2955 5167 forte
2975 5113 3468 5179 solutione,divina

1899 5197 2236 5266 providentia
2278 5201 2569 5271 benignius
2616 5217 2718 5256 nos
2766 5203 3130 5273 inspiciente,
3184 5220 3291 5260 non
3321 5220 3470 5261 care-

1898 5290 2051 5342 bunt.

241 5373 387 5418 musa
417 5371 513 5441 τὴν
565 5372 912 5443 δικαιοσύνην
953 5372 1117 5426 αὑτοῦ
1175 5375 1524 5442 ἐνεφάνισεν,
1584 5375 1700 5429 ἀλλ’
1753 5375 1812 5430 ὃν
1850 5378 2051 5449 τρόπον
2070 5381 2282 5452 εἴρηται
2313 5384 2411 5455 τὴν
2474 5384 2784 5456 ἁγαθότητα
2813 5385 2901 5439 διὰ
2927 5388 3024 5457 τῆς
3058 5387 3258 5450 κακίας
3285 5356 3469 5455 ἐμφαξ

244 5458 472 5549 νεστέραν
497 5464 872 5518 καθίστασθαι.
895 5465 976 5519 Τὰ
999 5466 1055 5518 δὲ
1073 5465 1199 5535 ὲξῆς
1224 5466 1315 5518 τοῦ
1339 5468 1537 5538 χωρίον
1565 5467 1914 5542 δυσθεώρητα
1955 5473 2247 5546 ίδιαιτέρας
2302 5476 2431 5540 ἴσως
2492 5478 2815 5546 ἐπιλύσεως,
2849 5478 2945 5549 τῆς
3021 5478 3169 5544 θείας
3210 5480 3468 5547 προνοίας

247 5542 602 5621 εὖμενέστερον
629 5555 761 5623 ἡμῖν
791 5554 1096 5624 ὲφορώσης,
1124 5557 1224 5609 οὐκ
1249 5557 1624 5622 ἀποτεύξεται.

312 5724 348 5757 ⁸³
379 5727 519 5784 Botn.
558 5748 667 5795 xw,
704 5733 750 5784 ι.
833 5733 872 5762 ¹⁶
910 5733 1038 5787 ibid.
1122 5734 1160 5764 ¹⁷
1197 5732 1351 5788 Rom.
1398 5750 1479 5801 ιιι,
1510 5734 1561 5789 5.
1646 5736 1685 5765 ⁸⁸
1716 5734 1846 5792 ibid.
1880 5737 1930 5791 6.
