3864 6208
323 281 428 352 L35

624 397 951 466 QIIAESTIO
982 396 1189 454 LXVIII
1224 397 1323 472 [αί.
1363 397 1595 474 LXVII].

330 493 474 548 Illud
500 508 521 546 :
555 510 575 545 ι
611 490 670 548 Si
705 492 940 562 genuerit
987 493 1067 546 vir
1119 502 1357 558 centum,
1395 503 1444 547 et
1497 510 1664 549 annos
1701 493 1898 549 multos

395 565 618 628 vixerit,
668 573 716 617 et
768 578 1016 634 numerus
1047 565 1134 631 qui
1161 571 1314 616 erunt
1356 564 1466 634 dies
1499 581 1759 619 annorum
1785 565 1900 634 ejus

393 651 497 688 non
531 634 837 702 implebitur
867 632 1099 686 bonitate
1120 649 1149 704 ,‘7
1169 641 1220 686 et
1251 633 1549 698 sepulcrum
1570 651 1674 688 non
1702 632 1901 704 fuit—ei,

393 706 511 758 dixi
546 704 737 758 bonum
769 719 927 770 super
947 719 1066 756 eum
1096 703 1398 757 abortivum
1420 721 1438 768 ;
1460 703 1708 772 quoniam
1736 705 1792 757 in
1823 721 1908 757 va-

399 776 566 829 nitate
599 775 767 836 venit,
795 782 845 827 et
880 773 936 826 in
966 773 1190 826 tenebris
1231 788 1419 827 nomen
1447 773 1561 842 ejus
1591 773 1905 840 involvetur,

403 855 455 899 et
490 845 652 898 solem
686 860 790 898 non
814 843 952 914 uidit
987 859 1076 896 nec
1109 843 1388 912 cognovit;
1427 845 1626 914 requies
1675 844 1797 898 huic
1823 861 1908 897 su-

399 932 491 985 per
531 915 700 969 illum.
735 933 756 985 ι
801 913 916 985 Hoc
946 923 1122 966 autem
1157 914 1356 985 dictum
1382 913 1669 982 quamnam
1703 915 1902 968 discre-

401 984 596 1040 tionem
627 994 677 1039 et
710 984 1114 1040 elucidationern
1143 984 1505 1038 demonstrare
1535 987 1747 1053 potest?

1488 288 1752 351 ΡΗΟΤῙῙ
1777 290 2278 354 PATRIARCIL‘E
2313 295 2422 357 ΟΡ.

1929 410 1976 467 Α

3461 309 3570 375 436

2545 409 2876 466 ΕΡΩἸἩΣΙΣ
2904 412 3029 470 EH'.

2000 492 2164 577 TJL}
2201 495 2344 552 Ἐὰν
2374 500 2648 577 τεγνήᾳῃί
2672 504 2826 577 ἀνὴρ
2855 506 3089 573 ἑκατὸν,
3109 510 3203 564 καί
3234 509 3337 577 ἐτη
3368 517 3571 568 πολλὰ

2074 562 2335 648 (licetat,
2356 562 2469 648 abab
2491 562 2725 648 πλῆθος
2748 562 2868 648 -Ῐὸτι

2072 635 2262 731 fibra-ii
2307 640 2417 731 orbae
2445 635 2932 731 ἐμπλῃσᾲήσρτᾳι
2981 635 3237 731 ἀπὸ-τῆξ
3256 635 3570 731 iii-amomi-

2071 721 2188 770 νης
2207 719 2222 734 ⁸
2251 710 2353 761 καί
2380 726 2444 777 γε
2472 711 2630 779 ταφὴ
2655 715 2766 766 οὐκ
2793 715 3028 785 ἐγένετο
3053 710 3234 782 αὐτῷ’,
3264 710 3406 774 εἶπα
3427 722 3571 790 ἁγα-

2075 772 2184 828 θὸν
2209 777 2364 857 ῠίτᾲρ
2395 781 2609 857 αὐτόν-
2631 782 2698 836 τὸ
2731 783 2995 857 eritpr
3022 803 3052 857 ἣν
3095 787 3183 841 ὅτι
3221 789 3293 842 ἐν
3329 793 3574 857 ματαιό-

2074 849 2408 926 ζητιᾼῆλθε,
2438 849 2537 902 καὶ
2583 851 2654 926 ἐν
2679 849 2883 926 axem
2910 849 2999 909 ’τὸ
3022 856 3208 926 ὄνομα
3246 849 3437 913 αὐτοῦ
3464 878 3573 914 ua-

2074 915 2471 989 .3v5901jq’erat'
2508 922 2611 974 καί
2649 939 2714 988 γε
2743 922 2921 989 ἥλιον
2956 927 3069 981 οὐκ
3122 915 3242 982 εἶδε
3297 930 3398 982 καί
3458 932 3573 984 οὐκ

2076 981 2247 1104 53-mo-
2266 981 2618 1055 arduava
2635 981 2824 1057 eodem
2837 994 2988 1062 ὑπὲρ
3005 981 3237 1052 τοῦτον-ἕ
3252 1019 3270 1050 ι
3292 981 3480 1054 τοῦτο
3494 981 3570 1066 δὴ

2076 1067 2107 1103 τ
2178 1055 2362 1104 ὀπτὸν
2408 1060 2543 1104 τίνα
2594 1060 2893 1104 ﬁnitiva-nr-
2934 1067 3028 1104 am)
3069 1068 3408 1104 ηημητςνριην
3450 1070 3570 1104 ιη.-

2073 1067 2107 1103 τ

2171 1055 2362 1136 ῥητόν
2408 1060 2543 1136 τίκα
2594 1055 2893 1130 διάκρισιν
2933 1055 3031 1120 αἰαὶ
3069 1068 3408 1136 σαφήνειαν
3449 1055 3575 1124 tm;

2073 1120 2164 1176 δεί
2167 1124 2383 1188 ξασθαι
2436 1126 2683 1183 δύναται

1318 1219 1462 1271 Edita
1483 1235 1510 1271 a
1532 1220 1677 1283 Maio,
1703 1221 1743 1272 ι.
1766 1235 1834 1282 ο.,
1857 1237 1908 1286 p.
1942 1224 2107 1290 83-84,
2128 1231 2182 1282 In
2202 1234 2370 1288 Eccle.
2397 1251 2462 1299 vr,
2484 1240 2587 1291 3-5.

397 1310 554 1367 Multi
597 1307 756 1365 liberi
792 1306 860 1362 iis
889 1304 984 1376 qui
1033 1303 1089 1358 in
1125 1303 1329 1358 mundo
1373 1313 1433 1358 ut
1482 1320 1614 1360 sane
1646 1321 1903 1376 magnum

329 1407 537 1462 bonum
570 1399 914 1457 ambitiosius
956 1393 1383 1466 exquirebatur,
1430 1396 1684 1452 similiter
1723 1405 1903 1452 autem

327 1504 384 1551 et
414 1495 632 1562 longum
664 1501 879 1560 tempus
903 1487 1045 1542 vitae.
1083 1485 1296 1541 Etenim
1331 1486 1532 1557 saepius
1559 1487 1906 1543 servantibus

335 1583 546 1638 Domini
570 1580 1017 1650 iustificationes,
1036 1576 1257 1647 longam
1281 1577 1405 1630 vitae
1426 1584 1642 1647 tempus
1659 1576 1714 1631 in
1744 1577 1906 1632 retri-

2097 1317 2159 1370 'H
2194 1320 2520 1377 πελυπαιδία
2573 1327 2687 1389 τοῖς
2718 1326 2776 1378 ὲν
2800 1326 2989 1399 κόσμῳ
3017 1322 3104 1382 οἶα
3132 1329 3196 1403 δὴ
3223 1332 3364 1400 μέγα
3389 1337 3578 1406 χρῆμα.

2010 1406 2440 1480 φιλοτιμὼτερον
2521 1415 2899 1482 ἐσπουδάζετο,
2955 1419 3212 1486 ὡσαύτως
3263 1423 3319 1476 δὲ
3379 1429 3471 1478 καὶ
3517 1429 3581 1481 τὸ

2009 1496 2358 1567 πολυχρόνιον
2384 1518 2398 1534 ο
2425 1503 2520 1556 καὶ
2555 1505 2663 1576 γὰρ
2717 1507 2982 1578 πολλαχοῦ
3014 1513 3128 1574 τοῖς
3156 1512 3487 1580 φυλάττουσι
3509 1519 3580 1571 τὰ

2009 1587 2104 1640 τοῦ
2138 1590 2343 1662 Κυρίου
2380 1594 2743 1667 δικαιώματα,
2787 1601 2846 1653 τὸ
2901 1602 3254 1675 πολυχρόνιον
3297 1609 3378 1671 είς
3428 1609 3581 1664 ἀντι-

328 1676 606 1732 butionem
646 1670 979 1726 extenditur.
1022 1669 1077 1724 Si
1110 1669 1238 1739 quis
1265 1668 1450 1741 igitur,
1481 1669 1557 1724 ait
1584 1668 1904 1736 Salomo,et

2022 1678 2239 1771 μισθίαν
2266 1683 2626 1742 ὑποτείνεται.
2672 1691 2798 1745 Ἐὰν
2830 1687 2922 1748 οὖν
2939 1668 3232 1768 τιςξφησὶν
3261 1668 3581 1771 όΣολομὼν,

331 1765 686 1822 multitudine
717 1763 1011 1818 liberorum
1043 1761 1556 1832 superabundanler
1576 1761 1702 1818 aliis
1725 1761 1902 1816 homi-

2022 1747 2102 1824 tai.
2129 1775 2196 1844 τῇ
2227 1773 2600 1850 πολυπληθείᾳ
2631 1783 2741 1837 τῶν
2760 1784 2966 1840 τέκνων

331 1859 492 1913 nibus
530 1853 872 1924 supervixit,
923 1860 978 1909 et
1017 1853 1180 1924 longo
1214 1861 1456 1924 tempore
1486 1855 1652 1908 vitam
1697 1862 1904 1925 protra-

329 1959 480 2006 ctam
508 1963 672 2018 quam
705 1944 941 2000 maxime
966 1944 1204 2012 habeat;
1235 1944 1302 2000 de
1327 1953 1526 2000 caetero
1549 1960 1678 2000 vero
1707 1946 1904 2017 nequi-

331 2039 426 2095 tiis
451 2037 618 2092 vitam
652 2036 839 2101 findet,
881 2033 1143 2090 bonitatis
1206 2033 1465 2091 I'ruitione
1515 2051 1624 2092 non
1676 2037 1908 2107 implens

334 2144 490 2186 suam
523 2141 695 2196 neque
733 2139 1034 2196 perornans
1065 2124 1304 2180 animam
1327 2165 1342 2189 ,
1367 2133 1421 2182 et
1448 2136 1734 2197 propterea
1768 2128 1910 2184 forte

336 2235 511 2290 neque
542 2218 821 2288 sepultura
853 2217 1051 2288 dignus
1079 2226 1163 2274 est
1189 2219 1437 2283 habitus,
1470 2219 1596 2274 talis
1622 2221 1704 2275 vir
1736 2221 1906 2277 multo

333 2311 564 2368 inferior
602 2320 657 2365 et
685 2309 808 2382 jure
855 2320 1198 2381 reputarctur
1252 2311 1537 2379 abortivo;
1594 2311 1904 2368 abortivum

333 2402 552 2474 quidem
580 2401 751 2456 solem
778 2415 887 2454 non
917 2400 1071 2465 vidit,
1101 2415 1201 2455 nec
1229 2401 1418 2455 habuit
1440 2402 1640 2470 quibus
1667 2403 1906 2472 inspice-

332 2505 420 2552 ret
441 2509 561 2564 qua:
593 2500 722 2548 sunt
754 2499 809 2546 et
855 2492 1132 2547 actionum
1167 2493 1419 2549 meliores
1467 2493 1768 2564 praeferret.
1802 2494 1904 2560 Qui

333 2596 516 2644 autem
575 2585 662 2658 bis
697 2584 956 2639 omnibus
995 2583 1292 2639 honoratus
1339 2593 1393 2639 et
1441 2599 1674 2640 numero
1705 2600 1902 2658 magno

333 2652 632 2735 liberorum
666 2676 881 2730 laetatus
937 2684 993 2730 et
1026 2674 1224 2731 I'ruitus
1258 2675 1516 2732 diuturna
1568 2678 1676 2732 vita
1699 2719 1714 2744 ,
1776 2652 1904 2748 q'uia

335 2769 599 2826 bonitatis
645 2783 752 2822 non
791 2765 892 2821 fuit
923 2766 1230 2836 particeps,
1271 2781 1450 2837 neque
1481 2767 1698 2824 deliciis
1731 2769 1905 2825 absti-

335 2857 454 2913 nuit
478 2856 707 2910 vilitatis
737 2863 791 2910 et
822 2855 1102 2925 sepultura
1129 2855 1282 2926 juxta
1308 2857 1562 2911 meritum
1585 2857 1698 2913 haec
1721 2867 1908 2914 secuta

330 2955 454 3015 est;
484 2947 610 3018 jure
640 2947 844 3017 pejoris
872 2947 959 3001 hic
986 2948 1158 3018 magis
1193 2947 1288 3002 fati
1327 2964 1491 3017 quam
1521 2949 1652 3004 illud
1681 2961 1903 3020 reputa-

332 3041 498 3095 bitur.
525 3037 740 3094 Etenim
778 3038 866 3092 bic
891 3039 1059 3094 solem
1091 3038 1284 3094 videns
1312 3039 1364 3093 in
1388 3040 1629 3095 tenebris
1658 3042 1910 3096 ambula-

3145 1791 3451 1864 ὖπερόολην
3473 1794 3588 1846 τῶν

2003 1860 2181 1955 ἀλλων
2213 1865 2520 1939 ἀνθρώπων
2565 1872 2810 1945 ὐπερέζη
2856 1877 2952 1930 καὶ
2981 1878 3059 1949 τῷ
3092 1860 3428 1955 πολυχρονίιρ
3470 1885 3572 1955 τὴν

2005 1951 2152 2025 ζωὴν
2174 1963 2639 2034 παρατεινομένην
2683 1967 2772 2021 ὃτι
2804 1969 3039 2039 μάλιστα
3074 1972 3186 2036 ἕξει
3208 1951 3334 2028 (τὰ
3363 1951 3411 2025 ίῑἐ
3441 1951 3584 2030 ἄλλα

2005 2050 2291 2121 πονηρίαις
2319 2052 2411 2106 τὸν
2441 2054 2557 2123 βίον
2591 2057 2826 2130 κακύνῃ,
2858 2060 2958 2130 τῆς
2979 2062 3316 2134 ἀγαθότητος
3353 2068 3418 2136 τῇ
3444 2067 3586 2120 ἀπο-

2009 2136 2199 2194 λαύσει
2227 2140 2302 2214 μὴ
2335 2145 2667 2216 ὲμπιμπλῶν
2708 2148 2874 2203 αὑτοῦ
2925 2152 3062 2222 μηδὲ
3116 2153 3426 2226 διακοσμῶν
3481 2155 3588 2226 τὴν

2007 2231 2206 2302 ψυχὴν,
2238 2237 2332 2287 καὶ
2387 2237 2476 2291 διὰ
2512 2238 2672 2292 τοῦτο
2730 2241 2863 2306 ίσως
2915 2245 3054 2314 μηδὲ
3080 2248 3257 2316 ταφῆς
3301 2247 3524 2320 ἀξιωθῇ,
3550 2252 3586 2303 ὁ

2007 2319 2245 2386 τοιοῦτος
2268 2323 2409 2395 ἀνὴρ
2439 2325 2619 2396 πολλῷ
2648 2329 2846 2399 χείρων
2905 2334 3000 2385 καὶ
3047 2332 3274 2399 δικαίως
3326 2335 3392 2389 ἂν
3438 2337 3590 2405 λογι-

2012 2408 2270 2479 σθήσεται
2304 2411 2397 2465 τοῦ
2428 2414 2800 2485 ὲκτρώματος·
2822 2419 2885 2472 τὺ
2913 2420 3010 2488 μὲν
3027 2421 3285 2492 Εκτρωμα
3305 2423 3450 2493 ἥλιον
3477 2425 3586 2479 οὐκ

2011 2496 2171 2564 εἶδεν,
2200 2503 2299 2556 οὐκ
2318 2503 2475 2575 ἔσχεν
2514 2501 2596 2570 οἷς
2633 2507 2701 2561 ἂν
2739 2510 2919 2564 ὲπεῐδέ
2962 2529 3023 2565 τε
3075 2514 3142 2566 τὰ
3173 2514 3304 2566 ὄντα
3347 2515 3440 2570 καὶ
3467 2516 3582 2570 τῶν

2008 2589 2259 2660 πράξεων
2281 2595 2380 2658 τὰς
2401 2595 2656 2668 ἀμείνους
2684 2601 2980 2672 προείλετο.
3016 2600 3074 2658 '0
3095 2604 3152 2657 δὲ
3175 2605 3382 2670 τούτοις
3410 2608 3590 2661 ἅπασι

2009 2682 2260 2753 τιμηθεὶς
2297 2687 2390 2739 καὶ
2419 2687 2789 2762 πολυπληθείᾳ
2863 2692 3070 2746 παίδων
3122 2695 3445 2765 εὐφρανθεὶς
3487 2699 3594 2752 καὶ

2011 2773 2330 2840 ἀπολαύσας
2360 2777 2460 2848 τῆς
2493 2779 2942 2852 μακροϐιότητος,
2972 2785 3098 2838 ἐπεὶ
3121 2785 3221 2856 τῆς
3253 2787 3592 2860 ἀγαθότητος

2015 2865 2076 2919 οὐ
2097 2866 2380 2940 μετέσχεν,
2410 2871 2532 2925 οὐδὲ
2557 2877 2778 2946 τρυφῶν
2809 2875 3080 2947 ἀπέσχετο
3097 2878 3196 2948 τῆς
3224 2881 3590 2951 φαυλότητος,

2021 2958 2117 3012 καὶ
2148 2961 2182 3030 ή
2213 2961 2361 3030 ταφὴ
2393 2965 2514 3017 κατ’
2553 2967 2710 3033 ἀξίαν
2757 2967 2968 3033 τούτοις
3013 2971 3408 3044 ἠκολούθησενο
3435 2974 3594 3028 εἰκό-

2015 3065 2124 3114 τως
2155 3051 2211 3105 δὲ
2233 3054 2331 3124 τῆς
2357 3056 2597 3128 χείρονος
2643 3052 2797 3124 οὗτος
2849 3062 3066 3131 μᾶλλον
3097 3065 3294 3135 μοίρας
3332 3066 3365 3136 ἥ
3404 3067 3595 3120 ἐκεῖνο

333 3130 448 3194 but,
476 3139 531 3184 ct
565 3144 762 3184 nomen
795 3127 1008 3182 illustre
1039 3128 1353 3198 relinquere
1387 3144 1483 3200 per
1514 3130 1717 3184 nobilia
1747 3147 1908 3202 opera

2022 3139 2416 3214 λογισθήσεται.
2448 3127 2574 3202 Καὶ
2623 3151 2733 3222 γὰρ
2760 3127 2914 3216 οὗτος
2936 3152 3028 3206 τὸν
3062 3127 3213 3225 ἥλιον
3245 3127 3384 3228 ὀρῶν
3411 3159 3469 3210 ὲν
3501 3159 3598 3229 τῷ

334 3237 459 3274 cum
490 3227 692 3289 posset.
719 3217 773 3272 in
803 3217 1047 3272 tenebris
1069 3225 1420 3288 peccatorum
1445 3217 1682 3288 proiecit
1709 3218 1918 3273 exstin-

335 3311 606 3384 gueudum
631 3309 1176 3378 etconsepeliendum
1208 3309 1461 3364 vanitati.
1494 3308 1561 3362 Et
1592 3308 1738 3363 aliud
1775 3325 1910 3380 quo-

335 3401 624 3472 quebujus
657 3399 724 3453 ad
764 3399 1070 3454 abortivum
1104 3399 1398 3455 discrimen
1424 3440 1440 3467 ,
1471 3401 1618 3470 quod
1651 3417 1824 3472 paenae
1854 3410 1910 3457 et

335 3491 720 3561 castigationes
751 3489 994 3544 functum
1021 3491 1132 3545 vita
1153 3491 1485 3560 exceperint,
1504 3491 1608 3546 hoc
1629 3506 1756 3546 vero
1791 3491 1913 3546 illa-

339 3595 459 3635 rum
501 3580 703 3635 nullius
750 3579 804 3634 in
835 3580 1230 3649 experientiam
1262 3581 1641 3637 constituitur.
1674 3580 1730 3636 Si
1781 3598 1912 3638 vero

336 3671 462 3742 quis
499 3670 729 3726 audiens
756 3669 983 3725 Paulum
1014 3671 1323 3728 dicentem:
1349 3690 1369 3724 ι
1393 3672 1701 3729 Novissime
1728 3683 1908 3729 autem

337 3759 582 3813 omnium
615 3760 766 3814 visus
814 3769 899 3814 est
940 3771 994 3814 et
1029 3761 1158 3815 mihi
1195 3772 1454 3832 tanquam
1507 3763 1759 3819 abortivo
1785 3763 1850 3828 ",
1884 3782 1904 3817 ι

336 3849 392 3902 in
425 3847 555 3903 illud
575 3848 985 3905 Salomonicum
1014 3851 1286 3921 respicere
1314 3853 1543 3923 putabit.
1576 3853 1790 3909 Etenim
1823 3855 1910 3911 ille

333 3938 556 4010 justitlae
582 3937 761 3994 Solem
783 3940 835 3994 in
862 3950 1003 3995 terra
1035 3956 1141 3996 non
1169 3942 1306 3997 vidit
1331 3943 1633 4008 orientem;
1668 3960 1767 4001 nec
1790 3944 1910 4015 ejus

335 4030 622 4101 discipulis
667 4033 1050 4087 connumerari
1111 4043 1225 4089 tum
1279 4035 1477 4106 dignus
1519 4045 1605 4091 est
1645 4035 1906 4105 habitus;

339 4123 497 4176 multi
539 4138 669 4177 vero
701 4121 884 4178 Solem
910 4123 1140 4193 justitiae
1170 4127 1373 4193 intuiti,
1428 4143 1534 4182 uon
1567 4129 1750 4185 minus
1794 4145 1911 4184 am-

337 4214 600 4268 bulabant
635 4215 960 4271 intenebris
1007 4217 1073 4272 ad
1127 4217 1466 4288 fulgurantes
1509 4221 1689 4276 radios
1741 4222 1796 4275 in
1842 4235 1908 4277 eo

335 4305 638 4360 divinitatis
677 4307 1057 4374 caecutienles,
1086 4311 1189 4365 etsi
1225 4311 1430 4381 reliqua
1460 4313 1645 4368 omnia
1673 4313 1798 4367 vitae
1820 4328 1909 4368 se-

334 4397 516 4452 cundo
541 4413 706 4452 cursu
732 4399 865 4468 ipsis
895 4399 1238 4467 ferebantur,
1288 4413 1342 4457 ct
1390 4412 1452 4458 ut
1483 4420 1589 4459 non
1623 4403 1781 4460 facile
1813 4421 1914 4474 pu-

334 4497 543 4545 tassent
567 4500 774 4560 optare.
809 4493 914 4548 Sed
952 4501 1008 4548 et
1043 4494 1337 4550 liberorum
1377 4506 1495 4552 erat
1517 4497 1650 4566 ipsis
1669 4497 1913 4552 dilatatio

332 4590 390 4636 ct
428 4583 587 4638 turba
626 4590 682 4638 et
721 4595 1027 4654 temporum
1075 4587 1280 4643 additio
1323 4591 1643 4646 extensione
1677 4591 1913 4662 parado-

335 4689 463 4728 xum
493 4676 736 4731 trahens.
774 4675 828 4730 Si
853 4678 978 4747 quis
1009 4678 1172 4748 igitur
1192 4679 1246 4733 in
1276 4680 1391 4736 haec
1423 4679 1770 4737 Salomonica
1799 4698 1923 4737 ora-

333 4764 455 4820 cula
491 4765 803 4834 transierat,
833 4776 888 4822 et
923 4769 1233 4825 abortivum
1297 4773 1520 4828 Paulum
1563 4772 1917 4830 Judaicorum

333 4857 640 4926 principum
679 4861 1023 4914 sacerdotum
1059 4871 1113 4917 et
1139 4865 1482 4920 sacerdotum
1529 4875 1584 4921 et
1616 4867 1911 4922 multorum

329 4947 565 5003 aliorum
599 4949 721 5005 vitae
753 4952 970 5022 quidem
1031 4954 1286 5012 felicitate
1318 4958 1718 5027 splendentium
1744 5001 1762 5025 ,
1812 4960 1918 5014 im-

331 5040 530 5109 pietate
556 5051 739 5097 autem
788 5053 843 5099 et
873 5045 1081 5101 vilitate
1126 5048 1404 5103 actionum
1438 5050 1492 5104 in
1525 5052 1762 5108 tenebris
1788 5067 1914 5107 ver-

329 5134 597 5199 santium,
625 5144 679 5188 et
717 5135 803 5192 bis
837 5136 1096 5194 omnibus
1139 5149 1470 5209 superponet
1496 5150 1553 5196 et
1585 5143 1759 5198 multo
1789 5158 1910 5198 me-

327 5225 528 5280 liorem
548 5227 700 5297 juxta
719 5229 904 5284 omnia
918 5229 1280 5296 demonstrat,
1303 5245 1426 5287 vere
1446 5232 1664 5302 quidem
1682 5236 1911 5291 omnino

326 5314 496 5383 dicit;
531 5317 668 5372 nihil
699 5334 850 5382 vero,
883 5319 1100 5388 opinor,
1133 5319 1287 5375 addit
1314 5337 1570 5392 magnum
1600 5325 1650 5380 ei
1683 5326 1777 5396 qui
1811 5343 1910 5399 gy-

330 5424 453 5463 rum
484 5418 646 5465 terrae
675 5413 1067 5481 praedicatione
1097 5413 1420 5482 complexus
1450 5423 1556 5471 est.

2034 3235 2216 3287 σκότει
2239 3236 2554 3309 ἐπορεύετο,
2585 3243 2682 3295 καὶ
2711 3243 2773 3296 τὸ
2797 3243 2969 3314 δνομα
2997 3244 3248 3317 λαμπρὸν
3270 3249 3600 3302 καταλιπεῖν

2011 3321 2100 3377 διὰ
2128 3325 2236 3378 τῶν
2266 3329 2570 3384 σπουδαίων
2591 3332 2768 3402 ἔργων
2783 3335 3103 3405 δυνάμενος,
3134 3337 3285 3408 ὲντῷ
3308 3337 3454 3410 ζόφῳ
3475 3340 3600 3394 τῶν

2013 3414 2424 3488 ἁμαρτημάτων
2452 3422 2721 3496 ἀπέρριψε
2763 3426 3080 3482 σϐέννυσθαι
3107 3430 3200 3482 καὶ
3218 3431 3604 3500 συγκατορύειι⁴

2015 3507 2205 3562 τεσθαι
2233 3513 2296 3582 τῇ
2333 3514 2680 3583 ματαιότητι.
2741 3517 2851 3572 Καὶ
2889 3519 3023 3587 ἄλλη
3050 3519 3106 3572 δὲ
3140 3519 3331 3574 τούτου
3354 3521 3488 3592 πρὸς
3525 3523 3602 3578 τὸ

2019 3596 2282 3672 ἐκτρωμα
2309 3603 2563 3676 διαφορὰ,
2605 3607 2689 3661 ὅτι
2729 3609 2819 3662 τὸν
2849 3610 2950 3680 μὲν
2974 3613 3157 3666 ποιναὶ
3190 3614 3286 3667 καὶ
3338 3613 3603 3680 κολάσεις

2018 3693 2388 3748 καταλιπόντα
2412 3696 2505 3751 τὸν
2535 3697 2648 3770 βίον
2676 3700 2944 3767 ἐδέξαντο,
2977 3704 3040 3758 τὸ
3065 3704 3122 3758 δὲ
3140 3705 3348 3760 τούτων
3371 3707 3598 3772 οὐδενὸς

2017 3786 2098 3848 είς
2120 3787 2313 3858 πεῖραν
2366 3790 2712 3850 καθίσταται.
2765 3795 2827 3848 Ei
2878 3796 2936 3850 δέ
2969 3813 3054 3860 τις
3101 3797 3317 3852 ἀκούων
3374 3798 3601 3854 Παύλου

2017 3873 2289 3941 λέγοντος,
2331 3897 2352 3929 ι
2377 3879 2645 3952 Ὕστερον
2674 3883 2732 3938 δὲ
2757 3884 2976 3939 πάντων
3001 3884 3160 3958 ὤφθη
3193 3887 3364 3958 κάμοὶ
3399 3888 3601 3960 ὥσπερ

2017 3963 2094 4034 τῷ
2117 3966 2455 4038 ἐκτρώματι,
2476 3990 2494 4022 ι
2543 3974 2623 4036 είς
2656 3975 2832 4028 ἐκεῖνο
2876 3976 2938 4029 τὸ
2977 3977 3358 4048 Σολομόντειον
3380 3980 3602 4052 ἀφορᾴν

2016 4056 2248 4122 νομίσει.
2293 4059 2404 4112 Καὶ
2423 4061 2529 4132 γὰρ
2547 4062 2752 4128 ἐκεῖνος
2774 4064 2866 4118 τὸν
2893 4066 2993 4135 τῆς
3017 4066 3366 4140 δικαιοσύνης
3401 4070 3600 4124 Ἥλιον

2014 4147 2109 4200 ἐπὶ
2131 4149 2233 4218 γῆς
2247 4150 2344 4203 οὐκ
2365 4146 2503 4205 εἶδεν
2524 4154 2900 4222 ἀνατέλλοντα,
2918 4157 3036 4211 οὐδὲ
3067 4162 3179 4222 τοῖς
3222 4161 3387 4214 αὑτοῦ
3420 4161 3603 4233 μαθη-

2016 4241 2139 4302 ταῖς
2151 4234 2732 4315 συγκαταριθμηθῆναι
2747 4249 3046 4318 τηνικαῦτα
3059 4250 3287 4322 ἠξιώθη.
3319 4251 3506 4306 Πολλοὶ
3533 4254 3600 4309 δὲ

1944 4365 1988 4421 D
2018 4329 2109 4421 τὸν
2139 4330 2326 4421 "illum
2356 4334 2454 4402 τῆς
2498 4333 2846 4421 δικαιοσύνης
2867 4338 3193 4410 ἑωρακότες,
3225 4339 3346 4393 οὐδὲ
3366 4340 3593 4397 ἔλαττον

2020 4415 2343 4488 ἐπορεύοντο
2369 4421 2426 4472 ὲν
2450 4419 2528 4490 τῷ
2546 4425 2726 4475 σκότει
2747 4423 2880 4492 πρὸς
2902 4423 3006 4504 τὰς
3035 4425 3600 4496 ὲναποστραπτοὺσας

2021 4507 2246 4570 ἀκτῖνας
2271 4509 2371 4579 τῆς
2403 4511 2462 4562 ἐν
2491 4512 2642 4582 αὐτῷ
2665 4512 2920 4584 θεότητος
2949 4515 3348 4586 καταμύοντες,
3399 4520 3448 4570 εἰ
3493 4518 3600 4571 καὶ

2017 4599 2087 4652 τὰ
2123 4599 2258 4654 ἄλλα
2277 4601 2458 4656 πάντα
2479 4602 2573 4656 τοῦ
2607 4603 2723 4673 βίου
2755 4605 2899 4658 κατὰ
2947 4605 3077 4676 ῥοῦν
3115 4607 3302 4672 αὐτοῖς
3327 4608 3559 4680 ἐφέρετο
3579 4627 3594 4642 ·

2017 4691 2110 4744 καὶ
2137 4691 2213 4754 ὡς
2245 4693 2310 4746 ἂν
2331 4695 2452 4747 οὐδὲ
2476 4695 2656 4766 ῥᾴδιον
2686 4697 2932 4766 ἐνόμιζον
2954 4697 3238 4762 εὔξασθαι.
3307 4701 3468 4754 Ἀλλά
3495 4703 3598 4754 καὶ

2017 4781 2225 4836 τέκνων
2257 4779 2325 4854 ἦν
2358 4785 2542 4848 αὐτοῖς
2563 4788 2879 4857 πλατυσμὸς
2911 4789 3000 4841 καὶ
3027 4789 3231 4859 πλῆθος
3265 4793 3362 4844 καὶ
3383 4792 3598 4862 χρόνων

2015 4873 2253 4939 ἐπίδοσις
2278 4881 2344 4947 τῇ
2393 4880 2739 4948 παραστάσει
2773 4881 2833 4934 τὸ
2872 4881 3180 4951 παράδοξον
3202 4884 3544 4954 ἐφελκομένη
3579 4899 3594 4916 ο

2016 4966 2064 5017 εί
2091 4966 2221 5035 γοῦν
2241 4983 2325 5032 τις
2377 4971 2455 5036 είς
2502 4971 2676 5025 ταῦτα
2725 4971 2795 5025 τὰ
2852 4972 3211 5042 Σολομόντεια
3233 4973 3390 5041 λόγια
3425 4992 3598 5045 μετα-

2013 5061 2190 5121 λάϐοι,
2240 5063 2334 5116 καὶ
2376 5065 2439 5116 τὸ
2480 5063 2737 5134 ἑκτρωμα
2786 5063 2876 5116 τὸν
2897 5063 3110 5118 Παῦλον
3136 5063 3244 5117 τῶν
3287 5065 3598 5118 Ἰουδαϊκῶν

2015 5148 2315 5223 ἀρχιερέων
2345 5169 2404 5205 τε
2439 5152 2533 5205 καὶ
2580 5152 2773 5222 ἱερέων
2816 5153 2910 5204 καὶ
2952 5151 3165 5204 πολλῶν
3192 5151 3369 5206 ἀλλων
3397 5155 3466 5224 τῇ
3497 5151 3596 5206 τοῦ

2015 5237 2131 5309 βίου
2166 5239 2264 5310 μὲν
2295 5239 2611 5312 εὐδαιμονίᾳ
2638 5239 3135 5308 λαμπρυνομένων,
3165 5239 3391 5311 ἀσεϐείᾳ
3418 5240 3476 5293 δὲ
3501 5242 3600 5294 καὶ

2014 5332 2308 5403 φαυλότητι
2343 5333 2595 5403 πράξεων
2624 5333 3047 5400 ὲσκοτισμένων,
3087 5333 3180 5384 καὶ
3210 5330 3418 5384 τούτων
3446 5331 3598 5385 ὲκεί-

2013 5437 2120 5474 νων
2145 5421 2444 5493 ὑπερθήσει
2473 5423 2568 5475 καὶ
2601 5420 2780 5491 πολλῷ
2815 5419 3054 5489 κρείττω
3077 5419 3221 5473 κατά
3244 5419 3425 5474 πάντα
3455 5421 3597 5474 ἀπο-

327 5501 530 5566 φαίνει,
561 5500 763 5573 ἀληθὲς
827 5503 928 5574 μὲν
981 5504 1200 5571 πάντως
1231 5505 1416 5577 λέγει*
1469 5507 1624 5564 οὐδὲν
1654 5509 1712 5564 δὲ
1757 5505 1914 5583 οἶμαι
1991 5515 2298 5585 προσάπτει
2358 5513 2502 5586 μέγα
2572 5515 2651 5587 τῷ
2697 5514 2789 5570 τὸν
2826 5514 2995 5588 γύρον
3040 5517 3137 5589 τῆς
3166 5514 3495 5586 οἰκουμένης
3517 5512 3600 5586 τῷ

334 5592 653 5661 κηρύγματι
679 5612 746 5648 πε
754 5596 1053 5666 ριλαϐόντι-

402 5699 447 5734 ¹⁹
482 5701 499 5757 l
541 5704 667 5762 Cor.
702 5722 792 5773 xv,
817 5707 870 5762 8.
