3820 6212
156 298 251 365 ιτ]

706 411 1037 464 ΕΙὨΤΗΣΙΣ
1062 411 1181 467 EG’.

159 507 217 561 Τί
234 502 517 572 δηλοῖτό·
539 502 727 573 ιΖῆθι
764 503 854 555 -ὲν
902 502 1101 573 ἁγαθῷ
1161 505 1258 557 καί
1299 504 1390 559 ἴδε
1422 505 1490 558 ἐν
1525 503 1715 572 ἡμέρᾳ

220 576 448 640 κακίας,
514 572 622 626 ιδε.
678 574 857 644 Ιιάίγε
908 574 1088 627 τοῦτο
1136 576 1467 644 σύμφωνον
1529 576 1719 637 τούτῳ

215 647 497 711 ἐποίησεν
553 645 585 715 ό
634 643 777 707 Θεὸς
833 644 966 710 περὶ
1014 643 1274 715 λαλιᾶς,
1311 645 1411 698 ἵνα
1441 645 1528 715 μὴ
1568 644 1712 713 εὕρῃ

217 715 520 784 ἄνθρωπος
547 712 739 766 ὀπίσω
771 715 959 769 αὑτοῦ
994 713 1205 785 μηδὲν.
1239 734 1258 767 ι

952 298 1052 359 AD
1079 296 1672 361 AMPHILOCHIUM
1706 299 2051 373 QU£STIO
2091 300 2361 373 LXVIII,
2394 301 2603 361 LXIX.

3297 297 3405 361 438

2142 413 2471 481 QUIESTIO
2501 412 2664 468 LXIX
2694 411 2790 476 int.
2828 410 3085 486 LXVIII].

1826 502 1966 569 Quid
1999 505 2271 575 signiﬁcat
2320 507 2506 575 illudi:
2545 524 2563 556 ι
2604 503 2723 558 Vive
2766 506 2817 557 in
2848 508 2978 558 bono
3006 515 3053 557 et
3085 503 3200 558 ride
3234 506 3288 559 in
3318 505 3405 558 die

1891 574 2160 645 nequitiae,
2240 577 2376 631 vide.
2448 574 2513 628 Et
2588 576 2686 628 hoc
2762 591 3051 629 consonum
3123 575 3204 630 illi
3285 575 3407 644 [erit

1898 644 2038 716 Deus
2072 648 2215 699 circa
2267 645 2527 716 loquelam
2556 686 2572 710 ,
2604 654 2659 698 ut
2691 661 2789 698 non
2828 648 3057 699 inveniat
3111 645 3265 698 homo
3287 653 3407 712 post

1898 714 2051 769 illum
2079 714 2388 787 quidquam.
2421 735 2441 768 ›

1122 805 1265 856 Edita
1287 822 1313 856 a
1346 806 1488 865 Maio,
1526 807 1561 854 l.
1596 819 1640 854 c.
1663 818 1715 867 p.
1754 802 1919 857 84-85.
1946 807 2001 856 In
2023 806 2190 857 Eccle.
2228 821 2312 868 vn,
2335 808 2413 857 15.

222 892 310 956 Σὺ,
324 889 478 960 φησὶ,
495 888 592 959 τὴν
616 886 763 959 ζωὴν
782 888 915 961 πρὸς
930 890 1133 964 ἀρετὴν
1156 892 1289 962 όρᾷν
1310 889 1717 963 παρασκεύαζε,

159 984 243 1038 καὶ
271 982 401 1052 πρὸς
434 980 534 1052 τὴν
556 980 859 1036 ἀπόλαυσιν
887 982 995 1035 τῶν
1020 982 1235 1036 ἐκεῖθεν
1266 981 1484 1051 ἀγαθῶν
1514 982 1722 1050 καταρ-

1889 887 1993 956 Τιι,
2031 889 2225 959 inquit,
2259 891 2427 944 vitam
2468 890 2535 944 ad
2559 890 2815 945 virtutem
2849 889 3098 959 aspicere
3136 888 3320 953 stude,
3349 897 3410 945 et

1827 982 1894 1036 ad
1917 982 2239 1036 fruitionem
2268 982 2395 1038 inde
2418 983 2693 1037 bonorum
2722 982 2947 1048 ordina;
2981 982 3063 1037 sic
3079 986 3261 1036 autem
3282 996 3407 1035 cum

161 1073 375 1149 ρύθμιζε
394 1089 408 1102 ·
439 1070 582 1126 οὕτω
606 1072 664 1125 δὲ
696 1075 1032 1145 καταρτίσας
1055 1075 1248 1129 ἐαυτὸν
1278 1074 1373 1128 καὶ
1421 1076 1535 1136 τοῖς
1572 1071 1727 1125 εὐσε-

1847 1074 2120 1128 ιθιίοοενίε
2146 1075 2381 1143 teipsum
2411 1084 2466 1129 et
2486 1074 2591 1144 piis
2621 1074 3053 1144 cogitationibus
3076 1072 3270 1143 judicii
3301 1074 3409 1127 vim

160 1173 268 1223 ϐέσι
294 1168 401 1221 τῶν
429 1164 706 1235 λογισμῶν
732 1166 1023 1238 κριτηρίου
1046 1165 1278 1236 δύναμιν
1310 1166 1401 1217 τὸν
1435 1162 1562 1216 νοῦν
1594 1176 1727 1231 φρε-

159 1264 319 1328 νῶσας
348 1262 662 1329 ἀναλαϐεῖν,
712 1263 918 1333 δυνήσῃ
959 1260 1191 1313 συνιδεῖν
1231 1257 1293 1309 οὐ
1350 1252 1599 1326 χαλεπῶς
1631 1250 1725 1304 καὶ

160 1357 252 1420 τὰς
280 1358 336 1410 ἐν
372 1356 560 1426 ἡμέρα
632 1352 996 1424 νομιζομένας
1045 1351 1267 1413 κακίας,
1322 1346 1573 1400 τουτέστι
1624 1344 1723 1404 τὰς

161 1449 491 1522 ἀνθρωπίνας
521 1447 808 1517 συμφοράς
849 1447 941 1499 καὶ
986 1443 1164 1505 λύπας
1193 1437 1280 1504 αἷς
1310 1442 1343 1512 ἡ
1385 1441 1485 1508 τῆς
1511 1437 1724 1508 ἀνθρω-

163 1544 312 1610 πίνης
364 1542 507 1612 ζωῆς
542 1540 724 1609 ἡμέρα
764 1537 1142 1608 κυμαινομένη
1189 1552 1248 1587 τε
1295 1533 1391 1586 καὶ
1421 1545 1727 1600 συνταράσ-

1831 1181 1955 1220 cum
1988 1172 2172 1219 mente
2197 1164 2532 1219 intellexeris
2559 1165 2828 1227 attollere,
2850 1163 3057 1234 poteris
3091 1163 3412 1231 conspicere

1831 1271 1939 1310 non
1971 1271 2114 1325 aegre
2141 1264 2195 1310 et
2221 1271 2343 1325 quae
2378 1256 2430 1308 in
2462 1256 2551 1311 die
2574 1264 2896 1324 reputantur
2913 1253 3191 1324 nequitiae,
3223 1254 3273 1307 id
3304 1262 3409 1316 est,

1832 1347 2102 1402 humanas
2131 1346 2471 1403 calamitates
2502 1356 2558 1402 et
2578 1348 2901 1402 alIlictiones
2926 1347 3128 1416 quibus
3160 1353 3415 1401 humana:

1830 1441 1953 1496 vitae
1976 1441 2090 1496 dies
2115 1442 2315 1511 jactata
2340 1451 2394 1495 et
2415 1440 2629 1494 turbata
2661 1449 2910 1503 vexatur,
2946 1438 3280 1493 conturbans
3318 1454 3415 1493 eos

1834 1534 1927 1605 qui
1960 1534 2102 1590 bane
2131 1534 2503 1589 decurruntet
2529 1533 2692 1588 simul
2712 1548 2937 1587 vexans.
2960 1532 3170 1586 Etenim
3202 1542 3253 1586 et
3286 1530 3412 1585 talia

163 1638 349 1710 σομένη
393 1634 710 1699 κακύνεται,
771 1630 1298 1702 συνεκταράσσουσαι
1344 1625 1468 1688 τοὺς
1522 1622 1728 1691 ταύτην

1847 1626 2111 1696 nequitias
2147 1627 2431 1681 nominare
2479 1627 2719 1680 solemus
2744 1625 2903 1692 juxta
2946 1624 3146 1679 dictum
3183 1640 3197 1677 :
3240 1644 3258 1676 ι
3295 1622 3411 1678 Νοιι

168 1726 700 1799 παραπορευομένους
734 1724 827 1778 καὶ
874 1720 1310 1790 συγκακύνουσα.
1340 1716 1448 1771 Καὶ
1493 1714 1604 1786 γάρ
1634 1713 1728 1767 καὶ

1847 1726 1917 1772 est
1946 1718 1997 1771 in
2017 1717 2234 1771 civitate
2263 1718 2465 1771 malum
2488 1716 2632 1786 quod
2654 1715 2915 1769 Dominus
2940 1732 3047 1769 non
3078 1715 3363 1781 fecerit";
3390 1734 3407 1766 ι

159 1824 221 1878 τά
248 1820 464 1877 τοιαῦτα
495 1821 697 1882 κακίας
725 1813 1155 1888 προσαγορεύειν
1194 1810 1477 1882 εἰθίσμεθα
1500 1807 1640 1860 κατά
1668 1804 1729 1858 τὸ

1847 1808 2035 1863 )otcris
2067 1818 2247 1861 autem
2285 1806 2605 1875 conspicere
2638 1821 2814 1875 neque
2857 1821 2920 1859 ea
2967 1806 3112 1860 circa
3149 1820 3249 1858 nos
3280 1805 3411 1859 abs-

161 1914 488 1987 εἰρημένον-ι
530 1912 645 1965 Οὐκ
674 1910 824 1963 ἐστιν
855 1911 911 1961 ἐν
938 1907 1090 1960 πόλει
1118 1904 1285 1958 κακία
1309 1904 1376 1974 ἣν
1401 1902 1608 1972 Κύριος
1628 1898 1729 1951 οὐκ

1847 1917 1938 1971 lue
1999 1900 2285 1954 harmonia
2344 1915 2468 1953 cum
2509 1897 2605 1952 Dei
2665 1898 2906 1953 bonitate
2962 1907 3015 1951 et
3072 1898 3409 1968 providentia

159 1986 400 2079 ἐποίησεν
420 2024 465 2057 ἰ
532 2003 738 2075 δυνήσῃ
788 2000 845 2054 δὲ
877 1999 1111 2053 συνιδεῖν
1168 1997 1242 2059 ὠς
1267 1995 1386 2048 οὐδὲ
1419 1986 1578 2047 αὗται
1603 2009 1665 2043 πε
1677 1991 1731 2061 ρὶ

1847 1992 2114 2057 recidere;
2162 1992 2265 2045 hoc
2297 1991 2441 2045 enim
2480 1991 2719 2046 ostendit
2757 1990 2887 2043 dum
2922 1988 3053 2045 dicit
3088 2006 3103 2043 :
3143 2006 3161 2040 ι
3200 1986 3331 2042 Vide
3358 1998 3414 2043 et

161 2102 293 2173 ἡμᾶς
323 2094 669 2167 ἀσυμφώνως
689 2096 755 2165 τῇ
782 2090 876 2147 τοῦ
902 2090 1037 2144 Θεοῦ
1061 2088 1357 2158 ἀγαθότητι
1384 2086 1477 2139 καὶ
1505 2082 1731 2152 προνοίᾳ

159 2194 500 2264 συμϐαίνουσι
518 2186 721 2241 ’τοῦτο
748 2185 857 2256 γὰρ
890 2183 1125 2254 ἐδήλωσε
1156 2177 1560 2235 διάτοῦείπεῖνο
1582 2195 1601 2227 ι
1626 2175 1731 2227 Ἴδε

160 2288 241 2341 καί
268 2304 329 2356 γε
357 2284 517 2338 τοῦτο
552 2281 842 2352 σύμφωνον
876 2275 1079 2346 τούτῳο
1119 2292 1138 2324 ι
1172 2272 1423 2326 τουτέστι
1457 2266 1551 2322 καὶ
1573 2267 1621 2319 οἱ
1647 2264 1736 2317 δο-

161 2376 365 2438 κοῦντες
388 2370 530 2427 εἶναι
545 2370 841 2441 πειρασμο“ι
855 2366 951 2421 καὶ
964 2364 1237 2426 κακώσεις
1255 2358 1351 2413 τοῦ
1371 2358 1622 2429 σώματος
1635 2354 1734 2407 οὑκ

161 2468 465 2524 ἐκϐάλλουσι
496 2464 595 2536 τὴν
618 2462 770 2516 θείαν
813 2456 1163 2532 κηδεμονίαν,
1191 2453 1314 2507 ούδέ
1353 2448 1723 2536 ἐναντιοῦνται

161 2557 311 2613 αὑτοῦ
343 2559 408 2627 τῇ
436 2534 569 2626 περί
592 2555 741 2624 ἡμᾶς
769 2544 1170 2620 φιλανθρωπίᾳ.
1209 2541 1471 2621 Παιδείας
1504 2541 1613 2609 γὰρ
1642 2534 1736 2627 καί

161 2624 478 2721 διορθώσεως
514 2624 595 2699 ήτά
646 2643 746 2715 μὲν
776 2642 1065 2709 ἐπάγεται,
1088 2638 1155 2694 τά
1178 2636 1236 2690 δὲ
1264 2633 1648 2721 συγχωρεϊται.
1670 2624 1738 2682 δι’

161 2720 350 2811 ἀμφοῖν
381 2739 628 2811 ἀρρήτου
656 2751 718 2787 τε
748 2733 844 2786 καὶ
876 2730 1048 2799 σοφῆς
1074 2724 1383 2796 οἰκονομίας
1432 2722 1510 2793 τῷ
1532 2720 1738 2811 κρίνειν

162 2834 502 2907 χαριτωθέντι
550 2830 619 2882 τὰ
671 2824 898 2881 τοιαῦτα
945 2820 1347 2893 θεωρουμένης
1383 2815 1555 2869 ταῦτα
1583 2814 1641 2866 δέ
1670 2810 1742 2907 τά

164 2904 516 2998 συμϐαίνοντα
534 2923 645 2978 τοῖς
673 2919 983 2989 ἀνθρώποις
1009 2916 1108 2969 οῦκ
1139 2913 1291 2966 ἔθετο
1313 2914 1341 2964 ὁ
1370 2909 1498 2971 Θεὸς
1524 2907 1618 2958 ἐπὶ
1634 2904 1740 2958 πά-

165 3040 251 3092 σης
277 3018 550 3073 λαλεῖσθαι
575 3013 849 3087 γλώσσης,
876 3010 999 3064 οὐδὲ
1032 3006 1338 3079 προειδέναι
1371 3003 1439 3055 τά
1473 3000 1743 3092 ἐρχόμενα

1834 2085 1938 2139 hoc
1951 2100 2254 2139 consonum
2272 2082 2365 2148 illi,
2382 2104 2400 2136 ι
2429 2083 2479 2139 id
2498 2094 2582 2138 est
2606 2093 2795 2154 etquze
2812 2081 3063 2137 videntur
3092 2096 3211 2135 esse
3238 2089 3383 2134 tenta

1835 2178 2011 2231 tiones
2031 2186 2085 2231 et
2111 2175 2435 2231 alllictiones
2458 2176 2704 2247 corporis
2727 2189 2833 2229 non
2861 2174 3142 2244 expellunt
3172 2172 3412 2225 divinam

1835 2285 2047 2333 curam,
2093 2284 2269 2338 neque
2311 2269 2672 2324 adversantur
2704 2267 2824 2337 ejus
2858 2268 3002 2321 circa
3035 2280 3134 2320 nos
3166 2263 3416 2334 benigni-

1837 2362 1957 2416 tati.
1998 2361 2339 2415 Ernditionis
2369 2361 2516 2414 enim
2545 2368 2598 2414 et
2632 2358 2995 2414 correctionis
3026 2358 3143 2412 haec
3192 2356 3415 2427 quidem

1838 2454 2194 2520 inducuntur,
2218 2454 2311 2507 illa
2346 2467 2475 2506 vero
2505 2452 2917 2522 permittuntur,
2953 2466 3019 2507 ex
3052 2450 3300 2520 utrisque
3329 2449 3419 2503 in-

1837 2539 2037 2596 etlabili
2080 2551 2134 2595 et
2164 2541 2395 2609 sapienti
2437 2540 2801 2610 dispositione
2836 2542 2965 2596 dum
3005 2541 3300 2595 decernere
3332 2538 3418 2592 di-

1840 2643 2035 2704 gnatur
2070 2632 2197 2686 talia
2235 2639 2520 2701 spectata;
2561 2632 2677 2685 haec
2719 2640 2901 2685 autem
2960 2629 3266 2685 accidentia
3320 2629 3418 2683 1ιο-

1841 2726 2082 2779 minibus
2119 2740 2225 2778 non
2279 2725 2459 2793 posuit
2512 2721 2656 2780 Deus
2705 2739 2873 2792 super
2917 2723 3064 2777 omni
3114 2725 3421 2777 enarranda

1842 2819 2048 2889 lingua,
2090 2832 2265 2886 neque
2307 2818 2563 2886 prrescire
2598 2827 2823 2870 ventura
2856 2831 3068 2869 omnes.
3098 2815 3317 2880 Quare?
3344 2814 3424 2869 Nc

1842 2924 1963 2962 eum
1996 2917 2362 2978 praenosceret
2397 2906 2488 2961 illa
2528 2918 2581 2961 et
2624 2907 2775 2976 prius
2811 2905 3081 2960 inveniret
3132 2905 3297 2959 homo
3331 2922 3423 2960 ne-

1844 2997 2137 3069 gligentius
2202 2996 2381 3065 quoad
2449 2996 2707 3049 virtutem
2780 2994 3199 3064 disponeretur;
3278 3010 3426 3048 nunc

165 3084 373 3177 πάντας.
405 3084 714 3177 Διατίςῦινα
738 3106 812 3178 μὴ
842 3101 1142 3175 προμαθὼν
1168 3097 1307 3153 αύτά
1339 3096 1432 3150 καί
1458 3090 1737 3166 προευρὼν

1850 3086 2068 3157 quidem
2098 3084 2351 3155 plurimis
2389 3085 2548 3139 malis
2588 3094 2640 3139 et
2674 3085 2927 3139 tristibus
2967 3084 3185 3139 casibus
3211 3100 3239 3137 a
3275 3093 3427 3155 tergo

165 3205 190 3256 ὁ
219 3203 500 3272 ἄνθρωπος
531 3198 899 3270 ἀμελέστερον
929 3194 1058 3268 περὶ
1074 3193 1173 3263 τὴν
1220 3191 1420 3263 ἀρετὴν
1443 3185 1740 3255 διατεθείηο

166 3290 252 3342 νῦν
282 3292 376 3359 μὲν
416 3287 494 3351 ὡς
532 3285 744 3339 πολλῶν
782 3283 969 3337 κακῶν
1017 3284 1112 3334 καὶ
1163 3278 1423 3348 λυπηρῶν
1483 3292 1745 3345 συμπτω-

170 3386 343 3453 μάτων
369 3382 599 3437 ὄπισθεν
622 3380 782 3434 αὐτὸν
814 3374 1256 3446 καταλαμϐάνειν
1285 3369 1591 3442 μελλόντων
1610 3381 1624 3395 '
1660 3364 1744 3430 τίς

170 3476 266 3548 γάρ
297 3493 385 3546 μοι
408 3477 513 3545 τῆς
560 3471 765 3543 ἀρετῆς
792 3468 951 3535 λόγος
1009 3482 1282 3520 τοσουτων
1311 3477 1498 3515 κακων
1526 3457 1622 3513 καὶ
1644 3474 1746 3527 τη·-

168 3568 421 3622 λικούτων
449 3562 968 3639 προσδοκωμένωνς
1008 3561 1087 3620 εἰς
1121 3556 1286 3610 τοῦτο
1308 3556 1414 3625 γάρ
1452 3553 1577 3614 τοὺς
1614 3549 1743 3603 πολ-

169 3660 286 3724 ὶοὺς
312 3663 345 3732 ή
376 3660 691 3726 ἀπόγνωσις
711 3654 867 3707 εἴωθε
896 3650 1180 3704 συνωθεϊνο
1205 3646 1301 3700 νῦν
1329 3646 1385 3698 δὲ
1416 3646 1498 3707 ώς.
1523 3642 1585 3696 ού
1618 3638 1745 3694 πολ-

169 3754 259 3823 λῆς
288 3754 381 3807 καὶ
401 3751 646 3823 μεγάλης
663 3746 960 3817 ἀλγηδόνος
987 3739 1285 3814 μελλούσης
1306 3740 1465 3791 ὲπισυ
1474 3735 1663 3806 μϐαίνε
1673 3752 1743 3801 ιν,

171 3846 504 3918 ἑκατέρωθεν
545 3845 639 3896 καί⁵
687 3836 1064 3901 ὑποσκελίζειν
1097 3834 1241 3887 οἶδεν
1284 3835 1318 3903 ὴ
1367 3828 1612 3900 σφαλερὰ
1637 3827 1746 3882 τῶν

172 3940 448 4011 πρακτέων
471 3936 677 4007 κρίσις,
702 3933 793 3987 καί
825 3932 913 3985 διὰ
942 3928 1103 3983 τοῦτο
1132 3927 1269 3999 μηδὲ
1302 3925 1504 3995 πολλῆς
1533 3922 1745 3994 νήψεως

176 4034 303 4103 μήτε
328 4032 427 4098 τῆς
458 4028 571 4082 τῶν
602 4024 813 4096 ἀρετῶν
845 4020 1163 4091 ἐπιμελείας
1183 4017 1409 4071 δεῖσθαι.
1471 4014 1570 4067 Διά
1588 4012 1747 4066 τοῦτο

173 4120 257 4176 οὖν
291 4123 467 4185 «sese;
506 4121 605 4189 τὴν
652 4117 781 4188 περὶ
822 4114 931 4167 τῶν
983 4112 1284 4184 μελλόντων
1338 4109 1533 4163 λαλιάν
1565 4107 1746 4175 ἀγνω-

176 4231 291 4267 στον
320 4214 547 4283 ἐποίησε
575 4214 689 4274 τοῖς
716 4209 951 4271 πολλοῖς,
988 4206 1076 4260 ἴνα
1105 4204 1180 4276 μὴ
1197 4202 1371 4275 εὑρὼν
1404 4205 1432 4255 ὁ
1458 4200 1747 4272 ἄνθρωπος

174 4305 205 4356 ἃ
220 4306 397 4375 μέλλει
416 4307 475 4357 ἐν
503 4306 615 4366 τοῖς
637 4301 860 4354 ὄπισθεν
892 4299 1055 4353 αὑτὸν
1077 4296 1290 4367 χρόνοις
1304 4291 1747 4360 καταλαμϐάνειν

175 4397 420 4468 δυσχερῆ,
461 4395 560 4448 ἐπὶ
594 4394 693 4465 μὲν
724 4392 831 4446 τῶν
862 4391 1087 4461 χαλεπω
1119 4388 1296 4459 τέρων
1341 4383 1626 4456 ἀμηχανίᾳ
1652 4381 1747 4435 καὶ

175 4486 475 4555 ἀπογνώσει
506 4485 738 4556 προδοὺς
773 4479 986 4543 ἐαυτὸν,
1022 4477 1176 4531 οὐδὲν
1213 4475 1349 4546 πρὸς
1384 4472 1586 4542 ἀρετὴν
1621 4475 1741 4522 ἐπι.-

178 4580 483 4651 στρέφοιτο·
518 4577 611 4629 ἐπὶ
632 4574 689 4626 δέ
709 4572 819 4626 τῶν
866 4568 1102 4641 μετρίως
1158 4566 1392 4637 ἐχόντων
1440 4562 1744 4634 ὑπεροψίαν

177 4670 335 4723 νοσῶν
357 4668 432 4733 ὡς
452 4667 553 4737 τῆς
580 4664 689 4719 τῶν
705 4662 1006 4732 ἐφιεμένων
1030 4658 1386 4720 ἀπολαύσεως
1404 4658 1496 4708 καὶ
1510 4656 1743 4726 τρυφῆς,

177 4762 319 4817 οὐδὲν
350 4761 586 4824 ἐλπίζων
632 4750 1197 4824 ἀντεπενεχθήσεσθαι
1251 4748 1485 4820 κώλυμα
1514 4749 1608 4800 καὶ
1645 4747 1744 4819 τὴν

178 4856 306 4926 πρὸς
331 4857 401 4909 τά
430 4848 838 4921 κατορθώματα
879 4843 1114 4911 σπουδὴν
1166 4839 1532 4912 ὑπερτίθοιτοο
1568 4836 1745 4899 ἄλλως

177 4965 233 5001 τε
262 4947 447 5003 δὲότὸ
504 4945 790 5015 κριτήριον
842 4935 1255 5008 κεκαθαρμένον
1312 4932 1520 4995 πάθους
1562 4932 1744 5002 φέρων

180 5038 267 5092 καὶ
289 5039 581 5092 ἀδέκαστον
604 5036 703 5104 τὴν
736 5030 925 5099 ὑγείαν
953 5029 1057 5098 ὁρᾷ
1074 5027 1169 5080 καὶ
1206 5024 1304 5096 τὴν
1334 5024 1488 5079 νόσον
1512 5021 1742 5092 συμφώο

179 5148 276 5193 νως
297 5130 525 5200 ἔχουσαν
580 5126 710 5196 περί
734 5127 834 5194 τὴν
883 5122 994 5176 τῶν
1036 5118 1338 5190 ἀνθρώπων
1389 5117 1594 5188 βλάϐην
1650 5115 1745 5170 καὶ

179 5220 435 5289 ὠφέλειαν
459 5237 477 5252 ·
530 5218 667 5274 ἁ)λά
718 5214 937 5270 καὶτὸν
985 5210 1218 5265 πλοῦτον
1260 5211 1355 5264 καὶ
1400 5209 1499 5281 τὴν
1552 5208 1745 5261 πενίαν

180 5313 451 5378 ὡσαύτως,
478 5312 630 5381 ἰσχύν
685 5326 748 5363 τε
782 5308 1037 5379 σώματος
1103 5304 1202 5357 καὶ
1250 5303 1557 5365 ἀσθένειαν,
1586 5301 1745 5365 δόξαν

179 5407 271 5475 τὴν
328 5409 388 5474 ἐξ
457 5404 760 5475 ἀνθρώπων
824 5399 921 5454 καὶ
989 5397 1205 5462 ἀδοξίαν
1259 5396 1355 5450 καὶ
1408 5395 1478 5448 τὰ
1536 5393 1747 5458 τούτοις

182 5498 548 5569 παραπλήσια.
627 5496 737 5549 Καὶ
781 5492 893 5563 γὰρ
956 5489 1219 5561 ἐκατέρου
1273 5487 1470 5560 μοίρας
1514 5486 1745 5540 ῑκαστον

182 5588 253 5659 τῷ
326 5588 425 5659 μὲν
501 5588 810 5657 φιλοσοφεῖν
866 5583 1072 5649 εἰδότι,
1150 5580 1424 5651 σωτηρίας
1486 5577 1746 5642 ὑπόθεσις

245 5720 290 5754 ⁸⁵
315 5721 481 5779 Amos
512 5734 593 5791 ut,
616 5720 669 5777 6.

1848 3178 2027 3247 ipsum
2064 3176 2568 3245 coiniprehensuris.
2617 3175 2753 3242 Quis
2807 3176 2953 3230 enim
3014 3176 3149 3229 mihi
3205 3176 3428 3231 virtutis

1847 3270 2093 3325 calculus
2124 3277 2204 3323 tot
2234 3269 2392 3323 malis
2448 3278 2502 3323 et
2560 3252 2726 3325 tantis
2761 3268 3182 3338 ingruentibus?
3222 3269 3275 3321 in
3326 3268 3431 3323 hoc

1845 3362 1992 3417 enim
2020 3361 2237 3425 turbam
2270 3360 2577 3431 desperatio
2608 3359 2748 3413 solet
2781 3359 3083 3429 impellere.
3113 3357 3269 3413 Nunc
3297 3372 3431 3412 vero

1845 3455 2002 3526 quasi
2035 3470 2140 3509 non
2176 3456 2349 3508 multo
2377 3463 2431 3508 et
2457 3468 2658 3523 magno
2683 3452 2871 3507 dolore
2902 3456 3217 3514 incursuro,
3256 3453 3433 3505 utrin-

1846 3565 1951 3620 que
1980 3557 2033 3603 et
2066 3548 2385 3603 subvertere
2410 3547 2561 3601 novit
2588 3545 2754 3607 fallax
2784 3546 3120 3615 agendorum
3136 3544 3428 3613 judicium,

1845 3648 1900 3695 et
1935 3648 2220 3710 propterea
2257 3651 2436 3707 neque
2464 3635 2635 3690 multa
2660 3635 2938 3705 vigilantia
2970 3649 3146 3704 neque
3170 3633 3429 3687 virtutum

1845 3748 1978 3789 cura
2017 3748 2158 3802 opus
2188 3746 2330 3786 esse.
2370 3729 2495 3785 Ideo
2521 3729 2689 3798 igitur
2726 3729 2868 3784 Deus
2897 3728 2963 3782 de
3008 3727 3209 3782 futuris
3240 3726 3431 3797 loque-

1847 3822 1954 3877 lam
1986 3822 2230 3892 ignotam
2262 3819 2393 3875 fecit
2428 3819 2799 3886 multitudini,
2855 3833 2923 3873 ne
2982 3818 3219 3873 inventis
3266 3819 3432 3871 homo

1848 3929 1970 3978 unae
2001 3914 2055 3966 in
2088 3912 2486 3981 posterioribus
2511 3912 2689 3981 ipsum
2712 3910 3050 3980 temporibus
3071 3910 3436 3977 comprehen-

1849 4020 1977 4060 sura
2011 4011 2138 4057 sunt
2165 4003 2434 4068 molestis,
2475 4003 2528 4056 in
2568 4002 2966 4058 dilllcilioribus
3006 4001 3353 4071 negligentiae
3380 4011 3436 4056 et

1850 4094 2215 4163 desperationi
2250 4094 2474 4148 tradens
2503 4093 2890 4163 seipsum,non
2915 4093 2981 4147 ad
3005 4093 3254 4145 virtutem
3294 4106 3433 4147 con-

1848 4193 2190 4249 verteretur;
2247 4184 2298 4236 in
2354 4183 2706 4243 mediocriter
2754 4194 2935 4236 autem
2987 4197 3046 4236 se
3101 4181 3434 4238 habentibus

1849 4278 2262 4348 despicientiam
2296 4276 2613 4330 morborum
2638 4283 2698 4328 ut
2721 4276 3116 4345 permissurum
3152 4273 3434 4329 fruitionis

1849 4382 1903 4427 et
1934 4370 2282 4433 deliciarum,
2318 4368 2526 4422 nullum
2559 4381 2791 4436 sperans
2826 4365 3158 4420 obstiturum
3201 4365 3435 4434 impedi-

1777 4437 1822 4494 Β
1853 4472 2096 4518 mentum
2123 4472 2176 4516 et
2207 4460 2274 4514 ad
2304 4461 2532 4542 virtutes
2555 4459 2797 4513 studium
2821 4467 3235 4527 superponeret.
3261 4457 3435 4511 Aliter

1853 4568 1986 4608 vero
2015 4561 2072 4607 et
2099 4552 2190 4621 qui
2220 4550 2490 4620 judicium
2526 4564 2723 4619 purum
2754 4547 3006 4617 passione
3030 4547 3136 4602 fert
3165 4554 3220 4601 et
3249 4547 3436 4601 incor-

1854 4654 2074 4715 ruptum
2112 4645 2408 4698 sanitatem
2460 4640 2606 4695 videt
2663 4649 2720 4695 et
2764 4640 3020 4694 morbum
3084 4639 3435 4695 concorditer

1850 4756 1912 4797 se
1942 4740 2195 4795 habentia
2218 4736 2397 4807 quoad
2430 4734 2714 4789 hominum
2742 4732 3000 4787 damnum
3034 4741 3092 4787 et
3121 4734 3431 4789 utilitatem.

1853 4832 1961 4887 Sed
1995 4839 2051 4885 et
2075 4830 2296 4884 divitias
2338 4835 2392 4881 et
2427 4834 2802 4896 paupertatem
2856 4826 3132 4891 similiter,
3181 4835 3236 4880 et
3264 4827 3435 4881 robur

1851 4920 2103 4992 corporis
2133 4929 2189 4975 et
2223 4918 2621 4980 infirmitatem,
2654 4918 2884 4987 gloriam
2937 4932 3060 4985 quae
3090 4932 3154 4972 ex
3192 4918 3436 4972 homini-

1850 5019 1954 5075 bus
1978 5027 2032 5072 et
2064 5015 2345 5070 infamiam
2374 5025 2427 5068 et
2448 5029 2570 5084 quae
2593 5014 2676 5068 bis
2692 5017 2958 5083 proxima.
2988 5013 3198 5068 Etenim
3223 5015 3433 5070 utrius-

1851 5129 1959 5183 que
1993 5110 2168 5181 partis
2208 5108 2635 5177 unumquodque
2668 5106 3042 5176 philosophari
3080 5107 3306 5172 scienti,
3343 5122 3434 5162 sa-

1853 5204 1981 5260 lutis
2013 5202 2244 5257 materia
2289 5200 2367 5255 fit.
2400 5198 2462 5253 Ei
2507 5214 2639 5254 vero
2667 5198 2759 5268 qui
2807 5197 2874 5251 ad
2928 5198 3044 5252 sola
3097 5199 3338 5267 jucunda
3378 5210 3434 5255 et

1852 5297 2187 5356 blandientia
2211 5295 2344 5359 biat,
2376 5301 2431 5348 et
2452 5291 2699 5363 jucunda
2729 5290 2918 5346 damni
2949 5292 3090 5345 liunt
3112 5301 3432 5362 praetextus,

1852 5402 1907 5446 et
1975 5389 2154 5445 tristia
2209 5386 2279 5441 ad
2312 5385 2451 5441 idem
2484 5383 2731 5439 defluunt
2781 5393 2835 5438 et
2886 5383 3176 5438 trahuntur
3200 5385 3431 5450 malum,

1854 5500 1963 5540 non
2006 5490 2286 5552 gratanter
2316 5480 2433 5536 haec
2470 5478 2680 5534 ferente
2708 5479 2802 5549 qui
2836 5494 2935 5548 per
2980 5477 3111 5532 talia
3150 5476 3431 5547 purificari

1854 5578 2077 5647 indiget,
2114 5575 2211 5633 sed
2239 5574 2293 5630 in
2325 5572 2763 5645 desperationem
2794 5568 2971 5640 magis
3011 5576 3066 5624 et
3098 5564 3434 5637 indignatio-
