3820 6212
121 266 207 333 441
906 269 1004 326 AD
1040 266 1479 327 AMPIIILOCH
1493 262 1630 325 [ΠΜ
1669 276 1676 315 ι

1795 261 2013 324 ESTIO
2053 262 2228 337 LXX,
2276 264 2483 324 LXXI.
3253 268 3359 334 442

120 380 277 448 Ἀδὰμ
301 371 385 429 οἷα
405 375 465 444 δὴ
492 373 696 445 χιτῶνα
722 370 831 436 τοῖς
855 374 1163 444 εἰρημένοις
1188 375 1547 428 κατάστικτον
1570 372 1672 424 πά-

1796 372 1940 424 iceas
1973 370 2187 425 tuniras
2217 387 2324 425 non
2354 372 2561 440 absque
2587 373 2877 442 supposuit
2900 373 3059 430 aliter
3088 376 3359 433 sentiente

115 470 226 526 θεσι
270 470 359 522 καὶ
403 466 655 536 ῥυπῶντα
688 469 1107 535 μετημφιάσατο
1133 482 1145 495 ⁸
1189 465 1300 520 illi
1334 467 1363 518 ὁ
1397 464 1494 533 μὲν
1531 462 1675 529 ἱερὸς

1795 462 2233 516 .-ontradictione.

114 562 255 628 οὗτος
309 565 446 633 ἀνὴρ
511 563 638 623 τοὺς
685 561 745 627 ἐξ
788 561 1100 631 Ὠριγένους
1164 560 1478 628 ἀναφύντας
1544 557 1688 609 οὕτω
1728 557 2033 626 πραότερόν
2081 574 2138 609 τε
2189 558 2285 610 καὶ
2354 555 2867 628 φιλανθρωπότερον
2918 562 3196 629 μεθέλκων
3264 567 3361 619 καὶ

117 656 475 729 μεταϐιϐάζων
535 654 670 725 πρὸς
721 654 847 715 τοὺς
890 651 1309 721 εὐσεϐεστέρους
1346 649 1664 718 λογισμοὺς,
1706 646 1978 709 τοιούτους
1996 643 2290 711 εἶναιτοὺς
2312 647 2674 717 δερματίνους
2744 650 2978 719 χιτῶνας
3006 654 3127 708 οὐδὲ
3186 660 3358 729 χωρὶς

111 740 323 802 ὑπέθετο
350 744 688 807 διστάζοντος
717 744 803 794 tu:
814 744 917 813 ῥρή
928 758 1119 811 ματος.

175 843 242 895 Σὺ
270 839 325 892 δέ
351 837 402 891 τί
428 837 635 904 λέγεις;
666 836 725 888 τὸ
752 837 852 905 μέν
882 836 1011 897 ἴσως
1046 833 1264 905 πρῶτον
1306 833 1489 903 γελᾷς,
1528 833 1667 901 τάχα

110 935 152 989 δ’
170 933 231 987 ἂν
254 929 450 998 μᾶλλον
468 926 839 997 δυσχεραίνεις
881 925 1035 995 μύθῳ
1057 924 1434 993 κλεπτομένην
1456 921 1671 977 ἀκούων

112 1026 202 1096 τὴν
227 1021 482 1091 ἀλήθειαν
500 1035 514 1049 ·
546 1018 641 1071 τοῦ
667 1017 727 1070 δὲ
753 1017 1006 1084 θεολόγον
1038 1012 1193 1086 οἶμαι
1233 1016 1333 1085 τὴν
1360 1016 1674 1083 οἰκονομίαν

111 1118 195 1171 καὶ
225 1113 440 1185 μέθοδον
478 1112 576 1164 οὐκ
606 1109 926 1179 ἁτιμάσαιο.
957 1109 1093 1161 Οὐδὲ
1122 1107 1308 1177 ἠγνόει
1338 1108 1406 1159 τὰ
1437 1107 1544 1159 ἀπὸ
1573 1106 1674 1174 τῆς

111 1206 271 1274 συκῆς
324 1203 499 1273 φύλλα
546 1196 626 1264 οἷς
674 1202 723 1253 οί
764 1202 895 1271 περὶ
953 1199 1046 1251 τὸν
1088 1199 1260 1269 Ἀδὰμ
1302 1200 1405 1269 τὴν
1435 1198 1543 1251 ἀπὸ
1572 1198 1673 1266 τῆς

111 1292 428 1361 γυμνώσεως
445 1288 840 1360 ἀσχημοσύνην
863 1289 943 1350 είς
966 1289 1027 1341 τὸ
1054 1287 1334 1357 εὔσχημον
1359 1288 1675 1356 περιέστελο

111 1383 210 1435 λεν·
235 1380 352 1433 οὐδ’
381 1381 465 1434 ὃτι
494 1378 799 1449 προφθόωει
828 1378 928 1447 μὲν
952 1377 1021 1430 τὰ
1051 1380 1147 1448 τῆς
1176 1378 1345 1445 συκῆς
1373 1377 1547 1445 φύλλα
1573 1377 1673 1444 τῆς

110 1472 356 1534 αἰδέσεως
406 1471 507 1541 τὴν
534 1470 860 1539 καταφυγὴν
904 1470 1229 1540 παρασχεῖν,
1272 1469 1321 1520 οἱ
1360 1467 1415 1519 δὲ
1445 1466 1673 1536 χιτῶνες

1844 823 1925 878 Tu
1954 834 2134 878 autem
2171 824 2301 894 quid
2334 825 2506 879 dicis?
2554 826 2693 880 forte
2732 829 2967 896 primum
3012 832 3187 898 rides,
3231 853 3354 891 uno:

1771 927 1954 970 autem
1992 916 2164 985 magis
2198 917 2453 972 irasceris
2484 916 2666 971 fabula
2694 918 2930 973 iuratum
2955 922 3187 979 audiens
3217 929 3361 979 veri-

1772 1019 1975 1074 tatem;
2013 1008 2243 1079 theologi
2278 1023 2408 1063 vero
2440 1010 2634 1077 opinor
2666 1012 3031 1067 oeconomiam
3068 1020 3360 1070 etmetlin-

1772 1100 1900 1154 dum
1935 1116 2042 1154 non
2078 1100 2501 1171 contempseris.
2542 1102 2659 1155 Non
2690 1101 2978 1173 ignorabat
3009 1121 3040 1159 a
3086 1106 3195 1161 ficu
3230 1108 3358 1162 folia

1774 1192 1974 1261 quibus
2017 1193 2263 1247 Adamns
2311 1208 2340 1247 a
2395 1196 2640 1248 nuditate
2695 1196 3051 1264 ignominiam
3098 1200 3360 1257 decenter

1774 1284 1992 1353 operuit
2016 1300 2031 1348 ;
2060 1299 2237 1352 neque
2263 1284 2415 1353 prius
2444 1285 2665 1354 quidem
2698 1288 2830 1342 licus
2856 1286 2983 1342 folia
3009 1291 3233 1358 pudoris
3269 1309 3357 1347 rc-

1770 1371 1978 1441 fugium
2024 1374 2323 1443 praebuisse
2349 1413 2366 1436 ,
2415 1376 2629 1430 tunicas
2656 1392 2784 1432 vero
2815 1378 3073 1448 deinceps
3102 1384 3360 1451 pelliceas

1767 1462 1982 1516 illorum
2016 1463 2339 1533 excipiendo
2377 1481 2534 1518 usum
2588 1466 2932 1534 implevisse;
2982 1471 3182 1525 etenim
3237 1483 3362 1542 post

110 1566 321 1637 ὕστερον
370 1564 420 1616 οί
470 1562 788 1634 δερμάτινοι
832 1560 932 1632 τὴν
961 1561 1188 1615 ἐκείνων
1228 1559 1370 1613 κατὰ
1417 1558 1669 1629 διαδοχὴν

1768 1555 2004 1624 priorem
2038 1556 2341 1610 cincturam
2385 1564 2440 1611 et
2476 1557 2606 1612 folia
2641 1559 2798 1623 licus,
2850 1561 3105 1629 pelliceas
3144 1565 3361 1621 tunicas

110 1658 286 1730 χρείαν
330 1656 729 1727 ἀνεπλήρωσαν
758 1670 773 1685 ⁸
819 1656 915 1708 καὶ
942 1654 1052 1725 γὰρ
1087 1653 1226 1725 μετά
1260 1654 1361 1722 τὴν
1396 1653 1670 1724 προτέραν

1795 1647 1917 1702 )eus
1948 1647 2085 1717 ipsis
2119 1646 2267 1702 fecit.
2291 1648 2579 1719 Quomodo
2608 1651 2774 1720 igitur
2809 1652 3123 1709 existimare
3147 1668 3364 1725 Oportet

112 1748 386 1820 περιϐολὴν
436 1749 533 1802 καὶ
573 1748 641 1800 τὰ
684 1746 859 1816 φύλλα
883 1748 983 1816 τῆς
1013 1747 1187 1813 συκῆς
1211 1786 1226 1810 ,
1259 1745 1385 1807 τοὺς
1414 1742 1677 1814 δερματί-

111 1858 223 1905 νους
266 1838 499 1911 χιτῶνας
530 1840 559 1892 ὁ
588 1839 721 1902 Θεὸς
754 1839 939 1902 αὐτοῖς
977 1838 1293 1907 ἐποιήσατο.
1342 1835 1450 1888 Ποῦ
1494 1835 1677 1889 τοίνυν

108 1933 301 1987 οἴεσθαι
326 1933 409 1985 δεῖ
432 1932 526 1985 τὸν
559 1930 1023 1999 θεολογικὼτατον
1051 1929 1226 1986 ταῦτα
1248 1930 1344 1982 καὶ
1375 1926 1679 1982 θεοπτικώ·

110 2043 258 2082 τατον
291 2024 612 2080 διδάσκαλον
641 2024 862 2093 ἀγνοεῖν
887 2065 903 2090 ,
954 2022 1093 2076 ἀλλὰ
1132 2021 1209 2093 μὴ
1245 2021 1426 2088 λέγειν
1476 2019 1679 2091 μᾶλλον

109 2118 398 2187 οἰκονομεῖν
442 2133 505 2169 τε
542 2115 772 2169 καὶτῶν
799 2114 974 2167 ἄλλων
1008 2111 1286 2182 σωτηρίαν
1341 2108 1676 2181 μεθοδεύειν,

110 2210 173 2264 δι’
195 2201 264 2262 ὧν
288 2210 316 2262 ό
334 2207 455 2262 τότε
512 2207 805 2278 συνέτρεχε
834 2204 1051 2275 καιρὸς,
1070 2203 1344 2274 μηδεμιᾶς
1381 2200 1676 2254 ἐπακολου-

111 2298 294 2371 θούσης
337 2298 623 2369 αἱρετικῆς
653 2296 961 2366 ἐπισπορᾶς
990 2296 1023 2365 ἢ
1060 2293 1401 2363 σκολιότητας
1428 2310 1443 2358 ;
1475 2293 1577 2344 ’Δν
1615 2306 1679 2343 τε

110 2392 209 2463 γὰρ
236 2393 304 2446 τὰ
325 2390 502 2461 φύλλα
526 2393 625 2461 τῆς
654 2389 828 2459 συκῆς
859 2388 987 2450 τοὺς
1018 2387 1149 2456 περὶ
1184 2386 1277 2439 τὸν
1303 2384 1479 2454 Ἀδὰμ
1507 2383 1675 2437 εὐλα-

110 2481 392 2553 ϐουμένους
422 2482 525 2553 τὴν
553 2480 689 2534 αίδὼ
724 2479 1098 2540 ὑπεδείκνυεν,
1150 2477 1216 2531 ἄν
1243 2494 1302 2531 τε
1336 2478 1477 2549 μετὰ
1513 2477 1679 2529 ταῦτα

111 2575 327 2645 χιτῶνας
358 2577 424 2629 ἐκ
449 2574 741 2645 δερμάτων
770 2574 953 2637 αὐτοῖς
988 2574 1017 2626 ὁ
1043 2571 1176 2634 Θεὸς
1208 2569 1503 2640 ἐπεποίητο
1525 2608 1540 2633 ,
1581 2568 1680 2639 τῆς

110 2668 353 2731 αἰδέσεως
381 2666 747 2739 χαριζόμενος
782 2664 1155 2738 παραμύθιον,
1198 2663 1357 2717 οὐδὲν
1394 2656 1557 2734 ἦττον
1597 2662 1691 2714 εὑοΔ

110 2758 379 2823 σεϐοὖντος
444 2760 568 2813 ἐστὶ
620 2759 802 2828 λέγειν
841 2758 918 2821 ὡς
961 2758 1101 2828 μετά
1148 2758 1249 2826 τὴν
1295 2756 1606 2826 παράϐασιν
1652 2754 1681 2806 ό

120 2848 278 2922 ’Δδὰμ
299 2850 397 2916 τὴν
427 2849 748 2921 παχυτέραν
799 2849 980 2920 σάρκα
1035 2848 1132 2900 καὶ
1181 2846 1387 2918 θνητὴν
1417 2846 1512 2899 καὶ
1545 2844 1681 2898 καθ-

110 2942 397 3014 ελκομένην
451 2942 537 3012 τῷ
599 2941 757 3014 βάρει
800 2941 895 2994 τοῦ
942 2938 1392 3011 παραπτώματος
1440 2938 1537 2992 καὶ
1578 2938 1677 3008 τῆς

109 3032 362 3108 πρότερας
423 3035 677 3091 ἀντίθεόν
727 3052 787 3089 τε
842 3034 937 3089 καὶ
986 3032 1281 3089 ἀντίτυπον
1331 3031 1669 3102 ὴμφιάσατο.

112 3129 267 3183 Πόθεν
291 3130 349 3183 δ’
374 3128 442 3183 ἂν
482 3129 617 3193 ῐσως
656 3130 1051 3199 ἐπαπορήσεις,
1089 3127 1139 3180 οί
1186 3120 1501 3199 δερμάτινοι
1542 3141 1676 3195 προ-

109 3219 256 3289 ῆλθον
297 3218 565 3291 χιτῶνες;
610 3218 725 3271 ἀλλ’
766 3216 988 3271 ἐπειδὰν
1016 3215 1260 3278 ἀκούσας
1290 3217 1383 3269 τὸν
1410 3215 1535 3270 νοῦν
1563 3215 1677 3269 ἐπι-

110 3312 340 3382 στήσεις,
365 3311 448 3365 ὅτι
471 3310 574 3365 καὶ
602 3309 861 3381 ἐποίησεν
894 3307 1072 3371 ὁΘεδς
1099 3309 1212 3370 τοῖς
1239 3305 1368 3378 περὶ
1390 3304 1678 3374 τὸν,’Δδάμ

109 3402 326 3474 χιτῶνας
359 3400 727 3474 δερματίνους
747 3441 762 3465 ,
802 3399 1004 3454 αὐτίκα
1049 3398 1349 3469 σύνδρομον
1382 3391 1538 3466 οἶμαι
1573 3395 1677 3465 τῆς

108 3492 322 3559 ἀπορίας
352 3491 542 3561 εὑρεῖν
573 3488 667 3543 καὶ
708 3487 806 3559 τὴν
851 3485 1025 3540 λύσιν.
1063 3486 1120 3540 '0
1153 3485 1264 3555 γὰρ
1293 3487 1359 3538 ὲκ
1399 3484 1472 3555 μὴ
1506 3482 1677 3536 όντων

108 3579 237 3632 οὕτω
267 3579 570 3649 φιλοτίμως
620 3595 680 3631 τε
717 3579 812 3631 καὶ
855 3575 1167 3639 πολυτελῶς
1206 3574 1543 3645 προαγαγὼν
1583 3572 1677 3625 τὸν

108 3667 378 3742 ἄνθρωπον
401 3712 416 3736 ,
454 3667 617 3733 οὗτος
659 3670 757 3723 καὶ
795 3666 1156 3739 δερματίνους
1202 3665 1435 3737 χιτῶνας
1475 3667 1540 3717 ἐκ
1582 3663 1675 3716 τοῦ

112 3760 177 3831 μὴ
216 3762 365 3825 ὄντος
417 3758 757 3831 ποιήσασθαι
820 3760 916 3813 καὶ
978 3758 1274 3829 περιϐολὴν
1320 3755 1471 3826 αὑτῴ
1510 3773 1679 3809 κατα-

110 3850 363 3903 σκευάσαι
402 3851 467 3903 ἐκ
495 3848 591 3901 τοῦ
644 3850 867 3919 ῥᾴστου,
920 3845 1124 3916 μᾶλλον
1155 3844 1221 3898 ἂν
1264 3847 1375 3905 τοῖς
1401 3844 1679 3913 λογισμοῖς

64 3988 69 3993 .
109 3939 420 3995 ἀδίστακτον
466 3938 653 3992 πίστιν
704 3937 995 4008 ἐντίθησινσ
1024 3938 1073 3989 εί
1112 3937 1169 3989 δὲ
1212 3936 1308 3989 καὶ
1352 3936 1539 4005 δοραῖς
1568 3952 1678 3988 τισι

1776 1737 2079 1793 maximum
2110 1738 2421 1810 theologum
2447 1739 2561 1795 haec
2596 1751 2653 1795 et
2679 1741 2771 1797 Dei
2812 1745 3211 1813 speculatorem
3243 1749 3364 1802 exi-

1778 1831 1953 1886 mium
1989 1832 2313 1902 magistrum
2352 1832 2643 1901 ignorare?
2676 1834 2783 1891 Sed
2826 1852 2936 1889 non
2967 1839 3149 1894 dicere
3176 1842 3362 1910 potius

1772 1924 2096 1993 dispensare
2125 1933 2181 1979 et
2210 1924 2444 1979 aliorum
2496 1925 2725 1981 salutem
2761 1942 2975 1997 parare,
3013 1945 3106 1999 per
3130 1946 3194 1985 ea
3222 1946 3363 2002 quo—

1778 2032 1900 2070 rum
1936 2026 2068 2071 tunc
2098 2017 2462 2072 concurrebat
2496 2025 2713 2089 tempus
2735 2060 2751 2085 ,
2807 2020 2953 2074 nulla
2990 2035 3365 2092 consequente

1776 2109 2035 2163 lueretica
2072 2110 2604 2180 superseminatione
2630 2123 2723 2166 aut
2752 2113 3091 2183 obliquitate.
3128 2113 3185 2169 Si
3215 2116 3363 2171 enim

1777 2199 1910 2254 folia
1940 2202 2074 2256 ficus
2103 2202 2375 2257 Adamum
2407 2204 2641 2260 veritum
2676 2206 2939 2274 pudorem
2972 2208 3363 2276 subindicavit,

1781 2300 1832 2343 et
1876 2290 1921 2344 si
1956 2291 2197 2360 posthaec
2227 2295 2443 2349 tunicas
2472 2285 2539 2349 ex
2581 2296 2813 2365 pellibus
2848 2299 2980 2369 ipsis
3017 2299 3160 2355 Deus
3204 2301 3362 2367 fecit,

1776 2380 2005 2451 pudoris
2037 2381 2274 2450 largiens
2300 2383 2534 2455 benigne
2570 2388 3029 2457 consolationem,
3075 2390 3361 2446 nihilomi-

1782 2489 1887 2528 nus
1918 2473 2065 2543 pium
2097 2475 2389 2531 estdicere
2418 2486 2541 2547 post
2571 2480 3064 2550 transgressionem
3093 2483 3362 2539 Adamum

1779 2566 2107 2621 crassiorem
2130 2582 2352 2621 carnem
2380 2578 2434 2622 et
2460 2570 2748 2625 mortalem
2779 2582 2836 2626 et
2854 2571 3113 2627 deorsum
3135 2582 3364 2629 tractam

1783 2658 2050 2728 gravitate
2082 2674 2248 2714 casus
2278 2668 2365 2715 est
2400 2661 2600 2730 prioris
2633 2663 2938 2733 oppositam
2970 2674 3025 2719 et
3056 2666 3364 2739 antitypum

1782 2749 2050 2807 induisse.
2118 2752 2403 2808 Undenam
2452 2769 2605 2817 vero,
2642 2754 2784 2811 forte
2821 2757 3065 2813 incertus
3103 2759 3361 2823 haerebis.

1781 2840 2024 2909 pellicere
2050 2851 2422 2911 provenerunt
2452 2842 2689 2898 tunicae?
2719 2844 2824 2899 Sed
2856 2855 3145 2916 postquam
3173 2851 3364 2904 audito

1785 2941 2025 2987 mentem
2065 2934 2419 3004 applicueris,
2455 2943 2508 2988 et
2542 2932 2739 2990 fecisse
2772 2934 2938 2990 Deum
2971 2938 3179 2993 Adamo
3212 2941 3361 2995 uini-

1781 3037 1876 3078 Cas
1903 3023 2162 3093 pelliceas
2188 3063 2205 3089 ,
2256 3024 2442 3081 statim
2472 3035 2889 3081 concurrentem
2921 3027 3119 3097 Opinor
3147 3030 3368 3085 dubita-

1781 3113 1915 3166 tioni
1935 3115 2174 3181 reperies
2203 3122 2260 3169 et
2290 3114 2644 3170 solutionem.
2670 3114 2937 3181 Quienim
2965 3133 3032 3171 ex
3062 3119 3236 3175 nihilo
3254 3131 3366 3178 tam

1781 3205 2018 3276 superbe
2066 3216 2122 3261 et
2161 3206 2453 3277 magnifice
2480 3209 2740 3277 produxit
2778 3209 3056 3265 hominem
3084 3250 3100 3276 ,
3172 3212 3265 3269 hic
3313 3224 3371 3270 et

1779 3298 2040 3369 pelliceas
2068 3298 2287 3353 tunicas
2314 3313 2383 3353 ex
2411 3299 2587 3354 nihilo
2619 3298 2821 3357 fecisse
2846 3311 2907 3357 et
2923 3302 3228 3360 cincturam
3262 3306 3369 3376 ipsi

1783 3390 2067 3460 paravisse
2104 3389 2405 3457 facillime,
2468 3393 2643 3461 magis
2699 3402 2886 3449 autem
2939 3395 3371 3466 cogitationibus

1783 3481 2147 3536 indubitatam
2172 3481 2335 3537 ﬁdem
2377 3484 2590 3540 inserit.
2622 3483 2678 3538 Si
2708 3493 2888 3541 autem
2909 3495 2964 3541 et
2991 3488 3225 3557 pellibus
3246 3491 3371 3559 qui-

1783 3573 2015 3627 busdam
2054 3574 2415 3641 animalium,
2466 3577 2583 3632 haec
2623 3576 2774 3632 enim
2809 3578 2961 3648 prius
2994 3580 3374 3636 subsistebant

1786 3664 2143 3736 indigentiam
2178 3669 2442 3724 cinctura:
2470 3669 2603 3739 ipsis
2642 3679 2703 3724 ut
2746 3670 3037 3740 implerent
3064 3712 3080 3737 ,
3110 3675 3371 3744 cogitatio

1785 3756 2059 3825 admovit;
2086 3759 2195 3813 Deo
2212 3760 2488 3829 sapienter
2513 3760 2802 3817 erudiente
2831 3763 2980 3831 ipsos
2997 3764 3065 3818 ad
3088 3767 3371 3834 proprium

1785 3858 2041 3903 ornatum
2072 3857 2126 3903 et
2161 3850 2393 3905 salutem
2436 3866 2750 3921 assurgere,
2772 3868 2952 3922 neque
2982 3854 3118 3909 illud
3147 3855 3310 3926 longe
3337 3874 3370 3912 a

1785 3939 1972 3993 divina
2009 3954 2143 3994 cura
2168 3978 2183 4002 ,
2240 3956 2419 4011 neque
2462 3943 2749 4011 indignum
2785 3945 2960 4012 ipsius
2995 3960 3191 4015 magna
3220 3948 3371 4003 circa

110 4028 272 4100 ζώων,
310 4031 488 4087 ταῦτα
519 4032 630 4102 γὰρ
677 4031 996 4101 προῦπέστη
1034 4029 1132 4100 τὴν
1178 4029 1367 4100 χρείαν
1396 4030 1496 4094 τῆς
1524 4044 1676 4098 περι-

1795 4046 1959 4099 genus
1986 4041 2235 4086 nostrum
2270 4033 2532 4087 bonitate.
2572 4035 2675 4088 Sed
2708 4035 2825 4090 haec
2854 4037 3077 4106 quidem
3121 4054 3370 4094 summa-

110 4120 261 4190 ϐολῆς
321 4121 507 4183 αὐτοῖς
571 4117 1001 4189 ἀναπληρῶσαι,
1059 4117 1320 4186 λογισμὸς
1368 4115 1675 4185 ἁνεκίνησε’

1795 4123 1905 4176 rius
1935 4123 2197 4192 permittit
2224 4139 2428 4178 sermo.
2479 4126 2621 4179 Sunt
2652 4136 2834 4180 autem
2881 4129 3106 4197 quidam
3148 4133 3241 4201 qui
3300 4133 3372 4188 ad

109 4211 235 4265 θεοῦ
281 4215 594 4284 σοφίζοντος
625 4213 821 4274 αὐτοὺς
854 4212 989 4282 πρὸς
1022 4212 1121 4280 τὴν
1149 4209 1355 4263 οἰκείαν
1384 4208 1676 4276 εὐκοσμίαν

1795 4214 2001 4267 nullum
2051 4215 2252 4270 horum
2296 4218 2569 4286 respicere
2602 4218 2848 4274 volentes
2879 4237 3057 4291 neque
3086 4234 3368 4293 mirantes,

109 4319 165 4356 τε
208 4308 299 4359 καὶ
344 4305 621 4377 σωτηρίαν
669 4303 1066 4367 διανίστασθαι,
1115 4302 1236 4355 οὐδὲ
1290 4301 1449 4354 τοῦτο
1488 4301 1676 4371 πόρρω

1795 4307 2049 4358 arborum
2075 4307 2228 4361 circa
2253 4308 2516 4362 corticem
2557 4311 2896 4379 epidermata
2933 4313 3194 4382 pelliceas
3222 4319 3375 4371 tuni-

112 4396 199 4466 τῆς
234 4395 384 4460 Θείας
433 4394 786 4465 κηδεμονίας,
829 4394 938 4447 οὐδ’
968 4393 1186 4458 ἀνάξιον
1232 4390 1398 4445 αὐτοῦ
1426 4391 1524 4460 τῆς
1555 4391 1676 4444 πολ-

1795 4411 1880 4450 eas
1914 4406 2201 4467 putarunt,
2236 4410 2295 4454 ut
2323 4401 2555 4469 pellibus
2574 4404 2902 4458 raniinalium
2933 4405 3248 4461 inferiorem
3277 4419 3375 4463 aut

110 4487 200 4555 λῆς
246 4489 374 4559 περὶ
411 4489 474 4543 τὸ
519 4491 679 4555 γένος
713 4487 870 4557 ήμῶν
901 4485 1256 4556 ἀγαυότητος.
1311 4483 1472 4537 Ἀλλὰ
1508 4483 1676 4536 ταῦτα

1795 4488 2038 4541 viliorem
2066 4490 2329 4545 cincturte
2360 4507 2520 4546 usum
2549 4494 2939 4562 praebentibus,
2957 4504 3137 4550 tamen
3167 4500 3374 4553 cortice

116 4579 207 4648 μὲν
238 4583 266 4634 ό
294 4580 670 4651 κεφαλαιώδης
712 4580 999 4648 ἐπιτρέπει
1047 4577 1226 4646 λόγος.
1268 4576 1390 4630 Εἰσὶ
1434 4575 1493 4629 δέ.
1538 4593 1676 4638 τινες

1795 4580 1935 4633 atnni
1953 4580 2258 4649 aptioribus
2286 4592 2337 4635 et
2364 4583 2685 4639 melioribus
2738 4594 2792 4639 et
2819 4594 2879 4639 ut
2901 4595 3072 4641 totum
3095 4589 3371 4655 dicamus,

112 4674 156 4723 ol
186 4674 313 4744 πρὸς
340 4674 511 4745 μηδὲν
540 4674 748 4739 τούτων
775 4675 985 4743 ἁφορᾷν
1010 4671 1324 4741 βουλόμενοι
1350 4667 1485 4741 μηδὲ
1514 4685 1676 4723 σπου-

1795 4673 2336 4728 convenientioribus
2368 4676 2555 4730 niultis
2590 4677 3026 4734 discriminibus.

112 4762 370 4832 δάιζοντες,
400 4766 501 4828 τὰς
570 4764 679 4818 τῶν
720 4765 954 4838 δένδρων
1020 4765 1149 4835 περὶ
1222 4764 1312 4815 τὸν
1375 4762 1558 4830 φλοιὸν
1601 4763 1956 4836 ἐπιδερμίδας
2011 4766 2371 4838 δερματίνους
2412 4768 2643 4837 χιτῶνας
2691 4770 2969 4840 ἐνόμισαν,
3025 4772 3216 4846 ὥσπερ
3263 4775 3372 4830 τῶν

110 4857 381 4924 δερμάτων
411 4856 526 4911 τῶν
556 4856 663 4910 ἀπὸ
704 4857 814 4909 τῶν
843 4856 999 4921 ζώων
1044 4853 1452 4923 ἐνδεεστέρανῆ
1489 4852 1820 4924 ἀτιμοτέραν
1862 4859 1961 4926 τῆς
2014 4856 2311 4928 περιϐολῆς
2344 4858 2445 4927 τὴν
2507 4861 2696 4929 χρείαν
2750 4864 3165 4933 παρεχομένωνθ
3198 4869 3373 4921 καίτοι

114 4945 285 5010 φλοιοῦ
331 4948 539 5011 παντὸς
588 4948 969 5017 εὐαφεστέρων
1015 4963 1076 5000 τε
1117 4948 1213 5000 καὶ
1271 4944 1679 5017 μαλακωτέρων
1718 4946 1814 5000 καὶ
1851 4947 1912 5001 τὸ
1964 4948 2090 5002 ὅλον
2150 4951 2327 5003 εἰπεῖν
2362 4950 2813 5024 ἐπιτηδειοτέρων
2846 4954 3068 5019 πολλαῖς
3086 4956 3373 5031 διαφοραῖς

114 5036 477 5109 ὑπαρχόντων.
2609 5084 2615 5089 .

646 5132 983 5185 ΕΡΩΤΙΙΣΙΣ
1008 5132 1127 5185 OA'.

2147 5126 2476 5193 QUAESTIO
2508 5126 2670 5182 LXXI
2696 5128 2795 5200 [αἰ.
2820 5129 3007 5202 LXX].

115 5222 257 5304 Πρρς
282 5224 417 5304 rh}!
445 5223 722 5277 διάνοιαν
740 5223 904 5304 ’ἡμᾶς
940 5223 1316 5304 παραπέμπει
1344 5224 1413 5304 ad
1437 5240 1468 5304 λ
1491 5241 1521 5304 ‹⁸
1544 5223 1676 5304 Ὀὐκ

1795 5220 1865 5273 Ad
1925 5235 2227 5304 quemnch
2260 5237 2468 5303 sensum
2540 5238 2634 5275 nos
2668 5224 2854 5304 mittit.
2898 5225 3034 5304 illud
3060 5241 3080 5278 :
3126 5224 3369 5304 «Nonne2

178 5292 249 5373 ᾁν
276 5295 463 5360 ὀρθῶς
495 5294 928 5373 προσενέγκῃς,
992 5292 1181 5373 ὀρθῶς
1217 5293 1284 5347 δὲ
1310 5293 1395 5362 μὴ
1432 5292 1674 5358 διέλῃςο

1854 5292 1901 5343 si
1919 5301 2054 5343 recte
2083 5293 2358 5373 obtuleris,
2388 5303 2522 5345 recte
2550 5309 2665 5345 vero
2697 5311 2797 5347 non
2820 5294 3373 5365 diviseris,peccasti?

180 5362 472 5432 ἡμαρτες;
506 5365 849 5433 ἡσύχασαν,
889 5384 907 5415 ›
944 5382 996 5416 κ.
1034 5381 1084 5417 τ.
1119 5364 1167 5416 λ.

1856 5370 1988 5424 tace,
2028 5379 2044 5409 ι
2078 5370 2125 5414 et
2161 5363 2383 5432 reliqua.

1148 5476 1293 5526 Edita
1322 5491 1350 5525 a
1373 5476 1515 5535 Maio,
1548 5478 1582 5524 1.
1606 5489 1671 5535 c.,
1704 5492 1752 5539 p.
1773 5476 1937 5526 87-89.
1964 5476 2020 5524 In
2046 5475 2170 5524 Gen.
2211 5490 2275 5536 iv,
2303 5477 2349 5525 7.

1865 5585 2116 5638 Praesens
2148 5583 2301 5639 locus
2350 5583 2585 5638 diversis
2610 5581 3155 5652 interpretationibus
3172 5578 3371 5648 subjici

1792 5685 1991 5747 potest,
2029 5677 2160 5734 hinc
2180 5677 2403 5746 quidem
2436 5678 2674 5732 lectione
2705 5677 3002 5732 varietates
3029 5682 3371 5744 propellente

180 5582 248 5635 Τδ
278 5583 452 5656 παρὸν
480 5581 678 5653 χωρίον
707 5582 981 5654 διαφόροις
1037 5586 1357 5655 ἑρμηνείαις
1388 5584 1685 5639 ὑποϐάλλε-

119 5674 232 5728 εθαι
263 5676 508 5741 δύναται,
537 5674 694 5730 τοῦτο
740 5675 838 5746 μὲν
886 5677 983 5746 τῆς
1018 5679 1379 5747 ἀναγνώσεως
1419 5679 1682 5750 διαφορὰς
