3820 6212
426 224 535 289 443

1580 201 1850 266 ΡΗΟΤΙῙ
1880 196 2388 261 PATRIARCH/E
2422 196 2534 258 CP.

3604 190 3701 254 444

426 341 607 405 duas;
648 326 1145 390 illineverodictis
1198 322 1387 379 varios
1458 330 1649 393 tropos
1704 319 2007 389 ﬁgurarum

2128 312 2563 385 προϐαλλομένης
2608 308 2740 364 δύο·
2794 308 2957 364 τοῦτο
2981 309 3041 364 δὲ
3077 308 3173 363 106
3221 306 3389 380 ῥητοῦ
3417 306 3700 378 διαφόρους

427 430 677 499 accipere
694 423 858 480 natis.
879 420 985 477 Sed
1014 431 1069 475 et
1099 418 1231 473 illud
1258 436 1271 471 :
1299 434 1319 468 ι
1342 415 1420 471 Ad
1451 424 1504 472 te
1525 412 1817 469 conversio
1838 411 2010 481 ejus,»

429 523 500 577 de
521 517 752 576 diversis
779 515 942 571 rebus
974 511 1196 583 proprie
1215 517 1394 579 potest
1428 507 1594 564 sumi.
1622 506 1787 577 Igitur
1818 517 2018 559 secun-

430 611 563 664 dum
607 606 896 660 lectionem
928 601 1165 656 varietas
1195 599 1250 653 in
1293 595 1742 668 interrogativam
1781 592 2016 649 formam

430 712 488 757 et
540 696 966 755 declaratoriam
1024 692 1217 747 dividit
1276 688 1600 760 eloquium;
1648 685 1811 757 quale
1853 693 1939 741 est
1997 702 2012 739 :

437 812 456 845 ι
496 791 688 846 Nonne
709 789 755 844 si
802 796 949 841 recte
994 786 1210 855 quidem
1241 780 1529 843 obtuleris,
1552 788 1698 833 recte
1736 790 1867 831 vero
1906 788 2016 830 nou

432 882 708 947 diviseris,
737 891 791 935 et
826 880 921 933 tibi
950 887 1137 933 notum
1203 885 1285 931 est
1315 884 1370 930 et
1424 870 1782 928 indubitabile
1830 878 1882 924 te
1919 882 2019 939 pe-

432 990 590 1030 easse
610 975 635 1027 ἲ
655 992 673 1025 ι
715 970 783 1025 Et
813 971 932 1023 vide
954 967 1239 1037 benignam
1272 962 1595 1034 sapientiam
1629 959 1747 1025 Dei,
1769 959 2016 1031 iudicem

434 1064 613 1133 ipsum
645 1060 788 1114 sistit
819 1058 911 1127 qui
970 1053 1218 1126 peccavit
1278 1051 1609 1121 iniquitatis,
1662 1058 1723 1102 ut
1768 1048 2017 1119 proprias

434 1152 790 1223 cngitationes
833 1148 922 1202 ille
955 1160 1082 1201 cum
1136 1142 1408 1198 invenerit
1440 1141 1680 1196 ferentes
1739 1140 1791 1194 in
1833 1138 2013 1209 ipsum

434 1242 972 1304 condemnationem,
1017 1236 1191 1306 magis
1216 1243 1272 1289 et
1320 1237 1389 1288 ad
1422 1232 1800 1303 ptenitentiam
1830 1236 2017 1284 currat

435 1346 491 1389 et
530 1332 911 1389 lentissionem
934 1328 1096 1382 citius
1138 1325 1396 1380 attrahat.
1433 1322 1498 1377 Et
1529 1320 1813 1391 responsio
1829 1320 2015 1376 statim

436 1426 712 1497 proposita
784 1420 1161 1484 demissionis,
1234 1416 1595 1471 nihilominus
1648 1414 1869 1470 silentio
1917 1427 2018 1466 vo-

437 1522 700 1574 luntatem
729 1515 941 1586 perlicit
967 1512 1086 1579 eius
1116 1511 1210 1581 qui
1254 1506 1630 1579 interrogavit,
1657 1515 1713 1560 et
1734 1514 2015 1574 peccatum

436 1610 789 1667 conﬁtentem
819 1622 886 1663 eo
925 1607 1071 1676 quod
1097 1619 1198 1661 nec
1221 1618 1284 1658 os
1306 1600 1520 1671 aperire
1548 1607 1604 1653 et
1638 1613 1827 1651 vocem
1852 1596 2014 1651 emit-

434 1712 549 1758 tere
589 1701 789 1756 audeat
829 1701 911 1753 γει
943 1672 1215 1751 nolentem
1231 1711 1356 1749 eum
1392 1692 1485 1763 qui
1517 1691 1762 1762 peccavit
1783 1691 2014 1744 demon-
2047 1672 2090 1729 Β

436 1803 595 1849 strat.
622 1792 835 1846 Etenim
862 1790 997 1844 solet
1025 1784 1549 1856 interrogationibus
1578 1799 1717 1854 quas
1737 1779 2015 1837 confessio

436 1894 493 1940 et
517 1882 779 1939 demissio
806 1882 1263 1950 interrogatorum
1296 1874 1585 1931 manifeSIe
1624 1881 1681 1930 et
1713 1873 2018 1928 indubitate

439 1976 690 2045 sequitur
732 1988 840 2027 non
877 1971 1060 2026 minus
1088 1969 1364 2025 silentium
1406 1968 1607 2023 habere
1639 1968 1747 2021 vim
1782 1965 1877 2022 sed
1899 1981 2017 2022 ma-

440 2067 523 2138 gis
547 2066 885 2121 enuntiantis
932 2064 1086 2117 vocis
1109 2060 1518 2123 demissioneni,
1544 2069 1602 2115 et
1641 2058 2021 2129 reprehensio-

441 2170 587 2220 nem,
619 2154 664 2208 si
687 2161 834 2208 certe
871 2152 987 2207 vult
1044 2151 1148 2205 hoc
1177 2144 1542 2218 interrogans,
1565 2148 1864 2202 acutiorem
1889 2144 2020 2200 facit

438 2253 494 2299 et
527 2245 902 2313 potentiorem.
935 2239 1192 2295 Formam
1224 2239 1391 2308 igitur
1412 2237 1858 2308 interregationis
1900 2251 2023 2292 sus-

440 2336 650 2405 cipiens
720 2350 902 2390 sermo
952 2334 1289 2404 propositam
1362 2332 1611 2385 enuntiat
1668 2329 2019 2385 sententiam.

440 2425 810 2481 Declaratoria
844 2435 1027 2479 autem
1056 2425 1228 2478 forma
1263 2422 1507 2477 vestibus
1545 2437 1653 2477 non
1696 2436 1805 2475 uno
1841 2428 1896 2475 et
1924 2433 2022 2474 e0-

440 2519 565 2574 dem
610 2518 927 2574 charactere
965 2517 1118 2571 vocis
1158 2514 1479 2571 enuntiatur
1509 2515 1676 2585 ;quia
1699 2522 1755 2568 et
1790 2511 2023 2568 diversis

443 2609 616 2678 trapis
644 2609 1058 2679 compositionis
1086 2623 1185 2678 per
1207 2623 1371 2680 quam
1402 2609 1668 2663 dictiones
1690 2609 1756 2663 ad
1794 2607 2022 2662 invicem

443 2711 721 2772 aptantur.
751 2703 865 2756 vult
890 2700 1146 2772 proferri.
1170 2700 1279 2758 Aut
1297 2702 1445 2757 enim
1468 2701 1755 2757 declarans
1783 2700 2026 2755 declarat

445 2809 554 2847 non
573 2792 618 2847 si
648 2792 785 2847 bene
806 2793 1095 2857 obtuleris,
1148 2802 1301 2848 recte
1359 2803 1542 2847 autem
1596 2809 1703 2845 non
1746 2792 2021 2855 diviseris,

444 2893 508 2938 ut
544 2886 687 2955 quod
721 2902 827 2939 non
861 2895 1008 2941 recte
1051 2886 1318 2952 obtulisti,
1348 2886 1495 2957 quod
1546 2900 1721 2954 neque
1764 2894 1909 2939 recte
1942 2883 2025 2938 di-

2118 405 2359 477 τρόπους
2418 403 2719 476 σχημάτων
2766 400 3128 471 ἀναδέχεσθαι
3171 400 3505 470 πεφυκότος.
3552 399 3703 453 Ἀλλὰ

2116 499 2227 569 γάρ
2260 498 2357 553 καὶ
2386 499 2448 553 τό
2486 513 2501 527 ⁸
2539 518 2559 551 ι
2589 496 2735 569 Πρὸς
2790 495 2851 549 σὲ
2886 497 2919 567 ἡ
2970 496 3292 566 ἀποστροφὴ
3341 492 3535 557 αὑτοῦ,
3572 512 3591 544 ι
3620 496 3703 546 ἐπὶ

2116 590 2391 663 διαφόρων
2420 590 2764 662 πραγμάτων
2779 587 2997 651 οἰκείως
3018 585 3132 656 ἔχει
3154 585 3701 657 παραλαμϐάνεσθαι.

2128 685 2196 739 Ἢ
2222 684 2323 755 μὲν
2355 684 2449 738 οὖν
2482 684 2626 738 κατά
2657 684 2756 753 τὴν
2792 682 3101 750 ἀνάγνωσιν
3131 681 3371 750 διαφορά
3417 681 3498 742 είς
3534 696 3595 731 τε
3624 680 3704 732 τὸν

2119 776 2538 851 ὲρωτηματικδν
2591 774 2764 829 τύπον
2811 774 2908 827 καὶ
2937 772 3314 841 ἀποφαντικὸν
3350 774 3704 841 καταμερίζει

2116 872 2179 924 τὸ
2207 869 2387 939 λόγιον
2406 909 2423 935 ,
2464 864 2577 923 οἷον
2597 885 2612 900 ·
2642 888 2661 920 ι
2694 868 2831 939 Οὐχὶ
2851 867 2917 922 ἂν
2960 866 3137 938 ὀρθῶς
3172 866 3273 937 μὲν
3313 867 3701 937 προσενέγκῃς,

2117 962 2295 1034 ὀρθῶς
2330 961 2387 1015 δὲ
2424 963 2500 1033 μὴ
2540 961 2745 1034 διέλῃς,
2778 960 2870 1015 καὶ
2899 961 2982 1013 σοὶ
3003 958 3283 1032 γνώριμόν
3325 960 3446 1012 ἐστι
3479 959 3579 1012 καὶ
3618 961 3706 1012 dv-

2116 1054 2419 1126 ἀμφίϐολον
2462 1055 2546 1107 ὅτι
2576 1055 2818 1124 ἥμαρτες
2844 1070 2859 1118 ;
2885 1071 2904 1105 ι
2943 1053 3036 1106 καὶ
3069 1054 3169 1106 ὅσα
3202 1052 3303 1122 τὴν
3325 1050 3707 1122 φιλάνθρωπον

2120 1146 2315 1216 σοφίαν
2340 1144 2437 1198 τοῦ
2466 1143 2625 1209 Θεοῦ,
2659 1144 2855 1215 κριτὴν
2884 1144 3048 1197 αὑτὸν
3080 1143 3294 1206 καθίζει
3335 1141 3431 1195 τὸν
3459 1143 3705 1213 ἡμαρτη-

2118 1239 2253 1292 κότα
2274 1236 2369 1291 τοῦ
2402 1236 2741 1306 ἀδικήματος
2763 1277 2779 1302 ,
2837 1236 2923 1289 ἵνα
2946 1236 3073 1299 τοὺς
3119 1236 3357 1299 οἰκείους
3418 1232 3707 1304 λογισμοὺς

2119 1331 2326 1391 ἐκεῖνος
2355 1326 2532 1397 εὑρὼν
2563 1327 2829 1397 φέροντας
2852 1325 3001 1397 αὐτῷ
3028 1327 3127 1398 τὴν
3165 1326 3548 1394 κατάγνωσιν,
3582 1327 3705 1395 μᾶλ-

2117 1420 2208 1474 λόν
2242 1437 2302 1472 τε
2328 1418 2465 1491 πρὸς
2498 1422 2788 1490 μετάνοιαν
2816 1418 3003 1491 δράμῃ
3028 1421 3122 1472 καὶ
3154 1420 3252 1490 τὴν
3286 1418 3488 1488 ἄφεσιν
3528 1419 3707 1473 θᾶττον

2118 1512 2615 1581 συνεπισπάσηται.
2668 1512 2777 1564 Καὶ
2830 1512 2864 1581 ή
2918 1511 3211 1582 ἀπόκρισις
3264 1512 3323 1565 δὲ
3366 1512 3432 1564 τὸ
3473 1514 3706 1583 ἐναργῶς

2118 1603 2546 1674 προϐαλλομένη
2575 1604 2673 1673 τῆς
2705 1602 3180 1672 συγκαταθέσεως,
3212 1604 3367 1656 οὐδὲν
3395 1603 3622 1657 ἔλαττον
3646 1608 3701 1674 τῇ

2121 1698 2297 1767 σιωπῇ
2342 1694 2404 1748 τὸ
2441 1694 2694 1766 βούλημα
2736 1695 2987 1765 περαίνει
3033 1694 3129 1749 τοῦ
3177 1696 3588 1766 ἐρωτήσαντος,
3623 1699 3703 1749 καὶ

2123 1785 2223 1858 τὴν
2252 1787 2530 1858 ἁμαρτίαν
2591 1785 2959 1857 ὁμολογοῦντα
3012 1787 3091 1857 τῷ
3139 1787 3276 1857 μηδὲ
3323 1788 3505 1857 στόμα
3536 1788 3700 1859 διᾶραι

2121 1879 2218 1933 καὶ⁵
2246 1879 2431 1948 φωνὴν
2487 1877 2705 1946 ἀφεῖναι
2755 1877 2978 1950 θαρρεῖν
3011 1877 3108 1931 καὶ
3150 1879 3227 1949 μὴ
3271 1879 3601 1949 βουλόμενον
3623 1880 3701 1932 τὸν

2120 1971 2485 2043 ἡμαρτηκότα
2520 1970 2882 2028 ἐπιδείκνυσι.
2910 1973 3019 2024 Καὶ
3043 1972 3151 2043 γὰρ
3178 1973 3337 2026 εἴωθε
3359 1975 3482 2036 ταῖς
3514 1974 3699 2043 ἐρωτή-

2121 2080 2273 2116 σεσιν
2321 2057 2409 2125 αἷς
2437 2062 2471 2132 ή
2507 2060 2764 2131 ὁμολογία
2818 2062 2913 2115 καὶ
2957 2061 3357 2129 συγκατάθεσις
3406 2062 3519 2114 τῶν
3569 2065 3694 2130 ἐρω-

2121 2155 2382 2224 τωμένων
2408 2155 2728 2225 περιφανῶς
2755 2171 2815 2207 τε
2848 2156 2941 2208 καὶ
2964 2154 3305 2218 ἀδιστάκτως
3335 2154 3533 2208 ἕπεται
3557 2156 3696 2207 οὐδὲν

2122 2244 2344 2297 ἔλαττον
2369 2245 2401 2313 ἡ
2439 2242 2821 2313 ἀποσιώπησις
2851 2242 3049 2312 ἔχουσα
3080 2243 3180 2315 τὴν
3210 2244 3386 2312 ίσχὺν,
3426 2242 3562 2295 ἀ)λά
3578 2242 3698 2311 μᾶλ-

2122 2335 2214 2389 λον
2230 2336 2330 2406 τῆς
2354 2333 2805 2404 ἀπαγγεὶκλοὺσης
2832 2336 3013 2404 φωνῆς
3038 2336 3135 2403 τὴν
3162 2333 3588 2403 συγκατάθεσιν.
3606 2334 3700 2386 Καὶ

2121 2427 2215 2480 τὸν
2244 2427 2469 2496 ἔλεγχον
2493 2426 2559 2480 ἂν
2589 2425 2697 2496 ἄρα
2717 2425 2875 2478 τοῦτο
2905 2424 3155 2495 βούλεται
3178 2427 3208 2477 ὀ
3240 2424 3490 2492 ἐρωτῶν,
3521 2421 3698 2492 δριμύ-

2123 2519 2280 2588 τερόν
2299 2535 2358 2571 τε
2392 2519 2537 2572 ποιεῖ
2566 2517 2663 2571 καὶ
2719 2518 3203 2587 ὲπικρατέστερον.
3262 2517 3459 2586 Σχῆμα
3504 2516 3601 2586 μὲν
3620 2510 3699 2568 οὖν

2125 2609 2449 2680 ἐρωτήσεως
2497 2607 2889 2678 ἀναδεχόμενος
2932 2607 2960 2659 ὀ
3014 2606 3172 2673 λόγος
3211 2606 3314 2676 τὴν
3344 2605 3697 2676 προκειμένην

2126 2698 2460 2769 ἀπαγγέλλει
2506 2699 2747 2753 διάνοιαν
2767 2717 2783 2733 ·
2809 2717 2888 2767 τῳ
2918 2695 3278 2766 ἀποφαντικῷ
3322 2696 3380 2749 δὲ
3424 2695 3560 2748 εῖδει
3585 2712 3700 2765 μορ-

2127 2792 2395 2861 φούμενος
2426 2791 2524 2860 οὐχ
2548 2791 2629 2842 ἑνὶ
2660 2791 2753 2844 καὶ
2782 2789 2861 2860 τῷ
2884 2788 3034 2859 αὑτῷ
3048 2788 3361 2860 χαρακτῆρι
3401 2786 3502 2857 τῆς
3539 2788 3699 2855 φωνῆς

2127 2883 2565 2951 ἀπαγγέλλεται·
2628 2882 2857 2950 ἐπείπερ
2917 2881 3013 2934 καὶ
3039 2880 3320 2950 διαφόροις
3359 2879 3585 2949 τρόποις
3616 2876 3699 2944 τῆς

445 2979 620 3034 visisti
654 2996 670 3045 ;
722 2991 813 3032 ant
859 2978 986 3048 quia
1020 2993 1126 3033 non
1153 2978 1392 3033 divisisti
1427 2987 1595 3040 recte,
1633 2976 1735 3031 etsi
1772 2985 1918 3031 recte
1936 2974 2022 3030 of-

2130 2976 2430 3039 συνθέσεως
2478 2974 2545 3028 δι’
2594 2969 2662 3045 ἦς
2715 2976 2770 3027 αἱ
2816 2973 2989 3039 λέξεις
3050 2970 3310 3042 ἀλλήλαις
3364 2970 3697 3041 ἁρμόζονται.

448 3070 591 3126 ferre
625 3070 776 3125 visus
832 3069 1004 3123 fueris
1031 3070 1152 3133 tibi,
1209 3068 1468 3138 peccasti.
1500 3066 1717 3121 Etenim
1742 3083 1850 3122 non
1880 3065 2023 3120 divi-

447 3162 621 3216 slonis
651 3171 933 3231 peccatum
964 3160 1258 3215 oblationis
1297 3159 1567 3213 rectitudo
1605 3173 1713 3213 non
1766 3159 2026 3213 correxit.

448 3251 585 3307 Illud
616 3253 813 3322 igitur,
867 3250 1131 3315 Peccasti,
1189 3249 1543 3319 interrogatio
1596 3249 1816 3319 quidem
1870 3248 2028 3319 juvta

448 3342 896 3411 consequentiam
928 3350 984 3395 et
1010 3341 1432 3396 continuitatent
1492 3340 1741 3395 enuntiat
1771 3341 2031 3409 praeordi-

452 3438 706 3486 natarum
736 3429 1065 3495 dictionum;
1114 3429 1269 3498 juxta
1303 3429 1729 3483 declarationem
1754 3442 1882 3482 vero
1906 3444 2031 3497 pro-

450 3518 712 3580 Iatorum,
744 3525 978 3587 uterque
1008 3532 1189 3572 sermo
1220 3520 1519 3572 secundum
1581 3518 1907 3572 divisionem
1933 3517 2032 3571 ad-

448 3609 529 3664 dit
552 3598 983 3679 praecedentibus
1033 3609 1185 3673 illnd,
1238 3607 1832 3680 Peccusti;propterea
1898 3626 2031 3665 vero

448 3702 544 3772 qui
593 3716 698 3756 non
742 3702 929 3756 divisit
976 3711 1140 3767 recte,
1171 3703 1273 3759 etsi
1316 3713 1462 3759 recte
1518 3703 1751 3759 credidit
1810 3702 2029 3771 olferre,

451 3795 809 3850 nihilominus
859 3796 1145 3865 peccavit;
1196 3796 1326 3865 quia
1371 3811 1480 3850 non
1544 3797 1715 3866 magis
1762 3806 1910 3851 recte
1944 3794 2029 3849 fa-

447 3897 600 3942 ctum
646 3887 786 3942 tollit
823 3888 967 3957 quod
1000 3889 1279 3958 praecessit
1318 3897 1599 3957 peccatum
1634 3905 1649 3955 ;
1686 3886 1781 3942 sed
1836 3902 2031 3957 pecca-

452 3990 565 4035 tum
618 3980 893 4035 transiens
916 3988 972 4033 et
1005 3983 1072 4034 ad
1111 3981 1214 4034 sibi
1240 3980 1407 4034 videri
1438 3980 1678 4050 eﬂ'ugere
1722 3991 2027 4050 peccatum,

451 4071 506 4126 in
540 4070 772 4125 rationis
808 4072 1151 4126 exactionem
1170 4072 1332 4126 simul
1352 4072 1611 4125 trahitur.
1644 4071 1857 4125 Etenim
1886 4086 2032 4141 saepe

448 4179 576 4219 cum
612 4164 815 4217 bonum
858 4163 1004 4218 malo
1047 4164 1408 4233 praehabitum
1436 4172 1491 4218 et
1519 4164 1623 4218 vile
1672 4164 2029 4230 tneIiori,non

450 4254 821 4309 communicat
875 4254 1049 4323 magis
1104 4254 1339 4325 propria:
1392 4253 1815 4324 pulchritudinis
1881 4253 2029 4325 quod

2130 3068 2303 3122 ἐθέλει
2342 3067 2703 3139 προάγεσθαι.
2726 3067 2798 3119 Ἥ
2818 3066 2929 3137 γὰρ
2957 3067 2985 3118 ὀ
3016 3064 3451 3133 ἀποφαινόμενος
3482 3063 3698 3130 ἀποφαί-

2129 3175 2301 3224 νεται,
2329 3157 2406 3221 ὡς
2435 3159 2539 3211 οὐκ
2586 3157 2653 3211 ἂν
2700 3156 2875 3227 ὀρθῶς
2922 3155 3320 3227 προσενέγκῃς.
3356 3151 3535 3223 ὀρθῶς
3560 3152 3613 3205 δὲ
3639 3150 3699 3219 μὴ

2128 3248 2336 3319 διέλῃς·
2365 3241 2478 3300 οἷον
2518 3248 2599 3300 ὃτι
2642 3245 2744 3297 οὐκ
2777 3243 2956 3313 ὀρθῶς
3009 3242 3399 3312 προσήνεγκας
3452 3241 3536 3291 ὅτι
3586 3236 3699 3306 μηδὲ

2128 3340 2323 3401 διεῖλες
2350 3336 2557 3408 ὀρθῶς·
2585 3336 2619 3406 ἢ
2653 3337 2735 3388 ὃτι
2782 3336 2906 3388 ἐπεὶ
2931 3335 3005 3405 μὴ
3035 3332 3228 3397 διεῖλες
3258 3330 3461 3403 ὀρθῶς,
3498 3329 3598 3383 κᾶν
3622 3328 3701 3395 ὀρ-

2130 3429 2238 3491 θῶς
2268 3428 2656 3498 προσενεγκεῖν
2685 3424 2895 3489 ἐδοξας,
2925 3426 3179 3494 ἥμαρτες
3199 3438 3213 3453 ·
3252 3422 3351 3493 τὴν
3381 3421 3493 3491 γάρ
3522 3418 3613 3471 106
3636 3418 3700 3487 μὴ

2128 3518 2323 3574 διελεῖν
2382 3516 2695 3588 ἁμαρτίαν,
2754 3514 2817 3568 τὸ
2871 3514 2971 3583 τῆς
3025 3510 3399 3585 προσενέξεως
3448 3510 3603 3581 ὀρθὸν
3650 3509 3701 3559 03

2128 3610 2497 3682 διωρθώσατο.
2528 3609 2601 3660 Τὸ
2641 3607 2743 3679 μὲν
2778 3603 2894 3673 οὖν,
2917 3606 3227 3675 Ἦμαρτες,
3254 3606 3289 3675 ή
3323 3600 3705 3675 μὲνὲρώτησις

2130 3704 2272 3757 κατά
2295 3701 2584 3756 συνέπειάν
2633 3718 2693 3753 τε
2741 3699 2838 3753 καὶ
2895 3700 3181 3769 συνέχειαν
3238 3696 3578 3764 ἀπαγγέλλει
3607 3693 3705 3746 τῶν

2130 3793 2588 3865 προτεταγμένων
2608 3792 2837 3858 λέξεων·
2861 3791 2971 3845 τῶν
3010 3790 3068 3844 δὲ
3114 3789 3256 3843 κατά
3280 3788 3559 3856 ἀπόφασιν
3588 3800 3705 3855 προ-

2129 3884 2528 3957 ενηνεγμένων,
2558 3885 2816 3954 ἑκάτερος
2854 3882 3012 3953 λόγος
3063 3883 3206 3935 κατά
3251 3879 3543 3951 διαστολὴν
3596 3880 3704 3932 ἑπι-

2131 3979 2289 4049 φέρει
2339 3980 2452 4040 τοῖς
2506 3975 2840 4047 προλαϐοῦσι
2868 3976 2958 4041 τὸ,
2997 3976 3245 4046 ἥμαρτες
3265 3989 3280 4003 ·
3315 3973 3405 4026 δια
3435 3968 3704 4025 τοῦτοδὲό

2134 4076 2210 4141 μή
2243 4069 2432 4123 διελὼν
2458 4069 2671 4139 ὀρθῶς,
2714 4069 2820 4122 κᾶν
2875 4068 3051 4139 ὀρθῶς
3101 4068 3245 4131 ἔδοξε
3308 4066 3700 4138 προσενεγκεῖν.

2129 4160 2280 4215 οὐδὲν
2329 4158 2549 4213 ἔλαττον
2580 4160 2837 4229 Ἤμαρτε
2862 4174 2877 4187 ·
2914 4158 3050 4212 διότι
3089 4159 3152 4211 οὐ
3200 4158 3405 4229 μᾶλλον
3431 4156 3491 4210 τὸ
3521 4172 3702 4225 κατορ·

2130 4254 2302 4309 θωθὲν
2341 4254 2658 4324 ἀφαιρεῖται
2708 4252 2769 4306 τὸ
2817 4252 3031 4322 φθάσαν
3073 4251 3385 4322 ἁμάρτημα
3415 4268 3429 4280 ·
3490 4250 3621 4305 ἀλλὰ
3652 4248 3702 4300 τὸ

449 4339 647 4395 melius
675 4349 759 4395 est
788 4340 984 4411 pejori,
1016 4342 1108 4396 sed
1134 4342 1299 4397 simul
1333 4342 1547 4397 vilescit
1568 4343 1621 4397 in
1654 4352 1827 4398 totum
1876 4344 2022 4415 pejo-

2129 4344 2502 4416 διαμαρτηθὲν
2549 4344 2825 4399 διαϐαῖνον
2874 4346 2966 4397 καὶ
2998 4344 3134 4415 πρὸς
3164 4343 3225 4395 τδ
3262 4343 3426 4407 δέξαν
3460 4343 3700 4410 ἐκφυγεῖν

450 4434 525 4487 ris
587 4432 815 4488 vilitate.
856 4431 924 4486 Et
968 4434 1209 4489 mundus
1256 4444 1482 4504 tangens
1512 4436 1855 4490 immundum
1883 4436 2026 4505 apud

446 4538 573 4578 eum
604 4524 696 4593 qui
719 4524 982 4581 divinitus
1002 4526 1249 4582 eruditus
1282 4534 1367 4581 est
1394 4527 1584 4582 mundi
1614 4528 2025 4599 generationem

446 4614 819 4670 communicat
839 4626 987 4672 certe
1010 4618 1298 4687 puritatem
1323 4618 1463 4689 apud
1477 4634 1639 4689 quem
1660 4629 1714 4674 et
1734 4619 2024 4690 profanum

451 4699 623 4768 magis
680 4711 875 4756 sancto
926 4713 1190 4759 attactum
1248 4707 1315 4761 ad
1357 4706 1793 4777 profanationem
1859 4708 2026 4764 simul

450 4790 685 4844 trahitur
717 4808 882 4861 quam
948 4797 1127 4850 sancti
1162 4799 1448 4868 participat
1499 4802 1801 4855 sanctitati.
1842 4802 1921 4856 Ac
1941 4802 2023 4858 sic

448 4879 748 4937 discretum
786 4883 925 4939 foret
979 4886 1110 4942 illud
1149 4904 1162 4941 :
1197 4908 1216 4941 ‹
1245 4888 1440 4945 Nonne
1466 4891 1517 4945 si
1549 4901 1696 4947 recte
1717 4892 2021 4958 obtuleris,

448 4981 595 5027 recte
639 4988 770 5030 vero
824 4992 931 5031 non
956 4977 1227 5042 diviseris.
1268 4983 1551 5051 peccasti?

2128 4438 2227 4509 τὴν
2249 4438 2548 4508 ἁμαρτίαν,
2577 4439 2657 4502 είς
2704 4438 2763 4491 τὸ
2811 4436 3112 4492 ὑπεύθυνον
3156 4436 3567 4506 συνεφέλκεται.
3608 4434 3699 4487 Καὶ

2129 4529 2239 4600 γὰρ
2267 4528 2528 4592 πολλάκις
2550 4528 2756 4598 ἀγαθὸν
2793 4528 2965 4584 κακοῦ
3013 4528 3430 4601 προηγούμενον
3460 4530 3552 4581 καὶ
3577 4526 3699 4596 φαῦ-

2129 4620 2220 4673 λον
2281 4620 2585 4688 ἀμείνονος.
2629 4621 2688 4673 οὐ
2736 4621 3057 4692 μεταδίδωσι
3098 4620 3302 4691 μᾶλλον
3359 4621 3462 4689 τῆς
3513 4617 3699 4678 οίκείας

2130 4707 2398 4778 καλλονῆς
2425 4708 2483 4762 τὸ
2512 4712 2757 4781 κρεῖττον
2812 4709 2892 4780 τῷ
2929 4709 3153 4780 χείρονι,
3178 4708 3315 4763 ἀλλά
3357 4706 3697 4777 συνεκφαυλί-

2132 4799 2284 4865 ζεται
2307 4799 2384 4863 ὼς
2413 4800 2620 4853 ἐπίπαν
2653 4804 2722 4872 τῇ
2769 4801 2867 4854 τοῦ
2922 4801 3164 4873 χείρονος
3194 4800 3519 4869 φαυλότητι.
3550 4795 3697 4852 Καὶό

2130 4891 2368 4963 καθαρὸς
2390 4892 2448 4945 δὲ
2481 4892 2787 4963 ἁπτόμενος
2838 4893 3152 4964 ἀκαθάρτου
3183 4893 3339 4962 παρά
3371 4910 3435 4960 γε
3461 4891 3603 4961 αὐτῷ
3631 4889 3695 4957 τῷ

2132 4983 2318 5037 θεόθεν
2352 4985 2659 5053 σοφισθέντι
2681 4984 2775 5037 τοῦ
2804 4986 3013 5054 κόσμου
3028 4984 3126 5056 τὴν
3145 4984 3364 5053 γένεσιν
3394 4978 3693 5054 μεταδίδωσί

447 5081 511 5133 γε
541 5065 639 5134 τῆς
666 5068 1036 5141 καθαρότητος
1092 5072 1223 5141 παρ’
1255 5066 1300 5142 ᾧ
1335 5075 1429 5127 καὶ
1471 5075 1532 5128 τὸ
1561 5075 1787 5147 βέϐηλον
1857 5077 2055 5149 μᾶλλον
2089 5075 2169 5147 τῷ
2226 5076 2366 5147 ἁγίῳ
2403 5079 2875 5148 προσαπτόμενον,
2931 5079 3067 5148 πρὸς
3092 5078 3193 5147 τὴν
3238 5076 3544 5147 βεϐήλωσιν
3585 5090 3693 5127 συν-

447 5157 754 5227 εφέλκεται,
780 5160 814 5231 ἢ
845 5160 940 5214 τοῦ
968 5162 1127 5230 άγίου
1162 5165 1569 5235 μεταλαμϐάνει
1627 5168 1729 5238 τῆς
1789 5170 2095 5240 ἁγιότητος·
2136 5167 2252 5222 ἀλλ’
2310 5167 2454 5223 οὕτω
2509 5170 2608 5239 μὲν
2671 5170 2738 5224 ἂν
2803 5168 3205 5243 διευκρινηθείη
3252 5169 3345 5222 τό·
3405 5186 3425 5222 ι
3482 5168 3595 5222 Οὐκ
3638 5166 3691 5220 ἄν

445 5250 621 5322 ὀρθῶς
678 5254 1074 5328 προσενέγκῃς,
1144 5257 1320 5329 ὀρθῶς
1366 5260 1426 5313 δὲ
1481 5261 1556 5332 μὴ
1605 5261 1805 5333 διέλῃς,
1840 5264 2119 5333 ἧμαρτεςς
2154 5280 2174 5315 ι

520 5344 676 5411 Illud,
737 5344 894 5413 Tace,
965 5360 1170 5415 autem,
1215 5353 1513 5419 etquidem
1538 5354 1776 5416 etillud.
1812 5356 1922 5408 «Ad
1977 5365 2028 5410 te

444 5435 734 5489 conversio
757 5434 879 5504 ejus
901 5476 916 5501 ,
944 5444 1073 5500 ettu
1112 5438 1259 5495 illius
1280 5439 1704 5495 dominaberis.»
1742 5441 1877 5497 lllud
1901 5441 2026 5513 qui-

444 5529 590 5589 dem.
643 5526 881 5597 Suﬁiciat
921 5530 1036 5596 tibi,
1106 5532 1205 5596 ait,
1252 5531 1396 5602 quod
1446 5534 1727 5602 przecessit
1793 5534 2023 5601 malum,

2197 5352 2270 5405 Τὸ
2298 5352 2376 5417 δὲ,
2424 5354 2789 5423 Ἡσύχασον,
2826 5355 2919 5407 καὶ
2970 5353 3078 5425 μὴν
3111 5354 3205 5407 καὶ
3237 5354 3320 5421 τὸ,
3355 5372 3373 5405 ι
3414 5355 3556 5425 Πρὸς
3592 5354 3683 5424 eti;

2122 5445 2445 5518 ἀποστροφὴ
2471 5446 2661 5513 αὐτοῦ,
2714 5447 2807 5500 καλ⁸
2854 5447 2918 5500 σὺ
2952 5447 3116 5501 αὑτοῦ
3164 5447 3353 5519 ἄρξεις
3378 5465 3393 5479 ·
3432 5466 3452 5500 ι
3496 5448 3554 5500 τὸ
3583 5447 3683 5516 μὲν,

2122 5536 2477 5609 ἀρκέσθητι,
2503 5538 2661 5610 φησὶ,
2695 5538 2776 5612 τῷ
2809 5539 3135 5611 προλαϐόντι
3169 5539 3347 5611 κακῷ,
3374 5540 3501 5611 μηδ’
3530 5542 3684 5611 ἁμαρ·

446 5634 626 5691 neque
647 5631 926 5691 peccatum
946 5638 1112 5695 super
1134 5634 1419 5693 peccatum
1448 5624 1641 5693 addas,
1677 5640 1854 5697 neque
1877 5626 2022 5683 malo

2128 5627 2244 5683 τίαν
2279 5629 2368 5700 ἐφ’
2414 5629 2662 5703 ἁμαρτίᾳ
2716 5632 3000 5705 προσθῇς,
3049 5632 3183 5704 μηδὲ
3230 5631 3389 5702 κακῷ
3439 5631 3501 5686 τὸ
3538 5632 3683 5686 κακὸν
