3864 6208
216 251 318 314 445

1161 252 1260 311 AD
1298 250 1889 311 AMPHILOCHIUM
1939 249 2283 321 QU/ESTIO
2321 250 2559 313 LXXII.

3391 261 3494 326 446

218 362 642 436 κατασκευάσῃς
687 364 926 432 ἀνίατον,
985 364 1097 419 ἀλλ’
1148 369 1205 418 ἐν
1259 366 1337 439 τῷ
1376 365 1563 436 ἡσύχῳ
1606 383 1667 419 τε
1705 367 1797 419 καὶ

1903 361 2101 415 malum
2134 376 2292 431 pares
2329 361 2651 430 insanabile,
2688 366 2783 420 sed
2814 366 2866 421 in
2898 369 3115 425 silentio
3144 379 3197 425 et
3221 376 3493 445 tranquil-

221 457 483 525 ἀταράχῳ
516 457 615 525 τῆς
645 457 882 526 κρίσεως
927 459 988 509 τὸ
1017 458 1138 510 καθ’
1169 457 1361 510 ἑαυτὸν
1397 460 1675 527 σκοπήσας
1708 458 1804 512 καὶ

218 548 274 600 sb
304 548 547 616 μέγεθος
574 548 666 601 τοῦ
697 549 1089 621 ἁμαρτήματος
1138 549 1339 613 συνείς.
1376 550 1442 603 Τί
1476 551 1584 621 γὰρ
1621 550 1803 619 μεῖζον

222 644 297 705 είς
322 641 592 694 ἀπόνοιαν
619 644 719 712 τῆς
773 642 908 705 ίδίας
957 642 1152 711 ἡδονῆς
1181 642 1241 695 τὸ
1291 643 1435 696 θεῖον
1466 643 1629 707 σέϐας
1660 661 1803 714 παρ-

223 731 521 800 ιδεῖν;Τῆς
570 732 854 801 μετανοίας
883 732 1040 800 γενοῦ
1067 734 1163 787 καὶ
1209 733 1298 787 διὰ
1336 733 1645 797 θεοσεϐείας
1671 734 1804 788 εἰλι-

222 822 437 893 κρινοῦς
474 823 577 880 καὶ
623 822 1042 893 εὐγνωμοσύνης
1072 823 1132 875 τὸ
1162 823 1552 895 πλημμεληθὲν
1581 823 1802 888 ὲξιλέω-

222 935 327 980 σαι,
374 917 583 969 σαυτὸν
648 916 961 987 ἀνορθώσας
1000 915 1095 970 τοῦ
1121 914 1411 986 πτώματος
1437 933 1451 947 ·
1475 917 1537 970 τὸ
1560 917 1638 980 δὲ,
1663 936 1681 968 ι
1709 918 1806 971 καὶ⁹

224 1013 283 1063 σὺ
310 1009 480 1064 αὑτοῦ
541 1010 746 1080 ἄρξεις,
780 1029 796 1060 ι
837 1012 957 1063 καθ’
991 1010 1183 1080 ἑτέραν
1216 1010 1340 1078 ,μὲν
1402 1010 1646 1082 ἐκδοχὴν,
1682 1012 1803 1065 οὐδὲ

221 1101 277 1153 τὸ
306 1101 396 1154 σόν
427 1118 604 1170 φησιν
632 1104 693 1154 οὗ
725 1102 1057 1172 προσδεχθὲν
1095 1101 1267 1173 δῶρον
1300 1104 1379 1167 είς
1406 1103 1593 1174 ἕτερον
1625 1122 1802 1176 παρα-

224 1194 527 1265 πέμπεται,
565 1196 684 1248 οὐδέ
704 1197 824 1249 τινά
851 1214 931 1249 σοι
962 1195 1163 1265 ζημίαν
1189 1196 1250 1250 τὸ
1272 1197 1635 1267 ἀπρόσδεκτον
1666 1215 1801 1269 προ-

222 1283 375 1349 ξενεῖ,
430 1282 575 1337 ἀλλά
629 1284 765 1353 πρὸς
831 1286 890 1338 σὲ
937 1284 1100 1338 πάλιν
1144 1286 1570 1355 ἀποστρέφεται.
1599 1289 1709 1341 Καὶ
1736 1288 1800 1341 σὺ

219 1372 310 1443 τὴν
329 1373 589 1438 ἐξουσίαν
614 1374 777 1427 αὑτοῦ
818 1375 913 1429 καὶ⁵
955 1375 1255 1447 κυριότητα
1293 1376 1368 1440 ὡς
1408 1379 1502 1431 καὶ
1536 1382 1802 1449 πρότερον

222 1465 386 1530 ἕξεις·
422 1466 689 1536 οὐδεμίαν
718 1468 781 1520 ἐκ
820 1467 918 1536 τῆς
953 1472 1343 1540 προσαγωγῆς.
1376 1469 1514 1539 πλὴν
1545 1471 1644 1524 ὅσα
1664 1488 1726 1539 γε
1768 1473 1799 1543 ἡ

222 1558 458 1627 ἁμαρτία
518 1559 848 1629 ἐλυμήνατο.
898 1560 1103 1631 ζημίαν
1146 1562 1387 1626 ὑποστάς
1412 1578 1427 1594 ο
1469 1562 1585 1615 ἀλλ’
1623 1566 1670 1617 εἰ
1704 1564 1802 1635 μὲν

1904 454 2053 509 litate
2080 453 2273 522 judicii
2311 456 2458 525 quod
2493 464 2683 510 contra
2711 466 2765 512 te
2801 461 2979 527 ipsum
3020 474 3102 518 est
3138 473 3416 520 scrutatus
3439 477 3493 520 et

1905 546 2287 614 magnitudine
2322 547 2530 615 peccati
2563 547 2838 603 intellecta
2879 567 2894 604 :
2941 552 3068 620 quid
3126 554 3271 609 enim
3315 557 3494 623 majus

1903 651 2067 705 quam
2115 636 2168 690 in
2199 636 2472 691 insaniam
2501 640 2736 707 propria:
2769 640 3066 710 voluptatis
3120 645 3362 698 divinum
3393 663 3495 700 nu-

1904 744 2030 782 men
2058 728 2372 799 negligere?
2408 730 2785 786 Pmnitens'sis
2814 742 2868 786 et
2886 748 2981 802 per
3004 733 3095 787 Dei
3129 738 3489 791 reverentiam

1904 820 2174 876 sinceram
2209 830 2264 876 et
2309 823 2652 891 prudentiam
2679 825 2825 893 quod
2851 826 3159 893 neglectum
3192 838 3278 881 est.
3308 831 3489 897 expia,

1905 916 2248 984 temetipsum
2274 916 2518 971 exritaus
2544 932 2572 970 a
2602 932 2756 971 casu.
2799 915 2913 972 Hoc
2936 932 3085 981 vero,
3115 938 3132 969 ι
3161 920 3226 974 Ει
3257 929 3313 976 tu
3345 922 3491 976 illius

1904 1006 2331 1070 dominaberis,»
2378 1008 2535 1077 juxta
2597 1008 2758 1063 aliam
2807 1011 3027 1080 quidem
3083 1015 3488 1083 acccptioncm,

1908 1112 2017 1151 non
2051 1106 2231 1163 tuum,
2286 1100 2397 1163 ait,
2454 1115 2564 1154 non
2630 1114 2911 1169 acceptum
2959 1113 3171 1158 tantum
3223 1105 3275 1158 in
3322 1108 3489 1162 alium

1904 1189 2319 1252 transmittitur,
2352 1205 2452 1244 nec
2482 1191 2701 1260 aliquod
2749 1192 2845 1247 tihi
2895 1193 3154 1249 damnum
3186 1195 3494 1268 inacceptio

1903 1281 2084 1346 affert,
2125 1282 2220 1337 sed
2262 1282 2329 1336 ad
2354 1283 2614 1337 teiterutn
2638 1285 2955 1340 revertitur.
2988 1286 3051 1340 Et
3074 1294 3129 1341 tu
3166 1296 3488 1355 potestatem

1902 1377 2022 1445 ejus
2054 1386 2109 1431 et
2144 1378 2572 1433 dominationem
2607 1390 2664 1432 nt
2692 1386 2747 1432 et
2781 1379 2934 1447 prius
2978 1378 3204 1436 habebis
3232 1398 3246 1444 ;
3281 1382 3488 1436 nullum

1903 1485 1967 1523 ex
1999 1469 2289 1539 oblatione
2340 1471 2443 1526 nisi
2502 1484 2845 1539 nutet-noque
2900 1481 3179 1539 peccatum
3213 1475 3487 1539 vastavit,

1904 1561 2165 1616 damnum
2192 1559 2467 1615 sustinens
2497 1579 2511 1626 ;
2541 1561 2633 1614 sed
2665 1560 2710 1613 si
2739 1560 2958 1629 quidem
2988 1560 3055 1615 de
3082 1562 3285 1626 oblato,
3314 1583 3333 1615 ι
3353 1574 3405 1619 et
3433 1578 3486 1618 tn

222 1651 307 1703 ἐπὶ
356 1651 453 1702 τοῦ
498 1651 975 1722 προσενεχθέντος,
1045 1671 1064 1705 ι
1109 1654 1298 1709 καὶσὺ
1344 1655 1510 1709 αὐτοῦ
1538 1655 1742 1727 ἄρξεις,
1778 1675 1796 1709 t

1907 1652 2052 1706 illius
2103 1652 2494 1712 dominaberis,
2525 1670 2542 1702 ι
2579 1652 2770 1706 audire
2808 1654 2937 1721 quid
3005 1654 3284 1725 eloquium
3336 1658 3487 1718 velit,

222 1737 511 1805 ἑξακοῦσαί
566 1757 650 1803 τις
685 1739 747 1792 τὸ
793 1740 973 1809 λόγιον
1025 1742 1223 1810 ἐθέλοι,
1253 1743 1511 1814 τοιαύτην
1546 1724 1669 1799 τινὰ
1700 1746 1797 1817 τὴν

1904 1744 2064 1798 talem
2102 1743 2396 1812 quamdam
2457 1742 2875 1810 explicationem
2932 1744 3190 1801 inveniet.
3250 1748 3305 1801 Si
3357 1765 3488 1803 vero

223 1828 515 1894 ἀνάπτυξιν
540 1831 787 1903 εὑρήσει.
840 1835 901 1887 El
929 1834 986 1888 δὲ
1018 1834 1141 1888 καθ’
1183 1836 1377 1904 ἑτέραν
1413 1837 1671 1907 ἐπιϐολὴν
1704 1837 1798 1891 καὶ

222 1919 306 1972 ἐπὶ
338 1918 432 1973 τοῦ
465 1922 663 1986 Ἅϐελ,
718 1922 775 1987 ὃς
830 1924 1007 1994 ὀρθῶς
1050 1942 1108 1978 τε
1157 1925 1319 1979 διεῖλε
1365 1927 1459 1981 καὶ⁷
1515 1928 1579 1980 τὸ
1629 1928 1800 1998 δῶρον

224 2013 599 2084 προσήνεγκεν
627 2014 801 2085 ὀρθῶς
829 2016 920 2068 καὶ
954 2016 1053 2087 τὴν
1083 2016 1291 2071 ἀνωθεν
1329 2018 1579 2072 εἵλκυσεν
1603 2019 1797 2073 ἀποδο-

222 2103 333 2172 χὴν,
380 2097 487 2157 ὦδε
535 2104 605 2158 ἂν
640 2106 674 2176 ἡ
702 2104 906 2176 θεωρία
956 2107 1231 2179 προέλθοι.
1275 2108 1477 2172 Οὐδὲν,
1513 2110 1700 2180 φησὶν,
1735 2113 1800 2166 ὲκ

223 2194 309 2247 τοῦ
340 2197 711 2269 προκριθῆναι
737 2198 836 2269 τὴν
868 2197 961 2251 τοῦ
990 2199 1220 2269 ἀδελφοῦ
1246 2200 1437 2256 θυσίαν
1466 2201 1562 2254 ἐπὶ
1593 2205 1708 2266 τοῖς
1736 2203 1803 2257 ὲκ

224 2287 482 2353 γενέσεως
546 2289 862 2359 προνομίοις
908 2289 1217 2361 ὴλάττωσαι
1245 2306 1259 2322 ⁸
1290 2291 1413 2345 οὐδέ
1469 2309 1552 2356 τις
1597 2292 1800 2363 ἐπῆλθέ

228 2396 304 2434 σοι
327 2379 449 2450 δίκη
480 2380 586 2450 τῆς
612 2381 825 2451 φαύλης
872 2381 1188 2454 διαιρέσεως
1221 2386 1321 2455 τῆς
1350 2384 1627 2455 προτέρας
1655 2384 1797 2439 κατά

226 2472 309 2524 τὸν
337 2472 451 2542 βίον
478 2474 642 2544 δόξης
665 2474 1023 2533 καθέλκουσα.
1080 2475 1218 2530 υῦτε
1244 2477 1354 2546 γάρ
1384 2477 1497 2531 τῶν
1527 2477 1801 2549 πρωτοτό-

228 2582 330 2617 κων
360 2565 482 2619 ἀντὶ
512 2567 610 2619 τοῦ
638 2566 1107 2640 πλημμελήματος
1135 2568 1470 2640 εἰσεπράχθη
1502 2569 1599 2640 τὴν
1635 2569 1800 2639 ἀφαί-

231 2671 387 2724 ρεσιν,
411 2653 540 2709 οὔτε
574 2657 681 2710 ὑπὸ
709 2659 869 2728 χεῖρα
941 2658 1117 2711 τελεῖν
1160 2659 1494 2730 κατεκρίθης
1522 2658 1619 2713 τοῦ
1644 2659 1800 2713 ἀδελ-

229 2745 343 2815 φοῦ,
380 2746 520 2802 ἀλλά
555 2747 708 2819 μένει
730 2765 813 2801 σοι
832 2748 901 2803 τά
929 2748 1038 2803 ἀπὸ
1074 2749 1177 2819 τῆς
1201 2750 1469 2817 γενέσεως
1489 2751 1671 2807 δίκαια
1704 2754 1798 2808 καὶ

226 2841 316 2908 τῆς
344 2840 453 2892 τῶν
477 2840 844 2911 πρωτοτόκων
868 2842 1034 2911 τιμῆς
1064 2842 1124 2895 τὸ
1156 2842 1391 2913 ἀξίωμα.
1439 2844 1548 2898 Καὶ
1578 2844 1713 2913 πρὸς
1737 2845 1798 2899 σὲ

227 2929 590 3001 ἡάποστροφὴ
644 2932 740 2985 τοῦ
777 2931 1007 3001 ἀδελφοῦ
1057 2949 1150 2986 σου
1206 2933 1390 2988 ἔσται·
1451 2935 1698 2990 τουτέστι
1737 2937 1798 2991 σὲ

228 3023 541 3095 καταφυγὴν
574 3024 669 3078 καὶ
694 3024 889 3094 βοηθὸν
935 3023 1143 3095 βλάϐης
1173 3026 1321 3097 αὺτῷ
1341 3027 1675 3099 προσιούσης
1702 3029 1798 3082 ἀλ-

1897 1834 2049 1904 jnxta
2081 1835 2307 1888 alteram
2348 1834 2679 1888 additionem
2710 1841 2766 1887 et
2798 1834 2865 1888 de
2888 1835 3057 1890 Abele
3117 1837 3209 1907 qui
3259 1848 3407 1894 recte
3434 1852 3488 1896 ct

1900 1924 2085 1978 divisit
2118 1934 2167 1979 et
2197 1924 2402 1978 donum
2435 1923 2637 1977 obtulit
2659 1932 2804 1978 recte
2855 1931 2909 1977 et
2933 1924 3167 1995 desuper
3193 1929 3357 1983 traxit
3389 1946 3483 1985 ac-

1900 2014 2287 2082 ceptationem,
2307 2014 2387 2068 sic
2408 2013 2798 2084 contemplatio
2827 2017 3172 2083 processerit.
3192 2017 3359 2084 Nihil,
3386 2023 3482 2085 ait,

1902 2124 1968 2163 ex
2028 2108 2341 2178 praejuditio
2404 2108 2590 2164 fratris
2649 2107 2886 2163 victimae
2936 2110 3114 2179 quoad
3187 2112 3487 2168 nativitatis

1899 2201 2172 2271 primitias
2224 2200 2526 2255 minoratus
2558 2216 2654 2267 es;
2689 2217 2791 2257 nec
2858 2218 2985 2275 qua.
3025 2202 3342 2272 supervenit
3388 2204 3484 2258 tibi

1900 2291 2297 2345 condemnatio
2363 2291 2490 2346 vilis
2527 2290 2819 2348 divisionis
2874 2292 3114 2363 priorem
3186 2294 3486 2349 secundum

1899 2384 2067 2438 vitam
2100 2384 2322 2454 gloriam
2366 2382 2625 2439 deorsum
2657 2386 2904 2440 trahens.
2944 2382 3063 2437 Non
3095 2384 3242 2438 enim
3298 2394 3490 2454 proto-

1898 2485 2183 2546 parentum
2214 2491 2315 2545 pro
2355 2476 2513 2546 culpa
2543 2476 2749 2532 inflicta
2779 2486 2864 2533 est
2895 2476 3120 2543 ablatio,
3178 2492 3356 2545 neque
3384 2477 3489 2531 sub

1899 2583 2063 2623 manu
2089 2568 2458 2624 consummari
2484 2568 2775 2625 damnatus
2789 2583 2850 2624 es
2904 2568 3111 2634 fratris,
3142 2568 3234 2624 sed
3267 2579 3489 2624 manent

1897 2660 1995 2715 tibi
2036 2675 2066 2715 a
2097 2660 2456 2730 generatione
2504 2659 2655 2730 justa
2689 2669 2744 2715 et
2779 2669 3227 2730 protoparentnm
3262 2660 3488 2716 honoris

1899 2753 2153 2823 dignitas.
2188 2752 2254 2807 Et
2301 2753 2367 2807 ad
2403 2761 2455 2807 te
2480 2753 2770 2808 conversio
2796 2752 2982 2807 fratris
3012 2752 3091 2806 tui
3136 2752 3243 2807 erit
3277 2768 3292 2817 ;
3321 2751 3373 2806 id
3402 2761 3490 2807 est

1899 2852 1951 2897 te
1980 2842 2249 2911 refugium
2274 2852 2330 2897 et
2357 2843 2734 2897 auxiliatoretn
2782 2843 2968 2897 damni
3008 2843 3111 2912 ipsi
3181 2843 3487 2898 accedentis

1898 2935 2118 2990 aliunde
2138 2943 2341 2991 statuet
2376 2944 2467 3003 ;et
2496 2943 2550 2989 tu
2574 2935 2693 3004 ejus
2725 2934 3116 3005 principatum,
3144 2945 3349 3004 quanta
3376 2934 3485 2989 sal-

1897 3036 2005 3083 tem
2063 3028 2230 3082 donat
2298 3028 2509 3097 primus
2545 3042 2767 3098 parens,
2832 3025 3112 3093 habebis;
3147 3034 3356 3080 tantum
3418 3026 3487 3081 de

231 3112 442 3184 λαχόθεν
476 3116 888 3186 προστήσεται·
931 3117 1029 3170 καὶ
1061 3118 1126 3171 σὺ
1184 3118 1348 3172 αὐτοῦ
1376 3117 1476 3188 τὴν
1503 3119 1797 3191 ἠγεμονίαν

1903 3121 2166 3191 neglectis
2223 3119 2324 3175 sile
2349 3136 2365 3184 ;
2392 3134 2568 3188 neque
2593 3117 2915 3190 tragtediam
2951 3117 3165 3188 primus
3216 3116 3486 3172 incondo-

230 3206 320 3260 ὅσα
344 3224 405 3274 γε
438 3208 729 3279 χαρίζεται
791 3208 823 3261 ό
871 3210 1234 3279 πρωτότοκος,
1284 3209 1458 3276 ἕξεις·
1503 3212 1663 3281 μόνον
1692 3215 1804 3275 τοῖς

230 3295 690 3368 πλημμεληθεῖσιν
726 3298 1069 3369 ὲφησύχασον
1088 3315 1103 3330 °
1137 3300 1271 3370 μηδὲ
1292 3301 1621 3371 ’τραγῳδίαν
1648 3300 1802 3373 πρῶ-

228 3402 312 3448 τος
339 3386 727 3456 ἀσυγγνώστου
748 3388 855 3460 πλη
864 3388 1043 3461 μμελή
1053 3407 1221 3460 ματος
1266 3391 1503 3456 είσάξεις
1544 3392 1625 3464 τῷ
1654 3391 1756 3464 βίῳ
1782 3408 1796 3423 '

233 3477 354 3546 μηδὲ
399 3478 468 3532 τὰ
525 3479 875 3550 πρωτοτόκια
946 3478 1048 3549 τῆς
1109 3479 1381 3547 γενέσεως
1450 3481 1799 3552 πρωτοτόκια

232 3567 604 3641 φιλονοικήσῃς
659 3572 884 3640 ποιῆσαι
935 3569 1194 3640 μεγίστου
1263 3569 1358 3623 καὶ
1401 3570 1795 3640 όλεθριωτάτου

231 3662 794 3734 παραπτώματοςοῖνα
812 3663 887 3735 μὴ
919 3663 1115 3719 σαυτὸν
1144 3664 1507 3733 ἀπάντωνζστε
1517 3661 1795 3736 pilam,th

231 3755 337 3824 τεή
378 3755 541 3823 φύσις
596 3758 664 3826 τῇ
732 3754 1114 3828 φιλανθρωπίᾳ
1141 3755 1237 3809 τοῦ
1292 3757 1796 3828 δημιουργήσαντος

1901 3222 2041 3266 natae
2070 3211 2243 3282 culpa:
2280 3210 2595 3265 introduces
2622 3208 2679 3263 in
2733 3208 2939 3274 vitam;
2997 3221 3179 3277 neque
3212 3206 3487 3277 primoge-

1898 3303 2136 3359 nituram
2181 3302 2485 3359 nativitatis
2535 3299 3021 3371 primogettituram
3067 3298 3274 3354 ambias
3308 3297 3488 3354 facere

1897 3395 2147 3450 maxima!
2173 3405 2228 3450 et
2280 3393 2757 3464 perniciosissimae
2783 3392 2977 3462 culpae,
3015 3399 3075 3445 ut
3110 3406 3178 3446 ne
3212 3399 3263 3445 te
3305 3389 3484 3460 ipsum

1896 3486 2152 3539 omnibus
2166 3484 2456 3548 destituas,
2488 3498 2610 3553 quae
2643 3490 2698 3537 et
2724 3492 2919 3537 natura
2954 3479 3289 3550 benignitate
3318 3479 3488 3534 Crea-

1898 3577 2036 3631 toris
2069 3577 2310 3641 donavit,
2363 3585 2419 3631 et
2462 3575 2664 3646 quibus
2700 3574 2939 3630 debebas
2993 3573 3265 3643 pmnitens
3325 3572 3487 3628 bonis

1899 3670 2178 3725 abundare
2206 3679 2260 3724 et
2286 3669 2638 3739 providentiae
2663 3682 2759 3737 per
2803 3666 2971 3722 vitam
2998 3664 3156 3721 multi
3202 3664 3485 3720 modorum

1901 3760 2290 3816 beneﬁciorum
2318 3761 2519 3816 habere
2549 3760 2887 3816 fruitionem.

230 3844 547 3917 ἐδωρήσατο,
586 3846 682 3901 καὶ
708 3841 792 3911 οἷς
820 3846 1045 3918 ἔμελλες
1078 3848 1356 3917 μετανοῶν
1389 3847 1615 3917 ἀγαθοῖς
1668 3849 2072 3923 ὲνευθηνεῖσθαι
2108 3855 2200 3907 καὶ
2255 3854 2355 3922 τῆς
2415 3852 2674 3923 προνοίας
2725 3851 2815 3906 διὰ
2862 3850 2980 3922 βίου
3018 3848 3128 3904 τῶν
3159 3846 3486 3920 πολυτρόπω

232 3939 551 4009 εὐεργεσιῶν
573 3939 721 4010 ἔχειν
749 3939 850 4010 τὴν
872 3940 1196 3994 ἀπόλαυσιν.

762 4052 1097 4107 ΕΡΩΤΗΣΙΣ
1132 4051 1252 4108 OB'.

235 4142 339 4199 Τοῦ
361 4144 692 4200 θεσπεσίου
725 4145 968 4199 Παύλου
1026 4145 1341 4213 λέγοντος·
1379 4161 1399 4195 t
1448 4143 1631 4213 Ἀδὰμ
1681 4144 1795 4198 οὐκ

290 4214 586 4284 ἠπατήθη,
621 4217 662 4282 ἠ
686 4215 757 4284 ,δὲ
781 4214 938 4284 γυνὴ
966 4213 1339 4284 ἁπᾳτηθεῖσα
1369 4213 1440 4267 ἐν
1460 4213 1794 4284 παραϐάσει

461 4283 512 4348 ε,
529 4283 871 4351 σωθήσεται
889 4284 987 4338 διὰ
1017 4283 1126 4351 τῆς
1136 4284 1570 4351 τεκνογονίας-,ι
1593 4302 1648 4337 κ.
1667 4301 1718 4339 τ.
1739 4283 1791 4339 λ.

294 4351 412 4420 πῶς
425 4354 695 4409 δεῖνοεῖν
713 4356 802 4420 τὸ,
822 4374 838 4404 ι
863 4352 1249 4423 Σωθήσεσθαι
1264 4353 1363 4407 διὰ
1385 4351 1495 4422 τῆς
1518 4369 1794 4424 τεκνογο-

293 4424 421 4493 νίας
446 4426 563 4494 τὴν
595 4425 872 4495 γυναῖκα.
902 4443 922 4477 ι

2234 4048 2563 4119 ΟυᾸῶΤΙΟ
2587 4047 2773 4105 LXXII
2820 4046 2918 4119 [αι.
2951 4043 3163 4115 LXXI].

1897 4143 2087 4198 Divina
2120 4140 2290 4196 Paulo
2352 4142 2552 4195 dicente
2606 4156 2625 4194 .'
2670 4157 2691 4191 ι
2722 4138 2893 4190 Adam
2932 4152 3033 4189 non
3094 4133 3338 4188 seductus
3375 4142 3477 4196 est,

1968 4214 2155 4267 mulier
2186 4215 2549 4285 veroAseducta
2584 4212 2641 4264 in
2680 4208 3112 4285 prfrvaricatione
3135 4204 3274 4285 fuit,
3304 4202 3479 4256 salva-

1967 4285 2109 4337 bitnr
2157 4300 2249 4353 per
2269 4283 2499 4352 ﬁliorum
2522 4278 2927 4353 generationem,
2951 4295 2967 4325 ι
3000 4286 3056 4353 et
3072 4274 3309 4353 reliquo;
3342 4290 3475 4342 quo-

1969 4354 2124 4407 moda
2157 4342 2368 4417 'opo'rtet
2412 4342 2700 4420 intelligere
2735 4346 2870 4420 illud
2906 4363 2923 4401 :
2962 4362 2979 4396 ι
3020 4342 3344 4398 Salvandam
3386 4357 3478 4412 per

1966 4425 2203 4492 ﬁliorum
2232 4418 2618 4491 generationem
2650 4418 2976 4473 mulierem.»

1166 4534 1310 4585 Edita
1330 4548 1357 4584 a
1389 4534 1533 4594 Maio,
1555 4534 1593 4583 l.
1619 4548 1686 4596 c.,
1719 4549 1768 4598 p.
1793 4535 1956 4585 89-95.
1988 4538 2039 4586 ln
2067 4537 2234 4587 I'l‘im.
2261 4550 2312 4596 ιι,
2340 4535 2416 4593 tl,
2443 4528 2531 4583 15f

296 4646 576 4717 Παραινῶν
623 4647 653 4700 δ
696 4648 814 4710 τοῖς
855 4646 990 4700 πᾶσι
1039 4644 1217 4699 πάντα
1259 4645 1545 4716 γινόμενος
1582 4644 1792 4708 Παῦλος

1964 4647 2190 4702 Monens
2231 4644 2489 4717 omnibus
2545 4641 2728 4695 omnia
2770 4637 2946 4691 factus
2981 4631 3182 4688 Paulus
3219 4637 3474 4701 oportere

238 4736 292 4791 τδ
315 4738 418 4793 δεῖν
437 4738 803 4811 ὑποτετάχθαι
831 4739 932 4809 τὴν
951 4740 1186 4806 γυναῖκα
1206 4737 1285 4807 τῷ
1312 4736 1490 4807 ἀνδρὶ,
1523 4736 1622 4790 καὶ
1654 4753 1791 4806 μαν-

240 4830 400 4888 θάνειν
421 4833 621 4903 μᾶλλον
674 4833 708 4903 ἢ
753 4831 1027 4886 διδάσκειν
1064 4832 1383 4901 ἐπιχειρεῖν,
1423 4829 1482 4895 ὲξ
1515 4828 1691 4882 ἀλλων
1731 4845 1791 4881 τε

242 4921 429 4976 πολλῶν
475 4924 577 4994 τὴν
633 4921 957 4993 παραίνεσιν
998 4919 1081 4973 ὅτι
1122 4919 1219 4973 καὶ
1255 4917 1440 4972 δικαία
1479 4917 1792 4989 παρέστησε

241 5013 326 5067 καὶ
350 5016 700 5088 συμφέρουσα
720 5031 734 5046 ·
760 5014 857 5069 καὶ
903 5014 998 5067 νῦν
1029 5013 1106 5076 δὲ,
1137 5031 1157 5064 ι
1192 5011 1346 5077 διότι,
1386 5010 1539 5081 φησὶ,
1578 5008 1793 5080 πρῶτος

244 5103 462 5179 ἐπλάσθη
481 5112 581 5179 τῆς
610 5108 864 5177 γυναικὸς
909 5108 937 5161 ό
964 5107 1122 5175 ἀνήρ.
1152 5124 1170 5157 ι
1220 5100 1354 5158 Εἶτα
1383 5104 1478 5157 καὶ
1513 5106 1544 5173 ή
1589 5100 1793 5172 μείζων

245 5197 406 5252 αἰτία’
440 5219 460 5252 ‹
497 5201 607 5255 Καὶ
656 5199 829 5270 Ἀδὰμ
873 5200 978 5253 οὐκ
1028 5195 1308 5268 ἠπατήθη.
1347 5194 1463 5248 ἀλλ’
1501 5196 1536 5266 ἡ
1568 5192 1727 5263 γυνὴ.
1768 5210 1786 5243 ι

249 5285 314 5358 θῷ
329 5290 525 5347 δελέατι
583 5290 953 5363 περιχανοῦσα
992 5290 1086 5343 καὶ
1133 5288 1212 5358 τῷ
1252 5288 1351 5356 τῆς
1382 5285 1599 5356 ἀπάτης
1633 5283 1796 5351 ἀγκί-

251 5391 377 5450 στρῳ
403 5384 761 5453 ⁸περιιιιειιρεῖσσ.
785 5380 884 5449 τὴν
905 5379 998 5433 ἀπ’
1031 5376 1198 5431 αὐτοῦ
1222 5376 1434 5447 πληγὴν
1464 5377 1559 5429 καὶ
1585 5374 1792 5445 βλάϐην

254 5472 322 5535 είς
374 5475 458 5530 τὸν
508 5478 678 5549 ἀνδρα
744 5474 1057 5530 διεϐίϐασε⁶
1088 5473 1277 5543 διόπερ
1324 5472 1701 5542 ἀνεπιτήδειον
1724 5472 1791 5541 τῇ

252 5569 444 5631 γυναικὶ
477 5569 537 5623 τὸ
572 5568 877 5623 διδάσκειν⁵
905 5564 1126 5635 καὶγὰρ
1152 5564 1425 5618 διδάσκειν
1457 5562 1792 5632 προαχθεῖσα

255 5657 331 5709 τὶν
356 5662 584 5733 ἀρχηγὸν
620 5660 778 5733 ἡμῶν
822 5660 919 5715 τοῦ
961 5659 1151 5729 γένους
1183 5657 1277 5712 τοῦ
1324 5653 1658 5727 παραδείσου
1700 5652 1788 5718 ἐξ·

256 5745 409 5807 ἔϐαλε.
433 5755 525 5807 Διά
552 5753 709 5809 τοῦτο
746 5752 846 5824 μὲν
875 5752 1091 5824 εἴρηται
1122 5750 1212 5806 τὸν
1252 5748 1422 5818 ’Δδάμ
1467 5746 1543 5819 μὴ
1572 5746 1785 5814 ἀπατηο

1896 4739 2198 4808 subjectam
2248 4752 2370 4792 esse
2416 4709 2696 4788 mulierem
2753 4731 2895 4789 viro,
2948 4735 3002 4781 et
3035 4724 3246 4780 discere
3300 4723 3474 4791 magis

1896 4846 2060 4900 quam
2095 4831 2290 4885 docere
2315 4836 2545 4889 tentare,
2575 4840 2640 4879 ex
2672 4821 2795 4878 aliis
2816 4818 3004 4874 multis
3024 4817 3390 4871 hortationem
3419 4823 3473 4868 et

1893 4920 2097 4991 justam
2139 4934 2261 4975 esse
2286 4917 2524 4973 ostendit
2558 4924 2613 4971 et
2639 4912 2824 4967 utilem
2847 4926 2864 4975 ;
2887 4917 2943 4964 et
2977 4921 3127 4963 nunc
3161 4903 3339 4974 tquia,
3371 4902 3468 4967 ait,

1897 5010 2046 5082 prior
2095 5008 2363 5064 formatus
2420 5016 2506 5061 est
2541 5004 2769 5059 muliere
2798 5001 2900 5055 vir.
2932 5017 2951 5051 ι
2984 4996 3184 5052 Deinde
3199 5003 3253 5050 et
3296 4993 3474 5063 major

1897 5104 2037 5161 ratio
2068 5122 2127 5159 ιι
2151 5102 2215 5156 Ει
2246 5101 2417 5155 Adam
2449 5114 2555 5153 non
2580 5098 2840 5166 deceptus
2853 5102 2957 5157 est,
2976 5090 3069 5146 sed
3104 5088 3351 5148 mulier,»
3372 5086 3472 5140 ha-

1896 5211 1986 5250 mo
2009 5194 2226 5249 hiscens
2250 5201 2306 5246 et
2341 5186 2674 5258 deceptionis
2705 5187 2899 5255 laqueo
2919 5191 3076 5252 capta
3117 5178 3185 5233 ab
3214 5177 3334 5247 ipso
3356 5176 3475 5245 pla-

1896 5301 2017 5356 gam
2053 5294 2109 5339 et
2132 5284 2391 5337 damnum
2432 5278 2486 5331 in
2547 5276 2724 5330 virum
2790 5270 3118 5328 transmisit.
3181 5265 3310 5356 Ideo
3359 5278 3468 5356 non

1895 5353 2050 5428 decet
2080 5370 2295 5425 mulieri
2317 5369 2511 5423 docere
2539 5383 2554 5433 ;
2578 5364 2781 5420 etenim
2841 5363 3041 5416 docere
3074 5355 3329 5428 propulsa
3354 5353 3467 5421 pri-

1895 5475 2044 5515 mum
2091 5459 2284 5511 ducem
2327 5453 2496 5509 nostri
2550 5452 2764 5522 generis
2807 5446 3063 5519 paradiso
3117 5440 3297 5511 ejecit.
3339 5437 3465 5491 Ideo

1893 5552 2113 5624 quidem
2149 5548 2352 5604 dictum
2374 5557 2460 5602 est
2507 5545 2775 5600 Adamum
2842 5554 2950 5595 non
2998 5536 3279 5602 deceptum
3320 5542 3463 5593 esse,

1889 5646 2021 5720 quia
2059 5660 2170 5701 non
2210 5643 2326 5715 ipse
2354 5641 2447 5699 sed
2478 5640 2588 5695 Eva
2624 5639 2859 5710 primum
2889 5631 3314 5720 instrumentum
3343 5631 3467 5720 post

1889 5715 2200 5812 serpentem
2221 5734 2426 5795 inimici
2445 5732 2811 5805 negotiatione
2830 5722 3214 5795 deceptionem
3235 5715 3465 5772 invexit.
