3864 6208
380 187 487 252 447
1536 183 1803 247 ΡΗΟΤῘΙ
1855 185 1965 246 PA':

2068 186 2360 249 [ARCH/E
2397 188 2509 249 (ΣΡ.
3547 189 3644 253 418

383 299 640 357 Secundo
674 313 808 356 vero
828 299 958 370 quia
1002 313 1110 354 non
1142 298 1258 370 ipse
1299 298 1612 369 deceptoria
1640 307 1695 354 et
1722 297 1965 354 adulato-

2082 298 2260 371 θῆναι,
2301 299 2437 352 διότι
2473 297 2551 370 μὴ
2607 294 2771 359 αὐτὸς
2824 293 2941 349 ἀλλ’
2978 294 3011 364 ἡ
3042 292 3155 349 Εὔα
3183 293 3398 367 πρῶτον
3429 295 3646 366 ὄργανον

381 389 467 444 ria
503 391 665 444 verba
694 391 970 458 serpentis
1009 390 1224 459 excepit
1253 406 1268 456 ;
1298 404 1476 460 neque
1538 387 1785 442 invidere
1836 386 1971 457 ipsis

382 484 646 552 reliquam
688 481 1001 536 felicitatem
1032 488 1086 536 et
1112 481 1517 537 deiﬁcationem
1564 476 1974 534 misericordem

383 575 676 630 Dominum
737 585 789 629 et
825 575 1163 644 provisorem
1223 588 1524 644 persuasus
1556 581 1676 638 est;
1720 571 1813 626 sed
1871 569 1977 626 hac

383 668 668 739 illegitima
705 675 899 722 contra
952 665 1271 722 Creatorem
1307 666 1734 729 machinatione,
1777 671 1832 720 et
1869 677 1974 717 au-

381 761 501 816 ditu
543 768 600 815 et
625 775 792 814 sensu
845 760 1064 829 abrepta
1115 759 1224 812 Eva
1256 767 1311 813 et
1357 759 1426 815 dc
1462 758 1628 812 vetito
1677 757 1826 827 ligno
1846 771 1972 812 cum

381 853 734 915 comedisset,
761 851 830 907 ad
864 855 1107 907 eamdem
1154 852 1383 906 vocabat
1438 866 1684 906 mensam
1742 851 1922 905 virum
1955 865 1972 914 ;

385 943 476 1000 hic
516 958 647 997 vero
679 942 1025 997 testiﬁcatum
1059 950 1115 994 ut
1170 941 1466 1009 verisimile
1491 956 1518 993 a
1577 941 1806 996 muliere
1841 953 1974 994 sua-

384 1037 555 1090 vitate
580 1043 635 1090 et
667 1033 942 1100 voluptate
995 1033 1264 1088 excellere
1295 1033 1503 1096 cibum,
1554 1033 1692 1088 etad
1725 1045 1977 1088 commo-

381 1127 513 1180 dum
539 1135 594 1181 et
623 1126 753 1180 utile
799 1125 1003 1178 liortari
1037 1138 1098 1179 se
1126 1134 1326 1193 putans
1380 1123 1609 1186 sociam,
1661 1132 1718 1176 et
1774 1122 1975 1192 planta:

385 1224 664 1290 particeps
717 1218 820 1272 l'uit
857 1225 913 1270 et
945 1217 996 1268 in
1056 1215 1554 1286 transgressionem
1603 1215 1829 1282 incidit;
1862 1228 1972 1269 non

384 1313 672 1380 deceptum
702 1325 828 1364 esse
877 1308 1043 1379 igitur
1087 1307 1358 1362 Adamum
1409 1317 1465 1362 et
1494 1316 1716 1378 propter
1750 1310 1852 1363 hoc
1885 1307 1974 1361 di-

381 1414 598 1459 ceretur
625 1417 732 1456 non
751 1410 902 1454 extra
925 1397 1473 1454 verisimile.Etenim
1505 1401 1662 1454 multi
1689 1400 1971 1457 diversum

383 1496 589 1552 habent
632 1495 726 1564 qni
755 1494 1000 1548 eamdem
1043 1493 1266 1563 quidem
1296 1501 1635 1547 avertentem
1667 1492 1971 1561 actionem,

381 1601 491 1641 non
533 1587 724 1640 eodem
757 1593 812 1639 et
840 1584 1007 1639 simili
1049 1599 1217 1639 sensu
1251 1592 1558 1638 sectantur.
1613 1584 1771 1638 Alius
1817 1585 1966 1639 enim

380 1677 732 1733 meditatione
751 1661 803 1730 et
832 1674 1165 1731 discretione
1180 1685 1234 1728 et
1254 1675 1494 1730 melioris
1510 1675 1969 1732 condemnatione
2003 1657 2044 1714 Β

380 1768 450 1825 ad
480 1769 636 1841 pejus
683 1769 954 1824 inclinans
983 1779 1035 1824 et
1075 1768 1238 1822 vilem
1265 1776 1474 1837 partem
1500 1771 1970 1838 anteponens,in-

376 1861 798 1919 condonabilem
859 1859 990 1915 facit
1066 1860 1326 1930 culpam;
1387 1858 1528 1915 alius
1592 1875 1724 1916 vero
1761 1861 1969 1918 nullius

379 1956 578 2011 borum
603 1964 819 2024 potens,
849 1953 916 2008 ad
939 1952 1257 2009 societatem
1278 1969 1406 2010 vero
1433 1954 1672 2026 gliscens
1694 1955 1930 2012 actionis
1947 1991 1966 2019 ,

378 2064 447 2104 ex
476 2049 665 2103 multis
713 2047 961 2117 partibus
999 2045 1216 2102 trahere
1240 2047 1678 2102 misericordiam
1699 2054 1883 2118 potest
1910 2055 1967 2103 et

379 2140 540 2198 venia
570 2155 678 2194 non
705 2139 908 2210 dejici;
943 2140 1018 2194 ita
1057 2138 1224 2209 igitur
1249 2146 1306 2194 et
1335 2137 1424 2193 bic
1449 2154 1466 2204 ;
1499 2135 1612 2192 Eva
1639 2139 1861 2209 quidem
1910 2145 1967 2195 et

383 2232 744 2288 meditatione
774 2240 832 2286 et
853 2241 1050 2286 contra
1089 2241 1421 2301 praeceptum
1475 2230 1752 2286 calumnia
1797 2232 1967 2288 ratio-

379 2339 476 2380 nes
495 2338 621 2379 cum
649 2322 911 2386 acuisset,
937 2322 1083 2376 nudo
1106 2325 1286 2392 capite
1307 2322 1514 2377 dictum
1544 2322 1599 2376 in
1623 2323 1964 2379 contrarium

377 2420 569 2476 cessit.
599 2419 774 2474 Adam
807 2433 936 2474 vero
974 2418 1170 2473 borum
1200 2419 1352 2474 nullo
1382 2419 1564 2474 datam
1613 2419 1790 2491 legem
1811 2420 1966 2490 prius

379 2512 581 2582 injuria
611 2511 815 2576 affecit,
871 2511 940 2566 ad
991 2512 1162 2567 solam
1207 2526 1339 2567 vero
1391 2518 1660 2568 attractus
1707 2522 1793 2568 est
1845 2513 1967 2582 ejus

377 2602 907 2671 transgressionem;
943 2601 1038 2656 sed
1055 2613 1278 2671 propter
1301 2603 1416 2657 haec
1435 2601 1657 2672 quidem
1690 2602 1968 2659 diceretur

377 2712 485 2752 non
510 2697 797 2767 deceptum
835 2694 1004 2749 fuisse
1041 2693 1336 2750 Adamnm.

2079 392 2220 462 μετά
2256 391 2348 445 τὸν
2378 391 2502 460 δφιν
2524 389 2618 443 τοῦ
2649 387 2844 459 ἐχθροῦ
2881 387 3270 457 χρηματίσασα
3299 390 3400 458 τῆς
3446 387 3644 462 ἀπάτης

2076 483 2458 553 καθηγήσπτο·
2493 481 2751 552 δεύτερον
2772 480 2827 533 δὲ
2842 479 2976 532 διότι
3002 480 3078 549 μὴ
3098 478 3261 545 αὐτὸς
3288 480 3415 544 τοὺς
3451 481 3649 555 ἀπατη-

2037 597 2040 600 ’
2077 579 2205 642 λοὺς
2232 580 2330 634 καὶ⁹
2351 579 2538 642 θῶπας
2569 577 2763 648 λόγους
2794 574 2889 629 τοῦ
2911 575 3088 644 ὄφεως
3126 572 3463 644 παρεδέξατο
3485 590 3498 603 ·
3527 573 3647 643 μηδὲ

2077 668 2294 739 φθονεῖν
2348 669 2548 732 αὐτοὺς
2594 669 2694 738 τῆς
2748 684 2808 721 τε
2844 666 3012 734 ἄλλης
3053 666 3405 736 εὐδαιμονίας
3436 661 3648 732 καὶτῆς

2077 759 2327 823 θεώσεως
2361 761 2452 813 τὸν
2507 758 2828 828 οἰκτίρμονα
2879 743 3158 826 Δεσπότην
3212 757 3308 810 καὶ
3353 754 3649 826 προνοητὴν

2073 851 2408 924 ἀνεπείσθη·
2461 850 2601 904 ἀλλὰ
2655 853 2860 920 ταύτην
2909 848 3008 920 τὴν
3062 847 3332 914 ἔκθεσμον
3389 844 3537 898 κατὰ
3564 845 3648 898 τοῦ

2075 941 2396 1004 Πλάσαντος
2451 939 2780 1011 συμϐουλὴν,
2819 939 2912 992 καὶ
2942 941 3079 1011 ἀκοῇ
3104 937 3198 990 καὶ
3239 935 3437 1009 γνώμῃ
3481 936 3650 1005 ἁρπά-

2077 1052 2218 1090 σασα
2241 1036 2274 1104 ἠ
2302 1033 2436 1094 Εὔα,
2469 1035 2562 1088 καὶ
2588 1032 2683 1086 τοῦ
2707 1032 3164 1104 ἁπηγορευμένου
3194 1029 3354 1095 ξύλου
3383 1027 3648 1100 φαγοῦσα,

2073 1122 2164 1175 ἐπὶ
2194 1123 2291 1193 τὴν
2314 1121 2484 1191 αὐτὴν
2507 1122 2693 1174 ἐκάλει
2721 1122 3002 1194 τράπεζαν
3031 1120 3123 1175 τὸν
3142 1120 3330 1191 ἄνδρα.
3359 1119 3422 1173 Ὀ
3446 1119 3503 1172 δὲ
3526 1137 3653 1189 μαρο

2072 1215 2415 1286 τυρουμένην
2449 1215 2523 1278 ὡς
2574 1214 2722 1277 εἰκὸς
2773 1213 2876 1266 ὑπὸ
2929 1212 3190 1282 γυναικὸς
3223 1212 3319 1265 ἐπὶ
3356 1209 3651 1280 γλυκύτητι

2073 1308 2168 1362 καὶ
2205 1308 2365 1378 ἡδονῇ
2407 1307 2685 1378 διαφέρειν
2710 1305 2936 1378 βρῶσιν,
2989 1308 3086 1359 καὶ
3118 1305 3256 1377 πρὸς
3289 1303 3353 1357 τὸ
3383 1302 3653 1374 σύμφορον

2072 1403 2169 1455 καὶ
2224 1400 2500 1470 ὠφέλιμον
2552 1398 2892 1471 παρακαλεῖν
2936 1397 3169 1468 νομίσας
3190 1397 3290 1468 τὴν
3317 1395 3535 1468 βοηθὸν,
3569 1396 3653 1449 καὶ

2070 1494 2169 1550 τοῦ
2207 1493 2376 1565 φυτοῦ
2412 1493 2644 1564 μετέσχε
2701 1496 2796 1546 καὶ
2835 1495 2900 1565 τῇ
2952 1492 3269 1563 παραϐάσει
3315 1491 3649 1563 περιέπεσε’

2075 1586 2150 1656 μὴ
2182 1585 2501 1656 ὴπατῆσθαι
2525 1585 2705 1638 τοίνυν
2735 1586 2826 1638 τὸν
2862 1585 3032 1655 Ἀδὰμ
3054 1585 3147 1639 καὶ
3171 1584 3258 1638 διὰ
3281 1583 3444 1637 τοῦτο
3466 1583 3654 1654 ῥηθείη

2075 1676 2141 1731 ἂν
2170 1679 2272 1730 οὐκ
2309 1676 2415 1744 ἔξω
2445 1677 2542 1732 τοῦ
2569 1678 2802 1740 εἰκότος.
2838 1678 2947 1730 Καὶ
2966 1677 3076 1752 γὰρ
3106 1676 3292 1731 πολλοὶ
3318 1676 3381 1729 τὸ
3403 1676 3657 1747 διάφορον

2074 1768 2289 1840 ἔχουσιν
2337 1769 2387 1822 οί
2447 1768 2548 1840 τὴν
2579 1768 2751 1840 αὐτὴν
2795 1769 2894 1837 μὲν
2924 1769 3297 1838 ἀποτρόπαιον
3337 1765 3558 1838 πρᾶξιν,
3596 1765 3657 1818 οὗ

2072 1865 2138 1933 τῇ
2177 1863 2314 1933 αὐτῇ
2342 1861 2397 1915 δὲ
2427 1863 2520 1916 καὶ
2575 1861 2740 1932 ὁμοίᾳ
2767 1860 2980 1934 διανοίᾳ
3030 1859 3446 1933 μετερχόμενοι.
3481 1859 3539 1912 ’0
3562 1858 3660 1928 μὲν

2072 1954 2184 2026 γὰρ
2257 1954 2458 2028 μελέτῃ
2491 1953 2588 2008 καὶ
2628 1953 2901 2024 διακρίσει
2961 1956 3056 2006 καὶ
3098 1955 3163 2024 τῇ
3215 1937 3311 2006 τοῦ
3354 1951 3661 2024 κρείττονος

2071 2047 2416 2117 καταγνώσει
2450 2047 2588 2120 πρὸς
2620 2045 2681 2100 τὺ
2702 2049 2884 2120 χεῖρον
2917 2046 3226 2110 ἀπονεύσας
3261 2043 3360 2100 καὶ
3391 2045 3488 2116 τὴν
3522 2044 3662 2114 φαύ-

2070 2138 2170 2209 λην
2204 2140 2401 2210 μοῖραν
2425 2137 2814 2210 προελόμενος,
2857 2136 3248 2208 ἁσύγγνωστον
3300 2136 3560 2191 ἀποτελεῖ
3601 2136 3661 2190 τὸ

2072 2229 2454 2300 πλημμέλημα
2474 2246 2489 2260 ⁸
2525 2232 2554 2284 6
2581 2230 2638 2283 δὲ
2669 2228 2898 2300 μηδενὸς
2931 2229 3138 2284 τούτων
3159 2229 3365 2300 ἔνοχος,
3399 2229 3537 2298 πρὸς
3560 2228 3662 2299 τῆν

2071 2322 2358 2378 κοινωνίαν
2383 2322 2439 2375 δὲ
2470 2322 2879 2394 παρολισθήσας
2909 2326 3009 2393 τῆς
3034 2320 3310 2396 πράξεως.
3331 2319 3665 2390 πολλαχόθεν

2070 2412 2253 2466 ἕλκειν
2305 2411 2396 2465 τὸν
2444 2411 2596 2465 ἔλεον
2665 2411 2892 2467 δύναται
2934 2413 3029 2466 καὶ
3069 2413 3168 2482 τῆς
3205 2409 3540 2483 συγγνώμης
3586 2409 3662 2481 μῆ

2070 2503 2508 2560 ἀπελαύνεσθαιο
2542 2503 2686 2558 οὕτω
2707 2503 2839 2572 γοῦν
2860 2505 3158 2559 κάνταῦθα.
3210 2503 3275 2557 Ἠ
3299 2505 3401 2573 μὲν
3436 2502 3549 2558 Εὔα
3570 2505 3666 2556 καὶ

2073 2596 2278 2669 μελέτη
2306 2595 2402 2651 καὶ
2425 2600 2491 2670 τῇ
2551 2599 2692 2651 κατά
2714 2597 2813 2668 τῆς
2861 2597 3084 2668 ἐντολῆς
3111 2596 3334 2669 διαϐολῇ
3364 2597 3490 2659 τοὺς
3519 2594 3667 2664 λογι-

2076 2693 2251 2761 σμοὺς
2307 2692 2696 2766 παραθήξασα,
2723 2699 2908 2768 γυμνῇ
2929 2700 2997 2768 τῇ
3025 2697 3239 2769 κεφαλῇ
3276 2697 3339 2752 τὸ
3369 2696 3666 2766 λεγόμενον

379 2787 516 2860 πρὸς
564 2786 878 2841 τούναντίον
907 2783 1186 2856 ιχὼρησεν
1207 2801 1225 2819 ο
1257 2787 1287 2838 6
1325 2785 1385 2838 δὲ
1422 2785 1598 2857 ’Δδὰμ
1627 2785 1838 2841 τούτων
1869 2785 1971 2857 μὲν
2043 2783 2222 2839 οὐδενὶ
2279 2785 2373 2838 τὸν
2415 2785 2641 2840 δοθέντα
2685 2788 2850 2860 νόμον
2889 2788 3277 2859 προεξύ6ρισε,
3318 2789 3456 2859 πρὸς
3493 2785 3667 2859 μόνην

372 2879 420 2935 δ’
457 2878 709 2950 ὑπεσύρη
734 2876 833 2948 τὴν
869 2875 1064 2930 τούτου
1114 2876 1465 2948 παράδασινο
1499 2878 1638 2933 ἀλλά
1666 2879 1757 2932 διὰ
1786 2877 1961 2934 ταῦτα
2000 2878 2102 2948 μὲν
2129 2877 2331 2947 λέγοιτ’
2355 2879 2422 2934 ἂν
2450 2878 2530 2950 μὴ
2567 2880 2885 2950 ἠπατῆσθαι
2916 2881 3010 2936 τὸν
3051 2881 3244 2952 ’Δδάμ.

449 2973 732 3029 υἱοθεσίαν
765 2980 946 3027 autem
974 2971 1336 3026 nihilominus
1355 2979 1412 3026 et
1447 2971 1575 3042 quia
1630 2971 1720 3026 hic
1747 2971 1965 3040 quidem

2144 2972 2376 3040 Δέγοιτο
2397 2971 2442 3026 δ’
2463 2971 2534 3027 ἂν
2548 2972 2700 3028 οὐδὲν
2725 2972 2948 3027 ἔλαττον
2971 2975 3063 3029 καὶ
3087 2974 3223 3028 διότι
3249 2977 3279 3030 6
3295 2974 3397 3047 μὲν
3409 2975 3668 3050 γλώσσης

375 3066 594 3137 linguae.
629 3063 956 3120 contribulis
987 3073 1044 3118 et
1071 3072 1353 3119 consueta
1403 3071 1460 3118 et
1507 3053 1561 3118 in
1619 3063 1808 3119 multis
1858 3078 1968 3117 non

376 3159 590 3215 fallacis
614 3157 749 3212 visa:
780 3155 1015 3212 audiens
1042 3154 1220 3211 factus
1239 3163 1366 3222 est;
1399 3155 1492 3210 illa
1525 3169 1656 3211 vero
1692 3165 1971 3212 extranea

377 3250 529 3307 vocis
577 3263 757 3320 neque
787 3247 1097 3302 consistere
1123 3246 1196 3301 ad
1229 3246 1709 3303 conversationem
1733 3253 1970 3302 assuetae

377 3341 712 3410 mancipium
744 3339 867 3395 visa
891 3347 977 3396 est
1001 3347 1060 3394 et
1085 3339 1458 3409 improbitatis
1477 3338 1621 3395 facta
1646 3350 1733 3395 est
1761 3338 1966 3410 praeda.

377 3433 549 3504 Igitur
593 3442 649 3487 et
691 3432 834 3488 hanc
889 3431 1222 3487 additionem
1261 3431 1500 3486 admittit
1543 3447 1764 3487 causam
1819 3430 1968 3502 quod

374 3525 594 3582 dicatur
623 3524 893 3579 Adamum
924 3537 1032 3577 non
1087 3524 1260 3578 fuisse
1297 3523 1604 3593 deceptum,
1677 3525 1965 3580 mulierem

377 3632 509 3672 vero
534 3614 818 3686 deceptam
839 3618 891 3670 in
914 3617 1366 3686 prmvaricatione
1385 3617 1408 3670 l‘
1409 3618 1590 3685 uisse;
1635 3618 1964 3689 transgressi

376 3719 508 3766 sunt
535 3709 789 3781 equidem
824 3711 1032 3778 ambo;
1064 3710 1158 3765 sed
1202 3720 1256 3765 et
1279 3711 1367 3765 hic
1401 3711 1550 3780 prior
1602 3721 1685 3766 est
1722 3712 1966 3766 mulieris

371 3802 765 3872 transgressio.
805 3801 869 3856 Et
915 3803 1135 3872 quidem
1159 3801 1400 3872 duplicis
1435 3805 1549 3874 ipsa
1581 3805 1967 3874 transgressio-

374 3896 461 3951 nis
486 3895 602 3950 visa
639 3904 720 3949 est
750 3909 863 3958 rea,
904 3895 1137 3964 propriae
1169 3904 1224 3949 et
1272 3895 1337 3948 ad
1376 3911 1538 3965 quam
1591 3897 1768 3950 virum
1817 3913 1968 3952 com-

371 3989 531 4058 pulit.
563 3986 702 4053 Quid
732 3987 922 4056 igitur,
965 3987 1116 4040 dicat
1141 3986 1265 4055 quis
1303 3987 1368 4042 ad
1403 4003 1492 4042 me
1525 3988 1771 4043 feminae
1803 3998 1964 4042 natu-

369 4096 447 4136 ra
475 4089 762 4150 patronus.
784 4079 904 4133 Erae
932 4079 1190 4149 deceptio
1211 4090 1262 4133 et
1292 4083 1677 4146 transgressio,
1699 4083 1960 4150 quoniam

372 4164 538 4219 unius
599 4175 650 4219 et
685 4164 928 4234 ejusdem
965 4173 1173 4217 natura).
1194 4163 1278 4216 vir
1310 4173 1366 4217 et
1417 4166 1616 4220 mulier
1657 4182 1782 4220 cum
1829 4167 1960 4232 sint,

369 4258 644 4314 Secundas
675 4255 1099 4312 ferredamnatte
1131 4273 1344 4319 sumus,
1377 4269 1430 4310 et
1459 4259 1788 4313 discentium
1819 4275 1964 4313 sem-

2069 3062 2348 3134 ὁμοφύλου
2380 3065 2478 3118 καὶ
2502 3064 2792 3136 συνήθους,
2831 3066 2926 3120 καὶ
2945 3067 3006 3120 ὲν
3041 3066 3256 3131 πολλοῖς
3299 3067 3422 3122 οὐδὲ
3465 3071 3668 3140 σφαλε-

2071 3157 2175 3227 ρᾶς
2194 3155 2568 3234 ἀναφανείσης
2588 3157 2833 3228 ὑπήκοος
2861 3158 3108 3228 γέγονεν·
3132 3159 3166 3230 ἡ
3193 3158 3252 3213 δὲ
3272 3159 3579 3232 ἀλλοφύλου
3603 3180 3666 3218 τε

2070 3246 2258 3316 φωνῆς
2296 3247 2393 3302 καὶ
2430 3247 2553 3302 οὐδὲ
2579 3248 2946 3305 καθίστασθαι
2972 3251 3114 3324 πρὸς
3135 3252 3357 3321 ὁμιλίαν
3386 3253 3669 3326 λαϐούσης

2067 3337 2190 3402 ιθος
2217 3338 2554 3411 ἀνδράποδον
2584 3340 2764 3415 ὤφθη
2789 3343 2888 3399 καὶ
2932 3345 3032 3416 τῆς
3085 3345 3394 3418 μοχθηρίας
3441 3347 3669 3417 ἐγένετο

2068 3431 2318 3503 θήραμα.
2344 3433 2558 3492 Οὐκοῦν
2587 3437 2684 3491 καὶ
2715 3437 2926 3509 ταύτην
2956 3438 3283 3513 προσθήκην
3312 3440 3535 3512 δέχεται
3560 3444 3667 3513 τὴν

2064 3526 2250 3580 αίτίαν
2273 3527 2334 3581 τὸ
2396 3527 2655 3597 λέγεσθαι
2678 3530 2774 3583 τὸν
2829 3530 3003 3602 Ἂδὰμ
3040 3531 3120 3605 μὴ
3145 3533 3502 3604 ἀπατηθῆναι
3519 3550 3537 3564 ’
3561 3534 3667 3605 τῆν

2063 3619 2124 3672 δὲ
2191 3623 2428 3688 γυναῖκα
2484 3623 2863 3692 ἀπατηθεῖσαν
2899 3625 2964 3677 ἐν
3002 3626 3324 3696 παραϐάσει
3364 3626 3662 3694 γενέσθαι·

2065 3713 2389 3784 παρέϐησαν
2416 3713 2516 3783 μὲν
2546 3715 2655 3785 γάρ
2688 3715 2889 3788 ἄμφωο
2929 3716 3065 3772 ἀλλὰ
3095 3717 3372 3772 κάνταῦθα
3402 3719 3664 3789 «mea.

2063 3817 2152 3854 ναι
2181 3801 2279 3868 τῆς
2299 3802 2558 3868 γυναικὸς
2579 3803 2612 3874 ὴ
2637 3805 2977 3874 παράϐασις.
3014 3807 3125 3860 Καὶ
3157 3807 3259 3876 μὲν
3286 3807 3481 3877 διπλῆς
3513 3808 3663 3876 αὕτη

2065 3891 2431 3962 παραϐάσεως
2462 3893 2620 3964 ὤφθη
2672 3896 2877 3966 ἔνοχος,
2913 3899 3011 3966 τῆς
3045 3914 3105 3950 τε
3146 3899 3354 3962 οἰκείας
3387 3900 3484 3954 καὶ
3519 3900 3664 3970 πρὸς

2063 3986 2131 4053 ἢν
2154 3984 2246 4036 τὸν
2272 3985 2442 4054 ἄνδρα
2472 3986 2774 4060 συνώθησε.
2813 3989 2876 4040 Τί
2900 3988 2997 4042 οὖν
3027 3991 3095 4044 ἀν
3126 4009 3209 4054 τις
3236 3992 3355 4062 ἐρεῖ
3384 3991 3526 4062 πρὸς
3558 3994 3662 4061 ὲμὲ

2061 4076 2161 4147 τῆς
2197 4077 2522 4145 γυναικείας
2585 4080 2802 4150 φύσεως
2851 4083 3250 4152 προϊστάμενος
3294 4086 3326 4153 ἡ
3373 4084 3475 4154 τῆς
3510 4085 3663 4148 Εὔας

2057 4168 2245 4239 ἀπάτη
2273 4170 2372 4222 καὶ
2397 4171 2732 4242 παράϐασις,
2765 4173 2846 4225 ὅτι
2878 4176 3007 4242 μιᾶς
3040 4191 3098 4230 τε
3140 4178 3236 4230 καὶ
3279 4175 3400 4247 ἴσης
3431 4177 3664 4247 φύσεως

2063 4264 2256 4335 ἀνδρὸς
2279 4256 2341 4318 τε
2380 4266 2474 4319 καὶ
2511 4269 2773 4335 γυναικὸς
2801 4267 2991 4338 οὔσης,
3041 4269 3112 4322 τᾶ
3151 4269 3437 4340 δευτερεῖα
3465 4271 3664 4342 φέρειν

372 4366 468 4420 per
492 4349 736 4404 ordinem
774 4357 980 4411 tenere,
1011 4363 1042 4401 a
1076 4347 1322 4402 docendo
1363 4363 1493 4402 vero
1519 4350 1745 4403 omnino
1775 4351 1958 4416 prohi-

2068 4357 2494 4427 κατεκρίθημεν,
2556 4359 2648 4409 καὶ
2682 4357 3068 4428 μανθανόντων
3110 4361 3196 4412 ἀεὶ
3217 4360 3375 4430 λῆξιν
3407 4361 3660 4431 ἐπέχειν,

373 4440 498 4495 bita:
519 4454 712 4495 sumus
745 4438 769 4492 ?
802 4439 868 4491 ad
917 4453 1080 4506 quem
1131 4452 1369 4506 sequens
1398 4439 1728 4495 subsumens
1754 4441 1961 4497 diceret

370 4549 578 4599 sermo,
634 4530 1103 4602 quemadmodum
1159 4529 1371 4583 Ad‘aIno
1421 4531 1490 4585 ad
1566 4533 1957 4588 mortalitatem

370 4634 736 4688 condemnato
781 4630 837 4685 in
871 4645 1065 4683 omnes
1127 4630 1248 4698 ejus
1291 4639 1539 4701 posteros
1608 4631 1960 4700 pertransivit

372 4741 543 4788 mors,
573 4724 653 4778 sic
682 4731 736 4776 et
762 4721 1005 4775 mulieris
1047 4737 1154 4776 non
1185 4723 1362 4777 solum
1401 4722 1660 4792 deceptae,
1688 4723 1780 4778 sed
1820 4731 1874 4777 et
1903 4723 1956 4776 in

369 4815 810 4886 transgressione
865 4815 1024 4869 facta:
1057 4832 1072 4880 ;
1129 4823 1182 4866 ct
1207 4823 1355 4868 certe
1389 4814 1693 4886 graviorem
1726 4825 1958 4883 utraque

367 4908 489 4964 viro
513 4923 637 4962 cum
673 4906 950 4962 induxerit
976 4907 1197 4976 culpam
1264 4921 1440 4976 neque
1472 4907 1771 4961 secundum
1825 4921 1956 4961 suc-

367 5000 674 5056 cessionem
719 5012 892 5070 genus
918 4998 1152 5054 crimine
1172 5005 1256 5051 est
1306 4998 1533 5052 omnino
1566 4998 1822 5060 liberum,
1857 5015 1956 5053 nec

364 5091 436 5148 ad
468 5091 749 5147 meliorem
791 5087 1216 5159 dispositionem
1269 5101 1336 5142 ex
1391 5089 1693 5143 mutatione
1741 5090 1956 5144 videtur

367 5186 684 5240 adductum.
714 5182 884 5252 Igitur
909 5180 1130 5250 quidem
1165 5179 1298 5234 illud
1317 5194 1427 5234 non
1463 5180 1748 5250 deceptum
1783 5181 1955 5236 fuisse

363 5276 632 5330 Adamnm
658 5289 752 5343 per
805 5274 922 5327 lucc
951 5271 1153 5342 opinor
1192 5278 1246 5324 et
1278 5283 1386 5323 non
1430 5269 1639 5340 absque
1676 5286 1803 5326 cura
1840 5272 1955 5325 dis-

364 5377 576 5422 cretum
607 5366 698 5421 sit.
731 5364 872 5418 Sunt
900 5378 1034 5417 vero
1069 5362 1160 5432 qui
1206 5361 1695 5417 contradictionem
1719 5372 1950 5432 ponunt.

364 5461 483 5516 Non
507 5465 789 5530 deceptum
819 5475 945 5514 esse
992 5457 1150 5512 aiunt
1199 5457 1492 5523 Adamum,
1531 5473 1638 5511 non
1673 5458 1801 5528 quia
1827 5476 1952 5514 mu-

367 5553 500 5608 liere
538 5552 723 5608 minus
776 5554 874 5606 sed
915 5550 1045 5620 quia
1104 5549 1279 5618 inagis
1316 5549 1604 5619 peccavit;
1663 5551 1743 5606 sic
1802 5554 1948 5608 enim

366 5643 618 5717 dictione.
650 5653 708 5699 et
742 5643 1067 5714 Apostolum
1131 5657 1291 5696 usum
1350 5656 1494 5697 esse.
1553 5639 1772 5699 Etenim
1836 5648 1953 5702 lucc

2060 4445 2156 4500 τοῦ
2187 4447 2463 4500 διδάσκειν
2518 4447 2576 4500 δὲ
2617 4447 2899 4510 παντελῶς
2953 4450 3323 4520 ἀφῃρήμεθα;
3375 4451 3514 4521 πρὸς
3546 4454 3608 4504 ὃν
3632 4457 3662 4506 6

2060 4540 2357 4604 ἀκόλουθος
2385 4540 2780 4612 ἀνθυποφέρων
2806 4541 2940 4610 φαίη
2961 4543 3138 4610 λόγος,
3174 4545 3255 4596 ὅτι
3289 4545 3413 4596 καθ’
3440 4545 3503 4597 ὃν
3533 4548 3662 4616 τρό-

2064 4653 2166 4690 πον
2201 4634 2298 4687 τοῦ
2330 4634 2509 4707 Ἂδὰμ
2527 4634 2587 4686 τὸ
2602 4634 2797 4704 θνητὸν
2811 4637 3302 4702 καταδικασθέντος
3327 4641 3409 4702 εἰς
3440 4642 3662 4704 πάντας

2061 4731 2186 4792 τοὺς
2210 4728 2270 4793 ἐξ
2318 4728 2484 4780 αὑτοῦ
2530 4726 2749 4796 διῆλθεν
2788 4728 2817 4779 6
2847 4728 3102 4791 θάνατος,
3132 4727 3276 4782 οὕτω
3300 4729 3398 4782 καὶ
3423 4731 3529 4798 (ἧς
3556 4749 3660 4800 γυ-

2058 4822 2244 4884 ναικὸς
2269 4823 2329 4875 οὐ
2359 4821 2518 4891 μόνον
2541 4820 2940 4893 ἅπατηθείσης,
2972 4821 3108 4874 ἀλλὰ
3125 4823 3220 4874 καὶ
3249 4824 3307 4873 ὲν
3329 4825 3661 4892 παραϐάσει

2057 4918 2387 4989 γενομένης·
2419 4918 2592 4988 καίγε
2623 4917 2685 4970 τὸ
2700 4917 3090 4989 χαλεπωτέραν
3117 4919 3356 4992 ἑκατέρα
3385 4922 3466 4992 τῷ
3499 4923 3663 4994 ἀνδρὶ

2059 5010 2529 5082 καθηγησαμένης
2593 5011 2928 5081 ἁμαρτάδος.
2958 5008 3078 5062 οὐδὲ
3118 5000 3182 5064 τὸ
3211 5013 3353 5064 κατὰ
3397 5012 3662 5085 διαδοχῆν

2058 5103 2216 5171 γένος
2242 5104 2341 5173 τῆς
2365 5102 2545 5164 αἰτίας
2565 5102 2685 5154 ἐστὶ
2708 5102 2988 5165 παντελῶς
3019 5103 3339 5173 ἀφειμένον,
3367 5105 3492 5158 οὐδὲ
3515 5108 3662 5176 1:96;

2057 5193 2344 5264 κρείττονα
2369 5192 2613 5245 διάθεσιν
2653 5193 2716 5244 ἐκ
2764 5192 3070 5263 μεταϐολῆς
3102 5193 3299 5263 δρᾶται
3329 5194 3612 5264 ἀγδμενον
3639 5238 3655 5253 .

2056 5287 2128 5340 Τὸ
2150 5287 2250 5357 μὲν
2271 5280 2364 5339 οὖν
2397 5285 2472 5356 μὴ
2500 5282 2814 5355 ἠπατῆσθαι
2837 5285 2928 5337 τὸν
2956 5285 3131 5356 Ἀδὰμ
3157 5287 3245 5339 διὰ
3264 5287 3473 5340 τούτων
3495 5285 3660 5357 οἶμαι

2057 5382 2149 5434 καὶ
2171 5381 2270 5433 οὐκ
2300 5378 2518 5449 ἀμελῶς
2539 5378 2933 5450 διευκρίνηται.
2967 5378 3092 5432 Ἐἰσὶ
3120 5380 3178 5434 δὲ
3213 5379 3287 5442 οἳ,
3327 5382 3658 5437 τούναντίον

2053 5474 2150 5542 τὴν
2180 5472 2324 5536 λέξιν
2345 5471 2616 5542 τιθέμενοι
2636 5515 2650 5533 ,
2680 5472 3139 5542 οὐκάπατηθῆναί
3156 5490 3289 5544 φασι
3316 5474 3408 5527 τὴν
3439 5475 3619 5546 ’Λδάμ
3636 5517 3657 5546 ,

2053 5565 2152 5635 οὐχ
2174 5565 2256 5618 ὅτι
2286 5564 2386 5633 τῆς
2423 5563 2681 5631 γυναικὸς
2742 5563 2960 5617 ἔλαττον
3019 5564 3136 5618 ἀλλ’
3183 5566 3264 5618 ὃτι
3329 5567 3523 5636 μεῖζον
3561 5569 3658 5632 ἐξ·

2059 5654 2303 5724 ἥμαρτεν
2325 5669 2340 5684 ο
2355 5650 2496 5706 οὕτω
2519 5653 2626 5725 γὰρ
2646 5657 2710 5726 τῇ
2743 5654 2888 5722 λέξει
2921 5655 3016 5710 καὶ⁹
3046 5656 3139 5711 τὸν
3161 5657 3489 5713 Ἀπὸστολον
3515 5664 3659 5733 χρή-

3861 1991 3864 2064 ς

3862 2183 3864 2250 i

3862 2515 3864 2582 i

3861 2697 3864 2730 ι
