  <div class='ocr_page' id='page_1' title='image "/cluster/home/n/w/nwhite01/storage/ocr_20150623/101 pt.1/mdp.39015061955830/246.png"; bbox 0 0 3820 6212; ppageno 0'>
   <div class='ocr_carea' id='block_1_1' title="bbox 122 289 220 352">
    <p class='ocr_par' dir='ltr' id='par_1_1' title="bbox 122 289 220 352">
     <span class='ocr_line' id='line_1_1' title="bbox 122 289 220 352; baseline 0.01 -1"><span class='ocrx_word' id='word_1_1' title='bbox 122 289 220 352; x_wconf 73' lang='grc'>449</span> 
     </span>
    </p>
   </div>
   <div class='ocr_carea' id='block_1_2' title="bbox 1051 266 2424 339">
    <p class='ocr_par' dir='ltr' id='par_1_2' title="bbox 1051 266 2424 339">
     <span class='ocr_line' id='line_1_2' title="bbox 1051 266 2424 339; baseline -0.006 -5"><span class='ocrx_word' id='word_1_2' title='bbox 1051 277 1150 336; x_wconf 79' lang='grc' dir='ltr'><strong>ΑΙ)</strong></span> <span class='ocrx_word' id='word_1_3' title='bbox 1191 267 1785 336; x_wconf 81' lang='lat' dir='ltr'><strong>AMPHILOCHIUM</strong></span> <span class='ocrx_word' id='word_1_4' title='bbox 1829 266 2178 339; x_wconf 61' lang='lat' dir='ltr'><strong>QUESTIO</strong></span> <span class='ocrx_word' id='word_1_5' title='bbox 2219 268 2424 328; x_wconf 82' lang='lat' dir='ltr'><strong>LXXI.</strong></span> 
     </span>
    </p>
   </div>
   <div class='ocr_carea' id='block_1_3' title="bbox 3259 269 3363 334">
    <p class='ocr_par' dir='ltr' id='par_1_3' title="bbox 3259 269 3363 334">
     <span class='ocr_line' id='line_1_3' title="bbox 3259 269 3363 334; baseline 0.029 -3"><span class='ocrx_word' id='word_1_6' title='bbox 3259 269 3363 334; x_wconf 70' lang='grc'><strong>450</strong></span> 
     </span>
    </p>
   </div>
   <div class='ocr_carea' id='block_1_4' title="bbox 127 377 1687 468">
    <p class='ocr_par' dir='ltr' id='par_1_4' title="bbox 127 382 1687 468">
     <span class='ocr_line' id='line_1_4' title="bbox 127 382 1687 468; baseline -0.015 -11"><span class='ocrx_word' id='word_1_7' title='bbox 127 402 348 458; x_wconf 81' lang='grc' dir='ltr'>σσσθαι·</span> <span class='ocrx_word' id='word_1_8' title='bbox 387 398 422 468; x_wconf 88' lang='grc' dir='ltr'><strong>ή</strong></span> <span class='ocrx_word' id='word_1_9' title='bbox 457 396 554 466; x_wconf 75' lang='grc' dir='ltr'><strong>μὲν</strong></span> <span class='ocrx_word' id='word_1_10' title='bbox 586 394 695 465; x_wconf 84' lang='grc' dir='ltr'>γὰρ</span> <span class='ocrx_word' id='word_1_11' title='bbox 743 387 1095 446; x_wconf 77' lang='grc' dir='ltr'>δελεασθεῖσα</span> <span class='ocrx_word' id='word_1_12' title='bbox 1149 387 1330 454; x_wconf 85' lang='grc' dir='ltr'>λόγοις</span> <span class='ocrx_word' id='word_1_13' title='bbox 1370 382 1687 446; x_wconf 82' lang='grc' dir='ltr'>ἐπικλὸποις</span> 
     </span>
    </p>
   </div>
   <div class='ocr_carea' id='block_1_5' title="bbox 1796 377 3364 468">
    <p class='ocr_par' dir='ltr' id='par_1_5' title="bbox 1796 377 3364 455">
     <span class='ocr_line' id='line_1_5' title="bbox 1796 377 3364 455; baseline 0.002 -19"><span class='ocrx_word' id='word_1_14' title='bbox 1796 381 1975 436; x_wconf 88' lang='lat' dir='ltr'><strong>illecta</strong></span> <span class='ocrx_word' id='word_1_15' title='bbox 2037 381 2216 435; x_wconf 85' lang='lat' dir='ltr'><strong>verbis</strong></span> <span class='ocrx_word' id='word_1_16' title='bbox 2259 377 2472 434; x_wconf 82' lang='lat' dir='ltr'><strong>blandis</strong></span> <span class='ocrx_word' id='word_1_17' title='bbox 2537 379 2877 448; x_wconf 81' lang='lat' dir='ltr'><strong>etjueundis</strong></span> <span class='ocrx_word' id='word_1_18' title='bbox 2931 381 2996 434; x_wconf 84' lang='lat' dir='ltr'><strong>ad</strong></span> <span class='ocrx_word' id='word_1_19' title='bbox 3056 390 3364 455; x_wconf 71' lang='lat' dir='ltr'><strong>transgres-</strong></span> 
     </span>
    </p>
   </div>
   <div class='ocr_carea' id='block_1_6' title="bbox 123 471 1687 562">
    <p class='ocr_par' dir='ltr' id='par_1_6' title="bbox 123 471 1687 562">
     <span class='ocr_line' id='line_1_6' title="bbox 123 471 1687 562; baseline -0.015 -14"><span class='ocrx_word' id='word_1_20' title='bbox 123 498 210 551; x_wconf 80' lang='grc' dir='ltr'><strong>καὶ</strong></span> <span class='ocrx_word' id='word_1_21' title='bbox 241 490 496 562; x_wconf 76' lang='grc' dir='ltr'><strong>ἡδύνουσι</strong></span> <span class='ocrx_word' id='word_1_22' title='bbox 522 487 658 558; x_wconf 72' lang='grc' dir='ltr'>πρὸς</span> <span class='ocrx_word' id='word_1_23' title='bbox 689 485 788 555; x_wconf 86' lang='grc' dir='ltr'>τὴν</span> <span class='ocrx_word' id='word_1_24' title='bbox 819 481 1078 552; x_wconf 85' lang='grc' dir='ltr'><strong>ἀθέτησιν</strong></span> <span class='ocrx_word' id='word_1_25' title='bbox 1118 478 1544 549; x_wconf 79' lang='grc' dir='ltr'>παρενήνεκται,</span> <span class='ocrx_word' id='word_1_26' title='bbox 1565 475 1594 526; x_wconf 98' lang='lat'><strong>6</strong></span> <span class='ocrx_word' id='word_1_27' title='bbox 1630 471 1687 562; x_wconf 65' lang='grc' dir='ltr'><strong>δε</strong></span> 
     </span>
    </p>
   </div>
   <div class='ocr_carea' id='block_1_7' title="bbox 119 561 1689 657">
    <p class='ocr_par' dir='ltr' id='par_1_7' title="bbox 119 561 1689 657">
     <span class='ocr_line' id='line_1_7' title="bbox 119 561 1689 657; baseline -0.015 -16"><span class='ocrx_word' id='word_1_28' title='bbox 119 586 304 657; x_wconf 85' lang='grc' dir='ltr'>γνώμῃ</span> <span class='ocrx_word' id='word_1_29' title='bbox 343 582 544 653; x_wconf 81' lang='grc' dir='ltr'>μᾶλλον</span> <span class='ocrx_word' id='word_1_30' title='bbox 580 580 675 632; x_wconf 72' lang='grc' dir='ltr'><strong>καὶ</strong></span> <span class='ocrx_word' id='word_1_31' title='bbox 704 576 972 646; x_wconf 86' lang='grc' dir='ltr'>θελήματι</span> <span class='ocrx_word' id='word_1_32' title='bbox 1001 572 1204 646; x_wconf 78' lang='grc' dir='ltr'>ταύτην</span> <span class='ocrx_word' id='word_1_33' title='bbox 1232 569 1548 640; x_wconf 72' lang='grc' dir='ltr'>ἠσπάσατο·</span> <span class='ocrx_word' id='word_1_34' title='bbox 1568 561 1689 618; x_wconf 72' lang='grc' dir='ltr'>οὐδὲ</span> 
     </span>
    </p>
   </div>
   <div class='ocr_carea' id='block_1_8' title="bbox 121 658 1690 749">
    <p class='ocr_par' dir='ltr' id='par_1_8' title="bbox 121 658 1690 749">
     <span class='ocr_line' id='line_1_8' title="bbox 121 658 1690 749; baseline -0.014 -17"><span class='ocrx_word' id='word_1_35' title='bbox 121 683 364 749; x_wconf 68' lang='grc' dir='ltr'>φαίνεται</span> <span class='ocrx_word' id='word_1_36' title='bbox 411 671 598 727; x_wconf 77' lang='grc' dir='ltr'>τοῦτον</span> <span class='ocrx_word' id='word_1_37' title='bbox 629 672 663 740; x_wconf 84' lang='grc' dir='ltr'><strong>ή</strong></span> <span class='ocrx_word' id='word_1_38' title='bbox 705 669 865 738; x_wconf 78' lang='grc' dir='ltr'>γυνή,</span> <span class='ocrx_word' id='word_1_39' title='bbox 914 669 1103 734; x_wconf 82' lang='grc' dir='ltr'>ὥσπερ</span> <span class='ocrx_word' id='word_1_40' title='bbox 1143 662 1380 729; x_wconf 82' lang='grc' dir='ltr'>ὲκλὰπη,</span> <span class='ocrx_word' id='word_1_41' title='bbox 1415 659 1557 713; x_wconf 75' lang='grc' dir='ltr'>οὕτω</span> <span class='ocrx_word' id='word_1_42' title='bbox 1592 658 1690 728; x_wconf 77' lang='grc' dir='ltr'><strong>ῥή-</strong></span> 
     </span>
    </p>
   </div>
   <div class='ocr_carea' id='block_1_9' title="bbox 124 748 1690 838">
    <p class='ocr_par' dir='ltr' id='par_1_9' title="bbox 124 748 1690 838">
     <span class='ocr_line' id='line_1_9' title="bbox 124 748 1690 838; baseline -0.015 -15"><span class='ocrx_word' id='word_1_43' title='bbox 124 748 248 838; x_wconf 83' lang='grc' dir='ltr'>μασι</span> <span class='ocrx_word' id='word_1_44' title='bbox 277 766 588 820; x_wconf 82' lang='grc' dir='ltr'>κλέπτουσα</span> <span class='ocrx_word' id='word_1_45' title='bbox 610 777 624 792; x_wconf 78' lang='lat'>&#39;</span> <span class='ocrx_word' id='word_1_46' title='bbox 659 763 752 814; x_wconf 76' lang='grc' dir='ltr'><strong>καὶ</strong></span> <span class='ocrx_word' id='word_1_47' title='bbox 783 751 838 832; x_wconf 68' lang='grc' dir='ltr'>η’</span> <span class='ocrx_word' id='word_1_48' title='bbox 867 761 967 830; x_wconf 77' lang='grc' dir='ltr'><strong>μὲν</strong></span> <span class='ocrx_word' id='word_1_49' title='bbox 999 757 1095 812; x_wconf 73' lang='grc' dir='ltr'>καὶ</span> <span class='ocrx_word' id='word_1_50' title='bbox 1125 753 1402 810; x_wconf 83' lang='grc' dir='ltr'>ἀντειπεῖν</span> <span class='ocrx_word' id='word_1_51' title='bbox 1435 748 1690 818; x_wconf 79' lang='grc' dir='ltr'><strong>διανέστη</strong></span> 
     </span>
    </p>
   </div>
   <div class='ocr_carea' id='block_1_10' title="bbox 119 841 1690 933">
    <p class='ocr_par' dir='ltr' id='par_1_10' title="bbox 119 841 1690 933">
     <span class='ocr_line' id='line_1_10' title="bbox 119 841 1690 933; baseline -0.015 -17"><span class='ocrx_word' id='word_1_52' title='bbox 119 865 190 933; x_wconf 83' lang='grc' dir='ltr'><strong>τῷ</strong></span> <span class='ocrx_word' id='word_1_53' title='bbox 214 862 352 929; x_wconf 75' lang='grc' dir='ltr'>ὕφει,</span> <span class='ocrx_word' id='word_1_54' title='bbox 380 858 472 912; x_wconf 73' lang='grc' dir='ltr'><strong>καὶ</strong></span> <span class='ocrx_word' id='word_1_55' title='bbox 507 857 586 926; x_wconf 82' lang='grc' dir='ltr'>τῷ</span> <span class='ocrx_word' id='word_1_56' title='bbox 622 856 846 926; x_wconf 78' lang='grc' dir='ltr'>μεγέθει</span> <span class='ocrx_word' id='word_1_57' title='bbox 876 855 976 925; x_wconf 81' lang='grc' dir='ltr'><strong>τῆς</strong></span> <span class='ocrx_word' id='word_1_58' title='bbox 1009 847 1342 926; x_wconf 78' lang='grc' dir='ltr'>ἐπαγγελίας</span> <span class='ocrx_word' id='word_1_59' title='bbox 1371 841 1690 933; x_wconf 83' lang='grc' dir='ltr'>διαχυθεῖσα</span> 
     </span>
    </p>
   </div>
   <div class='ocr_carea' id='block_1_11' title="bbox 121 932 1692 1024">
    <p class='ocr_par' dir='ltr' id='par_1_11' title="bbox 121 932 1692 1024">
     <span class='ocr_line' id='line_1_11' title="bbox 121 932 1692 1024; baseline -0.014 -17"><span class='ocrx_word' id='word_1_60' title='bbox 121 932 248 1024; x_wconf 82' lang='grc' dir='ltr'>πρὸς</span> <span class='ocrx_word' id='word_1_61' title='bbox 267 952 365 1022; x_wconf 82' lang='grc' dir='ltr'><strong>τὴν</strong></span> <span class='ocrx_word' id='word_1_62' title='bbox 397 949 614 1019; x_wconf 84' lang='grc' dir='ltr'>ἀπάτην</span> <span class='ocrx_word' id='word_1_63' title='bbox 644 948 925 1001; x_wconf 80' lang='grc' dir='ltr'><strong>ἀπέκλινε.</strong></span> <span class='ocrx_word' id='word_1_64' title='bbox 968 944 1104 1016; x_wconf 77' lang='grc' dir='ltr'>Περὶ</span> <span class='ocrx_word' id='word_1_65' title='bbox 1128 942 1186 996; x_wconf 76' lang='grc' dir='ltr'>δὲ</span> <span class='ocrx_word' id='word_1_66' title='bbox 1217 940 1306 994; x_wconf 79' lang='grc' dir='ltr'>τὸν</span> <span class='ocrx_word' id='word_1_67' title='bbox 1342 935 1514 1006; x_wconf 71' lang='grc' dir='ltr'>Ἀδὰμ</span> <span class='ocrx_word' id='word_1_68' title='bbox 1538 932 1692 1024; x_wconf 79' lang='grc' dir='ltr'>οὐδέ-</span> 
     </span>
    </p>
   </div>
   <div class='ocr_carea' id='block_1_12' title="bbox 119 1023 1687 1118">
    <p class='ocr_par' dir='ltr' id='par_1_12' title="bbox 119 1023 1687 1118">
     <span class='ocr_line' id='line_1_12' title="bbox 119 1023 1687 1118; baseline -0.015 -19"><span class='ocrx_word' id='word_1_69' title='bbox 119 1062 267 1118; x_wconf 83' lang='grc' dir='ltr'>τερον</span> <span class='ocrx_word' id='word_1_70' title='bbox 299 1046 505 1096; x_wconf 82' lang='grc' dir='ltr'>τούτων</span> <span class='ocrx_word' id='word_1_71' title='bbox 531 1040 778 1108; x_wconf 82' lang='grc' dir='ltr'>γέγονεν·</span> <span class='ocrx_word' id='word_1_72' title='bbox 807 1025 930 1091; x_wconf 70' lang='grc' dir='ltr'>οὔτε</span> <span class='ocrx_word' id='word_1_73' title='bbox 954 1035 1062 1107; x_wconf 86' lang='grc' dir='ltr'><strong>γὰρ</strong></span> <span class='ocrx_word' id='word_1_74' title='bbox 1098 1033 1320 1088; x_wconf 84' lang='grc' dir='ltr'>ἀντεῖπε</span> <span class='ocrx_word' id='word_1_75' title='bbox 1355 1031 1422 1098; x_wconf 83' lang='grc' dir='ltr'>τῇ</span> <span class='ocrx_word' id='word_1_76' title='bbox 1447 1023 1687 1096; x_wconf 77' lang='grc' dir='ltr'>γυναικὶ,</span> 
     </span>
    </p>
   </div>
   <div class='ocr_carea' id='block_1_13' title="bbox 117 1112 1690 1205">
    <p class='ocr_par' dir='ltr' id='par_1_13' title="bbox 117 1112 1690 1205">
     <span class='ocr_line' id='line_1_13' title="bbox 117 1112 1690 1205; baseline -0.015 -15"><span class='ocrx_word' id='word_1_77' title='bbox 117 1112 234 1190; x_wconf 74' lang='grc' dir='ltr'>οὔτε</span> <span class='ocrx_word' id='word_1_78' title='bbox 262 1134 494 1205; x_wconf 82' lang='grc' dir='ltr'>μέγεοος</span> <span class='ocrx_word' id='word_1_79' title='bbox 545 1132 709 1185; x_wconf 69' lang='grc' dir='ltr'>αὐτὸν</span> <span class='ocrx_word' id='word_1_80' title='bbox 759 1128 1097 1197; x_wconf 77' lang='grc' dir='ltr'>ἐπαγγελίας</span> <span class='ocrx_word' id='word_1_81' title='bbox 1147 1123 1532 1194; x_wconf 84' lang='grc' dir='ltr'>συνήρπασεν·</span> <span class='ocrx_word' id='word_1_82' title='bbox 1573 1112 1690 1170; x_wconf 82' lang='grc' dir='ltr'>ἀλλ’</span> 
     </span>
    </p>
   </div>
   <div class='ocr_carea' id='block_1_14' title="bbox 117 1207 1691 1294">
    <p class='ocr_par' dir='ltr' id='par_1_14' title="bbox 117 1207 1691 1294">
     <span class='ocr_line' id='line_1_14' title="bbox 117 1207 1691 1294; baseline -0.013 -13"><span class='ocrx_word' id='word_1_83' title='bbox 117 1229 260 1282; x_wconf 74' lang='grc' dir='ltr'>οὐδὲν</span> <span class='ocrx_word' id='word_1_84' title='bbox 280 1227 503 1280; x_wconf 80' lang='grc' dir='ltr'>ἔλαττον</span> <span class='ocrx_word' id='word_1_85' title='bbox 522 1217 677 1288; x_wconf 75' lang='grc' dir='ltr'>οὗτος</span> <span class='ocrx_word' id='word_1_86' title='bbox 711 1210 867 1294; x_wconf 71' lang='grc' dir='ltr'>ὤφθη</span> <span class='ocrx_word' id='word_1_87' title='bbox 887 1223 1101 1291; x_wconf 68' lang='grc' dir='ltr'>ἕτοιμος</span> <span class='ocrx_word' id='word_1_88' title='bbox 1131 1217 1265 1290; x_wconf 75' lang='grc' dir='ltr'>πρὸς</span> <span class='ocrx_word' id='word_1_89' title='bbox 1281 1214 1341 1268; x_wconf 75' lang='grc' dir='ltr'>τὸ</span> <span class='ocrx_word' id='word_1_90' title='bbox 1369 1207 1691 1284; x_wconf 75' lang='grc' dir='ltr'>μεταλαϐεῖν</span> 
     </span>
    </p>
   </div>
   <div class='ocr_carea' id='block_1_15' title="bbox 117 1301 1691 1389">
    <p class='ocr_par' dir='ltr' id='par_1_15' title="bbox 117 1301 1691 1389">
     <span class='ocr_line' id='line_1_15' title="bbox 117 1301 1691 1389; baseline -0.013 -16"><span class='ocrx_word' id='word_1_91' title='bbox 117 1323 146 1389; x_wconf 79' lang='grc' dir='ltr'>ἢ</span> <span class='ocrx_word' id='word_1_92' title='bbox 181 1319 384 1388; x_wconf 74' lang='grc' dir='ltr'><strong>ἐκείνη⁸</strong></span> <span class='ocrx_word' id='word_1_93' title='bbox 407 1317 734 1389; x_wconf 68' lang='grc' dir='ltr'>μεταδοῦναι</span> <span class='ocrx_word' id='word_1_94' title='bbox 769 1316 869 1384; x_wconf 79' lang='grc' dir='ltr'><strong>τῆς</strong></span> <span class='ocrx_word' id='word_1_95' title='bbox 893 1314 1147 1385; x_wconf 81' lang='grc' dir='ltr'><strong>βρώσεως</strong></span> <span class='ocrx_word' id='word_1_96' title='bbox 1171 1326 1184 1340; x_wconf 85' lang='lat'><strong><em>°</em></strong></span> <span class='ocrx_word' id='word_1_97' title='bbox 1230 1307 1420 1378; x_wconf 83' lang='grc' dir='ltr'>διόπερ</span> <span class='ocrx_word' id='word_1_98' title='bbox 1467 1301 1691 1364; x_wconf 77' lang='grc' dir='ltr'><strong>εἰκότως</strong></span> 
     </span>
    </p>
   </div>
   <div class='ocr_carea' id='block_1_16' title="bbox 119 1389 1692 1478">
    <p class='ocr_par' dir='ltr' id='par_1_16' title="bbox 119 1389 1692 1478">
     <span class='ocr_line' id='line_1_16' title="bbox 119 1389 1692 1478; baseline -0.013 -15"><span class='ocrx_word' id='word_1_99' title='bbox 119 1411 181 1463; x_wconf 82' lang='grc' dir='ltr'>ἆν</span> <span class='ocrx_word' id='word_1_100' title='bbox 198 1411 368 1463; x_wconf 86' lang='grc' dir='ltr'>νοοῖτο</span> <span class='ocrx_word' id='word_1_101' title='bbox 410 1409 518 1461; x_wconf 76' lang='grc' dir='ltr'><strong>οὐκ</strong></span> <span class='ocrx_word' id='word_1_102' title='bbox 560 1407 747 1478; x_wconf 81' lang='grc' dir='ltr'>ἀπάτῃ</span> <span class='ocrx_word' id='word_1_103' title='bbox 804 1389 1004 1476; x_wconf 82' lang='grc' dir='ltr'>μᾶλλον</span> <span class='ocrx_word' id='word_1_104' title='bbox 1037 1402 1149 1456; x_wconf 86' lang='grc' dir='ltr'>ἀλλ’</span> <span class='ocrx_word' id='word_1_105' title='bbox 1185 1399 1347 1472; x_wconf 77' lang='grc' dir='ltr'>ἔρωτι</span> <span class='ocrx_word' id='word_1_106' title='bbox 1375 1396 1560 1449; x_wconf 82' lang='grc' dir='ltr'>πεσεῖν</span> <span class='ocrx_word' id='word_1_107' title='bbox 1591 1389 1692 1461; x_wconf 80' lang='grc' dir='ltr'>τῆς</span> 
     </span>
    </p>
   </div>
   <div class='ocr_carea' id='block_1_17' title="bbox 119 1484 1692 1572">
    <p class='ocr_par' dir='ltr' id='par_1_17' title="bbox 119 1484 1692 1572">
     <span class='ocr_line' id='line_1_17' title="bbox 119 1484 1692 1572; baseline -0.023 -2"><span class='ocrx_word' id='word_1_108' title='bbox 119 1501 362 1572; x_wconf 77' lang='grc' dir='ltr'>βρώσεως</span> <span class='ocrx_word' id='word_1_109' title='bbox 387 1502 471 1563; x_wconf 76' lang='grc' dir='ltr'><strong>εἰς</strong></span> <span class='ocrx_word' id='word_1_110' title='bbox 490 1518 566 1552; x_wconf 85' lang='grc' dir='ltr'><strong>πα</strong></span> <span class='ocrx_word' id='word_1_111' title='bbox 577 1498 832 1570; x_wconf 69' lang='grc' dir='ltr'>ρὰδασινο</span> <span class='ocrx_word' id='word_1_112' title='bbox 858 1497 972 1551; x_wconf 86' lang='grc' dir='ltr'>ἀλλ’</span> <span class='ocrx_word' id='word_1_113' title='bbox 994 1499 1021 1550; x_wconf 91' lang='lat'><strong>6</strong></span> <span class='ocrx_word' id='word_1_114' title='bbox 1045 1495 1144 1568; x_wconf 76' lang='grc' dir='ltr'><strong>μὲν</strong></span> <span class='ocrx_word' id='word_1_115' title='bbox 1161 1495 1319 1562; x_wconf 83' lang='grc' dir='ltr'>λόγος</span> <span class='ocrx_word' id='word_1_116' title='bbox 1349 1484 1503 1552; x_wconf 71' lang='grc' dir='ltr'>οὗτος</span> <span class='ocrx_word' id='word_1_117' title='bbox 1535 1485 1692 1554; x_wconf 78' lang='grc' dir='ltr'>εἴπερ</span> 
     </span>
    </p>
   </div>
   <div class='ocr_carea' id='block_1_18' title="bbox 117 1574 1688 1661">
    <p class='ocr_par' dir='ltr' id='par_1_18' title="bbox 117 1574 1688 1661">
     <span class='ocr_line' id='line_1_18' title="bbox 117 1574 1688 1661; baseline -0.011 -18"><span class='ocrx_word' id='word_1_118' title='bbox 117 1595 168 1644; x_wconf 78' lang='grc' dir='ltr'>ἐν</span> <span class='ocrx_word' id='word_1_119' title='bbox 193 1591 368 1654; x_wconf 82' lang='grc' dir='ltr'>ἄλλοις</span> <span class='ocrx_word' id='word_1_120' title='bbox 399 1589 741 1661; x_wconf 77' lang='grc' dir='ltr'>ἔχειχώραν,</span> <span class='ocrx_word' id='word_1_121' title='bbox 795 1587 997 1658; x_wconf 81' lang='grc' dir='ltr'>ὲχέτω’</span> <span class='ocrx_word' id='word_1_122' title='bbox 1027 1585 1122 1640; x_wconf 78' lang='grc' dir='ltr'><strong>νῦν</strong></span> <span class='ocrx_word' id='word_1_123' title='bbox 1146 1584 1203 1638; x_wconf 85' lang='grc' dir='ltr'><strong>δὲ</strong></span> <span class='ocrx_word' id='word_1_124' title='bbox 1246 1585 1346 1636; x_wconf 77' lang='grc' dir='ltr'><strong>οὐκ</strong></span> <span class='ocrx_word' id='word_1_125' title='bbox 1389 1579 1503 1649; x_wconf 75' lang='grc' dir='ltr'>ἔχει</span> <span class='ocrx_word' id='word_1_126' title='bbox 1544 1574 1688 1643; x_wconf 80' lang='grc' dir='ltr'>πάρ-</span> 
     </span>
    </p>
   </div>
   <div class='ocr_carea' id='block_1_19' title="bbox 115 1672 1692 1752">
    <p class='ocr_par' dir='ltr' id='par_1_19' title="bbox 115 1672 1692 1752">
     <span class='ocr_line' id='line_1_19' title="bbox 115 1672 1692 1752; baseline -0.012 -15"><span class='ocrx_word' id='word_1_127' title='bbox 115 1685 252 1737; x_wconf 87' lang='grc' dir='ltr'>οδον·</span> <span class='ocrx_word' id='word_1_128' title='bbox 281 1681 596 1752; x_wconf 73' lang='grc' dir='ltr'>ὑπερτιθείς</span> <span class='ocrx_word' id='word_1_129' title='bbox 627 1681 735 1751; x_wconf 85' lang='grc' dir='ltr'>γὰρ</span> <span class='ocrx_word' id='word_1_130' title='bbox 765 1681 860 1750; x_wconf 83' lang='grc' dir='ltr'>τῆς</span> <span class='ocrx_word' id='word_1_131' title='bbox 887 1677 1145 1750; x_wconf 74' lang='grc' dir='ltr'>ἀληθείας</span> <span class='ocrx_word' id='word_1_132' title='bbox 1175 1678 1202 1730; x_wconf 88' lang='grc' dir='ltr'>ὁ</span> <span class='ocrx_word' id='word_1_133' title='bbox 1231 1673 1406 1745; x_wconf 80' lang='grc' dir='ltr'>κήρυξ</span> <span class='ocrx_word' id='word_1_134' title='bbox 1433 1672 1526 1724; x_wconf 76' lang='grc' dir='ltr'><strong>καὶ</strong></span> <span class='ocrx_word' id='word_1_135' title='bbox 1558 1683 1692 1739; x_wconf 89' lang='grc' dir='ltr'>προ-</span> 
     </span>
    </p>
   </div>
   <div class='ocr_carea' id='block_1_20' title="bbox 116 1737 1766 1845">
    <p class='ocr_par' dir='ltr' id='par_1_20' title="bbox 116 1737 1766 1845">
     <span class='ocr_line' id='line_1_20' title="bbox 116 1737 1766 1845; baseline -0.01 -16"><span class='ocrx_word' id='word_1_136' title='bbox 116 1775 278 1845; x_wconf 81' lang='grc' dir='ltr'>τιμῶν</span> <span class='ocrx_word' id='word_1_137' title='bbox 312 1737 405 1827; x_wconf 67' lang='grc' dir='ltr'><strong>τὺν</strong></span> <span class='ocrx_word' id='word_1_138' title='bbox 437 1737 613 1843; x_wconf 75' lang='grc' dir='ltr'>’Δδὰμ</span> <span class='ocrx_word' id='word_1_139' title='bbox 639 1737 759 1842; x_wconf 38' lang='lat' dir='ltr'><strong>vri};</strong></span> <span class='ocrx_word' id='word_1_140' title='bbox 808 1737 1090 1840; x_wconf 67' lang='grc' dir='ltr'>γυναικὸς,</span> <span class='ocrx_word' id='word_1_141' title='bbox 1126 1737 1246 1823; x_wconf 40' lang='grc' dir='ltr'>-καὶ</span> <span class='ocrx_word' id='word_1_142' title='bbox 1278 1737 1688 1836; x_wconf 65' lang='grc' dir='ltr'>τήνύποταγήν</span> <span class='ocrx_word' id='word_1_143' title='bbox 1721 1737 1766 1793; x_wconf 77' lang='grc' dir='ltr'>Β</span> 
     </span>
    </p>
   </div>
   <div class='ocr_carea' id='block_1_21' title="bbox 113 1854 1686 1938">
    <p class='ocr_par' dir='ltr' id='par_1_21' title="bbox 113 1854 1686 1938">
     <span class='ocr_line' id='line_1_21' title="bbox 113 1854 1686 1938; baseline -0.01 -15"><span class='ocrx_word' id='word_1_144' title='bbox 113 1869 242 1938; x_wconf 73' lang='grc' dir='ltr'>αὐτῇ</span> <span class='ocrx_word' id='word_1_145' title='bbox 298 1866 606 1936; x_wconf 77' lang='grc' dir='ltr'>παραινῶν,</span> <span class='ocrx_word' id='word_1_146' title='bbox 661 1865 758 1919; x_wconf 78' lang='grc' dir='ltr'><strong>καὶ</strong></span> <span class='ocrx_word' id='word_1_147' title='bbox 799 1865 888 1918; x_wconf 78' lang='grc' dir='ltr'>διὰ.</span> <span class='ocrx_word' id='word_1_148' title='bbox 941 1864 1002 1917; x_wconf 81' lang='grc' dir='ltr'>τὺ</span> <span class='ocrx_word' id='word_1_149' title='bbox 1068 1864 1144 1934; x_wconf 82' lang='grc' dir='ltr'><strong>μὴ</strong></span> <span class='ocrx_word' id='word_1_150' title='bbox 1191 1858 1532 1929; x_wconf 80' lang='grc' dir='ltr'>ἀπατηθῆναι</span> <span class='ocrx_word' id='word_1_151' title='bbox 1595 1854 1686 1908; x_wconf 89' lang='grc' dir='ltr'><strong>τδν</strong></span> 
     </span>
    </p>
   </div>
   <div class='ocr_carea' id='block_1_22' title="bbox 127 1948 1683 2031">
    <p class='ocr_par' dir='ltr' id='par_1_22' title="bbox 127 1948 1683 2031">
     <span class='ocr_line' id='line_1_22' title="bbox 127 1948 1683 2031; baseline -0.01 -17"><span class='ocrx_word' id='word_1_152' title='bbox 127 1961 285 2029; x_wconf 77' lang='grc' dir='ltr'>Ἀδὰμ</span> <span class='ocrx_word' id='word_1_153' title='bbox 355 1960 548 2031; x_wconf 84' lang='grc' dir='ltr'>ὥσπερ</span> <span class='ocrx_word' id='word_1_154' title='bbox 596 1960 690 2014; x_wconf 76' lang='grc' dir='ltr'><strong>καὶ</strong></span> <span class='ocrx_word' id='word_1_155' title='bbox 756 1957 848 2010; x_wconf 73' lang='grc' dir='ltr'>διὰ</span> <span class='ocrx_word' id='word_1_156' title='bbox 885 1955 996 2010; x_wconf 82' lang='grc' dir='ltr'><strong>τῶν</strong></span> <span class='ocrx_word' id='word_1_157' title='bbox 1051 1953 1227 2009; x_wconf 80' lang='grc' dir='ltr'>ἄλλων</span> <span class='ocrx_word' id='word_1_158' title='bbox 1257 1948 1683 2020; x_wconf 77' lang='grc' dir='ltr'>ἐνθυμημάτων,</span> 
     </span>
    </p>
   </div>
   <div class='ocr_carea' id='block_1_23' title="bbox 115 2040 1685 2121">
    <p class='ocr_par' dir='ltr' id='par_1_23' title="bbox 115 2040 1685 2121">
     <span class='ocr_line' id='line_1_23' title="bbox 115 2040 1685 2121; baseline -0.009 -13"><span class='ocrx_word' id='word_1_159' title='bbox 115 2053 247 2109; x_wconf 74' lang='grc' dir='ltr'>οὕτω</span> <span class='ocrx_word' id='word_1_160' title='bbox 273 2054 366 2106; x_wconf 66' lang='grc' dir='ltr'><strong>καί⁵</strong></span> <span class='ocrx_word' id='word_1_161' title='bbox 395 2053 489 2106; x_wconf 80' lang='grc' dir='ltr'>διὰ</span> <span class='ocrx_word' id='word_1_162' title='bbox 504 2051 714 2121; x_wconf 87' lang='grc' dir='ltr'>ταύτην</span> <span class='ocrx_word' id='word_1_163' title='bbox 744 2050 840 2121; x_wconf 81' lang='grc' dir='ltr'><strong>τὴν</strong></span> <span class='ocrx_word' id='word_1_164' title='bbox 867 2050 1049 2104; x_wconf 89' lang='grc' dir='ltr'>αἰτίαν</span> <span class='ocrx_word' id='word_1_165' title='bbox 1093 2045 1246 2116; x_wconf 78' lang='grc' dir='ltr'>ἰσχὺν</span> <span class='ocrx_word' id='word_1_166' title='bbox 1272 2043 1490 2114; x_wconf 77' lang='grc' dir='ltr'>ἄμαχον</span> <span class='ocrx_word' id='word_1_167' title='bbox 1540 2040 1685 2110; x_wconf 79' lang='grc' dir='ltr'>ἔχειν</span> 
     </span>
    </p>
   </div>
   <div class='ocr_carea' id='block_1_24' title="bbox 115 2129 1684 2218">
    <p class='ocr_par' dir='ltr' id='par_1_24' title="bbox 115 2129 1684 2218">
     <span class='ocr_line' id='line_1_24' title="bbox 115 2129 1684 2218; baseline -0.008 -20"><span class='ocrx_word' id='word_1_168' title='bbox 115 2147 204 2217; x_wconf 82' lang='grc' dir='ltr'>τὴν</span> <span class='ocrx_word' id='word_1_169' title='bbox 260 2145 587 2218; x_wconf 85' lang='grc' dir='ltr'>παραίνεσιν</span> <span class='ocrx_word' id='word_1_170' title='bbox 645 2134 1000 2208; x_wconf 64' lang='grc' dir='ltr'><strong>ἐπεδείξαντο⁸</strong></span> <span class='ocrx_word' id='word_1_171' title='bbox 1053 2141 1165 2194; x_wconf 84' lang='grc' dir='ltr'>ἀλλ’</span> <span class='ocrx_word' id='word_1_172' title='bbox 1196 2132 1297 2192; x_wconf 84' lang='grc' dir='ltr'>ὦδε</span> <span class='ocrx_word' id='word_1_173' title='bbox 1325 2136 1444 2208; x_wconf 82' lang='grc' dir='ltr'>μὲν,</span> <span class='ocrx_word' id='word_1_174' title='bbox 1503 2129 1684 2202; x_wconf 79' lang='grc' dir='ltr'>οἶμαι,</span> 
     </span>
    </p>
   </div>
   <div class='ocr_carea' id='block_1_25' title="bbox 114 2227 1577 2310">
    <p class='ocr_par' dir='ltr' id='par_1_25' title="bbox 114 2227 1577 2310">
     <span class='ocr_line' id='line_1_25' title="bbox 114 2227 1577 2310; baseline -0.008 -18"><span class='ocrx_word' id='word_1_175' title='bbox 114 2238 500 2310; x_wconf 79' lang='grc' dir='ltr'>διευκρίνηται,</span> <span class='ocrx_word' id='word_1_176' title='bbox 527 2237 649 2291; x_wconf 88' lang='grc' dir='ltr'>τίνα</span> <span class='ocrx_word' id='word_1_177' title='bbox 681 2237 882 2306; x_wconf 82' lang='grc' dir='ltr'>τρόπον</span> <span class='ocrx_word' id='word_1_178' title='bbox 905 2235 1005 2288; x_wconf 81' lang='grc' dir='ltr'><strong>οὐκ</strong></span> <span class='ocrx_word' id='word_1_179' title='bbox 1043 2231 1298 2303; x_wconf 78' lang='grc' dir='ltr'>ἠπατήθη</span> <span class='ocrx_word' id='word_1_180' title='bbox 1326 2230 1354 2281; x_wconf 88' lang='grc' dir='ltr'>ὁ</span> <span class='ocrx_word' id='word_1_181' title='bbox 1384 2227 1577 2298; x_wconf 82' lang='grc' dir='ltr'>Ἀδάμ.</span> 
     </span>
    </p>
   </div>
   <div class='ocr_carea' id='block_1_26' title="bbox 177 2318 1678 2402">
    <p class='ocr_par' dir='ltr' id='par_1_26' title="bbox 177 2318 1678 2402">
     <span class='ocr_line' id='line_1_26' title="bbox 177 2318 1678 2402; baseline -0.01 -17"><span class='ocrx_word' id='word_1_182' title='bbox 177 2331 247 2384; x_wconf 83' lang='grc' dir='ltr'>Τὸ</span> <span class='ocrx_word' id='word_1_183' title='bbox 275 2331 355 2396; x_wconf 81' lang='grc' dir='ltr'><strong>δὲ,</strong></span> <span class='ocrx_word' id='word_1_184' title='bbox 384 2349 404 2383; x_wconf 77' lang='grc' dir='ltr'><strong>ι</strong></span> <span class='ocrx_word' id='word_1_185' title='bbox 443 2329 762 2402; x_wconf 85' lang='grc' dir='ltr'>Σωθήσεται</span> <span class='ocrx_word' id='word_1_186' title='bbox 789 2329 881 2382; x_wconf 87' lang='grc' dir='ltr'>διὰ</span> <span class='ocrx_word' id='word_1_187' title='bbox 911 2329 1011 2398; x_wconf 81' lang='grc' dir='ltr'><strong>τῆς</strong></span> <span class='ocrx_word' id='word_1_188' title='bbox 1035 2323 1381 2393; x_wconf 84' lang='grc' dir='ltr'>τεκνογονίας</span> <span class='ocrx_word' id='word_1_189' title='bbox 1411 2322 1444 2392; x_wconf 92' lang='grc' dir='ltr'><strong>ή</strong></span> <span class='ocrx_word' id='word_1_190' title='bbox 1471 2318 1628 2390; x_wconf 85' lang='grc' dir='ltr'>γυνή,</span> <span class='ocrx_word' id='word_1_191' title='bbox 1659 2337 1678 2371; x_wconf 74' lang='grc' dir='ltr'><strong>ι</strong></span> 
     </span>
    </p>
   </div>
   <div class='ocr_carea' id='block_1_27' title="bbox 115 2410 1686 2493">
    <p class='ocr_par' dir='ltr' id='par_1_27' title="bbox 115 2410 1686 2493">
     <span class='ocr_line' id='line_1_27' title="bbox 115 2410 1686 2493; baseline -0.009 -16"><span class='ocrx_word' id='word_1_192' title='bbox 115 2424 378 2477; x_wconf 77' lang='grc' dir='ltr'>τουτέστιν</span> <span class='ocrx_word' id='word_1_193' title='bbox 413 2424 452 2493; x_wconf 87' lang='grc' dir='ltr'>ὴ</span> <span class='ocrx_word' id='word_1_194' title='bbox 478 2421 587 2475; x_wconf 83' lang='grc' dir='ltr'><strong>τῶν</strong></span> <span class='ocrx_word' id='word_1_195' title='bbox 622 2419 899 2491; x_wconf 85' lang='grc' dir='ltr'>γυναικῶν</span> <span class='ocrx_word' id='word_1_196' title='bbox 927 2418 1089 2488; x_wconf 79' lang='grc' dir='ltr'>φύσις</span> <span class='ocrx_word' id='word_1_197' title='bbox 1113 2433 1126 2447; x_wconf 93' lang='grc'><strong>·</strong></span> <span class='ocrx_word' id='word_1_198' title='bbox 1154 2416 1248 2470; x_wconf 77' lang='grc' dir='ltr'>καὶ</span> <span class='ocrx_word' id='word_1_199' title='bbox 1274 2414 1383 2485; x_wconf 77' lang='grc' dir='ltr'>γὰρ</span> <span class='ocrx_word' id='word_1_200' title='bbox 1407 2413 1494 2466; x_wconf 82' lang='grc' dir='ltr'>διὰ</span> <span class='ocrx_word' id='word_1_201' title='bbox 1525 2410 1686 2466; x_wconf 81' lang='grc' dir='ltr'>τοῦτο</span> 
     </span>
    </p>
   </div>
   <div class='ocr_carea' id='block_1_28' title="bbox 115 2503 1684 2585">
    <p class='ocr_par' dir='ltr' id='par_1_28' title="bbox 115 2503 1684 2585">
     <span class='ocr_line' id='line_1_28' title="bbox 115 2503 1684 2585; baseline -0.011 -14"><span class='ocrx_word' id='word_1_202' title='bbox 115 2518 203 2585; x_wconf 73' lang='grc' dir='ltr'><strong>τήν</strong></span> <span class='ocrx_word' id='word_1_203' title='bbox 228 2515 368 2570; x_wconf 80' lang='grc' dir='ltr'>Εὔαν</span> <span class='ocrx_word' id='word_1_204' title='bbox 395 2515 465 2568; x_wconf 81' lang='grc' dir='ltr'>τὸ</span> <span class='ocrx_word' id='word_1_205' title='bbox 503 2515 686 2582; x_wconf 79' lang='grc' dir='ltr'>λόγιον</span> <span class='ocrx_word' id='word_1_206' title='bbox 735 2513 814 2576; x_wconf 83' lang='grc' dir='ltr'><strong>εἰς</strong></span> <span class='ocrx_word' id='word_1_207' title='bbox 861 2511 960 2582; x_wconf 79' lang='grc' dir='ltr'><strong>τὴν</strong></span> <span class='ocrx_word' id='word_1_208' title='bbox 1005 2511 1238 2579; x_wconf 87' lang='grc' dir='ltr'>γυναῖκα</span> <span class='ocrx_word' id='word_1_209' title='bbox 1271 2503 1588 2578; x_wconf 79' lang='grc' dir='ltr'>μετέλαϐεν.</span> <span class='ocrx_word' id='word_1_210' title='bbox 1621 2503 1684 2556; x_wconf 77' lang='lat' dir='ltr'><strong>Oi</strong></span> 
     </span>
    </p>
   </div>
   <div class='ocr_carea' id='block_1_29' title="bbox 113 2595 1686 2680">
    <p class='ocr_par' dir='ltr' id='par_1_29' title="bbox 113 2595 1686 2680">
     <span class='ocr_line' id='line_1_29' title="bbox 113 2595 1686 2680; baseline -0.009 -17"><span class='ocrx_word' id='word_1_211' title='bbox 113 2612 206 2680; x_wconf 83' lang='grc' dir='ltr'><strong>μέν</strong></span> <span class='ocrx_word' id='word_1_212' title='bbox 231 2627 360 2679; x_wconf 85' lang='grc' dir='ltr'>φασι</span> <span class='ocrx_word' id='word_1_213' title='bbox 379 2608 733 2676; x_wconf 86' lang='grc' dir='ltr'>τεκνογονίαν</span> <span class='ocrx_word' id='word_1_214' title='bbox 751 2595 924 2659; x_wconf 85' lang='grc' dir='ltr'>εἰπεῖν</span> <span class='ocrx_word' id='word_1_215' title='bbox 946 2604 1038 2656; x_wconf 83' lang='grc' dir='ltr'><strong>τὸν</strong></span> <span class='ocrx_word' id='word_1_216' title='bbox 1067 2599 1410 2662; x_wconf 82' lang='grc' dir='ltr'>Ἀπόστολον,</span> <span class='ocrx_word' id='word_1_217' title='bbox 1430 2597 1528 2669; x_wconf 85' lang='grc' dir='ltr'>τὴν</span> <span class='ocrx_word' id='word_1_218' title='bbox 1558 2595 1686 2667; x_wconf 79' lang='grc' dir='ltr'>περὶ</span> 
     </span>
    </p>
   </div>
   <div class='ocr_carea' id='block_1_30' title="bbox 113 2687 1687 2774">
    <p class='ocr_par' dir='ltr' id='par_1_30' title="bbox 113 2687 1687 2774">
     <span class='ocr_line' id='line_1_30' title="bbox 113 2687 1687 2774; baseline -0.011 -16"><span class='ocrx_word' id='word_1_219' title='bbox 113 2707 174 2758; x_wconf 64' lang='grc' dir='ltr'>τὰ</span> <span class='ocrx_word' id='word_1_220' title='bbox 195 2705 358 2759; x_wconf 85' lang='grc' dir='ltr'>τέκνα</span> <span class='ocrx_word' id='word_1_221' title='bbox 386 2703 652 2774; x_wconf 76' lang='grc' dir='ltr'>πρόνοιαν</span> <span class='ocrx_word' id='word_1_222' title='bbox 698 2698 794 2752; x_wconf 70' lang='grc' dir='ltr'>καὶ</span> <span class='ocrx_word' id='word_1_223' title='bbox 843 2695 1078 2766; x_wconf 87' lang='grc' dir='ltr'>σπουδὴν</span> <span class='ocrx_word' id='word_1_224' title='bbox 1102 2693 1166 2747; x_wconf 83' lang='grc' dir='ltr'>δι’</span> <span class='ocrx_word' id='word_1_225' title='bbox 1198 2688 1264 2766; x_wconf 83' lang='grc' dir='ltr'>ἦς</span> <span class='ocrx_word' id='word_1_226' title='bbox 1313 2691 1467 2745; x_wconf 81' lang='grc' dir='ltr'>αὐτοί</span> <span class='ocrx_word' id='word_1_227' title='bbox 1494 2708 1554 2744; x_wconf 87' lang='grc' dir='ltr'><strong>τε</strong></span> <span class='ocrx_word' id='word_1_228' title='bbox 1593 2687 1687 2744; x_wconf 88' lang='grc' dir='ltr'>πί-</span> 
     </span>
    </p>
   </div>
   <div class='ocr_carea' id='block_1_31' title="bbox 112 2782 1688 2865">
    <p class='ocr_par' dir='ltr' id='par_1_31' title="bbox 112 2782 1688 2865">
     <span class='ocr_line' id='line_1_31' title="bbox 112 2782 1688 2865; baseline -0.01 -15"><span class='ocrx_word' id='word_1_229' title='bbox 112 2814 220 2850; x_wconf 85' lang='grc' dir='ltr'>στει</span> <span class='ocrx_word' id='word_1_230' title='bbox 251 2797 343 2850; x_wconf 72' lang='grc' dir='ltr'><strong>καὶ</strong></span> <span class='ocrx_word' id='word_1_231' title='bbox 368 2795 563 2865; x_wconf 79' lang='grc' dir='ltr'>ἀγάπῃ</span> <span class='ocrx_word' id='word_1_232' title='bbox 593 2793 976 2862; x_wconf 74' lang='grc' dir='ltr'>στηριζόμενοι</span> <span class='ocrx_word' id='word_1_233' title='bbox 1007 2789 1100 2842; x_wconf 73' lang='grc' dir='ltr'><strong>τὸν</strong></span> <span class='ocrx_word' id='word_1_234' title='bbox 1148 2785 1419 2857; x_wconf 83' lang='grc' dir='ltr'>ἁγιασμὺν</span> <span class='ocrx_word' id='word_1_235' title='bbox 1466 2784 1560 2838; x_wconf 75' lang='grc' dir='ltr'>καὶ</span> <span class='ocrx_word' id='word_1_236' title='bbox 1589 2782 1688 2852; x_wconf 84' lang='grc' dir='ltr'><strong>τὴν</strong></span> 
     </span>
    </p>
   </div>
   <div class='ocr_carea' id='block_1_32' title="bbox 116 2875 1688 2959">
    <p class='ocr_par' dir='ltr' id='par_1_32' title="bbox 116 2875 1688 2959">
     <span class='ocr_line' id='line_1_32' title="bbox 116 2875 1688 2959; baseline -0.01 -16"><span class='ocrx_word' id='word_1_237' title='bbox 116 2889 461 2959; x_wconf 76' lang='grc' dir='ltr'>σωφροσύνην</span> <span class='ocrx_word' id='word_1_238' title='bbox 498 2883 1037 2956; x_wconf 86' lang='grc' dir='ltr'>συγκατορθώσουσι,</span> <span class='ocrx_word' id='word_1_239' title='bbox 1073 2884 1171 2935; x_wconf 65' lang='grc' dir='ltr'><strong>καί¹</strong></span> <span class='ocrx_word' id='word_1_240' title='bbox 1197 2881 1252 2935; x_wconf 86' lang='grc' dir='ltr'><strong>αί</strong></span> <span class='ocrx_word' id='word_1_241' title='bbox 1305 2880 1444 2948; x_wconf 83' lang='grc' dir='ltr'>πρὸς</span> <span class='ocrx_word' id='word_1_242' title='bbox 1485 2875 1688 2948; x_wconf 83' lang='grc' dir='ltr'>ἀρετὰς</span> 
     </span>
    </p>
   </div>
   <div class='ocr_carea' id='block_1_33' title="bbox 115 2966 1690 3048">
    <p class='ocr_par' dir='ltr' id='par_1_33' title="bbox 115 2966 1690 3048">
     <span class='ocr_line' id='line_1_33' title="bbox 115 2966 1690 3048; baseline -0.008 -14"><span class='ocrx_word' id='word_1_243' title='bbox 115 2982 298 3044; x_wconf 73' lang='grc' dir='ltr'>αὐτοὺς</span> <span class='ocrx_word' id='word_1_244' title='bbox 325 2973 780 3048; x_wconf 81' lang='grc' dir='ltr'>παιδαγωγοῦσαι</span> <span class='ocrx_word' id='word_1_245' title='bbox 814 2977 1056 3048; x_wconf 82' lang='grc' dir='ltr'>μητέρες</span> <span class='ocrx_word' id='word_1_246' title='bbox 1079 2973 1322 3046; x_wconf 83' lang='grc' dir='ltr'>δηλονότι</span> <span class='ocrx_word' id='word_1_247' title='bbox 1341 2967 1411 3025; x_wconf 80' lang='grc' dir='ltr'>τὰ</span> <span class='ocrx_word' id='word_1_248' title='bbox 1437 2969 1575 3024; x_wconf 69' lang='grc' dir='ltr'>αὐτὰ</span> <span class='ocrx_word' id='word_1_249' title='bbox 1592 2966 1690 3024; x_wconf 77' lang='grc' dir='ltr'><strong>καὶ</strong></span> 
     </span>
    </p>
   </div>
   <div class='ocr_carea' id='block_1_34' title="bbox 1791 471 3366 544">
    <p class='ocr_par' dir='ltr' id='par_1_34' title="bbox 1791 471 3366 544">
     <span class='ocr_line' id='line_1_34' title="bbox 1791 471 3366 544; baseline 0.001 -16"><span class='ocrx_word' id='word_1_250' title='bbox 1791 472 2000 529; x_wconf 69' lang='lat' dir='ltr'><strong>sionem</strong></span> <span class='ocrx_word' id='word_1_251' title='bbox 2032 472 2263 527; x_wconf 85' lang='lat' dir='ltr'><strong>adducta</strong></span> <span class='ocrx_word' id='word_1_252' title='bbox 2291 480 2374 526; x_wconf 85' lang='lat' dir='ltr'><strong>est</strong></span> <span class='ocrx_word' id='word_1_253' title='bbox 2405 488 2420 538; x_wconf 90' lang='lat'><strong>;</strong></span> <span class='ocrx_word' id='word_1_254' title='bbox 2462 471 2551 525; x_wconf 85' lang='lat' dir='ltr'><strong>llle</strong></span> <span class='ocrx_word' id='word_1_255' title='bbox 2579 487 2711 526; x_wconf 84' lang='lat' dir='ltr'><strong>vero</strong></span> <span class='ocrx_word' id='word_1_256' title='bbox 2743 487 2907 528; x_wconf 89' lang='lat' dir='ltr'><strong>sensu</strong></span> <span class='ocrx_word' id='word_1_257' title='bbox 2963 473 3138 544; x_wconf 73' lang='lat' dir='ltr'><strong>magis</strong></span> <span class='ocrx_word' id='word_1_258' title='bbox 3157 485 3213 530; x_wconf 88' lang='lat' dir='ltr'><strong>et</strong></span> <span class='ocrx_word' id='word_1_259' title='bbox 3264 492 3366 530; x_wconf 78' lang='lat' dir='ltr'><strong>vo-</strong></span> 
     </span>
    </p>
   </div>
   <div class='ocr_carea' id='block_1_35' title="bbox 1789 559 3368 637">
    <p class='ocr_par' dir='ltr' id='par_1_35' title="bbox 1789 559 3368 637">
     <span class='ocr_line' id='line_1_35' title="bbox 1789 559 3368 637; baseline 0.003 -18"><span class='ocrx_word' id='word_1_260' title='bbox 1789 559 2001 620; x_wconf 82' lang='lat' dir='ltr'><strong>luntate</strong></span> <span class='ocrx_word' id='word_1_261' title='bbox 2063 564 2206 618; x_wconf 85' lang='lat' dir='ltr'><strong>hanc</strong></span> <span class='ocrx_word' id='word_1_262' title='bbox 2272 563 2558 633; x_wconf 79' lang='lat' dir='ltr'><strong>amplexus</strong></span> <span class='ocrx_word' id='word_1_263' title='bbox 2619 573 2736 628; x_wconf 86' lang='lat' dir='ltr'><strong>est;</strong></span> <span class='ocrx_word' id='word_1_264' title='bbox 2789 573 2896 618; x_wconf 85' lang='lat' dir='ltr'><strong>non</strong></span> <span class='ocrx_word' id='word_1_265' title='bbox 2949 563 3158 620; x_wconf 65' lang='lat' dir='ltr'><strong>videtur</strong></span> <span class='ocrx_word' id='word_1_266' title='bbox 3201 566 3368 637; x_wconf 64' lang='lat' dir='ltr'><strong>igitur</strong></span> 
     </span>
    </p>
   </div>
   <div class='ocr_carea' id='block_1_36' title="bbox 1790 641 3370 721">
    <p class='ocr_par' dir='ltr' id='par_1_36' title="bbox 1790 641 3370 721">
     <span class='ocr_line' id='line_1_36' title="bbox 1790 641 3370 721; baseline 0.002 -10"><span class='ocrx_word' id='word_1_267' title='bbox 1790 657 2010 721; x_wconf 81' lang='lat' dir='ltr'><strong>mulier,</strong></span> <span class='ocrx_word' id='word_1_268' title='bbox 2041 665 2101 710; x_wconf 91' lang='lat' dir='ltr'><strong>ut</strong></span> <span class='ocrx_word' id='word_1_269' title='bbox 2158 654 2386 712; x_wconf 83' lang='lat' dir='ltr'><strong>sedueta</strong></span> <span class='ocrx_word' id='word_1_270' title='bbox 2451 662 2560 720; x_wconf 73' lang='grc' dir='ltr'>ρει,</span> <span class='ocrx_word' id='word_1_271' title='bbox 2617 656 2688 710; x_wconf 90' lang='lat' dir='ltr'><strong>ita</strong></span> <span class='ocrx_word' id='word_1_272' title='bbox 2734 655 2918 710; x_wconf 88' lang='lat' dir='ltr'><strong>verbis</strong></span> <span class='ocrx_word' id='word_1_273' title='bbox 2963 655 3248 714; x_wconf 80' lang='lat' dir='ltr'><strong>seducens.</strong></span> <span class='ocrx_word' id='word_1_274' title='bbox 3280 641 3370 714; x_wconf 44' lang='lat' dir='ltr'><strong>&#39;Et</strong></span> 
     </span>
    </p>
   </div>
   <div class='ocr_carea' id='block_1_37' title="bbox 1791 743 3365 816">
    <p class='ocr_par' dir='ltr' id='par_1_37' title="bbox 1791 743 3365 816">
     <span class='ocr_line' id='line_1_37' title="bbox 1791 743 3365 816; baseline 0.001 -16"><span class='ocrx_word' id='word_1_275' title='bbox 1791 745 1882 800; x_wconf 69' lang='lat' dir='ltr'><strong>illa</strong></span> <span class='ocrx_word' id='word_1_276' title='bbox 1940 746 2158 816; x_wconf 85' lang='lat' dir='ltr'><strong>quidem</strong></span> <span class='ocrx_word' id='word_1_277' title='bbox 2192 755 2242 799; x_wconf 89' lang='lat' dir='ltr'><strong>et</strong></span> <span class='ocrx_word' id='word_1_278' title='bbox 2301 745 2674 800; x_wconf 77' lang='lat' dir='ltr'><strong>contradicere</strong></span> <span class='ocrx_word' id='word_1_279' title='bbox 2738 743 2976 798; x_wconf 71' lang='lat' dir='ltr'><strong>surrexit</strong></span> <span class='ocrx_word' id='word_1_280' title='bbox 3028 745 3265 813; x_wconf 74' lang='lat' dir='ltr'><strong>serpenti</strong></span> <span class='ocrx_word' id='word_1_281' title='bbox 3315 756 3365 802; x_wconf 85' lang='lat' dir='ltr'><strong>et</strong></span> 
     </span>
    </p>
   </div>
   <div class='ocr_carea' id='block_1_38' title="bbox 1790 833 3367 910">
    <p class='ocr_par' dir='ltr' id='par_1_38' title="bbox 1790 833 3367 910">
     <span class='ocr_line' id='line_1_38' title="bbox 1790 833 3367 910; baseline -0.002 -16"><span class='ocrx_word' id='word_1_282' title='bbox 1790 839 2166 910; x_wconf 84' lang='lat' dir='ltr'><strong>magnitudine</strong></span> <span class='ocrx_word' id='word_1_283' title='bbox 2194 837 2576 908; x_wconf 74' lang='lat' dir='ltr'><strong>promissionis</strong></span> <span class='ocrx_word' id='word_1_284' title='bbox 2610 837 2828 891; x_wconf 86' lang='lat' dir='ltr'><strong>turbata</strong></span> <span class='ocrx_word' id='word_1_285' title='bbox 2860 833 2928 890; x_wconf 86' lang='lat' dir='ltr'><strong>ad</strong></span> <span class='ocrx_word' id='word_1_286' title='bbox 2992 836 3367 906; x_wconf 85' lang='lat' dir='ltr'><strong>d&#39;eceptionem</strong></span> 
     </span>
    </p>
   </div>
   <div class='ocr_carea' id='block_1_39' title="bbox 1788 924 3367 982">
    <p class='ocr_par' dir='ltr' id='par_1_39' title="bbox 1788 924 3367 982">
     <span class='ocr_line' id='line_1_39' title="bbox 1788 924 3367 982; baseline -0.003 0"><span class='ocrx_word' id='word_1_287' title='bbox 1788 926 2104 982; x_wconf 76' lang='lat' dir='ltr'><strong>declinavit.</strong></span> <span class='ocrx_word' id='word_1_288' title='bbox 2155 925 2316 980; x_wconf 87' lang='lat' dir='ltr'><strong>Circa</strong></span> <span class='ocrx_word' id='word_1_289' title='bbox 2357 925 2627 980; x_wconf 83' lang='lat' dir='ltr'><strong>Adamum</strong></span> <span class='ocrx_word' id='word_1_290' title='bbox 2685 939 2816 978; x_wconf 89' lang='lat' dir='ltr'><strong>vero</strong></span> <span class='ocrx_word' id='word_1_291' title='bbox 2874 931 3128 978; x_wconf 89' lang='lat' dir='ltr'><strong>neutrum</strong></span> <span class='ocrx_word' id='word_1_292' title='bbox 3171 924 3367 978; x_wconf 80' lang='lat' dir='ltr'><strong>borum</strong></span> 
     </span>
    </p>
   </div>
   <div class='ocr_carea' id='block_1_40' title="bbox 1791 1001 3372 1071">
    <p class='ocr_par' dir='ltr' id='par_1_40' title="bbox 1791 1001 3372 1071">
     <span class='ocr_line' id='line_1_40' title="bbox 1791 1001 3372 1071; baseline -0.001 -11"><span class='ocrx_word' id='word_1_293' title='bbox 1791 1004 1999 1060; x_wconf 75' lang='lat' dir='ltr'><strong>factum</strong></span> <span class='ocrx_word' id='word_1_294' title='bbox 2063 1015 2185 1071; x_wconf 84' lang='lat' dir='ltr'><strong>est;</strong></span> <span class='ocrx_word' id='word_1_295' title='bbox 2225 1021 2330 1059; x_wconf 90' lang='lat' dir='ltr'><strong>non</strong></span> <span class='ocrx_word' id='word_1_296' title='bbox 2379 1005 2526 1059; x_wconf 88' lang='lat' dir='ltr'><strong>enim</strong></span> <span class='ocrx_word' id='word_1_297' title='bbox 2582 1001 2916 1060; x_wconf 81' lang='lat' dir='ltr'><strong>contradixit</strong></span> <span class='ocrx_word' id='word_1_298' title='bbox 2959 1003 3216 1068; x_wconf 77' lang='lat' dir='ltr'><strong>mulieri,</strong></span> <span class='ocrx_word' id='word_1_299' title='bbox 3272 1017 3372 1058; x_wconf 89' lang='lat' dir='ltr'><strong>nec</strong></span> 
     </span>
    </p>
   </div>
   <div class='ocr_carea' id='block_1_41' title="bbox 1791 1092 3371 1164">
    <p class='ocr_par' dir='ltr' id='par_1_41' title="bbox 1791 1092 3371 1164">
     <span class='ocr_line' id='line_1_41' title="bbox 1791 1092 3371 1164; baseline -0.001 -18"><span class='ocrx_word' id='word_1_300' title='bbox 1791 1095 2112 1164; x_wconf 75' lang='lat' dir='ltr'><strong>magnitudo</strong></span> <span class='ocrx_word' id='word_1_301' title='bbox 2132 1094 2309 1164; x_wconf 89' lang='lat' dir='ltr'><strong>ipsum</strong></span> <span class='ocrx_word' id='word_1_302' title='bbox 2335 1093 2718 1163; x_wconf 84' lang='lat' dir='ltr'><strong>promissionis</strong></span> <span class='ocrx_word' id='word_1_303' title='bbox 2747 1092 2986 1162; x_wconf 81' lang='lat' dir='ltr'><strong>abripuit</strong></span> <span class='ocrx_word' id='word_1_304' title='bbox 3011 1111 3027 1159; x_wconf 88' lang='lat'><strong>;</strong></span> <span class='ocrx_word' id='word_1_305' title='bbox 3053 1093 3145 1148; x_wconf 89' lang='lat' dir='ltr'><strong>sed</strong></span> <span class='ocrx_word' id='word_1_306' title='bbox 3169 1093 3371 1146; x_wconf 82' lang='lat' dir='ltr'><strong>nihilo-</strong></span> 
     </span>
    </p>
   </div>
   <div class='ocr_carea' id='block_1_42' title="bbox 1791 1179 3368 1248">
    <p class='ocr_par' dir='ltr' id='par_1_42' title="bbox 1791 1179 3368 1248">
     <span class='ocr_line' id='line_1_42' title="bbox 1791 1179 3368 1248; baseline 0.001 -17"><span class='ocrx_word' id='word_1_307' title='bbox 1791 1179 1975 1234; x_wconf 89' lang='lat' dir='ltr'><strong>minus</strong></span> <span class='ocrx_word' id='word_1_308' title='bbox 2030 1179 2133 1235; x_wconf 86' lang='lat' dir='ltr'><strong>iste</strong></span> <span class='ocrx_word' id='word_1_309' title='bbox 2177 1180 2328 1235; x_wconf 86' lang='lat' dir='ltr'><strong>visus</strong></span> <span class='ocrx_word' id='word_1_310' title='bbox 2393 1187 2478 1234; x_wconf 89' lang='lat' dir='ltr'><strong>est</strong></span> <span class='ocrx_word' id='word_1_311' title='bbox 2530 1190 2754 1248; x_wconf 81' lang='lat' dir='ltr'><strong>paratus</strong></span> <span class='ocrx_word' id='word_1_312' title='bbox 2810 1179 2875 1232; x_wconf 87' lang='lat' dir='ltr'><strong>ad</strong></span> <span class='ocrx_word' id='word_1_313' title='bbox 2928 1179 3368 1248; x_wconf 86' lang='lat' dir='ltr'><strong>participandum</strong></span> 
     </span>
    </p>
   </div>
   <div class='ocr_carea' id='block_1_43' title="bbox 1792 1271 3373 1340">
    <p class='ocr_par' dir='ltr' id='par_1_43' title="bbox 1792 1271 3373 1340">
     <span class='ocr_line' id='line_1_43' title="bbox 1792 1271 3373 1340; baseline 0.002 -18"><span class='ocrx_word' id='word_1_314' title='bbox 1792 1285 1956 1340; x_wconf 90' lang='lat' dir='ltr'><strong>quam</strong></span> <span class='ocrx_word' id='word_1_315' title='bbox 1995 1271 2086 1324; x_wconf 90' lang='lat' dir='ltr'><strong>illa</strong></span> <span class='ocrx_word' id='word_1_316' title='bbox 2117 1271 2184 1325; x_wconf 91' lang='lat' dir='ltr'><strong>ad</strong></span> <span class='ocrx_word' id='word_1_317' title='bbox 2222 1271 2744 1326; x_wconf 89' lang='lat' dir='ltr'><strong>communicandum</strong></span> <span class='ocrx_word' id='word_1_318' title='bbox 2772 1271 2840 1326; x_wconf 89' lang='lat' dir='ltr'><strong>de</strong></span> <span class='ocrx_word' id='word_1_319' title='bbox 2880 1271 3044 1337; x_wconf 85' lang='lat' dir='ltr'><strong>cibo;</strong></span> <span class='ocrx_word' id='word_1_320' title='bbox 3072 1271 3196 1326; x_wconf 89' lang='lat' dir='ltr'><strong>ideo</strong></span> <span class='ocrx_word' id='word_1_321' title='bbox 3226 1280 3373 1326; x_wconf 89' lang='lat' dir='ltr'><strong>recte</strong></span> 
     </span>
    </p>
   </div>
   <div class='ocr_carea' id='block_1_44' title="bbox 1793 1360 3373 1432">
    <p class='ocr_par' dir='ltr' id='par_1_44' title="bbox 1793 1360 3373 1432">
     <span class='ocr_line' id='line_1_44' title="bbox 1793 1360 3373 1432; baseline 0 -18"><span class='ocrx_word' id='word_1_322' title='bbox 1793 1360 2188 1431; x_wconf 83' lang='lat' dir='ltr'><strong>intelligeretur</strong></span> <span class='ocrx_word' id='word_1_323' title='bbox 2223 1377 2331 1417; x_wconf 90' lang='lat' dir='ltr'><strong>non</strong></span> <span class='ocrx_word' id='word_1_324' title='bbox 2365 1362 2688 1432; x_wconf 84' lang='lat' dir='ltr'><strong>deceptione</strong></span> <span class='ocrx_word' id='word_1_325' title='bbox 2719 1361 2916 1432; x_wconf 80' lang='lat' dir='ltr'><strong>magis,</strong></span> <span class='ocrx_word' id='word_1_326' title='bbox 2953 1363 3045 1416; x_wconf 91' lang='lat' dir='ltr'><strong>sed</strong></span> <span class='ocrx_word' id='word_1_327' title='bbox 3075 1377 3264 1416; x_wconf 87' lang='lat' dir='ltr'><strong>amore</strong></span> <span class='ocrx_word' id='word_1_328' title='bbox 3285 1362 3373 1414; x_wconf 88' lang='lat' dir='ltr'><strong>in-</strong></span> 
     </span>
    </p>
   </div>
   <div class='ocr_carea' id='block_1_45' title="bbox 1791 1452 3370 1524">
    <p class='ocr_par' dir='ltr' id='par_1_45' title="bbox 1791 1452 3370 1524">
     <span class='ocr_line' id='line_1_45' title="bbox 1791 1452 3370 1524; baseline -0.001 -16"><span class='ocrx_word' id='word_1_329' title='bbox 1791 1452 1993 1508; x_wconf 89' lang='lat' dir='ltr'><strong>cidisse</strong></span> <span class='ocrx_word' id='word_1_330' title='bbox 2021 1453 2130 1508; x_wconf 89' lang='lat' dir='ltr'><strong>cibi</strong></span> <span class='ocrx_word' id='word_1_331' title='bbox 2158 1457 2211 1507; x_wconf 91' lang='lat' dir='ltr'><strong>in</strong></span> <span class='ocrx_word' id='word_1_332' title='bbox 2241 1455 2758 1524; x_wconf 80' lang='lat' dir='ltr'><strong>transgressionem.</strong></span> <span class='ocrx_word' id='word_1_333' title='bbox 2799 1452 2903 1508; x_wconf 88' lang='lat' dir='ltr'><strong>Sed</strong></span> <span class='ocrx_word' id='word_1_334' title='bbox 2927 1469 3113 1508; x_wconf 84' lang='lat' dir='ltr'><strong>sermo</strong></span> <span class='ocrx_word' id='word_1_335' title='bbox 3151 1455 3370 1524; x_wconf 91' lang='lat' dir='ltr'><strong>quidem</strong></span> 
     </span>
    </p>
   </div>
   <div class='ocr_carea' id='block_1_46' title="bbox 1793 1547 3369 1613">
    <p class='ocr_par' dir='ltr' id='par_1_46' title="bbox 1793 1547 3369 1613">
     <span class='ocr_line' id='line_1_46' title="bbox 1793 1547 3369 1613; baseline -0.003 -11"><span class='ocrx_word' id='word_1_336' title='bbox 1793 1549 1894 1602; x_wconf 86' lang='lat' dir='ltr'><strong>iste</strong></span> <span class='ocrx_word' id='word_1_337' title='bbox 1957 1547 2002 1601; x_wconf 93' lang='lat' dir='ltr'><strong>si</strong></span> <span class='ocrx_word' id='word_1_338' title='bbox 2054 1547 2104 1600; x_wconf 92' lang='lat' dir='ltr'><strong>in</strong></span> <span class='ocrx_word' id='word_1_339' title='bbox 2133 1547 2257 1601; x_wconf 86' lang='lat' dir='ltr'><strong>aliis</strong></span> <span class='ocrx_word' id='word_1_340' title='bbox 2299 1547 2462 1601; x_wconf 86' lang='lat' dir='ltr'><strong>habet</strong></span> <span class='ocrx_word' id='word_1_341' title='bbox 2484 1547 2687 1613; x_wconf 89' lang='lat' dir='ltr'><strong>locum,</strong></span> <span class='ocrx_word' id='word_1_342' title='bbox 2718 1547 2960 1612; x_wconf 85' lang='lat' dir='ltr'><strong>habeat;</strong></span> <span class='ocrx_word' id='word_1_343' title='bbox 2992 1563 3138 1600; x_wconf 87' lang='lat' dir='ltr'><strong>mme</strong></span> <span class='ocrx_word' id='word_1_344' title='bbox 3186 1555 3369 1600; x_wconf 88' lang='lat' dir='ltr'><strong>autem</strong></span> 
     </span>
    </p>
   </div>
   <div class='ocr_carea' id='block_1_47' title="bbox 1794 1633 3374 1703">
    <p class='ocr_par' dir='ltr' id='par_1_47' title="bbox 1794 1633 3374 1703">
     <span class='ocr_line' id='line_1_47' title="bbox 1794 1633 3374 1703; baseline 0 -15"><span class='ocrx_word' id='word_1_345' title='bbox 1794 1649 1904 1688; x_wconf 91' lang='lat' dir='ltr'><strong>non</strong></span> <span class='ocrx_word' id='word_1_346' title='bbox 1935 1633 2098 1688; x_wconf 87' lang='lat' dir='ltr'><strong>habet</strong></span> <span class='ocrx_word' id='word_1_347' title='bbox 2122 1649 2434 1689; x_wconf 86' lang='lat' dir='ltr'><strong>accessum.</strong></span> <span class='ocrx_word' id='word_1_348' title='bbox 2465 1633 2854 1703; x_wconf 89' lang='lat' dir='ltr'><strong>Superponens</strong></span> <span class='ocrx_word' id='word_1_349' title='bbox 2913 1633 3058 1688; x_wconf 89' lang='lat' dir='ltr'><strong>enim</strong></span> <span class='ocrx_word' id='word_1_350' title='bbox 3127 1633 3374 1688; x_wconf 77' lang='lat' dir='ltr'><strong>veritatis</strong></span> 
     </span>
    </p>
   </div>
   <div class='ocr_carea' id='block_1_48' title="bbox 1793 1720 3371 1793">
    <p class='ocr_par' dir='ltr' id='par_1_48' title="bbox 1793 1720 3371 1793">
     <span class='ocr_line' id='line_1_48' title="bbox 1793 1720 3371 1793; baseline -0.004 -17"><span class='ocrx_word' id='word_1_351' title='bbox 1793 1737 1972 1793; x_wconf 65' lang='lat' dir='ltr'><strong>praeco</strong></span> <span class='ocrx_word' id='word_1_352' title='bbox 2014 1733 2067 1776; x_wconf 90' lang='lat' dir='ltr'><strong>et</strong></span> <span class='ocrx_word' id='word_1_353' title='bbox 2096 1721 2392 1791; x_wconf 69' lang='lat' dir='ltr'><strong>prmferens</strong></span> <span class='ocrx_word' id='word_1_354' title='bbox 2428 1723 2697 1775; x_wconf 85' lang='lat' dir='ltr'><strong>Adamum</strong></span> <span class='ocrx_word' id='word_1_355' title='bbox 2733 1721 2967 1782; x_wconf 80' lang='lat' dir='ltr'><strong>rnulieri,</strong></span> <span class='ocrx_word' id='word_1_356' title='bbox 2993 1729 3049 1774; x_wconf 90' lang='lat' dir='ltr'><strong>et</strong></span> <span class='ocrx_word' id='word_1_357' title='bbox 3078 1720 3371 1789; x_wconf 81' lang='lat' dir='ltr'><strong>subjectio-</strong></span> 
     </span>
    </p>
   </div>
   <div class='ocr_carea' id='block_1_49' title="bbox 1786 1809 3371 1879">
    <p class='ocr_par' dir='ltr' id='par_1_49' title="bbox 1786 1809 3371 1879">
     <span class='ocr_line' id='line_1_49' title="bbox 1786 1809 3371 1879; baseline -0.002 -15"><span class='ocrx_word' id='word_1_358' title='bbox 1786 1824 1909 1864; x_wconf 89' lang='lat' dir='ltr'><strong>nem</strong></span> <span class='ocrx_word' id='word_1_359' title='bbox 1941 1810 2069 1863; x_wconf 89' lang='lat' dir='ltr'><strong>huic</strong></span> <span class='ocrx_word' id='word_1_360' title='bbox 2095 1809 2354 1875; x_wconf 89' lang='lat' dir='ltr'><strong>suadens,</strong></span> <span class='ocrx_word' id='word_1_361' title='bbox 2383 1819 2437 1862; x_wconf 91' lang='lat' dir='ltr'><strong>et</strong></span> <span class='ocrx_word' id='word_1_362' title='bbox 2460 1820 2747 1879; x_wconf 87' lang='lat' dir='ltr'><strong>propterea</strong></span> <span class='ocrx_word' id='word_1_363' title='bbox 2771 1809 2916 1877; x_wconf 90' lang='lat' dir='ltr'><strong>quod</strong></span> <span class='ocrx_word' id='word_1_364' title='bbox 2944 1823 3053 1860; x_wconf 89' lang='lat' dir='ltr'><strong>non</strong></span> <span class='ocrx_word' id='word_1_365' title='bbox 3108 1809 3371 1877; x_wconf 87' lang='lat' dir='ltr'><strong>deceptus</strong></span> 
     </span>
    </p>
   </div>
   <div class='ocr_carea' id='block_1_50' title="bbox 1786 1894 3373 1967">
    <p class='ocr_par' dir='ltr' id='par_1_50' title="bbox 1786 1894 3373 1967">
     <span class='ocr_line' id='line_1_50' title="bbox 1786 1894 3373 1967; baseline -0.002 -16"><span class='ocrx_word' id='word_1_366' title='bbox 1786 1898 1860 1952; x_wconf 80' lang='lat' dir='ltr'><strong>sit</strong></span> <span class='ocrx_word' id='word_1_367' title='bbox 1899 1896 2072 1950; x_wconf 80' lang='lat' dir='ltr'><strong>Adam</strong></span> <span class='ocrx_word' id='word_1_368' title='bbox 2098 1906 2156 1950; x_wconf 92' lang='lat' dir='ltr'><strong>ut</strong></span> <span class='ocrx_word' id='word_1_369' title='bbox 2180 1906 2233 1950; x_wconf 91' lang='lat' dir='ltr'><strong>et</strong></span> <span class='ocrx_word' id='word_1_370' title='bbox 2262 1911 2356 1966; x_wconf 85' lang='lat' dir='ltr'><strong>per</strong></span> <span class='ocrx_word' id='word_1_371' title='bbox 2380 1897 2484 1950; x_wconf 91' lang='lat' dir='ltr'><strong>alia</strong></span> <span class='ocrx_word' id='word_1_372' title='bbox 2510 1897 2941 1967; x_wconf 77' lang='lat' dir='ltr'><strong>enthymemata,</strong></span> <span class='ocrx_word' id='word_1_373' title='bbox 2970 1894 3041 1948; x_wconf 90' lang='lat' dir='ltr'><strong>ita</strong></span> <span class='ocrx_word' id='word_1_374' title='bbox 3063 1905 3117 1948; x_wconf 91' lang='lat' dir='ltr'><strong>et</strong></span> <span class='ocrx_word' id='word_1_375' title='bbox 3151 1903 3373 1964; x_wconf 81' lang='lat' dir='ltr'><strong>propter</strong></span> 
     </span>
    </p>
   </div>
   <div class='ocr_carea' id='block_1_51' title="bbox 1786 1977 3369 2055">
    <p class='ocr_par' dir='ltr' id='par_1_51' title="bbox 1786 1977 3369 2055">
     <span class='ocr_line' id='line_1_51' title="bbox 1786 1977 3369 2055; baseline -0.003 -15"><span class='ocrx_word' id='word_1_376' title='bbox 1786 1985 1929 2040; x_wconf 85' lang='lat' dir='ltr'><strong>hanc</strong></span> <span class='ocrx_word' id='word_1_377' title='bbox 1958 2001 2182 2040; x_wconf 86' lang='lat' dir='ltr'><strong>causam</strong></span> <span class='ocrx_word' id='word_1_378' title='bbox 2218 1987 2325 2040; x_wconf 87' lang='lat' dir='ltr'><strong>vim</strong></span> <span class='ocrx_word' id='word_1_379' title='bbox 2395 1977 2872 2055; x_wconf 77' lang='lat' dir='ltr'><strong>inexpugnabilem</strong></span> <span class='ocrx_word' id='word_1_380' title='bbox 2935 1984 3135 2037; x_wconf 87' lang='lat' dir='ltr'><strong>habere</strong></span> <span class='ocrx_word' id='word_1_381' title='bbox 3169 1983 3369 2038; x_wconf 80' lang='lat' dir='ltr'><strong>exhor-</strong></span> 
     </span>
    </p>
   </div>
   <div class='ocr_carea' id='block_1_52' title="bbox 1787 2077 3372 2148">
    <p class='ocr_par' dir='ltr' id='par_1_52' title="bbox 1787 2077 3372 2148">
     <span class='ocr_line' id='line_1_52' title="bbox 1787 2077 3372 2148; baseline -0.002 -16"><span class='ocrx_word' id='word_1_382' title='bbox 1787 2079 2052 2133; x_wconf 81' lang='lat' dir='ltr'><strong>tationem</strong></span> <span class='ocrx_word' id='word_1_383' title='bbox 2083 2079 2345 2135; x_wconf 88' lang='lat' dir='ltr'><strong>ostendit.</strong></span> <span class='ocrx_word' id='word_1_384' title='bbox 2386 2077 2490 2132; x_wconf 90' lang='lat' dir='ltr'><strong>Sed</strong></span> <span class='ocrx_word' id='word_1_385' title='bbox 2545 2079 2623 2132; x_wconf 90' lang='lat' dir='ltr'><strong>sic</strong></span> <span class='ocrx_word' id='word_1_386' title='bbox 2672 2077 2892 2148; x_wconf 87' lang='lat' dir='ltr'><strong>quidem</strong></span> <span class='ocrx_word' id='word_1_387' title='bbox 2931 2087 3060 2147; x_wconf 90' lang='lat' dir='ltr'><strong>puto</strong></span> <span class='ocrx_word' id='word_1_388' title='bbox 3095 2077 3230 2130; x_wconf 86' lang='lat' dir='ltr'><strong>bene</strong></span> <span class='ocrx_word' id='word_1_389' title='bbox 3263 2077 3372 2130; x_wconf 80' lang='lat' dir='ltr'><strong>dis-</strong></span> 
     </span>
    </p>
   </div>
   <div class='ocr_carea' id='block_1_53' title="bbox 1786 2164 3375 2238">
    <p class='ocr_par' dir='ltr' id='par_1_53' title="bbox 1786 2164 3375 2238">
     <span class='ocr_line' id='line_1_53' title="bbox 1786 2164 3375 2238; baseline -0.002 -18"><span class='ocrx_word' id='word_1_390' title='bbox 1786 2175 1997 2221; x_wconf 88' lang='lat' dir='ltr'><strong>cretum</strong></span> <span class='ocrx_word' id='word_1_391' title='bbox 2047 2166 2142 2232; x_wconf 91' lang='lat' dir='ltr'><strong>sit,</strong></span> <span class='ocrx_word' id='word_1_392' title='bbox 2211 2167 2672 2238; x_wconf 83' lang='lat' dir='ltr'><strong>quemadmodum</strong></span> <span class='ocrx_word' id='word_1_393' title='bbox 2735 2181 2842 2220; x_wconf 86' lang='lat' dir='ltr'><strong>non</strong></span> <span class='ocrx_word' id='word_1_394' title='bbox 2887 2166 3148 2236; x_wconf 74' lang='lat' dir='ltr'><strong>deceptus</strong></span> <span class='ocrx_word' id='word_1_395' title='bbox 3213 2164 3375 2218; x_wconf 83' lang='lat' dir='ltr'><strong>fuerit</strong></span> 
     </span>
    </p>
   </div>
   <div class='ocr_carea' id='block_1_54' title="bbox 1785 2252 2672 2314">
    <p class='ocr_par' dir='ltr' id='par_1_54' title="bbox 1785 2252 2672 2314">
     <span class='ocr_line' id='line_1_54' title="bbox 1785 2252 2672 2314; baseline 0.008 -7"><span class='ocrx_word' id='word_1_396' title='bbox 1785 2252 1983 2308; x_wconf 82' lang='lat' dir='ltr'><strong>Adam.</strong></span> <span class='ocrx_word' id='word_1_397' title='bbox 2668 2311 2672 2314; x_wconf 73' lang='lat'><strong>.</strong></span> 
     </span>
    </p>
   </div>
   <div class='ocr_carea' id='block_1_55' title="bbox 1859 2339 3435 2413">
    <p class='ocr_par' dir='ltr' id='par_1_55' title="bbox 1859 2339 3435 2413">
     <span class='ocr_line' id='line_1_55' title="bbox 1859 2339 3435 2413; baseline 0.001 -17"><span class='ocrx_word' id='word_1_398' title='bbox 1859 2339 1992 2398; x_wconf 86' lang='lat' dir='ltr'><strong>Illud</strong></span> <span class='ocrx_word' id='word_1_399' title='bbox 2027 2359 2175 2410; x_wconf 89' lang='lat' dir='ltr'><strong>vero,</strong></span> <span class='ocrx_word' id='word_1_400' title='bbox 2214 2362 2233 2395; x_wconf 77' lang='grc' dir='ltr'><strong>ι</strong></span> <span class='ocrx_word' id='word_1_401' title='bbox 2273 2342 2590 2398; x_wconf 86' lang='lat' dir='ltr'><strong>Salvabitur</strong></span> <span class='ocrx_word' id='word_1_402' title='bbox 2641 2359 2734 2413; x_wconf 88' lang='lat' dir='ltr'><strong>per</strong></span> <span class='ocrx_word' id='word_1_403' title='bbox 2780 2342 3015 2398; x_wconf 83' lang='lat' dir='ltr'><strong>ﬁliorum</strong></span> <span class='ocrx_word' id='word_1_404' title='bbox 3065 2344 3374 2411; x_wconf 81' lang='lat' dir='ltr'><strong>geueratio-</strong></span> <span class='ocrx_word' id='word_1_405' title='bbox 3427 2372 3435 2380; x_wconf 94' lang='lat'><strong>-</strong></span> 
     </span>
    </p>
   </div>
   <div class='ocr_carea' id='block_1_56' title="bbox 1785 2436 3372 2501">
    <p class='ocr_par' dir='ltr' id='par_1_56' title="bbox 1785 2436 3372 2501">
     <span class='ocr_line' id='line_1_56' title="bbox 1785 2436 3372 2501; baseline -0.001 -11"><span class='ocrx_word' id='word_1_406' title='bbox 1785 2451 1911 2490; x_wconf 89' lang='lat' dir='ltr'><strong>nem</strong></span> <span class='ocrx_word' id='word_1_407' title='bbox 1947 2437 2161 2500; x_wconf 87' lang='lat' dir='ltr'><strong>mulier,</strong></span> <span class='ocrx_word' id='word_1_408' title='bbox 2205 2455 2225 2487; x_wconf 69' lang='grc' dir='ltr'><strong>ι</strong></span> <span class='ocrx_word' id='word_1_409' title='bbox 2283 2437 2333 2491; x_wconf 90' lang='lat' dir='ltr'><strong>id</strong></span> <span class='ocrx_word' id='word_1_410' title='bbox 2383 2444 2468 2491; x_wconf 88' lang='lat' dir='ltr'><strong>est</strong></span> <span class='ocrx_word' id='word_1_411' title='bbox 2521 2436 2811 2491; x_wconf 84' lang='lat' dir='ltr'><strong>mulierum</strong></span> <span class='ocrx_word' id='word_1_412' title='bbox 2872 2445 3104 2501; x_wconf 86' lang='lat' dir='ltr'><strong>natura;</strong></span> <span class='ocrx_word' id='word_1_413' title='bbox 3173 2436 3372 2490; x_wconf 86' lang='lat' dir='ltr'><strong>etenim</strong></span> 
     </span>
    </p>
   </div>
   <div class='ocr_carea' id='block_1_57' title="bbox 1786 2527 3376 2600">
    <p class='ocr_par' dir='ltr' id='par_1_57' title="bbox 1786 2527 3376 2600">
     <span class='ocr_line' id='line_1_57' title="bbox 1786 2527 3376 2600; baseline -0.001 -18"><span class='ocrx_word' id='word_1_414' title='bbox 1786 2537 2004 2600; x_wconf 87' lang='lat' dir='ltr'><strong>propter</strong></span> <span class='ocrx_word' id='word_1_415' title='bbox 2033 2528 2136 2583; x_wconf 92' lang='lat' dir='ltr'><strong>hoc</strong></span> <span class='ocrx_word' id='word_1_416' title='bbox 2165 2527 2332 2582; x_wconf 82' lang='lat' dir='ltr'><strong>Evam</strong></span> <span class='ocrx_word' id='word_1_417' title='bbox 2381 2527 2670 2582; x_wconf 82' lang='lat' dir='ltr'><strong>oraculum</strong></span> <span class='ocrx_word' id='word_1_418' title='bbox 2723 2527 2776 2581; x_wconf 92' lang='lat' dir='ltr'><strong>in</strong></span> <span class='ocrx_word' id='word_1_419' title='bbox 2821 2527 3108 2582; x_wconf 88' lang='lat' dir='ltr'><strong>mulierem</strong></span> <span class='ocrx_word' id='word_1_420' title='bbox 3141 2536 3376 2583; x_wconf 86' lang='lat' dir='ltr'><strong>transtu-</strong></span> 
     </span>
    </p>
   </div>
   <div class='ocr_carea' id='block_1_58' title="bbox 1787 2619 3377 2692">
    <p class='ocr_par' dir='ltr' id='par_1_58' title="bbox 1787 2619 3377 2692">
     <span class='ocr_line' id='line_1_58' title="bbox 1787 2619 3377 2692; baseline -0.003 -16"><span class='ocrx_word' id='word_1_421' title='bbox 1787 2621 1868 2678; x_wconf 90' lang='lat' dir='ltr'><strong>lit.</strong></span> <span class='ocrx_word' id='word_1_422' title='bbox 1901 2620 1966 2676; x_wconf 84' lang='lat' dir='ltr'><strong>lli</strong></span> <span class='ocrx_word' id='word_1_423' title='bbox 1997 2621 2217 2692; x_wconf 88' lang='lat' dir='ltr'><strong>quidem</strong></span> <span class='ocrx_word' id='word_1_424' title='bbox 2241 2619 2433 2675; x_wconf 85' lang='lat' dir='ltr'><strong>dicunt</strong></span> <span class='ocrx_word' id='word_1_425' title='bbox 2465 2619 2701 2674; x_wconf 81' lang='lat' dir='ltr'><strong>ﬁliorum</strong></span> <span class='ocrx_word' id='word_1_426' title='bbox 2734 2619 3142 2690; x_wconf 77' lang='lat' dir='ltr'><strong>generationem</strong></span> <span class='ocrx_word' id='word_1_427' title='bbox 3193 2619 3377 2675; x_wconf 86' lang='lat' dir='ltr'><strong>dicere</strong></span> 
     </span>
    </p>
   </div>
   <div class='ocr_carea' id='block_1_59' title="bbox 1787 2710 3375 2786">
    <p class='ocr_par' dir='ltr' id='par_1_59' title="bbox 1787 2710 3375 2786">
     <span class='ocr_line' id='line_1_59' title="bbox 1787 2710 3375 2786; baseline -0.003 -16"><span class='ocrx_word' id='word_1_428' title='bbox 1787 2715 2132 2786; x_wconf 83' lang='lat' dir='ltr'><strong>Apostolum,</strong></span> <span class='ocrx_word' id='word_1_429' title='bbox 2167 2717 2313 2766; x_wconf 89' lang='lat' dir='ltr'><strong>circa</strong></span> <span class='ocrx_word' id='word_1_430' title='bbox 2370 2711 2511 2767; x_wconf 74' lang='lat' dir='ltr'><strong>filios</strong></span> <span class='ocrx_word' id='word_1_431' title='bbox 2566 2710 2962 2782; x_wconf 87' lang='lat' dir='ltr'><strong>providentiam</strong></span> <span class='ocrx_word' id='word_1_432' title='bbox 3022 2715 3077 2766; x_wconf 84' lang='lat' dir='ltr'><strong>et</strong></span> <span class='ocrx_word' id='word_1_433' title='bbox 3133 2711 3375 2767; x_wconf 87' lang='lat' dir='ltr'><strong>studium</strong></span> 
     </span>
    </p>
   </div>
   <div class='ocr_carea' id='block_1_60' title="bbox 1789 2801 3374 2876">
    <p class='ocr_par' dir='ltr' id='par_1_60' title="bbox 1789 2801 3374 2876">
     <span class='ocr_line' id='line_1_60' title="bbox 1789 2801 3374 2876; baseline -0.003 -18"><span class='ocrx_word' id='word_1_434' title='bbox 1789 2821 1884 2876; x_wconf 89' lang='lat' dir='ltr'><strong>per</strong></span> <span class='ocrx_word' id='word_1_435' title='bbox 1922 2805 2066 2874; x_wconf 88' lang='lat' dir='ltr'><strong>quod</strong></span> <span class='ocrx_word' id='word_1_436' title='bbox 2102 2802 2206 2874; x_wconf 89' lang='lat' dir='ltr'><strong>ipsi</strong></span> <span class='ocrx_word' id='word_1_437' title='bbox 2237 2810 2294 2856; x_wconf 88' lang='lat' dir='ltr'><strong>et</strong></span> <span class='ocrx_word' id='word_1_438' title='bbox 2327 2801 2431 2856; x_wconf 78' lang='lat' dir='ltr'><strong>(ide</strong></span> <span class='ocrx_word' id='word_1_439' title='bbox 2462 2810 2516 2856; x_wconf 92' lang='lat' dir='ltr'><strong>et</strong></span> <span class='ocrx_word' id='word_1_440' title='bbox 2538 2802 2817 2856; x_wconf 87' lang='lat' dir='ltr'><strong>charitate</strong></span> <span class='ocrx_word' id='word_1_441' title='bbox 2864 2801 3104 2856; x_wconf 89' lang='lat' dir='ltr'><strong>roborati</strong></span> <span class='ocrx_word' id='word_1_442' title='bbox 3135 2803 3374 2857; x_wconf 87' lang='lat' dir='ltr'><strong>sanctili-</strong></span> 
     </span>
    </p>
   </div>
   <div class='ocr_carea' id='block_1_61' title="bbox 1742 2891 3380 2963">
    <p class='ocr_par' dir='ltr' id='par_1_61' title="bbox 1742 2891 3380 2963">
     <span class='ocr_line' id='line_1_61' title="bbox 1742 2891 3380 2963; baseline -0.002 -13"><span class='ocrx_word' id='word_1_443' title='bbox 1742 2931 1749 2935; x_wconf 91' lang='lat'>-</span> <span class='ocrx_word' id='word_1_444' title='bbox 1789 2895 2057 2950; x_wconf 89' lang='lat' dir='ltr'><strong>cationem</strong></span> <span class='ocrx_word' id='word_1_445' title='bbox 2090 2904 2141 2949; x_wconf 90' lang='lat' dir='ltr'><strong>et</strong></span> <span class='ocrx_word' id='word_1_446' title='bbox 2173 2893 2494 2963; x_wconf 87' lang='lat' dir='ltr'><strong>sapientiam</strong></span> <span class='ocrx_word' id='word_1_447' title='bbox 2528 2899 2676 2947; x_wconf 86' lang='lat' dir='ltr'><strong>recte</strong></span> <span class='ocrx_word' id='word_1_448' title='bbox 2706 2891 3011 2961; x_wconf 82' lang='lat' dir='ltr'><strong>perﬁciant,</strong></span> <span class='ocrx_word' id='word_1_449' title='bbox 3052 2901 3107 2947; x_wconf 89' lang='lat' dir='ltr'><strong>et</strong></span> <span class='ocrx_word' id='word_1_450' title='bbox 3148 2893 3214 2946; x_wconf 91' lang='lat' dir='ltr'><strong>ad</strong></span> <span class='ocrx_word' id='word_1_451' title='bbox 3266 2893 3380 2950; x_wconf 83' lang='lat' dir='ltr'><strong>vil-</strong></span> 
     </span>
    </p>
   </div>
   <div class='ocr_carea' id='block_1_62' title="bbox 1793 2982 3380 3042">
    <p class='ocr_par' dir='ltr' id='par_1_62' title="bbox 1793 2982 3380 3042">
     <span class='ocr_line' id='line_1_62' title="bbox 1793 2982 3380 3042; baseline -0.001 -2"><span class='ocrx_word' id='word_1_452' title='bbox 1793 2995 1933 3042; x_wconf 89' lang='lat' dir='ltr'><strong>tutes</strong></span> <span class='ocrx_word' id='word_1_453' title='bbox 1980 3000 2074 3040; x_wconf 83' lang='lat' dir='ltr'><strong>eos</strong></span> <span class='ocrx_word' id='word_1_454' title='bbox 2125 2983 2476 3038; x_wconf 86' lang='lat' dir='ltr'><strong>iustituentes</strong></span> <span class='ocrx_word' id='word_1_455' title='bbox 2523 2992 2724 3038; x_wconf 88' lang='lat' dir='ltr'><strong>matres</strong></span> <span class='ocrx_word' id='word_1_456' title='bbox 2782 2982 3034 3037; x_wconf 87' lang='lat' dir='ltr'><strong>videlicet</strong></span> <span class='ocrx_word' id='word_1_457' title='bbox 3080 2983 3270 3038; x_wconf 87' lang='lat' dir='ltr'><strong>eadem</strong></span> <span class='ocrx_word' id='word_1_458' title='bbox 3324 2994 3380 3038; x_wconf 83' lang='lat' dir='ltr'><strong>et</strong></span> 
     </span>
    </p>
   </div>
   <div class='ocr_carea' id='block_1_63' title="bbox 119 3056 1687 3151">
    <p class='ocr_par' dir='ltr' id='par_1_63' title="bbox 119 3056 1687 3143">
     <span class='ocr_line' id='line_1_63' title="bbox 119 3056 1687 3143; baseline -0.008 -16"><span class='ocrx_word' id='word_1_459' title='bbox 119 3074 406 3143; x_wconf 80' lang='grc' dir='ltr'>μελετῶσαι</span> <span class='ocrx_word' id='word_1_460' title='bbox 469 3073 570 3126; x_wconf 70' lang='grc' dir='ltr'><strong>καί⁴</strong></span> <span class='ocrx_word' id='word_1_461' title='bbox 608 3070 1076 3141; x_wconf 87' lang='grc' dir='ltr'>διαπραττόμεναι</span> <span class='ocrx_word' id='word_1_462' title='bbox 1128 3067 1340 3138; x_wconf 80' lang='grc' dir='ltr'>εἴησαν,</span> <span class='ocrx_word' id='word_1_463' title='bbox 1395 3065 1463 3118; x_wconf 83' lang='grc' dir='ltr'>δι’</span> <span class='ocrx_word' id='word_1_464' title='bbox 1487 3056 1562 3117; x_wconf 85' lang='grc' dir='ltr'>ὧν</span> <span class='ocrx_word' id='word_1_465' title='bbox 1595 3061 1687 3116; x_wconf 84' lang='grc' dir='ltr'><strong>καί</strong></span> 
     </span>
    </p>
   </div>
   <div class='ocr_carea' id='block_1_64' title="bbox 1796 3056 3380 3151">
    <p class='ocr_par' dir='ltr' id='par_1_64' title="bbox 1796 3075 3380 3151">
     <span class='ocr_line' id='line_1_64' title="bbox 1796 3075 3380 3151; baseline -0.002 -17"><span class='ocrx_word' id='word_1_466' title='bbox 1796 3079 2116 3134; x_wconf 91' lang='lat' dir='ltr'><strong>meditantes</strong></span> <span class='ocrx_word' id='word_1_467' title='bbox 2141 3086 2194 3131; x_wconf 91' lang='lat' dir='ltr'><strong>et</strong></span> <span class='ocrx_word' id='word_1_468' title='bbox 2227 3086 2450 3146; x_wconf 80' lang='lat' dir='ltr'><strong>agentes</strong></span> <span class='ocrx_word' id='word_1_469' title='bbox 2489 3075 2620 3142; x_wconf 85' lang='lat' dir='ltr'><strong>sint,</strong></span> <span class='ocrx_word' id='word_1_470' title='bbox 2653 3090 2750 3151; x_wconf 87' lang='lat' dir='ltr'><strong>per</strong></span> <span class='ocrx_word' id='word_1_471' title='bbox 2797 3091 2920 3146; x_wconf 57' lang='lat' dir='ltr'><strong>quae</strong></span> <span class='ocrx_word' id='word_1_472' title='bbox 2964 3087 3021 3131; x_wconf 89' lang='lat' dir='ltr'><strong>et</strong></span> <span class='ocrx_word' id='word_1_473' title='bbox 3071 3085 3380 3146; x_wconf 85' lang='lat' dir='ltr'><strong>transgres-</strong></span> 
     </span>
    </p>
   </div>
   <div class='ocr_carea' id='block_1_65' title="bbox 116 3153 1687 3235">
    <p class='ocr_par' dir='ltr' id='par_1_65' title="bbox 116 3153 1687 3235">
     <span class='ocr_line' id='line_1_65' title="bbox 116 3153 1687 3235; baseline -0.006 -19"><span class='ocrx_word' id='word_1_474' title='bbox 116 3165 206 3235; x_wconf 82' lang='grc' dir='ltr'><strong>τῆς</strong></span> <span class='ocrx_word' id='word_1_475' title='bbox 239 3165 610 3235; x_wconf 80' lang='grc' dir='ltr'>παραϐάσεως</span> <span class='ocrx_word' id='word_1_476' title='bbox 633 3163 731 3234; x_wconf 81' lang='grc' dir='ltr'><strong>τήν</strong></span> <span class='ocrx_word' id='word_1_477' title='bbox 777 3162 958 3215; x_wconf 86' lang='grc' dir='ltr'>αἰτίαν</span> <span class='ocrx_word' id='word_1_478' title='bbox 985 3159 1286 3213; x_wconf 82' lang='grc' dir='ltr'>διαλύουσι.</span> <span class='ocrx_word' id='word_1_479' title='bbox 1315 3155 1487 3209; x_wconf 79' lang='grc' dir='ltr'>Τοῦτο</span> <span class='ocrx_word' id='word_1_480' title='bbox 1520 3153 1628 3226; x_wconf 75' lang='grc' dir='ltr'>γὰρ</span> <span class='ocrx_word' id='word_1_481' title='bbox 1659 3154 1687 3207; x_wconf 78' lang='lat'><strong>6</strong></span> 
     </span>
    </p>
   </div>
   <div class='ocr_carea' id='block_1_66' title="bbox 117 3245 1689 3325">
    <p class='ocr_par' dir='ltr' id='par_1_66' title="bbox 117 3245 1689 3325">
     <span class='ocr_line' id='line_1_66' title="bbox 117 3245 1689 3325; baseline -0.004 -19"><span class='ocrx_word' id='word_1_482' title='bbox 117 3256 205 3324; x_wconf 77' lang='grc' dir='ltr'>τῆς</span> <span class='ocrx_word' id='word_1_483' title='bbox 231 3247 558 3325; x_wconf 76' lang='grc' dir='ltr'>οἰκουμένης</span> <span class='ocrx_word' id='word_1_484' title='bbox 586 3253 688 3322; x_wconf 82' lang='grc' dir='ltr'>ἔφη</span> <span class='ocrx_word' id='word_1_485' title='bbox 721 3251 1059 3316; x_wconf 58' lang='grc' dir='ltr'>διδάσκαλος</span> <span class='ocrx_word' id='word_1_486' title='bbox 1095 3268 1113 3301; x_wconf 73' lang='grc' dir='ltr'><strong>ι</strong></span> <span class='ocrx_word' id='word_1_487' title='bbox 1139 3249 1455 3320; x_wconf 83' lang='grc' dir='ltr'>Σωθήσεται</span> <span class='ocrx_word' id='word_1_488' title='bbox 1483 3247 1562 3311; x_wconf 85' lang='grc' dir='ltr'><strong>δὲ,</strong></span> <span class='ocrx_word' id='word_1_489' title='bbox 1589 3245 1689 3315; x_wconf 73' lang='grc' dir='ltr'><strong>φά-</strong></span> 
     </span>
    </p>
   </div>
   <div class='ocr_carea' id='block_1_67' title="bbox 119 3335 1686 3417">
    <p class='ocr_par' dir='ltr' id='par_1_67' title="bbox 119 3335 1686 3417">
     <span class='ocr_line' id='line_1_67' title="bbox 119 3335 1686 3417; baseline -0.007 -16"><span class='ocrx_word' id='word_1_490' title='bbox 119 3364 265 3416; x_wconf 82' lang='grc' dir='ltr'>μενος</span> <span class='ocrx_word' id='word_1_491' title='bbox 292 3346 381 3399; x_wconf 78' lang='grc' dir='ltr'>διὰ</span> <span class='ocrx_word' id='word_1_492' title='bbox 402 3348 508 3417; x_wconf 81' lang='grc' dir='ltr'>τῆς</span> <span class='ocrx_word' id='word_1_493' title='bbox 527 3343 874 3412; x_wconf 82' lang='grc' dir='ltr'>τεκνογονίας</span> <span class='ocrx_word' id='word_1_494' title='bbox 900 3360 914 3374; x_wconf 92' lang='grc'>·</span> <span class='ocrx_word' id='word_1_495' title='bbox 961 3361 979 3393; x_wconf 71' lang='grc' dir='ltr'><strong>ι</strong></span> <span class='ocrx_word' id='word_1_496' title='bbox 1022 3343 1116 3396; x_wconf 79' lang='grc' dir='ltr'>καὶ</span> <span class='ocrx_word' id='word_1_497' title='bbox 1139 3340 1247 3410; x_wconf 74' lang='grc' dir='ltr'><strong>γὰρ</strong></span> <span class='ocrx_word' id='word_1_498' title='bbox 1275 3341 1307 3411; x_wconf 89' lang='grc' dir='ltr'><strong>ή</strong></span> <span class='ocrx_word' id='word_1_499' title='bbox 1341 3339 1470 3409; x_wconf 82' lang='grc' dir='ltr'><strong>περί</strong></span> <span class='ocrx_word' id='word_1_500' title='bbox 1499 3337 1567 3391; x_wconf 81' lang='grc' dir='ltr'>τὰ</span> <span class='ocrx_word' id='word_1_501' title='bbox 1593 3335 1686 3391; x_wconf 85' lang='grc' dir='ltr'>τέ-</span> 
     </span>
    </p>
   </div>
   <div class='ocr_carea' id='block_1_68' title="bbox 115 3429 1689 3508">
    <p class='ocr_par' dir='ltr' id='par_1_68' title="bbox 115 3429 1689 3508">
     <span class='ocr_line' id='line_1_68' title="bbox 115 3429 1689 3508; baseline -0.003 -19"><span class='ocrx_word' id='word_1_502' title='bbox 115 3455 211 3492; x_wconf 82' lang='grc' dir='ltr'><strong>κνα</strong></span> <span class='ocrx_word' id='word_1_503' title='bbox 235 3437 588 3506; x_wconf 78' lang='grc' dir='ltr'>παιδαγωγία</span> <span class='ocrx_word' id='word_1_504' title='bbox 623 3438 718 3491; x_wconf 68' lang='grc' dir='ltr'><strong>καὶ</strong></span> <span class='ocrx_word' id='word_1_505' title='bbox 742 3437 994 3508; x_wconf 81' lang='grc' dir='ltr'>θεοφιλὴς</span> <span class='ocrx_word' id='word_1_506' title='bbox 1014 3437 1240 3508; x_wconf 86' lang='grc' dir='ltr'>πρόνοια</span> <span class='ocrx_word' id='word_1_507' title='bbox 1264 3434 1354 3488; x_wconf 78' lang='grc' dir='ltr'><strong>καί</strong></span> <span class='ocrx_word' id='word_1_508' title='bbox 1388 3429 1689 3504; x_wconf 80' lang='grc' dir='ltr'>κηδεμονία</span> 
     </span>
    </p>
   </div>
   <div class='ocr_carea' id='block_1_69' title="bbox 119 3523 1689 3600">
    <p class='ocr_par' dir='ltr' id='par_1_69' title="bbox 119 3523 1689 3600">
     <span class='ocr_line' id='line_1_69' title="bbox 119 3523 1689 3600; baseline -0.003 -20"><span class='ocrx_word' id='word_1_509' title='bbox 119 3527 252 3596; x_wconf 83' lang='grc' dir='ltr'>μέγα</span> <span class='ocrx_word' id='word_1_510' title='bbox 274 3529 553 3599; x_wconf 87' lang='grc' dir='ltr'>δικαίωμα</span> <span class='ocrx_word' id='word_1_511' title='bbox 576 3531 787 3598; x_wconf 77' lang='grc' dir='ltr'>πέφυκε</span> <span class='ocrx_word' id='word_1_512' title='bbox 810 3530 907 3600; x_wconf 80' lang='grc' dir='ltr'>τὴν</span> <span class='ocrx_word' id='word_1_513' title='bbox 933 3528 1070 3600; x_wconf 75' lang='grc' dir='ltr'>πρὺς</span> <span class='ocrx_word' id='word_1_514' title='bbox 1096 3528 1189 3581; x_wconf 71' lang='grc' dir='ltr'>τὸν</span> <span class='ocrx_word' id='word_1_515' title='bbox 1223 3527 1399 3597; x_wconf 77' lang='grc' dir='ltr'>Ἀδὰμ</span> <span class='ocrx_word' id='word_1_516' title='bbox 1417 3526 1515 3594; x_wconf 81' lang='grc' dir='ltr'>τῆς</span> <span class='ocrx_word' id='word_1_517' title='bbox 1543 3523 1689 3587; x_wconf 74' lang='grc' dir='ltr'>Εὔας</span> 
     </span>
    </p>
   </div>
   <div class='ocr_carea' id='block_1_70' title="bbox 118 3616 1690 3692">
    <p class='ocr_par' dir='ltr' id='par_1_70' title="bbox 118 3616 1690 3692">
     <span class='ocr_line' id='line_1_70' title="bbox 118 3616 1690 3692; baseline -0.004 -18"><span class='ocrx_word' id='word_1_518' title='bbox 118 3621 381 3692; x_wconf 74' lang='grc' dir='ltr'>σφαλερὰν</span> <span class='ocrx_word' id='word_1_519' title='bbox 419 3621 866 3675; x_wconf 82' lang='grc' dir='ltr'>ἀνακαλέσασθαι</span> <span class='ocrx_word' id='word_1_520' title='bbox 905 3620 1273 3674; x_wconf 84' lang='grc' dir='ltr'>διδασκαλίαν.</span> <span class='ocrx_word' id='word_1_521' title='bbox 1313 3616 1560 3683; x_wconf 82' lang='grc' dir='ltr'>Ἐδίδαξα</span> <span class='ocrx_word' id='word_1_522' title='bbox 1595 3616 1690 3669; x_wconf 87' lang='grc' dir='ltr'><strong>τὸν</strong></span> 
     </span>
    </p>
   </div>
   <div class='ocr_carea' id='block_1_71' title="bbox 113 3707 1691 3784">
    <p class='ocr_par' dir='ltr' id='par_1_71' title="bbox 113 3707 1691 3784">
     <span class='ocr_line' id='line_1_71' title="bbox 113 3707 1691 3784; baseline -0.003 -18"><span class='ocrx_word' id='word_1_523' title='bbox 113 3714 270 3784; x_wconf 80' lang='grc' dir='ltr'>ἄνδρα</span> <span class='ocrx_word' id='word_1_524' title='bbox 295 3714 585 3784; x_wconf 76' lang='grc' dir='ltr'>σφαλερῶς</span> <span class='ocrx_word' id='word_1_525' title='bbox 609 3731 623 3780; x_wconf 88' lang='grc'>;</span> <span class='ocrx_word' id='word_1_526' title='bbox 655 3714 794 3768; x_wconf 80' lang='grc' dir='ltr'>Ἀλλ’</span> <span class='ocrx_word' id='word_1_527' title='bbox 815 3713 1072 3783; x_wconf 76' lang='grc' dir='ltr'>ἀσφαλῶς</span> <span class='ocrx_word' id='word_1_528' title='bbox 1094 3711 1427 3781; x_wconf 87' lang='grc' dir='ltr'>παιδαγωγῶ</span> <span class='ocrx_word' id='word_1_529' title='bbox 1450 3710 1546 3764; x_wconf 79' lang='grc' dir='ltr'><strong>καὶ</strong></span> <span class='ocrx_word' id='word_1_530' title='bbox 1565 3707 1691 3774; x_wconf 81' lang='grc' dir='ltr'>τρέ-</span> 
     </span>
    </p>
   </div>
   <div class='ocr_carea' id='block_1_72' title="bbox 121 3801 1690 3873">
    <p class='ocr_par' dir='ltr' id='par_1_72' title="bbox 121 3801 1690 3873">
     <span class='ocr_line' id='line_1_72' title="bbox 121 3801 1690 3873; baseline -0.003 -14"><span class='ocrx_word' id='word_1_531' title='bbox 121 3822 200 3873; x_wconf 85' lang='grc' dir='ltr'><strong>φω</strong></span> <span class='ocrx_word' id='word_1_532' title='bbox 235 3807 300 3859; x_wconf 79' lang='grc' dir='ltr'>τὰ</span> <span class='ocrx_word' id='word_1_533' title='bbox 336 3807 529 3859; x_wconf 84' lang='grc' dir='ltr'>τέκνα.</span> <span class='ocrx_word' id='word_1_534' title='bbox 571 3805 782 3858; x_wconf 80' lang='grc' dir='ltr'>Ἐκεῖνο</span> <span class='ocrx_word' id='word_1_535' title='bbox 811 3803 1166 3868; x_wconf 78' lang='grc' dir='ltr'>καταδικάζει</span> <span class='ocrx_word' id='word_1_536' title='bbox 1193 3820 1207 3870; x_wconf 89' lang='grc'>;</span> <span class='ocrx_word' id='word_1_537' title='bbox 1244 3802 1416 3856; x_wconf 82' lang='grc' dir='ltr'>Τοῦτο</span> <span class='ocrx_word' id='word_1_538' title='bbox 1449 3801 1566 3864; x_wconf 84' lang='grc' dir='ltr'><strong>πῶς</strong></span> <span class='ocrx_word' id='word_1_539' title='bbox 1589 3801 1690 3854; x_wconf 83' lang='grc' dir='ltr'><strong>οὐκ</strong></span> 
     </span>
    </p>
   </div>
   <div class='ocr_carea' id='block_1_73' title="bbox 114 3893 1690 3968">
    <p class='ocr_par' dir='ltr' id='par_1_73' title="bbox 114 3893 1690 3968">
     <span class='ocr_line' id='line_1_73' title="bbox 114 3893 1690 3968; baseline 0 -20"><span class='ocrx_word' id='word_1_540' title='bbox 114 3897 176 3948; x_wconf 82' lang='grc' dir='ltr'>ἂν</span> <span class='ocrx_word' id='word_1_541' title='bbox 215 3898 298 3968; x_wconf 80' lang='grc' dir='ltr'><strong>εἴη</strong></span> <span class='ocrx_word' id='word_1_542' title='bbox 357 3895 602 3966; x_wconf 64' lang='grc' dir='ltr'>μάλιστά</span> <span class='ocrx_word' id='word_1_543' title='bbox 633 3914 697 3966; x_wconf 91' lang='grc' dir='ltr'><strong>γε</strong></span> <span class='ocrx_word' id='word_1_544' title='bbox 737 3897 889 3968; x_wconf 88' lang='grc' dir='ltr'>παρὰ</span> <span class='ocrx_word' id='word_1_545' title='bbox 932 3897 1129 3968; x_wconf 80' lang='grc' dir='ltr'>δικαίῳ</span> <span class='ocrx_word' id='word_1_546' title='bbox 1169 3897 1264 3950; x_wconf 73' lang='grc' dir='ltr'><strong>καὶ</strong></span> <span class='ocrx_word' id='word_1_547' title='bbox 1315 3893 1690 3967; x_wconf 80' lang='grc' dir='ltr'>φιλανθρώπῳ</span> 
     </span>
    </p>
   </div>
   <div class='ocr_carea' id='block_1_74' title="bbox 117 3987 1688 4059">
    <p class='ocr_par' dir='ltr' id='par_1_74' title="bbox 117 3987 1688 4059">
     <span class='ocr_line' id='line_1_74' title="bbox 117 3987 1688 4059; baseline 0.002 -22"><span class='ocrx_word' id='word_1_548' title='bbox 117 3991 268 4059; x_wconf 81' lang='grc' dir='ltr'>κριτῇ</span> <span class='ocrx_word' id='word_1_549' title='bbox 301 3988 611 4058; x_wconf 79' lang='grc' dir='ltr'>συγγνώμη</span> <span class='ocrx_word' id='word_1_550' title='bbox 644 3989 739 4042; x_wconf 70' lang='grc' dir='ltr'><strong>καὶ</strong></span> <span class='ocrx_word' id='word_1_551' title='bbox 788 3989 992 4057; x_wconf 84' lang='grc' dir='ltr'>γείτονι</span> <span class='ocrx_word' id='word_1_552' title='bbox 1029 3987 1124 4040; x_wconf 78' lang='grc' dir='ltr'><strong>τοῦ</strong></span> <span class='ocrx_word' id='word_1_553' title='bbox 1169 3987 1512 4058; x_wconf 87' lang='grc' dir='ltr'>πταίσματος</span> <span class='ocrx_word' id='word_1_554' title='bbox 1553 4004 1688 4041; x_wconf 87' lang='grc' dir='ltr'>κατ-</span> 
     </span>
    </p>
   </div>
   <div class='ocr_carea' id='block_1_75' title="bbox 116 4073 1691 4151">
    <p class='ocr_par' dir='ltr' id='par_1_75' title="bbox 116 4073 1691 4151">
     <span class='ocr_line' id='line_1_75' title="bbox 116 4073 1691 4151; baseline 0.003 -23"><span class='ocrx_word' id='word_1_555' title='bbox 116 4077 386 4148; x_wconf 83' lang='grc' dir='ltr'>ορθώματι</span> <span class='ocrx_word' id='word_1_556' title='bbox 417 4081 522 4149; x_wconf 82' lang='grc' dir='ltr'>τῆς</span> <span class='ocrx_word' id='word_1_557' title='bbox 546 4081 706 4150; x_wconf 88' lang='grc' dir='ltr'>δίκης</span> <span class='ocrx_word' id='word_1_558' title='bbox 751 4081 1027 4148; x_wconf 85' lang='grc' dir='ltr'>ἁπολύον;</span> <span class='ocrx_word' id='word_1_559' title='bbox 1062 4073 1154 4133; x_wconf 81' lang='grc' dir='ltr'>Διδ</span> <span class='ocrx_word' id='word_1_560' title='bbox 1213 4080 1419 4150; x_wconf 82' lang='grc' dir='ltr'>ταύτης</span> <span class='ocrx_word' id='word_1_561' title='bbox 1468 4080 1568 4151; x_wconf 80' lang='grc' dir='ltr'>τῆς</span> <span class='ocrx_word' id='word_1_562' title='bbox 1601 4097 1691 4132; x_wconf 82' lang='grc' dir='ltr'>τε·</span> 
     </span>
    </p>
   </div>
   <div class='ocr_carea' id='block_1_76' title="bbox 119 4171 1688 4244">
    <p class='ocr_par' dir='ltr' id='par_1_76' title="bbox 119 4171 1688 4244">
     <span class='ocr_line' id='line_1_76' title="bbox 119 4171 1688 4244; baseline 0.004 -24"><span class='ocrx_word' id='word_1_563' title='bbox 119 4171 394 4239; x_wconf 83' lang='grc' dir='ltr'>κνογονίας</span> <span class='ocrx_word' id='word_1_564' title='bbox 423 4175 459 4244; x_wconf 88' lang='grc' dir='ltr'><strong>ή</strong></span> <span class='ocrx_word' id='word_1_565' title='bbox 498 4173 787 4240; x_wconf 85' lang='grc' dir='ltr'>γυναικεία</span> <span class='ocrx_word' id='word_1_566' title='bbox 844 4173 1009 4244; x_wconf 81' lang='grc' dir='ltr'>φύσις</span> <span class='ocrx_word' id='word_1_567' title='bbox 1049 4174 1382 4243; x_wconf 86' lang='grc' dir='ltr'>ἀντεχομένη</span> <span class='ocrx_word' id='word_1_568' title='bbox 1421 4174 1513 4226; x_wconf 78' lang='grc' dir='ltr'><strong>καὶ</strong></span> <span class='ocrx_word' id='word_1_569' title='bbox 1558 4172 1688 4228; x_wconf 86' lang='grc' dir='ltr'>ταύ-</span> 
     </span>
    </p>
   </div>
   <div class='ocr_carea' id='block_1_77' title="bbox 115 4257 1690 4335">
    <p class='ocr_par' dir='ltr' id='par_1_77' title="bbox 115 4257 1690 4335">
     <span class='ocr_line' id='line_1_77' title="bbox 115 4257 1690 4335; baseline 0.004 -22"><span class='ocrx_word' id='word_1_570' title='bbox 115 4279 207 4332; x_wconf 85' lang='grc' dir='ltr'><strong>την</strong></span> <span class='ocrx_word' id='word_1_571' title='bbox 237 4265 624 4328; x_wconf 82' lang='grc' dir='ltr'>σπουδάζουσα</span> <span class='ocrx_word' id='word_1_572' title='bbox 655 4257 980 4319; x_wconf 82' lang='grc' dir='ltr'>διαλύεικαὶ</span> <span class='ocrx_word' id='word_1_573' title='bbox 1009 4265 1326 4319; x_wconf 78' lang='grc' dir='ltr'>ἀποτίθεται</span> <span class='ocrx_word' id='word_1_574' title='bbox 1343 4268 1442 4335; x_wconf 86' lang='grc' dir='ltr'><strong>τήν</strong></span> <span class='ocrx_word' id='word_1_575' title='bbox 1462 4266 1570 4319; x_wconf 80' lang='grc' dir='ltr'>ἀπὸ</span> <span class='ocrx_word' id='word_1_576' title='bbox 1588 4266 1690 4334; x_wconf 78' lang='grc' dir='ltr'>τῆς</span> 
     </span>
    </p>
   </div>
   <div class='ocr_carea' id='block_1_78' title="bbox 117 4355 1691 4430">
    <p class='ocr_par' dir='ltr' id='par_1_78' title="bbox 117 4355 1691 4430">
     <span class='ocr_line' id='line_1_78' title="bbox 117 4355 1691 4430; baseline 0.001 -21"><span class='ocrx_word' id='word_1_577' title='bbox 117 4355 324 4427; x_wconf 79' lang='grc' dir='ltr'>ἀπάτης</span> <span class='ocrx_word' id='word_1_578' title='bbox 374 4358 558 4411; x_wconf 89' lang='grc' dir='ltr'>αἰτίαν</span> <span class='ocrx_word' id='word_1_579' title='bbox 590 4357 684 4410; x_wconf 85' lang='grc' dir='ltr'><strong>καί</strong></span> <span class='ocrx_word' id='word_1_580' title='bbox 729 4357 924 4430; x_wconf 83' lang='grc' dir='ltr'>δίκην⁶</span> <span class='ocrx_word' id='word_1_581' title='bbox 967 4359 1049 4412; x_wconf 87' lang='grc' dir='ltr'>ὃτι</span> <span class='ocrx_word' id='word_1_582' title='bbox 1098 4358 1153 4411; x_wconf 84' lang='grc' dir='ltr'>δὲ</span> <span class='ocrx_word' id='word_1_583' title='bbox 1203 4359 1552 4424; x_wconf 82' lang='grc' dir='ltr'>τεκνογονίαν</span> <span class='ocrx_word' id='word_1_584' title='bbox 1598 4359 1691 4411; x_wconf 72' lang='grc' dir='ltr'><strong>κᾶἱ</strong></span> 
     </span>
    </p>
   </div>
   <div class='ocr_carea' id='block_1_79' title="bbox 1792 3158 3381 3244">
    <p class='ocr_par' dir='ltr' id='par_1_79' title="bbox 1792 3158 3381 3244">
     <span class='ocr_line' id='line_1_79' title="bbox 1792 3158 3381 3244; baseline -0.002 -17"><span class='ocrx_word' id='word_1_585' title='bbox 1792 3158 1965 3232; x_wconf 89' lang='lat' dir='ltr'><strong>sionis</strong></span> <span class='ocrx_word' id='word_1_586' title='bbox 1988 3186 2210 3227; x_wconf 87' lang='lat' dir='ltr'><strong>causam</strong></span> <span class='ocrx_word' id='word_1_587' title='bbox 2247 3170 2588 3234; x_wconf 87' lang='lat' dir='ltr'><strong>dissolvunt;</strong></span> <span class='ocrx_word' id='word_1_588' title='bbox 2649 3167 2754 3244; x_wconf 77' lang='lat' dir='ltr'><strong>hoc</strong></span> <span class='ocrx_word' id='word_1_589' title='bbox 2797 3169 2944 3227; x_wconf 87' lang='lat' dir='ltr'><strong>enim</strong></span> <span class='ocrx_word' id='word_1_590' title='bbox 3000 3171 3187 3224; x_wconf 89' lang='lat' dir='ltr'><strong>mundi</strong></span> <span class='ocrx_word' id='word_1_591' title='bbox 3243 3171 3381 3225; x_wconf 75' lang='lat' dir='ltr'><strong>dixit</strong></span> 
     </span>
    </p>
   </div>
   <div class='ocr_carea' id='block_1_80' title="bbox 1795 3261 3384 3335">
    <p class='ocr_par' dir='ltr' id='par_1_80' title="bbox 1795 3261 3384 3335">
     <span class='ocr_line' id='line_1_80' title="bbox 1795 3261 3384 3335; baseline -0.003 -15"><span class='ocrx_word' id='word_1_592' title='bbox 1795 3265 2076 3335; x_wconf 79' lang='lat' dir='ltr'><strong>magister.</strong></span> <span class='ocrx_word' id='word_1_593' title='bbox 2113 3281 2132 3314; x_wconf 87' lang='grc'><em>‹</em></span> <span class='ocrx_word' id='word_1_594' title='bbox 2163 3261 2475 3316; x_wconf 82' lang='lat' dir='ltr'><strong>Salvabitur</strong></span> <span class='ocrx_word' id='word_1_595' title='bbox 2510 3271 2717 3329; x_wconf 91' lang='lat' dir='ltr'><strong>autem,</strong></span> <span class='ocrx_word' id='word_1_596' title='bbox 2775 3261 3053 3333; x_wconf 88' lang='lat' dir='ltr'><strong>inquiens,</strong></span> <span class='ocrx_word' id='word_1_597' title='bbox 3095 3277 3192 3332; x_wconf 85' lang='lat' dir='ltr'><strong>per</strong></span> <span class='ocrx_word' id='word_1_598' title='bbox 3240 3261 3384 3318; x_wconf 79' lang='grc'><strong>11110-</strong></span> 
     </span>
    </p>
   </div>
   <div class='ocr_carea' id='block_1_81' title="bbox 1793 3353 3381 3426">
    <p class='ocr_par' dir='ltr' id='par_1_81' title="bbox 1793 3353 3381 3426">
     <span class='ocr_line' id='line_1_81' title="bbox 1793 3353 3381 3426; baseline -0.004 -13"><span class='ocrx_word' id='word_1_599' title='bbox 1793 3372 1916 3414; x_wconf 86' lang='lat' dir='ltr'><strong>rum</strong></span> <span class='ocrx_word' id='word_1_600' title='bbox 1956 3355 2386 3426; x_wconf 81' lang='lat' dir='ltr'><strong>generationem.</strong></span> <span class='ocrx_word' id='word_1_601' title='bbox 2423 3373 2442 3405; x_wconf 71' lang='grc' dir='ltr'><strong>ι</strong></span> <span class='ocrx_word' id='word_1_602' title='bbox 2478 3354 2692 3408; x_wconf 88' lang='lat' dir='ltr'><strong>Etenim</strong></span> <span class='ocrx_word' id='word_1_603' title='bbox 2737 3353 2885 3410; x_wconf 90' lang='lat' dir='ltr'><strong>circa</strong></span> <span class='ocrx_word' id='word_1_604' title='bbox 2925 3354 3066 3410; x_wconf 88' lang='lat' dir='ltr'><strong>lilios</strong></span> <span class='ocrx_word' id='word_1_605' title='bbox 3111 3355 3381 3410; x_wconf 81' lang='lat' dir='ltr'><strong>institutio</strong></span> 
     </span>
    </p>
   </div>
   <div class='ocr_carea' id='block_1_82' title="bbox 1793 3447 3382 3517">
    <p class='ocr_par' dir='ltr' id='par_1_82' title="bbox 1793 3447 3382 3517">
     <span class='ocr_line' id='line_1_82' title="bbox 1793 3447 3382 3517; baseline -0.001 -13"><span class='ocrx_word' id='word_1_606' title='bbox 1793 3457 1849 3504; x_wconf 85' lang='lat' dir='ltr'><strong>et</strong></span> <span class='ocrx_word' id='word_1_607' title='bbox 1882 3447 2054 3503; x_wconf 89' lang='lat' dir='ltr'><strong>Deum</strong></span> <span class='ocrx_word' id='word_1_608' title='bbox 2085 3459 2280 3502; x_wconf 80' lang='lat' dir='ltr'><strong>amans</strong></span> <span class='ocrx_word' id='word_1_609' title='bbox 2307 3447 2648 3517; x_wconf 87' lang='lat' dir='ltr'><strong>providentia</strong></span> <span class='ocrx_word' id='word_1_610' title='bbox 2681 3453 2736 3501; x_wconf 89' lang='lat' dir='ltr'><strong>et</strong></span> <span class='ocrx_word' id='word_1_611' title='bbox 2767 3461 2900 3501; x_wconf 88' lang='lat' dir='ltr'><strong>cura</strong></span> <span class='ocrx_word' id='word_1_612' title='bbox 2942 3461 3138 3516; x_wconf 78' lang='lat' dir='ltr'><strong>magna</strong></span> <span class='ocrx_word' id='word_1_613' title='bbox 3177 3448 3382 3517; x_wconf 86' lang='lat' dir='ltr'><strong>justitl-</strong></span> 
     </span>
    </p>
   </div>
   <div class='ocr_carea' id='block_1_83' title="bbox 1795 3535 3383 3607">
    <p class='ocr_par' dir='ltr' id='par_1_83' title="bbox 1795 3535 3383 3607">
     <span class='ocr_line' id='line_1_83' title="bbox 1795 3535 3383 3607; baseline -0.001 -11"><span class='ocrx_word' id='word_1_614' title='bbox 1795 3539 1940 3596; x_wconf 88' lang='lat' dir='ltr'><strong>catio</strong></span> <span class='ocrx_word' id='word_1_615' title='bbox 1970 3548 2096 3594; x_wconf 86' lang='lat' dir='ltr'><strong>nata</strong></span> <span class='ocrx_word' id='word_1_616' title='bbox 2140 3549 2226 3594; x_wconf 91' lang='lat' dir='ltr'><strong>est</strong></span> <span class='ocrx_word' id='word_1_617' title='bbox 2256 3539 2324 3593; x_wconf 89' lang='lat' dir='ltr'><strong>ad</strong></span> <span class='ocrx_word' id='word_1_618' title='bbox 2356 3537 2628 3592; x_wconf 87' lang='lat' dir='ltr'><strong>Adamum</strong></span> <span class='ocrx_word' id='word_1_619' title='bbox 2657 3535 2782 3592; x_wconf 69' lang='lat' dir='ltr'><strong>Eva:</strong></span> <span class='ocrx_word' id='word_1_620' title='bbox 2825 3537 3074 3593; x_wconf 75' lang='lat' dir='ltr'><strong>l&#39;allarem</strong></span> <span class='ocrx_word' id='word_1_621' title='bbox 3131 3555 3383 3607; x_wconf 86' lang='lat' dir='ltr'><strong>reparare</strong></span> 
     </span>
    </p>
   </div>
   <div class='ocr_carea' id='block_1_84' title="bbox 1795 3629 3384 3702">
    <p class='ocr_par' dir='ltr' id='par_1_84' title="bbox 1795 3629 3384 3702">
     <span class='ocr_line' id='line_1_84' title="bbox 1795 3629 3384 3702; baseline 0.001 -16"><span class='ocrx_word' id='word_1_622' title='bbox 1795 3631 2196 3702; x_wconf 83' lang='lat' dir='ltr'><strong>magisterium.</strong></span> <span class='ocrx_word' id='word_1_623' title='bbox 2230 3629 2402 3685; x_wconf 90' lang='lat' dir='ltr'><strong>Docui</strong></span> <span class='ocrx_word' id='word_1_624' title='bbox 2446 3631 2625 3685; x_wconf 85' lang='lat' dir='ltr'><strong>virum</strong></span> <span class='ocrx_word' id='word_1_625' title='bbox 2662 3629 2967 3685; x_wconf 81' lang='lat' dir='ltr'><strong>fallaciter?</strong></span> <span class='ocrx_word' id='word_1_626' title='bbox 3018 3629 3124 3685; x_wconf 89' lang='lat' dir='ltr'><strong>Sed</strong></span> <span class='ocrx_word' id='word_1_627' title='bbox 3190 3648 3384 3687; x_wconf 86' lang='lat' dir='ltr'><strong>secure</strong></span> 
     </span>
    </p>
   </div>
   <div class='ocr_carea' id='block_1_85' title="bbox 1795 3719 3382 3800">
    <p class='ocr_par' dir='ltr' id='par_1_85' title="bbox 1795 3719 3382 3800">
     <span class='ocr_line' id='line_1_85' title="bbox 1795 3719 3382 3800; baseline -0.002 -20"><span class='ocrx_word' id='word_1_628' title='bbox 1795 3722 1973 3780; x_wconf 88' lang='lat' dir='ltr'><strong>educo</strong></span> <span class='ocrx_word' id='word_1_629' title='bbox 2007 3729 2061 3777; x_wconf 92' lang='lat' dir='ltr'><strong>et</strong></span> <span class='ocrx_word' id='word_1_630' title='bbox 2089 3722 2272 3776; x_wconf 90' lang='lat' dir='ltr'><strong>nutrio</strong></span> <span class='ocrx_word' id='word_1_631' title='bbox 2304 3721 2465 3776; x_wconf 87' lang='lat' dir='ltr'><strong>lilios.</strong></span> <span class='ocrx_word' id='word_1_632' title='bbox 2501 3719 2636 3775; x_wconf 91' lang='lat' dir='ltr'><strong>lllud</strong></span> <span class='ocrx_word' id='word_1_633' title='bbox 2680 3720 2940 3800; x_wconf 78' lang='lat' dir='ltr'><strong>damnat?</strong></span> <span class='ocrx_word' id='word_1_634' title='bbox 2968 3720 3072 3776; x_wconf 89' lang='lat' dir='ltr'><strong>hoc</strong></span> <span class='ocrx_word' id='word_1_635' title='bbox 3105 3723 3382 3792; x_wconf 87' lang='lat' dir='ltr'><strong>quomodo</strong></span> 
     </span>
    </p>
   </div>
   <div class='ocr_carea' id='block_1_86' title="bbox 1796 3807 3358 3882">
    <p class='ocr_par' dir='ltr' id='par_1_86' title="bbox 1796 3807 3358 3882">
     <span class='ocr_line' id='line_1_86' title="bbox 1796 3807 3358 3882; baseline -0.001 -16"><span class='ocrx_word' id='word_1_636' title='bbox 1796 3825 1907 3866; x_wconf 88' lang='lat' dir='ltr'><strong>non</strong></span> <span class='ocrx_word' id='word_1_637' title='bbox 1936 3817 2106 3874; x_wconf 88' lang='lat' dir='ltr'><strong>esset,</strong></span> <span class='ocrx_word' id='word_1_638' title='bbox 2137 3809 2440 3879; x_wconf 69' lang='lat' dir='ltr'><strong>prmsertim</strong></span> <span class='ocrx_word' id='word_1_639' title='bbox 2471 3807 2611 3880; x_wconf 90' lang='lat' dir='ltr'><strong>apud</strong></span> <span class='ocrx_word' id='word_1_640' title='bbox 2638 3807 2849 3877; x_wconf 88' lang='lat' dir='ltr'><strong>justum</strong></span> <span class='ocrx_word' id='word_1_641' title='bbox 2891 3816 2943 3864; x_wconf 87' lang='lat' dir='ltr'><strong>et</strong></span> <span class='ocrx_word' id='word_1_642' title='bbox 2974 3807 3269 3879; x_wconf 79' lang='lat' dir='ltr'><strong>benignum</strong></span> <span class='ocrx_word' id='word_1_643' title='bbox 3297 3810 3358 3882; x_wconf 89' lang='lat' dir='ltr'><strong>ju</strong></span> 
     </span>
    </p>
   </div>
   <div class='ocr_carea' id='block_1_87' title="bbox 1796 3898 3381 3969">
    <p class='ocr_par' dir='ltr' id='par_1_87' title="bbox 1796 3898 3381 3969">
     <span class='ocr_line' id='line_1_87' title="bbox 1796 3898 3381 3969; baseline 0 -11"><span class='ocrx_word' id='word_1_644' title='bbox 1796 3903 1973 3958; x_wconf 91' lang='lat' dir='ltr'><strong>dicem</strong></span> <span class='ocrx_word' id='word_1_645' title='bbox 2005 3901 2165 3956; x_wconf 89' lang='lat' dir='ltr'><strong>venia</strong></span> <span class='ocrx_word' id='word_1_646' title='bbox 2192 3909 2246 3956; x_wconf 90' lang='lat' dir='ltr'><strong>et</strong></span> <span class='ocrx_word' id='word_1_647' title='bbox 2281 3901 2463 3956; x_wconf 89' lang='lat' dir='ltr'><strong>vicino</strong></span> <span class='ocrx_word' id='word_1_648' title='bbox 2493 3900 2682 3969; x_wconf 80' lang='lat' dir='ltr'><strong>lapsus</strong></span> <span class='ocrx_word' id='word_1_649' title='bbox 2709 3908 2854 3955; x_wconf 89' lang='lat' dir='ltr'><strong>recte</strong></span> <span class='ocrx_word' id='word_1_650' title='bbox 2896 3898 3042 3955; x_wconf 84' lang='lat' dir='ltr'><strong>facto</strong></span> <span class='ocrx_word' id='word_1_651' title='bbox 3073 3901 3381 3958; x_wconf 86' lang='lat' dir='ltr'><strong>damnatio-</strong></span> 
     </span>
    </p>
   </div>
   <div class='ocr_carea' id='block_1_88' title="bbox 1797 3993 3384 4063">
    <p class='ocr_par' dir='ltr' id='par_1_88' title="bbox 1797 3993 3384 4063">
     <span class='ocr_line' id='line_1_88' title="bbox 1797 3993 3384 4063; baseline -0.003 -13"><span class='ocrx_word' id='word_1_652' title='bbox 1797 4011 1920 4050; x_wconf 89' lang='lat' dir='ltr'><strong>nem</strong></span> <span class='ocrx_word' id='word_1_653' title='bbox 1955 3994 2210 4049; x_wconf 86' lang='lat' dir='ltr'><strong>solvens?</strong></span> <span class='ocrx_word' id='word_1_654' title='bbox 2245 3993 2368 4048; x_wconf 90' lang='lat' dir='ltr'><strong>Ideo</strong></span> <span class='ocrx_word' id='word_1_655' title='bbox 2403 3994 2531 4047; x_wconf 85' lang='lat' dir='ltr'><strong>huic</strong></span> <span class='ocrx_word' id='word_1_656' title='bbox 2562 3993 2799 4047; x_wconf 80' lang='lat' dir='ltr'><strong>ﬁliorum</strong></span> <span class='ocrx_word' id='word_1_657' title='bbox 2854 3993 3192 4063; x_wconf 79' lang='lat' dir='ltr'><strong>generationi</strong></span> <span class='ocrx_word' id='word_1_658' title='bbox 3224 3993 3384 4048; x_wconf 78' lang='lat' dir='ltr'><strong>femi-</strong></span> 
     </span>
    </p>
   </div>
   <div class='ocr_carea' id='block_1_89' title="bbox 1798 4083 3381 4143">
    <p class='ocr_par' dir='ltr' id='par_1_89' title="bbox 1798 4083 3381 4143">
     <span class='ocr_line' id='line_1_89' title="bbox 1798 4083 3381 4143; baseline -0.003 0"><span class='ocrx_word' id='word_1_659' title='bbox 1798 4103 1900 4143; x_wconf 90' lang='lat' dir='ltr'><strong>nea</strong></span> <span class='ocrx_word' id='word_1_660' title='bbox 1932 4097 2127 4141; x_wconf 90' lang='lat' dir='ltr'><strong>natura</strong></span> <span class='ocrx_word' id='word_1_661' title='bbox 2158 4087 2538 4140; x_wconf 84' lang='lat' dir='ltr'><strong>adhaerescens</strong></span> <span class='ocrx_word' id='word_1_662' title='bbox 2584 4083 2730 4138; x_wconf 82' lang='lat' dir='ltr'><strong>etei</strong></span> <span class='ocrx_word' id='word_1_663' title='bbox 2781 4083 3005 4138; x_wconf 89' lang='lat' dir='ltr'><strong>studens</strong></span> <span class='ocrx_word' id='word_1_664' title='bbox 3039 4085 3289 4139; x_wconf 85' lang='lat' dir='ltr'><strong>dissolvit</strong></span> <span class='ocrx_word' id='word_1_665' title='bbox 3328 4093 3381 4138; x_wconf 83' lang='lat' dir='ltr'><strong>et</strong></span> 
     </span>
    </p>
   </div>
   <div class='ocr_carea' id='block_1_90' title="bbox 1797 4177 3377 4250">
    <p class='ocr_par' dir='ltr' id='par_1_90' title="bbox 1797 4177 3377 4250">
     <span class='ocr_line' id='line_1_90' title="bbox 1797 4177 3377 4250; baseline -0.003 -14"><span class='ocrx_word' id='word_1_666' title='bbox 1797 4180 2022 4250; x_wconf 88' lang='lat' dir='ltr'><strong>deponit</strong></span> <span class='ocrx_word' id='word_1_667' title='bbox 2053 4195 2082 4234; x_wconf 90' lang='lat' dir='ltr'><strong>a</strong></span> <span class='ocrx_word' id='word_1_668' title='bbox 2113 4179 2432 4249; x_wconf 89' lang='lat' dir='ltr'><strong>deceptione</strong></span> <span class='ocrx_word' id='word_1_669' title='bbox 2473 4177 2913 4231; x_wconf 88' lang='lat' dir='ltr'><strong>criminationem</strong></span> <span class='ocrx_word' id='word_1_670' title='bbox 2961 4185 3015 4229; x_wconf 88' lang='lat' dir='ltr'><strong>et</strong></span> <span class='ocrx_word' id='word_1_671' title='bbox 3046 4177 3377 4231; x_wconf 83' lang='lat' dir='ltr'><strong>condemna-</strong></span> 
     </span>
    </p>
   </div>
   <div class='ocr_carea' id='block_1_91' title="bbox 1798 4267 3370 4337">
    <p class='ocr_par' dir='ltr' id='par_1_91' title="bbox 1798 4267 3370 4337">
     <span class='ocr_line' id='line_1_91' title="bbox 1798 4267 3370 4337; baseline -0.003 -10"><span class='ocrx_word' id='word_1_672' title='bbox 1798 4272 2026 4327; x_wconf 87' lang='lat' dir='ltr'><strong>tionem:</strong></span> <span class='ocrx_word' id='word_1_673' title='bbox 2058 4271 2212 4337; x_wconf 87' lang='lat' dir='ltr'><strong>Quod</strong></span> <span class='ocrx_word' id='word_1_674' title='bbox 2240 4279 2418 4325; x_wconf 86' lang='lat' dir='ltr'><strong>autem</strong></span> <span class='ocrx_word' id='word_1_675' title='bbox 2449 4269 2688 4323; x_wconf 83' lang='lat' dir='ltr'><strong>ﬁliorum</strong></span> <span class='ocrx_word' id='word_1_676' title='bbox 2729 4269 3140 4337; x_wconf 85' lang='lat' dir='ltr'><strong>generationem</strong></span> <span class='ocrx_word' id='word_1_677' title='bbox 3168 4267 3370 4323; x_wconf 73' lang='grc'><strong>0111110-</strong></span> 
     </span>
    </p>
   </div>
   <div class='ocr_carea' id='block_1_92' title="bbox 1800 4351 3377 4429">
    <p class='ocr_par' dir='ltr' id='par_1_92' title="bbox 1800 4351 3377 4429">
     <span class='ocr_line' id='line_1_92' title="bbox 1800 4351 3377 4429; baseline -0.004 -13"><span class='ocrx_word' id='word_1_678' title='bbox 1800 4379 1920 4417; x_wconf 90' lang='lat' dir='ltr'><strong>rum</strong></span> <span class='ocrx_word' id='word_1_679' title='bbox 1954 4351 2310 4418; x_wconf 80' lang='lat' dir='ltr'><strong>nutritionem</strong></span> <span class='ocrx_word' id='word_1_680' title='bbox 2343 4353 2640 4429; x_wconf 85' lang='lat' dir='ltr'><strong>Apostolus</strong></span> <span class='ocrx_word' id='word_1_681' title='bbox 2663 4357 2806 4412; x_wconf 85' lang='lat' dir='ltr'><strong>circa</strong></span> <span class='ocrx_word' id='word_1_682' title='bbox 2841 4357 3042 4412; x_wconf 86' lang='lat' dir='ltr'><strong>liberos</strong></span> <span class='ocrx_word' id='word_1_683' title='bbox 3079 4359 3377 4412; x_wconf 85' lang='lat' dir='ltr'><strong>salvilicam</strong></span> 
     </span>
    </p>
   </div>
   <div class='ocr_carea' id='block_1_93' title="bbox 116 4433 1687 4523">
    <p class='ocr_par' dir='ltr' id='par_1_93' title="bbox 116 4448 1687 4523">
     <span class='ocr_line' id='line_1_93' title="bbox 116 4448 1687 4523; baseline 0.003 -24"><span class='ocrx_word' id='word_1_684' title='bbox 116 4448 176 4518; x_wconf 78' lang='grc' dir='ltr'><strong>δή</strong></span> <span class='ocrx_word' id='word_1_685' title='bbox 205 4451 293 4502; x_wconf 74' lang='grc' dir='ltr'>καὶ</span> <span class='ocrx_word' id='word_1_686' title='bbox 322 4450 720 4522; x_wconf 86' lang='grc' dir='ltr'>τεκνοτροφίαν</span> <span class='ocrx_word' id='word_1_687' title='bbox 748 4451 776 4501; x_wconf 88' lang='grc' dir='ltr'>ὁ</span> <span class='ocrx_word' id='word_1_688' title='bbox 822 4451 1146 4515; x_wconf 87' lang='grc' dir='ltr'>Ἀπόστολος</span> <span class='ocrx_word' id='word_1_689' title='bbox 1196 4449 1296 4522; x_wconf 78' lang='grc' dir='ltr'><strong>τήν</strong></span> <span class='ocrx_word' id='word_1_690' title='bbox 1333 4451 1458 4523; x_wconf 74' lang='grc' dir='ltr'>περὶ</span> <span class='ocrx_word' id='word_1_691' title='bbox 1489 4450 1559 4504; x_wconf 80' lang='grc' dir='ltr'>τὰ</span> <span class='ocrx_word' id='word_1_692' title='bbox 1599 4451 1687 4503; x_wconf 83' lang='grc' dir='ltr'>τέ-</span> 
     </span>
    </p>
   </div>
   <div class='ocr_carea' id='block_1_94' title="bbox 1796 4433 3376 4523">
    <p class='ocr_par' dir='ltr' id='par_1_94' title="bbox 1801 4451 3376 4520">
     <span class='ocr_line' id='line_1_94' title="bbox 1801 4451 3376 4520; baseline -0.005 -6"><span class='ocrx_word' id='word_1_693' title='bbox 1801 4473 1992 4514; x_wconf 88' lang='lat' dir='ltr'><strong>curam</strong></span> <span class='ocrx_word' id='word_1_694' title='bbox 2020 4459 2195 4513; x_wconf 86' lang='lat' dir='ltr'><strong>soleat</strong></span> <span class='ocrx_word' id='word_1_695' title='bbox 2225 4469 2445 4520; x_wconf 89' lang='lat' dir='ltr'><strong>vocare,</strong></span> <span class='ocrx_word' id='word_1_696' title='bbox 2481 4451 2832 4508; x_wconf 83' lang='lat' dir='ltr'><strong>manifestum</strong></span> <span class='ocrx_word' id='word_1_697' title='bbox 2869 4451 2997 4505; x_wconf 90' lang='lat' dir='ltr'><strong>hinc</strong></span> <span class='ocrx_word' id='word_1_698' title='bbox 3025 4469 3039 4507; x_wconf 90' lang='lat'><strong>:</strong></span> <span class='ocrx_word' id='word_1_699' title='bbox 3081 4451 3296 4506; x_wconf 91' lang='lat' dir='ltr'><strong>Etenim</strong></span> <span class='ocrx_word' id='word_1_700' title='bbox 3324 4452 3376 4506; x_wconf 88' lang='lat' dir='ltr'><strong>in</strong></span> 
     </span>
    </p>
   </div>
   <div class='ocr_carea' id='block_1_95' title="bbox 119 4541 1692 4615">
    <p class='ocr_par' dir='ltr' id='par_1_95' title="bbox 119 4541 1692 4615">
     <span class='ocr_line' id='line_1_95' title="bbox 119 4541 1692 4615; baseline 0.002 -23"><span class='ocrx_word' id='word_1_701' title='bbox 119 4556 214 4594; x_wconf 82' lang='grc' dir='ltr'><strong>κνα</strong></span> <span class='ocrx_word' id='word_1_702' title='bbox 245 4544 516 4615; x_wconf 88' lang='grc' dir='ltr'>σωτήριον</span> <span class='ocrx_word' id='word_1_703' title='bbox 545 4543 864 4613; x_wconf 75' lang='grc' dir='ltr'>ἐπιμέλειαν</span> <span class='ocrx_word' id='word_1_704' title='bbox 895 4544 1051 4597; x_wconf 84' lang='grc' dir='ltr'>εῖωθε</span> <span class='ocrx_word' id='word_1_705' title='bbox 1075 4542 1279 4606; x_wconf 85' lang='grc' dir='ltr'>καλεῖν,</span> <span class='ocrx_word' id='word_1_706' title='bbox 1303 4542 1460 4612; x_wconf 80' lang='grc' dir='ltr'>δῆλον</span> <span class='ocrx_word' id='word_1_707' title='bbox 1510 4541 1692 4595; x_wconf 74' lang='grc' dir='ltr'>ἐντεῦ-</span> 
     </span>
    </p>
   </div>
   <div class='ocr_carea' id='block_1_96' title="bbox 120 4633 1690 4706">
    <p class='ocr_par' dir='ltr' id='par_1_96' title="bbox 120 4633 1690 4706">
     <span class='ocr_line' id='line_1_96' title="bbox 120 4633 1690 4706; baseline 0.001 -22"><span class='ocrx_word' id='word_1_708' title='bbox 120 4633 223 4689; x_wconf 87' lang='grc' dir='ltr'>θεν.</span> <span class='ocrx_word' id='word_1_709' title='bbox 263 4636 373 4688; x_wconf 77' lang='grc' dir='ltr'>Καὶ</span> <span class='ocrx_word' id='word_1_710' title='bbox 400 4636 512 4704; x_wconf 79' lang='grc' dir='ltr'>γὰρ</span> <span class='ocrx_word' id='word_1_711' title='bbox 542 4637 622 4699; x_wconf 88' lang='grc' dir='ltr'><strong>εἰς</strong></span> <span class='ocrx_word' id='word_1_712' title='bbox 670 4635 768 4706; x_wconf 83' lang='grc' dir='ltr'>τὴν</span> <span class='ocrx_word' id='word_1_713' title='bbox 811 4636 921 4688; x_wconf 83' lang='grc' dir='ltr'><strong>τῶν</strong></span> <span class='ocrx_word' id='word_1_714' title='bbox 958 4635 1144 4706; x_wconf 84' lang='grc' dir='ltr'>χηρῶν</span> <span class='ocrx_word' id='word_1_715' title='bbox 1199 4635 1354 4699; x_wconf 86' lang='grc' dir='ltr'>τάξιν</span> <span class='ocrx_word' id='word_1_716' title='bbox 1393 4636 1488 4686; x_wconf 79' lang='grc' dir='ltr'>καὶ</span> <span class='ocrx_word' id='word_1_717' title='bbox 1522 4634 1690 4705; x_wconf 82' lang='grc' dir='ltr'>τιμὴν</span> 
     </span>
    </p>
   </div>
   <div class='ocr_carea' id='block_1_97' title="bbox 121 4725 1692 4798">
    <p class='ocr_par' dir='ltr' id='par_1_97' title="bbox 121 4725 1692 4798">
     <span class='ocr_line' id='line_1_97' title="bbox 121 4725 1692 4798; baseline 0.004 -23"><span class='ocrx_word' id='word_1_718' title='bbox 121 4725 209 4778; x_wconf 78' lang='grc' dir='ltr'>καὶ</span> <span class='ocrx_word' id='word_1_719' title='bbox 234 4727 331 4798; x_wconf 79' lang='grc' dir='ltr'><strong>τὴν</strong></span> <span class='ocrx_word' id='word_1_720' title='bbox 358 4727 622 4798; x_wconf 82' lang='grc' dir='ltr'>πρόνοιαν</span> <span class='ocrx_word' id='word_1_721' title='bbox 647 4727 746 4790; x_wconf 77' lang='grc' dir='ltr'>τ-ἀς</span> <span class='ocrx_word' id='word_1_722' title='bbox 767 4727 1160 4798; x_wconf 85' lang='grc' dir='ltr'>κεχηρωμένας</span> <span class='ocrx_word' id='word_1_723' title='bbox 1193 4727 1301 4780; x_wconf 84' lang='grc' dir='ltr'><strong>τῶν</strong></span> <span class='ocrx_word' id='word_1_724' title='bbox 1328 4727 1536 4797; x_wconf 82' lang='grc' dir='ltr'>ἀνδρῶν</span> <span class='ocrx_word' id='word_1_725' title='bbox 1562 4728 1692 4782; x_wconf 82' lang='grc' dir='ltr'><strong>ἀνά-</strong></span> 
     </span>
    </p>
   </div>
   <div class='ocr_carea' id='block_1_98' title="bbox 121 4818 1692 4891">
    <p class='ocr_par' dir='ltr' id='par_1_98' title="bbox 121 4818 1692 4891">
     <span class='ocr_line' id='line_1_98' title="bbox 121 4818 1692 4891; baseline 0.004 -24"><span class='ocrx_word' id='word_1_726' title='bbox 121 4832 246 4883; x_wconf 82' lang='grc' dir='ltr'>γων;</span> <span class='ocrx_word' id='word_1_727' title='bbox 280 4838 297 4870; x_wconf 82' lang='grc' dir='ltr'><strong>ι</strong></span> <span class='ocrx_word' id='word_1_728' title='bbox 336 4821 517 4891; x_wconf 83' lang='grc' dir='ltr'>Χήρα,</span> <span class='ocrx_word' id='word_1_729' title='bbox 552 4819 711 4889; x_wconf 71' lang='grc' dir='ltr'>φησὶ,</span> <span class='ocrx_word' id='word_1_730' title='bbox 747 4819 1134 4886; x_wconf 80' lang='grc' dir='ltr'>καταλεγέσθω</span> <span class='ocrx_word' id='word_1_731' title='bbox 1171 4820 1246 4890; x_wconf 81' lang='grc' dir='ltr'>μὴ</span> <span class='ocrx_word' id='word_1_732' title='bbox 1292 4819 1513 4872; x_wconf 78' lang='grc' dir='ltr'>ἔλαττον</span> <span class='ocrx_word' id='word_1_733' title='bbox 1555 4818 1692 4874; x_wconf 78' lang='grc' dir='ltr'>ἐτῶν</span> 
     </span>
    </p>
   </div>
   <div class='ocr_carea' id='block_1_99' title="bbox 121 4906 1693 4981">
    <p class='ocr_par' dir='ltr' id='par_1_99' title="bbox 121 4906 1693 4981">
     <span class='ocr_line' id='line_1_99' title="bbox 121 4906 1693 4981; baseline 0.005 -26"><span class='ocrx_word' id='word_1_734' title='bbox 121 4906 372 4975; x_wconf 78' lang='grc' dir='ltr'>ἑξήκοντα</span> <span class='ocrx_word' id='word_1_735' title='bbox 399 4925 413 4939; x_wconf 79' lang='grc' dir='ltr'><strong><em>ο</em></strong></span> <span class='ocrx_word' id='word_1_736' title='bbox 447 4929 465 4959; x_wconf 73' lang='grc' dir='ltr'><strong>ι</strong></span> <span class='ocrx_word' id='word_1_737' title='bbox 501 4907 619 4969; x_wconf 80' lang='grc' dir='ltr'>εἶτα</span> <span class='ocrx_word' id='word_1_738' title='bbox 641 4909 738 4964; x_wconf 73' lang='grc' dir='ltr'><strong>καὶ</strong></span> <span class='ocrx_word' id='word_1_739' title='bbox 757 4909 880 4963; x_wconf 88' lang='grc' dir='ltr'>τίνα</span> <span class='ocrx_word' id='word_1_740' title='bbox 904 4909 1354 4981; x_wconf 74' lang='grc' dir='ltr'>καταϐαλλομένη</span> <span class='ocrx_word' id='word_1_741' title='bbox 1381 4909 1570 4980; x_wconf 81' lang='grc' dir='ltr'>μισθὸν</span> <span class='ocrx_word' id='word_1_742' title='bbox 1592 4909 1693 4980; x_wconf 82' lang='grc' dir='ltr'>τῆς</span> 
     </span>
    </p>
   </div>
   <div class='ocr_carea' id='block_1_100' title="bbox 77 4991 1692 5074">
    <p class='ocr_par' dir='ltr' id='par_1_100' title="bbox 77 4991 1692 5074">
     <span class='ocr_line' id='line_1_100' title="bbox 77 4991 1692 5074; baseline 0.007 -27"><span class='ocrx_word' id='word_1_743' title='bbox 77 4991 364 5069; x_wconf 79' lang='grc' dir='ltr'>’τοιαύτης</span> <span class='ocrx_word' id='word_1_744' title='bbox 417 5001 644 5072; x_wconf 80' lang='grc' dir='ltr'>λήξεως·</span> <span class='ocrx_word' id='word_1_745' title='bbox 681 5020 700 5052; x_wconf 81' lang='grc' dir='ltr'><strong>ι</strong></span> <span class='ocrx_word' id='word_1_746' title='bbox 737 5001 798 5055; x_wconf 85' lang='grc' dir='ltr'>Εἰ</span> <span class='ocrx_word' id='word_1_747' title='bbox 861 5003 1311 5073; x_wconf 80' lang='grc' dir='ltr'>ὲτεκνοτρόφησε,</span> <span class='ocrx_word' id='word_1_748' title='bbox 1393 5005 1580 5074; x_wconf 74' lang='grc' dir='ltr'>φησὶν,</span> <span class='ocrx_word' id='word_1_749' title='bbox 1643 5007 1692 5060; x_wconf 89' lang='grc' dir='ltr'><strong>εί</strong></span> 
     </span>
    </p>
   </div>
   <div class='ocr_carea' id='block_1_101' title="bbox 125 5088 1694 5165">
    <p class='ocr_par' dir='ltr' id='par_1_101' title="bbox 125 5088 1694 5165">
     <span class='ocr_line' id='line_1_101' title="bbox 125 5088 1694 5165; baseline 0.006 -27"><span class='ocrx_word' id='word_1_750' title='bbox 125 5088 285 5154; x_wconf 83' lang='grc' dir='ltr'>ἁγίων</span> <span class='ocrx_word' id='word_1_751' title='bbox 313 5092 484 5156; x_wconf 80' lang='grc' dir='ltr'>πόδας</span> <span class='ocrx_word' id='word_1_752' title='bbox 517 5091 722 5161; x_wconf 72' lang='grc' dir='ltr'>ἔνιψεν,</span> <span class='ocrx_word' id='word_1_753' title='bbox 755 5095 804 5144; x_wconf 88' lang='grc' dir='ltr'><strong>εἰ</strong></span> <span class='ocrx_word' id='word_1_754' title='bbox 827 5090 1166 5162; x_wconf 80' lang='grc' dir='ltr'>θλιϐομένοις</span> <span class='ocrx_word' id='word_1_755' title='bbox 1193 5096 1470 5165; x_wconf 83' lang='grc' dir='ltr'>ἐπήρκεσε</span> <span class='ocrx_word' id='word_1_756' title='bbox 1491 5113 1502 5124; x_wconf 92' lang='grc'><strong>·</strong></span> <span class='ocrx_word' id='word_1_757' title='bbox 1538 5116 1555 5147; x_wconf 76' lang='grc' dir='ltr'><strong>ι</strong></span> <span class='ocrx_word' id='word_1_758' title='bbox 1599 5098 1694 5150; x_wconf 75' lang='grc' dir='ltr'><strong>κα1⁸</strong></span> 
     </span>
    </p>
   </div>
   <div class='ocr_carea' id='block_1_102' title="bbox 125 5179 1701 5257">
    <p class='ocr_par' dir='ltr' id='par_1_102' title="bbox 125 5179 1701 5257">
     <span class='ocr_line' id='line_1_102' title="bbox 125 5179 1701 5257; baseline 0.007 -27"><span class='ocrx_word' id='word_1_759' title='bbox 125 5179 218 5248; x_wconf 75' lang='grc' dir='ltr'><strong>δρα</strong></span> <span class='ocrx_word' id='word_1_760' title='bbox 251 5183 398 5248; x_wconf 76' lang='grc' dir='ltr'>ὅπως</span> <span class='ocrx_word' id='word_1_761' title='bbox 437 5187 502 5254; x_wconf 82' lang='grc' dir='ltr'>τῇ</span> <span class='ocrx_word' id='word_1_762' title='bbox 538 5185 646 5237; x_wconf 83' lang='grc' dir='ltr'>τῶν</span> <span class='ocrx_word' id='word_1_763' title='bbox 674 5184 849 5252; x_wconf 85' lang='grc' dir='ltr'>ἁγίων</span> <span class='ocrx_word' id='word_1_764' title='bbox 880 5185 1147 5257; x_wconf 76' lang='grc' dir='ltr'>Θεραπεία</span> <span class='ocrx_word' id='word_1_765' title='bbox 1196 5187 1289 5239; x_wconf 77' lang='grc' dir='ltr'><strong>καὶ</strong></span> <span class='ocrx_word' id='word_1_766' title='bbox 1328 5187 1574 5252; x_wconf 82' lang='grc' dir='ltr'>δεξιώσει</span> <span class='ocrx_word' id='word_1_767' title='bbox 1605 5190 1701 5241; x_wconf 76' lang='grc' dir='ltr'><strong>καὶ</strong></span> 
     </span>
    </p>
   </div>
   <div class='ocr_carea' id='block_1_103' title="bbox 127 5270 1702 5349">
    <p class='ocr_par' dir='ltr' id='par_1_103' title="bbox 127 5270 1702 5349">
     <span class='ocr_line' id='line_1_103' title="bbox 127 5270 1702 5349; baseline 0.005 -27"><span class='ocrx_word' id='word_1_768' title='bbox 127 5270 198 5340; x_wconf 83' lang='grc' dir='ltr'>τῷ</span> <span class='ocrx_word' id='word_1_769' title='bbox 217 5275 312 5343; x_wconf 76' lang='grc' dir='ltr'><strong>τῆς</strong></span> <span class='ocrx_word' id='word_1_770' title='bbox 348 5275 472 5346; x_wconf 82' lang='grc' dir='ltr'>ἐλεη</span> <span class='ocrx_word' id='word_1_771' title='bbox 483 5276 721 5346; x_wconf 89' lang='grc' dir='ltr'>μοσύνης</span> <span class='ocrx_word' id='word_1_772' title='bbox 745 5275 985 5347; x_wconf 83' lang='grc' dir='ltr'>λαμπρῷ</span> <span class='ocrx_word' id='word_1_773' title='bbox 1015 5276 1425 5348; x_wconf 84' lang='grc' dir='ltr'>κατορθώματι,</span> <span class='ocrx_word' id='word_1_774' title='bbox 1450 5280 1548 5347; x_wconf 80' lang='grc' dir='ltr'>τὴν</span> <span class='ocrx_word' id='word_1_775' title='bbox 1571 5279 1702 5349; x_wconf 74' lang='grc' dir='ltr'>περὶ</span> 
     </span>
    </p>
   </div>
   <div class='ocr_carea' id='block_1_104' title="bbox 128 5363 1699 5438">
    <p class='ocr_par' dir='ltr' id='par_1_104' title="bbox 128 5363 1699 5438">
     <span class='ocr_line' id='line_1_104' title="bbox 128 5363 1699 5438; baseline 0.009 -26"><span class='ocrx_word' id='word_1_776' title='bbox 128 5363 190 5413; x_wconf 66' lang='grc' dir='ltr'>τὰ</span> <span class='ocrx_word' id='word_1_777' title='bbox 215 5365 378 5418; x_wconf 77' lang='grc' dir='ltr'>τέκνα</span> <span class='ocrx_word' id='word_1_778' title='bbox 427 5367 660 5438; x_wconf 83' lang='grc' dir='ltr'>σπουδὴν</span> <span class='ocrx_word' id='word_1_779' title='bbox 715 5369 809 5420; x_wconf 73' lang='grc' dir='ltr'><strong>καὶ</strong></span> <span class='ocrx_word' id='word_1_780' title='bbox 865 5368 998 5436; x_wconf 78' lang='grc' dir='ltr'>πρὸς</span> <span class='ocrx_word' id='word_1_781' title='bbox 1058 5369 1268 5438; x_wconf 73' lang='grc' dir='ltr'>ᾀρετῶν</span> <span class='ocrx_word' id='word_1_782' title='bbox 1320 5370 1699 5437; x_wconf 73' lang='grc' dir='ltr'>παιδαγωγίαν</span> 
     </span>
    </p>
   </div>
   <div class='ocr_carea' id='block_1_105' title="bbox 130 5454 1689 5531">
    <p class='ocr_par' dir='ltr' id='par_1_105' title="bbox 130 5454 1689 5531">
     <span class='ocr_line' id='line_1_105' title="bbox 130 5454 1689 5531; baseline 0.006 -25"><span class='ocrx_word' id='word_1_783' title='bbox 130 5456 374 5522; x_wconf 74' lang='grc' dir='ltr'>συνέταξε</span> <span class='ocrx_word' id='word_1_784' title='bbox 402 5476 460 5511; x_wconf 89' lang='grc' dir='ltr'><strong>τε</strong></span> <span class='ocrx_word' id='word_1_785' title='bbox 500 5461 596 5512; x_wconf 78' lang='grc' dir='ltr'>καὶ</span> <span class='ocrx_word' id='word_1_786' title='bbox 645 5460 1053 5531; x_wconf 85' lang='grc' dir='ltr'>συνηρίθμησεν</span> <span class='ocrx_word' id='word_1_787' title='bbox 1076 5476 1092 5490; x_wconf 90' lang='grc'><strong>·</strong></span> <span class='ocrx_word' id='word_1_788' title='bbox 1128 5461 1242 5514; x_wconf 80' lang='grc' dir='ltr'>ἀλλ’</span> <span class='ocrx_word' id='word_1_789' title='bbox 1273 5454 1419 5515; x_wconf 60' lang='grc' dir='ltr'>οῧτοι</span> <span class='ocrx_word' id='word_1_790' title='bbox 1473 5463 1571 5531; x_wconf 82' lang='grc' dir='ltr'><strong>μὲν</strong></span> <span class='ocrx_word' id='word_1_791' title='bbox 1596 5461 1689 5514; x_wconf 79' lang='grc' dir='ltr'>οὓ-</span> 
     </span>
    </p>
   </div>
   <div class='ocr_carea' id='block_1_106' title="bbox 128 5549 1686 5623">
    <p class='ocr_par' dir='ltr' id='par_1_106' title="bbox 128 5549 1686 5623">
     <span class='ocr_line' id='line_1_106' title="bbox 128 5549 1686 5623; baseline 0.004 -22"><span class='ocrx_word' id='word_1_792' title='bbox 128 5562 227 5609; x_wconf 79' lang='grc' dir='ltr'><strong>τως</strong></span> <span class='ocrx_word' id='word_1_793' title='bbox 275 5549 370 5620; x_wconf 72' lang='grc' dir='ltr'><strong>τήν</strong></span> <span class='ocrx_word' id='word_1_794' title='bbox 425 5555 821 5623; x_wconf 84' lang='grc' dir='ltr'>’τεκνοτροφίαν</span> <span class='ocrx_word' id='word_1_795' title='bbox 896 5555 988 5604; x_wconf 76' lang='grc' dir='ltr'><strong>καὶ</strong></span> <span class='ocrx_word' id='word_1_796' title='bbox 1061 5554 1406 5622; x_wconf 72' lang='grc' dir='ltr'>τεκνογονίαν</span> <span class='ocrx_word' id='word_1_797' title='bbox 1458 5555 1686 5620; x_wconf 69' lang='grc' dir='ltr'>ἐξακού-</span> 
     </span>
    </p>
   </div>
   <div class='ocr_carea' id='block_1_107' title="bbox 129 5653 288 5697">
    <p class='ocr_par' dir='ltr' id='par_1_107' title="bbox 129 5653 288 5697">
     <span class='ocr_line' id='line_1_107' title="bbox 129 5653 288 5697; baseline 0.019 -9"><span class='ocrx_word' id='word_1_798' title='bbox 129 5653 288 5697; x_wconf 87' lang='grc' dir='ltr'>ουσιν.</span> 
     </span>
    </p>
   </div>
   <div class='ocr_carea' id='block_1_108' title="bbox 196 5755 1030 5843">
    <p class='ocr_par' dir='ltr' id='par_1_108' title="bbox 196 5755 1030 5843">
     <span class='ocr_line' id='line_1_108' title="bbox 196 5755 1030 5843; baseline 0.005 -33"><span class='ocrx_word' id='word_1_799' title='bbox 196 5755 238 5784; x_wconf 78' lang='lat'><strong>”</strong></span> <span class='ocrx_word' id='word_1_800' title='bbox 266 5756 284 5810; x_wconf 88' lang='grc' dir='ltr'><strong>Ι</strong></span> <span class='ocrx_word' id='word_1_801' title='bbox 310 5757 448 5812; x_wconf 89' lang='lat' dir='ltr'><strong>Tim.</strong></span> <span class='ocrx_word' id='word_1_802' title='bbox 479 5777 531 5822; x_wconf 90' lang='lat' dir='ltr'><strong>v,</strong></span> <span class='ocrx_word' id='word_1_803' title='bbox 558 5761 610 5815; x_wconf 86' lang='lat'><strong>9.</strong></span> <span class='ocrx_word' id='word_1_804' title='bbox 689 5763 732 5794; x_wconf 69' lang='grc' dir='ltr'><strong>δι</strong></span> <span class='ocrx_word' id='word_1_805' title='bbox 757 5761 889 5816; x_wconf 86' lang='lat' dir='ltr'><strong>ibid.</strong></span> <span class='ocrx_word' id='word_1_806' title='bbox 933 5762 1030 5843; x_wconf 32' lang='grc'><strong>10..</strong></span> 
     </span>
    </p>
   </div>
   <div class='ocr_carea' id='block_1_109' title="bbox 445 5854 1014 5937">
    <p class='ocr_par' dir='ltr' id='par_1_109' title="bbox 445 5854 1014 5937">
     <span class='ocr_line' id='line_1_109' title="bbox 445 5854 1014 5937; baseline -0.007 -22"><span class='ocrx_word' id='word_1_807' title='bbox 445 5854 710 5915; x_wconf 79' lang='lat' dir='ltr'><strong>PATROL.</strong></span> <span class='ocrx_word' id='word_1_808' title='bbox 755 5855 875 5914; x_wconf 77' lang='lat' dir='ltr'><strong>Gn.</strong></span> <span class='ocrx_word' id='word_1_809' title='bbox 914 5855 1014 5937; x_wconf 56' lang='lat' dir='ltr'><strong>Cl:</strong></span> 
     </span>
    </p>
   </div>
   <div class='ocr_carea' id='block_1_110' title="bbox 1797 4544 3374 4612">
    <p class='ocr_par' dir='ltr' id='par_1_110' title="bbox 1797 4544 3374 4612">
     <span class='ocr_line' id='line_1_110' title="bbox 1797 4544 3374 4612; baseline -0.006 -6"><span class='ocrx_word' id='word_1_810' title='bbox 1797 4552 2087 4606; x_wconf 89' lang='lat' dir='ltr'><strong>viduarum</strong></span> <span class='ocrx_word' id='word_1_811' title='bbox 2113 4547 2363 4603; x_wconf 85' lang='lat' dir='ltr'><strong>ordinem</strong></span> <span class='ocrx_word' id='word_1_812' title='bbox 2397 4556 2450 4600; x_wconf 86' lang='lat' dir='ltr'><strong>et</strong></span> <span class='ocrx_word' id='word_1_813' title='bbox 2485 4545 2749 4598; x_wconf 88' lang='lat' dir='ltr'><strong>honorem</strong></span> <span class='ocrx_word' id='word_1_814' title='bbox 2791 4549 2844 4597; x_wconf 85' lang='lat' dir='ltr'><strong>et</strong></span> <span class='ocrx_word' id='word_1_815' title='bbox 2871 4544 3267 4612; x_wconf 87' lang='lat' dir='ltr'><strong>providentiam</strong></span> <span class='ocrx_word' id='word_1_816' title='bbox 3297 4549 3374 4598; x_wconf 85' lang='lat' dir='ltr'><strong>vi-</strong></span> 
     </span>
    </p>
   </div>
   <div class='ocr_carea' id='block_1_111' title="bbox 1797 4635 3378 4706">
    <p class='ocr_par' dir='ltr' id='par_1_111' title="bbox 1797 4635 3378 4706">
     <span class='ocr_line' id='line_1_111' title="bbox 1797 4635 3378 4706; baseline -0.007 -5"><span class='ocrx_word' id='word_1_817' title='bbox 1797 4646 1998 4701; x_wconf 89' lang='lat' dir='ltr'><strong>duatas</strong></span> <span class='ocrx_word' id='word_1_818' title='bbox 2019 4641 2154 4697; x_wconf 89' lang='lat' dir='ltr'><strong>viris</strong></span> <span class='ocrx_word' id='word_1_819' title='bbox 2187 4639 2431 4694; x_wconf 81' lang='lat' dir='ltr'><strong>referens</strong></span> <span class='ocrx_word' id='word_1_820' title='bbox 2467 4657 2478 4691; x_wconf 93' lang='lat'>:</span> <span class='ocrx_word' id='word_1_821' title='bbox 2513 4656 2531 4687; x_wconf 83' lang='grc' dir='ltr'><strong>ι</strong></span> <span class='ocrx_word' id='word_1_822' title='bbox 2567 4635 2760 4699; x_wconf 86' lang='lat' dir='ltr'><strong>Vidua,</strong></span> <span class='ocrx_word' id='word_1_823' title='bbox 2791 4636 2985 4704; x_wconf 90' lang='lat' dir='ltr'><strong>inquit,</strong></span> <span class='ocrx_word' id='word_1_824' title='bbox 3013 4636 3249 4706; x_wconf 77' lang='lat' dir='ltr'><strong>eligatur</strong></span> <span class='ocrx_word' id='word_1_825' title='bbox 3273 4653 3378 4691; x_wconf 87' lang='lat' dir='ltr'><strong>non</strong></span> 
     </span>
    </p>
   </div>
   <div class='ocr_carea' id='block_1_112' title="bbox 1796 4729 3377 4802">
    <p class='ocr_par' dir='ltr' id='par_1_112' title="bbox 1796 4729 3377 4802">
     <span class='ocr_line' id='line_1_112' title="bbox 1796 4729 3377 4802; baseline -0.006 -9"><span class='ocrx_word' id='word_1_826' title='bbox 1796 4740 1980 4794; x_wconf 90' lang='lat' dir='ltr'><strong>minus</strong></span> <span class='ocrx_word' id='word_1_827' title='bbox 2007 4750 2276 4790; x_wconf 86' lang='lat' dir='ltr'><strong>annorum</strong></span> <span class='ocrx_word' id='word_1_828' title='bbox 2311 4732 2596 4802; x_wconf 78' lang='lat' dir='ltr'><strong>sexaginta</strong></span> <span class='ocrx_word' id='word_1_829' title='bbox 2620 4731 2698 4794; x_wconf 78' lang='lat'><strong>&#39;°;</strong></span> <span class='ocrx_word' id='word_1_830' title='bbox 2742 4748 2760 4781; x_wconf 75' lang='grc' dir='ltr'><strong>ι</strong></span> <span class='ocrx_word' id='word_1_831' title='bbox 2811 4729 3006 4783; x_wconf 88' lang='lat' dir='ltr'><strong>deinde</strong></span> <span class='ocrx_word' id='word_1_832' title='bbox 3051 4737 3106 4783; x_wconf 87' lang='lat' dir='ltr'><strong>et</strong></span> <span class='ocrx_word' id='word_1_833' title='bbox 3156 4729 3377 4798; x_wconf 89' lang='lat' dir='ltr'><strong>aliquod</strong></span> 
     </span>
    </p>
   </div>
   <div class='ocr_carea' id='block_1_113' title="bbox 1802 4818 3382 4897">
    <p class='ocr_par' dir='ltr' id='par_1_113' title="bbox 1802 4818 3382 4897">
     <span class='ocr_line' id='line_1_113' title="bbox 1802 4818 3382 4897; baseline -0.006 -14"><span class='ocrx_word' id='word_1_834' title='bbox 1802 4828 2037 4884; x_wconf 80' lang='lat' dir='ltr'><strong>fundens</strong></span> <span class='ocrx_word' id='word_1_835' title='bbox 2067 4827 2302 4897; x_wconf 85' lang='lat' dir='ltr'><strong>pretium</strong></span> <span class='ocrx_word' id='word_1_836' title='bbox 2329 4824 2452 4879; x_wconf 89' lang='lat' dir='ltr'><strong>talis</strong></span> <span class='ocrx_word' id='word_1_837' title='bbox 2486 4820 2766 4876; x_wconf 85' lang='lat' dir='ltr'><strong>electionis</strong></span> <span class='ocrx_word' id='word_1_838' title='bbox 2801 4839 2813 4874; x_wconf 88' lang='lat'><strong>:</strong></span> <span class='ocrx_word' id='word_1_839' title='bbox 2856 4839 2873 4870; x_wconf 81' lang='grc' dir='ltr'><strong>ι</strong></span> <span class='ocrx_word' id='word_1_840' title='bbox 2918 4818 2974 4873; x_wconf 92' lang='lat' dir='ltr'><strong>Si</strong></span> <span class='ocrx_word' id='word_1_841' title='bbox 3010 4819 3150 4876; x_wconf 87' lang='lat' dir='ltr'><strong>lilios</strong></span> <span class='ocrx_word' id='word_1_842' title='bbox 3179 4821 3382 4876; x_wconf 81' lang='lat' dir='ltr'><strong>educa—</strong></span> 
     </span>
    </p>
   </div>
   <div class='ocr_carea' id='block_1_114' title="bbox 1803 4912 3376 4987">
    <p class='ocr_par' dir='ltr' id='par_1_114' title="bbox 1803 4912 3376 4987">
     <span class='ocr_line' id='line_1_114' title="bbox 1803 4912 3376 4987; baseline -0.008 -10"><span class='ocrx_word' id='word_1_843' title='bbox 1803 4923 1899 4987; x_wconf 89' lang='lat' dir='ltr'><strong>vit,</strong></span> <span class='ocrx_word' id='word_1_844' title='bbox 1931 4922 2027 4987; x_wconf 89' lang='lat' dir='ltr'><strong>ait,</strong></span> <span class='ocrx_word' id='word_1_845' title='bbox 2053 4921 2099 4975; x_wconf 84' lang='lat' dir='ltr'><strong>si</strong></span> <span class='ocrx_word' id='word_1_846' title='bbox 2130 4926 2445 4973; x_wconf 88' lang='lat' dir='ltr'><strong>sanctorum</strong></span> <span class='ocrx_word' id='word_1_847' title='bbox 2477 4915 2644 4984; x_wconf 89' lang='lat' dir='ltr'><strong>pedes</strong></span> <span class='ocrx_word' id='word_1_848' title='bbox 2689 4912 2840 4975; x_wconf 87' lang='lat' dir='ltr'><strong>lavit,</strong></span> <span class='ocrx_word' id='word_1_849' title='bbox 2879 4913 2922 4967; x_wconf 87' lang='lat' dir='ltr'><strong>si</strong></span> <span class='ocrx_word' id='word_1_850' title='bbox 2967 4913 3376 4967; x_wconf 87' lang='lat' dir='ltr'><strong>tribulationem</strong></span> 
     </span>
    </p>
   </div>
   <div class='ocr_carea' id='block_1_115' title="bbox 1800 5004 3377 5084">
    <p class='ocr_par' dir='ltr' id='par_1_115' title="bbox 1800 5004 3377 5084">
     <span class='ocr_line' id='line_1_115' title="bbox 1800 5004 3377 5084; baseline -0.006 -17"><span class='ocrx_word' id='word_1_851' title='bbox 1800 5013 2137 5084; x_wconf 89' lang='lat' dir='ltr'><strong>patientibus</strong></span> <span class='ocrx_word' id='word_1_852' title='bbox 2169 5007 2608 5066; x_wconf 85' lang='lat' dir='ltr'><strong>subministravit</strong></span> <span class='ocrx_word' id='word_1_853' title='bbox 2643 5007 2724 5070; x_wconf 60' lang='lat'><strong>3‘;</strong></span> <span class='ocrx_word' id='word_1_854' title='bbox 2767 5023 2785 5056; x_wconf 77' lang='grc' dir='ltr'><strong>ι</strong></span> <span class='ocrx_word' id='word_1_855' title='bbox 2851 5013 2903 5058; x_wconf 87' lang='lat' dir='ltr'><strong>et</strong></span> <span class='ocrx_word' id='word_1_856' title='bbox 2954 5006 3073 5059; x_wconf 89' lang='lat' dir='ltr'><strong>vide</strong></span> <span class='ocrx_word' id='word_1_857' title='bbox 3099 5004 3377 5074; x_wconf 73' lang='lat' dir='ltr'><strong>quoz&#39;nodo</strong></span> 
     </span>
    </p>
   </div>
   <div class='ocr_carea' id='block_1_116' title="bbox 1799 5098 3379 5169">
    <p class='ocr_par' dir='ltr' id='par_1_116' title="bbox 1799 5098 3379 5169">
     <span class='ocr_line' id='line_1_116' title="bbox 1799 5098 3379 5169; baseline -0.009 -7"><span class='ocrx_word' id='word_1_858' title='bbox 1799 5117 2113 5162; x_wconf 89' lang='lat' dir='ltr'><strong>sanctorum</strong></span> <span class='ocrx_word' id='word_1_859' title='bbox 2139 5119 2282 5157; x_wconf 83' lang='lat' dir='ltr'><strong>curae</strong></span> <span class='ocrx_word' id='word_1_860' title='bbox 2307 5111 2362 5156; x_wconf 93' lang='lat' dir='ltr'><strong>et</strong></span> <span class='ocrx_word' id='word_1_861' title='bbox 2406 5098 2644 5169; x_wconf 89' lang='lat' dir='ltr'><strong>hospitio</strong></span> <span class='ocrx_word' id='word_1_862' title='bbox 2693 5106 2749 5153; x_wconf 89' lang='lat' dir='ltr'><strong>et</strong></span> <span class='ocrx_word' id='word_1_863' title='bbox 2781 5099 3137 5167; x_wconf 63' lang='lat' dir='ltr'><strong>eleemosynae</strong></span> <span class='ocrx_word' id='word_1_864' title='bbox 3194 5100 3379 5166; x_wconf 90' lang='lat' dir='ltr'><strong>splen-</strong></span> 
     </span>
    </p>
   </div>
   <div class='ocr_carea' id='block_1_117' title="bbox 1797 5190 3378 5253">
    <p class='ocr_par' dir='ltr' id='par_1_117' title="bbox 1797 5190 3378 5253">
     <span class='ocr_line' id='line_1_117' title="bbox 1797 5190 3378 5253; baseline -0.009 0"><span class='ocrx_word' id='word_1_865' title='bbox 1797 5197 1946 5253; x_wconf 91' lang='lat' dir='ltr'><strong>denti</strong></span> <span class='ocrx_word' id='word_1_866' title='bbox 1981 5197 2125 5251; x_wconf 91' lang='lat' dir='ltr'><strong>bono</strong></span> <span class='ocrx_word' id='word_1_867' title='bbox 2161 5195 2307 5249; x_wconf 76' lang='lat' dir='ltr'><strong>circa</strong></span> <span class='ocrx_word' id='word_1_868' title='bbox 2341 5193 2480 5247; x_wconf 84' lang='lat' dir='ltr'><strong>ﬁlios</strong></span> <span class='ocrx_word' id='word_1_869' title='bbox 2514 5190 2755 5247; x_wconf 88' lang='lat' dir='ltr'><strong>studium</strong></span> <span class='ocrx_word' id='word_1_870' title='bbox 2784 5201 2839 5245; x_wconf 89' lang='lat' dir='ltr'><strong>et</strong></span> <span class='ocrx_word' id='word_1_871' title='bbox 2865 5191 2930 5243; x_wconf 87' lang='lat' dir='ltr'><strong>ad</strong></span> <span class='ocrx_word' id='word_1_872' title='bbox 2964 5192 3226 5242; x_wconf 76' lang='lat' dir='ltr'><strong>virtutum</strong></span> <span class='ocrx_word' id='word_1_873' title='bbox 3252 5192 3378 5243; x_wconf 83' lang='lat' dir='ltr'><strong>edu-</strong></span> 
     </span>
    </p>
   </div>
   <div class='ocr_carea' id='block_1_118' title="bbox 1797 5280 3376 5356">
    <p class='ocr_par' dir='ltr' id='par_1_118' title="bbox 1797 5280 3376 5356">
     <span class='ocr_line' id='line_1_118' title="bbox 1797 5280 3376 5356; baseline -0.006 -14"><span class='ocrx_word' id='word_1_874' title='bbox 1797 5289 2071 5344; x_wconf 88' lang='lat' dir='ltr'><strong>cationem</strong></span> <span class='ocrx_word' id='word_1_875' title='bbox 2105 5286 2411 5356; x_wconf 81' lang='lat' dir='ltr'><strong>conjunxit,</strong></span> <span class='ocrx_word' id='word_1_876' title='bbox 2440 5293 2490 5338; x_wconf 88' lang='lat' dir='ltr'><strong>et</strong></span> <span class='ocrx_word' id='word_1_877' title='bbox 2531 5282 2977 5350; x_wconf 88' lang='lat' dir='ltr'><strong>connumeravil;</strong></span> <span class='ocrx_word' id='word_1_878' title='bbox 3014 5281 3106 5335; x_wconf 89' lang='lat' dir='ltr'><strong>scd</strong></span> <span class='ocrx_word' id='word_1_879' title='bbox 3141 5280 3230 5333; x_wconf 82' lang='lat' dir='ltr'><strong>isti</strong></span> <span class='ocrx_word' id='word_1_880' title='bbox 3265 5282 3376 5348; x_wconf 75' lang='lat' dir='ltr'><strong>qui~</strong></span> 
     </span>
    </p>
   </div>
   <div class='ocr_carea' id='block_1_119' title="bbox 1797 5368 3376 5442">
    <p class='ocr_par' dir='ltr' id='par_1_119' title="bbox 1797 5368 3376 5442">
     <span class='ocr_line' id='line_1_119' title="bbox 1797 5368 3376 5442; baseline -0.008 -8"><span class='ocrx_word' id='word_1_881' title='bbox 1797 5379 1919 5434; x_wconf 88' lang='lat' dir='ltr'><strong>dem</strong></span> <span class='ocrx_word' id='word_1_882' title='bbox 1947 5378 2028 5433; x_wconf 87' lang='lat' dir='ltr'><strong>sic</strong></span> <span class='ocrx_word' id='word_1_883' title='bbox 2061 5377 2296 5430; x_wconf 87' lang='lat' dir='ltr'><strong>liliorum</strong></span> <span class='ocrx_word' id='word_1_884' title='bbox 2322 5375 2674 5431; x_wconf 88' lang='lat' dir='ltr'><strong>nutritionem</strong></span> <span class='ocrx_word' id='word_1_885' title='bbox 2704 5385 2760 5430; x_wconf 87' lang='lat' dir='ltr'><strong>et</strong></span> <span class='ocrx_word' id='word_1_886' title='bbox 2799 5373 3037 5430; x_wconf 68' lang='lat' dir='ltr'><strong>filiorum</strong></span> <span class='ocrx_word' id='word_1_887' title='bbox 3069 5368 3376 5442; x_wconf 79' lang='lat' dir='ltr'><strong>generatio-</strong></span> 
     </span>
    </p>
   </div>
   <div class='ocr_carea' id='block_1_120' title="bbox 1801 5470 2318 5526">
    <p class='ocr_par' dir='ltr' id='par_1_120' title="bbox 1801 5470 2318 5526">
     <span class='ocr_line' id='line_1_120' title="bbox 1801 5470 2318 5526; baseline -0.01 0"><span class='ocrx_word' id='word_1_888' title='bbox 1801 5487 1924 5526; x_wconf 88' lang='lat' dir='ltr'><strong>nem</strong></span> <span class='ocrx_word' id='word_1_889' title='bbox 1958 5470 2208 5524; x_wconf 89' lang='lat' dir='ltr'><strong>audiunt.</strong></span> <span class='ocrx_word' id='word_1_890' title='bbox 2304 5498 2318 5510; x_wconf 89' lang='lat'><strong>-</strong></span> 
     </span>
    </p>
   </div>
   <div class='ocr_carea' id='block_1_121' title="bbox 2893 5845 2968 5907">
    <p class='ocr_par' dir='ltr' id='par_1_121' title="bbox 2893 5845 2968 5907">
     <span class='ocr_line' id='line_1_121' title="bbox 2893 5845 2968 5907; baseline 0.027 -2"><span class='ocrx_word' id='word_1_891' title='bbox 2893 5845 2968 5907; x_wconf 86' lang='grc'><strong>15</strong></span> 
     </span>
    </p>
   </div>
  </div>
