3820 6212
428 176 532 242 451

1591 170 1860 234 PIIOTII
1887 167 2402 231 PATRIARCHIE
2434 166 2659 233 erasa
3608 169 3695 232 κθ

494 293 613 350 Non
644 293 802 364 pejus
830 298 1014 346 autem
1041 287 1186 343 forte
1215 285 1458 358 cogitare
1504 285 1746 340 ﬁliorum
1794 297 1998 354 genera

2190 277 2265 330 Ού
2293 278 2478 348 χεῖρον
2508 277 2565 331 δὲ
2599 280 2732 344 ἴσως
2759 279 2961 333 ἐννοεῖν
2991 280 3342 349 τεκνογονίαν
3374 281 3445 352 ἢν
3497 281 3531 352 ἡ
3562 281 3694 336 εύσέ·

426 391 631 446 tionem
673 401 836 456 quam
857 384 1035 455 pietas
1065 383 1335 438 bonorum
1363 393 1592 450 operum
1643 386 1697 433 et
1747 376 2011 431 virtutum

425 492 637 540 rectum
666 478 951 550 complexa
980 489 1291 533 sermonem
1333 488 1431 544 per
1481 486 1652 542 puros
1704 477 1760 525 et
1815 467 2016 538 impol-

426 577 573 632 lutos
605 574 828 630 dolores
861 571 1166 643 parientem
1207 575 1262 623 et
1300 580 1427 622 vere
1462 563 1860 621 nobilissimam
1912 561 2015 616 im-

426 668 538 736 plet
567 664 974 737 generationem
996 701 1012 727 ,
1062 675 1158 730 per
1187 673 1352 729 quam
1412 665 1526 711 tota
1561 661 1848 725 reparatur
1892 667 2018 729 qua:

428 758 706 830 praecessit
737 755 1064 813 deminutio.
1099 751 1310 806 Revera
1362 756 1417 804 et
1461 763 1584 819 quae
1627 747 1762 802 tales
1798 745 2016 802 dolores

427 852 726 922 pendentes
751 857 909 920 partu
956 845 1157 902 multos
1193 844 1334 900 ﬁlios
1363 848 1693 912 genuerunt,
1735 849 1790 895 et
1836 838 2011 906 ﬁlias;

428 945 732 1001 secundum
767 957 931 1013 quam
967 940 1203 994 ﬁliorum
1237 936 1566 1008 positionem
1589 934 1940 1004 cognoscitur
1960 940 2016 987 et

428 1038 634 1094 sterilis
662 1037 884 1108 pariens
910 1041 1139 1104 septem,
1178 1040 1232 1087 et
1260 1045 1383 1100 qua:
1415 1028 1617 1084 multas
1649 1027 1703 1081 in
1733 1027 1860 1082 ﬁliis
1901 1026 2016 1095 glo-

427 1132 506 1185 ria
532 1127 834 1199 superavit.
853 1127 985 1197 Ipsae
1012 1133 1068 1179 et
1089 1123 1249 1177 illud:
1277 1140 1294 1174 ι
1317 1119 1754 1190 Multiplicamini
1780 1127 2016 1189 etauge-

427 1222 584 1287 mini,
609 1238 626 1271 ι
650 1219 758 1273 Deo
785 1214 1204 1272 conveniendus
1220 1223 1274 1267 et
1295 1212 1467 1284 magis
1490 1212 1710 1284 proprie
1726 1211 1780 1266 in
1803 1211 2015 1282 seipsas

427 1309 838 1373 transferentes,
863 1306 1193 1362 dominicam
1234 1306 1288 1360 in
1330 1305 1530 1375 seipsis
1566 1304 1865 1360 ostendunt
1912 1304 2016 1358 Im-

425 1383 622 1474 plctam
654 1401 1115 1457 benedictionem.
1147 1398 1296 1455 Talis
1326 1398 1565 1453 ﬁliorum
1597 1397 1879 1469 generatio
1906 1411 2012 1451 non

424 1500 478 1552 in
507 1498 654 1552 solas
683 1511 748 1551 ex
779 1492 1117 1550 commercio
1153 1491 1253 1546 viri
1288 1491 1428 1546 ﬁlios
1471 1497 1822 1560 procreantes
1855 1487 2016 1544 femi-

423 1605 523 1643 nas
551 1586 960 1644 circumscribit
992 1584 1330 1654 deceptionis
1359 1581 1713 1649 solutionem,
1744 1580 1837 1637 sed
1865 1590 1918 1636 et
1957 1581 2013 1636 in

423 1683 558 1736 alias
601 1680 862 1736 mulieres
896 1688 951 1734 et
993 1676 1295 1749 praesertim
1344 1675 1584 1745 virgines
1627 1672 1890 1729 transfert
1918 1688 2011 1729 er-

423 1775 563 1828 roris
592 1771 1025 1836 correctionem;
1054 1769 1336 1824 salvantur
1364 1767 1510 1822 enim
1539 1781 1732 1821 omnes
1753 1780 1848 1836 per
1873 1780 2012 1834 quas

424 1874 877 1936 proloparontum
935 1861 1238 1916 deminutio
1265 1858 1699 1914 distribuebatur
1719 1857 1813 1913 tali
1868 1857 2013 1912 tilio-

421 1972 542 2009 rum
580 1942 951 2023 generatione,
1002 1949 1343 2019 deceptionis
1392 1946 1630 2002 dedecus
1674 1955 1728 2001 et
1790 1945 2009 2016 pondus

421 2046 719 2117 splendidis
745 2044 977 2115 justitiis
1010 2043 1255 2097 eluentes
1284 2049 1338 2095 et
1371 2040 1593 2111 pr0prio
1624 2047 1782 2110 partu
1826 2038 2015 2094 Eccle-

421 2141 517 2195 siae
544 2139 686 2194 ﬁlios
721 2137 1189 2207 multiplicantes;
1229 2142 1284 2189 et
1315 2133 1422 2188 ﬁde
1455 2143 1511 2188 et
1533 2133 1806 2188 charitate
1836 2141 1891 2186 et
1918 2147 2016 2201 per

349 2290 358 2300 ,
422 2232 766 2303 prudentiam
801 2227 1236 2285 sanctiﬁcatione
1279 2226 1566 2281 illustratae
1607 2225 1663 2279 in
1718 2225 1876 2280 caelis
1906 2223 2014 2280 Pa-

422 2336 560 2382 trem
594 2323 902 2397 glorilicarc
927 2321 1074 2391 ipsas
1099 2319 1449 2390 inspicientes
1468 2329 1522 2374 et
1548 2317 2012 2389 pulchritudinem

419 2431 645 2488 operum
680 2415 958 2471 intuentes
982 2418 1301 2482 procurant.
1334 2408 1440 2464 Sed
1477 2408 1624 2462 enim
1671 2408 1752 2464 sic
1791 2409 2010 2478 quidem

421 2510 510 2567 isti
533 2525 642 2566 non
674 2509 875 2572 viliter,
907 2505 1121 2577 opinor,
1169 2503 1238 2559 ad
1283 2502 1715 2574 speculationem
1774 2501 2010 2558 litteram

422 2600 783 2657 attrahentes.

2119 368 2242 422 ϐεια
2270 367 2379 421 τῶν
2414 368 2725 424 σπουδαίων
2769 368 2949 442 ἔργων
2989 371 3084 425 καὶ
3129 371 3579 443 κατορθωμάτων
3620 373 3695 429 τὸν

2118 459 2279 530 ὀρθὸν
2317 458 2664 515 συλλαϐοῦσα
2691 461 2850 530 λόγον
2879 462 2981 534 τὴν
3014 462 3104 518 διὰ
3149 463 3414 536 καθαρῶν
3450 466 3544 518 καὶ
3575 465 3692 534 ἀμο-

2117 549 2324 605 λύντων
2347 544 2555 607 ὠδίνων
2585 553 3029 624 ἀποτικτομένην
3059 553 3155 608 καὶ
3209 553 3287 617 ὡς
3316 552 3536 626 ἀληθῶς
3565 557 3697 625 e57:-

2115 646 2378 718 νεστάτην
2406 644 2663 718 πληθύνει
2699 647 2886 717 γονὴν,
2919 642 3074 720 δι’ᾖς
3114 646 3260 703 ἀπαν
3286 649 3697 705 ἀνακαλεῖταιτδ

2116 737 2332 806 φθάσαν
2373 737 2689 808 ἐλάττωμα.
2726 737 2820 809 Τῷ
2871 737 2984 792 ὄντι
3021 737 3131 806 καὶί
3153 741 3210 795 αἱ
3232 740 3494 804 τοιαύτας
3526 739 3699 805 ὠδῖνας

2115 829 2341 884 λύουσαι
2363 829 2442 900 τῷ
2457 829 2602 902 τόκῳ
2623 828 2852 893 πολλοὺς
2867 830 3020 895 υἱοὺς
3039 829 3416 886 έτεκνώσαντο
3437 831 3534 887 xci.
3555 832 3700 902 θυγα·

2113 921 2280 994 τέρας
2304 938 2319 954 ο
2339 922 2461 976 καθ’
2484 923 2551 994 ἢν
2570 921 2845 977 υἱοθεσίαν
2860 919 3192 992 γινώσκεται
3235 921 3336 976 καὶ
3359 923 3395 995 ἡ
3422 925 3615 994 στεῖρα
3632 923 3698 977 τί-

2112 1032 2244 1070 κτου
2253 1033 2318 1070 σα
2337 1014 2498 1081 ὲπτά,
2513 1015 2610 1069 καὶ
2629 1014 2727 1087 τὴν
2744 1014 2952 1085 πολλὴν
2973 1015 3033 1068 ὲν
3055 1015 3270 1080 τέκνοις
3299 1031 3381 1068 πα
3389 1015 3699 1087 ρευδοκιμη-

2115 1124 2290 1163 σασα·
2311 1103 2471 1163 αὗται
2505 1107 2602 1161 καὶ
2627 1106 2711 1160 τόο
2743 1124 2763 1158 ι
2801 1105 3147 1178 Πληθύνεσθε
3186 1105 3285 1160 καὶ
3319 1105 3642 1174 αὐξάνεσθε,
3677 1126 3693 1158 ι

2115 1199 2585 1272 θεοπρέπεστερόν
2605 1215 2666 1253 τε
2684 1198 2778 1254 καὶ
2796 1197 3123 1270 οίκειότερον
3141 1200 3222 1263 είς
3242 1199 3450 1263 ὲαυτάς
3471 1201 3696 1269 μεταφέ-

2116 1309 2212 1363 ρου
2220 1307 2331 1356 σαι,
2344 1290 2445 1363 τὴν
2456 1292 2523 1343 Δε
2532 1289 2794 1358 σποτικὴν
2805 1289 2864 1343 ὲν
2877 1284 3454 1354 ἐαυταίςίδεικνύουσιν
3467 1289 3697 1360 εὐθηνου-

2118 1384 2288 1456 μένην
2302 1383 2553 1450 εὐλογίαν
2567 1399 2580 1414 ο
2601 1383 2635 1454 ὴ
2651 1382 2872 1455 τοιαύτη
2888 1380 3202 1452 τεκνογονία
3212 1381 3315 1434 ούκ
3334 1381 3418 1445 είς
3435 1380 3604 1450 μόνας
3616 1383 3699 1444 τὰς

2117 1475 2177 1541 ἐξ
2208 1476 2426 1547 ὁμιλίας
2459 1475 2651 1549 ἀνδρὸς
2682 1475 3040 1540 παιδοποιοὺς
3082 1476 3350 1543 γυναῖκας
3385 1474 3697 1545 περιγράφει

2072 1612 2081 1640 ί
2120 1569 2220 1640 τῆς
2250 1568 2471 1640 ἀπάτης
2517 1568 2619 1640 τὴν
2660 1568 2928 1634 διάλυσιν,
2981 1566 3120 1622 ἀλλά
3155 1567 3251 1620 καὶ
3284 1566 3368 1629 είς
3421 1568 3524 1629 τὰς
3554 1566 3697 1628 ἀλλος

2117 1660 2225 1714 τῶν
2245 1660 2524 1730 γυναικῶν
2553 1659 2650 1714 καλ⁸
2691 1660 2930 1732 μάλιστα
2957 1658 3058 1724 τὰς
3111 1657 3421 1729 παρθένους
3465 1657 3694 1710 διαϐιϐάο

2116 1750 2322 1823 ζειτοῦ
2385 1752 2702 1824 σφάλματος
2754 1753 2856 1825 τὴν
2907 1751 3236 1824 διόρθωσιν·
3270 1749 3544 1815 σώζονται
3602 1749 3692 1820 γάρ

2115 1846 2250 1898 πᾶσι
2302 1845 2426 1899 καθ’
2455 1838 2530 1900 ὧν
2559 1845 2621 1899 τὸ
2674 1845 3009 1915 προγονικὸν
3068 1845 3366 1915 ἐλάττωμα
3416 1843 3692 1912 ἐπενέμετο

2112 1935 2201 1989 διὰ
2232 1936 2334 2006 τῆς
2357 1924 2616 2006 τοιαύτης
2649 1937 3019 2006 τεκνογονίας,
3045 1936 3106 1990 τδ
3140 1935 3241 2006 τῆς
3272 1935 3495 2006 ἀπάτης
3525 1931 3690 2004 αἶσχος

2114 2029 2210 2082 καὶ
2239 2028 2404 2099 ἄχθος
2433 2029 2712 2102 λαμπροῖς
2763 2029 2998 2094 δικαίοις
3044 2028 3569 2100 ἀποσκευαζόμεναι
3612 2029 3690 2080 καὶ

2113 2120 2190 2191 τῷ
2217 2121 2402 2193 οίκείῳ
2429 2123 2576 2193 τόκῳ
2602 2122 2705 2192 τῆς
2740 2121 3071 2191 Ἐκκλησίας
3096 2120 3166 2175 τὰ
3207 2121 3377 2174 τέκνα
3407 2118 3688 2190 πληθύνον-

2115 2230 2207 2267 σαι
2232 2231 2246 2246 ο
2272 2216 2366 2267 καὶ
2390 2216 2458 2286 τῇ
2492 2214 2675 2267 πίστει
2704 2215 2799 2268 καὶ
2817 2214 3008 2288 ἀγάπῃ
3032 2212 3226 2284 καὶτῷ
3249 2213 3340 2267 διά
3363 2215 3464 2284 τῆς
3500 2227 3688 2283 σωφρο-

2117 2307 2286 2378 σύνης
2314 2306 2577 2380 ἁγιασμῷ
2603 2306 3061 2379 λαμπρυνόμεναι
3103 2306 3198 2359 τὸν
3227 2308 3287 2359 ὲν
3311 2305 3560 2376 οὐρανοῖς
3596 2304 3690 2356 [ια-

2113 2400 2250 2471 τέρα
2287 2398 2535 2464 δοξάζειν
2561 2399 2689 2464 τοὺς
2721 2400 2803 2463 εἰς
2835 2398 3010 2462 αὐτὰς
3045 2399 3294 2469 ὁρῶντας
3323 2400 3418 2451 καὶ
3448 2399 3545 2468 τὴν
3574 2397 3686 2450 καλ-

2113 2490 2272 2562 λονὴν
2304 2490 2414 2546 τῶν
2448 2490 2624 2562 ἔργων
2655 2488 3108 2553 ἀνασκοποῦντας
3152 2488 3684 2560 παρασκευάζουσιν·

2116 2582 2255 2636 ἀλλά
2283 2584 2391 2654 γὰρ
2429 2581 2572 2636 οὕτω
2615 2581 2714 2653 μὲν
2743 2575 2892 2635 οὗτοι
2947 2582 3009 2635 ού
3067 2580 3314 2651 φαύλως,
3348 2576 3526 2653 οἶμαι,
3571 2577 3688 2648 πρὸς

2115 2676 2348 2745 θεωρίαν
2388 2673 2450 2727 τὺ
2482 2673 2722 2746 γράμμα
2754 2673 3098 2738 ἀνέλκοντες.

491 2779 599 2835 Alii
622 2792 753 2834 vero
785 2777 1021 2832 ﬁliorum
1049 2775 1461 2846 generationem
1493 2773 1764 2831 sacratius
1799 2782 1854 2830 et
1899 2773 1998 2830 Der

2186 2768 2251 2821 Οἱ
2280 2767 2336 2821 δὲ
2362 2767 2712 2838 τεκνογονίαν
2749 2767 3041 2839 ἱερώτερόν
3083 2784 3142 2820 τε
3171 2767 3268 2822 καὶ
3307 2765 3686 2836 θεοπρεπέστε·

421 2867 855 2934 εοιινεηίεηιίυεξ
882 2881 948 2921 ex
978 2864 1201 2936 Virgine
1262 2863 1561 2919 Salvatoris
1619 2861 1794 2918 nostri
1851 2876 1998 2918 sacrr

2122 2878 2214 2934 ρον
2242 2860 2342 2934 τὴν
2377 2861 2444 2915 ὲκ
2479 2861 2580 2932 τῆς
2619 2860 2904 2932 Παρθένου
2938 2861 3035 2914 τοῦ
3068 2861 3328 2932 Σωτῆρος
3373 2862 3532 2934 ἡμῶν
3562 2865 3685 2936 ἱερο-

422 2976 675 3016 scrmone
691 2958 880 3013 dicunt
904 2956 1332 3028 generationem;
1351 2969 1445 3025 per
1467 2969 1632 3024 quam
1651 2953 1887 3009 ﬁliorum
1912 2968 1998 3024 ge-

2122 2951 2338 3022 λογοῦσι
2360 2952 2617 3025 γέννησιν
2637 2970 2651 2985 ·
2675 2953 2744 3007 δι’
2772 2947 2842 3026 ἧς
2863 2951 3211 3021 τεκνογονίας
3248 2953 3312 3006 ού
3361 2952 3469 3007 τῶν
3514 2971 3685 3022 γυναι-

423 3054 764 3109 nerationem
789 3065 899 3106 non
931 3050 1224 3104 mulierum
1260 3059 1458 3103 natura
1489 3048 1669 3103 solum
1710 3046 1998 3117 gloriﬁcata

2122 3046 2232 3100 κῶν
2262 3046 2297 3116 η
2324 3044 2490 3116 φύσις
2511 3045 2682 3116 ’μόνον
2708 3044 2972 3114 ἐδοξάσθη
3003 3044 3099 3098 καὶ
3119 3045 3218 3116 τὴν
3245 3044 3356 3099 ἀπὸ
3375 3045 3472 3114 τῆς
3494 3047 3687 3118 ἀπάτης

423 3151 509 3198 est
537 3151 592 3196 et
618 3157 648 3196 a
675 3140 996 3211 deceptione
1022 3139 1259 3194 dedecus
1290 3148 1345 3192 et
1374 3136 1890 3192 condemnationem
1917 3134 1998 3189 ab-

2122 3136 2276 3210 ὓϐριν
2324 3137 2420 3192 καὶ
2476 3137 2827 3207 κατάγνωσιν
2882 3135 3330 3202 ἀπεσκευάσατο,
3378 3137 3562 3193 πίστιν
3608 3143 3687 3193 καὶ

425 3235 632 3302 stersit,
664 3233 825 3287 ﬁdem
858 3239 914 3285 et
951 3229 1278 3285 charitatem
1305 3236 1359 3282 et
1389 3227 1884 3284 sanctiﬁcationem
1916 3241 1989 3297 qu

2122 3229 2339 3300 ἀγάπην
2363 3232 2458 3282 καὶ
2495 3229 2791 3299 ἀγιασμδν,
2823 3229 2882 3293 ὃς
2911 3228 3029 3282 ἐστι
3062 3227 3282 3300 καρπὸς
3299 3228 3400 3301 τῆς
3429 3232 3689 3302 σωφροσύ-

424 3339 507 3387 est
541 3328 754 3383 fructus
800 3325 1110 3398 prudentiae
1138 3335 1435 3386 seclantcs.
1477 3323 1666 3408 sedOet
1713 3339 1886 3396 genus
1929 3333 1998 3381 to

2122 3340 2213 3392 νης
2247 3321 2669 3392 μετερχόμεναι,
2703 3322 2842 3375 ἀλλά
2897 3321 2994 3375 καὶ
3040 3323 3100 3376 τὸ
3138 3322 3299 3392 γένος
3338 3323 3462 3377 ὅλον
3488 3323 3689 3388 οἰκείοις

427 3431 541 3475 tum
577 3418 816 3490 propriis
845 3427 900 3474 et
927 3417 1255 3472 voluntariis
1307 3417 1472 3486 geniti
1526 3416 1880 3487 passionibus
1930 3432 1998 3472 rc-

2122 3413 2211 3466 καὶ
2252 3413 2522 3478 ἑκουσίοις
2571 3413 2666 3467 τοῦ
2718 3413 3006 3484 τεχθέντος
3057 3415 3386 3486 παθήμασιν
3431 3416 3689 3487 ἀνεκλήθη

422 3521 678 3568 vocatum
705 3520 790 3566 est
828 3527 859 3566 a
899 3510 1056 3580 lapsu
1087 3519 1143 3564 ct
1183 3511 1355 3564 multo
1387 3509 1661 3565 diviniore
1685 3525 1852 3581 quam
1886 3521 1998 3564 ante

2122 3505 2208 3558 τοῦ
2238 3505 2532 3576 πτώματος
2557 3506 2652 3560 καὶ
2697 3505 2878 3577 πολλῷ
2913 3506 3198 3580 θειοτέρας
3227 3508 3261 3580 ἢ
3293 3508 3403 3580 πρὸ
3445 3509 3540 3563 τοῦ
3570 3526 3692 3564 κατ-

423 3591 789 3674 praeCipitium
821 3611 969 3658 sorte
988 3602 1153 3673 digna
1200 3602 1383 3656 habita
1410 3609 1494 3657 est
1525 3602 1584 3657 et
1604 3601 1888 3658 fruitione.
1913 3601 1998 3657 Vis

2122 3597 2402 3669 ενεχθῆναι
2451 3597 2658 3668 λήξεως
2701 3584 3020 3672 κατηξιώθη
3067 3600 3163 3654 καὶ
3201 3601 3577 3667 ἀπολαύσεως.
3605 3603 3693 3657 Θέ-

425 3706 609 3751 antcm
657 3695 834 3766 magis
867 3695 1080 3750 discere
1114 3693 1390 3764 quomodo
1429 3694 1771 3763 deceptionis
1811 3693 1998 3748 mulier

2122 3691 2228 3754 λεις
2279 3690 2337 3742 δὲ
2397 3689 2602 3761 μᾶλλον
2662 3691 3011 3763 καταμαθεῖν
3065 3693 3217 3758 ὅπως
3270 3694 3374 3764 τῆς
3423 3695 3691 3766 ἀπάτηςή

422 3804 520 3859 per
543 3787 746 3842 dictam
777 3785 1016 3840 ﬁliorum
1040 3785 1449 3856 generationem
1479 3783 1998 3840 condemnationem

2122 3783 2250 3855 γυνὴ
2274 3782 2365 3836 διὰ
2388 3783 2488 3853 τῆς
2529 3783 2831 3856 εἰρημένης
2877 3785 3227 3855 τεκνογονίας
3274 3787 3376 3855 τὴν
3418 3786 3574 3859 δίκην
3621 3787 3691 3840 δι-

420 3877 632 3947 effugit,
655 3885 709 3931 et
740 3875 946 3932 donum
981 3875 1189 3944 accepit
1223 3873 1618 3930 remissionis?
1642 3875 1794 3944 prius
1830 3873 1998 3929 emol-

2122 3875 2303 3944 ἔφυγε,
2349 3875 2444 3930 καὶ
2487 3876 2550 3930 τὸ
2577 3876 2750 3947 δῶρον
2794 3875 2953 3932 ἔλαϐε
3004 3877 3108 3948 τῆς
3145 3877 3398 3948 ἀφέσεως
3427 3897 3442 3947 ;
3472 3881 3538 3934 Δί
3573 3880 3692 3948 πρὶν

420 3969 532 4024 lito:
577 3969 644 4023 ad
699 3967 971 4038 serpentis
1033 3966 1277 4037 linguam
1346 3967 1660 4022 sibilantem
1703 3981 1860 4022 sacra
1904 3965 1998 4020 hac

2122 3967 2534 4038 μαλακισθεῖσαι
2592 3968 2732 4039 πρὸς
2783 3970 2884 4040 τὴν
2932 3967 3029 4022 τοῦ
3081 3968 3262 4039 ὄφεως
3321 3969 3573 4040 γλῶσσαν
3608 3971 3692 4042 ψι-

419 4070 476 4117 et
497 4076 638 4117 nova
672 4076 802 4116 vere
835 4059 938 4115 sub
969 4060 1110 4116 coelo
1167 4059 1406 4114 ﬁliorum
1463 4061 1816 4131 generatione
1877 4073 1998 4130 pro-

2122 4059 2445 4128 3upi§ouoav
2499 4060 2600 4130 τῆς
2680 4062 2831 4132 ἱερᾶς
2902 4062 3109 4132 ταύτης
3200 4063 3298 4117 καὶ
3367 4065 3560 4134 καινῆς
3621 4065 3694 4128 ὡς

421 4169 634 4226 gressa,
661 4161 1022 4225 tyrannorum
1056 4152 1259 4223 linguis
1304 4167 1364 4207 se
1394 4162 1729 4222 opponentes
1764 4152 1998 4208 oratorie

2122 4151 2326 4222 Ξιληοῶς
2375 4151 2480 4206 ύπὺ
2529 4152 2621 4206 τὸν
2654 4153 2812 4223 ἥλιον
2877 4153 3228 4222 τεκνογονίας
3285 4155 3691 4226 προελθούσης.

420 4246 746 4301 docentibus
787 4245 1123 4316 impietatem
1149 4261 1164 4310 ;
1189 4233 1266 4298 ἐι
1294 4247 1471 4314 poenis
1521 4261 1631 4301 non
1666 4246 1846 4301 solum
1883 4246 1998 4300 visu

2122 4242 2392 4313 τυράννων
2465 4242 2738 4312 γλώσσαις
2819 4247 3293 4302 ἀντικαταστᾶσαι
3379 4250 3692 4322 ῥητορευού-

421 4352 600 4408 neque
647 4345 900 4408 experto,
955 4336 1050 4393 sed
1115 4345 1170 4392 et
1199 4336 1345 4391 dictu
1394 4336 1998 4393 horrendissimislaettr

2122 4351 2237 4399 παις
2301 4336 2401 4408 τὴν
2464 4337 2720 4392 ἀσέϐειαν
2753 4350 2767 4364 ⁸
2825 4340 2920 4393 καὶ
2995 4340 3196 4394 ποινῶν
3251 4341 3315 4394 ού
3370 4342 3533 4412 μόνον
3573 4343 3691 4396 ἰδεῖν

419 4438 476 4484 et
509 4428 832 4500 gloriantes,
873 4427 930 4483 in
963 4427 1154 4483 multis
1183 4442 1326 4498 saepe
1351 4443 1462 4482 non
1492 4425 1739 4485 ininores
1767 4429 1998 4484 homini-

2122 4427 2220 4482 οὐδ’
2255 4431 2336 4493 είς
2365 4430 2564 4500 πεῖραν
2597 4429 2796 4497 ἐλθεῖν,
2827 4429 2964 4485 ἀλλὰ
2992 4435 3089 4486 καὶ
3114 4435 3292 4488 εἰπεῖν
3320 4435 3687 4505 φρικωδεστά-

419 4523 524 4578 bus
549 4522 714 4577 Iuctis
759 4530 815 4577 et
874 4519 1274 4577 certaminibus
1333 4519 1713 4576 excelluerunt
1753 4531 1849 4588 ;et
1895 4537 1998 4577 non

2122 4537 2242 4587 των,
2301 4523 2879 4594 κατευμεγεθήσασαι,
2926 4525 2986 4578 ἐν
3046 4525 3265 4591 πολλοῖς
3307 4527 3568 4594 πολλάκις
3598 4529 3688 4582 ούκ

421 4613 720 4668 mulierum
759 4613 938 4670 solum
969 4613 1064 4670 sed
1105 4621 1160 4669 et
1181 4613 1427 4669 virorum
1462 4613 1594 4670 visae
1637 4622 1768 4670 sunt
1789 4615 1998 4685 pictatis

2122 4613 2368 4678 ἐλάττους
2392 4614 2502 4668 τῶν
2535 4614 2748 4686 ἀνδρῶν
2787 4615 2917 4681 τοὺς
2953 4616 3153 4682 ἄθλους
3201 4623 3296 4673 καὶ
3325 4621 3450 4679 τοὺς
3481 4621 3688 4689 ἀγῶνας

429 4705 710 4774 magistra:
725 4715 780 4766 et
805 4719 904 4776 pro
929 4705 1153 4761 Christo
1182 4704 1379 4761 acerba
1411 4705 1678 4776 supplicia
1711 4715 1767 4762 et
1799 4715 1998 4763 mortes

2122 4704 2442 4796 διήνεγκαν·
2475 4707 2570 4761 καὶ
2593 4707 2655 4762 ού
2685 4709 2968 4778 γυναικῶν
2997 4711 3160 4782 μόνον
3188 4711 3327 4768 ἀλλά
3355 4713 3450 4767 καὶ
3488 4711 3688 4796 ἀνδρῶν

422 4807 479 4852 et
533 4797 943 4852 immolationes
986 4811 1253 4867 generoso
1302 4807 1357 4853 et
1391 4797 1724 4854 inconcusso
1775 4807 1831 4853 et
1883 4797 1998 4852 laetu

2122 4795 2381 4868 ὣφθησαν
2441 4799 2540 4870 τῆς
2589 4799 2876 4865 εὐσεϐείας
2918 4802 3258 4870 διδάσκαλοι,
3284 4805 3382 4858 καὶ
3409 4795 3528 4869 τὰς
3557 4804 3686 4873 ὑπὲρ

423 4889 804 4946 sustinuerunt
831 4889 1036 4944 animo.

726 5151 1056 5221 QUIESTIO
1096 5152 1311 5210 LXXIII
1345 5154 1447 5229 [ιιι.
1479 5153 1716 5229 LXXII].

425 5245 698 5312 Quomodo
724 5245 1060 5315 intelligenda
1084 5247 1192 5300 sint
1223 5247 1377 5302 verba
1393 5248 1514 5310 illa,
1533 5267 1551 5299 ι
1575 5248 1678 5314 Qui
1713 5251 2002 5304 manduca-

493 5319 623 5370 uerit
661 5317 795 5369 hunc
825 5333 1012 5386 panem
1047 5327 1096 5371 et
1126 5320 1314 5372 biberit
1358 5319 1577 5372 calicem
1607 5320 1820 5374 Domini
1860 5323 2004 5375 indi-

493 5403 611 5510 gnte,
649 5404 765 5441 reus
796 5389 894 5442 erit
928 5389 1164 5457 corporis
1219 5399 1268 5444 et
1305 5391 1580 5459 sanguinis
1629 5391 1864 5459 Domini,
1901 5413 1920 5446 ι
1951 5401 2003 5449 et

493 5474 714 5510 rezaua.
762 5499 771 5506 .

491 5474 714 5527 ntiqua.
762 5499 771 5506 .

2116 4887 2356 4959 Χριστοῦ
2387 4890 2592 4960 πικράς
2612 4891 2888 4963 τιμωρίας
2913 4893 3011 4947 καὶ
3039 4893 3167 4959 τοῦς
3195 4896 3458 4960 θανάτους
3487 4896 3576 4949 καὶ
3595 4895 3687 4955 τὰς

2112 4984 2332 5050 σφαγὰς
2360 4985 2595 5056 γενναίῳ
2629 4986 2725 5039 καὶ
2757 4987 3174 5060 ἀκαταπλήχτῳ
3208 4990 3305 5043 καὶ
3329 4987 3686 5059 εὐφραινομέ-

2109 5091 2184 5144 νῳ
2220 5073 2536 5148 ὑπέστησαν
2568 5076 2646 5148 τῷ
2669 5080 3005 5149 φρονήματι.

2659 5169 2999 5223 ΕΡΩΤΗΣΙΣ
3038 5169 3158 5223 01".

2109 5254 2242 5321 Πῶς
2282 5257 2536 5330 τηρητέον
2564 5257 2654 5324 τὸ,
2675 5277 2704 5330 λι
2737 5261 2843 5324 Ὃς
2873 5260 2950 5313 ἂν
2979 5261 3153 5330 ἐσθίῃ
3185 5260 3294 5313 τὸν
3333 5261 3516 5328 ἄρτον
3559 5259 3683 5311 τοῦ-

2181 5343 2307 5399 τον,
2334 5327 2603 5399 miner
2629 5328 2692 5382 τὸ
2723 5331 3014 5399 ποτήριον
3038 5327 3149 5385 τοῦ
3165 5327 3390 5398 Κυρίου
3416 5331 3684 5392 ἀναξίως.

2179 5397 2391 5480 gallae
2421 5398 2594 5452 ἔσται
2612 5399 2721 5480 τοῦ
2753 5397 3030 5480 σωματος
3057 5401 3158 5455 καί
3181 5397 3290 5456 τοῦ
3317 5403 3566 5472 αἵματος
3590 5400 3690 5452 τοῦ

2179 5469 2430 5535 Κυρίου,
2468 5487 2486 5520 ι
2527 5469 2721 5523 καὶτὰ
2745 5469 2915 5538 ἑξῆς.

1262 5551 1405 5600 Edita
1427 5565 1453 5601 a
1473 5551 1614 5613 Maio,
1642 5555 1767 5606 Nov.
1794 5555 1916 5606 Coll.
1949 5563 1982 5610 ί.
2010 5561 2049 5622 1,
2073 5575 2123 5623 p.
2151 5558 2379 5607 120-128.
2406 5560 2459 5608 1η
2503 5560 2519 5608 1
2542 5561 2653 5611 Cor.
2693 5576 2760 5622 χι,
2783 5563 2862 5612 27.

498 5636 546 5688 i.
611 5634 873 5690 Doxninici
935 5634 1182 5706 corporis
1240 5638 1634 5710 sanguin'squc
1692 5644 1971 5712 sumptio,

2177 5643 2246 5698 α’.
2278 5645 2339 5695 'il
2367 5645 2666 5716 μετάληψις
2700 5646 2791 5700 τοῦ
2829 5646 3159 5701 Δεσποτικοῦ
3200 5647 3458 5718 σώματος
3492 5648 3579 5702 καὶ
3617 5646 3689 5700 αἶ·
