3820 6212
194 277 294 342 653

1122 283 1220 343 AD
1259 283 1854 347 AMPHILOCHIUM
1891 285 2240 358 QUAESTIO
2280 290 2492 354 LXXI.

3334 301 3435 365 ’45!

191 404 356 458 ματος
372 387 547 478 τροφή
565 404 652 450 τις
669 387 804 444 οὖσα
825 390 987 463 νοερά
1007 394 1100 446 καὶ
1118 394 1218 456 τὰς
1236 394 1472 465 ψυχικὰς
1500 396 1749 466 δυνάμεις

1861 411 1983 465 qua:
2017 407 2101 452 est
2150 398 2530 457 intellectualis
2560 403 2805 472 quaedam
2843 415 3008 478 atque
3048 409 3247 466 anima:
3295 412 3439 467 vires

189 477 624 548 ἀναρωννύουσα,
653 480 776 533 ἐπεὶ
806 480 886 551 τῷ
921 482 985 535 ὲκ
1011 482 1191 553 ψυχῆς
1228 485 1321 537 καὶ
1356 485 1605 555 σώματος
1633 503 1757 538 συν-

189 569 377 622 εστῶτι
436 571 802 642 προσφέρεται
834 571 980 643 ζώῳ,
1022 574 1085 626 έν
1123 577 1409 645 σωματικῇ
1455 574 1616 645 οὐσίᾳ
1660 575 1756 628 καὶ

188 663 318 734 αὐτὴ
355 662 454 733 τὴν
484 666 860 736 πνευματικὴν
892 666 1052 737 χάριν
1078 668 1171 723 καὶ
1203 668 1294 721 τὸν
1322 668 1596 739 ἀγιασμὸν
1625 686 1757 738 παρ-

188 756 296 826 έχει
317 772 333 787 ’
368 756 491 810 ὅθεν
513 755 603 809 διὰ
634 757 727 809 τοῦ
760 758 1027 827 στόματος
1060 761 1141 823 είς
1164 759 1289 821 τοὺς
1332 758 1630 830 μυστικοὺς
1657 758 1756 814 θα·

186 849 382 918 λάμους
408 847 507 918 τῆς
540 847 757 915 φύσεως
798 848 1099 923 προϊοῦσα,
1122 851 1201 913 είς
1240 849 1360 903 ὅλον
1395 849 1512 919 ,μὲν
1550 850 1756 902 οἰκονοο

188 942 384 1008 μεῖται,
413 938 507 991 κα)⁸
538 938 659 991 ὅλον
693 938 1015 1007 καθαγιάζει
1054 940 1115 994 τὸ
1149 940 1309 1005 ζῶον,
1339 938 1542 1010 μᾶλλον
1579 937 1637 991 δὲ
1677 940 1756 1001 εἰς

185 1029 347 1100 αὐτὴν
378 1028 478 1099 τὴν
506 1028 684 1100 ψυχὴν
714 1032 809 1084 καὶ
844 1031 935 1085 τὸν
968 1031 1095 1084 νοῦν
1142 1031 1242 1100 τῆς
1274 1030 1495 1101 χάριτος
1542 1025 1754 1081 καὶτοῦ

186 1122 522 1191 ἀγιάσματος
561 1121 1002 1191 ὲπιδαῲιλεύεται
1032 1121 1129 1193 τὴν
1162 1122 1444 1194 ἐνέργειαν
1468 1136 1483 1151 ⁸
1513 1121 1618 1193 χρὴ
1643 1119 1753 1173 τοί-

182 1230 274 1265 νυν
307 1210 432 1276 τοὺς
475 1210 767 1265 ἀπολαύειν
797 1212 1089 1282 μέλλοντας
1112 1215 1211 1283 τῆς
1245 1213 1395 1284 ἱερᾶς
1424 1212 1626 1282 ταύτης
1660 1212 1756 1266 καὶ

183 1304 368 1376 νοερᾶς
410 1304 638 1375 τροφῆς,
677 1304 753 1375 μὴ
794 1307 1008 1373 ἀγνοεῖν
1045 1305 1130 1368 τίς
1155 1307 1302 1359 ἐστιν
1348 1305 1637 1377 ἡδύναμις
1662 1306 1757 1359 αύ-

184 1398 297 1466 τῆς,
338 1396 432 1449 καὶ
475 1398 557 1460 τίς
606 1398 641 1468 ἠ
692 1398 873 1453 πάντα
906 1398 1030 1452 νοῦν
1074 1400 1419 1471 ὑπερέχουσα
1470 1400 1539 1454 δι’
1586 1401 1757 1473 αὐτὴν

183 1487 525 1557 παρεχομένη
551 1487 838 1555 εὐεργεσία
862 1486 952 1540 καὶ
973 1488 1182 1560 δωρεά·
1210 1485 1319 1542 οἷον
1340 1490 1416 1553 ὡς
1433 1489 1757 1562 προαιώνιος

182 1578 365 1646 Λόγος,
392 1580 421 1631 6
448 1580 507 1632 ὲν
535 1579 675 1650 ἀρχῇ
698 1577 794 1643 ὢν,
827 1579 921 1632 καὶ
949 1582 1085 1651 πρὸς
1112 1583 1200 1634 τὸν
1229 1584 1359 1636 Θεὸν
1380 1582 1475 1649 ὢν,
1507 1584 1600 1639 καὶ
1627 1586 1758 1650 Θεὸς

183 1668 253 1722 ὧν
274 1686 288 1700 ο
320 1663 475 1734 οὗτος
504 1671 534 1724 6
562 1673 662 1741 τῆς
691 1672 906 1741 φύσεως
924 1674 1083 1744 ἡμῶν
1110 1674 1439 1747 δημιουργὸς
1467 1678 1532 1732 ὲκ
1554 1679 1758 1750 παρθε-

1858 488 2110 544 reﬁciens
2162 490 2447 557 alimonia,
2484 494 2926 566 quandoquidem
2968 502 3257 569 animanti,
3291 503 3438 573 quod

1856 590 2086 647 corpore
2129 579 2422 650 animaque
2456 592 2696 648 constat,
2743 588 3045 656 praebetur;
3087 590 3290 647 idcirco
3338 607 3438 663 per

1858 684 2172 741 corpoream
2203 674 2567 731 substantiam
2596 677 2957 751 ipsa'quoque
2993 683 3293 753 spiritalem
3319 702 3438 756 gra-

1857 759 1987 816 tiam
2027 775 2080 817 et
2107 764 2595 822 sanctiﬁcationem
2644 768 2877 824 confert.
2927 768 3107 837 Quare
3133 787 3231 842 per
3280 789 3344 829 os
3378 775 3431 828 in

1858 852 2088 924 mystica
2115 863 2322 911 natura:
2351 857 2603 915 humanae
2642 862 2924 917 conclavia
2965 878 3273 933 permeans,
3310 866 3433 919 uni-

1858 958 2077 1000 versum
2138 946 2278 1003 bene
2335 950 2576 1021 disponit
2634 960 2799 1023 atque
2853 953 3160 1010 sanctiﬁcat
3212 957 3433 1024 animal,

1857 1038 2128 1109 praecipue
2174 1047 2354 1097 tamen
2379 1042 2577 1098 animm
2603 1058 2669 1099 ac
2704 1045 2869 1101 menti
2912 1046 3101 1115 gratiae
3133 1046 3434 1101 sanctimo-

1858 1129 2072 1200 nireque
2114 1130 2411 1189 liberaliter
2450 1134 2560 1189 vim
2610 1136 2939 1206 suppeditat.
2992 1135 3178 1206 Itaque
3222 1146 3438 1207 oportet

1857 1236 1974 1289 eos,
2020 1225 2114 1294 qui
2152 1225 2254 1280 hoc
2278 1240 2436 1283 sacro
2470 1228 2814 1300 spiritalique
2853 1230 2981 1287 cibo
3023 1229 3248 1286 fruituri
3280 1240 3432 1293 sunt.

1860 1314 2083 1371 minime
2120 1302 2334 1373 nescire
2367 1334 2619 1389 quaenam
2652 1321 2774 1390 ejus
2804 1322 2877 1377 sit
2914 1324 3108 1387 virtus,
3144 1322 3229 1377 vel
3257 1322 3433 1393 quod-

1860 1419 1982 1460 nam
2016 1405 2085 1461 ab
2107 1422 2173 1461 eo
2203 1409 2515 1464 conferatur
2544 1412 2871 1468 beneﬁcium
2914 1428 2979 1470 ac
3015 1413 3246 1480 donum,
3286 1412 3433 1484 quod

1858 1511 1990 1552 sane
2034 1496 2121 1552 vix
2165 1498 2272 1554 ulla
2317 1510 2497 1555 mente
2538 1502 2926 1572 comprehendi
2965 1512 3183 1573 potest:
3240 1518 3435 1573 nempe

1858 1590 2002 1659 quod
2032 1589 2210 1659 ipsum
2240 1592 2312 1646 sit
2341 1602 2467 1647 ante
2488 1593 2685 1648 saecula
2705 1593 2976 1650 exsistens
3003 1594 3263 1656 Verbum,
3286 1594 3433 1663 quod

1858 1690 1974 1735 erat
1999 1666 2052 1735 in
2077 1682 2367 1753 principio,
2408 1683 2552 1754 quod
2583 1685 2725 1756 apud
2752 1684 2924 1739 Deum
2958 1694 3100 1751 erat,
3133 1687 3274 1740 Ileus
3295 1686 3429 1755 ipse.

183 1761 341 1815 νικῶν
366 1763 618 1833 αίμάτων
649 1764 827 1835 σάρκα
862 1766 1272 1837 δανεισάμενος,
1304 1769 1333 1820 ὁ
1364 1768 1608 1824 πλουτῶν
1641 1771 1749 1825 θεό-

1858 1770 1957 1827 Hic
2006 1783 2208 1829 nostrae
2262 1784 2471 1829 naturae
2505 1754 2699 1830 auctor
2754 1777 3003 1847 virgineo
3054 1776 3123 1831 de
3164 1776 3432 1844 sanguine

181 1871 331 1925 τητα,
357 1855 642 1927 ἄνθρωπος
671 1858 974 1927 κατηξίωσε
1004 1861 1341 1929 χρηματίσαι
1369 1862 1434 1915 δι’
1462 1864 1631 1934 ἡμᾶς,
1662 1864 1754 1917 καὶ

181 1947 486 2017 ἐσκήνωσεν
518 1949 574 2002 ὲν
609 1949 739 2019 ἡμῖν
759 1962 773 1977 ’
811 1950 907 2002 καὶ
934 1952 961 2003 6
993 1951 1252 2023 ὑπάρχων
1287 1954 1345 2006 ὲν
1376 1956 1556 2025 μορφῇ
1595 1955 1750 2021 Θεοῦ,

182 2040 386 2112 μορφὴν
420 2040 651 2094 ἀνέλαϐε
683 2041 892 2109 δούλου,
918 2044 1185 2115 ἑκατέρας
1216 2045 1429 2115 φύσεως
1453 2046 1576 2110 τοὺς
1594 2047 1753 2117 ὄρους

181 2134 236 2186 ἐν
277 2135 340 2204 τῇ
384 2135 552 2189 αὑτοῦ
588 2136 689 2209 μῐᾳ
715 2137 1011 2195 ὑποστάσει
1039 2143 1378 2213 ἀσυγχύτους
1412 2144 1505 2197 καὶ⁵
1544 2146 1749 2217 ἀχωρί-

182 2242 331 2291 στους
373 2227 822 2299 διασωσάμενος·
890 2233 1158 2287 ἐκένωσεν
1206 2234 1299 2289 οὖν
1360 2235 1551 2308 ἑαυτὸν
1610 2239 1751 2310 ὑπὲρ

180 2317 329 2390 ἡμῶν
388 2318 704 2385 ἀκενὼτως,
754 2324 849 2376 καὶ
895 2324 1137 2393 γεγονὼς
1195 2327 1380 2396 ὅμοιος
1428 2329 1559 2398 ἡμῖν
1613 2330 1750 2384 κατά

181 2411 349 2464 πάντα
393 2412 570 2482 χωρὶς
620 2413 914 2483 ἁμαρτίας,
947 2414 1048 2469 οὐκ
1095 2417 1402 2488 εὐεργετῶν
1443 2420 1605 2490 μόνον
1656 2424 1749 2475 καὶ

180 2498 400 2570 ἰώμενος
437 2502 540 2566 τὰς
583 2503 870 2570 ἀσθενείας
918 2507 1075 2577 ἡμῶν
1118 2510 1434 2576 διετέλεσεν,
1478 2513 1612 2567 ἀλλά
1656 2518 1748 2568 καὶ

180 2591 663 2664 βλασφημούμενος
718 2597 813 2650 καὶ
860 2600 1342 2671 ἀχαριστούμενος,
1391 2603 1540 2658 οὐδὲν
1587 2600 1749 2678 ἧττον

177 2683 278 2737 τῶν
304 2684 443 2756 ὑπὲρ
466 2685 627 2753 λόγον
650 2688 868 2759 δωρεῶν
893 2690 993 2760 τὴν
1010 2692 1271 2761 ἀφθονίαν
1293 2695 1353 2747 οὐ
1378 2695 1743 2752 συνέστελλεψ

178 2774 267 2828 καὶ
289 2774 481 2849 ὕϐρεις
517 2779 613 2833 καὶ
641 2779 840 2851 χλεύην
868 2783 974 2837 ὑπὸ
1000 2784 1109 2840 τῶν
1137 2786 1613 2859 εὐεργετουμένων
1643 2791 1746 2860 ὑφ-

180 2868 484 2939 ιστάμενος,
516 2872 616 2941 τῆς
640 2872 848 2943 ἀφάτου
883 2876 1294 2947 φιλανθρωπίας
1320 2881 1420 2935 οὐκ
1441 2882 1708 2950 ἀφίστατο
1730 2900 1745 2915 ο

177 2958 307 3013 ἀλλά
349 2962 443 3017 καὶ
497 2965 732 3034 σταυρὸν
774 2967 869 3020 καὶ
906 2967 1134 3022 θάνατον
1165 2970 1414 3041 ἦνεγκεν,
1443 2972 1583 3027 ὥστε
1621 2975 1747 3038 τοὺς

1857 1877 2075 1916 carnem
2102 1863 2206 1917 sibi
2237 1865 2478 1934 adeptus,
2504 1864 2597 1935 qui
2621 1875 2739 1920 erat
2765 1864 3048 1920 divinitate
3072 1868 3243 1930 dives,
3266 1864 3432 1920 homo

1856 1953 1971 2007 ﬁeri
2030 1964 2249 2021 propter
2303 1971 2403 2010 nos
2433 1956 2625 2022 voluit,
2673 1970 2737 2010 ac
2787 1955 3075 2011 nobiscum
3122 1956 3431 2012 diversatus

1852 2055 1936 2100 cst
1971 2061 1986 2099 :
2016 2055 2068 2100 et
2102 2048 2195 2116 qui
2224 2055 2341 2101 erat
2370 2048 2424 2101 in
2467 2047 2643 2103 forma
2683 2047 2801 2114 Dei,
2836 2046 3069 2103 formam
3106 2048 3248 2103 servi
3281 2064 3432 2105 rece—

1854 2136 1951 2204 pit,
1988 2135 2273 2206 utriusque
2292 2146 2502 2191 natura:
2526 2137 2789 2193 terminos
2814 2137 2868 2193 in
2895 2138 3055 2193 unica
3080 2154 3177 2194 sua
3198 2154 3432 2208 persona

1853 2226 2170 2283 inconfusos
2226 2228 2722 2299 inseparabilesque
2785 2245 3036 2287 servans.
3117 2230 3435 2286 Exinanivlt

1851 2333 1981 2389 ergo
2009 2319 2128 2373 sine
2160 2320 2535 2378 exinanitione
2582 2337 2642 2377 se
2684 2322 2888 2393 ipsum,
2929 2338 2994 2378 ac
3026 2322 3222 2380 similis
3272 2323 3433 2379 nobis

1852 2423 1947 2477 per
1980 2410 2161 2465 omnia
2206 2396 2431 2466 effectus
2470 2411 2678 2482 absque
2719 2422 2944 2483 peccato
2993 2414 3064 2479 ",
3096 2428 3207 2469 non
3250 2413 3430 2470 solum

1857 2503 1995 2555 bene
2019 2500 2147 2557 fecit
2184 2502 2485 2558 inﬁrmitati
2516 2514 2719 2559 nostrae
2751 2519 2815 2560 ac
2854 2506 3155 2563 medicatus
3182 2514 3311 2575 est;
3340 2519 3435 2563 ve-

1853 2613 1971 2651 rum
2007 2598 2106 2652 etsi
2150 2596 2509 2666 blasphemiis
2538 2597 2830 2665 appetitus,
2863 2607 3029 2668 atque
3065 2598 3311 2668 ingratos
3337 2613 3434 2654 ex—

1850 2699 2039 2758 pertus
2068 2688 2339 2749 homines,
2368 2687 2730 2743 nihilominus
2764 2689 3216 2743 inenarrabilium
3258 2690 3434 2745 dono-

1848 2795 1971 2832 rum
2010 2779 2339 2834 ailluentiam
2390 2794 2501 2833 non
2555 2781 2943 2849 compescuit:
2984 2780 3329 2852 injuriasque
3377 2790 3433 2837 ct

1850 2871 2092 2926 convicia
2130 2871 2289 2926 abiis
2316 2872 2407 2941 qui
2437 2872 2557 2941 ejus
2603 2872 2887 2929 beneﬁciis
2929 2875 3014 2930 usi
3054 2875 3272 2930 fuerant
3306 2890 3433 2946 per-

1848 2974 2061 3030 pessus,
2092 2961 2161 3015 ab
2189 2959 2444 3015 inell‘abili
2483 2962 2863 3017 benevolentia
2896 2978 3005 3019 non
3055 2965 3298 3033 destitit;
3332 2965 3428 3021 sed

178 3051 424 3123 ὑϐριστὰς
467 3056 698 3113 θανάτου
749 3060 841 3113 καὶ
880 3062 1087 3132 φθορᾶς
1116 3063 1442 3130 ἀπαλλάξαι,
1478 3068 1572 3120 καὶ
1607 3068 1743 3138 πρὸς

1854 3048 2069 3107 crucem
2110 3066 2406 3120 necemque
2429 3050 2673 3121 pertulit,
2708 3060 2767 3106 ut
2798 3051 3051 3108 inimicos
3098 3068 3230 3109 suos
3255 3065 3432 3111 morte

179 3142 466 3197 ἀθανασίαν
502 3147 595 3200 καὶ
624 3148 934 3220 ἀφθαρσίαν
958 3152 1019 3205 τὸ
1043 3152 1234 3223 θνητὸν
1267 3156 1299 3224 ἡ
1310 3155 1425 3223 μῶν
1453 3159 1545 3209 καὶ
1576 3157 1747 3228 φθαρ-

179 3235 265 3289 τδν
286 3238 370 3292 διὰ
398 3239 497 3308 τῆς
532 3240 668 3305 ἰδίας
700 3243 1051 3308 ἀναστάσεως
1078 3247 1426 3315 μεταπλάσαι
1456 3266 1512 3301 τε
1547 3249 1641 3302 καὶ
1664 3251 1748 3304 ἀν-

180 3328 518 3399 υψώσασθαι.

243 3512 307 3583 β’.
345 3513 565 3567 Τούτων
602 3515 659 3569 δὲ
708 3515 926 3571 πάντων
960 3517 1068 3571 τῶν
1099 3520 1318 3587 ἀγαθῶν
1356 3520 1654 3591 ἀρῤαὖῶνά
1688 3539 1745 3574 τε

175 3605 265 3661 καὶ
308 3605 562 3677 θεμέλιον
608 3606 704 3660 τοῦ
746 3608 949 3661 οἰκείου
986 3609 1236 3681 σώματος
1269 3613 1359 3664 καὶ
1388 3614 1615 3683 αἵματος
1649 3613 1748 3683 τὴν

180 3698 472 3769 μετάληψιν
510 3699 985 3770 προκατεϐάλλετο
1009 3718 1025 3731 ο
1074 3702 1150 3766 ὼς
1183 3702 1249 3757 ἂν
1289 3703 1492 3774 ταύτης
1522 3705 1580 3756 ἐν
1613 3722 1747 3771 μετ-

174 3791 325 3861 ουσία
362 3791 640 3861 γινόμενοι
683 3791 784 3862 τῆς
805 3793 1056 3863 οὐρανίου
1087 3794 1181 3847 καὶ
1212 3794 1479 3847 ἀθανάτου
1516 3796 1660 3865 ζωῆς
1689 3797 1747 3850 ὲν

177 3881 376 3946 ἑαυτοῖς
422 3883 571 3954 ἔχειν
610 3884 959 3955 πιστεύωμεν
1008 3886 1075 3939 τά
1120 3887 1412 3957 προοίμια’
1445 3889 1538 3940 καὶ
1566 3889 1672 3959 γὰρ
1710 3890 1743 3959 ἡ

178 3974 532 4039 ὲνυπόστατος
546 3975 775 4046 ἀλήθειά
792 3992 945 4047 φησι”
969 3996 987 4029 t
1010 3978 1306 4048 Ὀτρώγων
1335 3997 1435 4048 μου
1453 3980 1549 4049 τὴν
1569 3981 1745 4050 σάρκκ

178 4068 264 4119 καὶ
296 4067 463 4120 πίνων
494 4086 598 4139 μου
635 4068 695 4121 τὸ
718 4063 879 4138 αἷμα,
906 4067 1017 4139 ἔχει
1058 4067 1201 4140 ζωὴν
1227 4069 1443 4123 αἰώνιον
1463 4087 1476 4099 ·
1515 4090 1532 4120 ι
1557 4071 1743 4140 ἐπειδὴ

176 4158 236 4227 τῇ
287 4162 483 4230 μετοχῇ
537 4158 637 4229 τῆς
692 4158 963 4230 ἀχράντου
1017 4159 1219 4230 σαρκὸς
1256 4159 1423 4213 αὐτοῦ
1466 4160 1743 4231 σύσσωμοι

178 4246 578 4317 καθιστάμενοι,
607 4248 700 4301 καὶ
723 4250 821 4318 τῆς
849 4249 1155 4319 ἀφθαρσίας
1181 4251 1271 4302 καὶ
1292 4250 1592 4314 ἀθανασίας
1616 4268 1745 4306 κατ-

178 4336 491 4408 αξιούμεθω
528 4342 558 4393 6
601 4340 780 4394 τοίνυν
826 4343 951 4403 τοὺς
1002 4341 1296 4410 λογισμοὺς
1326 4342 1489 4395 αὑτοῦ
1532 4343 1745 4406 τούτοις

1849 3154 1900 3197 et
1931 3142 2283 3211 corruptione
2326 3143 2602 3210 liberaret,
2647 3150 2810 3213 atque
2859 3143 2928 3199 ad
2958 3144 3427 3201 immortalitatem

1848 3244 1901 3291 et
1929 3234 2391 3304 incorruptionem
2427 3236 2654 3290 mortale
2678 3236 2782 3291 hoc
2809 3244 3059 3291 nostrum
3083 3245 3138 3291 et
3158 3237 3431 3307 corrupti-

1854 3326 1963 3381 bile
1985 3342 2184 3394 corpus
2213 3340 2309 3394 per
2332 3340 2489 3379 suam
2518 3326 2975 3382 resurrectionem
3002 3328 3324 3385 transferret
3348 3337 3430 3384 at-

1847 3434 1955 3490 que
1985 3420 2168 3473 attolle
2177 3426 2273 3473 ret.

1917 3511 1971 3564 2.
2006 3509 2124 3566 Jam
2156 3527 2282 3566 vero
2314 3514 2508 3567 horum
2543 3512 2812 3568 bonorum
2858 3512 3105 3566 omnium
3163 3513 3431 3567 arrhabo-

1848 3620 1972 3660 nem
2008 3620 2072 3661 ac
2103 3605 2519 3661 fundamentum
2551 3608 2745 3661 statuit
2768 3608 2976 3678 proprii
3012 3608 3260 3677 corporis
3292 3624 3429 3663 san-

1848 3696 2143 3766 guinisque
2199 3697 2615 3765 sumptioncm:
2674 3696 2748 3752 ita
2803 3708 2860 3753 ut
2916 3698 3080 3768 hujus
3138 3699 3429 3768 participes

1846 3787 2049 3853 elfccti,
2088 3789 2331 3845 caelestis
2360 3798 2526 3859 atque
2570 3790 2903 3846 immortalis
2954 3792 3080 3845 vitae
3139 3792 3279 3846 intra
3327 3805 3429 3846 nos

1847 3880 1994 3950 ipsos
2058 3881 2262 3937 habere
2322 3882 2613 3938 credamus
2673 3883 2967 3952 primitias.
3030 3884 3243 3938 Etenim
3295 3884 3429 3939 sub-

1847 3973 2119 4028 stantialis
2150 3974 2268 4044 ipsa
2291 3973 2497 4029 Veritas
2530 3974 2664 4028 dicit
2690 3991 2704 4027 :
2749 3992 2767 4025 ι
2793 3973 2897 4037 Qui
2932 3975 3224 4029 manducat
3246 3988 3423 4027 meam

1848 4078 2067 4118 carnem
2124 4074 2178 4118 et
2233 4064 2372 4131 bibit
2421 4079 2603 4120 meum
2660 4065 3008 4135 sanguinem,
3046 4065 3209 4119 habet
3258 4065 3424 4118 vitam

1846 4162 2107 4209 mternam
2133 4156 2202 4210 ⁸⁸.
2229 4174 2248 4206 ι
2279 4154 2415 4209 Nam
2450 4172 2547 4227 per
2575 4156 3021 4211 communionem
3065 4155 3429 4211 immaculata

1847 4247 2032 4300 carnis
2055 4247 2196 4301 idem
2231 4263 2355 4302 cum
2393 4262 2458 4302 eo
2510 4262 2714 4317 corpus
2759 4247 2958 4311 ell‘ecti,
3014 4247 3429 4317 incorruptione

1849 4351 2067 4405 quoque
2094 4350 2149 4390 et
2180 4336 2591 4392 immortalitate
2618 4337 2769 4408 digni
2814 4337 3100 4393 ellicimur.
3159 4336 3265 4403 Qui
3297 4353 3429 4408 ergo

178 4429 522 4501 ἀναστρέφων
565 4432 658 4485 καὶ
686 4432 1096 4504 στηριζόμενος,
1129 4434 1224 4487 καὶ
1252 4435 1342 4487 τὸν
1376 4434 1605 4489 πλοῦτον
1634 4436 1742 4489 τῶν

1854 4430 1965 4483 htec
1995 4439 2178 4484 mente
2213 4429 2442 4483 revolvit
2472 4440 2636 4499 atque
2680 4429 2885 4497 deligit,
2919 4443 2983 4483 ac
3030 4429 3425 4484 beneﬁciorum

177 4520 496 4590 εὐεργεσιῶν
530 4524 916 4594 ἐπερχόμενος,
950 4525 1169 4579 ἐπειδὰν
1200 4525 1379 4595 μέλλει
1408 4527 1506 4597 τῆς
1544 4544 1740 4597 μυστι-

178 4614 271 4683 κῆς
290 4615 487 4689 ταύτης
510 4617 603 4670 καὶ
632 4618 913 4687 ἀκηράτου
939 4618 1146 4689 τροφῆς
1174 4619 1442 4689 μετέχειν,
1474 4620 1632 4691 δῆλον
1661 4623 1741 4675 ὅτι

179 4706 404 4778 καθαρὸν
432 4710 527 4763 καὶ⁵
554 4710 820 4779 ἀμέτοχον
841 4710 949 4763 τῶν
978 4710 1230 4782 πονηρῶν
1261 4711 1513 4782 πράξεων
1538 4714 1745 4783 ὀφείλει

179 4802 607 4869 παρασκευάζειν
640 4804 863 4857 ἑαυτὸν
909 4798 997 4856 οἶα
1034 4804 1097 4875 δὴ
1145 4805 1356 4874 μέλλων
1399 4806 1490 4859 τὸν
1516 4806 1747 4877 βασιλέα

179 4890 382 4945 πάντων
413 4896 505 4946 καὶ
533 4896 812 4965 Δεσπότην
847 4899 912 4966 τῇ
951 4897 1223 4967 παρουσίᾳ
1245 4897 1335 4951 τοῦ
1362 4898 1612 4970 σώματος
1647 4899 1747 4953 αύ-

178 4979 264 5033 τοῦ
293 4985 348 5036 ὲν
372 4988 483 5048 τοῖς
502 4985 602 5055 τῆς
631 4986 807 5056 ψυχῆς
830 4987 1190 5053 ὐποδέξασθαι
1214 4987 1477 5058 θαλάμοις
1513 5006 1746 5043 συνανα-

179 5077 495 5146 Ἆιρνάμενον
542 5080 765 5151 ἀρρήτῳ
798 5079 941 5149 λόγῳ
984 5083 1076 5133 καὶ
1107 5083 1245 5152 ὑπὲρ
1277 5082 1584 5153 κατάληψιν
1630 5082 1750 5151 φιλ-

183 5164 479 5240 ανθρωπίᾳ,
512 5170 608 5223 καὶ
635 5172 1015 5241 συμφυόμενον
1052 5171 1264 5242 σώμάτι
1291 5173 1370 5244 τῷ
1397 5174 1651 5244 ἡμετέρῳ
1672 5193 1683 5205 ·
1721 5177 1749 5227 6

183 5255 234 5308 δὲ
269 5258 341 5329 μὴ
364 5256 850 5333 προκαθηράμενος
884 5265 1076 5317 ἑαυτὸν
1111 5265 1219 5319 τῶν
1264 5266 1626 5335 μολυσμάτων
1656 5267 1751 5319 καὶ

184 5348 360 5404 παθῶν
398 5352 497 5405 ὅσα
526 5371 583 5405 τε
612 5354 712 5424 τὴν
739 5354 917 5427 ψυχὴν
950 5358 1042 5408 καὶ
1080 5357 1179 5409 ὅσα
1213 5357 1275 5410 τὸ
1305 5358 1463 5427 σῶμα
1492 5358 1746 5428 λυμαίνε⁸

182 5454 269 5492 ται
314 5444 409 5495 καὶ
441 5446 823 5514 καταμολύνει,
865 5446 1001 5501 ἀλλά
1032 5447 1289 5517 ῥυποῦντι
1341 5449 1439 5518 μὲν
1484 5449 1605 5519 βίῳ,
1646 5451 1746 5517 ῥυ-

185 5531 377 5599 ποῦντι,
402 5533 460 5586 δὲ
503 5534 747 5608 λογισμῷ
779 5536 878 5603 τῆς
927 5539 1197 5608 μυστικῆς
1235 5538 1473 5609 προσιὼν
1506 5539 1601 5593 καὶ
1639 5540 1747 5592 ἀπο

188 5622 603 5697 αθανατιζούσης
631 5628 907 5699 τραπέζης
936 5631 1247 5700 μετασχεῖν,
1270 5624 1422 5694 οὗτος
1448 5632 1506 5685 ού
1535 5632 1750 5702 μετέχει

256 5741 465 5797 "llcbr.
499 5760 571 5807 Vl,
602 5745 687 5799 15.
770 5746 814 5777 ⁵³
846 5745 1001 5799 .loan.
1031 5760 1103 5811 Vl,
1132 5745 1219 5797 55.

1848 4523 2059 4592 copiam
2090 4523 2304 4587 recolit,
2350 4524 2789 4592 quotiescunque
2848 4523 3065 4594 mystici
3118 4523 3281 4594 hujus
3324 4524 3429 4577 illi-

1850 4614 2074 4685 batique
2098 4615 2204 4669 cibi
2238 4617 2510 4685 particeps
2532 4623 2615 4669 est
2645 4613 2885 4681 futurus,
2916 4616 3062 4670 hunc
3088 4624 3306 4670 constat
3328 4632 3429 4686 pu-

1853 4722 1975 4761 rum
2012 4722 2071 4762 se
2115 4706 2407 4776 pravisque
2435 4705 2697 4775 operibus
2737 4705 2979 4760 alienum
3012 4716 3284 4775 lprtestare
3334 4707 3430 4760 dc-

1851 4800 2027 4854 bere:
2072 4798 2271 4868 quippe
2297 4798 2388 4867 qui
2432 4796 2797 4852 universalem
2853 4794 3055 4867 Regem
3113 4811 3179 4851 ac
3241 4796 3429 4851 Domi-

1851 4905 1984 4944 num
2060 4903 2296 4958 corpore
2361 4887 2481 4957 ipso
2543 4895 2865 4957 praesentem
2935 4896 3269 4956 excepturus
3321 4899 3427 4952 est,

1851 4981 2207 5037 conclavibus
2241 4983 2438 5036 anima:
2463 4981 2724 5036 ineﬂ'abili
2775 4981 2989 5036 ratione
3016 4989 3072 5036 et
3119 4970 3431 5052 incompr’ev

1851 5056 2109 5131 hensibili
2160 5075 2450 5146 clementia
2528 5074 2795 5140 infusum,
2858 5083 3157 5145 nostroque
3212 5075 3434 5146 corpori

1853 5166 2180 5221 immistum.
2238 5164 2358 5219 .lam
2401 5166 2495 5235 qui
2530 5180 2588 5220 se
2622 5166 2801 5236 ipsum
2834 5167 3068 5222 maculis
3093 5176 3259 5237 atque
3308 5182 3436 5236 pas-

1857 5259 2108 5316 sionibus
2161 5258 2302 5313 haud
2346 5270 2473 5313 ante
2530 5260 2869 5329 purgaverit,
2921 5273 3264 5329 quaecunque
3313 5258 3435 5312 ani-

1860 5367 2009 5406 mum
2045 5351 2167 5420 ejus
2192 5365 2501 5420 corpusque
2532 5351 2766 5420 impiant
2796 5365 2861 5406 ac
2908 5352 3153 5416 foedant;
3191 5349 3283 5405 sed
3313 5363 3435 5403 sor-

1857 5443 1981 5497 dida
2041 5443 2146 5496 vita
2189 5443 2519 5512 sordidaque
2575 5456 2759 5499 mcnte
2814 5443 2882 5498 ad
2942 5442 3251 5513 mysticam,
3313 5456 3438 5509 qua:

1859 5536 2326 5592 immortalitatem
2397 5534 2589 5602 donat,
2648 5551 2894 5591 mensam
2951 5534 3207 5591 vescendi
3268 5548 3433 5586 causa

1858 5630 2154 5688 accesserit
2186 5646 2200 5697 ;
2234 5630 2322 5687 hic
2347 5627 2661 5684 mehercule
2694 5628 2883 5699 gratia:
2914 5642 3019 5683 non
3043 5626 3100 5679 fit
3126 5622 3396 5696 particvps
3416 5641 3433 5676 :
