3864 6208
394 277 502 341 ωδ
1546 252 1813 315 PHOTII
1849 217 2355 312 PATRIARCHAE
2379 247 2487 307 CP.
3536 239 3638 303 456

399 403 576 461 neque
619 383 764 442 enim
808 390 970 452 putre
999 390 1097 432 vas
1157 377 1499 442 unguentum
1551 366 1838 422 continere
1885 377 1925 432 p1

2120 361 2187 414 ,ὲν
2206 360 2306 432 τῆς
2325 360 2569 431 χάριτος⁹
2598 355 2719 411 οὐδὲ
2739 357 2849 426 γὰρ
2877 357 3087 427 σαπρὸν
3104 355 3310 427 δοχεϊον
3335 356 3504 428 μύρον
3524 357 3646 411 ύπο·

395 447 504 539 ῑοεί
533 498 547 548 ;
579 490 755 547 neque
785 447 1082 542 margarita
1111 463 1461 533 sterquilinio
1507 455 1921 514 commendatur

2119 451 2325 516 Ξξασθαι
2363 449 2620 502 δύναται·
2655 447 2777 502 οὐδὲ
2822 447 3167 518 μαργαρίτης
3201 447 3447 520 βορϐόρῳ
3478 466 3645 502 nam.

397 584 512 641 tum
535 540 681 642 quia
702 566 869 627 violat
897 540 962 620 ac
989 561 1314 626 dehonestat
1349 568 1464 618 rem
1509 565 1617 605 non
1653 547 1816 603 modo
1838 560 1923 599 cor

2114 544 2421 598 ἰστεύεται·
2463 542 2578 596 ἀλλ’
2612 540 2849 614 ὑϐρίζων
2887 541 2984 594 καὶ
3017 540 3300 610 ἀτιμάζων
3356 541 3418 594 τὸ
3464 543 3640 611 κρεῖτ-

397 626 624 720 tumel-ia
669 658 974 728 indignam,
1019 651 1114 708 sed
1177 649 1267 716 cui
1321 661 1418 718 par
1488 645 1666 698 honor
1718 638 1917 695 adhibe

2123 653 2165 689 ιν
2185 635 2248 688 ού
2273 635 2434 706 μόνον
2457 633 2666 706 ’ύϐρεως
2687 630 2826 686 ἀλλά
2847 631 2945 684 καὶ
2969 626 3324 704 τιμῆς,ο²5τος
3346 633 3649 703 ἀπαραιτή-

396 756 582 812 nullus
619 724 829 823 potest,
865 748 914 814 is
946 742 1148 808 summi
1184 738 1409 804 sceleris
1439 734 1796 804 semetipsum
1817 745 1922 786 retu

2125 746 2167 781 lU
2195 727 2466 800 κρίματος
2489 725 2680 780 ἑαυτὸν
2711 725 2959 794 ἀπέφηνε
2988 726 3237 797 μέτοχον·
3273 724 3526 796 ἐξύϐρισε
3549 726 3651 797 γάρ

397 844 704 905 constituit.
746 838 990 910 lnjurius
1015 835 1265 892 enimest
1293 831 1348 885 in
1371 826 1716 896 Dominicum
1749 837 1917 893 corpu

2126 839 2135 873 ι
2161 819 2319 890 σῶμα
2353 818 2414 872 τὸ
2447 817 2800 883 Δεσποτικὸν,
2825 820 2903 882 είς
2931 817 2960 871 ὃ
2978 818 3088 872 τῶν
3120 817 3390 872 Ἰουδαίων
3420 819 3456 888 ὴ
3490 817 3652 886 τόλμα

400 938 564 996 sicuti
589 908 850 991 adversus
886 929 1028 989 idem
1059 925 1326 995 iniuriosa
1359 921 1462 976 fuit
1488 920 1617 973 olim
1657 915 1926 972 Judaeorui

2127 911 2299 984 εαυρῷ
2326 909 2719 983 προεξύϐρισεν
2748 910 3104 984 ἀναρτήσασα
3127 923 3141 939 ⁶
3181 908 3262 962 διὸ
3285 909 3380 962 καὶ
3403 911 3433 962 6
3457 909 3653 979 πυρού-

401 1030 649 1094 audacia,
680 1042 712 1082 a
740 1041 850 1097 qua
875 1021 1028 1080 cruci
1067 1017 1323 1082 sufﬁxum
1369 1013 1494 1078 fuit.
1527 1008 1896 1078 Quamobrem

2125 1024 2238 1070 ενος
2287 1005 2383 1060 καὶ
2420 1003 2664 1059 ἀσθενῶν
2713 1003 2854 1074 ὑπὲρ
2907 1003 3015 1056 τῶν
3060 1001 3651 1074 σκανδαλιζομένωντῇ

399 1125 492 1196 qui
535 1092 798 1178 urebatur
827 1109 1231 1186 quodammodo
1284 1117 1339 1168 et
1393 1103 1694 1196 aegrotabat
1753 1106 1925 1196 prepti

2128 1096 2262 1148 ίστει
2294 1095 2388 1148 καὶ
2422 1093 2813 1156 ἀσθενούντων,
2847 1093 2909 1148 τὸ
2945 1093 3173 1164 μέγεθος
3195 1092 3290 1146 τοῦ
3324 1093 3654 1163 ἁμαρτήμα-

399 1183 496 1270 eos
521 1212 614 1284 qui
648 1210 755 1265 lide
784 1183 1104 1266 labebantur
1129 1208 1181 1255 et
1210 1196 1530 1257 laborabant
1556 1191 1624 1259 ⁸⁵,
1662 1190 1793 1246 dum
1811 1186 1925 1257 htle

2130 1205 2169 1252 ις
2203 1186 2505 1259 παριστῶν,
2531 1186 2634 1241 ούκ
2681 1185 2928 1257 ἠρκέσθη
2978 1185 3124 1252 ἅπαξ
3165 1185 3340 1238 εἰπεῖν
3375 1184 3455 1247 ὡς
3486 1183 3656 1254 ἔνοχός

401 1273 608 1376 peccati
662 1297 1090 1371 magnitudinem
1159 1292 1545 1356 demonstrare
1601 1284 1805 1344 studet,
1860 1295 1927 1335 no

2130 1294 2224 1331 ιτιν
2282 1278 2311 1331 ό
2371 1274 2612 1340 τοιοῦτος
2663 1275 2759 1329 τοῦ
2827 1275 3077 1346 σώματος
3133 1277 3228 1329 καὶ
3284 1273 3380 1329 τοῦ
3435 1275 3656 1344 αῖματος

404 1365 535 1454 satis
564 1393 772 1454 habuit,
803 1387 971 1449 semel
999 1383 1225 1450 dixisse,
1243 1379 1516 1451 ejusmodi
1546 1375 1825 1431 hominem
1849 1385 1930 1426 COI

2132 1369 2172 1422 ιῦ
2231 1369 2460 1444 Κυρίου,
2501 1367 2638 1422 ἀλλά
2681 1368 2777 1423 καὶ
2831 1366 3085 1437 δεύτερον
3144 1367 3306 1422 πάλιν
3356 1365 3658 1437 ἐπεμαρτύ-

405 1486 551 1556 poris
599 1497 662 1538 ac
715 1476 1001 1550 sanguinis
1038 1472 1257 1529 Domini
1287 1484 1411 1526 esse
1466 1482 1662 1532 reum;
1723 1463 1818 1521 sed
1847 1476 1931 1517 me

2133 1479 2232 1526 ιτο,
2274 1460 2350 1526 ὡς
2403 1463 2432 1514 6
2481 1459 2676 1514 ἐσθίων
2724 1459 2816 1514 καὶ
2862 1459 3034 1514 πίνων
3085 1457 3319 1525 ἀναξίως
3363 1458 3460 1510 τὸν
3506 1458 3659 1526 ἀρτον

405 1546 594 1631 rursus
642 1546 1050 1630 testatusvest:
1114 1565 1260 1632 «Qui
1303 1559 1598 1617 manducat
1646 1568 1843 1628 panem
1896 1553 1929 1609 υ

2130 1554 2174 1608 ιὶ
2210 1553 2271 1609 τὸ
2301 1553 2559 1625 ποτήριον
2588 1549 2684 1605 τοῦ
2713 1550 2946 1621 Κυρίου,
2979 1550 3154 1628 κρίμα
3176 1549 3354 1621 ἑαυτῷ
3378 1547 3550 1603 ἐσθίει
3574 1546 3656 1602 καὶ

403 1670 590 1738 bitque
620 1666 848 1721 calicem
887 1661 1108 1717 Domini
1146 1659 1388 1727 indigne,
1422 1653 1512 1709 hic
1559 1651 1663 1708 sibi
1709 1647 1975 1721 judicium
2015 1725 2058 1738 ﬁ
2081 1649 2249 1705 πίνει,

403 1758 699 1815 manducat
728 1770 794 1810 ac
821 1753 957 1808 bibit
987 1751 1055 1803 ⁵⁵.
1095 1768 1112 1801 ι
2015 1725 2061 1784 Β

474 1851 530 1905 3.
562 1848 740 1917 Atque
805 1845 859 1898 in
913 1843 1054 1898 hanc
1125 1835 1384 1892 nimirum
1455 1829 1781 1898 sententiam
1859 1826 1982 1897 ipse

2151 1832 2222 1895 γ’.
2249 1825 2362 1880 Καὶ
2413 1823 2573 1879 τοῦτό
2629 1823 2778 1878 ἐστιν
2822 1823 2960 1896 ὅπερ
3008 1821 3170 1885 αὐτὸς
3207 1824 3237 1878 6
3278 1822 3390 1876 τῶν
3422 1820 3661 1877 ἀθεάτων

405 1957 588 1998 rerum
615 1914 977 1993 invisibilium
1008 1938 1282 2002 spectator
1312 1935 1366 1982 et
1395 1923 1752 1981 ineﬂabilium
1789 1934 1931 1975 narr:

2136 1919 2288 1990 εωρὺς
2340 1917 2435 1972 καὶ
2487 1917 2598 1971 τῶν
2655 1917 2908 1988 ἀρρήτων
2969 1917 3153 1989 ῥήτωρ
3206 1915 3302 1970 καὶ
3347 1914 3662 1978 διδάσκαλος

409 2043 496 2091 ιοι·
529 2041 695 2103 atque
721 2029 983 2099 magister
1013 2039 1165 2086 reum
1187 2037 1308 2077 esse
1324 2020 1457 2076 dicit
1487 2015 1733 2086 corporis
1765 2021 1822 2068 et
1851 2027 1935 2068 sar

2137 2027 2284 2084 ιησεν
2339 2010 2526 2080 ἔνοχον
2573 2004 2716 2063 εἶναι
2757 2007 2853 2063 τοῦ
2887 2006 3138 2078 σώματος
3172 2005 3396 2061 καὶτοῦ
3439 2007 3663 2078 αἵματος

410 2125 593 2196 guinis
646 2119 860 2176 Domini
909 2116 1224 2187 quicunque
1273 2110 1496 2180 indigne
1551 2105 1887 2161 manducare
1927 2120 1936 2154 ‹

2137 2103 2176 2156 ιῦ
2208 2104 2437 2175 Κυρίου,
2467 2104 2558 2158 τὸν
2588 2103 2822 2171 ἀναξίως
2849 2103 3046 2158 ἐσθίειν
3070 2103 3201 2159 αὐτὸ
3223 2104 3316 2158 καὶ
3339 2103 3518 2158 πίνειν
3539 2103 3663 2156 ἀπο⁴

411 2194 598 2273 hibere
631 2213 818 2268 audet.
850 2209 993 2276 Quid
1022 2204 1215 2262 enim?
1245 2203 1383 2259 Cum
1428 2208 1585 2255 vacet
1613 2210 1847 2269 purgare
1893 2209 1937 2250 ιι]

2138 2196 2487 2266 ιρσυνόμενον
2512 2211 2527 2226 ⁶
2579 2195 2633 2248 τί
2685 2197 2816 2268 γὰρ,
2845 2196 2964 2250 ὲνδν
3017 2194 3300 2266 καθαίρειν
3339 2195 3533 2250 ἑαυτὸν
3575 2195 3664 2250 καὶ

411 2308 590 2377 ipsum
639 2299 996 2368 maculasque
1032 2293 1374 2377 poenitentia
1437 2290 1776 2358 abstergere,
1818 2293 1937 2353 atqu

2137 2288 2429 2358 ποσμήχειν
2454 2287 2544 2341 διὰ
2577 2286 2867 2356 μετανοίας
2898 2286 3006 2340 τῶν
3031 2286 3415 2357 μολυσμάτων,
3441 2285 3584 2341 οὕτω
3609 2305 3663 2341 τε

412 2376 483 2454 ita
515 2396 583 2452 ad
618 2392 972 2466 purissimam
1003 2376 1140 2450 rem,
1200 2385 1310 2440 imo
1338 2381 1442 2438 ad’
1466 2379 1718 2451 puritatis
1757 2377 1938 2432 aliluer

2141 2379 2368 2451 poctévat
2394 2378 2471 2449 τῷ
2493 2378 2888 2451 καθαρωτάτῳ,
2916 2379 3116 2449 μᾶλλον
3142 2380 3199 2432 δὲ
3225 2378 3301 2450 τῷ
3323 2379 3464 2450 ὑπὲρ
3491 2382 3667 2434 πᾶσαν

412 2503 520 2546 tem
559 2487 734 2556 magis
760 2499 923 2554 quam
969 2478 1198 2551 cogitari
1230 2484 1409 2547 potest
1452 2473 1652 2530 fontem
1689 2471 1938 2526 accedere

2139 2488 2294 2524 ννοιαν
2340 2469 2639 2542 πηγάζοντι
2685 2469 2976 2540 κάθαρσιν,
3007 2469 3121 2538 ἐγὼ
3156 2469 3214 2524 δὲ
3257 2469 3416 2524 τοῦτο
3449 2470 3548 2540 μὲν
3579 2472 3665 2524 ἐπὶ

410 2597 514 2653 ego
544 2588 735 2634 contra
764 2575 910 2630 nulla
966 2572 1021 2626 id
1058 2569 1389 2640 cOgitatione
1437 2579 1640 2621 eurave
1682 2561 1936 2634 dignabor

2141 2561 2376 2633 ιγισμοὺς
2402 2561 2690 2623 ἀναλαϐεῖν
2715 2562 2808 2614 καὶ
2832 2561 3128 2631 μετελθεῖν,
3157 2562 3415 2632 οὐδεμιᾶς
3443 2562 3667 2634 γίνομαι

411 2647 577 2744 atque
600 2679 658 2725 ut
682 2684 850 2740 purus
877 2663 1250 2738 spectantibus
1295 2662 1504 2727 videar,
1543 2660 1856 2728 dignusque
1885 2655 1937 2707 Ιιε

2138 2653 2407 2723 ροντίδοςς
2452 2652 2540 2707 ἵνα
2592 2652 2649 2707 δὲ
2699 2651 2835 2717 δόξω
2873 2652 3108 2725 καθαρὸς
3151 2647 3439 2718 εἶναιτοῖς
3477 2655 3664 2726 ὁρῶσι,

412 2770 583 2836 gratia
613 2777 667 2822 et
707 2764 786 2819 rei
816 2778 941 2823 usu.
971 2774 1150 2815 meam
1205 2757 1322 2827 ipse
1366 2751 1700 2810 contumelia
1754 2748 1938 2802 salutet

2141 2745 2184 2798 tl.
2231 2745 2380 2810 ἄξιος
2433 2745 2704 2813 τοσαύτης
2745 2745 2966 2817 χάριτος
3009 2746 3104 2799 καὶ
3149 2746 3524 2812 ἀπολαύσεως,
3573 2747 3667 2816 τὴν

412 2857 666 2926 alliciam.
702 2867 878 2922 neque
906 2850 1134 2906 illudere
1160 2847 1236 2902 ἰ.ιί
1287 2845 1642 2900 extimescam
1674 2859 1692 2893 ι
1729 2840 1783 2894 in
1824 2853 1938 2907 quc}

2142 2837 2233 2908 ιὴν
2265 2837 2472 2907 ὑϐρίζω
2495 2838 2802 2907 σωτηρίαν;
2835 2839 2930 2892 καὶ
2959 2836 3175 2901 παίζειν
3203 2837 3263 2890 ού
3292 2837 3500 2910 φρίττω
3523 2840 3606 2902 εἰς
3636 2837 3668 2892 ἃ

411 2949 587 3020 angeli
623 2954 812 3017 optant
849 2942 1164 3014 prospicere
1185 2939 1268 2993 '6?
1296 2957 1315 2990 ›
1356 2935 1610 2992 Profecto
1639 2935 1732 3005 qui
1759 2932 1937 3003 gloria:

2140 2926 2452 3020 τιθυμοῦσιν
2476 2927 2697 2996 ἄγγελοι
2718 2927 3070 2999 παρακύψας
3098 2928 3265 2991 ὅντως
3294 2929 3342 2981 οί
3363 2926 3520 2994 δόξαν
3539 2927 3666 2999 παρ’

414 3019 652 3093 invicem
691 3033 1118 3104 aucupantur",
1156 3030 1212 3088 hi
1250 3043 1426 3098 neque
1475 3041 1597 3082 eam
1629 3041 1752 3095 quae
1801 3039 1829 3078 a
1869 3023 1940 3078 sol

2141 3019 2336 3090 ιλήλων
2362 3019 2753 3090 λαμϐάνοντες,
2777 3019 2901 3074 οὔτε
2933 3023 3031 3088 τὴν
3055 3020 3204 3091 παρὰ
3227 3019 3324 3074 τοῦ
3353 3021 3514 3088 μόνου
3532 3021 3667 3075 Θεοῦ

417 3132 526 3186 Deo
549 3138 634 3185 est
671 3128 902 3198 gloriam
948 3131 1222 3194 quazrunt,
1252 3135 1430 3190 neque
1471 3117 1713 3190 mysterii
1774 3117 1943 3184 magni

2139 3113 2248 3180 Ξξαν
2285 3113 2560 3184 ζητοῦσιν,
2597 3113 2720 3167 οὔτε
2752 3112 2830 3183 τῷ
2859 3113 3078 3184 μεγέθει
3106 3112 3200 3166 τοῦ
3244 3113 3545 3184 μυστηρίου
3577 3131 3665 3166 πι-

413 3221 592 3284 tudini
624 3219 870 3274 credunt.
908 3215 1041 3269 Nam
1079 3214 1318 3268 clemens
1344 3209 1562 3279 quidem
1599 3217 1784 3262 noster
1825 3207 1939 3259 Gre:

2142 3205 2409 3258 τεύουσινο
2450 3207 2479 3257 6
2533 3205 2632 3275 μὲν
2683 3205 2790 3276 γὰρ
2840 3203 3218 3278 φιλάνθρωπος
3258 3205 3414 3276 ἡμῶν
3469 3207 3668 3261 πλαστ-

418 3323 500 3367 tor
529 3311 784 3380 indignos
819 3323 929 3363 non
966 3304 1228 3360 ineﬂ'abili
1253 3304 1510 3371 dignatus
1548 3299 1818 3355 beneficio
1853 3305 1939 3352 est

2138 3298 2309 3369 ιργὸς,
2351 3298 2603 3364 ἀναξίους
2645 3297 2800 3359 ὄντας
2848 3297 2958 3350 τῶν
3017 3297 3155 3370 ὑπὲρ
3198 3298 3354 3367 λόγον
3403 3298 3664 3370 ἠξίωσεν·

417 3421 520 3460 nos
551 3412 734 3458 autem
790 3408 943 3455 tanto
977 3411 1206 3452 munere
1258 3393 1458 3460 all‘ecti,
1505 3407 1701 3461 nempe
1745 3401 1805 3445 ut
1869 3388 1943 3459 ejt

2141 3392 2252 3458 μείς
2285 3389 2342 3442 δὲ
2375 3388 2579 3442 τούτων
2615 3388 2933 3455 ἀξιωθέντες
2969 3392 3060 3442 καὶ
3094 3388 3372 3459 σύσσωμοι
3403 3391 3498 3443 καὶ
3528 3408 3667 3460 συμ-

416 3497 664 3566 corporis
721 3493 1014 3562 participes
1080 3492 1254 3547 simus
1313 3488 1384 3558 (si
1439 3496 1589 3542 certe
1648 3482 1942 3538 voluerimi

2141 3481 2312 3551 έτοχοι
2346 3481 2708 3552 χρηματίζειν
2744 3479 2911 3534 αὐτοῦ
2947 3480 3037 3549 (ἂν
3066 3479 3172 3550 ἄρα
3206 3479 3527 3552 βουλώμεθα
3564 3481 3667 3552 ῥώ-

419 3588 630 3642 viribus
650 3585 887 3655 acceptis
912 3594 966 3638 et
999 3582 1173 3654 gratia
1198 3581 1263 3637 ad
1293 3589 1456 3636 tanta:
1476 3577 1753 3649 dignitatis
1773 3575 1945 3630 culme

2142 3589 2202 3641 ην
2229 3573 2322 3626 καὶ
2361 3573 2522 3644 χάριν
2549 3571 2826 3636 λαϐόντες,
2858 3572 2952 3626 καὶ
2979 3573 3120 3644 πρὸς
3148 3572 3401 3626 τοσοῦτον
3430 3572 3668 3628 ἀνελθεῖν

419 3677 779 3748 aseeudere),
831 3677 936 3733 nisi
989 3677 1136 3731 omni
1170 3673 1354 3734 studio
1404 3669 1759 3739 nosmetipsi
1825 3683 1945 3738 puri

2140 3663 2400 3736 Ξιὼματος
2440 3665 2616 3735 ὕψος),
2655 3665 2702 3719 εί
2733 3665 2808 3736 μὴ
2833 3665 2975 3719 κατὰ
3011 3668 3188 3720 πᾶσαν
3224 3666 3461 3736 σπουδὴν
3499 3666 3666 3718 καθα-

421 3771 836 3841 praebuerimus,
887 3783 1068 3823 nonne
1098 3766 1302 3836 duplici
1361 3762 1712 3819 damnatione
1773 3774 1947 3814 nosmt

2141 3759 2221 3822 ab;
2265 3758 2492 3821 ἑαυτοὺς
2543 3755 3114 3828 παρασκευασώμεθα,
3158 3758 3276 3822 πῶς
3311 3758 3432 3828 οὐχὶ
3478 3759 3667 3826 διπλῆς

420 3879 544 3919 reos
570 3877 691 3918 esse
724 3860 1127 3917 ostendemus?
1152 3875 1256 3913 una
1308 3857 1552 3926 quidem,
1580 3856 1706 3925 quia
1768 3868 1892 3907 cum
1924 3851 1940 3905 l

2140 3850 2311 3920 νόχους
2373 3850 2746 3920 άποφαίνομεν
2799 3851 3024 3913 ἑαυτοὺς
3063 3850 3480 3920 κατακρίσεως;
3539 3851 3666 3919 μιᾶς

419 3961 568 4009 ceret
611 3961 814 4007 tantam
862 3952 1132 4010 bonorum
1189 3925 1405 4019 copiam
1465 3947 1692 4009 lucrari,
1741 3959 1939 4000 renucr

2138 3944 2213 4007 ὲν,
2244 3943 2326 3996 ὅτι
2377 3941 2647 4012 τοσαύτην
2687 3942 2906 4011 ἀγαθῶν.
2934 3942 3239 4012 ὑπερϐολὴν
3281 3941 3400 4005 ἐξὸν
3444 3925 3664 4013 κερδαί-

416 4064 562 4111 mus,
597 4055 924 4116 nosquemet
953 4053 1102 4100 tanto
1148 4042 1518 4098 emolumento
1553 4057 1616 4096 ac
1639 4040 1815 4095 salute
1843 4037 1942 4093 irai

2139 4051 2222 4096 ειν,
2246 4031 2608 4101 ἀπωσάμεοα,
2645 4032 2738 4086 καὶ
2767 4030 3097 4102 τηλικαύτης
3142 4031 3367 4094 ἑαυτοὺς
3403 4030 3665 4099 ὠφελείας

416 4139 751 4193 daverimus.
786 4134 1020 4206 (Quippe
1050 4136 1156 4190 hoc
1182 4135 1358 4201 ipsum
1385 4132 1593 4200 absque
1618 4131 1724 4185 alia
1739 4128 1942 4184 animat

2140 4140 2147 4174 ε
2195 4123 2289 4176 καὶ
2327 4122 2600 4193 σωτηρίας
2646 4125 3102 4193 ἁπεστερήσαμεν
3127 4137 3144 4153 ⁶
3186 4122 3345 4177 τοῦτο
3385 4123 3497 4194 γάρ
3539 4124 3666 4176 αὐτὸ

418 4229 687 4292 versione,
720 4228 959 4282 maxima
991 4226 1274 4281 damnatio
1314 4234 1418 4288 est,
1445 4225 1659 4280 dicente
1707 4221 1938 4277 Domino

2139 4215 2183 4267 ιὶ
2209 4215 2378 4284 χωρὶς
2408 4215 2600 4285 ἐτέρας
2626 4214 2984 4285 είσπράξεως,
3012 4215 3238 4285 μεγίστη
3268 4217 3532 4286 καταδίκη
3555 4233 3568 4245 ·
3593 4217 3665 4279 ὡς

425 4338 442 4372 ι
481 4319 584 4383 Qui
638 4335 748 4374 non
793 4318 965 4373 eredit
1004 4316 1185 4379 'Filio,
1247 4315 1359 4384 jam
1413 4313 1690 4383 judicatus
1745 4310 1935 4378 est”;

2136 4305 2184 4359 ιὶ
2210 4305 2238 4357 ὁ
2275 4303 2476 4373 Κύριος
2507 4303 2729 4374 ἔφησεν·
2765 4323 2784 4355 ι
2810 4305 2867 4356 Ὀ
2891 4304 2966 4375 μὴ
2992 4305 3257 4357 πιστεύων
3287 4307 3365 4368 είς
3392 4306 3486 4359 τὸν
3522 4307 3662 4366 Υίὸν,

419 4427 615 4482 nempe
675 4410 1005 4465 sententiam
1082 4409 1226 4462 intra
1292 4421 1351 4462 se
1410 4405 1569 4476 gerit.
1631 4403 1936 4470 Quamnam

2135 4397 2188 4468 5η
2211 4397 2480 4466 κέκριται,
2507 4415 2524 4446 ι
2555 4397 2800 4450 τουτέστι
2830 4397 2943 4466 ἔχει
2967 4399 3064 4466 τὴν
3091 4398 3268 4467 δίκην·
3285 4398 3405 4451 τίνα
3429 4399 3661 4466 ταύτηνς

417 4517 612 4573 nempe
639 4503 783 4572 quod
801 4503 850 4555 ei
886 4517 992 4556 non
1039 4498 1313 4566 credidit.)
1347 4497 1534 4550 Altera
1569 4493 1851 4548 damnatio
1880 4508 1940 4547 es

2135 4489 2225 4542 ὑτὸ
2255 4489 2314 4543 τὸ
2351 4487 2426 4558 μὴ
2454 4488 2742 4542 πιστεῦσαι
2771 4491 2850 4552 είς
2875 4489 3066 4542 αὐτόν’
3113 4490 3303 4560 ἐτέρας
3333 4489 3411 4555 δὲ,
3447 4492 3530 4544 ὅτι
3572 4489 3661 4542 τοῦ

417 4597 564 4666 quod
592 4595 796 4648 donum
828 4592 1224 4663 spreverimus,
1257 4588 1401 4660 quod
1439 4589 1628 4659 gratia:
1655 4586 1838 4656 injurii
1870 4584 1943 4639 fui

2133 4581 2266 4654 ῶρου
2314 4582 2819 4652 κατεφρονήσαμεν,
2871 4581 2954 4635 ὅτι
2993 4581 3093 4651 τὴν
3138 4584 3296 4653 χάριν
3342 4582 3659 4652 ὑϐρίσαμεν,

417 4689 614 4753 rimus,
649 4685 794 4756 quod
819 4685 957 4740 bene
995 4683 1153 4738 nobis
1183 4680 1473 4740 facientem
1507 4679 1664 4733 nullo.
1685 4678 1860 4748 pretio
1887 4676 1943 4737 ha

2132 4673 2184 4726 δν
2212 4673 2511 4744 εὐεργέτην
2544 4671 3007 4744 ἐξουθενήσαμεν·
3040 4673 3115 4736 ὠς
3145 4677 3295 4744 κοινῇ
3326 4673 3574 4745 τραπέζῃ
3597 4676 3658 4743 τῇ

420 4779 740 4834 huerimus:
800 4777 928 4831 dum
982 4776 1086 4832 hac
1115 4772 1371 4832 alimonia
1425 4770 1674 4841 mystica,
1715 4784 1837 4838 quae
1883 4781 1946 4822 ne

2133 4767 2333 4841 ,υστικῇ
2381 4766 2554 4835 τροφῇ
2587 4764 2682 4818 καὶ
2732 4765 3051 4834 συσσώμους
3090 4766 3234 4835 ἡμᾶς
3267 4766 3363 4819 τοῦ
3394 4765 3659 4836 ἁχράντου

420 4871 541 4941 puri
579 4868 704 4937 ejus
747 4869 991 4936 corporis
1036 4864 1163 4920 facit
1201 4863 1514 4935 participes,
1553 4871 1813 4930 tanquam
1869 4859 1946 4913 vu‘

2131 4855 2348 4927 ὡματος
2407 4855 2572 4910 αὐτοῦ
2618 4858 3130 4929 παρασκευαζούσῃ,
3174 4859 3657 4930 κατεχρησάμευα·

419 4960 536 5031 gari
569 4974 757 5015 mensa
795 4956 954 5012 abusi
1006 4971 1218 5013 sumus.
1256 4954 1398 5024 Ergo
1421 4951 1690 5022 ejusmodi
1739 4948 1945 5003 homim

2136 4949 2189 5001 'nt
2236 4947 2330 5000 οὖν
2391 4947 2545 5000 οὐδὲν
2593 4946 2816 5016 ἄμεινον
2871 4950 2920 5002 οί
2962 4949 3194 5002 τοιοῦτοι
3242 4950 3351 5003 τῶν
3399 4951 3662 5004 Ἰουδαίων

422 5051 567 5108 haud
590 5051 840 5106 meliores
862 5047 1064 5104 Judwis
1087 5057 1235 5113 sunt,
1268 5045 1363 5115 qui
1396 5043 1727 5098 horrendum
1773 5039 1907 5094 illud
1935 5054 1948 5093 ι

2135 5039 2424 5110 .ετέθησαν,
2447 5040 2496 5093 οἳ
2525 5039 2586 5092 τὸ
2609 5040 2836 5110 φρικτὸν
2864 5041 3039 5093 ἐκεῖνο
3061 5041 3158 5093 καὶ
3185 5041 3485 5112 ἀτόλμητον
3508 5041 3661 5110 ἔργον

421 5147 658 5200 immane
675 5141 885 5198 facinus
915 5150 1446 5212 perpetrarunt,cum
1477 5134 1752 5189 vivilicnm
1783 5131 1944 5186 Chris

2132 5130 2419 5200 τόλμησαν,
2453 5131 2513 5182 τὸ
2560 5131 2823 5195 ζωοποιὶρν
2878 5130 3037 5201 σῶμα
3081 5131 3319 5202 Χριστοῦ
3366 5133 3459 5186 ἐπὶ
3506 5132 3658 5198 ξύλου

419 5251 618 5306 corpus
654 5235 803 5306 ligno
834 5231 1263 5303 suspenderunt,
1300 5227 1627 5298 spiculoque
1657 5223 1945 5294 sanguinei

2133 5222 2492 5291 ρεμάσαντες,
2523 5221 2618 5274 καὶ
2648 5224 2712 5292 τῇ
2743 5221 2912 5293 λόγχῃ
2937 5222 3030 5276 τοῦ
3066 5225 3299 5292 αἵματος
3332 5223 3659 5278 ὲκκενὼσαν-

417 5329 806 5385 exhauserunt.
854 5323 1220 5391 Quamobrem
1285 5329 1408 5390 apta
1465 5319 1739 5373 locutione
1797 5332 1943 5370 mum

2130 5329 2186 5376 ες
2211 5329 2224 5344 ο
2269 5311 2457 5382 διόπερ
2490 5312 2726 5380 εὐλόγως
2771 5315 2800 5366 6
2841 5313 3158 5378 διδάσκαλος
3194 5318 3295 5384 τῆς
3344 5317 3654 5388 οἰκουμένης

416 5422 606 5477 doctor
632 5435 753 5474 reos
780 5419 880 5473 hos
905 5414 1153 5485 corporis
1179 5423 1232 5470 et
1262 5411 1542 5482 sanguinis
1595 5409 1807 5466 Domini
1848 5423 1942 5479 pro

2129 5402 2312 5471 νόχους
2360 5395 2500 5453 εἶναι
2551 5405 2674 5463 τοὺς
2714 5401 2987 5464 τοιούτους
3029 5403 3120 5456 τοῦ
3165 5405 3417 5474 σώματος
3454 5407 3542 5460 καὶ
3569 5404 3655 5458 τεῦ

421 5515 710 5569 nuntiavit.

2098 5493 2325 5564 αἵματος
2356 5492 2449 5544 τοῦ
2481 5491 2684 5562 Κυρίου
2725 5493 3152 5563 κατεψηφίσατο.

492 5674 532 5704 ³³
565 5670 603 5724 ll
632 5669 758 5724 Cor.
791 5684 866 5733 xx,
895 5667 984 5722 29.
1061 5665 1148 5718 υηι
1183 5662 1307 5717 Cor.
1353 5677 1427 5722 ιιι,
1463 5659 1552 5712 ‘29.
1629 5660 1674 5691 5°
1709 5658 1726 5708 Ι
1755 5657 1896 5710 Patr.
1933 5673 1967 5720 ι,
2009 5656 2018 5706 l

1663 5660 1674 5688 ³
1709 5657 1896 5710 IPetr.
1933 5673 1967 5720 ι,
2009 5656 2091 5708 12.
2168 5656 2212 5688 ⁵⁷
2251 5651 2408 5706 Joan.
2447 5669 2499 5717 ν,
2541 5650 2627 5706 Η.
2707 5653 2751 5682 ³⁸
2789 5651 2952 5705 .loan.
2986 5668 3068 5717 ιιι,
3101 5652 3189 5709 18.

3861 1223 3864 1294 l

3862 2231 3864 2304 l

3862 3107 3864 3180 Ι
