3864 6208
404 238 507 304 459

1564 255 1827 316 ΡΗΟΤΙΙ
1866 256 2374 324 PATRIARCIL’E
2398 265 2511 327 [ΣΡ.

3542 280 3634 344 460

400 362 635 422 oportet,
667 355 762 426 qui
804 372 1004 428 aquam
1041 358 1232 430 largiri
1261 370 1464 432 potest,
1500 380 1622 435 qua:
1652 382 1760 423 non
1790 383 1972 437 cor-po.

2085 373 2145 424 ού
2181 378 2503 450 σωματικὴν
2531 380 2690 452 δίψαν
2720 383 2778 438 ἐν
2811 383 2979 454 ὀλίγῳ
3016 386 3195 460 χρόνῳ
3219 388 3476 459 πραῧνον,
3513 393 3634 450 ἀλλὰ

401 450 571 503 ralem
604 452 764 506 sitim'
784 452 852 508 ad
879 454 1044 510 breve
1074 464 1292 527 tempus
1323 458 1599 528 mitigare,
1647 461 1743 516 sed
1777 461 1984 517 bibenti

404 541 607 598 fontem
634 560 792 615 aqua;
817 549 1097 616 perennis,
1137 559 1192 606 et
1226 550 1316 605 illa
1365 552 1562 609 salutis
1596 552 1823 609 ﬂumina
1855 570 1985 625 sup-

404 638 647 706 peditare
670 640 870 705 valeat,
913 658 1037 713 qua:
1080 644 1461 701 haurientibus
1512 648 1676 703 vitam
1723 656 1982 704 aeternam

402 731 702 801 largiantur
730 742 783 788 et
813 734 1137 791 conferant?
1165 757 1183 789 ι
1218 737 1371 806 Aqua
1397 738 1564 805 enim,
1599 741 1793 811 inquit,
1818 757 1980 813 quam

402 839 504 893 ego
530 824 697 892 dabo,
724 824 849 882 fons
879 827 984 897 ipsi
1007 828 1099 883 liet
1122 844 1298 901 aquae,
1321 830 1376 885 in
1408 832 1573 887 vitam
1603 841 1862 889 aeternam
1891 850 1982 891 sa-

403 918 588 973 lientis
632 920 698 974 “.
754 939 774 973 ι
809 921 1283 988 Quemadmodum
1335 925 1481 981 enim
1532 941 1678 997 aqua
1726 938 1843 982 tum
1890 927 1981 982 siti

404 1010 675 1077 medetur,
712 1021 829 1069 tum
865 1024 1122 1075 externas
1170 1020 1417 1089 corporis
1447 1021 1638 1077 sordes
1671 1022 1874 1090 abluit;
1909 1024 1982 1079 ita

401 1101 669 1158 doctrina:
715 1105 843 1161 Jesu
898 1107 1148 1177 (lumina,
1186 1112 1469 1168 intellectu
1527 1114 1768 1172 hominis
1821 1131 1982 1172 asse-

401 1195 637 1265 quenda,
683 1206 738 1253 et
789 1200 1077 1256 sublimior
1132 1203 1199 1259 de
1233 1218 1299 1259 eo
1347 1205 1619 1261 sententia
1669 1217 1783 1261 tum
1826 1208 1979 1263 sitim

401 1285 583 1367 levant
632 1304 697 1344 ex
738 1292 1117 1349 incredulitate
1165 1305 1365 1363 ortam,
1414 1313 1538 1367 quae
1592 1299 1729 1355 alias
1756 1300 1976 1356 vitalem

401 1361 936 1454 conservantemque
977 1384 1252 1444 facultatis
1308 1388 1648 1460 intelligendi
1693 1393 1985 1449 humorem

401 1472 676 1542 absumit;
706 1485 818 1531 tum
851 1492 979 1533 vero
1015 1481 1253 1535 animam
1277 1498 1305 1536 a
1336 1485 1590 1541 sordibus
1618 1496 1983 1560 purgat,quas

402 1578 752 1635 peccatorum
782 1571 1077 1641 spurcities
1108 1584 1163 1629 et
1210 1576 1503 1645 impiarum
1543 1578 1864 1648 opinionum
1891 1597 1982 1637 ca-

402 1656 512 1727 ligo
538 1658 739 1713 allevit.
773 1659 908 1716 Tam
937 1662 1118 1719 divine
1152 1662 1407 1721 Salvator
1444 1679 1632 1724 noster
1664 1673 1981 1742 responsio-

401 1763 523 1803 nem
561 1749 819 1806 instruxit
849 1754 915 1807 ad
947 1754 1095 1809 illam
1141 1758 1523 1827 quaestionem,
1565 1776 1660 1828 per
1699 1778 1863 1832 quam
1889 1762 2012 1823 Ja-.

400 1842 542 1898 cubo
570 1848 928 1917 praerogativa
976 1850 1228 1921 quaedam
1260 1862 1314 1907 et
1346 1858 1659 1924 praestantia
1687 1860 1983 1935 singularis

399 1935 573 1991 tribui
592 1937 894 1993 videbatur.

470 2026 591 2082 1am
626 2030 769 2095 vide,
811 2046 1017 2100 quaeso,
1067 2048 1232 2104 quam
1280 2039 1541 2107 praeclare
1591 2057 1717 2096 mox
1749 2043 1829 2098 vis
1861 2045 1982 2114 ejus

398 2121 654 2175 eluserit.
686 2120 878 2177 Statim
922 2124 1068 2179 enim
1117 2126 1332 2184 lentiore
1373 2131 1519 2187 illius
1566 2144 1801 2189 mentem
1856 2138 1981 2193 illu-

398 2204 647 2278 minavit,
662 2213 1020 2286 adduxitque,
1042 2226 1100 2273 ut
1124 2220 1227 2275 fide
1252 2222 1517 2293 reciperet
1536 2228 1978 2293 promissionem.

398 2320 617 2361 omnem
662 2308 823 2365 tidem
877 2324 1251 2383 superantem,
1304 2330 1469 2391 atque
1500 2323 1657 2390 adeo,
1686 2324 1977 2383 Dominum

398 2396 700 2467 majoribus
750 2402 869 2459 suis
928 2406 1089 2476 longe
1145 2410 1410 2480 majorem
1459 2429 1582 2470 esse
1635 2430 1975 2489 agnosceret.

396 2489 600 2547 Animo
623 2493 770 2548 enim
802 2497 873 2551 al)
908 2513 1049 2568 aqua
1080 2504 1252 2570 patris
1283 2504 1369 2559 sui
1391 2504 1599 2575 Jacobi}
1630 2522 1881 2577 avocato,
1910 2514 1977 2567 ad

396 2582 622 2639 alteram
649 2585 802 2640 illam
831 2603 1029 2659 aquam
1063 2607 1123 2647 se
1154 2607 1481 2652 convertens
1514 2599 1628 2654 ait:
1662 2620 1679 2652 ι
1716 2601 1791 2655 Da
1818 2604 1975 2671 mihi,

398 2676 654 2742 Domine,
695 2694 895 2750 aquam
949 2684 1097 2740 illam
1127 2687 1193 2742 “.
1230 2706 1249 2739 ›
1282 2690 1463 2756 Quare
1491 2709 1620 2749 vero
1659 2704 1717 2750 tu
1746 2698 1977 2766 patriar-

395 2768 609 2825 ehaiem
658 2770 807 2827 illam
844 2789 1043 2846 aquam
1081 2780 1313 2851 negligis
1338 2784 1360 2836 ?
1390 2783 1517 2839 Ideo
1561 2788 1769 2859 utique,
1805 2792 1972 2860 quod,

394 2860 541 2915 siti
582 2863 651 2917 ad
698 2862 866 2922 breve
922 2875 1141 2939 tempus
1195 2872 1400 2941 levans,
1444 2877 1640 2932 iterum
1690 2880 1843 2936 sitire
1889 2899 1974 2937 me

388 2953 566 3023 jubet,
619 2965 676 3013 et
721 2974 918 3016 novam
964 2965 1108 3033 parit
1153 2967 1483 3025 molestiam.
1516 2971 1596 3027 Ne
1635 2974 1867 3039 scilicet,
1898 2974 1976 3028 in-

2084 466 2387 538 δυνάμενον
2412 472 2492 542 τῷ
2530 474 2710 529 πιόντι
2738 476 2926 549 πηγὴν
2946 479 3286 549 χρηματίσαι
3314 481 3504 544 ὓδατος
3524 486 3636 539 ἀεν-

2082 558 2231 625 νάου,
2279 562 2375 615 καὶ
2419 566 2684 637 παρέχειν
2718 567 2915 639 ῥεῖθρα
2959 569 3256 639 σωτηρίας,
3286 570 3320 624 ἃ
3364 589 3470 635 τοις
3513 575 3633 644 ἀρυ-

2085 650 2339 721 σαμένοις
2362 656 2685 726 καταρδεύει
2707 660 2804 712 καὶ
2828 660 3082 731 προξενεῖ
3105 661 3256 733 ζωὴν
3278 665 3376 733 τὴν
3405 665 3634 736 αίώνιον;

2088 761 2107 795 ‹
2134 743 2244 797 Kal
2276 746 2388 817 γὰρ
2423 747 2484 799 τὸ
2516 746 2682 819 ὕδωρ,
2717 751 2903 821 φησὶν,
2936 752 2965 804 ὃ
2992 750 3103 820 ἐγὼ
3146 753 3320 820 δώσω,
3370 758 3637 826 γενήσεται

2081 835 2233 905 αύτῷ
2278 838 2430 911 πηγὴ
2465 838 2659 905 ὕδατος
2705 841 3003 913 ἁλλομένου
3048 845 3130 908 είς
3181 844 3325 916 ζωὴν
3369 846 3631 903 αἰώνιον.»

2085 928 2300 1000 Ὥσπερ
2324 929 2384 983 δὲ
2416 930 2478 984 τὸ
2508 930 2650 1002 ὕδωρ
2673 934 2971 1006 Θεραπεύει
3003 936 3104 1007 μὲν
3133 937 3231 1008 τὴν
3259 936 3439 1005 δίψαν,
3462 939 3638 992 καθαί-

2087 1036 2169 1088 ρει
2193 1019 2251 1073 δὲ
2280 1022 2393 1092 (77)
2424 1023 2516 1078 τὸν
2547 1023 2750 1089 ἔξωθεν
2778 1024 2875 1080 τοῦ
2911 1026 3164 1097 σώματος
3200 1027 3493 1099 μολυσμὸν,
3514 1030 3640 1085 οὕτω

2082 1115 2178 1166 καὶ
2220 1114 2290 1168 τὰ
2320 1117 2483 1186 νοερὰ
2525 1117 2619 1172 καὶ
2666 1118 2986 1191 ἀνθρώπινα
3030 1121 3133 1189 τῆς
3173 1121 3517 1185 διδασκαλίας
3558 1121 3641 1177 τοῦ

2083 1205 2259 1272 Ἰησοῦ
2290 1206 2530 1278 νάματα,
2560 1211 2657 1264 καὶ
2698 1213 2732 1280 ή
2761 1213 2893 1283 περὶ
2917 1211 3082 1266 αὐτοῦ
3112 1212 3364 1285 θειοτέρα
3395 1214 3642 1285 ὑπόληψις

2086 1299 2232 1352 ίᾶται
2279 1299 2379 1367 μὲν
2410 1300 2510 1372 τὴν
2554 1302 2664 1356 ἀπὸ
2706 1305 2805 1374 τῆς
2836 1303 3097 1369 ἀπιστίας
3129 1304 3313 1374 δίψαν,
3346 1305 3474 1376 ὃλην
3501 1306 3642 1360 ἐκδα-

2083 1392 2342 1447 πανῶσαν
2368 1394 2469 1464 τῆς
2497 1397 2693 1466 νοερᾶς
2731 1397 3015 1469 ἐνεργείας
3064 1398 3433 1471 τὴνζωτικήν
3462 1416 3520 1453 τε
3557 1399 3641 1454 καὶ

2084 1485 2410 1558 συνεκτικὴν
2438 1487 2667 1559 ίκμάδα,
2700 1488 2963 1562 καθαίρει
2986 1490 3042 1545 δὲ
3073 1491 3171 1563 τὴν
3201 1490 3383 1561 ψυχὴν
3423 1490 3528 1546 τῶν
3557 1494 3641 1562 ῥυ-

2082 1580 2413 1649 πασμάτων,
2441 1581 2509 1653 ἢν
2541 1582 2961 1654 ἁμαρτημάτων
2992 1584 3397 1657 κατεῤῥύπωσε
3427 1583 3533 1655 (78)
3555 1599 3641 1653 μο-

2088 1671 2319 1742 λυσμὸς,
2346 1672 2444 1725 καὶ
2498 1671 2761 1744 λογισμὸς
2788 1670 3037 1745 ζοφώδπς
3075 1674 3482 1730 δυσσεϐούντων
3506 1674 3643 1739 δοξα-

2088 1764 2331 1836 σμάτων.
2370 1764 2511 1818 Ἀλλ’
2549 1765 2578 1818 ὁ
2611 1765 2712 1836 μὲν
2759 1766 2948 1840 Σωτὴρ
2982 1767 3083 1837 τὴν
3113 1767 3372 1822 ἀπόδοσιν
3410 1767 3507 1837 τῆς
3531 1766 3646 1837 ἐρω-

2084 1858 2318 1929 τήσεως,
2348 1858 2418 1911 δι’
2446 1852 2516 1930 ἦς
2560 1858 2655 1913 καὶ
2693 1857 2889 1912 Ἰακὼϐ
2918 1860 2981 1912 τὸ
3006 1862 3273 1931 πρωτεῖον
3295 1858 3439 1929 ἔχειν
3466 1858 3639 1924 ἐδόκει,

2083 1950 2179 2003 καὶ
2211 1948 2635 2018 μεγαλύνεσθαι,
2670 1948 2846 2011 οὕτως
2885 1948 3184 2020 ὑπερφυῶς
3210 1948 3581 2019 ἐμεθόδευσεν.

2153 2041 2267 2096 Kal
2300 2042 2405 2113 ὅρα
2450 2041 2767 2113 παραυτίκα
2829 2042 2929 2112 τὴν
2966 2040 3171 2110 ταύτης
3210 2040 3491 2110 ἐνέργειαν
3553 2039 3642 2093 ἀπ-

2083 2134 2519 2206 αστράπτουσαν.
2554 2135 2940 2205 Κατεφώτισεν
2968 2133 3127 2198 εὐθὺς
3153 2132 3254 2202 τῆς
3276 2130 3643 2201 γυναικὸς⁶τήν

2081 2229 2342 2295 διάνοιαν,
2373 2229 2469 2283 καῖ
2501 2222 2649 2284 εἷλεν
2672 2227 2868 2293 ἐλθεῖν,
2901 2226 3077 2282 καίτοι
3142 2225 3449 2296 παράδοξον
3474 2219 3640 2293 οὖσαν,

2085 2325 2168 2387 είς
2196 2323 2384 2377 πίστιν
2413 2323 2514 2393 τῆς
2540 2320 2910 2392 ὑποσχέσεως,
2960 2320 3056 2374 καὶ
3101 2318 3307 2388 γνῶσιν
3351 2316 3641 2382 ἀναλαϐεῖν,

2081 2415 2223 2470 κατὰ
2254 2416 2391 2470 πολὺ
2428 2416 2538 2469 τῶν
2571 2416 2854 2487 προγόνων
2888 2413 3114 2486 μείζονα
3150 2409 3290 2465 εἶναι
3315 2410 3408 2464 τὸν
3435 2409 3640 2481 Κύριον.

2083 2505 2476 2561 Καταλιποῦσα
2525 2505 2633 2577 γὰρ
2681 2506 2749 2575 τῇ
2795 2502 2992 2575 γνώμῃ
3029 2501 3091 2555 τὸ
3132 2500 3280 2571 ὕδωρ
3322 2496 3417 2551 τοῦ
3459 2494 3643 2565 πατρὸς

2081 2600 2268 2671 αὐτῆς
2302 2598 2520 2664 Ἰακὼϐ,
2557 2598 2695 2669 πρὸς
2736 2596 2898 2651 τοῦτο
2942 2598 3003 2650 τὸ
3044 2594 3190 2665 ὕδωρ
3226 2591 3528 2659 ἐπείγεται,
3560 2585 3643 2641 καί

2080 2708 2268 2764 φησιν·
2311 2709 2330 2743 t
2362 2690 2463 2755 Δός
2507 2698 2619 2761 μοι,
2667 2688 2863 2761 Κύριε,
2915 2687 2975 2742 τὸ
3007 2686 3151 2757 ὕδωρ
3178 2682 3407 2782 τοῦτο..)
3439 2681 3541 2782 Ιὲαὶ
3567 2677 3644 2782 δια

2078 2787 2131 2838 τί
2180 2785 2241 2839 τὸ
2291 2782 2618 2854 προγονικὸν
2664 2780 2810 2851 ὓδωρ
2857 2778 3167 2849 ὑπερορᾷςς
3205 2775 3331 2830 ’Ὁτι
3370 2773 3431 2825 ἐν
3472 2770 3643 2842 βραχεῖ

2079 2878 2255 2933 παῦον
2282 2878 2384 2950 τὴν
2406 2876 2586 2944 δίψαν,
2616 2872 2773 2928 οὐδὲν
2812 2871 3037 2926 ἔλαττον
3067 2868 3228 2940 διψᾷν
3254 2864 3450 2937 ἀφίησι
3476 2861 3641 2924 πάλιν,

2078 2973 2175 3027 καὶ
2216 2972 2402 3027 κόπων
2450 2968 2568 3023 ἐστί
2616 2985 2707 3041 μοι
2736 2965 3020 3039 πρόξενον.
3061 2964 3171 3017 Kal
3208 2961 3343 3034 γὰρ,
3376 2958 3525 3030 φησι,
3566 2954 3643 3008 ἴνα

390 3048 533 3119 quit,
555 3048 764 3109 iterum
799 3055 1003 3123 sitiam,
1043 3074 1146 3116 nec
1184 3060 1294 3119 huc
1317 3064 1529 3119 veniam
1558 3066 1843 3131 haustum,
1877 3069 1971 3124 sed

2085 3065 2158 3138 μὴ
2198 3064 2359 3135 διψῶ,
2411 3064 2546 3135 μηδὲ
2603 3061 2851 3133 ἐρχωμαι
2889 3057 3125 3114 ἐνταῦθα
3165 3054 3280 3127 (79)
3321 3052 3383 3107 δὲ
3430 3048 3640 3146 ἀντλεῖν,

390 3141 606 3210 potius,
649 3154 746 3201 tuo
798 3145 950 3205 fonte
996 3148 1213 3220 fruens,
1268 3157 1618 3225 patriarchali
1674 3161 1768 3216 illo
1828 3160 1976 3217 fonte

392 3249 672 3305 nunquam
698 3237 990 3309 indigeam.

463 3325 580 3386 Hac
635 3329 761 3385 luce
808 3343 1048 3390 mentem
1094 3337 1362 3406 perfusa,
1421 3356 1547 3395 cum
1595 3351 1649 3397 et
1709 3342 1975 3402 Dominus

390 3421 727 3479 mentionem
759 3423 981 3483 fecisset
1012 3430 1276 3497 virorum,
1316 3449 1438 3487 cum
1471 3437 1673 3506 quibus
1706 3437 1974 3495 furtivum

389 3523 445 3571 et
464 3515 871 3573 clandestinum
889 3523 1280 3579 commercium
1317 3527 1603 3597 habuerat,
1634 3533 1817 3587 statim
1844 3549 1972 3589 eum

389 3608 713 3679 prophetam
751 3611 1059 3683 proﬁtetur,
1111 3617 1249 3672 nihil
1284 3634 1416 3675 vero
1450 3623 1776 3693 quidquam,
1824 3626 1972 3695 quod

387 3701 458 3756 ad
487 3702 657 3757 vitam
689 3708 996 3763 naturalem
1029 3721 1321 3780 spectaret,
1356 3716 1616 3789 quodque
1648 3720 1736 3774 vel
1771 3736 1974 3790 corpus

387 3788 578 3854 aleret,
624 3792 709 3847 vel
754 3794 822 3848 ad
873 3810 1074 3867 corpus
1115 3802 1435 3874 pertineret,
1487 3788 1724 3879 requirit
1760 3828 1774 3866 :
1811 3788 1970 3878 nihil,

390 3881 641 3951 inquam,
670 3884 867 3941 horum
916 3890 1001 3944 vel
1048 3906 1401 3964 cognoscere,
1432 3900 1517 3954 vel
1548 3902 1801 3971 accipere
1851 3914 1971 3959 stu-

383 3976 511 4041 det;
553 3978 649 4033 sed
678 3988 916 4035 veterem
945 3986 1303 4053 quaestionem
1336 3990 1533 4046 iterum
1581 4005 1786 4061 movet,
1820 3996 1971 4066 ejus-

382 4088 492 4141 que
560 4074 891 4132 solutionem
966 4079 1302 4138 sciscitando
1362 4086 1647 4155 percipere
1715 4100 1968 4146 conatur.

390 4183 412 4214 ι
437 4163 625 4221 Patres
644 4169 840 4236 nostri,
859 4170 1056 4242 inquit,
1076 4173 1129 4227 in
1151 4184 1340 4230 monte
1358 4176 1463 4233 hoc
1475 4178 1931 4252 adoraruntw",
1946 4204 1963 4235 ι

383 4264 569 4324 patres
602 4261 822 4330 quidem
863 4265 1236 4323 Abrahamum
1265 4271 1572 4340 appellans,
1614 4290 1779 4344 quem
1812 4288 1969 4334 vetus

384 4346 533 4402 lauta
572 4349 744 4407 ﬁlium
789 4368 953 4410 suum
1006 4358 1062 4412 in
1106 4370 1293 4417 monte
1338 4362 1434 4419 illo
1486 4367 1743 4422 sacriﬁcii
1792 4369 1968 4425 instar

381 4441 646 4499 obtulisse
706 4454 959 4503 testatur.
1021 4470 1040 4503 ι
1072 4451 1181 4509 Vos
1220 4468 1373 4519 vero,
1420 4457 1496 4512 ita
1542 4459 1737 4528 pergit,
1786 4462 1967 4518 dicitis

383 4534 783 4609 Hierosolymis
827 4539 1010 4597 locum
1058 4559 1203 4611 esse,
1246 4546 1340 4602 ubi
1384 4549 1617 4607 adorare
1661 4568 1763 4608 nos
1807 4569 1969 4623 opor-

385 4635 495 4681 teat
514 4629 579 4682 ⁶⁶.
613 4648 632 4681 ι
666 4629 822 4698 Duae,
853 4632 1053 4707 inquit,
1103 4648 1232 4694 sunt
1274 4639 1667 4712 adorationes;
1697 4645 1806 4701 duo
1838 4650 1969 4704 ado-

382 4717 616 4776 rationis
668 4723 774 4778 loci
813 4734 1088 4799 :uterque
1145 4732 1322 4789 altare
1366 4741 1423 4788 et
1477 4736 1739 4806 templum
1796 4740 1997 4799 cultui,

385 4811 575 4869 divino
608 4831 827 4872 sacrum
860 4819 1043 4875 habet.
1081 4822 1213 4879 Uter
1255 4829 1441 4897 itaque
1480 4841 1662 4898 partes
1708 4832 1967 4888 meliores

385 4906 669 4975 sequitur?
725 4918 934 4967 utrum.
971 4913 1375 4983 Samaritanus,
1439 4936 1507 4974 an
1575 4920 1835 4980 Judaeus?
1894 4927 1965 4981 At

383 4999 827 5061 humanissimus
859 5005 1110 5064 Salvator
1148 5009 1311 5066 etiam
1358 5012 1448 5069 hic
1474 5012 1711 5083 feminae,
1744 5016 1967 5075 levioris

2078 3159 2214 3214 ἀλλὰ
2244 3160 2344 3229 τῆς
2375 3157 2476 3227 σῆς
2504 3155 2856 3212 ἀπολαύουσα
2897 3152 3084 3225 πηγῆς
3103 3189 3120 3217 ,
3159 3148 3353 3204 οὐκέτι
3402 3143 3494 3200 τοῦ
3527 3159 3646 3216 προ-

2076 3251 2297 3321 γονικοῦ
2345 3250 2611 3322 δεήσομαι
2647 3246 2905 3319 φρέατος.

2149 3344 2339 3406 Οὕτως
2380 3342 2439 3396 δὲ
2474 3338 2955 3409 καταυγασθεῖσαν
2985 3334 3084 3407 τὴν
3121 3332 3387 3395 διάνοιαν,
3426 3326 3541 3382 ἐπεὶ
3558 3324 3643 3380 καὶ

2076 3436 2333 3507 περὶτῶν
2354 3434 2564 3504 ἀνδρῶν
2586 3429 2739 3485 εἶπεν
2762 3430 2921 3500 αὐτῇ,
2944 3420 3019 3481 ὧν
3038 3424 3327 3497 λαθραίοις
3350 3421 3445 3476 καὶ
3467 3435 3639 3491 μυστι-

2077 3528 2347 3600 κωτέραις
2363 3526 2598 3597 ὁμιλίαις
2612 3524 2708 3596 τὴν
2726 3521 3010 3577 κοινωνίαν
3026 3519 3307 3615 ἠσπάζετο
3310 3511 3643 3615 imus-uete):

2079 3622 2178 3694 μὲν
2240 3622 2527 3692 προφήτην
2569 3618 2740 3672 αὐτὸν
2786 3612 3193 3698 ἀνακηρύττει,
3238 3610 3396 3664 οὐδὲν
3443 3607 3500 3660 δέ
3534 3607 3642 3698 ,τῶν

2078 3713 2348 3786 βιωτικῶν
2379 3711 2528 3783 αὐτῷ
2558 3709 2831 3782 προτείνει
2855 3723 2870 3740 ·
2915 3696 3033 3761 οὐδ’
3076 3705 3177 3759 ὅσα
3216 3704 3382 3773 σῶμα
3426 3696 3641 3767 συνέχει.

2075 3808 2171 3862 καὶ
2201 3824 2266 3861 πε
2278 3806 2330 3878 pl
2359 3804 2517 3876 σῶμα
2546 3801 2886 3865 συνίσταται,
2930 3797 3087 3853 οὐδὲν
3132 3795 3344 3850 τούτων
3394 3790 3516 3845 οὔτε
3543 3804 3639 3858 μα-

2075 3900 2208 3966 θεῖν,
2255 3897 2381 3953 οὕτε
2426 3896 2612 3950 λαϐεῖν
2661 3894 2932 3963 ἐπιζητεῖ,
2970 3890 3106 3945 ἀλλὰ
3154 3885 3388 3991 παλαιον
3415 3879 3643 3991 ἀνακινεῖ

2074 3994 2323 4065 ζήτημα,
2356 3990 2451 4044 καὶ
2490 3991 2548 4043 ἐν
2595 3988 2863 4060 ἐρωτήσει
2912 3983 3116 4054 γνῶναι
3147 3982 3249 4079 τὴν
3302 3978 3640 4079 λύσινῇαύτου

2071 4063 2430 4140 διανίσταται.
2478 4101 2496 4133 ‹
2528 4082 2591 4135 Οἱ
2630 4079 2867 4151 πατέρες
2898 4077 3075 4149 ἡμῶν,
3107 4074 3296 4144 φησὶν,
3344 4072 3403 4124 ἐν
3431 4066 3506 4138 τῷ
3538 4063 3642 4135 ὄρει

2070 4178 2247 4250 τούτῳ
2284 4174 2719 4248 προσεκύνησαν,
2745 4191 2763 4223 ›
2816 4170 3061 4241 πατέρας
3107 4167 3208 4238 μὲν
3235 4166 3366 4228 τοὺς
3408 4154 3641 4266 rtem-15v

2084 4270 2338 4342 Ἀϐραὰμ
2365 4266 2711 4340 ὀνομάζουσα
2734 4281 2749 4297 ·
2785 4264 2880 4318 καὶ
2921 4262 3032 4332 γὰρ
3086 4262 3145 4313 ἐν
3191 4254 3512 4355 ἐκείνῳ-τῶ.
3538 4250 3640 4355 ὄρει

2069 4340 2225 4433 λόγός
2278 4364 2503 4434 ἀρχαῖος
2548 4359 2640 4413 τὸν
2675 4356 2930 4430 Ἀϐραὰμ
2982 4352 3301 4420 ἀνενεγκεῖν
3351 4343 3515 4401 αὐτοῦ
3559 4340 3641 4434 τον

1996 4427 2046 4487 υ
2073 4427 2187 4511 υἱον
2219 4427 2423 4526 ἱστορεῖ
2445 4452 2581 4524 (81).
2621 4427 2787 4505 Εἷταέ
2851 4468 2870 4501 ι
2895 4427 3010 4502 Kal
3050 4446 3206 4513 ὑμεῖς
3234 4442 3450 4512 λέγετε,
3482 4437 3557 4489 ὅτι
3589 4433 3641 4484 ἐν

2076 4548 2476 4622 Ἰεροσολύμοις
2518 4544 2667 4599 ἐστὶν
2707 4545 2735 4597 ὁ
2773 4544 2937 4606 τόπος
2966 4540 3096 4637 ἐνθα
3127 4539 3236 4637 χρὴ
3267 4530 3634 4637 προσκυνεῖνίι

2067 4644 2192 4707 Δύο,
2235 4641 2391 4712 φησὶ,
2444 4637 2879 4710 προσκυνήσεις·
2935 4631 3028 4684 δύο
3058 4629 3236 4731 χωρία
3278 4629 3638 4731 τῆςυπρέσκυ-

2066 4738 2297 4808 νήσεως·
2328 4734 2590 4802 ἑκάτερον
2621 4727 2804 4799 βωμὸς
2828 4726 2921 4779 καὶ
2946 4724 3170 4793 τέμενος
3205 4717 3466 4817 λατρείας
3490 4713 3632 4817 Θεοῦί

2067 4831 2162 4892 Τίς
2188 4825 2281 4884 οὖν
2314 4828 2375 4881 τὸ
2420 4826 2643 4895 ἄμεινον
2673 4821 3105 4892 διαπράττεται;
3196 4810 3569 4911 Σαμαρείτης,
3604 4810 3634 4870 ἧ

2067 4928 2097 4978 ὁ
2119 4923 2372 4985 Ἰουδαῖος
2397 4936 2412 4985 ;
2446 4919 2508 4972 Ὀ
2534 4917 2592 4971 δὲ
2621 4914 3003 4985 φιλάνθρωπος
3022 4908 3215 4979 Σωτὴρ
3246 4901 3523 4959 κάνταῦθα
3549 4914 3635 4949 τα-

2074 5016 2389 5087 πεινοτέρου
2429 5011 2743 5083 ζητήματος
2772 5007 2926 5061 λύσιν
2954 5000 3291 5073 ὲπιζητούσῃ
3323 5001 3391 5069 τῇ
3432 4989 3635 5065 γυναικὶ

464 5140 506 5171 ⁶²
578 5140 740 5197 Joan.
774 5160 844 5212 tv,
879 5148 965 5204 ll.
1044 5150 1090 5181 ⁸³
1120 5149 1261 5205 ibid.
1290 5150 1379 5206 l5.
1456 5153 1574 5185 ‘M‘
1600 5153 1731 5209 ibid.
1767 5155 1857 5213 20.
1922 5160 1972 5193 ’θ’

2085 5159 2141 5215 d.
2173 5159 2259 5213 21-

1886 5274 2115 5331 ΝΟΤᾹΞ.

445 5443 562 5513 (77)
584 5443 655 5498 Ai
679 5446 810 5504 illud
838 5449 1019 5505 addidi
1050 5467 1115 5507 ex
1152 5451 1385 5505 Calbert.

450 5514 565 5604 $2.?!
592 5514 650 5604 L"
674 5521 1186 5604 amabamus.
1213 5517 1644 5604 κατερρῠποσοειο
1824 5594 1835 5603 .
1870 5594 1882 5604 .
1910 5595 1919 5604 .

449 5583 561 5661 (79)
591 5583 830 5644 Colbert.
863 5583 1070 5645 ἐνθάδε.
1108 5583 1476 5661 υιτειίιυξίέυξ
1509 5591 1723 5661 eodem,
1746 5594 1837 5661 qui
1870 5594 1957 5648 hie

378 5653 608 5737 obtinet,
637 5671 799 5737 sensu
833 5660 1145 5737 adhibetur,
1185 5653 1908 5737 sed“évliﬁahlrequcntius
1936 5682 1949 5727 :

383 5723 529 5793 quod
557 5734 611 5780 et
637 5726 693 5782 h.
726 5728 762 5783 l.
795 5731 998 5787 rectius
1024 5723 1177 5801 puto,
1216 5726 1398 5785 indice
1426 5725 1486 5781 δέ
1520 5727 1633 5796 illo,
1662 5723 1804 5801 quod
1834 5723 1953 5802 post

2057 5458 2298 5513 ἐνταῦθα
2331 5456 2588 5512 abundat.

2154 5529 2244 5614 ἕρ)
2272 5529 2429 5614 (291”-
2464 5525 3108 5614 ι’]ὀιῗῖῗῖτρέξῖἲετῗεμμ
3163 5590 3250 5614 ,ιη
3303 5585 3419 5614 μη..
3471 5576 3618 5614 -.τηε

2156 5585 2245 5667 81)
2279 5599 2371 5657 Sic
2401 5585 2547 5653 recte
2575 5585 2735 5652 Colb:
2766 5609 2866 5667 pro
2911 5591 3108 5657 αὐτοὺς
3160 5590 3251 5645 τὸν
3303 5585 3419 5643 υίδν
3468 5585 3620 5637 αὐτοῦ

2061 5672 2285 5740 ἱστορεῖ.
