3820 6212
162 250 251 316 461
1041 247 1142 307 AD
1180 244 1776 308 AMPH-ILOCHIUM
1817 244 2164 319 QUIESTIO
2206 245 2462 306 LXXIV.
3305 249 3413 318 462

162 360 289 413 πολὺ
337 355 510 428 μείζω
542 354 841 427 παρέχεται
881 355 1060 428 χάριν.
1108 356 1220 410 Καὶ
1254 356 1528 429 θειότερον
1580 358 1714 411 ἐκδι-

1829 356 1982 412 dubii
2014 355 2344 412 solutionem
2373 355 2676 425 expetenti,
2702 355 2865 428 longe
2893 352 3160 433 majorem
3183 362 3412 432 gratiam

159 453 332 506 δάσκει
354 448 553 519 δόγμα,
591 449 711 502 ἀντὶ
729 447 831 519 τῆς
868 448 1153 519 φιλολόγου
1182 449 1561 522 προαιρέσεως
1583 450 1714 521 πρὸς

1829 448 2091 514 exhibet,
2151 457 2208 503 et
2259 447 2641 503 sublimiorem
2702 451 3015 508 doctrinam
3062 452 3323 523 instillat,
3379 471 3410 510 ει

130 541 375 612 θεωρίαν
417 541 637 609 ἀνάγων
682 539 990 611 φιλόσοφον.
1045 542 1183 613 Φησὶ
1213 541 1344 612 γάρ’
1384 542 1714 597 «Πίστευσόν

1828 539 2118 596 curiosiori
2167 541 2405 611 quodam
2467 541 2810 611 problemate
2871 544 2939 599 ad
3001 546 3409 604 meditationem

162 628 262 707 μοι,
299 630 481 702 γύναι,
531 633 612 686 ὅτι
657 632 876 704 ἔρχεται
903 633 1045 705 ὥρα,
1086 635 1183 688 καὶ
1218 632 1313 687 νῦν
1341 636 1509 699 ἐστιν,
1560 636 1647 688 ὅτε
1676 639 1714 689 οἱ

1828 633 2263 703 philosophicam
2288 642 2343 688 et
2376 633 2756 690 sublimiorem
2785 635 3083 694 adducens.
3106 640 3197 695 Ait
3224 642 3368 696 enim
3391 661 3407 696 :

157 725 386 797 ἀληθινοὶ
418 724 794 795 προσκυνηταὶ
841 726 1277 797 προσκυνήσουσι
1323 727 1401 797 τῷ
1444 728 1623 799 Πατρὶ
1668 728 1714 780 ἐι

1834 741 1853 773 ‹
1883 722 2056 778 Crede
2087 724 2244 790 mihi,
2276 725 2499 791 mulier,
2531 724 2680 795 quod
2714 726 2849 782 hora
2871 728 3039 795 venit,
3071 741 3127 797 et
3152 730 3268 801 jam
3303 742 3410 801 est,

157 816 425 887 Πνεύματι
452 816 546 870 καὶ
567 816 850 888 ἀληθείᾳ.)
896 818 1042 871 Ἀντὶ
1068 817 1186 884 τοῦ,
1210 819 1306 887 Σὺ,
1332 820 1487 891 φησὶ,
1517 819 1722 892 ζητεῖς,

155 910 368 978 πότερον
398 911 432 980 ή
475 909 712 965 Ἰουδαία
737 909 866 975 δόξα
895 910 929 983 ἢ
957 911 1059 982 τῆς
1078 911 1473 983 Σαμαρείτιδος
1498 914 1724 987 γνώμης

153 1000 209 1054 τὸ
241 998 567 1071 τιμιώτερον
603 1003 696 1055 καὶ
727 1002 1002 1073 θειότερον
1024 1002 1386 1074 ἀποφέρεται·
1416 1004 1527 1073 ἐγὼ
1550 1004 1608 1057 δέ
1639 1023 1723 1061 σοι

155 1091 437 1161 μυστήριον
457 1090 958 1165 ἀποκεκρυμμένον
985 1094 1378 1160 ἀνακαλύπτω,
1414 1096 1497 1150 ὅτι
1537 1114 1556 1150 ι
1585 1097 1721 1168 Ἔρ-

152 1201 291 1255 χεται
319 1184 455 1256 ὥρα,
495 1185 592 1239 καὶ
621 1184 718 1239 νῦν
753 1187 920 1250 ἐστιν,
952 1185 1043 1239 ὅτε
1073 1185 1199 1241 οῦτε
1232 1186 1290 1238 ὲν
1326 1186 1406 1257 τῷ
1445 1187 1562 1259 δρει
1595 1189 1722 1243 τού-

149 1294 241 1341 τῳ,
261 1274 382 1330 οὔτε
426 1277 486 1330 ὲν
520 1275 917 1347 Ἰεροσολύμοις
942 1282 1352 1351 προσκυνήσετε
1380 1278 1460 1351 τῷ
1482 1279 1714 1352 Πατρί,›

159 1370 217 1423 Ἦ
245 1369 340 1438 μὲν
367 1370 476 1438 γὰρ
514 1370 656 1442 γυνὴ
702 1371 841 1440 πρὸς
882 1371 1202 1442 φιλοσοφίαν
1233 1373 1427 1428 θᾶττον
1458 1374 1721 1443 γυναικὸς

145 1464 247 1527 τοῖς
282 1444 375 1516 τοῦ
418 1463 673 1534 Σωτῆρος
708 1464 918 1535 ῥήμασι
969 1465 1325 1535 μετελθοῦσα,
1380 1468 1480 1521 οὐκ
1523 1468 1603 1522 ἔτι
1651 1466 1722 1524 τά

147 1553 335 1624 ἑαυτῆς
366 1554 501 1620 ἴσως
538 1550 953 1627 ’προτιμώμενα
991 1558 1160 1623 δεῖξαι
1201 1560 1311 1613 τῶν
1342 1559 1720 1631 Ἰσραηλιτῶν,

1826 829 1934 884 qua
1968 814 2079 870 veri
2124 815 2450 872 adoratores
2499 816 3075 881 adorabunt.Patrem
3119 821 3173 875 in
3207 820 3412 891 Spiritu

1824 914 1881 960 et
1917 906 2146 962 veritate
2162 908 2230 961 ⁸⁷.
2266 926 2285 959 ι
2321 906 2492 973 Quasi
2517 907 2772 963 diceret:
2805 909 2886 963 Tu
2930 909 3148 979 quidem
3187 913 3408 981 quaeris,

1826 1005 2013 1052 utrum
2069 995 2298 1053 Judaica
2357 1013 2429 1052 an
2484 997 2835 1054 Samaritana
2890 1000 3079 1069 opinio
3138 1000 3410 1070 potiorem

1825 1090 2008 1145 locum
2056 1089 2277 1151 habeat,
2325 1099 2381 1145 et
2421 1089 2661 1146 divinior
2682 1091 2978 1160 iudicanda
3009 1092 3116 1161 sit;
3151 1108 3255 1165 ego
3282 1108 3412 1150 vero

1826 1182 1923 1237 tibi
1958 1183 2281 1253 mysterium
2317 1182 2499 1238 adhuc
2546 1184 2933 1241 absconditum
2971 1186 3179 1254 aperio,
3227 1202 3247 1239 ι
3280 1201 3412 1241 ven-

1825 1282 2011 1327 turum
2046 1273 2256 1329 scilicet
2290 1282 2524 1344 tempus,
2565 1283 2621 1330 et
2650 1273 2764 1342 jam
2803 1290 2949 1338 esse,
2980 1292 3091 1346 quo
3137 1291 3319 1347 neque
3353 1278 3408 1332 in

1825 1373 2012 1419 monte
2058 1364 2182 1431 hoc,
2230 1380 2409 1435 neque
2462 1364 2861 1437 Hierosolymis
2896 1368 3113 1423 Patrem
3156 1369 3411 1424 adorabi-

1823 1456 1979 1513 tis".
2015 1476 2033 1509 ι
2077 1455 2216 1511 Tum
2263 1458 2463 1513 mulier
2512 1458 2581 1513 ad
2617 1460 3054 1530 philosophicam
3095 1462 3411 1518 meditatio-

1822 1561 1973 1612 nem,
2016 1557 2213 1617 praeter
2248 1547 2579 1605 feminarum
2618 1566 2849 1615 morem,
2901 1551 3203 1610 Salvatoris
3234 1556 3407 1610 nostri

146 1644 319 1714 ὥσπερ
368 1645 672 1715 καταρχὰς,
724 1646 1082 1713 ἐσπούδαζεν,
1134 1648 1250 1702 ἀλλ’
1282 1649 1566 1704 ἐνδιδοῦσα
1621 1649 1714 1704 καὶ

1825 1639 2009 1694 verbis
2058 1640 2361 1710 perducta,
2419 1655 2530 1695 non
2594 1644 2833 1713 amplius
2883 1660 2981 1700 sua
3038 1646 3237 1717 placita
3297 1648 3407 1704 illis

146 1710 487 1803 βελτιουμένη
638 1710 1325 1809 σωτηριώδεινδιδασκαλίᾳ
1358 1737 1556 1808 μαθεῖν
1586 1739 1714 1810 έζή-

1828 1729 2196 1787 lsraelitarum
2225 1731 2563 1802 przel‘erenda
2602 1750 2746 1801 esse,
2778 1744 2840 1790 ut
2873 1746 3053 1804 antea,
3098 1741 3403 1804 contendit,

143 1822 297 1876 τειτὸ
337 1822 584 1894 ἄμεινον.
610 1825 703 1879 Διὸ
744 1826 840 1880 καὶ
877 1845 895 1878 ι
930 1827 993 1880 Οί
1027 1829 1262 1900 πατέρες
1311 1830 1490 1901 ήμῶν,
1527 1834 1717 1902 φησὶν,

144 1910 551 1983 προσεκύνησαν
580 1914 638 1967 ἐν
669 1915 747 1986 τῷ
775 1916 892 1986 ὄρει
924 1917 1121 1986 τούτῳ.
1169 1937 1188 1971 ι
1226 1920 1395 1975 Τοῦτο
1421 1920 1529 1994 γὰρ
1554 1917 1624 1994 ἦν
1656 1923 1717 1977 τὸ

153 1998 378 2070 μάλιστα
424 2000 539 2057 τῶν
570 2004 929 2074 Σαμαρειτῶν
955 2006 1194 2075 ἀνυψοῦν
1231 2008 1325 2062 καὶ
1357 2010 1572 2081 ὲξαῖρον
1603 2010 1718 2081 (82)

148 2092 238 2158 τὴν
272 2086 561 2166 ὑπόληψιν.
596 2091 696 2150 Οἷα
728 2097 839 2167 (85)
871 2098 980 2168 γὰρ
1007 2100 1272 2169 παρόντος
1306 2104 1589 2174 προφήτου
1620 2103 1717 2157 καὶ

146 2184 503 2256 ἔμπνεομένου
556 2188 634 2260 τῷ
679 2189 960 2260 Πνεύματι
1010 2197 1119 2245 τῶν
1155 2193 1335 2257 ἄλλοις
1376 2193 1588 2265 ἀδήλων
1617 2195 1718 2267 τήν

142 2270 432 2340 διάγνωσιν,
463 2276 612 2346 παρ’
639 2276 867 2342 ἐκείνοις
897 2278 997 2349 τὴν
1027 2279 1404 2352 ἀληθεστέραν
1430 2281 1589 2350 δόξαν
1610 2283 1707 2338 καὶ

142 2362 478 2435 τελειοτέραν
506 2365 769 2439 ἐπεζήτει
801 2369 1017 2439 μαθεῖν.

206 2654 297 2709 Διά
314 2672 396 2708 τοι
423 2654 584 2710 τοῦτο
606 2656 701 2709 καὶ
728 2656 1008 2728 ἀρχομένη
1036 2658 1135 2729 τῆς
1155 2657 1464 2723 ὑποθέσεως
1492 2660 1679 2730 ἔλεγεν
1698 2678 1715 2693 ο

146 2763 165 2798 ι
189 2745 372 2817 Κύριε,
396 2747 613 2819 θεωρῶ,
671 2750 754 2803 ὅτι
812 2752 1101 2822 προφήτης
1130 2747 1182 2804 εἴ
1210 2751 1297 2807 σύ.
1333 2772 1350 2804 ι
1399 2754 1459 2807 '0
1506 2754 1562 2807 δὲ
1597 2754 1719 2823 φιλ-

142 2835 415 2906 άνθρωπος
451 2840 663 2910 Ἰησοῦς
722 2843 988 2914 πρότερον
1034 2844 1134 2914 μὲν
1169 2844 1229 2897 τὸ
1252 2844 1404 2911 τέλος
1448 2846 1719 2918 ἑκατέρας

142 2930 515 2999 προαγγέλλει,
549 2931 637 2985 ἵνα
681 2930 757 3002 μὴ
790 2934 1010 3008 λυπήσῃ
1056 2934 1259 3005 ταύτην
1282 2937 1341 3021 έν
1376 2935 1454 3007 τῷ
1488 2937 1718 3009 προκρί-

1820 1824 1914 1880 sed
1973 1823 2191 1879 Domini
2238 1824 2492 1880 doctrina
2541 1837 2798 1897 provecta
2849 1838 2903 1885 et
2963 1833 3272 1898 emendata,
3323 1834 3403 1896 id,

1819 1915 1965 1986 quod
2001 1916 2358 1985 prmstantius
2387 1926 2553 1981 esset,
2592 1917 2775 1973 doceri
2807 1920 3080 1989 cupiebat.
3112 1921 3407 1991 Propterea

1818 2004 1985 2060 etiam
2016 2004 2190 2075 inquit
2224 2023 2237 2059 :
2272 2022 2289 2053 ι
2322 2004 2512 2059 Patres
2546 2007 2720 2063 nostri
2759 2007 2815 2063 in
2850 2020 3034 2063 monte
3072 2011 3173 2065 hoc
3207 2011 3405 2065 adora-

1820 2103 1969 2149 runt.
2002 2113 2021 2145 ›
2057 2093 2173 2151 Hoc
2201 2097 2347 2151 enim
2375 2097 2556 2166 ipsum
2588 2106 2729 2165 erat,
2757 2100 2901 2168 quod
2930 2101 3403 2156 Samaritanorum

1819 2187 1887 2242 de
1936 2186 2103 2243 rebus
2153 2189 2272 2243 suis
2321 2188 2640 2258 opinionem
2684 2191 2983 2247 extollebat
3041 2192 3293 2262 inprimis
3351 2201 3407 2248 et

1819 2279 2209 2349 ampliﬁcabat.
2234 2280 2371 2336 Cum
2388 2282 2572 2352 itaque
2590 2292 2911 2352 praesentem
2931 2282 3153 2339 haberet
3174 2283 3407 2352 prophe-

1821 2383 1957 2436 tam,
1999 2372 2093 2441 qui
2126 2371 2366 2443 Spiritus
2392 2373 2563 2427 divini
2603 2375 2868 2443 auspiciis
2902 2390 2990 2430 res
3021 2375 3147 2431 aliis
3172 2374 3404 2446 ignotas

1820 2462 2066 2533 cognitas
2105 2464 2362 2530 habebat,
2412 2465 2483 2519 ab
2540 2464 2635 2518 illo
2677 2466 2947 2521 veriorem
3001 2475 3057 2521 et
3120 2466 3403 2522 meliorem

1818 2556 2145 2613 sententiam
2177 2557 2391 2613 discere
2421 2558 2695 2613 studebat.

1889 2648 2211 2720 Propterea,
2247 2660 2631 2721 argumentum
2662 2652 2768 2707 hoc
2794 2667 3101 2722 proponere
3124 2668 3403 2723 aggressa,

1819 2743 2039 2798 aiebat:
2090 2762 2108 2796 ι
2139 2741 2335 2807 Video,
2391 2743 2637 2809 Domine,
2670 2744 2816 2812 quod
2862 2744 2939 2798 sis
2989 2745 3255 2814 propheta
3278 2745 3345 2799 ".
3380 2764 3400 2797 ι

1817 2833 1996 2903 Atque
2041 2833 2116 2888 ibi
2162 2834 2383 2904 quidem
2432 2834 2863 2890 humanissimus
2910 2833 3072 2889 Jesus
3122 2837 3408 2905 utriusque

1819 2928 1999 2983 cultus
2047 2929 2210 2982 linem
2255 2936 2383 2981 ante
2436 2929 2691 2990 nuntiat,
2739 2943 2828 2993 ne,
2867 2926 3155 2982 Judaicum
3196 2927 3404 2983 cultum

142 3036 244 3073 νιιν
268 3022 363 3092 τήν
401 3024 704 3097 Ἰουδαῖκὴν
740 3025 1021 3096 λατρείαν.
1052 3027 1117 3080 Τί
1140 3026 1253 3098 γὰρ
1286 3018 1361 3082 ’ἂν
1395 3028 1491 3081 καλ⁵
1513 3029 1711 3102 ἀνιάσῃ

1824 3019 2156 3092 praeferens,
2217 3018 2365 3073 illam
2419 3018 2675 3074 redderet
2736 3018 3053 3073 tristiorem.
3115 3018 3405 3084 Quomodo

143 3109 237 3181 τῆς
278 3112 411 3177 ιδίας
426 3113 593 3187 δόξης
623 3118 1053 3189 προκρινόμενον
1107 3119 1293 3184 σέϐας,
1330 3120 1358 3173 ὃ
1390 3120 1507 3187 μετ’
1538 3121 1714 3191 ὀλίγον

1824 3112 1964 3169 enim
1994 3112 2086 3168 illa
2115 3111 2554 3177 contristaretur,
2585 3111 2633 3166 si
2674 3111 2923 3165 eumdem
2964 3111 3199 3174 cultum,
3240 3125 3403 3181 quem

142 3201 349 3273 ἔμελλεν
366 3209 444 3270 είς
467 3207 533 3261 τὸ
554 3208 685 3261 αὐτὸ
702 3210 1013 3282 συγκαταλή
1023 3227 1139 3279 γειν
1155 3211 1337 3278 τέλος;
1363 3212 1596 3267 Ἔπειτα
1619 3214 1716 3285 τὴν

142 3293 390 3367 διαφορὰν
424 3297 611 3352 αὐτῶν
659 3301 992 3368 ἀπαγγέλλει
1020 3317 1036 3330 °
1071 3321 1090 3355 ι
1140 3302 1330 3373 Ὑμεῖς
1373 3304 1503 3375 γάρ,
1558 3306 1713 3377 φησὶ,

141 3391 509 3457 προσκυνεῖτε,
538 3389 566 3441 ὃ
597 3391 697 3444 οὐκ
746 3392 947 3456 οἴδατε,
990 3394 1148 3462 ἡμεῖς
1179 3393 1236 3447 δὲ
1272 3396 1711 3466 προσκυνοῦμεν,

139 3476 165 3528 ὃ
203 3478 437 3549 οἴδαμεν.
478 3501 498 3535 ι
529 3483 655 3547 Πῶς
697 3483 753 3536 δὲ
793 3486 893 3538 οὐκ
930 3485 1158 3556 ᾔδεισαν
1205 3487 1254 3539 οί
1290 3488 1650 3559 Σαμαρεῖται,
1685 3489 1714 3541 ὃ

138 3572 536 3643 προσεκύνουν;
566 3576 689 3629 Ὀτι
726 3576 887 3630 τοῦτο
932 3578 1028 3648 μὲν
1060 3578 1169 3631 τῶν
1209 3580 1563 3634 ἐνοικούντων
1605 3583 1707 3635 οὐκ

138 3663 322 3734 ὀλίγων
368 3669 431 3722 ὲκ
482 3669 580 3739 τῆς
609 3670 989 3740 αἰχμαλωσίας
1040 3666 1181 3742 ἦσαν
1210 3671 1318 3724 τῶν
1349 3671 1711 3727 Βαϐυλωνίων

1819 3222 1922 3261 suo
1955 3206 2033 3260 illi
2063 3204 2312 3276 praaferri
2340 3204 2579 3271 videbat,
2626 3204 2791 3273 paulo
2822 3213 2948 3274 post
2990 3203 3242 3259 similiter
3269 3205 3406 3282 abo-

1817 3299 2043 3353 lendum
2095 3312 2217 3351 esse
2263 3296 2635 3365 intelligeret?
2690 3295 2885 3351 Postea
2934 3311 3067 3350 vero
3116 3296 3407 3367 utriusque

1820 3392 2008 3447 cultus
2062 3390 2427 3447 dili‘erentiam
2485 3390 2731 3460 exponit.
2785 3387 2940 3446 «Vos
2990 3389 3160 3456 enim,
3205 3390 3404 3461 inquit,

1818 3483 2087 3548 adoratis,
2119 3482 2265 3553 quod
2300 3481 2552 3548 nescitis,
2593 3496 2696 3537 nos
2736 3496 2866 3537 vero
2904 3482 3223 3549 adoramus,
3257 3485 3403 3554 quod

1816 3575 2110 3631 scimus".
2146 3593 2164 3626 ι
2205 3572 2495 3639 Quomodo
2519 3586 2651 3627 vero
2696 3574 3012 3629 nesciebant
3046 3573 3401 3640 Samaritani,

1814 3667 1946 3740 quid
1991 3666 2321 3721 adorarent?
2359 3663 2507 3728 ideo,
2553 3662 2702 3734 quod
2747 3664 2984 3734 primum
3018 3666 3239 3735 quidem
3290 3682 3401 3720 non

136 3756 543 3830 ἀνακληθέντες,
592 3762 685 3815 καὶ
738 3764 851 3826 τοῖς
898 3762 1111 3816 ἐκεῖθεν
1161 3762 1309 3816 ἔθεσι
1354 3762 1709 3831 διαϐιοῦντες,

1824 3757 1976 3828 pauci
2010 3756 2314 3811 incolarum
2346 3770 2414 3810 ex
2454 3754 2773 3824 captivitate
2802 3753 3132 3828 Babylonica
3160 3757 3402 3813 revocati

137 3850 224 3902 ml.
283 3851 381 3923 τὴν
460 3854 862 3926 Ἰσραηλιτικὴν
918 3853 1231 3909 θεοσέϐειαν
1294 3855 1707 3927 διεφθαρμένοι.

137 3939 296 3995 Τοῦτο
334 3943 390 3997 δὲ
422 3944 490 3997 τὺ
523 3946 727 4016 πλῆθος
779 3946 962 4000 αὐτῶν
992 3946 1344 4011 Βαϐυλωνίας
1372 3948 1467 4001 καὶ
1502 3948 1707 4019 Μήδων

134 4035 313 4099 γενεᾶς
340 4037 434 4088 καὶ
461 4035 720 4107 λατρείας
761 4035 936 4102 ὄντες,
962 4037 1045 4100 εἰς
1075 4036 1175 4108 τὴν
1207 4037 1526 4108 Σαμάρειαν
1583 4055 1709 4108 μετ-

134 4125 461 4198 ῳκίσθησαν,
482 4128 679 4181 καὶτὸν
704 4129 855 4199 παρά
882 4129 1154 4192 Ἰουδαίοις
1171 4128 1303 4183 Θεὸν
1324 4130 1513 4202 ῶσπερ
1542 4131 1708 4185 πάλαι

132 4218 252 4281 τοὺς
298 4220 593 4290 πατρῴους
642 4219 939 4293 ἐπιχώριον
977 4221 1135 4289 Θεὸν,
1162 4222 1256 4275 καλ⁵
1287 4222 1449 4294 μόνου
1480 4223 1589 4293 (84)
1613 4222 1708 4277 τοῦ

1813 3857 1996 3913 erant,
2050 3848 2148 3918 qui
2198 3847 2449 3902 instituta
2498 3846 2830 3919 Babylonica
2882 3849 3297 3918 adoptaverant,
3348 3860 3404 3904 et

1814 3940 2177 3996 lsraeliticum
2237 3938 2337 3994 Dei
2404 3940 2615 3994 cultum
2674 3940 3146 4009 depravaverant;
3206 3943 3403 3997 deinde

1816 4046 1945 4086 vero
1968 4031 2115 4100 quod
2154 4030 2405 4099 plerique
2437 4044 2651 4097 eorum,
2695 4028 2981 4101 Babylonii
3007 4043 3062 4086 et
3094 4030 3256 4093 Medi.
3287 4040 3402 4085 tum

1814 4123 2049 4194 origine,
2074 4134 2188 4177 tum
2223 4121 2502 4191 religione,
2524 4121 2872 4188 exsistentes,
2914 4131 2969 4177 et
2996 4123 3052 4177 in
3093 4122 3399 4177 Samariam

1814 4216 2264 4285 commigrantes,
2306 4212 2476 4267 Deum
2502 4209 2839 4279 Judzeorum,
2883 4227 2994 4267 non
3020 4214 3202 4269 minus
3236 4228 3400 4284 quam

133 4308 306 4373 ἔθνους
318 4311 415 4384 τὴν
435 4313 763 4367 ἐπιστασίαν
784 4314 949 4383 ἔχειν,
977 4314 1073 4367 καὶ
1098 4314 1417 4369 δεσποτείαν
1437 4314 1704 4385 ἐνόμιζον.

1824 4312 1945 4366 olim
1964 4306 2173 4381 patrios
2189 4322 2342 4371 suos,
2358 4307 2636 4377 proprium
2658 4306 2763 4361 illis
2780 4321 2921 4373 esse,
2937 4307 3223 4378 gentisque
3235 4307 3401 4377 hujus

132 4400 309 4473 Ταύτῃ
354 4419 443 4455 τοι
486 4403 578 4455 καὶ
616 4403 715 4475 τὴν
752 4403 1009 4476 λατρείαν
1042 4406 1236 4475 ἐκείνῳ
1283 4407 1711 4478 προσφέροντες,

133 4492 247 4545 οὐδὲ
270 4495 392 4557 τοὺς
409 4494 675 4566 δαίμονας
706 4495 1033 4566 θεραπεύειν
1059 4498 1376 4566 ἀφίσταντο.
1409 4500 1483 4553 Τὸ
1499 4500 1555 4552 δὲ
1583 4501 1716 4552 Ἰου-

134 4582 287 4637 δαίων
336 4586 511 4651 εθνος,
549 4588 598 4641 εί
640 4589 734 4642 καὶ
776 4588 851 4661 μὴ
883 4589 1128 4660 σύμπαν,
1161 4590 1278 4644 ἀλλ’
1305 4592 1421 4659 οἵγε
1450 4590 1559 4645 τῶν
1584 4594 1715 4646 Μω-

140 4675 330 4729 σαῖκῶν
355 4678 541 4747 νόμων
573 4678 672 4751 τὴν
703 4681 927 4752 μνήμην
959 4682 1080 4735 ἀντὶ
1112 4682 1211 4753 τῆς
1233 4682 1404 4753 λήθης
1435 4686 1712 4756 προτιμή-

140 4781 341 4835 σαντες,
366 4769 575 4840 ταύτης
613 4771 898 4835 παντελῶς
914 4771 1326 4845 ἀπηλλαγμένοι
1353 4772 1455 4843 τῆς
1482 4776 1711 4843 ἐναγοῦς

136 4852 268 4928 ἦσαν
310 4861 654 4935 ὑπολήψεως.
686 4865 782 4917 καὶ
828 4863 1019 4935 ὥσπερ
1054 4865 1385 4936 δημιουργὸν
1415 4868 1715 4936 συμπάσης

136 4948 358 5012 κτίσεως
382 4951 529 5006 οῦτω
553 4952 649 5005 καὶ
673 4951 867 5024 ἔφορον
895 4953 992 5007 καὶ
1021 4954 1324 5024 προνοητήν
1347 4955 1436 5008 τὸν
1455 4954 1715 5025 λατρευό-

140 5052 295 5105 μενον
349 5040 483 5095 Θεὸν
526 5042 921 5111 ἐπεγίνωσκον.
990 5044 1091 5096 Διά
1141 5041 1301 5096 τοῦτο
1360 5044 1458 5114 μέν
1513 5059 1709 5113 φησιν’

141 5143 159 5178 t
202 5127 387 5199 Ἡμεῖς
410 5134 848 5205 προσκυνοῦμεν,
878 5134 907 5187 ὃ
929 5135 1154 5204 οἴδαμεν
1174 5153 1188 5167 ·
1256 5137 1442 5206 ὑμεῖςε
1466 5153 1710 5207 προσκυρ-

135 5222 286 5287 νεῖτε,
311 5222 339 5276 ὃ
358 5225 460 5278 οὐκ
493 5226 693 5281 οἴδατε.
724 5246 744 5278 ι
771 5227 1244 5298 Προσκυνοῦμεν
1274 5228 1357 5293 δὲ,
1392 5229 1547 5299 φησι,
1586 5244 1715 5296 συγ-

138 5313 444 5385 καταλέγων
461 5318 655 5373 έαυτὸν
678 5321 795 5383 τοῖς
829 5320 1125 5385 Ἰουδαίοις·
1155 5319 1215 5374 οῦ
1224 5339 1307 5375 πω
1320 5321 1428 5393 γὰρ
1446 5322 1713 5390 έναστρά·

1811 4401 1977 4457 unius
1990 4413 2181 4455 curam
2199 4411 2382 4468 agere,
2399 4397 2587 4466 illique
2602 4397 2873 4466 imperare
2885 4397 3220 4462 statuebant,
3237 4406 3402 4467 atque

1812 4496 1918 4549 hoc
1953 4491 2176 4547 nomine
2197 4499 2251 4544 et
2279 4489 2357 4543 illi
2388 4488 2596 4543 cultum
2626 4488 2981 4558 praestabant,
3015 4498 3069 4543 et
3094 4503 3125 4542 a
3153 4488 3399 4544 colendis

1811 4581 2154 4638 daemonibus
2193 4580 2311 4635 suis
2360 4594 2469 4633 non
2508 4579 2877 4634 abstinebant.
2930 4577 3016 4633 Ab
3066 4578 3237 4633 altera
3269 4595 3399 4635 vero

1811 4683 1966 4744 parte
2010 4687 2142 4743 gens
2173 4669 2508 4737 Judaaorunt,
2560 4670 2606 4727 si
2659 4686 2768 4727 non
2804 4671 3008 4737 omnis,
3047 4673 3240 4727 saltem
3292 4672 3398 4738 illi,

1814 4766 1908 4837 qui
1946 4766 2125 4834 legum
2157 4762 2522 4819 Mosaicarum
2562 4764 2879 4818 memoriam
2918 4763 3179 4820 oblivioni
3205 4765 3402 4835 praete.

1814 4858 2029 4922 rebant,
2085 4871 2113 4909 a
2158 4854 2476 4911 detestanda
2514 4854 2617 4909 hac
2666 4856 2927 4926 opinione
2963 4858 3185 4927 penitus
3240 4870 3397 4913 erant

1815 4948 2112 5015 immunes,
2164 4946 2463 5018 Desunque,
2510 4962 2674 5019 quem
2717 4948 2990 5014 colebant,
3038 4958 3096 5005 ut
3147 4952 3395 5005 omnium

1822 5055 2008 5095 rerem
2051 5036 2420 5103 conditorem,
2450 5039 2522 5093 ita
2556 5039 2717 5093 etiam
2765 5039 3131 5110 inspectorem
3163 5050 3218 5097 et
3246 5057 3401 5098 cura-

1815 5140 1995 5186 torem
2040 5145 2186 5194 esse,
2233 5130 2629 5200 agnoscebant.
2672 5129 2797 5186 Ideo
2840 5132 2957 5186 ait:
2990 5151 3009 5184 t
3042 5129 3155 5187 Nos
3201 5133 3398 5189 adora-

1818 5242 1960 5292 mus,
1983 5227 2131 5297 quod
2147 5226 2433 5292 novimus;
2456 5240 2553 5281 vos
2570 5224 2833 5293 adoratis,
2859 5225 3005 5295 quod
3028 5240 3133 5281 non
3152 5226 3346 5281 nostis.
3373 5244 3392 5277 ι

1816 5320 2151 5386 Adoramus,
2204 5319 2413 5389 inquit,
2460 5317 2662 5376 Judaeis
2720 5334 2779 5377 se
2826 5335 3124 5376 accensens
3165 5337 3181 5375 :
3218 5332 3397 5388 neque

202 5428 245 5460 ⁸⁷
265 5430 425 5489 Joan.
462 5450 536 5501 tv,
572 5435 662 5490 25.
754 5438 801 5469 ⁸⁸
826 5438 957 5494 ibid.
991 5439 1083 5495 9|.
1159 5442 1203 5473 θ’
1240 5440 1369 5497 ibid.
1412 5441 1496 5497 i9.
1563 5438 1763 5496 "ibid.
1798 5437 1889 5493 22.

1653 5558 1893 5616 NOTAE.

344 5641 508 5720 (29H).
529 5660 627 5720 pro
658 5646 932 5720 ἐξαιροῦν.

206 5707 315 5780 (85)
353 5708 471 5786 Οἷα,
496 5707 665 5786 idem,
694 5707 797 5789 pro'
833 5714 938 5784 οἷς.

1884 5655 1997 5724 (84)
2029 5652 2187 5710 Colb.
2216 5653 2399 5726 μόνον.
