3864 6208
384 257 486 320 463

1539 266 1808 328 ΡΗΟΤΙΙ
1849 265 2361 328 PATRIARCIl/E
2384 265 2492 328 (ΣΡ.

3535 265 3629 330 ιιι

382 372 528 428 enim
569 379 698 428 tunc
731 385 922 428 omnes
951 369 1172 431 deitatis,
1211 386 1324 429 suae
1353 373 1534 435 radios
1565 375 1621 430 in
1654 375 1779 432 illos
1813 391 1966 446 spar-

2080 392 2225 428 πτειν
2249 374 2429 440 πάσας
2453 373 2604 444 ἠφίει
2624 373 2723 447 τῆς
2746 371 2803 425 ἐν
2833 371 2980 443 αὐτῷ
3003 372 3252 442 θεότητος
3276 373 3371 438 τὰς
3399 375 3628 442 ἀκτῖνας.

383 469 558 537 gebat.
614 465 902 536 Propterea
955 476 1011 522 et
1055 482 1251 537 aquam
1293 469 1589 538 poscebat,
1647 479 1702 525 et
1753 469 1968 525 itineris

386 561 666 616 molestias
720 560 971 630 subibat,
1031 559 1592 631 delatigationemque
1639 576 1706 616 cx
1772 561 1969 617 itinere

387 665 570 709 natam
594 655 782 718 humo,
813 663 1072 722 tanquam
1108 655 1308 709 throno
1343 664 1540 724 sponte
1577 665 1721 721 nato,
1753 654 1968 714 solaba-

388 759 496 804 tur.
537 745 762 818 Accedit
810 745 998 808 etiam,
1031 745 1178 814 quod
1232 745 1516 800 mulierem
1565 743 1965 812 alloquebatur,

385 853 507 909 qure
551 835 928 904 sublimiorem
967 836 1036 906 de
1071 837 1188 905 ipso
1232 835 1542 906 opinionem
1585 836 1968 906 adoptaverat,

383 947 509 988 eum
550 946 614 986 ex
663 931 1050 1001 prophetarum
1083 945 1314 985 numero
1348 945 1491 994 esse,
1538 938 1593 984 et
1623 929 1964 992 Judazorum,

388 1025 606 1094 Deoque
644 1039 754 1094 pm
796 1023 1008 1079 caloris
1042 1023 1269 1078 charum
1306 1031 1361 1076 et
1405 1023 1742 1078 sanctiorem
1777 1021 1968 1078 existi-

385 1131 560 1169 mans.
596 1113 888 1184 Propterea
918 1114 996 1168 ait
1021 1129 1038 1166 :
1063 1113 1373 1167 adoramus.

456 1203 549 1260 Sic
598 1205 785 1273 itaque
833 1204 1007 1272 prima
1049 1202 1358 1260 diﬂ'erentia
1409 1211 1528 1261 erat
1570 1205 1841 1273 exposita,
1874 1219 1968 1273 per

383 1313 547 1367 quam
589 1297 770 1352 cultus
808 1294 1073 1350 Judaieus
1103 1294 1196 1348 illo
1228 1294 1700 1352 Samaritanorum
1740 1307 1968 1366 praesta-

385 1390 497 1442 bal.
546 1385 679 1452 Quin
731 1400 866 1440 vero
919 1397 1004 1439 est
1065 1385 1278 1439 altera?
1342 1403 1360 1438 ι
1397 1383 1580 1448 Salus,
1642 1387 1842 1456 inquit,
1899 1403 1967 1443 ex

381 1479 584 1534 ludatis
623 1487 772 1533 nata.
812 1496 831 1529 ι
877 1476 1166 1542 Quomodo
1196 1493 1325 1532 vero
1349 1478 1498 1532 salus
1523 1488 1607 1532 est
1635 1493 1701 1533 ex
1725 1477 1970 1534 Judaeis?

384 1569 520 1622 Num
544 1567 776 1623 fortasse
802 1567 946 1630 ideo.
972 1568 1120 1637 quod
1143 1583 1266 1622 cum
1294 1583 1465 1638 genus
1490 1567 1776 1624 hominum
1804 1584 1968 1631 omne

382 1661 646 1731 profanus
671 1661 855 1729 cultus
879 1660 1181 1732 obnoxium
1212 1661 1316 1716 sibi
1350 1661 1596 1727 traheret,
1628 1661 1745 1716 veri
1775 1659 1966 1716 Numi-

2068 467 2160 518 Διὸ
2181 469 2276 520 καὶ
2310 465 2454 538 ὕδωρ
2481 464 2922 530 πιεῖνὲπεζήτει,
2957 463 3053 519 καὶ
3083 465 3250 520 κόπον
3285 465 3511 536 βαδίζων
3549 470 3635 539 ὕφ-

2071 558 2287 625 ίστατο,
2341 558 2547 620 καὶτὸν
2575 556 2742 614 κόπον
2801 557 2902 627 τῆς
2955 556 3266 628 ὁδοιπορίας
3323 559 3635 631 αὐτοσχεδίῳ

2069 649 2244 721 θρόνῳ
2272 645 2350 722 τῷ
2400 649 2589 718 ἐδάφει
2617 646 2877 713 διελύετο.
2924 648 3137 712 Ἄλλως
3174 666 3234 714 τε
3266 650 3360 704 καὶ
3390 651 3525 722 πρὸς
3551 670 3635 720 γυ-

2069 744 2228 807 ναῖκα
2284 740 2580 810 διελέγετο,
2609 740 2915 820 σεϐασμίαν
2949 741 3049 812 μὲν
3082 741 3353 802 λαϐοῦσαν
3385 744 3637 816 ὑπόληψιν

2068 834 2198 903 περὶ
2229 833 2416 899 αὑτοῦ,
2451 833 2528 897 ώς
2568 832 2665 886 ἕνα
2699 832 2885 910 μέντοι
2912 851 2976 902 γε
3023 833 3133 888 τῶν
3169 837 3466 906 προφητῶν
3506 838 3638 907 ὅμως

2067 926 2230 981 αὑτὸν
2291 926 2604 997 ἡγουμένην
2639 926 2735 982 καὶ
2767 927 2842 990 ὼς
2877 927 3152 996 Ἰουδαῖον,
3186 928 3282 983 καὶ
3313 929 3640 997 θεοφιλέστε-

2072 1019 2161 1089 ρόν
2188 1035 2249 1070 τε
2275 1017 2384 1070 τῶν
2409 1018 2585 1072 ἄλλων
2613 1018 2710 1072 καί⁸
2741 1019 3252 1092 ἀγιοπρεπέστερον
3284 1023 3639 1094 διακείμενον.

2068 1108 2166 1164 Διὰ
2194 1108 2354 1178 τοῦτο
2375 1109 2466 1163 οὖν
2495 1109 2576 1178 τὺ,
2612 1113 3100 1181 προσκυνοῦμεν,
3129 1115 3366 1186 είρηται.

2088 1242 2090 1245 .
2153 1201 2292 1262 Ἀλλ’
2349 1203 2562 1273 εἴρηται
2621 1204 2718 1276 μὲν
2769 1206 2806 1276 ή.
2861 1205 2960 1275 μία
3011 1205 3283 1276 διαφορὰ,
3342 1205 3558 1277 καθ’ἥν
3588 1209 3640 1262 τὸ

2080 1293 2330 1360 Ἰουδαῖον
2354 1292 2517 1355 σέϐας
2547 1293 2646 1364 τῆς
2658 1293 2766 1347 τῶν
2789 1295 3142 1366 Σαμαρειτῶν
3162 1295 3464 1367 θρησκείας
3489 1299 3641 1371 ὑπερ-

2068 1389 2232 1458 εῖχεν.
2290 1386 2358 1440 Ἦ
2399 1387 2456 1440 δέ
2495 1387 2661 1454 ἑτέρα
2715 1387 2836 1453 τίς;
2888 1406 2908 1440 ι
2954 1388 3018 1442 Ἠ
3055 1390 3318 1461 σωτηρία,
3367 1392 3552 1459 φησιν,
3585 1394 3643 1446 ἐκ

2067 1478 2174 1531 τῶν
2215 1477 2504 1534 Ἰουδαίων.
2531 1498 2550 1531 ι
2576 1478 2699 1542 Πῶς
2715 1479 2770 1532 δέ
2799 1481 2946 1534 ἐστιν
2963 1480 2996 1550 ἡ
3015 1480 3258 1552 σωτηρία
3287 1482 3350 1534 ἐκ
3379 1481 3490 1534 τῶν
3525 1481 3644 1535 Ἰου-

2066 1569 2263 1635 δαίων,
2294 1570 2326 1640 ἢ
2352 1570 2486 1624 διότι
2551 1570 2831 1641 πανταχοῦ
2879 1572 2978 1641 τῆς
3019 1571 3128 1625 τῶν
3155 1572 3394 1636 είδώλων
3441 1574 3642 1645 πλάνης

2066 1661 2127 1715 τὸ
2155 1661 2308 1730 γένος
2356 1663 2778 1734 ἐπινεμομένης,
2817 1649 3027 1718 ἐκεῖθεν
3070 1663 3279 1736 ηῦγασε
3308 1668 3426 1730 τοῖς
3477 1666 3646 1730 ἄλλοις

385 1759 470 1811 nis
519 1755 760 1825 cognitio
800 1755 928 1809 inde
975 1755 1040 1808 ad
1094 1754 1233 1810 alios
1287 1754 1540 1810 homines
1593 1754 1800 1824 perlata
1843 1764 1963 1823 est;

2080 1754 2375 1828 ὶνθρώποις
2405 1757 2441 1826 ή
2463 1757 2788 1826 θεογνωσία,
2815 1758 2908 1810 καὶ
2938 1757 3073 1812 διότι
3098 1758 3233 1813 αὐτὸ
3249 1758 3310 1812 τὸ
3324 1758 3463 1823 ὅλως
3488 1777 3648 1830 προσ-

381 1847 638 1918 quodque
674 1846 876 1902 Judzcis
912 1846 1234 1910 debebatur,
1283 1846 1430 1916 quod
1468 1847 1756 1904 Samaritae
1792 1846 1965 1904 Deum

382 1940 753 2010 qualicunque
794 1937 957 1992 modo
993 1937 1284 1992 colebant?
1333 1941 1403 1992 At
1455 1937 1734 1994 enimvero
1791 1939 1966 2009 satius

385 2033 571 2096 tuerit,
601 2030 859 2096 salutem,
891 2043 954 2084 ex
985 2028 1188 2088 iudicis
1228 2039 1428 2092 ortam,
1457 2031 1524 2086 de
1558 2030 1734 2100 ipsius
1761 2030 1964 2088 Christi

383 2124 644 2185 adventu,
683 2122 933 2190 factaque
980 2136 1075 2190 per
1117 2137 1241 2175 eum
1275 2124 1452 2192 gentis
1488 2123 1743 2179 humanae
1778 2140 1807 2178 a
1850 2125 1966 2194 pri-

383 2215 531 2269 stino
562 2215 718 2283 lapsu
763 2214 1105 2279 liberatione,
1141 2223 1195 2268 et
1244 2215 1668 2280 instauratione,
1710 2217 1965 2272 inimico-

384 2321 505 2360 rum
531 2305 746 2361 insidiis
765 2316 817 2362 et
842 2306 1050 2361 artibus
1071 2323 1347 2377 nunquam
1375 2308 1574 2362 iterum
1609 2311 1962 2380 subripienda

383 2409 438 2453 et
484 2391 821 2466 temeranda,
873 2397 1241 2467 interpretari.
1304 2399 1460 2466 Quod
1527 2417 1654 2456 vero
1707 2403 1958 2462 dicitur:

391 2510 409 2540 ε
447 2488 609 2546 Venit
646 2491 802 2557 hora,
833 2499 887 2544 et
907 2490 1028 2559 jiam.
1055 2499 1172 2555 est;
1205 2509 1222 2540 ι
1255 2489 1308 2544 id
1341 2491 1559 2560 quidem
1590 2493 1814 2559 indicat,
1848 2511 1961 2551 rem

387 2583 562 2654 ipsam
623 2583 852 2637 omnino
890 2591 944 2637 et
985 2582 1132 2638 brevi
1166 2584 1385 2652 quidem
1445 2599 1566 2640 esse
1617 2597 1959 2642 eventuram.

386 2674 789 2745 PrOphetarum
835 2675 1052 2742 quidem
1085 2677 1329 2744 oracula,
1376 2677 1574 2746 inquit,
1605 2679 1791 2747 aliquo
1824 2690 1961 2734 tem-

388 2781 515 2836 pore
541 2777 665 2836 post
693 2773 946 2820 eventum
993 2767 1388 2832 sortiebantur,
1430 2771 1482 2823 id
1527 2786 1676 2832 vero,
1713 2773 1858 2840 quod
1894 2771 1964 2828 de

388 2871 474 2911 me
495 2855 705 2911 dictum
733 2865 838 2920 est,
865 2855 980 2926 jam
1025 2856 1080 2911 in
1115 2868 1372 2930 promptu
1405 2869 1511 2925 est,
1561 2873 1616 2916 et
1644 2879 1810 2932 opere
1840 2865 1962 2934 ipso

386 2950 759 3006 testimonium
789 2951 1010 3020 praebet.

662 3061 990 3129 QU‘IESTIO
1029 3064 1217 3120 LXXV
1255 3065 1356 3139 [aL
1395 3065 1650 3138 LXXIV].

388 3157 665 3222 Quomodo
736 3158 950 3210 dicatur
1033 3176 1143 3213 esse
1221 3159 1364 3214 Deus
1399 3161 1455 3212 in
1531 3162 1672 3213 omni
1730 3177 1783 3214 re
1827 3202 1840 3222 ,
1919 3174 1969 3215 et

453 3228 712 3304 quomodo
737 3229 957 3282 dissolui
983 3232 1183 3304 possint
1207 3231 1604 3304 dubitationes,
1635 3248 1751 3298 qua:
1781 3251 1814 3286 α
1846 3235 1964 3304 qui-

409 3314 421 3322 ·
457 3297 681 3350 busdam
710 3310 896 3352 contra
924 3306 1018 3353 hoc
1057 3301 1404 3368 objiciuntur.

2069 1851 2252 1903 κυνεῖν
2285 1849 2411 1913 τοὺς
2443 1847 2790 1920 Σαμαρείτας
2814 1849 2903 1902 τὸν
2930 1849 3070 1903 Θεὸν.
3105 1849 3214 1904 ἀπὸ
3241 1849 3358 1904 τῶν,
3388 1850 3649 1905 Ἰουδαίων

2067 1939 2241 2011 ἀρχὴν
2288 1938 2470 2009 ἐσχεν;
2501 1938 2720 1992 Μᾶλλον
2771 1939 2830 1993 δὲ
2883 1939 3160 2009 σωτηρίαν
3213 1939 3322 1994 ἀπὸ
3381 1941 3492 1992 τῶν
3527 1940 3648 1993 ἰου-

2066 2033 2230 2088 δαίων
2261 2031 2629 2103 προελθοῦσαν
2665 2032 2815 2086 ἐστιν
2841 2034 3046 2086 ἐννοεῖν
3088 2032 3188 2104 τὴν
3214 2031 3382 2086 αὐτοῦ
3405 2031 3500 2086 τοῦ
3519 2033 3647 2102 Χρι-

2069 2125 2195 2179 στοῦ
2218 2127 2545 2196 παρουσίαν,
2575 2127 2669 2180 καὶ
2712 2125 2812 2198 τὴν
2843 2125 2910 2180 δι’
2951 2124 3119 2180 αὑτοῦ
3153 2125 3536 2196 γεγενημένην
3559 2125 3649 2178 τοῦ

2067 2219 2257 2289 γένους
2282 2219 2581 2289 ἀνάκλησίν
2605 2235 2666 2272 τε
2694 2217 2794 2283 τοῦ¹
2829 2216 3063 2271 παλαιοῦ
3096 2216 3416 2288 πτώματος,
3441 2217 3536 2271 καὶ
3559 2216 3652 2287 τὴν

2069 2314 2268 2384 μηκέτι
2309 2311 2684 2383 κλεπτομένην
2724 2311 2823 2365 καὶ
2866 2309 3393 2382 παραφθειρομένην
3445 2309 3651 2379 ἐχθρῶν

2065 2407 2379 2470 ἐπιϐουλαῖς
2424 2407 2517 2462 καί
2561 2406 2882 2474 βασκανίαις
2933 2404 3406 2458 ἀποκατάστασιν.
3461 2403 3535 2456 Τὸ
3567 2402 3644 2456 δέ·

2071 2519 2090 2553 ι
2137 2501 2395 2572 Ἔρχεται
2426 2497 2566 2570 ὥρα,
2598 2499 2694 2551 καὶ
2728 2495 2822 2549 νῦν
2855 2498 3026 2562 ἐστιν,
3064 2515 3083 2548 ι
3112 2495 3174 2548 τὸ
3203 2495 3420 2556 πάντως
3449 2492 3542 2547 καὶ⁸
3565 2492 3652 2545 διὰ

2064 2593 2272 2663 ταχέων
2308 2591 2572 2661 ἑπόμενον
2613 2589 2826 2661 μηνύει.
2847 2589 2922 2643 Οὔ
2951 2588 3080 2658 γὰρ,
3117 2587 3310 2656 ὥσπερ
3342 2588 3394 2638 οί
3425 2601 3645 2658 προφη-

2063 2687 2206 2738 τικοὶ
2230 2684 2468 2755 χρησμοὶ
2495 2681 2672 2753 χρόνῳ
2705 2682 2928 2752 ὕστερον
2971 2678 3162 2733 ἔλαϐον
3215 2678 3276 2731 τὸ
3311 2677 3509 2747 πέρας,
3535 2673 3651 2728 ἀλλ’

2063 2779 2092 2831 ὁ
2122 2777 2251 2848 περὶ
2283 2774 2416 2846 ἐμοῦ
2443 2774 2631 2845 ῥηθεὶς
2660 2773 2815 2842 λόγος
2847 2773 2947 2844 ἤδη
2980 2773 3267 2842 πάρεστιν,
3293 2771 3396 2840 ἤδη
3423 2769 3645 2837 ἐνέστη-

2065 2885 2160 2921 κεν
2179 2868 2278 2938 τὴν
2305 2867 2419 2920 ἀπὸ.
2442 2866 2547 2918 τῶν
2579 2866 2757 2936 ἔργων
2793 2865 3135 2934 ἐπαγόμενος
3164 2860 3505 2933 μαρτυρίαν.

2501 3044 2521 3062 '
2581 3024 2586 3028 ’
2616 3059 2948 3118 sparum
2987 3059 3110 3120 οιιν,

2071 3157 2197 3221 Πῶς
2252 3155 2488 3221 λέγεται
2534 3152 2599 3206 τὸ
2629 3151 2800 3210 Θεῖον
2849 3144 3002 3221 sinat
3053 3147 3120 3221 ἐν·
3171 3148 3255 3221 τῷ·
3299 3141 3523 3221 παῖ-τίς
3558 3141 3662 3197 καὶ

2143 3214 2270 3290 πῶς
2313 3214 2514 3280 ἔνεστι
2582 3221 2860 3277 διαλύειν
2909 3218 2948 3272 ἁ
3000 3217 3162 3290 πρὸς-
3202 3216 3316 3283 τὴν
3349 3214 3659 3290 Δὑπόθεσιν·

2142 3283 2368 3419 tigri-tur
2433 3296 2570 3363 παρ’
2617 3293 2798 3355 ἐνίων
2866 3287 3276 3359 προκομίζεται
3338 3283 3658 3352 διαπορού-

2138 3387 2180 3437 μ
2219 3384 2334 3429 ra;

1435 3478 1576 3529 Edita
1605 3495 1634 3529 a
1667 3480 1810 3543 Maio,
1843 3482 1963 3532 Nov.
1992 3485 2139 3545 Coll.,
2179 3491 2215 3531 t.
2244 3482 2325 3543 1X,
2352 3496 2402 3544 p.
2437 3480 2606 3529 95-935.

448 3583 508 3638 In
566 3582 754 3637 inultis
841 3597 962 3649 quae
1029 3585 1107 3644 .de
1166 3585 1274 3640 Deo
1360 3588 1826 3656 contemplamur,
1900 3605 1968 3644 ne

387 3676 573 3731 omnia
600 3675 798 3739 dicam,
827 3691 932 3731 non
960 3675 1157 3744 solum,
1181 3678 1276 3747 qui
1306 3681 1583 3750 mysteriis
1615 3682 1830 3748 pietatis
1862 3698 1977 3736 non.

390 3769 608 3824 luerunt
640 3769 858 3837 initiati,
888 3769 1140 3839 quamvis
1171 3771 1288 3826 acie
1314 3774 1512 3832 mentis
1566 3785 1620 3828 et
1661 3775 1973 3844 cognitione

391 3875 574 3916 rerum
610 3876 996 3929 eorporearum
1045 3863 1362 3920 hominibus
1400 3867 1485 3922 sui
1512 3868 1720 3925 ordinis
1755 3870 1969 3937 praesti-

388 3955 583 4010 tissent
635 3955 840 4024 quique
898 3964 1139 4012 nostram
1207 3958 1598 4028 ignoraverunt
1656 3960 1766 4014 vim
1839 3976 1971 4014 con-

391 4045 687 4114 templandi
727 4045 1089 4101 inﬁrmiorem
1115 4063 1258 4110 esse,
1293 4065 1458 4118 quam
1509 4059 1564 4103 ut
1611 4050 1966 4120 intelligentia

387 4137 854 4207 comprehendere
918 4138 1007 4192 illa
1053 4140 1320 4209 possint,
1415 4141 1750 4210 experientia
1816 4157 1964 4196 eom-

393 4229 728 4296 probarunt;
781 4230 874 4286 sed
902 4238 962 4292 et.
984 4231 1298 4300 quicunque
1329 4241 1551 4301 propter
1581 4232 1824 4286 studium
1861 4233 1974 4301 pie-

2150 3587 2327 3642 Πολλὰ
2357 3587 2462 3640 τῶν
2497 3585 2656 3656 ἱερῶν
2701 3582 2828 3653 περὶ
2853 3579 2988 3635 Θεοῦ
3037 3578 3435 3651 θεωρημάτων,
3467 3577 3555 3631 ἳνα
3587 3579 3661 3651 μὴ

2079 3683 2255 3736 πάντα
2281 3679 2446 3748 λέγω.
2470 3679 2532 3732 ού
2569 3677 2726 3748 μόνον
2757 3677 2858 3728 ὅσα
2884 3675 2997 3736 τοῖς
3025 3676 3122 3743 τῆς
3153 3671 3434 3734 εὐσεϐείας
3457 3670 3663 3742 ὀργίοις

2079 3775 2178 3828 οὐκ
2207 3772 2566 3840 έτελέσθησαν
2598 3771 2702 3823 κάν
2731 3767 2809 3839 τῷ
2834 3767 2935 3837 τῆς
2963 3766 3203 3826 διανοίας
3231 3765 3426 3834 κράτει
3471 3762 3570 3816 καὶ
3600 3765 3664 3830 τῇ

2079 3867 2185 3922 τῶν
2223 3865 2432 3921 ἐνύλων,
2453 3863 2650 3932 γνώσει
2682 3861 2790 3914 τῶν
2821 3857 3109 3930 ὁμοταγῶν
3144 3858 3201 3910 ἐν
3233 3855 3310 3924 τῷ
3338 3857 3563 3927 κρατεῖν
3593 3854 3667 3907 δι-

2078 3961 2417 4029 ενηνόχασιν,
2447 3957 2567 4028 ούχὶ
2594 3955 2796 4008 τούτων
2824 3953 2981 4024 μόνον
3005 3951 3103 4022 τὴν
3128 3951 3233 4016 ἔξω
3257 3948 3351 4002 τοῦ
3377 3947 3500 4001 καθ’
3520 3948 3666 4016 ἡμᾶς

2077 4051 2238 4118 λόγου
2283 4050 2382 4120 τὴν
2430 4047 2770 4118 θεωρητικὴν
2813 4045 2964 4114 ἰαχῦν
3006 4041 3404 4111 ἀσθενεστέρας
3444 4040 3544 4108 τῆς
3587 4041 3664 4090 οἱ·

2079 4140 2234 4203 κείας
2273 4139 2645 4208 καταλείψεως
2693 4139 2758 4207 τῇ
2802 4135 2967 4206 πείρᾳ
3007 4131 3330 4202 διήλεγξαψ
3382 4128 3520 4184 ἀλλά
3572 4127 3666 4181 καὶ

2081 4235 2238 4296 ὅσους
2270 4234 2298 4285 ὁ
2333 4233 2431 4302 τῆς
2460 4230 2741 4292 εὐσεϐείας
2772 4229 2928 4296 λόγος
2961 4226 3054 4279 καὶ
3083 4228 3115 4294 ή
3146 4224 3240 4278 τοῦ
3276 4223 3393 4294 βίου
3422 4221 3667 4291 καθαρό-

390 4323 519 4377 tatis
545 4330 603 4376 et
633 4323 799 4380 vitam
832 4339 1022 4391 puram
1057 4324 1413 4393 profundiora
1448 4336 1842 4394 cognoverunt,
1874 4340 1969 4384 nec

2082 4343 2180 4393 της
2203 4325 2303 4394 τῆς
2328 4321 2700 4392 ἐπιγνώμονος
2729 4320 2836 4373 τῶν
2863 4317 3176 4390 βαθυτέρων
3205 4317 3378 4380 ἔθετο,
3403 4316 3526 4368 οὐδὲ
3547 4314 3667 4368 τού-

391 4417 476 4472 his
504 4416 724 4486 quidem
783 4417 1024 4473 inventio
1052 4432 1235 4471 rerum
1279 4418 1590 4472 divinarum
1642 4418 1817 4474 facilis
1859 4433 1982 4473 esse

389 4506 548 4570 solet,
645 4507 778 4576 quid
831 4508 952 4562 dico
1053 4507 1458 4562 inventionem?
1537 4509 1808 4577 siquidem
1884 4522 1982 4562 nec

392 4593 508 4665 ipsa
558 4599 829 4653 scrutatio
885 4612 1022 4668 pure
1070 4612 1258 4653 eorum
1327 4607 1562 4653 mentem
1615 4599 1792 4653 allicit.
1857 4597 1980 4654 Haec

391 4700 576 4758 autem
607 4692 839 4761 quaestio
889 4699 1150 4761 tanquam
1185 4689 1413 4748 omnino
1445 4690 1618 4761 magis
1673 4690 1973 4756 recondita,

392 4794 447 4838 et
488 4799 610 4853 qua:
638 4794 876 4838 mentem
913 4784 1261 4838 curiosorum
1316 4785 1553 4849 excellit,
1603 4786 1866 4847 studium,
1919 4793 1979 4838 ut

395 4877 750 4946 intelligatur,
776 4877 1055 4946 postulat;
1087 4893 1190 4932 non
1221 4878 1407 4948 igitur,
1436 4894 1559 4946 qua:
1593 4878 1866 4944 dicentur,
1898 4877 1978 4932 sic

393 4966 586 5020 audire
612 4975 846 5036 oportet,
893 4968 1050 5036 quasi
1083 4969 1326 5024 limatius
1386 4983 1500 5022 rem
1546 4967 1976 5036 comprehende-

396 5061 590 5124 rimus,
643 5069 698 5114 et
731 5059 864 5114 nihil
912 5061 1148 5130 amplius
1202 5062 1271 5116 ad
1323 5063 1766 5131 cognoscendum
1801 5061 1868 5116 de
1912 5075 1975 5115 ea

393 5149 640 5204 relictum
671 5166 701 5204 a
730 5151 886 5209 nobis
915 5153 1004 5220 sit,
1057 5155 1151 5209 sed
1209 5152 1472 5208 benevole
1520 5153 1709 5208 audire
1739 5160 1972 5222 oportet,

389 5253 444 5299 et
529 5245 781 5314 amplecti
868 5257 1134 5317 quantum
1225 5246 1481 5308 humanis
1547 5247 1974 5314 cogitationibus

389 5353 474 5402 ea,
509 5354 633 5407 qua:
669 5340 959 5396 humanam
990 5341 1240 5397 notitiam
1275 5346 1558 5410 superant,
1587 5341 1807 5409 assequi
1842 5356 1973 5409 pos-

390 5445 602 5484 sumus.

475 5522 530 5574 In
588 5527 733 5579 omni
798 5535 881 5580 est
939 5527 1082 5582 Deus
1169 5524 1335 5594 (quod
1381 5523 1477 5578 tibi
1557 5523 1611 5576 in
1670 5523 1973 5592 quaestione

392 5630 534 5670 nunc
597 5621 830 5686 positum
897 5623 1000 5689 es‘)
1067 5629 1330 5688 tanquam
1391 5617 1526 5671 nihil
1585 5633 1773 5670 eorum
1844 5634 1970 5688 quae

393 5717 538 5762 sunt.
567 5708 622 5763 Si
655 5712 799 5765 enim
835 5722 975 5767 esset
1002 5726 1170 5766 unum
1202 5726 1269 5764 ex
1312 5709 1400 5775 iis,
1428 5723 1550 5778 qua)
1583 5716 1730 5774 sunt,
1766 5707 1858 5777 qui
1887 5718 1971 5763 est

2084 4434 2191 4469 των
2226 4419 2257 4485 ἡ
2307 4416 2412 4467 τῶν
2457 4414 2742 4485 θειοτέρων
2785 4409 3000 4481 εὕρεσις
3045 4412 3108 4463 ὲκ
3149 4408 3243 4461 τοῦ
3288 4409 3490 4480 ῥᾴστου
3524 4407 3668 4475 φιλεῖ

2085 4509 2481 4579 παραγίνεσθαι
2508 4523 2522 4537 ·
2551 4507 2644 4559 καὶ
2671 4506 2723 4558 τί
2752 4505 2896 4572 λέγω
2923 4503 3172 4572 εὕρεσιςλ,
3200 4503 3403 4569 δπουγε
3433 4500 3543 4553 οὐδ’
3569 4499 3665 4552 αύ-

2083 4601 2150 4670 τὴ
2186 4600 2441 4671 καθαρῶς
2469 4599 2562 4651 καὶ
2596 4596 2734 4650 κατὰ
2785 4596 2941 4663 λόγον
2985 4596 3166 4656 αὐτοῖς
3196 4595 3230 4662 ἡ
3263 4593 3459 4665 ἔρευνα
3492 4591 3665 4645 διατί-

2085 4690 2258 4755 θεται;
2293 4687 2695 4758 Γλαφυρωτὲρα
2719 4685 2776 4739 δὲ
2809 4685 2884 4746 ὡς
2914 4684 3116 4736 ἐπίπαν
3153 4683 3246 4735 καὶ
3268 4681 3406 4752 αῦτη
3437 4681 3537 4751 τῆς
3561 4679 3668 4732 τῶν

2084 4778 2682 4850 πολυπραγμονούντων
2716 4776 2955 4839 διανοίας
2983 4774 3418 4845 ὑπεριδρυμένη,
3457 4771 3665 4841 φιλοτι-

2085 4873 2265 4940 μεῖται
2313 4867 2805 4937 ὲπιγινώσκεσθαι·
2854 4864 3049 4918 οῦκουν
3111 4866 3220 4916 τῶν
3275 4862 3667 4933 ῥηθησομένων

2082 4963 2364 5030 ἐξακούειν
2435 4963 2516 5014 δεῖ
2582 4960 2757 5025 οὕτως
2802 4961 2877 5024 ὼς
2927 4961 2987 5014 τὸ
3051 4959 3451 5030 ἀκριϐέστερον
3493 4974 3666 5010 κατειο

2083 5061 2329 5130 ληφότων
2356 5099 2372 5124 ,
2431 5060 2526 5112 καὶ
2581 5057 2746 5128 μηδὲν
2795 5055 2958 5110 πλέον
3011 5056 3089 5118 είς
3143 5053 3242 5123 τὴν
3299 5051 3396 5106 τοῦ
3443 5068 3666 5122 προκει-

2083 5152 2246 5222 μένου
2305 5149 2505 5219 γνῶσιν
2540 5147 3016 5218 ὑπολειπομένων·
3075 5144 3191 5198 ἀλλ’
3223 5145 3300 5207 ώς
3344 5141 3456 5197 οἷόν
3502 5159 3563 5194 τε
3601 5139 3668 5192 τὰ

2080 5244 2314 5313 κρείττω
2341 5243 2436 5312 τῆς
2462 5240 2810 5311 ἀνθρωπίνης
2838 5238 3130 5308 ἐπιϐουλῆς
3165 5239 3436 5301 ἐπινοίαις
3459 5237 3663 5308 ἀνθρω-

2081 5333 2263 5397 πίναις
2299 5332 2655 5395 πανευλαὸῶς
2683 5331 2779 5385 καὶ
2811 5333 2908 5384 σὺν
2943 5331 3155 5400 ἀγωνίᾳ
3202 5331 3476 5401 μενόντων
3510 5331 3669 5401 εὐμε-

2079 5427 2187 5492 νῶς
2213 5427 2432 5482 ἀκούειν
2464 5426 2558 5479 καὶ
2586 5425 2969 5494 ἀποδέχεσθαι.

2163 5519 2253 5572 Ἑν
2297 5519 2376 5590 τῷ
2425 5519 2588 5572 παντὶ
2633 5517 2924 5589 τοιγαροῦν
2984 5517 3044 5569 τὸ
3097 5516 3252 5569 Θείόν
3303 5517 3474 5579 ἐστιν,
3531 5513 3663 5580 ὅπερ

2079 5616 2156 5678 είς
2192 5612 2487 5682 συζήτησιν
2542 5609 2808 5680 προετέθη
2863 5627 2966 5676 σοι,
3025 5609 3101 5672 ὡς
3155 5609 3312 5662 οὐδὲν
3345 5609 3456 5661 τῶν
3501 5607 3663 5660 ὄντων

2080 5710 2137 5761 ἐν
2166 5710 2275 5770 τοῖς
2306 5707 2484 5758 οῦσιν·
2539 5703 2572 5774 ἢ
2620 5707 2728 5774 γὰρ
2792 5704 2857 5758 ἂν
2900 5705 2961 5758 τὸ
3012 5705 3152 5774 ὑπὲρ
3186 5705 3364 5758 πάντα
3398 5705 3466 5756 τὰ
3516 5701 3658 5761 ὄντα.
