3864 6208
189 283 276 347 465

1110 281 1211 341 AD
1250 278 1846 341 AMPIIILOCHIUM
1886 278 2240 349 QUIESTIO
2278 280 2532 339 LXXIV.

3308 280 3413 346 466

188 396 233 450 ἒν
270 394 329 448 ἄν
377 387 444 463 ἦν
495 391 602 446 τῶν
662 390 830 445 ὄντων
893 394 989 446 καὶ
1043 394 1071 446 ὁ
1129 395 1451 465 προαγωγός
1516 412 1576 447 τε
1631 390 1729 446 καῖ

1843 395 2087 447 omnium
2119 399 2314 447 auctor:
2335 401 2387 445 et
2416 389 2729 454 fabricator,
2755 406 2895 445 unus
2917 401 3204 448 vocaretur
3230 408 3294 448 ex
3318 394 3407 461 iis,
3439 403 3443 407 '

185 486 474 561 δημιουργὸς
521 485 799 550 ἁπάντων,
847 479 926 549 εἷς
969 486 1035 539 ἂν
1094 488 1431 558 ἐχρημάτιζε
1470 487 1581 539 τῶν
1632 486 1722 539 ὑπ’

185 578 319 647 αὐτοῦ
344 577 876 649 δημιουργηθέντων.
906 579 1078 632 Τοῦτο
1102 580 1210 651 γὰρ
1243 580 1553 650 νομοθετεῖν
1584 576 1725 634 οἶδεν

184 675 208 742 ή
235 672 355 740 πρὸς
379 671 446 723 τά
471 669 602 722 ὄντα
630 670 731 739 τῆς
755 669 1046 734 διαθέσεως
1080 673 1346 741 συγγενής
1376 689 1433 724 τε
1464 673 1557 724 καὶ
1593 675 1724 742 ὁμο-

183 765 321 834 ταγὴς
346 763 441 832 τῆς
466 763 865 834 δημιουργικῆς
891 764 1069 835 ἀρχῆς
1109 765 1384 829 κοινωνία,
1423 766 1642 819 ἐπειδὰν
1664 766 1725 819 τὸ

183 855 563 926 ἀπαράλλακτόν
599 873 682 919 τις
711 854 1019 920 ὲκὸιάζοιτο
1056 856 1155 927 τὴν
1190 858 1373 927 σχέσιν
1403 856 1548 927 ἔχειν
1588 858 1724 929 πρὸς

184 949 352 1019 ἄλληλα
376 950 441 1001 τὰ
468 949 600 1001 ὅντα
642 949 736 1002 καὶ
765 950 855 1002 τὸν
886 950 1125 1018 Κτίστην
1159 950 1295 1019 πρὸς
1331 949 1400 1003 τὰ
1427 950 1721 1021 κτίσματα.

238 1039 427 1095 Οὐκοῦν
462 1041 539 1103 ὡς
563 1040 717 1095 οὐδὲν
736 1041 847 1094 τῶν
872 1041 1041 1096 ὄντων
1069 1046 1180 1105 τοῖς
1206 1042 1369 1097 αὐτοῦ
1395 1043 1727 1097 συνάπτεται

183 1136 256 1187 καὶ
297 1134 715 1201 συγκαταϐαίνει
754 1135 816 1186 τὸ
858 1134 1012 1187 Θεῖον
1042 1135 1521 1206 δημιουργήμασιν
1546 1151 1559 1166 ’
1609 1135 1724 1189 ἀλλ’

185 1225 419 1297 augeam
458 1226 699 1279 διαθέσει
742 1226 835 1279 καὶ
878 1227 1163 1297 οἰκονομίᾳ
1194 1227 1587 1297 διακεκριμένη
1626 1226 1724 1296 τὴν

184 1321 293 1390 πρὸς
318 1321 380 1373 τὰ
412 1320 542 1373 ὄντα
588 1320 771 1388 σχέσιν
821 1320 1150 1391 ἀρμόζεταιυ
1196 1321 1383 1391 ὥσπερ
1412 1321 1469 1373 δέ
1511 1322 1625 1374 ἐστι
1665 1321 1726 1374 τὸ

182 1413 306 1465 θεῖον
331 1412 487 1481 σοφόν
526 1429 588 1465 τε
622 1411 741 1482 ἅμα
773 1413 867 1465 καὶ
894 1413 1222 1483 ὑπέρσοφον,
1254 1412 1386 1476 Θεός
1411 1430 1468 1467 τε
1508 1413 1726 1484 ἰσχυρὸς

183 1504 259 1557 καὶ
284 1503 560 1573 ὐπέρΟεος,
600 1504 806 1574 κυρίως
844 1522 902 1557 τε
933 1504 1092 1557 οὐσία
1132 1504 1228 1556 καὶ
1262 1503 1606 1573 ὑπερούσιον,
1634 1504 1727 1557 καὶ

181 1596 448 1661 αὐτάγαθον
479 1595 685 1664 ὁμοίως
714 1597 808 1648 καὶ
834 1596 1202 1665 ὑπεράγαθον.
1239 1596 1413 1661 οὕτως
1459 1597 1726 1667 ὑπάρχειν

179 1686 365 1755 λέγεται
395 1687 494 1739 κάν
522 1687 600 1756 τῷ
629 1690 793 1740 παντὶ
842 1691 936 1740 καὶ
977 1689 1118 1758 ὑπὲρ
1148 1688 1209 1740 τὸ
1239 1690 1374 1743 πᾶν·
1413 1688 1508 1742 ἐπὶ
1559 1689 1727 1759 μόνης

179 1779 265 1848 γὰρ
295 1781 383 1847 τῆς
432 1780 674 1849 ἀρρήτου
734 1780 830 1833 καὶ
870 1780 1226 1851 πολυωνύμου
1272 1784 1365 1836 καὶ
1414 1781 1726 1853 ὑπερφυοῦς

181 1870 379 1936 φύσεως,
412 1871 441 1922 ὁ
482 1872 855 1939 καταφατικὸς
892 1874 1000 1926 τῶν
1036 1874 1316 1943 ὀνομάτων
1364 1875 1553 1941 τύπος,
1598 1874 1725 1927 σύν-

181 1962 345 2030 δρομον
364 1963 501 2031 ἴσχει
524 1962 627 2033 τὴν
664 1964 942 2034 σημασίαν
976 1968 1088 2028 τοῖς
1116 1966 1201 2018 διὰ
1230 1965 1338 2018 τῶν
1371 1966 1725 2034 ἀποφατικῶν

180 2050 541 2121 ἦστερητικῶν
575 2053 772 2121 φωνῶν
813 2056 1215 2125 σχηματισμοῖς
1251 2055 1470 2127 δηλοῦσι
1508 2056 1569 2110 τὸ
1599 2056 1724 2127 βού-

181 2139 327 2209 λημα·
364 2140 553 2213 διόπερ
595 2143 657 2195 τὸ
696 2145 753 2196 ὲν
795 2145 957 2198 παντὶ
1004 2146 1103 2198 οὐκ
1140 2146 1285 2199 ἔστιν
1329 2146 1583 2217 ἀθέτησις
1630 2147 1725 2200 τοῦ

181 2230 293 2301 ὑπὲρ
316 2232 373 2284 τὸ
404 2235 509 2285 πᾶν
528 2251 542 2265 ·
575 2234 710 2289 ἀλλὰ
740 2236 1029 2306 συμφωνία
1062 2239 1262 2307 μᾶλλον
1288 2240 1383 2292 καὶ
1411 2239 1723 2308 βεϐαίωσις·

180 2319 228 2372 οὐ
250 2320 343 2391 μὴν
372 2322 427 2374 δὲ
454 2321 569 2375 ἀλλ’
594 2324 716 2378 οὐδὲ
733 2324 792 2378 τὸ
813 2326 953 2395 ὑπὲρ
975 2329 1082 2380 πᾶν
1101 2326 1454 2397 παραλλαγὴν
1474 2326 1721 2398 προλαμσ

180 2410 411 2467 θάνειθαυ
419 2415 656 2483 μασιωτέ
663 2433 765 2486 ραν
783 2416 881 2485 τῆς
902 2416 1264 2486 μυσταγωγοῦ
1278 2417 1553 2485 θεολογίας
1566 2459 1578 2480 ,
1599 2418 1727 2488 παρ’

182 2501 272 2571 ήνὴ
286 2504 336 2555 ὲν
351 2503 424 2572 τῷ
438 2507 604 2558 παντὶ
632 2506 1049 2579 ἱερολογουμένη
1084 2509 1287 2580 θεωρία
1312 2510 1694 2582 παραδίδωσιν.

239 2594 382 2648 Ὥστε
411 2599 439 2649 ό
461 2596 735 2668 διαπορῶν
779 2602 833 2652 εί-
874 2599 1028 2671 ἐντῷ
1062 2601 1225 2653 παντὶ
1254 2600 1315 2654 τὸ
1341 2601 1494 2654 Θεῖον
1530 2602 1629 2655 οὐκ
1662 2602 1729 2656 ἂν

180 2683 297 2753 ὑπὲρ
309 2686 367 2737 τὸ
393 2688 521 2750 πᾶν,
552 2686 777 2757 λέληθεν
799 2690 992 2746 ἑαυτὸν
1018 2690 1117 2761 τὴν
1143 2692 1251 2745 τῶν
1286 2692 1445 2763 ἱερῶν
1467 2675 1729 2763 ῥημάτων

179 2775 255 2827 ἐπὶ
268 2778 356 2846 τῆς
377 2777 588 2847 φύσεως
612 2782 807 2851 χρῆσιν
830 2782 1060 2850 ἀγνοῶνο
1088 2785 1182 2837 καὶ⁸
1201 2785 1301 2855 τ-ἦς
1318 2786 1580 2855 συνήθους
1601 2786 1730 2858 ’περὶ⁵

178 2868 266 2919 τῶν
289 2869 480 2926 ὲνύλων
511 2872 728 2942 ὁμιλίας
758 2874 911 2929 οὐδὲν
943 2876 1275 2945 ὑψηλότερον
1304 2878 1424 2930 οὐδὲ
1458 2877 1729 2948 θειότερον

181 2958 287 3027 περὶ
312 2959 414 3013 τῶν
439 2962 619 3015 ἀΰλων
643 2965 1047 3035 φανταζόμενος
1067 2981 1080 2994 ·
1111 2966 1246 3019 ἀλλὰ
1274 2966 1380 3036 γὰρ
1409 2967 1527 3031 πῶς
1562 2971 1620 3021 ὲν
1652 2966 1729 3039 τῷ

1826 500 1949 557 quae
1984 484 2053 538 ab
2087 484 2206 552 ipso
2254 482 2395 537 facta
2431 488 2580 536 sunt.
2614 479 2767 536 lianc
2790 483 2937 537 enim
2974 483 3144 553 legem
3175 485 3408 555 imponit

1826 576 2143 633 communio
2194 590 2315 630 cum
2362 574 2451 637 iis,
2484 588 2605 643 qua:
2657 582 2805 637 sunt,
2840 583 2897 627 et
2928 589 3118 631 eorum
3152 578 3410 647 cognatio

1826 687 1859 727 a
1903 670 2153 740 l’riucipe
2182 679 2237 724 et
2280 668 2538 723 Creatore
2571 665 2835 736 profecta,
2891 667 2937 721 si
2987 670 3113 736 quis
3157 685 3252 738 per
3297 669 3404 723 vim

1827 762 2054 824 nitatur,
2106 769 2160 815 et
2190 760 2335 830 quod
2365 759 2565 813 variari
2598 774 2704 812 non
2741 767 2938 827 potest,
2973 769 3221 816 mutuam
3254 764 3409 817 habi—

1826 855 2070 911 tudinem
2118 868 2244 908 cum
2292 851 2456 907 rebus
2503 849 2726 915 habeat,
2761 860 2818 905 et
2845 850 3073 907 Creator
3104 868 3228 907 cum
3258 870 3410 909 creao

1829 944 1968 999 turis

1892 1036 2056 1107 Igitur
2080 1046 2340 1105 tanquam
2372 1035 2511 1090 nihil
2535 1050 2727 1090 eorum
2773 1051 2896 1103 qua:
2930 1042 3083 1098 sunt,
3115 1050 3239 1090 cum
3293 1036 3410 1090 suis

1826 1130 2199 1201 conjungitur,
2232 1138 2286 1183 et
2317 1128 2555 1183 demittit
2577 1144 2635 1184 se
2671 1127 2809 1182 Deus
2838 1128 2904 1182 ad
2933 1142 3063 1182 suas
3103 1135 3409 1191 creaturas,

1827 1223 1921 1279 sed
1978 1224 2194 1292 propria
2246 1221 2608 1290 dispositione
2655 1228 2711 1273 et
2766 1220 3073 1275 (nconomia
3127 1219 3411 1283 distineta,

1826 1328 1981 1367 suam
2013 1326 2138 1364 cum
2190 1311 2354 1364 rebus
2384 1309 2757 1364 habitudinem
2791 1317 2960 1377 aptat.
3018 1306 3171 1362 Sicut
3230 1318 3411 1363 autem

1825 1413 1912 1459 est
1942 1402 2085 1456 Deus
2110 1403 2328 1471 sapiens
2354 1401 2518 1455 simul
2569 1413 2623 1454 et
2650 1416 2812 1469 supra
2846 1400 3143 1468 sapientes,
3173 1409 3227 1453 et
3259 1400 3412 1454 fortis

1831 1498 1970 1551 Deus
2001 1504 2055 1549 ct
2078 1510 2241 1564 supra
2275 1494 2458 1558 fortes,
2493 1502 2545 1547 et
2581 1509 2742 1561 supra
2775 1494 2930 1557 deos,
2961 1501 3017 1547 et
3036 1493 3251 1561 proprie
3278 1494 3410 1546 sub—

1828 1589 2023 1647 stantia
2047 1600 2098 1642 et
2113 1602 2277 1657 supra
2296 1586 2681 1649 substantiam,
2702 1593 2756 1638 et
2780 1588 2955 1654 ipsum
2987 1601 3083 1654 per
3099 1600 3157 1639 se
3181 1586 3409 1648 bonum,

1828 1683 2146 1739 etsimiliter
2174 1695 2338 1749 supra
2359 1679 2590 1743 bonum;
2624 1678 3061 1732 sicdiciturcsse
3084 1677 3136 1729 in
3164 1677 3335 1740 omni,
3358 1687 3411 1730 et

1830 1790 1995 1845 supra
2038 1789 2221 1829 omne.
2274 1773 2326 1826 ln
2343 1772 2457 1827 sola
2496 1770 2642 1825 enim
2665 1778 2883 1831 natura,
2928 1786 3050 1837 quae
3075 1785 3238 1838 supra
3261 1778 3410 1823 natu-

1832 1885 1945 1925 ram
1979 1878 2083 1933 est,
2114 1875 2302 1935 etqua:
2327 1864 2435 1920 dici
2470 1879 2577 1917 non
2604 1872 2804 1932 potest,
2830 1872 2883 1915 et
2910 1863 3203 1915 multorum
3236 1863 3411 1914 nomi-

1829 1977 1959 2016 num
1984 1957 2365 2014 alIirmantium
2385 1955 2839 2025 signiﬁcationem
2868 1954 3035 2007 habet
3065 1953 3412 2007 consentien-

1828 2062 1936 2107 tem
1964 2066 2089 2105 cum
2115 2051 2290 2105 forma
2316 2064 2511 2102 vocum
2551 2047 2865 2114 negantiqu
2892 2081 2906 2105 ,
2941 2044 3024 2097 vel
3056 2043 3407 2110 privantium.

1830 2145 1905 2198 Ex
1940 2160 2047 2212 quo
2080 2142 2157 2203 ﬁt,
2189 2151 2247 2195 ut
2284 2154 2405 2194 esse
2449 2138 2503 2192 in
2537 2136 2711 2199 omni,
2761 2150 2867 2188 non
2899 2142 3058 2203 neget
3088 2148 3209 2187 esse
3248 2146 3411 2199 supra

1826 2250 2006 2301 ornne,
2052 2234 2143 2288 sed
2181 2231 2359 2299 potius
2391 2229 2696 2288 conﬁrmet,
2749 2234 2805 2282 et
2870 2240 2978 2277 non
3038 2224 3141 2278 hoc
3205 2222 3410 2283 solum,

1830 2347 1931 2386 nec
1963 2342 2085 2384 esse
2125 2340 2289 2395 supra
2328 2337 2509 2385 omne,
2560 2319 2916 2374 variationcm
2951 2314 3409 2371 admirabiliorem

1831 2423 1885 2477 iu
1920 2418 2193 2488 theologia
2237 2416 2434 2486 recipit
2487 2420 2686 2483 prmter
2721 2425 2865 2474 eam,
2895 2422 3059 2478 quam
3092 2405 3258 2459 tradit
3291 2418 3411 2458 esse

1830 2529 1885 2568 ιη
1916 2527 2087 2566 0111111.

1900 2603 2079 2668 Quare
2127 2598 2222 2668 qui
2277 2595 2509 2659 dubitat,
2554 2592 2598 2647 si
2646 2592 2787 2645 Deus
2827 2596 2910 2644 est
2956 2589 3009 2641 in
3059 2585 3240 2648 omni,
3302 2600 3411 2640 non

1830 2710 1953 2763 esse
1983 2706 2145 2763 supra
2179 2704 2362 2753 omne,
2392 2688 2606 2758 ignorat
2629 2685 2675 2739 is
2709 2698 2868 2737 usqu
2900 2696 3180 2737 sacrarum
3216 2694 3409 2733 vocum

1830 2790 1899 2844 de
1953 2785 2137 2841 divina
2205 2789 2436 2846 natura;
2492 2788 2549 2832 et
2620 2776 2755 2831 nihil
2802 2774 2967 2828 altius
3030 2786 3209 2841 neque
3274 2771 3413 2824 divi-

1832 2881 1986 2942 nius.
2036 2889 2201 2945 quam
2258 2870 2603 2929 consuetudo
2624 2883 2805 2922 rerum
2854 2879 3240 2934 corporearum
3289 2861 3411 2927 l‘crt,

1832 2975 1901 3030 de
1933 2973 2021 3035 iis,
2048 2984 2170 3040 quae
2215 2964 2444 3021 materia
2480 2969 2697 3026 vacant,
2746 2959 2966 3030 cogitat.
3002 2955 3105 3011 Sed
3137 2955 3415 3024 quomodo

180 3051 347 3116 παντί;
370 3052 578 3122 εἴρηται
605 3056 705 3125 μὲν
720 3056 795 3120 ὡς
816 3059 935 3111 κατ’
954 3058 1145 3113 οὐδένα
1172 3060 1372 3131 τρόπον
1398 3060 1505 3113 τῶν
1532 3059 1717 3116 ὄντων.

1839 3076 1909 3124 ast
1956 3064 2014 3117 in
2079 3057 2276 3113 omni?
2344 3053 2560 3108 Dictum
2638 3050 2786 3104 enim
2868 3056 2971 3112 est,
3019 3046 3169 3100 nullo
3252 3043 3415 3098 modo

180 3140 233 3193 El
285 3143 335 3196 δὲ
390 3144 466 3199 δεῖ
513 3164 567 3200 τι
616 3148 821 3217 μᾶλλον
882 3150 1371 3222 θεωρητικωτέρων
1438 3152 1725 3223 δογμάτων

182 3233 295 3301 πρὸς
317 3236 377 3288 τὸ
402 3236 530 3306 ὕψος
564 3239 639 3309 μὴ
667 3240 1062 3305 ἀποδειλιάσαι,
1088 3243 1204 3296 ἐστι
1220 3245 1282 3297 τὸ
1307 3243 1458 3297 Θεῖον
1484 3246 1541 3297 έν
1565 3246 1728 3299 παντὶ

182 3329 286 3378 κατ’
313 3330 805 3409 ὲνέργειάνέ-Ξ-ζαὶ
839 3334 959 3387 κατ’
989 3336 1173 3389 οὐσίαν
1193 3354 1207 3367 ·
1243 3339 1333 3390 καὶ
1363 3340 1437 3409 μή
1470 3356 1565 3408 μοι
1579 3339 1726 3407 λέγε,

184 3416 281 3479 πῶς
305 3435 320 3483 ;
343 3423 663 3494 προείρηται
697 3426 791 3477 καὶ
822 3424 895 3488 ὡς
919 3428 1040 3478 κατ’
1072 3427 1259 3481 οὐδένα
1287 3430 1487 3499 τρόπον
1510 3430 1618 3482 τῶν
1644 3434 1730 3484 δν-

184 3524 303 3561 τωνο
341 3513 453 3575 πῶς
493 3512 586 3568 οὖν
637 3519 755 3569 ἐστι
797 3517 914 3570 κατ’
948 3519 1171 3585 οὐσίαν;
1212 3520 1287 3582 ὡς
1319 3522 1574 3591 ἐννοήσας
1607 3525 1728 3576 κατ’

184 3601 434 3672 ἐνέργειαν
455 3623 470 3639 ο
505 3608 692 3679 ἐπειδὴ
726 3611 834 3679 γὰρ
858 3610 925 3663 τὰ
956 3610 1055 3680 μὲν
1086 3611 1220 3667 ἄλλα
1244 3613 1337 3665 καὶ
1365 3612 1592 3683 δυνάμει
1614 3615 1731 3667 ἐστι

187 3708 294 3746 ποτε
320 3698 409 3749 καὶ
438 3699 706 3769 ἐνεργείᾳ,
748 3702 806 3753 τὸ
846 3701 902 3754 δὲ
931 3703 1103 3765 Θεῖον,
1133 3702 1206 3765 ὡς
1239 3706 1267 3757 ὁ
1296 3704 1603 3776 διορατικὸς
1642 3708 1730 3759 ὲν-

185 3786 365 3854 νοήσειε
406 3790 545 3853 νοῦς,
577 3792 773 3861 ἀείπερ
802 3794 947 3846 ἐστὶν
974 3797 1225 3864 ἐνέργεια
1244 3812 1256 3825 ³
1290 3798 1349 3848 οὐ
1380 3799 1486 3867 γὰρ
1525 3797 1585 3860 ἐξ
1610 3799 1732 3851 ἁτε⁴

186 3874 288 3939 λοῦς
316 3882 390 3942 εἰς
412 3882 723 3947 τελειότητα
750 3886 1015 3955 πρόεισιν,
1054 3888 1160 3940 οὐδ’
1193 3889 1321 3943 ἄλλο
1350 3907 1402 3942 τι
1446 3890 1598 3959 παρὰ
1632 3891 1732 3958 τὴν

186 3969 567 4042 αὐτοενέργειὰν
620 3977 737 4029 ἐστι
789 3977 850 4029 τὸ
895 3979 1228 4043 αὐτοούσιον,
1265 3982 1421 4052 δῆλον
1453 3984 1527 4046 ὡς
1560 3985 1616 4035 ὲν
1653 3978 1733 4046 οἷς

190 4062 288 4116 ἐστι
313 4068 427 4118 κατ’
454 4069 754 4138 ἐνέργειαν,
792 4072 850 4123 ἐν
877 4073 988 4134 τοῖς
1016 4072 1200 4136 αὐτοῖς
1233 4075 1348 4126 ἐστι
1377 4077 1471 4129 xal.
1499 4077 1617 4127 κατ’
1645 4075 1735 4127 οὐ·

189 4152 292 4205 σίαν
316 4173 329 4184 ·
355 4158 563 4227 ἐνεργεῖ
612 4160 713 4229 μὲν
751 4161 860 4230 γὰρ
906 4164 1047 4215 κατά
1086 4165 1318 4234 συνοχὴν
1356 4167 1449 4217 καὶ
1476 4168 1735 4236 διαμονὴν

188 4244 278 4295 τῶν
296 4248 453 4301 ὄντων
474 4266 489 4281 '
524 4252 698 4303 οὐσιοῖ
728 4252 784 4303 δὲ
819 4253 913 4305 καὶ
945 4252 1230 4324 διακρατεῖ
1259 4255 1367 4309 τῶν
1402 4257 1737 4327 δημιουργη-

191 4333 365 4391 θέντων
407 4342 495 4395 ὐπ’
522 4342 687 4403 αὐτοῦ
713 4343 811 4412 τὴν
843 4344 1024 4412 φύσιν.

251 4605 363 4669 Πῶς
406 4605 493 4663 οὖν
551 4612 612 4664 τὸ
655 4613 809 4666 Θεῖόν
858 4615 976 4669 ἐστι
1023 4616 1298 4683 οὐσιωδῶς
1336 4621 1395 4671 ἐς)
1445 4618 1520 4689 τῷ
1556 4620 1738 4687 παντὶ,

191 4692 242 4745 οὐ
276 4697 363 4765 μία
397 4717 474 4763 τις
528 4703 591 4755 ὲκ
641 4703 850 4757 τούτων
893 4707 1235 4761 ἀποτελεῖται
1270 4710 1619 4775 συνουσίωσις
1647 4712 1742 4765 καὶ

192 4785 356 4865 etiam;
400 4792 476 4844 ὅτι
514 4793 623 4846 οὐδ’
667 4795 797 4848 ὅταν
850 4796 999 4868 αὐτῷ
1051 4801 1237 4870 ὲννοῇς
1282 4802 1402 4854 κατ’
1459 4804 1740 4873 ἐνέργειαν

194 4877 272 4931 καὶ
303 4880 456 4955 λέγῃς
500 4888 558 4939 ὲν
607 4888 686 4956 τῷ
755 4889 919 4943 παντὶ
963 4886 1132 4956 εἶναι,
1194 4893 1303 4945 οὐδ’
1354 4892 1526 4957 οὕτως
1588 4894 1743 4948 ἔσται

197 4974 644 5045 συντετελεσμένον
704 4978 798 5030 καὶ
857 4978 1071 5046 φύσεως
1115 4981 1271 5048 λόγον
1306 4982 1501 5053 ἐπέχον
1545 4982 1605 5034 τὸ
1644 4982 1736 5035 δυ-

193 5057 395 5127 νάμενον
441 5067 730 5138 ὁλόκληρόν
782 5087 899 5132 πως
952 5073 1209 5139 ὑποσχεῖν
1280 5072 1379 5141 τὴν
1430 5072 1618 5142 χρείαν
1677 5071 1739 5124 ἐκ

195 5165 244 5200 τε
280 5154 365 5206 τοῦ
418 5160 613 5223 παντὸς
664 5162 760 5214 καὶ
816 5163 880 5214 ἐκ
931 5164 1030 5227 τῆς
1075 5164 1223 5225 θείας
1285 5164 1377 5217 καὶ
1431 5165 1734 5232 κρείττονος

200 5244 440 5300 συνελθεῖν
495 5252 666 5322 ἑτέρῳ
724 5253 859 5323 πρὸς
930 5255 1058 5323 μίαν
1112 5256 1461 5317 ὑποστάσεως
1523 5255 1742 5309 αὐτοτέ-

200 5332 356 5389 λειαν’
393 5342 479 5393 καὶ
523 5345 639 5408 πῶς
698 5345 765 5399 ἂν
801 5346 861 5399 τὸ
909 5348 1030 5399 κατ’
1070 5348 1260 5400 οὐσίαν
1305 5348 1549 5417 ὑπάρχον
1600 5349 1737 5415 τινί;

199 5425 335 5480 τοῦτο
356 5430 458 5501 γάρ
481 5433 699 5503 εὔλογον
726 5439 1147 5508 προσεπιζητεῖν
1181 5439 1353 5492 δοκεῖ·
1390 5440 1516 5508 μίαν
1541 5441 1741 5493 ἐννοεῖν

203 5516 286 5568 οὐκ
313 5523 591 5593 ἀπαρτίζει
622 5531 718 5582 σὺν
745 5532 938 5599 ἐκείνῳ
966 5533 1280 5586 ὑπόστασιν.
1326 5531 1461 5583 Ἀλλ’
1495 5532 1554 5583 οὐ
1587 5531 1742 5600 χαλε-

208 5604 290 5658 πὸν
327 5609 666 5673 ἐπιλύσασθαι
687 5661 703 5684 ,
742 5621 824 5673 ὅτι
857 5621 1029 5675 διττὸν
1061 5622 1279 5689 λέγεται
1317 5622 1378 5673 τὸ
1407 5622 1525 5674 κατ’
1553 5621 1741 5675 οὐσίαν

209 5694 445 5771 ὖπάρχειν
472 5709 597 5762 τινί’
632 5712 693 5764 τὸ
731 5711 829 5781 μὲν
859 5712 965 5782 γὰρ
992 5713 1100 5767 τῶν
1130 5712 1541 5786 σημαινομένων
1574 5713 1629 5767 ἐν
1664 5712 1741 5782 τῷ

1834 3170 2022 3213 earum
2076 3165 2255 3205 rerum
2305 3163 2427 3216 quae
2475 3152 2604 3201 sunt
2639 3161 2652 3195 :
2684 3142 2778 3197 sed
2824 3141 2871 3196 si
2925 3148 3153 3209 oportet
3193 3136 3405 3207 aliquid

1835 3250 2012 3304 adhuc
2066 3243 2247 3297 dicere
2306 3237 2452 3308 quod
2517 3236 2588 3290 sit
2619 3232 2846 3305 majoris
2901 3228 3414 3299 contemplationis.

1836 3342 1904 3398 iis
1966 3339 2170 3397 etiam,
2232 3330 2325 3400 qui
2377 3336 2505 3384 sunt
2557 3326 2749 3381 altiore
2816 3333 2995 3377 mente
3043 3320 3292 3391 przcditi,
3365 3331 3421 3374 et

1835 3446 1946 3485 non
1978 3427 2155 3482 solent
2192 3420 2489 3476 formidare
2519 3425 2574 3472 et
2603 3416 2790 3485 fugere
2819 3413 3161 3467 altitudinem
3189 3412 3416 3479 dogma-

1838 3531 1952 3576 tum
1988 3516 2161 3588 magis
2201 3511 2637 3579 theologicorum
2668 3549 2683 3570 ,
2730 3517 2812 3559 est
2868 3503 3008 3556 Deus
3036 3512 3158 3557 actu
3193 3511 3247 3556 ct
3287 3504 3420 3555 sub-

1837 3607 2034 3662 stantia
2052 3600 2294 3658 inomni.
2322 3596 2610 3664 Quomodo
2640 3593 2805 3664 igitur
2829 3600 2917 3647 est
2938 3591 3244 3645 substantia
3276 3588 3421 3644 sicut

1841 3692 2153 3751 intellexisti
2206 3688 2370 3744 actu?
2416 3687 2543 3757 quia
2578 3684 2729 3739 enim
2775 3682 2882 3736 alia
2914 3689 3044 3734 sunt
3087 3678 3421 3749 quandoque

1841 3797 2003 3853 actu;
2062 3784 2213 3837 Deus
2255 3796 2384 3835 vero
2437 3780 2521 3849 (ut
2568 3778 2660 3846 qui
2722 3776 2892 3829 aciem
2951 3773 3147 3826 mentis
3202 3768 3430 3825 acutam'

1843 3880 2025 3939 habet,
2069 3874 2369 3943 intelligere
2415 3871 2610 3940 potest)
2656 3881 2872 3934 semper
2922 3863 3075 3917 adest
3116 3870 3275 3926 actu;
3312 3877 3418 3915 non

1840 3972 1985 4026 enim
2028 3984 2093 4021 ex
2129 3964 2447 4034 imperfecto
2477 3962 2541 4015 ad
2596 3961 2894 4030 perfectum
2943 3955 3203 4025 procedit,
3244 3968 3421 4022 neque

1841 4064 1984 4117 aliud
2020 4058 2148 4127 quid
2194 4066 2287 4110 est
2309 4070 2432 4110 esse
2464 4055 2641 4122 ipsum
2677 4066 2768 4119 per
2817 4065 2877 4103 se
2925 4049 3152 4109 bonum,
3192 4053 3416 4113 prmter-

1842 4168 2004 4222 quam
2050 4153 2227 4219 ipsum
2282 4162 2405 4201 esse
2505 4159 2599 4213 per
2685 4157 2744 4195 se
2799 4150 3003 4204 artum,
3074 4140 3266 4207 liquet,
3363 4136 3421 4189 in

1843 4248 2045 4316 quibus
2079 4252 2162 4298 est
2201 4252 2348 4304 actu,
2386 4240 2437 4292 in
2494 4238 2563 4291 iis
2601 4237 2733 4307 ipsis
2766 4249 2884 4286 esse
2932 4232 3281 4295 substantia;
3314 4230 3423 4300 agit

1845 4336 1990 4389 enim
2043 4329 2512 4388 conservationem
2562 4336 2613 4379 ct
2661 4324 3000 4389 (iurationem
3052 4337 3245 4376 eorum
3302 4336 3424 4389 quae

1771 4453 1814 4507 ο
1845 4436 1994 4480 sunt.
2027 4426 2309 4479 Sustentat
2341 4430 2522 4474 autem
2565 4427 2620 4471 et
2648 4418 2891 4470 continet
2926 4421 3171 4467 naturam
3204 4427 3421 4473 eorum,

1842 4534 1962 4587 qua:
1985 4518 2052 4571 ab
2078 4519 2194 4583 ipso
2234 4522 2413 4568 creata
2446 4520 2593 4565 sunt.

1915 4610 2202 4675 Quomodo
2233 4608 2396 4676 igitur
2433 4605 2479 4658 si
2528 4604 2670 4656 Deus
2717 4608 2800 4655 cst
2830 4599 3130 4654 secundum
3169 4597 3425 4652 substan-

1844 4704 1970 4757 tiam
2017 4700 2310 4762 inomni,
2364 4714 2473 4752 non
2542 4696 2828 4750 conlicitur
2890 4708 2996 4746 una
3049 4708 3113 4746 ex
3172 4691 3425 4745 omnibus

1845 4793 2216 4856 συνουσίωσις,
2266 4791 2319 4844 id
2368 4799 2470 4855 est,
2536 4786 3027 4843 consubstantiatio
3075 4795 3129 4837 et
3188 4784 3423 4837 natura?

1843 4884 2112 4950 Quoniam
2140 4896 2314 4950 neque
2338 4895 2463 4935 eum
2499 4878 2675 4947 ipsum
2706 4877 2962 4947 intelligis
3005 4875 3303 4930 secundum
3331 4889 3423 4927 ac-

1845 4986 1982 5041 tum,
2027 4983 2082 5029 et
2126 4973 2263 5027 dicis
2300 4980 2425 5025 actu
2473 4986 2594 5024 esse
2660 4969 2715 5023 in
2784 4968 2969 5030 omni,
3064 4982 3241 5036 neque
3320 4966 3421 5028 sic,

1849 5069 2092 5138 inquam,
2116 5066 2219 5120 erit
2241 5067 2568 5119 constitutus
2596 5073 2648 5117 et
2677 5062 2936 5115 rationem
2966 5070 3172 5114 natura:
3196 5060 3425 5125 habens,

1847 5163 1939 5230 qui
1997 5158 2172 5227 possit
2224 5156 2407 5211 subire
2456 5155 2724 5222 integrum
2779 5151 3183 5222 quodauunodo
3238 5165 3425 5213 usum,

1842 5250 2191 5313 constitutus,
2220 5248 2463 5315 inquam,
2509 5262 2573 5299 ex
2622 5250 2768 5299 omni
2813 5255 2867 5299 et
2908 5261 2973 5297 ex
2999 5245 3179 5297 divina
3209 5251 3425 5303 natura,

1842 5358 1962 5413 qum
1988 5339 2332 5409 prmstantior
2357 5346 2460 5403 est,
2485 5353 2647 5406 quam
2684 5346 2741 5391 ut
2776 5337 2947 5405 possit
2976 5350 3099 5389 cum
3148 5332 3252 5385 alio
3291 5344 3425 5382 eou-

1843 5434 1989 5504 gredi
2049 5430 2117 5483 ad
2148 5444 2307 5481 unam
2334 5436 2500 5481 totam
2555 5429 2860 5498 hypo.~tasis
2906 5426 3311 5496 perfectionem.
3356 5422 3419 5476 Et

1843 5525 2119 5599 quomodo
2187 5536 2308 5577 esse
2363 5522 2658 5576 secundum
2716 5522 3078 5577 substantiam
3131 5519 3182 5570 in
3236 5516 3421 5585 aliquo

1846 5624 1981 5692 (lucc
2008 5618 2153 5673 enim
2205 5619 2433 5686 quznstio
2459 5618 2621 5687 digna
2651 5618 2861 5671 videtur
2889 5612 3256 5684 iudagatione)
3307 5628 3418 5665 non

1846 5712 1997 5776 facit,
2033 5721 2090 5764 ut
2131 5698 2497 5779 intelligamus
2528 5722 2689 5762 uuam
2733 5723 2855 5762 cum
2904 5707 2996 5760 illo
3044 5702 3420 5777 hypostusim?
