3864 6208
403 265 507 371 ιω

1571 300 1837 365 ΡΗΟΤΠ
1876 299 2385 361 PATRIARCIUE
2410 301 2520 363 CP.

3571 300 3666 369 468

406 422 509 476 Sed
550 436 657 476 non
703 428 790 475 est
826 416 1063 473 diiiicilis
1108 416 1175 472 ad
1223 416 1565 481 solvendum,
1602 417 1730 485 quia
1772 430 1897 469 esse
1937 415 1975 470 ir

2096 415 2347 482 παρεῖναι
2390 413 2560 485 δηλοῖ,
2593 415 2761 486 μέρος
2793 432 2853 469 τε
2885 406 3132 485 γίνεσθαι
3182 413 3269 469 τοῦ
3301 414 3665 487 συγκρίματος

403 514 592 584 aliquo
642 498 949 568 scentulum
998 510 1362 566 substantiam
1409 511 1703 581 dupliciter
1746 511 1985 566 dicitur:

405 620 576 659 uinum
606 604 750 658 enim
781 602 1153 670 signiﬁcatum
1183 603 1426 658 declarat
1457 604 1536 658 sic
1561 619 1684 659 esse
1705 604 1759 657 in
1782 603 1989 673 aliquo,

404 707 464 751 ut
511 698 603 751 tiat
637 711 764 766 pars
808 695 1123 765 compositi,
1172 704 1225 749 et
1278 695 1549 764 compleat
1600 695 1989 765 perfectionem

405 789 707 844 secundum
734 789 1125 859 liyspostasim,
1160 786 1300 842 sicut
1331 787 1511 841 anima
1535 796 1619 842 est
1646 787 1699 841 in
1728 804 1988 857 corpore;

404 880 637 934 alterum
692 894 820 934 vero
852 878 1219 948 significatum
1266 879 1505 933 declarat
1531 880 1605 933 ita
1633 895 1755 934 csse
1795 879 1848 933 in
1886 879 1991 934 ali-

404 986 536 1042 quo,
568 981 629 1024 ut
659 986 942 1041 nunquam
977 970 1241 1025 efficiatur
1273 987 1400 1041 pars
1445 972 1838 1036 concretionis,
1875 973 1991 1029 sive

406 1061 939 1130 coagmentationis;
968 1077 1146 1132 neque
1182 1061 1609 1133 proprietatibus
1640 1062 1986 1132 immutatur,

406 1153 617 1208 naturis
684 1152 972 1223 utriusque
1026 1153 1260 1223 propriis
1319 1152 1478 1209 factis
1538 1157 1926 1212 communibus
1970 1196 1988 1223 ,

406 1263 506 1303 nec
534 1248 602 1302 ab
636 1250 808 1302 altero
836 1262 902 1302 ex
936 1247 1213 1302 concretis
1244 1248 1546 1317 perﬁcitur,
1575 1250 1669 1304 sed
1700 1251 1881 1320 potius
1906 1261 1989 1306 est

404 1354 735 1409 congressus
789 1339 909 1408 ejus
967 1339 1309 1395 constituens
1357 1351 1414 1395 et
1470 1355 1802 1397 conservans
1851 1358 1990 1399 con-

398 1432 645 1501 junctam
696 1439 751 1486 et
780 1431 1072 1500 perfectam
1099 1431 1463 1502 hypostasim,
1496 1435 1638 1488 sicut
1663 1444 1746 1490 est
1774 1450 1865 1490 ars
1883 1452 1989 1505 gu-

401 1525 709 1583 bernatoris
728 1525 783 1578 in
815 1524 963 1589 navi,
989 1531 1046 1577 ut
1080 1524 1452 1579 minutissima
1481 1526 1718 1595 imagine
1744 1536 1798 1582 et
1827 1528 1987 1583 simi-

399 1617 628 1673 litudine
675 1617 800 1688 ejus
850 1619 951 1682 rei,
1009 1634 1133 1689 quae
1194 1619 1247 1673 in
1297 1630 1553 1689 promptu
1593 1631 1697 1688 est,
1740 1632 1980 1678 utamur.

396 1710 575 1780 Atque
605 1710 721 1766 haec
759 1710 980 1781 quidem
1015 1726 1121 1764 non
1147 1710 1454 1782 dogmatice
1483 1722 1537 1767 et
1573 1712 1984 1769 immutabiliter

2011 1756 2059 1815 B

2094 507 2189 560 καὶ
2211 507 2657 579 ἁναπληρωτικὸν
2685 509 2954 579 ὑπάρχειν
2976 508 3077 579 τῆς
3098 509 3239 564 κατά
3260 508 3359 581 τὴν
3379 509 3666 565 ὑπόστασιν

2094 600 2452 672 τελειότητος,
2482 602 2735 672 καθάπερ
2762 601 2840 673 τῷ
2867 601 3131 672 σώματιὴ
3156 600 3301 671 ψυχή
3329 617 3344 631 ⁸
3370 600 3434 655 τὺ
3453 600 3533 663 δὲ,
3554 599 3665 656 οὔτε

2097 695 2263 764 μέρος
2322 693 2389 747 ἄν
2440 711 2569 747 ποτε
2628 694 2839 763 γένοιτο
2883 693 2978 747 τοῦ
3023 694 3368 766 φυράματος,
3406 693 3535 749 οὔτε
3567 698 3667 760 τοῖς

2098 786 2384 857 ἰδιώμασιν
2428 787 2819 841 ὲπαλλάττεται
2876 789 3363 858 κοινοποιουμένων
3402 786 3513 841 τῶν
3570 789 3667 859 ἀφ-

2093 879 2418 950 ωρισμένων
2461 880 2698 951 ἑκατέρᾳ
2734 880 2843 933 τῶν
2872 880 3115 949 φύσεων·
3146 880 3269 934 οὔτε
3305 880 3411 935 ὑπὸ
3441 881 3662 953 θατέρου

2091 973 2201 1029 τῶν
2230 972 2619 1044 συγκριμὼιων
2644 972 3008 1043 ἀπαρτίζεται
3027 989 3043 1005 ο
3079 972 3193 1026 ἀλλ’
3221 973 3368 1027 ἔστιν
3398 975 3432 1045 ἠ
3461 973 3667 1038 σύνοδος

2093 1066 2258 1120 αὐτοῦ
2292 1067 2591 1137 συστατική
2634 1083 2692 1119 τε
2726 1066 2927 1134 μᾶλλον
2970 1065 3065 1118 καὶ
3112 1065 3351 1135 σωστικὴ
3398 1065 3504 1133 τῆς
3549 1082 3665 1119 συνο

2093 1158 2407 1229 απτομένης
2437 1159 2531 1211 καὶ
2559 1158 2878 1220 αὐτοτελοῦς
2902 1158 3253 1221 ὑποστάσεως
3276 1177 3289 1189 ·
3319 1157 3446 1211 καθ’
3472 1158 3532 1211 ὂν
3560 1159 3663 1229 τρό-

2093 1268 2193 1306 πον
2222 1251 2309 1304 διὰ
2342 1250 2688 1322 βραχυτάτης
2718 1252 2923 1314 εἰκόνος
2962 1252 3058 1305 καὶ
3089 1250 3189 1321 τῆς
3216 1250 3322 1305 ἀνὰ
3347 1252 3507 1321 χεῖρα
3535 1252 3664 1322 χρή-

2093 1361 2231 1408 σεως
2272 1346 2447 1397 εἰπεῖν
2487 1345 2521 1414 ἠ
2547 1343 2641 1397 τοῦ
2675 1343 3012 1415 κυϐερνήτου
3050 1344 3214 1414 τέχνη
3246 1345 3312 1415 τῇ
3351 1344 3462 1413 νηΐ.
3513 1342 3665 1397 Ἀλλὰ

2089 1433 2260 1488 ταῦτα
2293 1436 2392 1504 μὲν
2413 1435 2511 1505 οὐχ
2537 1436 2566 1488 ὁ
2589 1434 2920 1505 δογματικδς
2938 1434 3160 1501 διέξεισι
3182 1434 3339 1504 λόγος
3360 1434 3459 1486 καὶ
3482 1434 3659 1505 ἀκίνη-
3760 1436 3769 1443 “

2088 1542 2200 1590 τος,
2222 1526 2297 1589 ὡς
2320 1526 2421 1597 ἤδη
2449 1528 2540 1579 καὶ
2562 1527 2656 1580 τοῦ
2678 1528 2964 1598 προοιμίου
2995 1530 3026 1598 ἡ
3048 1528 3312 1599 διασκευὴ
3334 1528 3663 1595 ἐπεδείξατο,

2089 1618 2205 1672 ἀλλ’
2238 1619 2265 1671 ὁ
2291 1618 2600 1681 είκαστικύς
2629 1636 2690 1673 τε
2734 1621 2830 1672 καὶ
2862 1621 3232 1689 γυμναστικὸς
3265 1618 3661 1672 διετυπώσατο·

2088 1713 2363 1784 κρατείτω
2389 1713 2434 1766 δ’
2464 1712 2558 1768 οὖν
2578 1714 2724 1784 ὅμως
2757 1711 2950 1778 ταῦτα,
2981 1711 3086 1776 ἕως
3114 1712 3371 1786 ἁνακύψῃ
3391 1712 3463 1766 τὰ
3493 1711 3665 1783 κρείτ-

394 1803 537 1858 dicta
560 1813 711 1864 sunt,
739 1811 797 1856 ut
823 1803 876 1856 in
904 1803 1173 1872 prooemio
1199 1805 1647 1873 praemonuimus,
1681 1808 1775 1860 sed
1800 1808 1981 1875 potius
2011 1803 2058 1815 ”’
2088 1819 2239 1857 τοναο

395 1912 489 1967 per
525 1896 899 1965 conjecturam
933 1904 987 1949 et
1026 1897 1437 1953 exercitationis
1488 1898 1660 1969 gratia
1709 1898 1980 1957 delineata

395 1999 543 2042 sunt.
585 1986 811 2040 Valeant
838 2002 968 2056 ergo
997 1987 1110 2042 [nec
1144 1989 1320 2056 quoad
1356 1990 1581 2046 meliora
1612 2001 1828 2048 exeant.

677 2094 1007 2162 ρυᾸεετιο
1050 2096 1256 2151 LXXVI
1301 2097 1398 2169 [αι.
1426 2099 1665 2174 LXXV].

395 2188 537 2268 Quid
575 2188 843 2268 sibi-puli.
880 2188 1038 2268 illud,
1066 2190 1221 2268 quod.
1244 2209 1292 2268 _a
1328 2191 1555 2268 Domino
1595 2197 1873 2268 discipulis
1918 2205 1974 2259 iu

470 2257 755 2343 Evangelia
788 2260 986 2343 dicitur
1013 2275 1034 2315 :
1064 2257 1086 2311 ί
1127 2258 1283 2342 Vobis
1315 2263 1514 2343 datum_
1542 2279 1636 2330 est,
1672 2257 1824 2343 ηᾷδεβ
1860 2257 1977 2343 ιηῃέ

462 2330 628 2409 steria
672 2330 820 2401 regni
866 2330 985 2409 Dei,
1021 2345 1122 2384 cm
1151 2332 1227 2386 ris
1273 2343 1448 2409 autem
1497 2336 1549 2389 in
1578 2339 1871 2409 parabolis,
1913 2330 1975 2399 ἷιί

743 2416 846 2455 non
897 2401 1139 2467 uideant,
1190 2413 1239 2456 et
1294 2400 1587 2461 audientes
1618 2424 1722 2463 non
1768 2400 1972 2469 intelli-

732 2488 751 2508 .

460 2480 699 2541 gent"?
731 2488 751 2523 ι

2617 2109 2955 2166 ΕΡΩΤΗΣΙΣ
2994 2109 3135 2175 ocr.

2092 2210 2157 2268 Τί
2191 2206 2375 2276 δηλοῖ
2405 2208 2473 2262 τὸ
2509 2206 2668 2273 παρὰ
2710 2204 2815 2257 τοῦ
2844 2204 3069 2278 Κυρίου
3110 2194 3572 2278 τοζςῄιιαθηςᾳξς
3600 2194 3665 2246 ἐν

2157 2264 2263 2346 τῷ¹
2306 2264 2651 2348 Εὑαγτελῖῳ
2701 2264 3062 2348 Δείρημιξιῖοις·
3125 2264 3362 2348 (βηᾷιῖν
3430 2264 3663 2348 δέδοται

2155 2338 2379 2423 ﬂabra;
2409 2338 2492 2403 τὶῖ
2509 2338 3317 2423 μυρτήρὶαὲῆςῼβςιαιλςίας
3342 2338 3460 2423 ξος)
3486 2338 3659 2423 ΑΘεοιῦ,

2155 2410 2280 2488 τοῖς
2302 2419 2371 2473 δὲ
2406 2410 2645 2483 λοιὲτοῑς
2785 2410 3179 2488 παραϐολαῖς,
3199 2412 3302 2464 ἳνα
3324 2410 3661 2488 Quaersz

2150 2493 2237 2563 μὴ
2255 2481 2559 2557 Βλέπωσι,
2587 2481 2686 2541 καί
2708 2481 3036 2548 ἀκούοντες
3060 2482 3146 2551 μὴ
3182 2481 3440 2536 συνιῶσι
3467 2495 3488 2545 ;
3532 2496 3549 2528 ι

481 2586 739 2636 Editarum
762 2603 791 2637 a
820 2587 999 2637 Wolﬁo
1021 2589 1237 2638 secunda
1260 2589 1373 2640 Cur.
1402 2590 1584 2643 Philol.
1608 2594 1666 2652 V,
1687 2596 1915 2665 6759.671,
1942 2623 1975 2673 ait

2106 2610 2354 2669 Galland.,
2397 2611 2434 2656 t.
2464 2604 2597 2664 XIII,
2630 2615 2677 2663 p.
2698 2600 2929 2660 698-702,
2964 2612 3017 2648 ιι.
3051 2599 3098 2647 2.
3136 2597 3191 2647 In
3220 2595 3340 2644 Luc.
3363 2605 3466 2650 vni,
3492 2590 3567 2641 10.

463 2695 678 2752 Dictum
713 2697 869 2764 illud,
911 2698 1071 2767 cujus
1110 2714 1333 2754 sensum
1374 2716 1441 2755 ex
1487 2717 1573 2757 me
1606 2709 1971 2784 requisivisti,

391 2807 423 2847 a
451 2797 689 2862 quatuor
717 2790 938 2861 quidem
977 2792 1333 2862 evangelistis
1359 2797 1725 2869 perscriptum
1768 2816 1972 2875 exstat,

391 2883 461 2937 ab
493 2884 631 2939 Isaia
671 2899 800 2938 vero
832 2884 1098 2955 propheta
1145 2888 1573 2955 praenuntiatum
1615 2895 1785 2952 est".
1838 2896 1978 2955 Tres

391 2986 572 3031 autem
605 2991 798 3032 eorum
845 2978 1132 3033 oraculum
1163 2978 1269 3034 hoc
1304 2981 1422 3037 suis
1448 2984 1631 3041 verbis
1674 2998 1730 3042 et
1755 2990 1975 3060 quidem

389 3068 800 3138 paraphrastice
841 3079 1177 3135 contexunt,
1235 3073 1454 3131 divinus
1503 3092 1633 3132 vero
1690 3079 1977 3140 Mattliaeus

389 3162 509 3216 suis
542 3161 699 3229 illud,
730 3162 911 3217 instar
941 3164 1267 3229 testimonii,
1312 3169 1557 3236 apponit.
1590 3167 1758 3229 Isaias
1804 3177 1974 3243 enim,

389 3266 516 3305 eum
560 3262 861 3322 conspectu
888 3253 1074 3321 gloria:
1093 3254 1313 3309 Domini
1335 3256 1538 3327 dignus
1557 3260 1779 3319 habitus
1806 3277 1974 3333 esset,

389 3344 537 3397 etab
587 3359 697 3399 uno
746 3359 814 3399 ex
871 3346 1182 3416 serapliiuis
1216 3349 1475 3405 carbone
1528 3352 1766 3423 linguam
1814 3374 1972 3413 suam

389 3443 677 3505 purgatam
722 3435 973 3503 vidisset,
1024 3436 1267 3493 divinam
1320 3441 1469 3496 illam
1516 3459 1701 3501 vocem
1737 3450 1971 3517 audivit,

384 3527 665 3599 iubentem
712 3544 728 3582 :
773 3546 793 3581 ι
826 3528 953 3593 Abi,
1012 3537 1066 3584 et
1118 3530 1207 3586 dic
1258 3534 1462 3602 popqu
1516 3537 1592 3592 illi
1639 3540 1975 3601 :Audiendo

386 3616 643 3681 audietis,
677 3625 733 3672 et
776 3631 881 3671 non
924 3618 1266 3690 intelligetis,
1302 3635 1358 3677 et
1395 3624 1633 3683 videndo
1672 3629 1924 3689 videbitis
1955 3673 1971 3700 ,

387 3720 439 3763 et
474 3725 581 3763 non
622 3710 902 3765 videbitis.
928 3711 1298 3770 lncrassatum
1349 3727 1434 3772 est
1481 3721 1624 3775 enim
1658 3738 1754 3778 cor
1782 3727 1969 3796 populi

386 3800 575 3872 hujus,
612 3810 667 3857 et
712 3804 942 3859 auribus
982 3804 1275 3862 diiliculter
1316 3812 1667 3880 audiverunt,
1708 3826 1761 3871 et
1799 3820 1973 3875 oculis

384 3895 688 3963 nictarunt,
723 3912 791 3951 ne
828 3896 1046 3953 videant
1068 3901 1267 3968 oculis,
1302 3912 1358 3957 et
1388 3905 1618 3961 auribus
1641 3909 1891 3978 audiant,
1917 3921 1973 3967 et

383 3997 566 4042 mente
591 3988 913 4058 percipiant,
948 4000 1002 4045 et
1026 4000 1444 4063 convertantur,
1469 4005 1525 4050 et
1547 4002 1735 4055 Saner'n
1772 4000 1912 4059 illos.
1945 4022 1965 4056 ι

378 4078 459 4133 Ita
487 4080 649 4134 habet
668 4081 953 4136 oraculum
982 4084 1383 4153 propheticum,
1418 4104 1528 4160 quo
1551 4100 1786 4147 utuntur
1807 4111 1971 4151 evan-

381 4165 625 4233 geiistat;
685 4168 942 4239 idemque
1005 4180 1121 4226 tum
1185 4173 1589 4245 improbitatem
1652 4180 1966 4240 Judaeorum

382 4259 528 4314 illius
549 4262 726 4317 aetatis
745 4262 943 4330 prodit,
974 4274 1089 4320 tum
1118 4282 1251 4323 vero
1276 4285 1381 4324 non
1408 4273 1592 4330 minus
1624 4280 1968 4345 praznuntiat

2156 2721 2231 2773 Τὸ
2276 2717 2438 2789 ῥητὸν
2489 2716 2601 2786 (85)
2645 2707 2705 2768 οὗ
2766 2711 2962 2784 μαθεῖν
3001 2710 3099 2778 τὴν
3147 2706 3386 2758 διάνοιαν
3431 2700 3657 2772 ᾔτησας,

2079 2815 2191 2876 τοῖς
2251 2812 2508 2880 τέτταρσι
2571 2809 2668 2879 μὲν
2723 2806 2833 2859 τῶν
2881 2800 3286 2872 εὓαγγελιστῶν
3344 2795 3659 2864 ἀναγέγραι-

2079 2920 2209 2958 πται
2256 2902 2391 2974 (86),
2452 2902 2571 2954 ἐστι
2621 2897 2732 2969 (87)
2779 2897 2836 2950 δὲ
2885 2890 3285 2964 προειρημένον
3344 2886 3544 2955 Ἡσαΐᾳ.
3580 2883 3660 2953 τῷ

2080 2995 2355 3065 προφήτῃ.
2394 2992 2538 3045 Ἀλλ’
2562 2992 2611 3043 οἰ
2645 2990 2744 3061 μὲν
2771 2989 2920 3059 τρεῖς
2944 2982 3356 3055 παραφράσεως
3374 2977 3486 3065 (88)
3512 2977 3677 3045 νόμῳ.

2081 3064 2464 3153 συνυφαίνουσι
2490 3084 2549 3137 τὸ
2582 3082 2748 3154 ῥητὸν
2780 3080 2960 3149 λόγοις
3010 3078 3179 3140 ἰδίοις,
3209 3078 3238 3129 ὁ
3260 3074 3317 3128 δέ
3371 3064 3432 3139 γε
3465 3069 3659 3135 θεσπέ-

2088 3194 2201 3239 σιος
2235 3175 2513 3239 Ματθαῖος
2551 3175 2692 3228 κατά
2722 3172 3030 3245 παράθεσιν
3061 3170 3193 3223 αὐτὸ
3224 3168 3315 3221 καί
3349 3164 3659 3238 μαρτυρίας

2077 3269 2233 3339 τύπῳ
2270 3270 2481 3336 εἰσάγει
2513 3268 2647 3339 (89).
2687 3267 2915 3328 Ἡσαΐας
2971 3264 3102 3335 γὰρ,
3144 3262 3309 3334 ἡνίκα
3355 3264 3456 3330 τῆς
3503 3258 3659 3326 δόξης

2078 3363 2285 3431 Κυρίου
2329 3361 2525 3433 θεατὴς
2564 3360 2771 3431 ἠξιώθη
2808 3359 3104 3427 γενέσθαι,
3162 3358 3255 3409 καὶ
3294 3353 3375 3424 τῷ
3426 3352 3659 3421 ἄνθρακι

2074 3454 2143 3507 δι’
2173 3454 2293 3519 ἑνὸς
2319 3456 2429 3507 τῶν
2462 3455 2735 3524 σεραφεὶμ
2755 3452 3037 3525 ἐκαθάρθη
3061 3451 3129 3504 τὰ
3159 3449 3336 3521 χείλη,
3355 3444 3658 3518 τηνικαῦτα

2076 3546 2172 3600 καὶ
2199 3547 2297 3616 τῆς
2323 3546 2473 3609 θείας
2507 3546 2723 3615 ἐκείνης
2751 3545 2985 3614 ἤκουσεν
3017 3542 3200 3613 φωνῆς
3224 3556 3236 3568 ·
3283 3559 3300 3591 ι
3329 3536 3654 3608 Πορεύθητι,

2074 3636 2360 3708 λεγούσης,
2384 3639 2477 3691 καί
2506 3637 2675 3690 είταὶιν
2710 3634 2787 3706 τῷ
2815 3633 2927 3704 λαῷ
2953 3633 3147 3703 τούτῳ·
3175 3633 3337 3702 Ἀκοῇ
3370 3629 3657 3688 ἀκούσετε,

2075 3731 2171 3785 καὶ
2200 3731 2261 3784 οὑ
2292 3730 2369 3801 μὴ
2402 3729 2616 3800 συνῆτε,
2636 3730 2732 3782 καί
2769 3728 3060 3799 βλέποντες
3095 3724 3346 3796 βλέψετε,
3368 3721 3465 3775 καὶ
3489 3722 3551 3774 οὐ
3584 3720 3657 3789 μὴ

2076 3825 2245 3894 ίδητε.
2295 3821 2605 3893 Ἐπαχύνθη
2653 3822 2763 3892 γὰρ
2800 3822 2833 3891 ἡ
2868 3819 3066 3891 καρδία
3114 3817 3209 3870 τοῦ
3258 3814 3391 3868 λαοῦ
3440 3813 3655 3879 τούτου,

2072 3918 2165 3969 καὶ
2192 3918 2308 3979 τοῖς
2332 3915 2436 3968 ὠσὶ
2462 3914 2673 3985 βαρέως
2702 3915 2965 3984 ἥκουσαν,
2997 3911 3090 3965 καὶ
3120 3909 3435 3979 ὀφθαλμοὺς
3481 3906 3657 3976 ἐκάμ-

2075 4024 2274 4079 μυσαν,
2304 4008 2379 4079 μή
2431 4008 2551 4060 ποτ’
2587 4007 2738 4059 ἴδωσι
2765 4008 2873 4067 τοῖς
2905 4004 3225 4074 ὀφθαλμοῖς,
3261 4003 3491 4064 καὶτοῖς
3524 4001 3656 4054 ὠσὶν

2069 4099 2399 4163 ἀκούσωσιν,
2436 4098 2532 4153 καὶ
2565 4102 2633 4170 τῇ
2678 4099 2879 4170 καρδίᾳ
2936 4097 3156 4158 συνῶσι,
3186 4097 3285 4149 καὶ
3313 4095 3654 4164 ἐπιστρέψω-

2071 4208 2175 4256 σιν,
2225 4193 2322 4244 ml.
2381 4192 2619 4262 ἰάσωμαι
2683 4191 2902 4255 αὐτούς.
2945 4210 2962 4241 ι
3011 4188 3173 4243 Ἀλλὰ
3215 4187 3391 4241 ταῦτα
3440 4187 3544 4258 μὲν
3590 4188 3656 4239 τὰ

2068 4283 2384 4352 προφητικὰ
2434 4283 2677 4352 ῥήματα,
2711 4274 2787 4335 ὧι
2829 4282 2863 4350 ἡ
2908 4280 3102 4350 χρῆσις
3152 4281 3262 4342 τοῖς
3298 4278 3652 4346 Εὐαγγελίοις

380 4361 661 4422 stuporem
713 4365 1083 4426 posterorum,
1129 4360 1222 4430 qui
1256 4365 1505 4420 eamdem
1563 4367 1829 4424 imitando
1872 4387 1967 4427 ex-

2088 4372 2479 4442 τεριείληπται,
2512 4370 2735 4441 δηλοῦσι
2761 4370 2817 4424 δὲ
2849 4370 2948 4441 τὴν
2976 4369 3372 4441 ἀγνωμοσύνην
3401 4368 3510 4421 τῶν
3533 4368 3651 4421 κατ’

380 4445 649 4513 pressuri,
684 4455 740 4501 et
785 4445 1090 4504 Salvatoris
1136 4452 1444 4509 doctrinam
1496 4473 1607 4512 non
1665 4460 1961 4517 admissuri

2088 4466 2243 4516 ικεῖνο
2270 4464 2382 4533 (90)
2427 4463 2623 4533 καιροῦ
2664 4462 2958 4516 Ἰουδαίων.
3008 4462 3174 4514 Οὐδὲν
3222 4462 3277 4513 δὲ
3308 4456 3472 4532 ἦττον
3520 4476 3651 4530 προ-

379 4539 509 4606 sint,
544 4541 636 4610 qui
667 4551 721 4596 et
748 4543 1090 4600 admirandis
1134 4548 1394 4616 operibus
1430 4559 1483 4604 et
1515 4553 1692 4608 verbis
1721 4553 1961 4611 divinio-

2088 4554 2286 4622 ,έγουσι
2321 4554 2551 4608 καὶτῶν
2583 4552 2808 4625 ὕστερον
2846 4554 3029 4606 αὐτῶν
3062 4552 3159 4624 τὴν
3190 4553 3423 4623 μίμησιν
3454 4552 3650 4604 ἐναπο-

377 4632 528 4687 ribus
559 4642 615 4688 et
640 4649 803 4691 aures
824 4650 1014 4691 eorum
1039 4646 1094 4693 et
1122 4640 1310 4695 oculos
1342 4643 1671 4700 convincere
1720 4648 1960 4703 conaba-

377 4731 485 4775 tur.
522 4722 601 4778 Illi
653 4725 862 4781 scilicet
905 4728 1030 4782 data
1090 4743 1255 4799 opera
1295 4747 1458 4789 aures
1503 4736 1723 4803 surdas,
1764 4738 1960 4794 oculos

377 4821 559 4867 autem
612 4830 724 4884 prae
775 4817 1181 4876 incredulitatis
1231 4822 1471 4892 caligine
1514 4840 1713 4892 caecos,
1764 4828 1960 4884 redde-

376 4907 528 4968 bant.
556 4924 733 4979 neque
761 4925 926 4967 aures
958 4911 1028 4966 ad
1060 4914 1224 4967 verba
1253 4914 1392 4968 adeo
1423 4914 1688 4971 salutaria
1719 4920 1953 4988 aperire,

373 5012 553 5069 neque
596 5002 787 5057 oculos
827 5003 894 5059 ad
926 5004 1172 5060 divinam
1217 5005 1617 5064 miraculorum
1648 5009 1828 5067 lucem
1864 5028 1957 5067 ex-

2068 4646 2417 4718 μαξαμένων,
2475 4648 2570 4700 καὶ
2633 4650 2696 4718 τῇ
2744 4646 2837 4700 τοῦ
2894 4646 3147 4716 Σωτῆρος
3203 4643 3526 4714 διδασκαλίᾳ
3573 4642 3646 4713 μὴ

2066 4740 2421 4807 πεισθέντων,
2484 4741 2560 4804 ὡς
2610 4740 2791 4812 ἔργοις
2834 4756 2893 4792 τε
2940 4738 3263 4807 παραδόξοις
3321 4738 3417 4791 καὶ
3473 4737 3647 4804 λόγοις

2066 4831 2373 4902 ὑπερφυέσι
2400 4832 2501 4903 τήν
2522 4849 2582 4884 τε
2607 4833 2776 4902 ἀκοὴν
2811 4831 2991 4885 αὐτῶν
3016 4832 3110 4884 καὶ
3143 4832 3243 4903 τὴν
3275 4829 3400 4900 ὄψιν
3434 4827 3644 4898 διήλεγο

2064 4924 2175 4990 ξεν,
2203 4923 2301 4994 τὴν
2340 4924 2438 4994 μὲν
2467 4922 2826 4993 κωφεύουσαν
2860 4924 3148 4987 ἑκουσίως,
3177 4923 3277 4992 τὴν
3307 4922 3365 4974 δὲ
3395 4919 3642 4990 τυφλώτ-

2063 5033 2263 5070 τουσαν
2306 5019 2375 5088 τῇ
2402 5016 2553 5088 λήμῃ
2580 5017 2680 5088 τῆς
2710 5000 2989 5080 ἀπιστίας.
3027 5017 3135 5068 Καὶ
3177 5014 3302 5068 οὔτε
3349 5016 3488 5086 πρὸς
3526 5031 3644 5068 τοσ-

442 5179 484 5210 ⁷¹
510 5179 643 5237 Luc.
677 5199 794 5251 vm,
827 5183 916 5239 10.
994 5185 1169 5243 "lsa.
1202 5202 1278 5255 vt,
1314 5189 1370 5257 9,
1404 5190 1489 5247 10.

2329 5302 2426 5343 άῖῗιῗ

2386 5340 2412 5355 ,.

1897 5373 2130 5433 NOTAE.

590 5557 840 5649 Qiiuillud
881 5575 967 5649 est
995 5582 1062 5649 ex
1090 5566 1246 5622 Colb.
1275 5568 1418 5638 quod
1464 5586 1659 5629 sensus
1686 5574 1945 5646 postulat.

2093 5575 2392 5649 captiost»:-

440 5636 557 5723 ἓξὲξ
588 5635 745 5723 9.9m-
774 5635 1307 5723 ι).τεξ.εττέγροεπταιε
1687 5635 1702 5646 ’

2124 5635 2237 5723 (89)
2268 5635 2529 5723 ίίροάγει,
2563 5646 2719 5723 Cpib.
2752 5646 3092 5723 Vid.Matth.
3117 5664 3238 5723 xm,
3272 5651 3361 5706 Η.

441 5702 558 5794 ἓὲἰὶ
592 5702 1165 5794 ζξστιέοηξέίὶτδτί·
1523 5782 1536 5794 .
1609 5785 1664 5794 ..

2127 5702 2240 5794 (ξ)ρὸ
2279 5702 2369 5794 Sic
2409 5702 2630 5794 έρείρέες
2653 5702 2751 5790 pro
2777 5702 3241 5794 mastigia};
3271 5702 3459 5794 Quae
3484 5735 3620 5787 mox,

446 5772 561 5843 (88)
593 5772 685 5830 Sic
719 5785 863 5833 recte
892 5772 1047 5834 Colb.
1078 5793 1177 5849 pro
1216 5799 1229 5836 :
1270 5780 1449 5836 Ἄλλοι
1481 5782 1578 5854 μὲν
1609 5785 1787 5857 λέγεις
1828 5805 1936 5841 πα-

2092 5826 2104 5841 .
2131 5772 2237 5857 Ἱόξ
2276 5772 2444 5845 utitur
2474 5772 2741 5857 PliOtitis,
2767 5772 3257 5851 nec
