3820 6212
139 250 241 317 469
1078 253 1178 313 AD
1211 249 1684 313 AM-PHILOCHI

1791 250 1805 310 [
1844 249 2197 322 QUAESTIO
2238 250 2499 311 LXXVI.
3278 249 3386 313 4Ἶο

136 361 294 429 αύτην
337 360 595 431 ῥημάτων
647 360 762 430 (9|)
808 361 1080 431 ὠφέλειαν
1130 363 1229 432 τὴν
1275 362 1447 432 ἀκοὴν
1491 360 1676 425 ἀνοῖξα

1808 362 2047 430 pandere
2068 360 2347 415 volebant.
2381 360 2508 414 Ideo
2534 359 2819 439 propheta,
2848 361 3170 417 surditatem
3188 376 3383 418 eorum

134 451 402 514 ἐθέλοντας
433 451 543 523 (92)
563 493 580 519 ,
606 451 728 507 οὔτε
753 455 889 525 πρὸς
925 453 1067 509 οὕτω
1113 454 1438 525 θεοπρεπεῖς
1481 452 1684 522 θαυμά-

1799 461 1856 508 et
1900 454 2202 509 caecitatem
2246 468 2355 507 non
2424 452 2531 507 nisi
2581 468 2647 507 ex
2694 454 2914 523 propria
2963 454 3168 510 malitia
3207 463 3382 510 ortam

130 559 229 596 των
266 541 376 612 (95)
421 543 774 615 λαμπηδόνας
806 546 933 609 τοὺς
985 545 1300 616 ὀφθαλμοὺς
1344 543 1684 598 ἀναπετάσαι

1801 551 2121 607 testaturus,
2158 542 2238 597 ait
2270 561 2283 595 :
2319 560 2338 593 ι
2368 543 2737 600 lnerassalum
2771 543 2914 597 enim
2946 553 3027 599 est
3065 559 3162 598 cor
3197 545 3382 614 populi

131 632 493 704 βουληθέντας.
540 634 633 689 Διὸ
679 637 774 689 καὶ
807 638 835 690 ὁ
878 640 1166 708 προφήτης
1208 637 1269 690 τὺ
1297 636 1482 705 κωφὸν
1509 636 1684 699 αὐτοῖς

1800 635 1987 706 hujus.
2024 654 2043 688 ›
2082 635 2145 690 Ει
2176 635 2449 704 quoniam
2487 635 2865 689 incrassarunt
2894 650 2988 690 cor
3023 651 3207 701 suum,
3255 652 3385 708 pro:

130 726 214 778 καὶ
236 726 430 794 τυφλὸν
473 726 575 781 οὐκ
612 728 930 799 ἀλλαχόθεν,
965 730 1032 784 ὲκ
1078 730 1135 783 δὲ
1160 733 1261 800 τῆς
1302 730 1438 793 ἰδίας
1486 730 1684 800 μοχθη-

1798 736 1983 798 pterea
2040 728 2273 783 auribus
2308 728 2425 782 suis
2475 742 2619 799 aegre
2651 727 2903 789 audiunt,
2951 736 3005 782 et
3044 728 3220 783 oculis
3263 728 3382 784 suis

132 816 239 885 ρὶας
303 819 570 886 περιεῖναι
622 818 1174 891 διαμαρτυρόμενος,
1239 839 1257 871 t
1326 820 1639 890 Ἐπαχύνθη
1669 859 1687 886 ,
1800 822 2029 875 uiolant.

128 908 268 979 φησὶ,
320 907 580 980 ήκαρδία
626 909 723 964 τοῦ
771 910 902 966 λαοῦ
951 911 1166 966 τούτου.
1207 931 1226 964 ›
1263 912 1374 966 Καὶ
1421 912 1544 966 επεὶ
1587 912 1688 982 τὴν
1724 912 1953 983 καρδίαν
2019 910 2202 965 αὐτῶν
2266 911 2568 982 ὲπάχυναν,
2616 912 2705 967 διὰ
2755 912 2915 969 τοῦτο
2965 915 3060 970 καὶ
3112 918 3225 995 τοῖς
3277 921 3382 977 ὠσὶ

130 1004 326 1076 βαρέως
358 1004 623 1075 ἥκουσαν,
660 1006 907 1071 καὶτοὺς
946 1007 1259 1079 ὀφθαλμοὺς
1303 1006 1484 1061 αὐτῶν
1511 1006 1859 1077 ἐκάμμυσαν.
2947 1008 2957 1013 ⁷

192 1094 314 1151 Εἶτα
363 1097 492 1168 μηδ’
519 1097 797 1168 ἀνανῆψαι
844 1099 1069 1164 τούτους
1112 1099 1318 1154 ιθέλειν
1368 1098 1547 1170 δηλῶν
1595 1100 1684 1169 τῆς

1876 1095 2299 1167 Signiﬁcaturus
2322 1112 2508 1167 porro,
2543 1098 2763 1154 eosdem
2788 1116 2854 1155 ex
2883 1114 3181 1171 spontanea
3217 1107 3381 1163 caci-

128 1188 357 1243 ἑκουσίου
402 1192 727 1261 πηρώσεως,
760 1192 995 1258 ἐπάγειο
1032 1212 1051 1244 ι
1090 1192 1182 1264 Μή
1217 1209 1347 1246 ποτε
1384 1192 1536 1245 ῐδωσι
1584 1193 1684 1256 τοῖς

1803 1192 1914 1239 tate
1940 1201 2044 1240 non
2089 1202 2211 1242 esse
2240 1188 2623 1258 evigilaturos,
2672 1192 2844 1256 addit,
2889 1212 2907 1243 ι
2937 1192 3012 1248 Ne
3042 1198 3262 1262 quando
3293 1199 3380 1253 vi—

124 1279 429 1351 ὁφθαλμοῖς,
475 1283 569 1335 καὶ
599 1284 712 1344 τοῖς
742 1281 877 1336 ὠσὶν
906 1282 1207 1350 ἀκούσωσι,
1253 1283 1350 1337 κα)⁵
1377 1284 1445 1355 τῇ
1496 1282 1684 1356 καρδίᾳ

1799 1277 1965 1332 deant
2012 1278 2206 1343 oculis,
2244 1289 2298 1333 et
2327 1279 2555 1335 auribus
2603 1282 2847 1350 audiant,
2879 1293 2934 1341 et
2965 1287 3127 1343 corde
3177 1288 3381 1344 intelli-

128 1370 313 1425 συνῶσι
362 1373 455 1425 καὶ
504 1373 913 1445 ὲπιστρέψωσι,
970 1375 1067 1429 καὶ
1118 1374 1366 1445 ίάσωμαι
1411 1374 1629 1439 αὐτούς.
1666 1394 1684 1427 ι

1798 1376 1947 1437 gant,
1964 1375 2018 1422 et
2034 1376 2449 1434 convertantur,
2464 1380 2516 1425 et
2533 1386 2633 1442 ego
2655 1372 2779 1427 illos
2800 1390 3010 1430 sanem.
3038 1395 3057 1428 ο
3085 1377 3382 1436 Incrassati

136 1461 537 1534 Ἐπαχύνθησαν
584 1463 879 1536 τοιγαροῦν
920 1466 1019 1538 τὴν
1081 1467 1331 1539 καρδίαν,
1390 1465 1480 1521 διὰ
1538 1465 1684 1521 τοῦτα

1795 1459 1978 1528 itaque
2008 1466 2163 1514 erant
2198 1460 2402 1516 corde:
2433 1472 2724 1532 prepterea
2763 1480 2906 1535 aegre
2930 1468 3283 1537 audiverunt,
3322 1481 3379 1526 et

125 1555 324 1624 βαρέως
351 1555 617 1625 ἥκουσαν,
667 1557 765 1611 καὶ
806 1558 932 1622 τοὺς
962 1558 1277 1630 ὀφθαλμοὺς
1314 1559 1492 1613 αὐτῶν
1520 1559 1684 1629 ἐκάμ-

1800 1550 1993 1605 oculos
2022 1565 2156 1606 suos
2191 1550 2568 1608 occluserunt.
2609 1552 2972 1612 Occluserunt
3021 1575 3151 1615 vero
3189 1562 3381 1619 oculos

127 1663 311 1717 μυσαν.
350 1647 717 1720 Ἐκάμμυσαν
743 1650 801 1703 δὲ
831 1652 960 1713 τοὺς
992 1650 1331 1733 ὀφθαλμοὺς,
1364 1652 1457 1706 καὶ
1485 1650 1555 1705 τὰ
1582 1645 1684 1705 ὧτε

1796 1659 1951 1707 suos,
1983 1652 2037 1697 et
2084 1658 2247 1697 aures
2274 1643 2521 1699 dillieiles
2552 1647 2932 1715 reddiderunt,
2986 1667 3057 1707 ne
3088 1654 3267 1708 oculis
3297 1655 3380 1709 vi-

124 1737 398 1809 t6a'puvav,
427 1740 641 1811 μήποτε
674 1741 826 1795 [δωσι
855 1743 970 1805 τοῖς
996 1741 1319 1813 ὀφθαλμοῖς,
1340 1743 1435 1797 καὶ
1462 1745 1573 1807 τοῖς
1592 1743 1684 1796 ώσ]

1796 1738 2012 1801 derent,
2043 1746 2097 1791 et
2137 1737 2368 1793 auribus
2416 1738 2691 1792 audirent.
2728 1738 2970 1810 Utroque
3027 1758 3155 1799 vero
3209 1760 3377 1801 sensu

124 1829 432 1887 ἀκούσωσιν.
467 1832 583 1886 Kal.
612 1831 820 1886 τούτων
844 1832 901 1886 δὲ
929 1832 1029 1904 τὴν
1064 1834 1316 1905 πήρωσιν
1343 1834 1561 1897 ἑκόντες
1588 1834 1684 1887 ύπ-

1798 1840 1991 1899 sponte
2012 1844 2069 1885 se
2094 1829 2399 1900 privarunt,
2433 1844 2501 1884 ne
2529 1832 2780 1886 conversi
2810 1833 3105 1903 aliquando
3136 1851 3167 1889 a
3213 1838 3378 1891 tantis

122 1922 269 1993 ἦλθον
298 1923 431 1995 (94),
467 1924 558 1978 ἵνα
589 1924 664 1996 μὴ
708 1924 1147 1997 ἐπιστραφέντες
1193 1926 1304 1981 τῶν
1354 1928 1690 1999 τηλικούτων

124 2015 295 2069 παθῶν
318 2017 417 2089 τῆς
452 2017 654 2082 ίάσεως
684 2018 945 2090 τύχωσιν.
978 2019 1135 2075 Οὕτω
1170 2021 1269 2092 μὲν
1316 2018 1410 2078 οὖν
1441 2023 1627 2092 σαφῶς
1660 2026 1690 2079 ὁ

122 2108 391 2180 προφήτης
421 2109 521 2163 τοῦ
550 2109 887 2179 τυφλώττειν
932 2112 1030 2166 καὶ
1077 2113 1352 2181 κωφεύειν
1385 2116 1485 2187 τὴν
1512 2116 1690 2170 αἰτίαν

120 2200 210 2269 τῆς
251 2199 548 2272 Ἰουδαϊκῆς
598 2202 833 2256 ἀνάπτει
875 2203 1105 2275 γνώμης
1146 2207 1241 2260 καὶ
1288 2207 1687 2279 προαιρέσεως,

122 2288 225 2341 ἀλλ’
248 2290 365 2361 οὐχ)
396 2290 538 2345 Θεοῦ
568 2290 748 2363 ψῆφον
777 2293 1043 2363 οὐμενοῦν
1089 2296 1192 2349 οὑκ
1241 2297 1484 2366 εἰσάγει,
1516 2298 1690 2354 ταῦτα

120 2383 220 2446 τοῖς
300 2384 579 2450 Ἰουδαίοις
640 2387 1036 2457 ἐπιφέρουσαν.
1127 2389 1340 2461 Ὠσπερ
1416 2391 1477 2445 δὲ
1564 2392 1688 2446 κατ’

120 2474 284 2531 ἐκεῖνο
307 2479 420 2549 (95)
446 2477 649 2550 καιροῦ
685 2479 793 2533 τῶν
831 2480 1109 2536 Ἰουδαίων
1136 2483 1263 2547 τοὺς
1302 2482 1623 2555 ἀγνώμονας
1659 2486 1690 2538 ὁ

120 2571 391 2643 προφήτης
420 2572 778 2643 στηλιτεύων,
809 2573 1016 2643 ἔλεγεν,
1049 2577 1189 2647 μήτε
1220 2577 1349 2639 τοὺς
1373 2577 1689 2648 ὀφθαλμοὺς

120 2661 357 2735 ἐθελῆσαι
387 2662 653 2732 διανοῖξαι
675 2704 690 2731 ,
726 2666 867 2737 μήτε
900 2667 1038 2737 πρὸς
1081 2667 1251 2741 ἀκοὴν
1281 2671 1583 2741 παρασχεῖν
1619 2669 1689 2724 τὰ

119 2750 220 2810 ὦτα
249 2756 382 2828 πρὸς
420 2758 526 2828 τὴν
566 2758 846 2829 σωτηρίαν
875 2758 1076 2827 αὐτῶν,
1105 2762 1202 2815 καὶ
1230 2760 1514 2834 θεοπρεπῆ
1540 2762 1689 2817 διδα-

120 2848 349 2913 σκαλίαν,
376 2851 441 2904 ἐκ
483 2849 547 2904 δὲ
576 2850 690 2921 (96)
720 2851 833 2905 τῶν
864 2853 1113 2923 συνήθως
1135 2853 1247 2925 (97)
1278 2855 1461 2918 αὐτοῖς
1508 2856 1687 2929 ἀμαρ-

118 2940 432 3011 τανομένων,
466 2939 714 3012 μάλιστα
742 2942 800 2996 δὲ
846 2942 940 2996 τοῦ
981 2943 1176 3013 τύφου,
1224 2946 1320 2999 καὶ
1354 2946 1452 3016 τῆς
1483 2947 1684 3013 ἀλαζο-

118 3031 271 3100 νείας,
327 3034 424 3087 καὶ
476 3032 580 3088 τοῦ
642 3034 781 3106 πρὸς
836 3035 938 3108 τὴν
991 3035 1203 3107 πλάνην
1261 3037 1461 3107 μᾶλλον
1505 3038 1537 3104 ἢ
1586 3039 1685 3110 τὴν

117 3122 380 3178 εὸσέὸειαν
424 3126 655 3195 ῥέπεινο
700 3126 872 3198 ἔμυόν
915 3144 977 3181 τε
1024 3127 1093 3182 τά
1145 3127 1394 3199 ὄμματα,
1440 3130 1535 3183 καὶ
1583 3131 1684 3202 τὴν
1711 3176 1759 3238 c

118 3214 272 3288 ἀκοὴν
299 3219 573 3289 συνεῖχον,
605 3218 762 3273 αὐτοὶ
792 3220 1022 3283 ἑαυτοὺς
1063 3220 1297 3289 τυφλοὺς
1331 3221 1427 3275 καὶ
1468 3222 1689 3291 κωφοὺς

118 3307 573 3392 ἀπεργαζόμενοι·
609 3311 706 3366 καὶ
734 3310 797 3365 τὸ
839 3310 1255 3384 χαλεπώτερον,
1306 3311 1451 3368 οὕτω
1484 3314 1688 3369 παθόν-

118 3418 199 3466 τες
222 3403 328 3475 (98)
351 3405 582 3468 ὲαυτοὺς
612 3404 834 3475 βλέπειν
861 3407 969 3460 τῶν
992 3406 1169 3460 ἀλλων
1198 3408 1308 3478 (99)
1342 3408 1545 3477 μᾶλλον
1573 3410 1688 3463 ἐνό-

122 3495 283 3563 μιζον,
315 3497 409 3551 καὶ
438 3495 517 3566 τῷ
542 3497 645 3567 τῆς
674 3498 903 3569 οίήσεως
936 3498 1305 3569 ὲφλέγμαινον
1328 3498 1511 3555 πάθει.
1539 3500 1688 3553 Διότι

119 3589 430 3661 νομομαθεῖς
457 3608 521 3645 τε
552 3591 796 3657 ἐδόκουν,
830 3592 924 3646 καὶ
950 3591 1061 3645 τῶν
1093 3593 1393 3663 προφητῶν
1421 3593 1520 3656 τὰς
1572 3610 1687 3661 φω-

121 3681 224 3749 νὰς,
258 3683 286 3737 δ
316 3684 478 3739 πλέον
505 3685 692 3739 αὐτῶν
732 3684 832 3756 τὴν
868 3686 1208 3757 κατηγορίαν
1245 3686 1545 3749 ἐπέτεινεν,
1572 3689 1686 3751 τοῖς

118 3774 334 3844 χείλεσιν
360 3777 713 3849 περιέφερον,
749 3777 831 3830 διὸ
877 3778 972 3831 καὶ
1002 3778 1225 3832 ἀνίατον
1254 3768 1442 3843 αὐτοῖς
1467 3779 1567 3851 τὴν
1595 3781 1684 3833 νό-

121 3884 201 3921 σον
229 3870 660 3935 κατεσκεύαζον.
706 3869 994 3924 Ἐντεῦθεν
1038 3872 1067 3923 ὁ
1103 3873 1203 3941 μὲν
1253 3873 1445 3944 Σωτὴρ
1490 3873 1583 3926 τὸν
1619 3876 1684 3928 ὲκ

119 3964 363 4032 γεννητῆς
391 3962 595 4033 τυφλὸν
631 3963 845 4027 δεικνὺς
882 3962 1097 4035 ὁρῶντα
1123 4004 1139 4030 ,
1169 3964 1281 4019 τῶν
1325 3965 1383 4018 δὲ
1417 3967 1517 4037 τὴν
1563 3967 1683 4019 θεο-

120 4056 274 4126 μάχον
298 4057 549 4127 γλῶτταν
576 4058 697 4111 ἀντὶ
723 4056 818 4111 τοῦ
850 4056 1130 4123 θυσιάζειν
1155 4060 1236 4121 είς
1282 4057 1442 4131 ὓϐριν
1470 4059 1683 4113 κινούν-

118 4164 232 4214 των,
264 4169 282 4201 ι
319 4151 413 4214 Εἰς
440 4153 641 4222 κρῖμα,
686 4150 876 4221 φησὶν,
936 4149 1046 4219 ἐγὼ
1080 4152 1160 4213 είς
1188 4152 1279 4204 τὸν
1312 4151 1514 4220 κόσμον
1558 4152 1684 4221 ὲλή-

118 4238 259 4307 λυθα,
288 4242 372 4296 ἴνα
404 4244 452 4295 οἱ
478 4242 555 4312 μὴ
587 4241 882 4312 βλέποντες
903 4241 1161 4312 βλέψωσι,
1191 4242 1286 4296 καὶ
1313 4243 1363 4296 οἱ
1391 4242 1684 4313 βλέποντες

116 4330 289 4399 τυφλοὶ
321 4332 610 4399 γένωνται.
647 4350 666 4384 ι
706 4332 816 4386 Καὶ
844 4333 908 4403 δὴ
953 4334 1048 4386 καὶ
1075 4333 1186 4387 τῶν
1216 4332 1530 4403 Φαρισαίων
1560 4334 1683 4385 επι-

115 4422 520 4494 φθεγγομένωνο
564 4442 584 4475 ‹
614 4424 706 4495 Μὴ
740 4426 835 4478 καὶ
875 4426 1041 4496 ἡμεῖς
1080 4424 1271 4493 τυφλοί
1313 4426 1519 4494 ὲσμεν;
1559 4443 1578 4476 ι
1609 4453 1683 4463 —

1800 1920 1961 1974 malis
1997 1919 2387 1976 liberarentur.
2437 1920 2595 1976 Clare
2634 1922 2818 1992 itaque
2881 1926 3144 1995 propheta
3201 1943 3377 1983 caecos

1797 2011 1920 2067 illos
1948 2012 2137 2069 oculos
2158 2022 2215 2069 et
2258 2014 2455 2070 surdas
2487 2029 2650 2069 aures
2684 2016 2753 2070 ab
2784 2014 3028 2084 ipsorum
3062 2016 3377 2074 Iudaeorum

1796 2105 2027 2161 consilio
2064 2114 2120 2161 et
2154 2106 2386 2162 arbitrio
2442 2107 2664 2176 repetit,
2703 2117 2919 2164 tantum
2969 2110 3144 2178 abest,
3200 2108 3260 2167 iit
3309 2114 3378 2168 ad

1796 2198 2074 2253 decretum
2093 2197 2579 2265 divinum,.ludaeis
2610 2200 2935 2271 irrogatum,
2966 2202 3182 2259 referat.
3219 2205 3380 2261 Sicut

1795 2304 1927 2345 vero
1956 2291 2221 2361 propheta
2252 2307 2319 2346 eo
2343 2301 2587 2361 tempore
2613 2292 2897 2363 improbos
2937 2293 3159 2351 Judaaos
3210 2298 3376 2353 casti-

1795 2392 2044 2454 gaturus,
2073 2385 2310 2449 dicebat,
2344 2400 2441 2441 eos
2473 2401 2650 2455 neque
2692 2386 2882 2443 oculos
2919 2390 3155 2458 aperire,
3199 2404 3379 2459 neque

1796 2492 1959 2532 aures
1991 2477 2057 2532 ad
2094 2477 2463 2548 recipiendam
2517 2479 2814 2534 salutarem
2850 2479 2955 2535 sibi
3018 2480 3377 2551 divinamque

1795 2570 2102 2625 doctrinam
2134 2569 2396 2626 adhibere
2428 2571 2584 2636 velle,
2628 2573 2790 2641 idque
2821 2588 2915 2641 per
2966 2584 3215 2643 peccata,
3250 2575 3377 2645 qui-

1795 2662 1899 2719 bus
1924 2673 2303 2727 assueverant,
2351 2664 2590 2718 maxime
2618 2681 2751 2719 vero
2780 2681 2877 2734 per
2917 2664 3119 2721 fastum
3147 2676 3201 2720 et
3223 2684 3377 2722 arro-
3480 2694 3483 2697 λ

1794 2754 2060 2823 gantiam,
2090 2752 2380 2823 majusque
2432 2768 2686 2808 errorum
2749 2771 2917 2825 quam
2983 2756 3203 2824 pietatis
3257 2767 3378 2812 stu-

1793 2845 1984 2913 dium;
2016 2846 2090 2900 ita
2120 2857 2173 2900 et
2207 2846 2282 2900 illi
2316 2846 2645 2924 claudebant
2691 2848 2901 2912 oculos,
2939 2864 3216 2918 auresque
3245 2866 3377 2905 suas

1793 2940 2147 3007 cohibebant,
2175 2955 2234 2995 se
2263 2940 2410 3010 ipsos
2435 2948 2491 2994 et
2535 2954 2711 2995 caecos
2740 2950 2794 2995 et
2823 2942 3020 2997 surdos
3045 2941 3373 3009 allicientes;

1793 3041 1867 3099 et,
1895 3033 2041 3103 quod
2083 3032 2241 3102 pejus
2266 3041 2372 3097 est,
2405 3033 2479 3087 ita
2528 3032 2732 3099 allecti,
2769 3034 2894 3089 aliis
2934 3048 2995 3089 se
3043 3034 3378 3091 oculatiores

1792 3145 1916 3186 esse
1945 3129 2339 3200 epinabantur,
2370 3129 2629 3198 praeclare
2659 3128 2726 3184 de
2757 3145 2817 3185 se
2849 3131 3171 3187 sentientes.
3220 3130 3375 3199 Qua-

1793 3230 2015 3294 propter
2036 3222 2199 3277 etiam
2231 3220 2366 3291 legis
2409 3222 2570 3292 periti
2625 3222 2729 3277 sibi
2759 3222 3111 3291 videbantur,
3137 3224 3377 3295 prophe-

1792 3322 2086 3383 tarumque
2113 3312 2357 3379 oracula,
2394 3313 2447 3368 id
2471 3314 2621 3385 quod
2649 3315 2861 3370 crimen
2894 3330 3087 3370 eorum
3118 3317 3373 3387 augebat,

1791 3408 1952 3463 labiis
1981 3406 2467 3472 circumferebant,
2524 3423 2701 3479 eoque
2743 3408 2866 3479 ipso
2901 3408 3157 3464 morbum
3210 3424 3375 3465 suum

1791 3498 2249 3554 immedicabilem
2307 3498 2629 3554 reddebant.
2690 3497 2818 3554 ldeo
2851 3498 3108 3555 Salvator
3163 3511 3371 3565 noster,

1789 3600 2078 3661 postquam
2124 3591 2359 3655 homini,
2388 3606 2417 3645 a
2447 3592 2723 3648 natalibus
2752 3608 2919 3657 eaeo,
2968 3593 3149 3647 visum
3210 3591 3378 3647 resti-

1792 3693 1990 3747 tuerat,
2024 3683 2104 3738 illi
2133 3699 2265 3738 vero
2294 3684 2560 3753 linguam,
2597 3683 2709 3739 Deo
2752 3684 3055 3749 inimicam,
3106 3684 3230 3741 loco
3256 3684 3376 3739 cul-

1791 3788 1879 3833 tus
1913 3777 2227 3848 praestandi,
2265 3777 2332 3831 ad
2359 3777 2592 3846 injurias
2616 3778 2958 3833 evomendas
3018 3777 3373 3843 adhibebant,

1788 3870 2044 3926 dicebat:
2104 3889 2123 3921 ‹
2152 3869 2526 3939 Adjudicium
2559 3884 2661 3937 ego
2698 3870 2820 3923 veni
2870 3869 2925 3922 in
2967 3869 3256 3934 mundum,
3313 3875 3373 3921 ut

1787 3978 1897 4017 non
1950 3961 2198 4017 videntes
2238 3961 2487 4025 videant,
2545 3960 2798 4015 videntes
2858 3975 2988 4013 vero
3049 3960 3178 4013 (εωοί
3244 3974 3374 4013 eva-

1787 4056 2012 4111 dant".
2052 4074 2071 4107 ι
2100 4054 2353 4124 Cumque
2410 4053 2671 4108 Pharisaai
2726 4053 3063 4121 exciperent,
3099 4071 3117 4103 ι
3154 4050 3292 4105 Num
3319 4061 3374 4107 et

1788 4165 1892 4203 nos
1920 4147 2049 4203 caeci
2080 4146 2315 4202 sumus?
2340 4163 2360 4196 ι
2390 4144 2757 4212 respondebat
2785 4161 2801 4198 :
2838 4164 2856 4193 ‹
2900 4141 2957 4197 Si
2992 4142 3121 4197 casei
3152 4142 3371 4208 essetis,

1788 4258 1893 4296 non
1944 4240 2218 4295 haberetis
2246 4248 2577 4308 peccatum:
2630 4236 2745 4305 jam
2787 4250 2917 4290 vero
2955 4234 3159 4297 dicitis.
3209 4232 3373 4289 Vide-

1788 4349 1956 4388 mus:
2020 4332 2143 4387 ideo
2199 4340 2482 4398 peccatum
2550 4327 2691 4397 apud
2746 4343 2840 4382 vos
2899 4334 3080 4380 manet
3115 4326 3233 4379 ⁷⁸.»
3265 4324 3371 4391 Qui

1786 4427 1931 4481 enim
1967 4426 2142 4493 novit,
2176 4440 2237 4481 se
2283 4441 2381 4495 per
2428 4423 2797 4494 ignorantiam
2854 4438 3057 4478 caecum
3119 4437 3262 4488 esse,
3315 4429 3371 4476 et

122 4532 137 4562 ε
169 4515 226 4569 El
256 4516 443 4585 τυφλοὶ
482 4512 606 4588 ἦτε,
655 4516 845 4587 φησὶν,
882 4517 981 4570 οὐκ
1012 4516 1190 4587 εἴχετε
1238 4516 1514 4586 ἁμαρτίαν
1535 4531 1548 4544 ·
1582 4515 1677 4569 νῦν

1791 4521 2039 4575 morbum
2067 4536 2227 4575 suum
2280 4518 2551 4587 intelligit,
2588 4526 2642 4571 et
2665 4516 2832 4572 citius
2860 4516 2928 4570 ad
2976 4515 3247 4569 medicum
3308 4527 3367 4566 se

114 4605 165 4658 δὲ
185 4606 384 4678 λέγετε,
415 4610 498 4663 ὅτι
523 4609 829 4680 Βλέπομεν,
863 4608 953 4663 διὰ
984 4609 1143 4662 τοῦτο
1176 4609 1209 4680 ὴ
1238 4609 1483 4679 ἁμαρτία
1523 4608 1679 4679 ὑμῶν

119 4699 273 4765 μένει.
304 4718 322 4752 ›
357 4701 416 4755 '0
445 4702 547 4772 μὲν
578 4701 689 4771 γὰρ
722 4701 876 4765 εἰδὼς
904 4701 1098 4755 ἑαυτὸν
1120 4702 1180 4768 ἐξ
1203 4701 1426 4769 ἀγνοίας
1454 4699 1675 4768 τυφλὸν,

118 4792 329 4862 συνῆκεν
358 4810 419 4847 τε
444 4794 507 4848 τὸ
539 4794 736 4858 πάθος,
768 4794 865 4848 καὶ
896 4794 1089 4847 θᾶττον
1121 4795 1292 4864 χωρεῖ
1318 4793 1394 4862 (1)
1417 4791 1554 4863 πρὸς
1584 4794 1678 4845 τὸν

120 4883 308 4955 ἰατρὸν,
336 4889 431 4941 καὶ
466 4886 563 4941 τοῦ
606 4887 784 4957 φωτὸς
819 4885 1073 4954 ἐπιζητεῖ
1096 4886 1196 4955 τὴν
1227 4884 1554 4947 ἀπόλαυσιν,
1583 4884 1678 4936 καὶ

118 4976 239 5044 πρὸς
262 4979 431 5032 ἐκεῖνο
462 4977 709 5045 σπεύδει,
742 4978 837 5031 καὶ
864 4977 965 5047 τῆς
990 4976 1377 5046 φιλανθρώπου
1403 4977 1492 5031 διὰ
1514 4975 1676 5029 τοῦτο

117 5070 355 5136 προνοίας
369 5069 750 5137 καταξιοῦται,
767 5072 887 5133 ταῖς
911 5070 1273 5140 σελασφόροις
1299 5070 1469 5141 αὐτῆς
1489 5069 1674 5123 ἀκτῖσι

1786 4614 2078 4679 convertit,
2117 4612 2372 4681 lucisque
2404 4626 2564 4666 usum
2601 4611 2909 4680 requirens,
2949 4608 3015 4661 ad
3060 4622 3181 4661 eam
3214 4605 3369 4659 festi—

1788 4715 1902 4771 nat,
1933 4705 2165 4773 ideoque
2224 4717 2353 4758 cura
2397 4702 2825 4757 clementissima
2869 4700 3065 4769 dignus
3114 4698 3368 4761 habetur,

1784 4796 2084 4865 radiisejus
2098 4792 2557 4863 splendidissimis
2579 4788 3057 4846 illuminatusetad
3077 4788 3368 4842 salutarem

1787 4887 2196 4941 meditationem
2243 4884 2533 4939 adductus.
2574 4881 2679 4949 Qui
2709 4896 2838 4936 vero
2862 4896 2988 4950 prae
3029 4878 3211 4934 cordis
3261 4879 3369 4931 du-

1785 4979 1909 5034 ritie
1952 4979 2006 5032 in
2055 4977 2295 5031 tenebris
2340 4985 2611 5037 versatur,
2670 4982 2726 5028 et
2771 4974 2853 5027 vel
2925 4974 3007 5028 sic
3060 4970 3249 5025 videre
3307 4983 3369 5024 se

1783 5070 2079 5132 existimat,
2113 5067 2387 5138 duplicem
2422 5066 2527 5121 sibi
2586 5065 2885 5121 caecitatem
2941 5062 3193 5127 arcessit,
3223 5076 3365 5130 quo-

178 5205 388 5262 ".Ioan.
431 5225 509 5275 ix,
534 5209 623 5263 39.
698 5208 747 5239 "
781 5206 911 5261 ibid.
938 5205 1033 5271 41,
1066 5206 1155 5261 ubi
1189 5224 1286 5278 pro
1304 5206 1393 5260 διὰ
1415 5207 1592 5272 τοῦτο,
1636 5207 1682 5261 Ie

1796 5207 1829 5271 ἠ
1872 5203 1989 5260 οῦν.

1598 5300 1829 5358 ΝΟΤΔΕ.

179 5396 283 5465 (91)
328 5396 622 5467 Ῥημάτων
661 5410 835 5454 estex
875 5396 1031 5452 Colb.

178 5467 283 5539 (92)
314 5467 452 5539 θελή
461 5484 681 5534 σαντας,
708 5470 850 5524 idem
862 5508 875 5520 .

181 5537 287 5609 (95)
324 5537 656 5609 Θαυμάτων,
684 5557 748 5594 ex
774 5539 933 5594 Coll).

180 5607 286 5680 (94)
313 5607 471 5680 Coll).
506 5625 603 5677 pro
632 5610 888 5680 ἐπῆλθον.

182 5677 286 5748 (95)
310 5678 477 5747 Idem,
509 5695 606 5752 pro
633 5677 876 5737 κάκεῖνο.
905 5679 1025 5736 Yid.
1065 5689 1178 5739 not.
1203 5679 1290 5733 90.

1848 5392 1963 5462 (96)
1998 5389 2183 5444 Malim
2215 5388 2395 5462 legere
2423 5388 2485 5442 Ex
2512 5405 2594 5454 τε,

1850 5456 1962 5533 (97)
2004 5463 2240 5533 Itaeum
2272 5456 2429 5533 Colb.
2464 5475 2565 5529 pro
2597 5456 2866 5531 συνήθων.

1874 5530 1965 5600 98)
1999 5532 2156 5586 Colb.
2192 5530 2487 5600 διαθέντες.

1877 5599 1969 5675 99)
1988 5602 2147 5675 idem
2180 5616 2280 5671 pro
2312 5601 2406 5653 τὸν
2424 5599 2624 5675 μᾶλλον.

1884 5670 2130 5745 1)(1011).
2166 5686 2265 5744 pro
2296 5670 2487 5743 χωρίς.
