3864 6208
445 277 545 343 471

448 395 596 448 niam
626 391 763 446 nihil
803 391 970 454 videt,
1003 400 1079 460 et,
1114 393 1244 448 dum
1283 396 1419 450 nihil
1445 396 1612 464 videt,
1670 403 1886 458 acutius
1909 406 2031 462 aliis

2145 415 2224 467 τὸν
2249 419 2374 471 νοῦν
2411 420 2586 489 φωτιζ

445 500 674 540 cernere
727 501 787 542 se
816 486 1100 555 opinatur.
1140 488 1402 544 Praeclara
1434 491 1580 546 enim
1630 493 1699 548 de
1743 511 1802 549 se
1835 499 2024 567 opinio

445 575 748 646 profundas
789 577 1046 632 tenebras
1089 578 1324 633 oll‘undit
1377 581 1553 636 oculis
1600 584 1818 651 animae,
1875 600 2025 641 moro

444 667 685 738 bumque
711 669 992 736 caecitatis,
1046 687 1154 742 qua
1181 681 1467 743 correptus
1501 674 1668 731 homo
1710 687 1822 742 est,
1857 681 2024 737 vehe-

445 770 657 817 menter
679 773 860 834 auget.

1602 289 1865 352 PIIOTII
1907 295 2408 369 PATRIARCHE
2450 311 2557 371 (ΖΡ.

3599 322 3698 386 4Ἶὲ

2586 425 2799 493 ὀμενος,
2850 426 2944 480 καὶ
2987 427 3122 495 πρὸς
3147 429 3246 500 τὴν
3281 432 3543 502 σωτήριον
3572 437 3700 493 θεω-

2138 509 2262 580 ρίαν
2294 512 2653 585 ἀναγόμενος.
2693 517 2752 572 ’0
2781 517 2838 571 δὲ
2864 521 2932 590 τῇ
2966 520 3224 590 πωρώσει
3256 521 3358 593 μὲν
3387 525 3698 599 ἐσκοτωμέ-

2135 615 2246 665 νος,
2279 602 2500 672 βλέπειν
2527 599 2583 661 δὲ
2627 608 2875 679 οἰόμενος
2907 610 3007 681 (2),
3059 611 3255 683 διπλῆν
3285 614 3464 686 ἑαυτῷ
3490 616 3585 688 τὴν
3615 620 3701 672 τύ-

2137 690 2342 756 φλωσιν
2373 697 2451 769 (5)
2480 699 2907 767 κατεσκεύασεν,
2940 704 3022 756 ὅτι
3048 720 3109 756 τε
3147 703 3222 775 μὴ
3249 701 3459 775 βλέπει,
3491 709 3583 762 καὶ
3621 709 3699 762 ὅτι

2139 781 2213 853 μὴ
2245 780 2460 851 βλέπων
2487 788 2744 862 ὀξύτερον
2794 791 2943 844 δοκεῖ
2969 792 3080 846 τῶν
3116 793 3293 848 ἄλλων
3316 797 3470 868 ὁρᾷν.
3511 797 3572 852 Ἦ
3598 800 3698 868 γὰρ

445 859 624 963 οἴηξις
672 859 748 930 (4)
795 861 986 924 σκότος
1029 855 1163 914 οὖσαν
1222 862 1472 934 ψυχικῶν
1530 865 1796 938 ὀμμάτων
1853 868 2010 938 βαθὺ,
2049 873 2149 946 τῆς
2185 855 2681 955 προκατασχούσης
2745 885 3142 960 ἀμαυρώσεως
3183 855 3446 946 ἐπιτείνει

445 952 507 1004 τὸ
532 951 609 1021 (5)
638 953 764 1031 νόση
774 969 870 1021 μα.

520 1045 672 1112 Quod
719 1047 766 1102 si
806 1047 987 1116 itaque
1019 1049 1180 1101 verba
1219 1049 1500 1118 prophetae
1549 1048 1620 1102 ita
1662 1051 2024 1121 accipiantur,

447 1145 502 1192 et
528 1140 836 1193 veneranda
865 1138 1077 1192 Domini
1105 1140 1321 1208 eloquia
1352 1139 1455 1194 hoc
1502 1142 1665 1195 modo
1711 1142 2029 1211 iudicentur

447 1231 517 1299 (si
549 1231 634 1284 vel
668 1232 905 1285 maxime
940 1247 1046 1285 non
1072 1235 1253 1285 omnia
1283 1247 1471 1286 corum
1501 1248 1657 1302 reque
1696 1234 1874 1290 forent
1904 1254 2028 1306 per-

449 1323 683 1393 spicua),
721 1339 827 1377 non
862 1335 1044 1393 putem
1079 1326 1168 1380 illa
1196 1328 1546 1383 audientibus
1579 1344 1796 1399 gravem
1837 1331 2028 1384 adnuo-

448 1417 918 1486 dum-disputandi
967 1419 1311 1475 occasionem
1346 1421 1588 1489 praebere
1631 1437 1814 1490 posse.
1852 1421 2026 1477 Mani-

451 1505 650 1561 festum
691 1508 835 1562 enim
864 1519 969 1573 est,
997 1511 1287 1580 discipulis
1338 1514 1526 1568 datum
1566 1513 1672 1568 hoc
1723 1512 1914 1580 fuisse,
1968 1523 2030 1569 ut

447 1600 706 1668 mysteria
744 1601 894 1669 regni
926 1601 1020 1655 Dei
1071 1614 1491 1673 cognoscerent,
1544 1606 1808 1676 quoniam
1857 1622 2032 1676 neque

447 1705 692 1745 crassum
724 1690 927 1748 factum
953 1703 1072 1748 erat
1101 1711 1197 1751 cor
1231 1712 1446 1761 eorum,
1475 1712 1651 1768 neque
1669 1700 1860 1754 oculos
1879 1700 2031 1754 clau-

445 1781 693 1849 debant;
753 1785 978 1853 reliquis
1037 1801 1165 1841 vero
1197 1828 1211 1853 ,
1267 1804 1408 1858 quos
1470 1797 1526 1844 et
1564 1799 1821 1846 externos
1870 1800 2030 1847 vocat

447 1873 600 1941 (nam
622 1890 683 1930 se
714 1875 861 1944 ipsos
897 1892 926 1930 a
967 1878 1146 1933 salute
1183 1881 1580 1951 excluserant),
1613 1880 1753 1935 idem
1785 1897 1891 1935 non
1929 1883 2033 1936 da—

450 1968 632 2020 batur.
662 1968 797 2022 Cum
829 1969 974 2023 enim
1017 1971 1162 2026 vitiis
1200 1974 1362 2028 modo
1399 1976 1840 2030 commemoratis
1881 1976 2032 2029 salu-

450 2068 558 2112 tem
589 2074 806 2115 omnem
839 2078 868 2115 a
897 2078 956 2118 se
977 2065 1293 2127 averterint,
1325 2066 1443 2136 iure
1470 2069 1705 2138 quodam
1758 2068 1810 2121 id
1843 2068 2031 2122 datum

449 2167 560 2204 non
611 2161 712 2217 est,
745 2153 886 2219 ideo,
920 2155 1064 2224 quod
1096 2171 1156 2211 se
1187 2158 1336 2226 ipsos
1370 2159 1440 2212 ad
1468 2159 1599 2213 illud
1655 2159 2031 2230 recipiendum

450 2242 679 2299 idoneos
733 2262 840 2300 non
873 2250 1267 2317 praestiterunt.
1314 2250 1610 2322 Propterea
1658 2268 1877 2322 quoque
1899 2267 2031 2307 con-

448 2332 644 2388 sultius
685 2344 822 2398 erat,
857 2350 954 2405 per
998 2339 1290 2408 parabolas
1320 2356 1445 2396 cum
1501 2342 1634 2412 ipsis
1664 2343 1833 2412 loqui,
1867 2357 2031 2412 quam

449 2424 639 2493 gratia:
686 2428 947 2498 mysteria
985 2431 1132 2485 nuda
1178 2447 1504 2503 proponere.
1538 2434 1722 2505 Neque
1763 2437 1908 2490 enim
1948 2437 2034 2492 vel

449 2517 799 2571 commodum
817 2529 920 2580 est.
945 2522 1027 2575 vel
1048 2522 1218 2592 judiei
1247 2526 1472 2581 cordato
1507 2528 1780 2594 convenit,
1805 2529 2031 2597 dignum

447 2615 504 2662 et
527 2607 832 2679 indignum,
855 2615 1000 2682 quod
1027 2615 1093 2668 ad
1117 2615 1420 2672 doctrinam
1450 2628 1506 2674 ct
1532 2618 1761 2674 salutem
1802 2629 2032 2690 spectat,

449 2701 639 2756 eodem
697 2703 816 2760 loco
881 2705 1117 2775 habere;
1173 2710 1632 2779 quemadmodum
1690 2727 1792 2782 nec
1846 2713 2032 2782 porcis

450 2795 782 2860 margaritas
810 2798 1105 2867 projicere,
1146 2816 1324 2872 neque
1350 2803 1582 2858 canibus
1610 2813 1801 2860 sancta
1831 2803 2031 2861 offerre

448 2883 533 2941 t‘as
555 2898 640 2942 est
655 2887 720 2941 ⁷⁸.

519 2977 787 3039 Exdietis
821 2999 988 3054 porro
1051 2994 1292 3054 constat,
1338 2989 1619 3056 quomodo
1676 2990 2030 3062 intelligenda

449 3074 562 3130 sint
592 3076 705 3142 illa,
738 3094 757 3128 ι
798 3076 869 3132 Ut
911 3078 1155 3135 videntes
1179 3095 1290 3135 non
1347 3082 1586 3148 videant,
1636 3093 1692 3137 et
1741 3083 2032 3140 audientes

453 3186 562 3224 non
594 3169 921 3241 intelligant.
955 3189 972 3223 I
1010 3170 1084 3226 Ut
1109 3173 1254 3228 enim
1285 3173 1417 3229 illud
1451 3175 1612 3231 amne
1637 3177 1753 3246 jam
1786 3185 1867 3232 est
1909 3177 2030 3233 voci

451 3262 594 3328 ideo,
631 3273 686 3318 et
708 3264 940 3318 alterum
985 3280 1084 3334 pro
1121 3266 1298 3321 altero
1328 3269 1472 3322 sumi
1526 3278 1725 3338 potest.
1769 3269 2035 3326 Similiter

453 3353 620 3407 etiam
651 3369 758 3407 non
803 3355 936 3410 illud
976 3355 1080 3411 hoc
1102 3359 1223 3411 loco
1262 3373 1369 3412 non
1443 3359 1892 3429 prohibitionem,
1938 3363 2032 3418 sed

454 3440 799 3513 negationem
833 3447 1121 3516 signiﬁcat.
1153 3447 1268 3503 Hoc
1305 3464 1437 3503 vero
1473 3451 1594 3505 loco
1617 3451 1884 3508 dictiones
1915 3453 2034 3510 illas

457 3536 532 3590 ita
572 3537 918 3607 accipiendas
947 3554 1088 3606 esse,
1126 3557 1231 3595 non
1268 3543 1433 3598 meris
1450 3545 1785 3611 coniecturis
1817 3545 2033 3611 nititur,

456 3625 553 3680 sed
589 3634 702 3680 tum
758 3643 955 3682 sensus
1006 3630 1292 3684 verborum
1344 3633 1817 3702 pr0phetirorum,
1881 3636 2028 3690 unde

458 3713 679 3770 Domini
711 3718 989 3788 eloquium
1023 3720 1199 3785 ﬂuxit,
1227 3722 1426 3778 invicte
1455 3731 1726 3790 testatur;
1757 3735 1871 3779 tum
1899 3741 2035 3781 vero

458 3807 996 3866 sanetusMatthaeus
1027 3813 1080 3866 in
1109 3814 1297 3867 eadem
1321 3817 1605 3870 sententia,
1640 3830 1738 3885 pro
1767 3817 2034 3884 particula

460 3896 547 3953 ἵνα
568 3899 799 3954 alterum
817 3901 1499 3976 attadhibensJocumque
1521 3907 1828 3977 ipsum-non
1851 3909 2037 3977 prohi-

457 3990 644 4055 bendi,
669 3993 772 4047 sed
797 3994 1052 4064 negandi,
1077 4013 1242 4053 sensu
1269 3998 1528 4054 recitans.
1557 3999 1862 4055 Dominum
1888 4001 2034 4057 enim

457 4085 533 4138 ita
563 4084 866 4141 introducit
914 4089 1264 4158 loquentem:
1331 4110 1350 4145 ι
1380 4091 1682 4164 Propterea
1727 4110 1825 4164 per
1873 4112 2037 4166 para-

459 4173 614 4227 bolas
649 4176 866 4245 loquor,
901 4180 1036 4247 quia:
1058 4180 1306 4237 videntes
1346 4198 1452 4237 non
1495 4184 1706 4248 vident,
1739 4193 1794 4240 et
1815 4186 2038 4240 audiem

461 4274 541 4320 tes
600 4282 707 4321 non
765 4269 1221 4336 intelligunt”.i
1281 4273 1630 4330 Manifestum
1682 4277 1866 4345 itaque
1911 4277 2037 4332 hinc

459 4357 660 4422 evadit,
699 4359 829 4414 illud
881 4361 969 4415 ἵνα
1002 4379 1033 4417 a
1069 4363 1296 4434 reliquis
1335 4365 1498 4421 etiam
1542 4367 1905 4438 evangelistis
1937 4383 2037 4438 pro

2217 1057 2378 1112 Ἀλλὰ
2422 1058 2532 1132 γὰρ
2581 1061 2724 1116 οὕτω
2755 1063 2852 1134 μὲν
2885 1065 2994 1118 τῶν
3046 1068 3400 1138 προφητικῶν
3453 1072 3700 1141 ῥημάτων

2135 1149 2378 1221 τεθεωρη
2389 1153 2590 1222 μένων,
2615 1153 2758 1207 οὓτω
2788 1156 2843 1209 δὲ
2869 1157 2977 1210 τῶν
3011 1159 3224 1212 σεπτῶν
3254 1160 3454 1228 λογίων
3479 1162 3703 1237 διευκρι-

2136 1243 2388 1311 νημένων
2421 1244 2538 1314 (καὶ
2570 1247 2625 1298 εῐ
2649 1265 2701 1300 τι
2735 1249 2900 1319 μέρος
2930 1249 3109 1303 αὐτῶν
3138 1251 3382 1322 ὑπάρχον
3429 1256 3495 1325 τῇ
3527 1257 3701 1329 εὐκρι-

2134 1333 2253 1403 νείᾳ
2291 1333 2366 1405 μὴ
2399 1337 2895 1409 συμπεριείληπται
2923 1343 2942 1410 )
2973 1385 2986 1407 ,
3024 1342 3209 1396 οὐκέτι
3259 1347 3374 1408 τοῖς
3417 1346 3700 1416 ἀκροαταῖς

2135 1420 2704 1496 ὁμοίω;,οἶμαι,ούδὲ
2753 1431 3024 1501 τοσαύτην
3078 1432 3350 1504 πρόφασιν
3400 1436 3700 1507 ζητήματος

2134 1514 2382 1586 παρέξει.
2420 1516 2590 1586 Δῆλον
2641 1519 2740 1588 μὲν
2781 1521 2889 1592 γάρ
2934 1521 3010 1586 ὡς
3043 1526 3156 1587 τοῖς
3192 1525 3462 1596 μαθηταῖς
3506 1529 3702 1583 δέδοται

2134 1608 2342 1676 γνῶναι
2375 1610 2442 1663 τὰ
2477 1613 2750 1684 μυστήρια
2788 1615 2888 1685 τῆς
2925 1615 3204 1684 βασιλείας
3247 1619 3343 1671 τοῦ
3399 1621 3559 1686 Θεοῦ,
3592 1625 3702 1676 ἐπεὶ

2140 1699 2278 1770 μήτε
2313 1700 2412 1772 τὴν
2445 1703 2672 1774 καρδίαν
2720 1705 3106 1775 ἐπαχύνθησαν
3158 1711 3256 1777 (6),
3309 1713 3448 1782 μήτε
3503 1713 3703 1784 βαρέως

2065 1774 2104 1826 Β
2135 1792 2353 1862 ἤκουον,
2389 1795 2526 1864 μήτε
2555 1796 2622 1850 τὰ
2648 1795 2872 1868 ὄμματα
2917 1798 3084 1870 ἔμυον
3103 1815 3117 1829 ⁸
3146 1805 3256 1865 τοῖς
3284 1803 3340 1855 δὲ
3367 1805 3593 1873 λοιποῖς,
3619 1807 3703 1871 οὓς

2137 1884 2231 1937 καὶ
2263 1885 2368 1950 ἔξω
2412 1887 2567 1940 καλεῖ
2591 1887 2717 1958 (ἔξω
2742 1889 2852 1960 γὰρ
2883 1889 2982 1960 τῆς
3026 1894 3302 1963 σωτηρίας
3346 1898 3487 1966 σφᾶς
3521 1897 3704 1961 αὐτοὺς

2137 1977 2553 2048 περιέστησαν),
2582 1981 2766 2033 οὐκέτι
2813 1981 3041 2037 δέδοται.
3094 1985 3222 2048 Τοῖς
3260 1985 3370 2058 γὰρ
3401 1989 3703 2060 εἰρημένοις

2137 2071 2336 2124 πάθεσι
2376 2074 2560 2126 πᾶσαν
2596 2075 2810 2138 ἑαυτοῖς
2842 2075 3290 2147 ἀποτειχίσαντες
3317 2075 3593 2149 σωτηρίαν
3620 2084 3704 2134 καὶ

2135 2152 2424 2231 ὠφέλειαν,
2457 2165 2677 2228 εἰκότως
2714 2167 2774 2218 οὐ
2807 2165 3052 2232 δέδοται,
3090 2169 3173 2222 ὅτι
3206 2171 3342 2240 μηδὲ
3386 2171 3570 2226 λαϐεῖν
3610 2174 3704 2226 αύ-

2135 2257 2262 2318 τοὺς
2293 2257 2636 2328 ἐπιτηδείους
2666 2261 3108 2326 παρεσκεύασαν.
3137 2260 3228 2314 Διὸ
3256 2261 3351 2314 καὶ
3381 2263 3704 2334 παραϐολαῖς

2136 2349 2382 2420 προσῆκε
2431 2351 2632 2421 μᾶλλον
2676 2352 2879 2420 λαλεῖν,
2927 2353 2960 2422 ἢ
3011 2354 3196 2425 γυμνὰ
3248 2355 3565 2426 προτιθέναι
3613 2357 3705 2426 τῆς

2137 2439 2364 2511 χάριτος
2417 2441 2484 2494 τά
2544 2443 2844 2514 μυστήρια.
2895 2442 3034 2506 Οὔτε
3085 2445 3196 2516 γὰρ
3241 2446 3541 2519 συμφέρον,
3590 2445 3702 2499 οὗτε

2136 2531 2370 2601 κρίσεως
2417 2533 2740 2596 ἀδεκάστου,
2789 2536 2870 2599 εἱς
2908 2537 3006 2606 τὴν
3037 2537 3208 2607 αὐτὴν
3236 2538 3389 2603 τάξιν
3437 2537 3536 2607 τῆς
3565 2537 3703 2592 διδα-

2139 2624 2367 2688 σκαλίας
2396 2626 2492 2678 καὶ
2520 2627 2793 2697 σωτηρίας
2839 2627 3048 2682 τιθέναι
3096 2629 3188 2682 τὸν
3220 2629 3370 2693 ἄξιόν
3412 2645 3470 2682 τε
3499 2631 3592 2684 καὶ⁵
3622 2631 3703 2684 τὸν

2135 2714 2388 2780 ἀνάξιονο
2417 2715 2608 2786 ὥσπερ
2650 2717 2773 2770 οὐδὲ
2818 2720 2931 2782 τοῖς
2967 2719 3172 2790 χοίροις
3202 2722 3329 2784 τοὺς
3372 2722 3704 2793 μαργαρίτας

2136 2806 2485 2877 προϐάλλειν,
2513 2807 2637 2862 οὐδὲ
2655 2811 2769 2874 τοῖς
2797 2811 2924 2863 κυσὶ
2953 2810 3166 2883 ῥίπτειν
3189 2813 3258 2866 τὰ
3286 2813 3437 2882 ἆγια.

2220 2983 2310 3049 Ἐξ
2334 2983 2426 3038 οὖν
2451 2985 2536 3054 ’(7)
2567 2985 2679 3038 τῶν
2708 2986 3014 3057 εἰρημένων
3047 2989 3140 3040 καὶ
3178 2987 3260 3056 τὸ,
3293 3007 3316 3040 ‹
3347 2990 3462 3044 ’Ὶνα
3492 2992 3571 3064 (8)
3600 2991 3706 3063 βλέ-

2138 3093 2334 3139 ποντες
2367 3077 2441 3147 μὴ
2473 3078 2733 3148 βλέπωσι,
2781 3079 2877 3133 καὶ
2907 3081 3194 3145 ἀκούοντες
3254 3084 3329 3156 μὴ
3382 3085 3652 3153 συνῶσιν,
3685 3103 3701 3135 ι

2134 3169 2252 3223 ὁδὸν
2282 3169 2525 3240 εὑρίσκει
2564 3172 2662 3240 τῆς
2696 3171 3062 3242 διαγνώσεως.
3090 3175 3164 3228 Τὸ
3196 3177 3304 3246 γὰρ
3334 3178 3436 3232 ἵνα
3457 3178 3554 3232 νῦν
3589 3197 3705 3248 συγ-

2134 3262 2290 3328 γενές
2319 3261 2377 3313 τέ
2409 3263 2524 3314 ἐστι
2558 3261 2650 3316 τοῦ
2693 3262 2862 3328 διότι,
2911 3266 3006 3317 καὶ⁵
3044 3265 3566 3337 μεταλαμϐάνεσθαι
3614 3271 3704 3323 πέ·

2136 3369 2306 3421 φυκεν
2340 3353 2589 3424 θάτερον,
2618 3355 2754 3427 πρὸς
2785 3355 2846 3410 τὺ
2872 3357 3081 3428 ἕτερον.
3125 3356 3400 3426 Ὡσαύτως
3430 3363 3487 3416 δὲ
3517 3365 3612 3418 καὶ
3630 3363 3704 3427 τὸ,

2130 3444 2240 3512 μὴν
2275 3444 2375 3497 οὐκ
2408 3445 2855 3516 ἀπαγορεύσεως,
2890 3449 3170 3521 ἀρνήσεως
3192 3453 3250 3506 δὲ
3279 3454 3466 3524 χώραν
3499 3456 3595 3508 νῦν
3617 3458 3707 3508 ἐπ-

2139 3538 2271 3608 έχει.
2308 3537 2415 3591 Καὶ
2438 3539 2518 3591 ὅτι
2549 3539 2606 3591 τὸ
2634 3538 2933 3610 λαμϐάνειν
2960 3543 3060 3607 τὰς
3090 3543 3262 3609 λέξεις
3287 3545 3460 3611 οὕτως
3482 3548 3705 3601 ἐνταῦθα

2140 3628 2325 3697 μεῖξον
2353 3627 2446 3681 τοῦ
2479 3629 2720 3691 εἰκάζειν
2760 3631 3103 3699 καθίσταται,
3136 3633 3243 3687 τῶν
3267 3653 3327 3688 τε
3355 3640 3704 3708 προφητικῶν

2139 3720 2402 3791 ῥημάτων
2433 3723 2465 3792 ή
2500 3721 2727 3787 διάνοια,
2757 3723 2826 3776 δι’
2857 3716 2932 3777 ὧν
2983 3725 3222 3796 προῆλθε
3248 3729 3343 3782 καὶ
3368 3730 3438 3782 τὰ
3464 3729 3708 3802 Κυριακὰ

2136 3806 2315 3875 λόγια,
2353 3811 2565 3882 μάρτυς
2602 3812 2748 3864 ἐστὶν
2805 3814 3262 3886 ἀπαράγραπτος,
3294 3818 3430 3874 ἀλλὰ
3457 3821 3553 3874 καὶ
3582 3825 3610 3874 ὁ
3641 3824 3703 3874 ls-

2141 3901 2231 3972 ρος
2263 3903 2541 3966 Ματθαῖος
2591 3904 2682 3958 ἐπὶ
2723 3903 2826 3975 τῆς
2871 3907 3042 3975 αὐτῆς
3087 3909 3294 3974 ἐννοίας
3338 3913 3458 3965 ἀντὶ
3486 3913 3580 3966 τοῦ
3618 3916 3708 3967 ἵνα

2143 3994 2495 4064 χρησάμενος
2520 3996 2748 4066 vtinam,
2767 3997 2856 4051 καὶ
2886 4000 3009 4052 ἀντί
3039 4001 3129 4053 τοῦ
3159 4003 3526 4074 ἀπαγορεύειν
3548 4007 3709 4076 ἀρνη-

2139 4087 2308 4150 τικῶς
2337 4089 2679 4157 ἀπαγγείλας
2723 4089 2786 4142 τὸ
2816 4093 3035 4162 χωρίον.
3085 4095 3194 4147 Καὶ
3223 4096 3331 4165 γὰρ
3385 4100 3594 4167 εἰσάγει
3628 4100 3708 4152 τὸν

2141 4180 2348 4252 Κύριον
2403 4179 2630 4248 λέγοντα
2653 4198 2666 4212 ο
2701 4199 2721 4232 ‹
2755 4182 2855 4235 Διά
2885 4184 3042 4238 τοῦτο
3077 4188 3136 4239 ὲν
3177 4189 3514 4259 παραϐολαῖς
3547 4192 3704 4258 λαλῶ,

2139 4271 2221 4326 δτι
2254 4271 2546 4343 βλέποντες
2573 4273 2634 4326 οὐ
2667 4273 2964 4342 βλέπουσι,
3003 4296 3022 4328 ›
3080 4279 3172 4332 καὶ
3202 4280 3382 4353 δῆλον,
3428 4285 3509 4338 ὅτι
3547 4286 3708 4355 σαφὲς

2140 4364 2378 4436 κατέστη
2409 4365 2502 4418 καὶ
2535 4365 2596 4418 τὸ
2643 4366 2745 4419 ἵνα
2789 4370 2902 4431 τοῖς
2934 4368 3114 4434 ἄλλοις
3146 4373 3564 4443 εὐαγγελισταίς
3596 4380 3706 4432 ἀντὶ

460 4447 544 4502 ὅτι
575 4464 700 4506 esse
743 4462 1091 4521 usurpatum,
1139 4464 1194 4509 et
1221 4457 1546 4525 particulam
1600 4457 1750 4511 illam
1791 4458 2031 4528 prohibi-

2145 4457 2238 4511 τοῦ
2285 4456 2374 4510 ὅτι
2407 4458 2876 4531 παρειλημμένον,
2910 4465 3005 4515 καὶ
3042 4463 3104 4517 τὸ
3141 4466 3217 4537 (9)
3281 4466 3705 4542 ἅπαγορευτικὺν

463 4540 626 4596 tivam
659 4546 910 4614 negantis
932 4545 1038 4598 vim
1062 4546 1332 4602 obtinere.

532 4630 752 4688 Scilicet
771 4651 902 4702 gens
929 4633 1175 4701 Judaica,
1200 4638 1466 4707 majorum
1501 4655 1728 4696 suorum
1756 4640 2033 4695 insaniam

458 4729 513 4776 ct
539 4721 942 4791 improbitatem
975 4727 1049 4782 ita
1087 4743 1243 4783 suam
1279 4729 1427 4796 fecit,
1460 4741 1522 4786 ut
1547 4731 1848 4787 Dominicae
1890 4733 2037 4787 salu-

2156 4547 2342 4621 μόριον
2371 4549 2471 4620 τὴν
2493 4549 2586 4602 τοῦ
2614 4552 2911 4624 ἀρνητικοῦ
2944 4554 3174 4626 δύναμιν
3204 4561 3643 4635 ἀναδεδεγμένον.

2226 4641 2364 4696 Ἀλλ’
2413 4642 2557 4696 οὕτω
2617 4645 2716 4715 μὲν
2778 4647 2876 4718 τὴν
2935 4653 3270 4723 προγονικὴν
3329 4657 3391 4709 τὸ
3455 4660 3707 4713 Ἰουδαίων

2142 4733 2294 4796 ἔθνος
2339 4737 2599 4788 ἀπόνοιαν
2644 4738 2738 4790 καὶ
2784 4741 3180 4814 ἀγνωμοσύνην
3228 4747 3587 4820 οἰκειούμενοι
3619 4754 3707 4822 τῆς

461 4815 698 4882 larisque
748 4816 1007 4873 doctrinae
1047 4819 1321 4889 jacturam
1362 4833 1718 4892 spontancam
1770 4825 1824 4878 in
1884 4824 2031 4879 lucro

2145 4825 2484 4895 Δεσποτικῆς
2533 4825 2882 4892 διδασκαλίας
2935 4832 3027 4883 καὶ
3075 4832 3345 4902 ὠφελείας
3399 4842 3708 4912 ἀποστερεῖν

461 4915 760 4974 reputaret.
791 4909 976 4981 Neque
1003 4912 1152 4967 enim
1181 4913 1259 4968 illi
1291 4917 1554 4970 natalium
1596 4932 1824 4970 suorum
1868 4918 2031 4985 origi-

2145 4917 2375 4982 ἑαυτοὺς
2407 4919 2597 4991 κέρδος
2627 4921 2888 4975 ἐτίθεντο.
2929 4925 3036 4976 Καὶ
3077 4927 3186 4996 γὰρ
3237 4930 3298 4981 οὐ
3331 4934 3582 4988 τοσοῦτον
3618 4936 3703 4997 τὰς

460 5009 586 5050 nem
619 4996 686 5051 ad
715 4999 953 5070 majores
985 5001 1183 5072 magis,
1224 5021 1388 5074 quam
1421 5007 1606 5062 cordis
1655 5007 1743 5061 sui
1785 5008 2031 5063 duritiem

2147 5010 2456 5081 πηγὰςετῆς
2486 5013 2805 5084 σωματικῆς
2835 5015 3104 5088 γενέσεως
3141 5021 3220 5084 εἰς
3245 5021 3490 5090 ἐκείνους
3527 5027 3705 5097 ἀνέφε-

534 5112 578 5144 ⁷⁵
605 5113 796 5173 Matth.
821 5133 921 5187 vn,
957 5120 1008 5174 6.
1084 5119 1130 5150 "
1170 5117 1361 5173 Matth.
1387 5135 1509 5182 xm,
1542 5119 1627 5174 15.

1980 5239 2214 5297 ΝΟΤΔΕ.

529 5379 608 5446 (2)
653 5378 712 5449 Ὅ
740 5379 798 5433 δὲ
818 5379 1086 5449 οἰόμενος,
1122 5379 1303 5436 addidi
1327 5397 1394 5437 cx
1425 5383 1579 5445 Coll).

532 5450 610 5518 ('5)
641 5448 718 5501 ιιι.
751 5465 851 5518 pro
880 5448 1152 5515 τύφωσιν.

532 5519 611 5588 (4)
643 5519 719 5589 id.
743 5536 842 5588 pro
869 5519 1103 5589 οἴκησις.

535 5589 612 5653 (5)
639 5588 718 5643 Id.
751 5605 850 5658 pro
889 5588 1088 5658 νόημα.

645 5659 725 5734 l_d.
758 5675 863 5734 pro_
889 5659 1356 5734 ἐπαισχύνθησαν.

539 5727 616 5798 (7)
647 5726 776 5786 Post
802 5726 895 5784 οὗν
923 5726 1228 5802 legebatur"
1267 5735 1379 5801 καί,
1411 5738 1555 5806 quod
1611 5738 1761 5793 Cum.
1833 5739 2030 5793 rectius

2142 5387 2368 5441 omittit.

2212 5457 2287 5520 (8)
2317 5459 2436 5511 Ἵνα
2473 5473 2535 5512 ex
2578 5457 2729 5513 Colb.

2211 5529 2287 5608 (9)
2324 5528 2449 5608 Post
2485 5530 2974 5608 xai_'td,_e_xstahat
3007 5533 3127 5586 ἀντὶ
3153 5533 3266 5608 τοῦ,
3314 5552 3379 5589 ex
3419 5541 3699 5608 superiori—

2139 5600 2244 5679 bus
2277 5600 2657 5668 intempestive
2686 5603 2774 5656 hie
2807 5604 3124 5672 repetitum,
3158 5606 3390 5676 ideoque
3455 5600 3508 5668 in
3555 5612 3696 5668 Colh.

2140 5685 2424 5724 υιιιιδδυιιι.
