3820 6212
110 260 201 324 473

110 391 212 441 ρον,
241 372 357 425 ὅσον
388 367 483 440 τήν
508 368 768 439 πώρωσιν
794 368 892 439 τῆς
919 370 1145 441 καρδίας
1174 370 1272 425 καὶ
1307 371 1366 426 τὸ
1389 373 1489 442 τῆς
1518 371 1653 439 γνώ-
1690 378 1734 433 Α

110 482 208 534 μης
250 463 556 534 ἀχάριστον.
600 460 889 531 Θαλάσσης
924 462 954 515 ὁ
989 462 1219 527 παλαιὸς
1268 464 1485 537 Ἰσραὴλ
1518 464 1662 536 ὑγρὰ

107 558 309 629 κύματα
340 555 771 628 πεξοποροῦντες
797 555 1086 622 διέϐαινον,
1123 556 1316 620 στύλος
1369 557 1542 627 πυρὸς
1568 558 1662 611 καὶ

110 644 320 713 νεφέλης
349 643 445 714 τὴν
476 644 594 697 όδὸν
619 644 804 708 αὐτοῖς
828 646 1242 717 παρεσκεύαζεν
1268 648 1537 712 ἄλυπον,ό
1563 648 1662 715 μὲν

109 742 158 793 ἐν
183 737 329 793 νυκτὶ
361 738 568 807 πυρσὸν
597 738 875 799 ἀνάπτων.
910 740 1028 811 ἅμα
1064 740 1161 793 καὶ
1189 742 1548 811 χειραγωγῶν
1571 742 1663 796 τὸν

109 820 382 901 ἀχάριστον
405 845 418 860 ·
443 831 475 900 ἡ
511 829 567 882 δὲ
598 829 696 901 τὴν
720 830 1003 887 λυποῦσαν
1031 831 1123 886 τοῦ
1158 834 1311 903 ἡλίου
1340 833 1515 902 φλόγα
1541 834 1664 888 ἀντὶ

106 924 192 993 τῆς
221 923 334 974 κατ’
360 917 506 974 οἷκον
543 921 746 993 ὀροφῆς
773 923 1174 991 ἀποστέγουσα,
1206 926 1300 978 καὶ
1324 925 1420 997 τὴν
1451 926 1664 996 ἡμέραν

107 1015 196 1081 τῆς
242 1011 544 1083 ὁδοιπορίας
597 1013 943 1084 εὐφροσύνης
994 1016 1211 1087 ἡμέραν
1262 1018 1661 1086 ἀποφαίνουσα.

108 1107 222 1170 Καὶ,
248 1106 303 1157 ἐν
328 1105 604 1181 κεφαλαίῳ
626 1106 816 1176 φάναι,
843 1108 951 1161 τῶν
980 1108 1120 1178 ὑπὲρ
1149 1108 1309 1177 λόγον
1331 1112 1664 1181 εὐεργεσιῶν

106 1197 470 1261 ἀπολαύοντες,
507 1199 602 1251 καὶ
638 1200 772 1253 πᾶσι
818 1202 935 1260 τοῖς
979 1201 1121 1255 κατά
1149 1202 1242 1257 τὸν
1277 1203 1391 1272 βίον
1441 1203 1665 1271 ἀγαθοῖς

108 1289 509 1362 περιῤῥεόμενοί
536 1308 593 1344 τε
625 1291 718 1345 καὶ
750 1291 1114 1363 πιαινόμενοι,
1135 1293 1497 1357 ἀπελάκτιζον
1527 1294 1666 1365 μᾶλ-

106 1385 184 1437 λον
210 1385 297 1437 καὶ
324 1382 463 1454 πρὸς
491 1383 591 1455 τὴν
634 1384 729 1438 τοῦ
776 1384 934 1438 Θείου
988 1385 1146 1457 ὓϐριν
1179 1386 1530 1456 ὲξεμαίνοντο
1558 1387 1667 1440 τῶν

106 1474 381 1530 εἱδωλικῶν
433 1476 764 1545 μιασμάτων
796 1476 909 1546 (10)
964 1476 1026 1530 τὸ
1078 1477 1240 1542 σέϐας
1284 1479 1387 1549 τῆς
1436 1480 1518 1543 είς
1574 1480 1667 1533 τὸν

106 1567 427 1638 Δημιουργὸν
475 1568 969 1640 ἀνταλλαττόμενοι
1018 1569 1276 1635 πίστεως.
1328 1571 1441 1625 Καὶ
1479 1573 1525 1624 oi
1568 1572 1667 1642 τῆς

107 1659 309 1730 ἐκείνης
336 1657 391 1712 δὲ
420 1658 650 1730 γνώμης
675 1660 776 1714 οὐκ
802 1660 1026 1716 ἔλαττον
1058 1662 1091 1733 ἢ
1128 1661 1230 1733 τῆς
1255 1663 1421 1733 γονῆς
1446 1662 1667 1731 φύντες,

106 1750 185 1803 διὰ
206 1750 299 1819 τῆς
336 1751 431 1803 τοῦ
465 1751 720 1823 Σωτῆρος
754 1753 913 1823 ἡμῶν
942 1752 1238 1825 ἐπιδημίας
1270 1755 1670 1825 παραπλησίων

108 1844 189 1901 καὶ
215 1842 504 1912 ὑπερφυῶν
535 1842 830 1912 θαυμάτων
862 1843 1202 1913 τελουμένων
1229 1845 1418 1900 θεαταὶ
1447 1846 1671 1916 γινόμε-

109 1952 197 1999 νοι,
224 1934 317 1989 νῦν
362 1934 463 2007 μὲν
513 1934 703 1988 παθῶν
749 1935 1081 2005 σωματικῶν
1112 1936 1349 1991 ἀνιάτων
1376 1936 1673 2007 ἐλαυνομέ-

108 2045 201 2081 νων
228 2025 387 2098 λόγῳ,
421 2024 519 2079 νῦν
565 2026 621 2079 δὲ
664 2026 870 2100 βλάϐης
912 2028 1197 2099 δαιμονίας
1238 2030 1331 2084 καὶ
1376 2030 1672 2100 ἐπιϐουλῆς

107 2117 192 2170 τοῦ
231 2117 545 2187 πλάσματος
587 2116 1101 2189 ἀπαλλαττομένουο
1145 2120 1241 2174 καὶ
1309 2120 1557 2191 ψυχικῶν
1614 2122 1673 2174 δὲ

107 2208 417 2280 τραυμάτων
462 2211 532 2281 τῇ
579 2208 901 2282 διδασκαλίᾳ
937 2210 1418 2284 θεραπευομένων,
1449 2230 1674 2283 νεκρου-

111 2304 266 2372 μένην
290 2301 334 2354 δ’
382 2301 485 2373 ἡδη
533 2302 766 2356 θανάτου
798 2303 898 2375 τὴν
945 2304 1103 2376 ίσχὺν
1129 2304 1670 2376 εὐαγγελιζομένων·

110 2398 195 2450 καὶ
219 2395 423 2450 πολλῶν
465 2395 643 2448 ἄλλων
666 2395 886 2466 δωρεῶν
915 2413 974 2449 τε
1004 2395 1100 2450 καί¹
1125 2397 1458 2468 εὐεργεσιῶν
1491 2397 1676 2462 ἀξιούο

113 2509 270 2562 μενοι,
295 2490 447 2544 οὐδὲν
479 2491 579 2562 μὲν
604 2490 813 2544 τούτων
837 2490 1079 2562 καθορᾷν
1110 2490 1338 2562 γνώμην
1365 2484 1537 2561 εἶχον,
1562 2491 1675 2544 οὐδ’

110 2584 426 2655 ἀμείψασθαι
464 2584 579 2653 (il)
608 2585 700 2638 τὸν
740 2585 1058 2655 εὐεργέτην,
1092 2586 1229 2656 πρὸς
1265 2585 1438 2657 μόνην
1478 2586 1535 2639 δὲ
1578 2587 1683 2658 τὴν

111 2675 357 2747 θεομάχον
383 2675 756 2746 ὲξωτρύνοντο
785 2676 1065 2744 γλῶσσαν,
1099 2677 1196 2731 καὶ
1224 2676 1334 2729 τῶν
1362 2677 1677 2746 βλεπόντων

112 2768 196 2820 καὶ
237 2768 544 2821 ἀκουόντων
590 2768 929 2840 ἁρπάζοντες
962 2767 1025 2823 τὸ
1071 2767 1326 2837 ἀξίωμα,
1362 2769 1457 2823 καὶ
1493 2769 1678 2838 σφίσιν

110 2860 278 2924 αὐτοῖς
322 2860 723 2932 περιτιθέντες,
767 2857 894 2912 οὔτε
923 2859 1147 2914 ἀκούειν
1191 2860 1384 2932 ἡθελον
1428 2860 1540 2914 τῶν
1583 2865 1680 2913 Δε-

114 2951 365 3005 σποτικῶν
397 2952 685 3023 ῥημάτων,
734 2950 1035 3021 σάλπιγγος
1084 2952 1453 3023 γεγωνότερον
1482 2953 1680 3017 αὐτοὺς
1707 2986 1749 3045 c

112 3043 237 3113 πρὸς
260 3044 356 3110 τὴν
387 3042 669 3114 σωτηρίαν
700 3041 1180 3113 ἀνακαλουμένων,
1201 3044 1296 3097 καὶ
1322 3043 1549 3110 πολλοὺς
1572 3045 1680 3099 τῶν

113 3133 267 3186 ἐθνῶν
290 3133 425 3205 πρὸς
450 3132 626 3203 αὐτὴν
657 3134 1020 3202 συναγόντων,
1049 3135 1143 3189 καὶ
1171 3135 1272 3206 τὴν
1298 3135 1397 3207 τῆς
1424 3122 1707 3209 ἀληθείας

114 3224 388 3293 ἐπίγνωσιν
420 3225 913 3280 ἀναδιδασκόντων.
949 3224 1088 3281 Οὔτε
1119 3228 1188 3282 τὰ
1219 3228 1310 3281 ὑπ’
1338 3229 1461 3299 ὄψιν
1494 3230 1684 3284 τελού-

118 3333 241 3384 μενα
271 3317 377 3370 τῶν
408 3315 710 3387 θαυμάτων
742 3317 965 3388 βλέπειν
995 3318 1279 3372 ἐϐούλοντο
1299 3361 1314 3385 ,
1354 3322 1490 3390 πρὸς
1518 3322 1685 3392 μόνας

114 3408 162 3461 δὲ
202 3408 292 3471 τὰς
337 3409 678 3479 δυσφημίας,
742 3410 841 3462 καὶ
885 3411 979 3463 τὸν
1027 3411 1157 3466 νοῦν
1205 3413 1386 3466 αὐτῶν
1440 3415 1533 3468 καὶ
1588 3416 1687 3486 τὴν

114 3500 342 3569 γλῶτταν
387 3500 714 3566 ὲξώπλιζον.
745 3502 945 3573 Διόπερ
976 3503 1206 3567 εἰκότως
1250 3505 1433 3569 αὐτοῖς
1471 3506 1539 3561 τὰ
1586 3526 1685 3577 p.9-

118 3592 299 3662 στήρια
330 3593 430 3663 τῆς
475 3591 759 3663 βασιλείας
804 3592 904 3646 οὐκ
952 3592 1295 3651 ἐπιστεύετο.
1346 3597 1531 3666 Χωρὶς
1579 3584 1687 3667 γὰρ

115 3682 210 3733 τῶν
260 3680 432 3735 ἀλλων
486 3682 580 3735 καὶ
632 3681 772 3735 διότι
832 3683 1018 3753 μεῖζον
1075 3685 1258 3747 αὐτοῖς
1306 3689 1481 3758 κρῖμα
1534 3705 1688 3756 περι-

114 3772 241 3841 ῆπτε
269 3773 379 3843 (12)
418 3772 838 3843 πιστευόμενον.
874 3773 1026 3845 Ὅσῳ
1051 3774 1160 3845 γὰρ
1205 3776 1270 3829 ἄν
1301 3793 1385 3840 τις
1421 3778 1687 3847 μειζόνων

115 3862 366 3931 ἀξιοῦται,
399 3867 428 3919 ὁ
463 3866 526 3919 δὲ
555 3866 694 3936 πρὸς
724 3865 786 3918 τὸ
812 3868 997 3937 χεῖρον
1026 3868 1155 3920 ἀντὶ
1172 3868 1271 3938 τῆς
1299 3871 1393 3922 ἐπὶ
1421 3870 1482 3922 τὸ
1506 3874 1689 3942 κρεῖτ-

116 3972 199 4008 τον
233 3956 534 4028 μεταϐολῆς
570 3958 825 4011 ἀπονεύει
850 3998 866 4023 ,
911 3952 1069 4036 οὗτος
1116 3959 1227 4031 (15)
1281 3960 1473 4033 διπλῆς
1508 3961 1689 4032 ἔνοχος

117 4051 515 4121 κατακρίσεως,
550 4052 651 4121 τῆς
691 4068 751 4106 τε
782 4051 1162 4123 προλαϐούσης
1197 4055 1419 4120 κακίας,
1463 4055 1556 4107 χίλι’ι
1591 4056 1690 4124 τῆς

119 4142 196 4192 ἐπ’
223 4140 452 4212 αὔξησιν
483 4143 791 4215 μοχθηρίας
824 4143 923 4216 τὴν
963 4145 1283 4215 εὐεργεσίαν
1313 4128 1688 4217 ποιησαμένης

118 4232 506 4302 προαιρέσεως.

1029 259 1128 318 AD
1169 259 1766 321 AMPHILOCIIIUM
1804 260 2157 332 ΟυίΕΞΤΙΟ
2194 263 2449 324 LXXVI.

3244 267 3348 332 474

1765 372 2151 442 ingratumque
2174 375 2419 428 animum
2451 372 2781 429 referebant.
2810 374 3031 432 Veteres
3062 378 3137 432 illi
3171 380 3349 437 Israe-

1765 464 1874 519 lita:
1906 465 2075 521 maris
2103 466 2301 521 fluctus
2332 466 2663 531 transibant,
2710 468 2965 523 columna
3010 485 3178 539 porro
3206 472 3351 542 ignis

1765 563 1819 610 et
1849 555 2011 609 nubis
2066 557 2169 618 iter
2219 555 2354 626 ipsis
2402 556 2709 626 jucundum
2763 560 3081 627 praestabat,
3131 567 3351 631 quando

1766 648 1917 717 prior
1946 649 2166 718 quidem
2207 660 2372 705 noctu
2407 649 2580 706 facem
2621 652 2977 718 accendebat,
3012 664 3068 710 et
3093 656 3237 712 viam
3269 660 3354 713 in-

1766 740 1935 809 gratis
1972 740 2468 809 praemonStrabat;
2507 742 2781 811 posterior
2809 758 2939 799 vero
2975 745 3229 801 infestam
3261 764 3354 804 so—

1767 834 1835 891 lis
1864 834 2139 888 flannnam
2173 834 2349 889 instar
2386 834 2515 888 tecti
2550 834 2804 904 alicujus,
2842 851 2951 905 quo
2988 837 3184 893 domus
3228 856 3352 894 mu-

1767 926 1937 992 nitur,
1966 927 2207 991 arcebat,
2239 934 2403 995 atque
2426 925 2564 980 adeo
2588 926 2799 982 itineris
2819 927 2961 982 diem
2984 927 3187 982 laetitiae
3208 929 3349 983 diem

1767 1017 2056 1075 efﬁciebat.
2107 1019 2176 1069 At
2221 1017 2383 1072 iidem
2430 1017 2528 1083 illi,
2580 1027 2640 1073 ut
2688 1018 3007 1073 summatim
3041 1020 3242 1083 dicam,
3277 1030 3355 1074 tot

1769 1109 2093 1174 beneficiis,
2152 1126 2276 1181 qua:
2333 1126 2552 1164 omnem
2606 1111 2976 1180 eloquentiam
3043 1123 3353 1182 superant,

1769 1200 2046 1265 fruentes,
2079 1203 2448 1269 omnibusque
2478 1203 2603 1256 vitae
2639 1203 2798 1256 bonis
2829 1203 3079 1259 iuundati
3123 1213 3177 1258 et
3209 1204 3356 1273 sagi-

1768 1292 1907 1356 nati,
1946 1293 2391 1359 rccalcitrabant,
2422 1306 2495 1359 et,
2530 1292 2719 1347 furore
2745 1295 2901 1362 quasi
2941 1296 3183 1363 quodam
3227 1311 3354 1350 cor-

1769 1385 1929 1453 repti,
1958 1386 2012 1438 in
2044 1385 2291 1439 divinum
2327 1384 2538 1440 Numen
2569 1394 2726 1440 erant
2770 1386 2980 1454 injurii,
3012 1388 3192 1452 tidem,
3219 1402 3352 1443 eon-

1769 1475 1933 1531 ditori
1964 1491 2066 1531 suo
2120 1477 2512 1545 praestandam,
2547 1493 2671 1531 cum
2728 1477 3053 1532 idololatriae
3101 1479 3358 1532 sordibus

1769 1580 2167 1644 permutantes.
2199 1569 2274 1624 Ita
2293 1579 2346 1625 et
2361 1571 2566 1640 posteri
2592 1585 2809 1635 eorum,
2834 1586 2943 1624 non
2962 1571 3144 1625 minus
3170 1571 3358 1625 animo

1772 1678 1938 1735 quam
1970 1662 2248 1719 natalibus
2278 1662 2389 1718 illis
2429 1662 2661 1726 similes,
2718 1672 3008 1732 postquam
3056 1664 3254 1718 similia
3303 1672 3359 1717 et

1774 1756 1959 1813 divina
2014 1755 2277 1810 miracula
2322 1770 2352 1808 a
2386 1764 2515 1808 nato
2571 1754 2854 1809 Salvatore
2904 1765 3095 1808 nostro
3146 1764 3358 1823 patrata

1771 1850 2061 1916 vidissent,
2117 1849 2337 1917 quando
2392 1863 2540 1902 nunc
2590 1846 2812 1917 quidem
2849 1846 3023 1900 morbi
3082 1848 3358 1917 corporis,

1774 1940 1911 1994 alias
1965 1938 2419 2000 immedicabiles,
2466 1938 2634 1992 verbo
2682 1936 3167 2005 propulsabantnr,
3217 1951 3361 1989 nunc

1772 2044 1903 2085 vero
1939 2030 2211 2091 homines,
2247 2044 2278 2082 a
2312 2028 2472 2084 noxis
2505 2036 2559 2081 et
2586 2027 2799 2083 insidiis
2828 2025 3115 2080 diabolicis
3166 2025 3363 2080 libera-

1774 2122 1994 2187 bantur,
2021 2136 2168 2177 nunc
2192 2122 2391 2177 animae
2413 2121 2641 2175 vulnera
2672 2118 2925 2173 doctrina
2956 2117 3185 2172 salutari
3202 2132 3363 2171 sana-

1774 2212 1997 2279 bantur,
2037 2228 2187 2267 nunc
2235 2212 2440 2267 mortui
2494 2212 2638 2267 inter
2704 2211 2858 2265 vivos
2911 2209 3362 2274 numerabantur,

1776 2321 1927 2362 nunc
1985 2306 2096 2360 vim
2156 2305 2354 2360 mortis
2403 2305 2536 2374 jam.
2573 2303 2802 2358 fractam
2846 2317 2968 2357 esse
2997 2302 3360 2365 docebantur,

1779 2397 2083 2467 multisque
2119 2397 2242 2452 aliis
2265 2396 2428 2452 donis
2447 2406 2503 2452 et
2529 2395 2810 2451 beneficiis
2851 2393 3251 2457 mactabantur,
3278 2393 3362 2445 vel

1777 2491 1859 2547 sic
1890 2490 2137 2545 animum
2166 2490 2233 2545 ad
2262 2490 2353 2545 illa
2410 2489 2598 2544 omnia
2628 2488 2934 2554 advertere,
2999 2496 3099 2541 aut
3140 2485 3365 2541 benefa-

1778 2584 1913 2639 ctori
1939 2598 2042 2639 suo
2070 2582 2304 2653 gratiam
2338 2582 2637 2652 rependere
2664 2581 2946 2643 nolebant,
2976 2579 3069 2634 sed
3118 2578 3364 2648 linguam

1778 2677 1988 2746 potius,
2021 2676 2132 2731 Deo
2164 2675 2469 2739 inimicam,
2500 2675 2792 2730 acuebant.
2834 2675 2951 2727 lmo
2979 2673 3278 2728 videntium
3309 2679 3367 2726 et

1781 2766 2121 2821 audientium
2154 2766 2391 2835 elogium
2423 2779 2521 2835 per
2567 2766 2811 2834 rapinam
2862 2765 2965 2819 sibi
3004 2763 3138 2834 ipsis
3187 2763 3366 2817 vindi-

1783 2867 1989 2923 cantes,
2012 2872 2189 2926 neque
2217 2855 2436 2910 Domini
2466 2856 2655 2919 verba,
2688 2870 2810 2924 quae
2837 2870 2955 2917 eos,
2990 2853 3223 2907 buccina
3254 2854 3368 2907 ela-

1784 2955 1923 3017 rius,
1952 2950 2018 3005 ad
2058 2950 2284 3005 salutem
2318 2947 2612 3011 vocabant,
2645 2946 2849 2999 multos
2880 2960 3012 2998 vero
3047 2960 3112 2999 ex
3146 2942 3368 3012 gentili-

1785 3044 1890 3098 bus
1919 3041 1989 3096 ad
2021 3057 2141 3096 eam
2178 3040 2572 3110 perducebant,
2601 3036 2958 3105 veritatisque
2997 3034 3366 3104 cognitionem

1786 3134 2147 3197 iustillabant,
2183 3133 2395 3198 audire,
2437 3146 2616 3200 neque
2664 3129 2950 3193 miracula,
2982 3143 3105 3198 qua:
3146 3128 3199 3181 in
3236 3141 3371 3180 ocu-

1786 3228 1869 3283 los
1926 3226 2310 3290 incurrebant,
2346 3225 2531 3279 videre
2563 3222 2876 3292 cupiebant,
2935 3222 3028 3274 sed
3073 3219 3253 3289 potius
3299 3217 3368 3272 ad

1788 3318 2035 3375 convicia
2065 3327 2278 3373 tantum
2310 3325 2365 3371 et
2388 3322 2625 3370 mentem
2654 3328 2815 3369 suam
2834 3322 2890 3366 et
2922 3312 3163 3381 linguam
3190 3326 3373 3363 arma-

1787 3412 1939 3470 bant.
1974 3409 2104 3465 Haec
2155 3424 2318 3464 causa
2350 3420 2490 3474 erat,
2545 3423 2645 3462 cur
2686 3407 2948 3477 mysteria
3002 3405 3152 3475 regni
3202 3403 3373 3459 divini

1788 3502 1897 3559 illis
1945 3520 2053 3558 non
2085 3504 2463 3558 crederentur.
2495 3498 2655 3563 Nam,
2696 3500 2884 3553 utalia
2932 3499 3207 3561 omittam,
3255 3512 3373 3549 ma-

1783 3595 1891 3667 jori
1921 3596 2139 3650 crimini
2199 3595 2363 3649 futuri
2418 3602 2579 3648 erant
2632 3592 2877 3655 obnoxii,
2910 3591 2954 3645 si
2985 3605 3048 3644 ea
3081 3590 3189 3643 illis
3218 3603 3373 3643 com-

1789 3689 1960 3743 missa
1993 3685 2245 3742 fuissent.
2279 3684 2399 3751 Quo
2428 3686 2557 3755 quis
2574 3686 2719 3739 enim
2758 3683 3062 3752 majoribus
3096 3680 3375 3736 beneﬁciis

1789 3778 2124 3844 cumulatur,
2175 3778 2269 3847 qui
2316 3788 2494 3831 tamen
2527 3777 2680 3846 pejor
2726 3778 2933 3846 potius,
2978 3790 3140 3846 quam
3179 3773 3374 3826 melior

1789 3870 2019 3924 evadere
2042 3869 2227 3939 gestit,
2260 3869 2364 3923 hoc
2390 3869 2564 3935 magis
2590 3868 2793 3933 duplici
2823 3865 3264 3921 condemnationi
3289 3874 3375 3919 est

1791 3962 2087 4027 obnoxius,
2120 3962 2245 4016 hinc
2275 3962 2345 4015 ob
2400 3961 2661 4015 malitiam
2716 3968 3110 4027 antegressam,
3144 3957 3270 4011 hinc
3304 3959 3374 4009 ob

1791 4057 2039 4111 animum
2072 4056 2396 4126 pessimum,
2426 4053 2871 4121 quandoquidem
2924 4053 3039 4121 ipsa
3072 4050 3376 4105 beneficena

1794 4148 1867 4204 tia
1902 4148 1973 4205 ad,
2010 4150 2408 4204 incrementum
2437 4144 2727 4216 pravitatis
2752 4143 3016 4198 abutitur.

182 4322 299 4376 Ὀτι
323 4324 378 4378 δὲ
414 4325 492 4396 μὴ
539 4324 996 4399 ἀποκληρωτικὸν
1044 4322 1186 4383 εῖναι
1215 4329 1279 4381 τὸ
1306 4328 1554 4382 δεδόσθαι
1592 4328 1678 4399 μὲι

1870 4325 1985 4380 Νοη
2021 4340 2149 4381 vero
2179 4325 2293 4379 fato
2318 4326 2472 4395 quasi
2522 4324 2760 4394 quodam
2792 4322 3079 4389 accidisse,
3117 4330 3177 4376 ut
3211 4321 3379 4377 disci-

117 4416 218 4480 τοίς
251 4417 525 4490 μαθηταῖς
554 4419 852 4487 ἐπιγνῶναι
893 4420 963 4474 τὰ
993 4422 1287 4492 μυστήρια,
1331 4423 1443 4485 τοῖς
1488 4422 1546 4474 δὲ
1593 4423 1689 4493 μὴ,

120 4508 206 4563 καὶ
232 4510 497 4581 πρότερον
534 4510 635 4579 μὲν
662 4510 1066 4565 ἀποδέδεικται.
1093 4512 1260 4565 Ούδὲν
1286 4512 1342 4565 δὲ
1368 4509 1530 4583 ἦττον
1552 4530 1694 4584 παρ-

124 4600 290 4673 ίστησι
320 4604 417 4657 κα)⁵
445 4605 474 4656 ὁ
506 4602 702 4673 Σωτὴρ
727 4588 753 4668 ,’
786 4604 1111 4675 μακαρίζων
1145 4605 1274 4669 τοὺς
1311 4606 1578 4675 μαθητάς,
1611 4608 1695 4659 ὅτι

124 4687 392 4757 βλέπουσι,
428 4691 529 4745 καὶ
553 4692 849 4755 ἀκούοντες
898 4694 1211 4750 ἀκούουσιν.
1254 4694 1311 4746 ὐ
1348 4698 1695 4766 μακαρισμὸς

126 4779 220 4850 γάρ
248 4784 397 4853 παρά
426 4800 491 4853 γε
531 4788 644 4848 τοῖς
676 4786 897 4853 Λογίοις
928 4787 1020 4838 καὶ
1056 4786 1295 4855 μάλιστα
1334 4790 1447 4850 τοῖς
1480 4790 1689 4859 Κυρια-

126 4874 251 4937 κοῖς,
270 4875 369 4927 οὐκ
395 4876 646 4946 ἀνάγκης
674 4878 822 4933 ἐστὶν
856 4876 1187 4945 εἰσαγούσης
1211 4878 1272 4929 τὸ
1299 4880 1699 4950 ἀπαραίτητον,

126 4966 487 5035 προαιρέσεως
519 4968 576 5020 δὲ
603 4967 892 5038 γινομένης
924 4968 1020 5020 τοῦ
1058 4968 1345 5038 βελτίονοςο
1391 4974 1705 5044 (Μακάριος

128 5054 225 5124 γὰρ
248 5055 408 5127 ἀνὴρ,
437 5058 499 5121 ὃς
530 5059 630 5112 οὐκ
661 5057 934 5129 ἐπορεύου
961 5060 1017 5110 ὲν
1047 5057 1209 5129 βουλῇ
1239 5060 1453 5115 ἀσεϐῶν
1483 5080 1495 5093 ·
1533 5084 1552 5115 ι
1590 5065 1702 5128 καὶ,

194 5260 237 5297 ’⁷
272 5259 468 5316 Matth.
500 5277 553 5326 v,
590 5263 625 5316 5
662 5278 818 5337 seqq.

1791 4416 1937 4486 pulis
1969 4414 2203 4471 facultas
2252 4416 2477 4470 daretur
2513 4413 2878 4484 cognoscendi
2924 4413 3211 4482 mysteria,
3253 4412 3378 4466 aliis

1790 4524 1923 4565 vero
1962 4525 2072 4564 non
2122 4510 2290 4574 item,
2342 4509 2457 4579 jam
2506 4517 2631 4563 ante
2682 4524 2712 4562 a
2761 4507 2919 4562 nobis
2950 4515 3035 4562 est
3073 4516 3378 4561 ostensum.

1794 4602 1940 4656 Idem
1971 4618 2102 4657 vero
2136 4617 2243 4657 non
2271 4604 2455 4657 minus
2490 4601 2742 4656 Salvator
2772 4600 2997 4663 indicat,
3030 4600 3218 4655 beatos
3244 4615 3383 4668 pra:-

1794 4694 1988 4751 dicans
2039 4695 2365 4765 discipulos,
2410 4695 2552 4764 quod
2589 4694 2833 4749 videntes
2889 4693 3127 4755 videant,
3180 4702 3236 4745 et
3285 4707 3384 4745 au-

1799 4786 2012 4841 dientes
2043 4786 2285 4841 audiant.
2331 4787 2561 4853 Quando
2591 4787 2738 4840 enim
2776 4787 2831 4839 in
2863 4785 3159 4855 Scriptura:
3191 4799 3383 4843 sacrm.

1800 4879 2195 4949 Speciatimque
2226 4878 2441 4932 Domini
2500 4880 2695 4944 nostri,
2746 4878 2908 4932 dictis
2958 4878 3152 4932 beatus
3186 4877 3387 4946 aliquis

1804 4972 2132 5042 praedicatur
2175 4972 2241 5035 ⁷⁷,
2296 4973 2347 5026 id
2401 4973 2620 5042 quidem
2674 4986 2782 5027 non
2844 4972 3027 5035 infert,
3066 4986 3178 5024 rem
3229 4971 3389 5023 aliter

1808 5064 1924 5118 ficri
1953 5078 2063 5118 non
2098 5063 2362 5136 putuisse,
2401 5066 2492 5119 sed
2549 5065 2915 5120 voluntariam
2974 5063 3226 5118 meliores
3278 5061 3389 5114 ele-

1568 5387 1798 5443 NOTAE.

337 5542 496 5617 _Colb.
539 5560 638 5613 pro
680 5544 1018 5617 βιασμάτων.

136 5678 163 5729 ί
199 5612 304 5733 (lal)
334 5613 423 5667 Sic
454 5612 640 5670 scribo
669 5612 765 5686 pro
788 5612 1142 5687 ἆμείνασοαι,
1180 5618 1285 5674 nisi
1319 5618 1473 5672 malis
1530 5617 1691 5687 ἀμεί-

156 5696 224 5732 ~23
260 5700 335 5737 αι.

1870 5544 1982 5612 (12)
2024 5547 2166 5602 ldem
2196 5564 2296 5617 pro
2330 5549 2570 5602 πίπτειν.

1877 5618 1988 5688 (ιῦ)
2024 5620 2163 5673 Ideni
2202 5635 2297 5688 pro
2318 5618 2511 5683 οὕτως.
