3864 6208
449 271 557 335 475

1600 275 1864 336 ΡΗΟΤΙΙ
1902 275 2404 338 PATRIARCH/E
2437 277 2544 339 (ΞΡ.

3585 281 3681 347 476

450 385 688 442 ctionem
717 383 943 440 indicat.
1004 385 1085 441 Ita
1122 403 1142 438 t
1182 385 1375 442 beatus
1399 387 1600 443 dicitur
1632 389 1737 454 vir,
1779 389 1874 458 qui
1919 405 2018 444 non

2135 409 2155 443 ι
2186 391 2472 461 Μακάριος
2502 389 2643 462 ἀνὴρ
2675 389 2818 462 (14),
2861 389 2921 454 ὃς
2964 391 3220 473 οίκτείρει
3258 393 3435 465 ψυχὰς
3479 400 3683 469 κτηνῶν

449 479 692 534 ambulat
734 478 790 533 in
828 478 1062 535 consilio
1111 479 1403 550 impiorum
1437 481 1512 547 ";
1577 500 1596 533 ι
1655 489 1711 536 et
1753 499 1772 532 ι
1829 480 2024 537 Beatus

448 573 552 638 vir,
585 574 679 644 qui
715 573 1011 629 miseratur
1059 575 1223 629 vitam
1281 573 1513 644 jumenti
1562 576 1670 630 sui.
1725 595 1746 630 ι
1794 575 2024 642 Quando

449 680 614 735 porro
645 666 896 722 Salvator
939 678 1122 723 noster
1156 669 1358 723 multas
1388 685 1495 724 una
1524 669 1665 725 serie
1693 669 2025 724 benedictio-

450 772 549 811 nes
583 756 766 822 aifert,
798 758 1004 812 nullam
1032 773 1222 812 earum
1272 759 1361 821 iis,
1399 759 1453 812 in
1505 761 1705 828 quibus
1742 758 2023 814 distinctio

447 848 696 917 quaedam
723 848 842 901 loco
877 848 1076 902 habere
1102 859 1334 918 poterat,
1357 851 1685 919 impertitur,
1718 851 1810 905 sed
1847 853 1898 904 in
1925 866 2022 906 eos

448 955 640 994 omnes
673 940 904 1003 confert,
933 955 1168 1010 quorum
1201 940 1374 995 virtus
1399 941 1551 994 bonae
1585 940 1781 994 mentis
1813 940 2022 995 fructus

448 1040 503 1086 et
560 1046 718 1100 seges
765 1039 904 1086 erat.
969 1031 1152 1100 Itaque
1195 1047 1296 1087 nec
1337 1031 1620 1102 discipulis
1659 1048 1756 1101 per
1817 1041 2020 1086 sortem

449 1123 744 1191 quamdam
773 1121 994 1177 fatalem
1029 1123 1262 1178 facultas
1298 1124 1436 1178 facta
1467 1133 1550 1180 est
1584 1126 1840 1196 mysteria
1873 1125 2022 1196 regni

448 1213 543 1266 Dei
576 1213 964 1282 cognoscendi,
997 1226 1170 1282 neque
1221 1215 1486 1284 improbis
1527 1215 1838 1271 Judteorum
1871 1219 2023 1286 igno-

447 1302 588 1356 ratio
619 1301 834 1356 illorum
860 1303 1119 1371 irrogata.
1166 1302 1279 1356 lmo
1310 1319 1442 1358 vero
1473 1304 1619 1369 ideo,
1651 1305 1794 1374 quod
1830 1316 2022 1375 sponte

448 1407 546 1447 sua
573 1407 631 1446 se
681 1408 856 1448 caecos
901 1402 956 1448 et
985 1402 1165 1448 mutos
1191 1394 1500 1461 effecerant,
1549 1397 1792 1452 divinum
1819 1409 1873 1453 et
1907 1398 2020 1455 falli

448 1482 694 1537 nescium
717 1483 989 1550 judicium
1025 1485 1130 1538 illis
1159 1485 1412 1556 indignos
1439 1502 1533 1542 eos
1556 1503 1679 1542 esse
1701 1490 2023 1558 pronuntia-

447 1574 541 1627 vit.
576 1574 695 1639 Quo
727 1590 854 1631 vero
887 1590 1050 1630 sensu
1101 1577 1169 1643 is,
1197 1593 1358 1646 quem
1393 1577 1660 1634 Dominus
1687 1595 1754 1634 ex
1779 1579 2021 1650 discipu-

445 1663 514 1718 lis
545 1665 816 1734 imprimis
869 1667 1110 1730 amabat,
1162 1683 1420 1738 magnum
1460 1670 1593 1749 illud
1625 1671 1908 1743 theologia;
1939 1674 2021 1728 in-

2123 480 2312 535 αὑτοῦ.
2348 499 2368 533 ι
2412 479 2474 536 ’0
2505 481 2564 534 δὲ
2593 481 2784 552 Σωτὴρ
2828 481 2923 534 καὶ
2964 482 3106 535 κατὰ
3139 482 3422 555 συνέχειαν
3464 485 3684 552 πολλοῦς

2129 573 2520 644 μακαρισμοῦς
2554 573 2842 626 συνάπτων
2863 573 3059 646 οὐδένα
3087 574 3314 642 τούτων,
3345 577 3432 646 ἐφ’
3453 573 3528 630 ὧν
3559 579 3685 631 ἀπο-

2123 666 2400 737 κλήρωσις
2433 666 2546 736 ἔχει
2584 666 2684 736 τὴν
2715 667 2889 736 ἰσχὺν,
2921 667 3210 737 ἀπονέμει,
3243 669 3323 732 εἰς
3359 669 3602 732 ὲκείνοδς
3631 670 3683 724 δὲ

2126 759 2351 828 συνάγει
2401 758 2629 823 πάντας,
2685 751 2760 810 ὧν
2835 757 3004 830 ἀρετὴ
3054 761 3266 830 καρπὸς
3312 761 3546 833 ὑπάρχει
3600 765 3685 818 καὶ

2121 851 2392 922 γεώργιον
2421 851 2519 920 τῆς
2561 851 2958 922 προαιρέσεως.
2984 852 3191 906 Οὐκοῦν
3225 852 3350 906 οὗτε
3377 857 3491 919 τοῖς
3520 855 3686 927 μαθη-

2127 947 2249 1007 ταῖς
2279 946 2398 998 κατ’
2431 945 2820 1016 ἀποκλήρωσιν
2849 946 3057 999 ἐδέδοτο
3089 945 3161 999 τὰ
3188 952 3461 1018 μυστήρια
3491 950 3684 1017 γνῶναι

2121 1036 2221 1105 τῆς
2271 1036 2550 1106 βασιλείας
2591 1037 2682 1089 τοῦ
2729 1036 2888 1105 Θεοῦ,
2933 1035 3056 1090 οὕτε
3103 1041 3216 1101 τοῖς
3263 1039 3550 1110 ἀγνώμοσι
3587 1041 3685 1094 τῶν

2134 1128 2400 1183 Ἰουδαίων
2419 1128 2625 1184 τούτων
2669 1131 2702 1198 ἠ
2747 1129 2959 1196 ἄγνοια,
2988 1128 3104 1182 ἀλλ’
3134 1131 3216 1183 ὅτι
3248 1130 3485 1200 τυφλούς
3517 1149 3576 1184 τε
3602 1133 3688 1186 καὶ

2121 1225 2340 1291 κωφοὺς
2367 1223 2586 1284 ἑκόντες
2609 1223 2894 1292 ἀπέφηναν
2929 1223 3176 1288 ἑαυτοὺς,
3205 1223 3410 1277 τούτων
3436 1225 3686 1290 ἀναξίους

2121 1319 2156 1386 ἡ
2189 1315 2310 1370 θεία
2339 1316 2434 1369 καὶ
2459 1316 2760 1380 ἀδέκαστος
2785 1318 2970 1386 κρίσις
2995 1316 3293 1387 διήλεγξεν.
3328 1318 3451 1380 Πῶς
3473 1317 3570 1371 οὖν
3589 1320 3687 1372 τῶν

2129 1407 2391 1478 μαθητῶν
2407 1410 2436 1461 ὁ
2449 1409 2805 1480 ἠγαπημένος
2832 1409 2893 1462 τὸ
2907 1411 3003 1480 τῆς
3029 1409 3309 1477 θεολογίας
3331 1409 3566 1481 ὄργανον
3583 1411 3685 1483 (15)

2123 1497 2305 1566 λέγει·
2344 1517 2362 1550 ι
2395 1499 2754 1568 Τετύφλωκεν
2781 1501 2960 1553 αὑτῶν
2982 1501 3111 1564 τοῦς
3139 1499 3450 1571 ὀφθαλμοὺς
3477 1503 3574 1556 καὶ
3598 1520 3688 1555 πε-

2123 1591 2393 1663 πώρωκεν
2445 1591 2624 1646 αὑτῶν
2651 1593 2752 1664 τὴν
2779 1593 3031 1664 καρδίαν,
3064 1611 3084 1645 ι
3132 1594 3283 1647 οὐδὲν
3311 1595 3476 1665 ἔργον
3502 1597 3568 1648 ἐκ
3588 1595 3688 1648 τῶν

2123 1683 2436 1752 εἰρημένων
2462 1683 2562 1753 ἤδη
2604 1683 2868 1737 συνιέναι.
2910 1685 2975 1737 Ei
3004 1682 3240 1755 μὲνγὰρ
3271 1684 3346 1755 μὴ
3383 1684 3572 1738 ἐκάλει
3603 1683 3687 1738 τοῦ

445 1768 834 1821 strumcntum,
865 1758 1036 1813 dicit:
1079 1778 1096 1810 ι
1137 1746 1673 1819 ΕχραιοεινὶιοουΙοε
1709 1780 1921 1832 eorum,
1968 1775 2018 1821 et

2128 1746 2287 1844 λόγῷ
2310 1775 2404 1830 τὸν
2447 1746 2676 1830 Ἡσαΐαν
2715 1778 2985 1847 μάρτυρα,
3004 1746 3049 1847 ’ἢ
3075 1746 3188 1847 (ιό)
3211 1746 3316 1845 ’ἐφ’
3334 1746 3541 1848 ’ἑτέρου
3568 1777 3690 1831 θεω-

443 1848 735 1903 obduravit
757 1865 852 1904 cor
872 1866 1062 1904 eorum
1098 1853 1181 1919 ἠς
1221 1871 1239 1904 ι
1273 1853 1431 1910 facile
1473 1871 1537 1910 ex
1570 1857 1730 1912 dictis
1763 1857 2020 1914 aestimari

443 1950 641 2008 potest.
678 1941 734 1996 Si
757 1943 907 1998 enim
946 1943 1146 1999 lsaiam
1187 1947 1474 2003 verborum
1505 1959 1693 2005 testem
1718 1968 1823 2006 non
1856 1953 2024 2007 advo-

444 2043 646 2098 casset,
683 2045 777 2088 aut
811 2037 1016 2093 dictum
1043 2039 1164 2108 ejus
1203 2041 1269 2096 ad
1301 2043 1447 2097 aliud
1477 2055 1860 2115 argumentum
1893 2063 2022 2116 pro-

446 2125 686 2181 bandum
708 2129 1001 2196 attulisset,
1027 2131 1310 2188 dubitandi
1333 2133 1566 2192 fortasse
1587 2147 1900 2193 nasceretur
1927 2155 2023 2194 oc-

443 2220 620 2284 casio,
649 2222 992 2292 quaestioque
1022 2224 1137 2280 haec
1164 2227 1292 2288 alia,
1322 2239 1518 2297 praeter
1544 2232 1721 2287 dictas
1755 2233 1897 2299 illas,
1933 2250 2022 2289 ra-

442 2312 593 2366 tione
629 2322 775 2369 esset
798 2315 1127 2372 dirimenda.
1155 2318 1426 2385 Quoniam
1463 2337 1593 2377 vero
1641 2325 1804 2379 etiam
1837 2327 1927 2382 illa
1957 2344 2022 2385 ex

443 2403 727 2472 prophetae
750 2405 932 2460 verbis
962 2405 1289 2475 afferuntur,
1313 2426 1549 2480 quorum
1583 2429 1780 2471 sensus
1809 2419 2020 2489 perspi-

441 2507 582 2550 cuus
613 2504 719 2559 est,
751 2497 1000 2567 nihilque
1020 2497 1356 2558 difﬁcultatis
1376 2505 1642 2572 continet,
1677 2507 1768 2562 illa
1799 2524 2020 2580 quoque

441 2593 767 2640 caterorum
797 2589 1255 2658 evangelistarum
1289 2609 1322 2648 a
1351 2595 1536 2652 dubiis
1583 2600 1841 2656 omnibus
1894 2602 2023 2658 libe-

445 2683 562 2731 rata
594 2679 756 2734 modo
778 2687 936 2742 sunt;
968 2691 1116 2751 patet
1147 2685 1354 2754 utique,
1384 2688 1546 2742 etiam
1583 2690 1712 2744 illud
1732 2692 1844 2760 jam
1875 2695 2024 2750 solu-

445 2774 558 2820 t'im
589 2782 730 2831 esse,
761 2771 908 2840 quod
927 2786 992 2826 es
1015 2773 1099 2828 his
1114 2775 1295 2832 verbis
1319 2781 1637 2848 scrupulum
1659 2781 1883 2852 injicere
1926 2800 2024 2854 po-

441 2865 584 2912 terat
610 2876 624 2912 :
653 2859 854 2914 similia
880 2861 1026 2916 enim
1057 2873 1187 2918 sunt
1225 2865 1330 2920 sibi
1362 2867 1614 2924 invicem.
1661 2870 1886 2943 Ille,qui
1917 2875 2027 2944 pri-

2125 1866 2373 1938 ρήματος
2411 1867 2624 1938 προῆγε
2655 1867 2756 1930 τάς
2779 1867 2949 1930 αὑτὰς
2969 1867 3176 1936 φωνὰς,
3194 1867 3428 1937 ἀπορίας
3468 1868 3536 1922 ἄν
3557 1886 3690 1933 τινος

2123 1958 2370 2028 ὑπῆρχεν
2400 1957 2644 2027 ἀφορμὴ,
2685 1957 2791 2010 καὶ’
2811 1957 3037 2028 ζήτησις
3076 1956 3229 2028 παρά
3258 1957 3358 2021 τὰς
3399 1959 3690 2030 εἰρημένας

2123 2049 2294 2119 ἄλλης
2322 2049 2646 2112 ἐπιλύσεως.
2696 2050 2850 2102 Ἐπεὶ
2883 2049 2938 2102 δὲ
2971 2050 3058 2105 διά
3085 2050 3195 2104 τῶν
3225 2051 3582 2122 προφητικῶν
3605 2053 3689 2106 καὶ

2123 2142 2295 2197 ταῦτα
2333 2143 2640 2214 προάγεται
2660 2143 2857 2211 λόγων,
2890 2143 2949 2208 ἐξ
2972 2136 3046 2197 ὧν
3078 2144 3393 2216 σαφεστάτη
3423 2145 3522 2198 καὶ
3549 2144 3688 2199 οὐδὲν

2121 2235 2329 2306 ἄπορον
2367 2235 2705 2306 ἐπιφέρουσα
2753 2235 3057 2305 ἐξέλαμψεν
3106 2236 3140 2307 ἡ
3182 2235 3411 2302 διάνοια,
3458 2236 3556 2290 καὶ
3591 2235 3690 2306 μὴν

2122 2329 2218 2382 καὶ
2257 2326 2368 2381 τῶν
2395 2328 2572 2384 ἄλλων
2602 2327 3028 2397 εὐαγγελιστῶν,
3074 2329 3195 2383 ὅσον
3224 2324 3291 2401 ἦν
3315 2329 3687 2400 ἁμφισὸητοὺο

2128 2438 2310 2492 μενον,
2339 2419 2587 2492 διεκρίθη
2606 2437 2622 2453 ·
2649 2421 2832 2491 δῆλον,
2860 2420 2942 2474 ὅτι
2975 2418 3395 2490 προδιαλέλυται
3429 2419 3531 2472 καὶ
3563 2420 3689 2489 ὅπερ

2114 2512 2342 2584 ἔμελλεν
2367 2512 2460 2565 ἐπὶ
2488 2511 2598 2566 τῶν
2623 2513 2884 2584 ῥημάτων
2907 2513 3114 2565 τούτων
3139 2509 3554 2582 διαπορεῖσθαι*
3582 2511 3688 2564 ἴσον

2115 2604 2224 2676 γάρ
2253 2606 2300 2674 (1
2313 2604 2410 2669 7).ἱ
2427 2603 2486 2658 'U
2512 2603 2727 2676 πρῶτος
2753 2603 3210 2674 ἀναγραψάμενος
3235 2606 3336 2666 τὰς
3359 2599 3689 2665 Δεσποτικάς

2119 2697 2349 2769 πράξεις
2401 2697 2742 2752 ἐκδιδάσκειν
2785 2695 3008 2750 δύναται
3049 2696 3130 2761 τὸ,
3175 2695 3561 2765 τετύφλωται-ν
3604 2695 3690 2749 καὶ

2121 2791 2517 2860 πεπώρωκεν·
2546 2792 2642 2846 καὶ
2663 2791 2744 2845 τό·
2783 2809 2803 2844 ι
2836 2791 2932 2844 Διὰ
2960 2789 3114 2844 τοῦτο
3143 2792 3201 2844 ὲν
3241 2788 3580 2860 παραϐολαῖς
3601 2788 3691 2842 a6-

2121 2884 2236 2946 τοῖς
2257 2882 2422 2950 λαλῶ,
2451 2884 2533 2937 ὅτι
2557 2883 2846 2954 βλέποντες
2893 2885 2954 2938 οὑ
2980 2883 3256 2954 βλέπουσι,
3282 2883 3380 2937 καὶ
3404 2882 3690 2944 ἀκούοντες

445 2963 568 3004 mus
591 2949 805 3006 Domini
830 2955 1001 3008 nostri
1033 2963 1181 3023 gesta
1203 2956 1512 3029 descripsit,
1530 2962 1802 3030 explicare
1818 2966 2018 3034 optime

2122 2975 2223 3026 οὑκ
2253 2974 2562 3030 ἀκούουσιν.
2606 2995 2626 3028 ι

444 3051 642 3139 potest,
682 3045 960 3112 quomodo
997 3045 1223 3118 intelligi
1274 3049 1470 3104 debeat
1503 3051 1670 3118 illud,
1706 3061 1982 3114 occwcam't
2043 3072 2098 3118 et
2156 3064 2464 3132 obduravit;
2517 3067 2758 3139 itemque
2822 3066 2978 3134 illud,
3019 3089 3036 3118 ι
3073 3065 3368 3137 Propterea
3401 3082 3501 3137 per
3545 3050 3686 3136 para-

442 3137 598 3193 bolas
627 3141 734 3195 illis
757 3141 974 3211 loquor,
1003 3143 1132 3212 quia
1161 3144 1403 3218 videntes
1430 3162 1536 3202 non
1567 3149 1770 3214 vident,
1803 3162 1858 3208 et
1904 3156 2190 3215 audientes
2220 3176 2326 3216 non
2357 3162 2606 3218 audiunt.
2653 3137 2674 3215 ι

513 3235 716 3306 Siquis
749 3253 877 3292 vero
942 3238 1033 3294 illa
1075 3241 1259 3306 verba,
1313 3245 1588 3298 occwcavit
1623 3254 1676 3300 et
1713 3249 2012 3320 obduravit,

2191 3258 2256 3310 Εί
2304 3257 2360 3310 δέ
2406 3275 2490 3321 τις
2537 3257 2618 3323 τὸ,
2660 3257 3038 3326 τετύφλωκεν
3077 3256 3171 3310 καὶ
3201 3254 3588 3324 πεπὼρωκεν,
3631 3255 3688 3308 οὑ

445 3343 557 3382 non
588 3339 698 3382 tam
731 3344 830 3399 pro
857 3331 1094 3400 peccatis
1123 3348 1244 3402 quae
1271 3339 1689 3404 antecesserint,
1721 3356 1884 3410 quam
1918 3359 2016 3414 pro

2123 3343 2506 3420 προηγούμενα
2541 3348 2712 3420 πάθη,
2757 3347 2874 3403 ἀλλ’
2921 3348 3152 3411 ἐκείνοις
3200 3347 3446 3416 ἑπόμενα
3496 3346 3689 3416 μᾶλλον

443 3419 647 3475 talibus
675 3437 796 3491 quae
825 3437 887 3477 ea
922 3424 1096 3478 instar
1125 3427 1392 3481 mercedis
1428 3431 1760 3498 promeritae,
1788 3434 1896 3490 sint
1926 3451 2017 3491 se-

443 3521 595 3579 cuta,
633 3511 836 3569 habere
865 3515 1150 3583 maluerit;
1187 3532 1286 3572 nec
1329 3519 1418 3574 ille
1451 3535 1484 3575 a
1517 3536 1684 3591 scopo
1729 3524 2017 3582 aberrare-

443 3603 536 3667 rit,
561 3619 658 3673 per
683 3621 848 3674 quem
883 3621 991 3661 non
1022 3608 1190 3678 longe»
1210 3626 1242 3664 a
1269 3613 1495 3668 veritate
1545 3616 1706 3671 absit.
1743 3616 2015 3684 Quoniam

441 3693 589 3748 enim
616 3693 691 3747 illi
717 3702 910 3764 sponte
942 3713 1041 3753 sua
1075 3701 1265 3756 oculos
1294 3702 1623 3771 clauserant,
1650 3717 1703 3762 et
1735 3724 1896 3766 aures
1921 3726 2016 3767 co-

445 3782 755 3849 bibuerant,
788 3788 1006 3844 caecitas
1049 3799 1104 3845 ct
1130 3791 1376 3850 surditas
1420 3797 1614 3852 merito
1649 3798 1822 3853 instar
1847 3815 2016 3869 paenae

442 3877 880 3932 antecedentium
910 3880 1167 3936 vitiorum
1201 3893 1558 3952 spontaneam
1588 3889 1756 3944 animi
1809 3893 2012 3962 impro-

442 3966 666 4021 bitatem
717 3970 1042 4040 excipiebat.
1106 3973 1224 4030 iluc
1272 3975 1415 4030 inter
1467 3988 1661 4035 caztera
1708 3984 2014 4050 pertinebat

442 4055 597 4120 illud,
653 4058 796 4127 quod
855 4075 956 4115 nec
1008 4062 1264 4118 facultate
1307 4068 1558 4137 mysteria
1591 4072 1740 4141 regni
1773 4073 2015 4130 caele-slis

439 4145 810 4213 cognoscendi
843 4147 1280 4210 instruebantur.
1301 4153 1475 4211 Porro
1503 4159 1666 4227 paulo
1681 4169 1806 4216 ante
1825 4159 2012 4218 Jesum

439 4234 724 4302 audimus,
761 4250 923 4309 prout
979 4241 1121 4298 idem
1155 4247 1298 4303 filius
1352 4249 1654 4306 tonitruum
1689 4254 1899 4316 scribit,
1930 4255 2014 4309 di-

439 4339 696 4384 eentem:
733 4351 754 4386 ‹
797 4333 1068 4405 Exiguum
1115 4339 1294 4396 adbue
1341 4351 1552 4412 tempus
1601 4345 1693 4399 lux
1729 4347 2012 4403 vobiscum

436 4428 556 4488 est;
580 4423 860 4481 ambulate
877 4429 1056 4497 quoad
1088 4429 1265 4486 lucem
1297 4433 1529 4501 habetis,
1557 4451 1627 4491 ne
1655 4440 1892 4494 tenebrae
1916 4456 2013 4497 vos

439 4514 882 4586 apprehendant;
921 4538 942 4574 ι
971 4530 1046 4587 et,
1080 4541 1100 4577 ι
1128 4523 1233 4590 Qui
1257 4527 1312 4580 in
1337 4529 1575 4584 tenebris
1595 4531 1856 4599 ambulat,
1902 4551 2012 4590 non

2123 3441 2240 3512 θείη
2293 3437 2405 3494 οἷόν
2455 3457 2579 3495 τινα
2630 3439 2979 3512 ἀντιμισθίαν
3013 3441 3120 3494 τῶν
3176 3439 3504 3509 φθασάντων
3531 3439 3687 3493 δνταο

2119 3530 2232 3584 οὐδ’
2255 3523 2410 3595 οὗτος
2437 3531 2504 3585 ἂν
2530 3531 2615 3603 εἴη
2641 3531 2844 3586 σκοποῦ
2873 3531 3276 3602 διαμαρτάνων,
3305 3531 3370 3586 δι’
3392 3526 3455 3586 οὗ
3493 3532 3689 3601 φέροιτ’

2121 3620 2188 3674 ἂν
2215 3620 2275 3673 οὑ
2298 3621 2488 3693 πόρρω
2515 3620 2614 3691 τῆς
2655 3620 2936 3692 ἁληθεὶας.
2984 3620 3137 3674 Ἐπεὶ
3166 3621 3275 3692 γὰρ
3304 3621 3531 3685 ἑκόντες
3563 3620 3689 3691 ἔμυ-

2123 3730 2222 3768 σαν
2265 3713 2394 3776 τοῦς
2438 3713 2750 3784 ὀφθαλμοὺς
2797 3715 2893 3768 καὶ
2918 3714 2988 3768 τὰ
3019 3707 3134 3768 ὦτα
3179 3714 3459 3783 συνέσχον,
3493 3712 3689 3767 τοὺτων

2125 3803 2598 3874 προηγησαμένων
2643 3801 2753 3856 τῶν
2799 3802 2987 3856 παθῶν
3039 3803 3198 3872 ποινὴ
3245 3801 3471 3871 γέγονεν
3515 3802 3691 3863 αὐτοῖς

2119 3894 2609 3966 ὲπακολουθήσασα
2635 3898 2704 3967 τῇ
2738 3895 3077 3966 ὲκουσιότητι
3123 3895 3221 3965 τῆς
3255 3894 3542 3966 μοχθηρᾶς

2123 3989 2289 4059 μηςή
2327 3987 2601 4058 τὺφλωσις
2640 3989 2734 4042 καὶ
2775 3990 2810 4061 ἡ
2853 3989 3130 4059 κώφωσις,
3177 3983 3250 4044 ὦν
3283 3987 3341 4041 ἒν
3375 3988 3466 4058 εἵη
3515 3987 3610 4041 καὶ
3635 3987 3691 4040 τδ

2123 4078 2200 4149 μὴ
2222 4077 2468 4131 δεδόσθαι
2496 4078 2680 4141 αὑτοῖς
2708 4079 2775 4133 τὰ
2806 4080 3080 4151 μυστήρια
3118 4083 3217 4150 τῆς
3251 4079 3535 4149 βασιλείας
3557 4077 3691 4147 γνῶο

2121 4187 2230 4223 ναι.
2262 4171 2417 4224 Ἔστι
2440 4171 2495 4224 δὲ
2525 4172 2620 4226 καὶ
2655 4170 2761 4243 πρὸ
2791 4171 3037 4244 βραχέως
3080 4173 3308 4227 ἀκοῦσαι
3346 4171 3579 4240 λέγοντα
3606 4170 3691 4223 τὸν

2131 4261 2359 4330 Ἰησοῦν,
2389 4263 2464 4326 ὡς
2497 4262 2659 4326 αὑτὸς
2687 4264 2717 4317 ὑ
2735 4265 2834 4334 τῆς
2863 4263 3095 4336 βροντῆς
3118 4263 3354 4334 ἔγραψεν
3375 4261 3493 4326 υίός
3511 4280 3526 4295 ο
3542 4263 3690 4315 (Ἐτι

2123 4353 2320 4423 μικρὸν
2347 4353 2535 4425 χρόνον
2564 4355 2624 4406 τὸ
2651 4353 2767 4424 φῶς
2794 4355 2914 4426 μεθ’
2947 4355 3099 4426 ὑμῶν
3126 4354 3243 4408 ἐστι
3268 4372 3280 4385 ·
3318 4355 3686 4426 περιπατεῖτε,

2119 4443 2226 4508 ἕως
2254 4444 2316 4497 τὸ
2337 4444 2450 4512 φῶς
2471 4443 2645 4516 ἔχετε,
2675 4445 2761 4500 ἵνα
2790 4445 2865 4516 μὴ
2889 4446 2950 4500 τὸ
2974 4447 3162 4508 σκότος
3185 4445 3331 4515 ὑμᾶς
3351 4445 3682 4516 καταλάὸηοι

2120 4538 2234 4603 καὶ,
2277 4554 2297 4588 ι
2344 4538 2404 4591 Ὁ
2439 4539 2764 4609 περιπατῶν
2806 4540 2863 4592 ὲν
2916 4541 2982 4610 τῇ
3041 4539 3231 4610 σκοτίᾳ
3279 4538 3381 4592 οὐκ
3429 4533 3540 4590 οἶδε
3590 4535 3685 4588 ποῦ

440 4611 614 4675 novit,
650 4627 763 4682 quo
791 4613 952 4671 vadat
985 4616 1052 4670 ⁸⁸.
1087 4634 1107 4670 ›
1145 4617 1394 4675 Salvator
1423 4623 1569 4678 enim
1615 4627 1804 4681 mundi
1849 4628 2005 4685 adve-

2122 4630 2342 4696 ὑπάγει.
2377 4647 2395 4680 ι
2427 4629 2707 4699 Ἔλαμψεν
2756 4631 2856 4701 μὲν
2907 4631 3014 4703 γὰρ
3068 4631 3130 4684 τὸ
3195 4629 3311 4698 φῶς
3343 4628 3404 4683 τὸ
3441 4627 3686 4699 ἀληθινὸν

440 4699 619 4766 niens,
664 4711 725 4756 ut
755 4719 881 4760 vera
933 4709 1022 4761 lux
1061 4709 1374 4778 splenduit;
1423 4713 1499 4767 illi
1550 4730 1681 4769 vero
1715 4717 1908 4774 oculos
1959 4719 2015 4774 in

438 4803 558 4843 eam
583 4803 924 4862 conuertere,
958 4809 1052 4853 aut
1085 4801 1138 4854 in
1178 4803 1297 4858 luce
1336 4806 1652 4875 dogmatum
1683 4808 1800 4878 ejus
1833 4809 2015 4880 Splen-

2121 4720 2514 4792 παραγεγονὼς
2534 4723 2563 4774 ὸ
2595 4721 2690 4775 τοῦ
2729 4723 2935 4793 κόσμου
2958 4710 3168 4794 Σωτῆρ.
3197 4722 3260 4776 οι
3285 4721 3340 4774 δὲ
3377 4720 3478 4774 οὑκ
3496 4719 3686 4791 ἠθέληο

2124 4830 2224 4866 σαν
2253 4813 2554 4868 ὲνατενίσαι
2583 4814 2719 4886 πρὸς
2742 4814 2895 4881 αὑτὸ,
2920 4815 3029 4868 οὐδ’
3049 4816 3106 4868 ἐν
3130 4814 3242 4884 (18)
3266 4815 3330 4885 τῇ
3375 4811 3687 4882 σελασφόρῳ

506 4897 551 4929 ⁷⁸
589 4898 732 4955 Psal.
776 4919 815 4968 ι,
867 4905 917 4958 Ι.
1011 4907 1056 4939 ⁷⁸
1116 4908 1219 4964 lsa.
1283 4929 1357 4977 γι,
1416 4913 1516 4981 19,
1565 4914 1726 4974 Joan.
1779 4933 1878 4982 ιιι,
1938 4918 2018 4975 60.

2122 4921 2150 4953 ‘°
2183 4920 2457 4992 Joan.xu,
2492 4924 2583 4981 35.

1907 5101 2145 5160 NOTAE.

510 5267 624 5344 (14)
657 5268 947 5344 Respicere
983 5273 1197 5331 videtur
1225 5277 1290 5332 ad
1317 5276 1482 5334 Prov.
1515 5295 1613 5342 xu,
1657 5279 1858 5344 10,ubi
1918 5291 1998 5336 ta-

438 5354 562 5420 men
597 5342 794 5412 legitur
823 5361 837 5397 :
884 5344 1098 5411 Δίκαιος
1129 5347 1390 5419 οίκτείρει
1433 5350 1612 5421 ψυχὰς
1643 5342 1860 5421 κτηνῶν
1913 5355 2010 5406 αὑ-

571 5480 624 5551 5)
654 5479 859 5538 Alludit
884 5485 951 5540 ad
975 5484 1236 5560 'l‘heologi
1262 5504 1586 5560 cognomen,
1613 5489 1757 5561 quod
1785 5463 2014 5550 Joannis

435 5563 560 5605 esse
583 5563 818 5607 constat.

658 5625 731 5698 _'H
760 5626 913 5698 Colb.
952 5641 1050 5698 pro
1079 5631 1178 5692 εἰς.

509 5692 557 5769 υ
572 5692 623 5763 7)
655 5693 710 5749 lu
743 5711 847 5753 ms.
889 5692 1008 5754 ita:
1047 5700 1190 5753 Ἴσον
1220 5698 1328 5770 γὰρ
1358 5699 1386 5754 ὁ
1416 5697 1654 5770 πρῶτος,
1679 5716 1733 5755 κ.
1771 5718 1822 5756 τ.
1855 5703 1905 5758 λ.
1933 5703 2010 5757 Ibi

2108 5294 2230 5372 905!
2255 5287 2374 5372 mp.
2392 5288 2548 5370 posui
2604 5288 2860 5372 στιγμήν,
2897 5298 2950 5344 et
2987 5305 3086 5371 pro
3109 5301 3399 5372 _sequente
3431 5289 3683 5372 δύνασθαι

2122 5356 2314 5425 scripsi
2347 5356 2591 5412 δύναται.
2628 5356 2883 5427 Αιὶὁιιιιίη
2913 5356 3058 5414 enim
3089 5362 3156 5415 de
3209 5356 3373 5416 Sensu
3418 5363 3501 5415 vix
3558 5375 3685 5413 cou-

2123 5434 2269 5498 stare
2297 5429 2512 5496 poterit.
2547 5429 2813 5498 Loquitur
2840 5441 3024 5485 autem
3071 5431 3138 5486 de
3169 5430 3444 5498 Mattlnro,
3507 5429 3682 5483 Evan-

2121 5496 2436 5565 gelistarum
2474 5496 2672 5568 primo,
2703 5502 2771 5556 ad
2794 5517 2957 5572 quem
2993 5516 3159 5572 supra
3185 5504 3238 5556 in
3269 5496 3458 5574 primis
3488 5515 3680 5572 prove.

2139 5576 2222 5620 ςιιι.

2119 5582 2300 5708 θῇς)
2327 5639 2448 5693 Οὐδ’
2479 5641 2537 5694 ὲν
2572 5640 2724 5697 Colb.
2762 5655 2860 5711 pro
2885 5643 3056 5698 οὐδέν.
