3864 6208
211 221 297 287 ίΠ
1126 220 1229 282 AD
1264 220 1865 286 AMPHILOCHIUM
1906 219 2253 295 QUIESTIO
2292 223 2583 289 LXXVII.

3342 232 3450 300 ιτε

204 327 341 399 αἴγλῃ
367 325 470 381 τῶν
497 325 786 399 δογμάτων
808 324 972 380 αὐτοῦ
1010 331 1357 399 περιπατεῖν.
1393 329 1485 384 Διὸ
1519 330 1752 384 ἀκολού-

1857 328 2143 385 didissima
2169 334 2378 387 versari
2414 334 2690 390 nolebant.
2729 334 3025 409 Propterea
3068 341 3307 398 tenebrte
3352 360 3451 402 eos

207 422 298 483 θως
322 419 507 482 αὐτοὺς
526 416 830 475 κατέλαϐεν
850 420 884 489 ή
917 418 1105 473 σκοτία
1146 420 1303 492 δίκην
1331 420 1638 477 ἀπαιτοῦσα
1658 422 1759 493 τῆς

205 512 665 587 προκατασχούσης
708 513 906 577 αὐτοὺς
965 514 1291 586 μοχθηρίας.
1342 516 1454 568 Καὶ
1486 513 1648 569 τοῦτο
1666 515 1756 569 λέ-

202 605 318 673 γοιτ*
362 605 426 658 ἂν
476 603 897 673 τετυφλῶσθαι
926 604 1022 658 καὶ
1061 605 1460 674 πεπωρῶσθαι
1503 607 1753 671 εἰκότως.

203 696 294 750 Καὶ
320 694 501 766 ὥσπερ
531 694 610 766 τῷ
656 693 949 762 θελήσαντι
992 697 1318 766 περιπατεῖν
1352 697 1409 748 ἐν
1467 695 1547 766 τῷ
1614 695 1756 763 φωτὶ

198 791 365 843 ἕπεται
387 786 498 858 (19)
532 788 710 841 καὶτὸ
739 788 963 851 ειδέναι,
996 786 1101 841 ποῦ
1127 787 1349 856 ὑπάγει⁶
1381 786 1555 851 οὕτως
1582 787 1660 858 τῷ
1681 786 1757 859 μὴ

201 880 462 950 θελήσαντι
510 882 838 949 περιπατεῖν
882 881 941 934 ἐν
969 879 1048 950 τῷ
1075 881 1217 950 φωτὶ
1262 878 1644 934 συνακολουθεῖ
1669 879 1753 947 τὸ,

200 972 454 1047 βαδίζοντα
481 973 540 1026 ἐν
568 976 633 1045 τῇ
669 973 856 1045 σκοτία
882 972 1043 1038 εἶναι,
1074 974 1172 1027 καὶ
1196 974 1419 1043 τυφλῶν
1451 973 1547 1028 καὶ
1573 990 1758 1025 πεπω-

200 1065 431 1135 ρωμένων
474 1064 592 1117 όδὸν
635 1064 835 1129 ἀθλίως
879 1065 1151 1132 ἐξανύειν.
1183 1066 1516 1138 Προείρηται
1552 1066 1609 1119 δὲ
1636 1068 1752 1134 καὶ,

192 1159 255 1221 ὠς
304 1157 397 1227 τῆς
448 1156 789 1228 Δεσποτικῆς
844 1156 942 1212 καὶ
1006 1158 1277 1230 σωτηρίου
1335 1157 1683 1222 διδασκαλίας
1718 1161 1752 1231 ή

192 1248 428 1319 ἀστραπή
453 1250 693 1318 τυφλοὺς
750 1252 845 1304 καὶ
893 1250 1338 1321 πεπωρωμένους
1372 1248 1754 1319 ἐστηλίτευσεν

193 1342 302 1404 τοὺς
348 1341 657 1407 Ἰουδαίους,
683 1343 779 1395 καὶ
814 1340 912 1411 τὴν
940 1341 1072 1414 πρὶν
1103 1342 1329 1396 ἐνοῦσαν
1363 1345 1476 1405 τοῖς
1499 1342 1753 1413 ψυχικοῖς

192 1434 349 1487 αὐτῶν
372 1434 585 1505 ὄμμασι
611 1434 795 1505 λήμην
827 1434 941 1507 (20)
975 1438 1072 1489 καὶ
1107 1434 1372 1505 άδλεψίαν
1410 1434 1752 1504 ἐμφανεστέ-

192 1550 277 1603 ραν
302 1530 356 1583 δὲ
395 1528 490 1582 καὶ
546 1527 852 1598 κατάδηλον
885 1528 1111 1600 ἐποίησε
1134 1527 1366 1599 μᾶλλον.
1404 1529 1575 1581 Ὢσπε
1587 1545 1617 1599 ρ
1647 1528 1753 1597 γὰρ

188 1626 213 1677 ὁ
235 1622 479 1694 αἰσθητὸς
501 1616 656 1686 οὗτος
707 1621 804 1676 καλ.
851 1620 1189 1692 περικαλλὴς
1200 1620 1351 1691 ἦλιος
1377 1620 1640 1692 λαμπρὰς
1657 1620 1752 1674 τοῦ

188 1714 350 1769 δίσκου
372 1712 470 1776 τὰς
525 1713 753 1775 ἀκτῖνας
780 1713 1026 1782 ἐναφιεὶς
1059 1712 1273 1781 ἐλέγχει
1302 1712 1431 1776 τοὺς
1462 1711 1753 1776 νοσοῦντας

188 1806 245 1859 τὰ
268 1805 482 1875 θμματα
509 1819 523 1832 ·
560 1801 705 1856 οῦτω
733 1801 830 1855 καὶ
853 1804 881 1855 ὁ
907 1801 1096 1873 νοητὸς
1118 1803 1288 1872 ἥλιος,
1318 1801 1379 1854 τὸ
1412 1800 1527 1870 φῶς
1546 1801 1607 1853 τὸ
1627 1801 1753 1855 ἄδυ-

187 1914 264 1950 τον
284 1897 374 1950 καὶ
404 1896 728 1967 άνέσπερον,
759 1895 1016 1963 Χριστὸς,
1038 1897 1066 1949 ὁ
1096 1893 1229 1958 Θεὸς
1266 1892 1445 1964 ήμῶν,
1474 1894 1747 1966 ἐπιδημήο

190 2005 275 2051 σας
301 1986 375 2058 τῷ
398 1988 615 2059 κόσμῳ,
652 1988 747 2040 καὶ
774 1986 863 2040 διὰ
891 1987 1000 2040 τῶν
1034 1986 1353 2059 θεοπρεπῶν
1389 2004 1450 2040 τε
1483 1986 1577 2039 καὶ
1608 1986 1749 2060 ὑπὲρ

188 2078 325 2147 λόγον
355 2079 655 2150 θαυμάτων
678 2078 1028 2148 ὲναστράψας
1060 2078 1225 2133 αὑτοῦ
1254 2079 1349 2148 τῆς
1368 2077 1624 2150 θεότητος
1651 2078 1750 2150 τὴν

189 2173 378 2243 αἴγλην,
426 2172 523 2225 ἐπὶ
576 2170 738 2225 πλέον
760 2170 1043 2242 διήλεγξεν
1095 2170 1206 2224 τῶν
1238 2170 1572 2241 ἀγνωμόνων
1613 2172 1748 2225 Ἴου·-

189 2264 332 2320 δαίων
354 2264 413 2318 τὸ
433 2264 819 2336 προκατασχὸν
869 2263 1052 2318 αὐτῶν
1096 2262 1167 2317 τά
1195 2263 1297 2333 τῆς
1322 2263 1501 2335 ψυχῆς
1527 2262 1751 2334 ὄμματα

191 2357 358 2419 σκότος
401 2358 498 2410 καὶ
540 2356 641 2430 τὴν
686 2355 971 2426 ἀϐλεψίαν.
1008 2355 1150 2409 Ἀλλ’
1180 2354 1370 2427 ὥσπερ
1395 2357 1422 2408 ό
1455 2354 1751 2425 ἐγκόσμιος

186 2449 317 2520 ήλιος
343 2448 443 2503 οὐκ
475 2447 626 2503 ἐστιν
654 2449 829 2512 αἴτιος
861 2448 963 2519 τῆς
999 2447 1354 2518 τυφλότητος,
1389 2447 1629 2518 ἐλέγχων
1652 2446 1752 2516 τὴν

187 2540 428 2611 amem
482 2540 594 2595 τῶν
646 2541 984 2613 ἐνεχομένων
1038 2544 1105 2614 τῇ
1150 2541 1330 2612 νόσφ’
1382 2539 1524 2595 οὕτω
1583 2540 1678 2595 καί¹
1722 2540 1753 2593 ό

187 2634 542 2706 ὑπερκόσμιος
574 2634 672 2689 καλ⁹
701 2635 894 2705 νοητὸς
914 2634 1088 2704 ήλιος,
1119 2633 1180 2687 τὸ
1207 2633 1632 2704 ἀπαράλλακτον
1657 2632 1753 2686 καὶ

187 2730 414 2800 ἀληθινὸν
441 2728 788 2798 ἀπαύγασμα
811 2724 906 2780 τοῦ
938 2727 1176 2798 Πατρὸς,
1205 2726 1305 2797 τὴν
1338 2724 1753 2798 προκατασχοῦ-

191 2836 277 2874 σαν
297 2820 568 2891 τύφλωσιν
594 2820 704 2874 τῶν
730 2819 1049 2874 ἑαλωκότων
1080 2819 1160 2891 τῷ
1199 2819 1363 2874 πάθει
1398 2817 1751 2889 στηλιτεύων,

189 2910 429 2981 οὐμενοῦν
454 2911 558 2966 οῦκ
583 2910 651 2965 ἂν
678 2911 850 2974 αῐτιος
878 2909 1189 2981 νομισθείη,
1216 2910 1265 2962 εί
1294 2908 1389 2963 καὶ
1410 2907 1753 2978 τετυφλωκέ-

188 3020 265 3057 ναι
282 3003 473 3073 λέγοιτ’
507 3004 597 3068 ἂν,
619 3002 756 3057 διότι
788 3001 925 3073 μηδέ
959 3002 1091 3072 πρὶν
1120 3000 1491 3055 λανθάνουσαν
1519 3000 1619 3072 τήν
1642 3001 1751 3071 πή-

191 3111 338 3165 ρωσιν
370 3093 552 3149 αὐτῶν
572 3092 637 3146 τὸ
679 3090 1067 3162 ἐσκοτισμένον
1107 3092 1217 3145 τῶν
1244 3090 1521 3162 λογισμῶν
1553 3090 1753 3162 μᾶλλον

1866 421 2257 477 convenienter
2283 423 2656 495 excipiebant,
2692 436 2955 499 tanquam
2989 448 3207 502 pmnam
3240 436 3451 507 impro-

1862 508 2053 567 bitatis
2084 523 2320 584 receptae
2362 524 2672 584 poscentes.
2710 518 2766 572 1d
2808 520 2984 590 ipsum
3018 540 3150 579 vero
3193 536 3241 581 et
3279 544 3450 583 occc~

1858 604 1974 657 cari
2005 613 2060 658 et
2088 605 2344 658 obdurari
2390 607 2648 676 appellari
2689 609 2927 666 videtur.
2977 610 3448 679 Quemadmodum

1857 711 2021 766 porro
2045 712 2191 763 etim,
2219 700 2311 764 qui
2338 698 2390 750 in
2428 698 2549 751 luce
2579 701 2861 755 ambulare
2892 705 3028 767 vult,
3066 705 3117 759 id
3153 713 3448 777 consequi-

1859 797 1969 852 tur,
2005 798 2065 842 ut
2113 790 2249 843 sciat
2297 790 2486 855 etiam,
2519 806 2630 860 quo
2666 792 2865 859 vadat;
2900 794 2973 848 ita
3005 794 3072 860 is,
3104 797 3197 866 qui
3237 800 3289 853 in
3326 800 3448 855 luce

1858 879 2142 933 ambulare
2173 898 2278 934 non
2312 882 2447 945 vult,
2478 882 2694 938 fructus
2721 884 2841 939 loco
2869 886 2921 940 id
2957 886 3141 956 habet,
3173 898 3231 943 ut
3255 893 3448 947 ambu-

1856 968 1977 1025 lans
2007 972 2059 1025 in
2091 974 2325 1029 tenebris
2350 986 2614 1039 versetur,
2643 978 2898 1048 viamque
2946 980 3118 1034 instar
3164 998 3445 1038 caecorum

1856 1071 1910 1116 et
1955 1064 2348 1119 obduratorum
2384 1068 2697 1123 emetiatur.
2727 1069 2847 1123 Jam
2881 1081 3008 1125 ante
3038 1088 3166 1126 vero
3200 1073 3449 1131 admoni-
3496 1100 3501 1106 ι

1856 1166 1970 1212 tum
2022 1168 2126 1225 est,
2159 1161 2504 1229 splendorem
2552 1164 2805 1219 salutatis
2837 1166 3123 1231 doctrinae,
3152 1182 3182 1221 a
3215 1166 3448 1222 Domino

1856 1247 2090 1315 traditae,
2110 1249 2329 1306 Judaeos
2356 1262 2413 1306 ut
2444 1268 2621 1308 caecos
2651 1255 3020 1310 etobduratos
3056 1265 3298 1323 notasse,
3316 1256 3451 1312 cali-

1865 1341 2157 1411 ginemque
2213 1351 2266 1398 et
2326 1347 2661 1411 caecitatem,
2713 1362 2836 1417 quas
2892 1349 3083 1403 oculos
3133 1349 3447 1405 animorum

1855 1443 2244 1503 occupaverat,
2279 1436 2710 1493 manifestiorem
2735 1438 2950 1495 fecisse.
2972 1440 3445 1507 Quemadmodum

1853 1524 1999 1579 enim
2034 1524 2137 1588 sol,
2172 1526 2265 1595 qui
2313 1530 2672 1597 conspicitur,
2719 1531 3121 1597 lucidissimus,
3180 1531 3446 1587 immissis

1854 1611 2003 1666 orbis
2026 1612 2112 1667 sui
2150 1612 2340 1678 radiis,
2368 1629 2484 1678 eos,
2510 1617 2603 1685 qui
2629 1633 2695 1671 ex
2724 1618 2900 1673 oculis
2919 1619 3191 1683 laborant,
3221 1621 3446 1691 aegritu-

1855 1706 2004 1761 dinis
2036 1722 2151 1761 sua:
2175 1709 2483 1775 convincit;
2540 1711 2612 1765 ita
2662 1722 2717 1767 et
2761 1714 2865 1777 sol,
2913 1713 3192 1768 intellectu
3231 1714 3445 1783 perspi-

1853 1798 2105 1865 ciendus,
2132 1799 2221 1853 lux
2246 1801 2335 1854 illa
2358 1816 2638 1871 nunquam
2662 1804 2915 1859 occidens
2932 1820 3033 1860 nec
3058 1820 3444 1874 vesperasccns

1852 1892 2149 1958 Christus,
2209 1891 2352 1948 Deus
2409 1904 2637 1962 noster,
2696 1912 2820 1952 cum
2878 1897 2932 1951 in
2991 1898 3199 1951 mundo
3258 1913 3443 1953 versa-

1851 1986 2057 2053 batur,
2128 1987 2458 2058 deitatisque
2536 2006 2649 2045 suae
2719 1991 2957 2057 radios,
3027 1991 3189 2046 editis
3243 1990 3445 2045 divinis

1849 2085 1901 2133 et
1958 2078 2227 2135 rationem
2308 2082 2698 2165 superantibus
2772 2083 3052 2138 miraculis
3124 2083 3439 2153 spargebat,

1853 2171 2106 2226 tenebras
2172 2179 2226 2226 et
2286 2174 2582 2228 cmcitatem
2648 2174 3026 2246 improborum
3081 2172 3439 2237 Judzeorum,
3490 2222 3504 2234 ,

1851 2275 1975 2332 quas
2000 2262 2169 2317 animi
2200 2265 2393 2321 oculos
2418 2274 2543 2321 ante
2565 2274 2988 2335 occupaverant,
3020 2266 3196 2337 magis
3219 2265 3442 2336 conspi-

1852 2351 2075 2408 ciendas
2109 2353 2360 2424 praebuit.
2395 2353 2549 2411 Sicut
2585 2371 2712 2411 vero
2752 2352 2858 2422 s'ol,
2900 2356 2955 2411 in
2987 2355 3195 2411 mundo
3221 2355 3446 2427 conspi-

1853 2455 2011 2508 cuus,
2044 2458 2151 2497 non
2186 2452 2271 2499 est
2317 2454 2510 2499 auctor
2559 2443 2842 2510 caecitatis,
2885 2444 3107 2515 quando
3138 2443 3439 2499 caecitatem

1855 2529 2228 2599 hominum,ex
2256 2536 2431 2590 oculis
2464 2534 3199 2601 laborantium,demoustrat
3220 2535 3324 2600 ;ita
3348 2548 3447 2590 nec

1856 2622 1949 2680 Sol
1993 2625 2496 2695 supramundanus,
2546 2635 2601 2681 et
2637 2626 2918 2682 intellectu
2964 2635 3179 2681 tantum
3230 2627 3447 2698 perspi-

1853 2714 2103 2781 ciendus,
2131 2717 2390 2787 splendor
2418 2715 2596 2771 Patris
2642 2717 3001 2773 immutabilis
3039 2727 3095 2773 et
3126 2718 3312 2783 verus,
3342 2733 3450 2773 ca:-

1852 2804 2098 2869 citatem,
2124 2822 2245 2876 quae
2278 2805 2532 2862 homines
2562 2808 2637 2861 illi
2671 2809 2944 2865 obnoxius
2975 2818 3361 2880 occupaverat,
3389 2809 3445 2865 in

1853 2898 2099 2969 apricum
2156 2899 2460 2970 proferens,
2507 2899 2752 2970 ejusdem
2804 2911 3003 2956 auctor
3066 2917 3194 2956 cum
3223 2902 3447 2957 ratione

1855 3006 2138 3062 nunquam
2162 2991 2466 3046 existimari
2490 2993 2712 3061 poterit,
2742 2992 2955 3048 etiamsi
2991 3006 3165 3046 caecos
3196 3008 3294 3047 eos
3323 2992 3447 3046 red-

1854 3080 2061 3137 didisse
2084 3082 2332 3149 dicatur;
2368 3083 2627 3153 quoniam
2652 3091 2828 3138 auctae
2865 3084 3174 3139 intellectus
3207 3082 3446 3138 tenebrae

190 3185 591 3257 ἐθριάμϐευσεν.
638 3185 704 3238 El
759 3183 867 3255 γὰρ
902 3184 978 3255 μὴ
1013 3182 1251 3255 τοσαύτη
1281 3183 1375 3238 τοῦ
1408 3182 1553 3237 θείου
1576 3182 1752 3252 φωτὸς

1857 3174 2157 3230 caecitatem
2184 3191 2399 3243 eorum,
2428 3192 2551 3247 qua:
2580 3192 2681 3233 nec
2701 3186 2861 3232 antea
2892 3177 3074 3247 ignota
3105 3186 3243 3242 erat,
3270 3177 3446 3248 magis

188 3278 540 3348 ἐνήστραπτεν
587 3277 621 3347 ή
658 3274 1001 3345 λαμπρότης,
1038 3272 1179 3327 ὥστε
1220 3272 1315 3326 καὶ
1346 3272 1453 3327 τῶν
1481 3274 1539 3326 ἐν
1575 3274 1752 3326 σκότει

1856 3268 2208 3339 spectandam
2259 3269 2635 3340 praebuerunt.
2688 3267 2808 3324 Nisi
2868 3269 3011 3324 enim
3061 3278 3171 3324 tam
3211 3268 3447 3324 illustris

188 3370 268 3420 καὶ
288 3370 408 3439 σκιᾷ
444 3366 775 3437 καθημένων
807 3366 977 3419 ἐθνῶν
1026 3365 1471 3436 καταυγασθῆναι
1499 3364 1600 3428 τὰς
1640 3364 1755 3418 δια-

187 3460 338 3524 νοίας,
373 3463 467 3514 καὶ
495 3460 637 3532 πρὸς
681 3458 783 3529 τὴν
836 3457 1171 3526 θεογνωσίαν
1205 3456 1529 3527 ἀναϐλέψαι,
1557 3457 1657 3511 οὐκ
1688 3456 1754 3511 ἂν

185 3552 527 3607 ἐπὶτοσοῦτον
558 3552 760 3621 τυφλὸν
820 3550 882 3603 τὸ
945 3550 1220 3604 Ἰουδαίων
1274 3548 1552 3604 ἐδείκνυτο
1586 3548 1750 3619 γένος.

195 3643 317 3695 ‘AD.’
340 3645 374 3715 ή
412 3643 504 3697 διὰ
555 3641 666 3695 τῶν
721 3640 899 3714 ἔργων
927 3639 1201 3711 προϊοῦσα
1235 3640 1334 3709 τῆς
1356 3639 1548 3712 αἴγλης
1580 3640 1752 3711 ὑπερ·

186 3735 318 3807 ϐολὴ,
349 3738 442 3790 καὶ
470 3736 568 3806 τῆς
594 3733 937 3805 φωτιστικῆς
992 3732 1280 3802 δυνάμεως
1319 3734 1353 3803 ἡ
1387 3732 1638 3803 ἐνέργεια
1660 3732 1753 3785 καὶ

185 3828 279 3881 τῶν
306 3830 475 3884 ἐθνῶν
504 3832 539 3900 ή
563 3826 881 3897 ἀνάϐλεψις,
914 3825 1137 3896 ἐλεγχος
1186 3824 1364 3895 σαφὴς
1387 3823 1621 3895 κατέστη
1643 3822 1753 3877 τῶν

187 3923 254 3991 μὴ
293 3922 754 3994 προσδραμόντων
804 3921 884 3990 τῷ
936 3921 1078 3989 φωτὶ
1134 3920 1232 3989 τῆς
1292 3918 1551 3988 ἀληθείας
1581 3959 1597 3981 ,
1658 3917 1754 3970 καὶ

185 4016 657 4085 ωτιυγασθέντων
684 4016 784 4085 τὴν
811 4012 1116 4078 εὐσέϐειαν,
1138 4012 1328 4083 ὅτιπερ
1350 4009 1595 4064 ἑκούσιον
1624 4010 1754 4064 ἐαυ-

184 4108 284 4169 τοῖς
329 4106 744 4161 κατεσκεύασαν
805 4106 906 4177 τὴν
944 4104 1239 4175 τύφλωσιν,
1268 4104 1363 4158 καλ⁸
1399 4104 1497 4167 τῆς
1543 4119 1754 4172 παγκο-

185 4199 330 4267 σμίου
361 4200 637 4272 σωτηρίας
666 4198 893 4263 ἑαυτοὺς
922 4197 983 4265 ἐξ
1013 4196 1458 4272 ὑπερϐαλλούσης
1492 4195 1754 4258 ἀπονοίας

182 4290 555 4365 ἀπεστέρησαν

708 4664 1050 4723 ΕΡΩΤΗΣΙΣ
1078 4664 1198 4719 οΖ’.

190 4848 313 4916 Περὶ
341 4847 558 4917 γένους
588 4847 683 4901 καί
707 4847 909 4915 εἷδους
950 4848 1193 4917 ἀπορίαι
1230 4846 1525 4917 διάφοροι,
1551 4845 1622 4899 ἐν
1653 4839 1749 4911 αἷς

444 4920 615 4973 ἐστιν
650 4919 853 4987 εὑρεῖν
884 4918 993 4986 τὰς
1016 4916 1228 4985 λύσεις
1254 4916 1473 4975 αὐτῶν.

1774 4673 1831 4735 D

1853 3360 2059 3417 divina:
2093 3361 2232 3417 lucis
2263 3362 2526 3431 splendor
2558 3362 2839 3427 eluxissct,
2876 3370 2938 3416 ut
2960 3362 3200 3430 gentium
3228 3377 3447 3433 quoque

1855 3453 1910 3509 in
1949 3453 2192 3510 tenebris
2223 3463 2277 3508 ct
2309 3454 2501 3509 umbra
2541 3454 2873 3518 sedentium,
2897 3462 3110 3509 mentes
3160 3454 3449 3509 illumina-

1852 3554 2069 3610 rentur,
2098 3555 2152 3600 et
2184 3546 2249 3601 ad
2283 3545 2455 3601 divini
2485 3544 2743 3603 Numinis
2786 3546 3157 3617 cognitionem
3231 3546 3445 3618 aspira-

1852 3648 1997 3702 rent.
2035 3638 2214 3709 gentis
2258 3638 2499 3695 Iudaicae
2532 3641 2749 3696 caecitas
2790 3632 3073 3711 nunquam
3113 3639 3251 3697 adeo
3301 3639 3443 3696 facta

1852 3725 2051 3782 fuisset
2105 3726 2419 3783 manifesta.
2467 3726 2589 3783 Jam
2639 3744 2772 3784 vero
2801 3728 3110 3800 splendoris
3148 3729 3296 3785 illius
3328 3745 3441 3783 ma-

1854 3820 2109 3890 gnitudo,
2145 3836 2209 3874 ex
2244 3821 2525 3875 miraculis
2558 3821 2877 3891 conspicua,
2921 3828 2974 3876 et
3002 3820 3281 3877 facultatis
3315 3821 3442 3875 illu-

1854 3911 2163 3966 minatrieis
2184 3911 2444 3974 eﬂicacia,
2478 3923 2529 3967 et
2553 3913 2795 3981 gentium
2828 3912 2893 3967 ad
2919 3913 3094 3967 lucem
3128 3914 3437 3978 conversio,

1854 4011 2236 4072 argumentum
2274 4019 2383 4058 non
2427 4004 2776 4059 inﬁciandum
2803 4004 3136 4074 praebebant,
3170 4020 3287 4071 eos,
3342 4005 3437 4075 qui

1853 4092 1921 4147 ad
1953 4092 2133 4148 lucem
2167 4094 2409 4149 veritatis
2440 4110 2499 4149 se
2529 4110 2638 4150 non
2670 4093 3004 4160 conferrent,
3036 4109 3136 4150 nec
3169 4094 3234 4149 ad
3258 4094 3436 4165 pieta-

1853 4196 1965 4241 tem
1989 4186 2365 4252 erudirentur,
2404 4201 2517 4241 sua:
2543 4187 2649 4243 sibi
2680 4187 2941 4243 caecitatis
2977 4198 3232 4242 auctores
3267 4186 3440 4241 exsti-

1857 4278 2015 4344 tisse,
2054 4293 2227 4349 seque
2255 4279 2403 4351 ipsos
2446 4280 2646 4347 salute,
2682 4279 2939 4335 omnibus
2978 4279 3292 4334 hominibus
3337 4277 3437 4332 de-

1854 4371 2082 4438 stinata,
2109 4387 2207 4443 per
2244 4371 2619 4428 incredibilem
2660 4373 2936 4445 quandam
2971 4373 3279 4429 vecordiam
3324 4372 3436 4442 pri-

1853 4479 2034 4522 V3886.

2046 4659 2376 4729 QUIESTIO
2415 4659 2650 4717 Lxxvu
2682 4661 2873 4735 [σοίει.
2908 4661 3072 4720 Taur.
3108 4663 3199 4736 οι.

1857 4842 1935 4899 De
1955 4862 2140 4917 genere
2171 4856 2222 4902 et
2253 4848 2422 4917 specie
2449 4846 2614 4901 dubia
2650 4848 2878 4913 diversa,
2915 4849 2969 4902 in
3005 4848 3191 4918 quibus
3225 4866 3438 4905 eorum-

2246 4920 2362 4972 dem
2391 4918 2583 4973 solutio
2610 4919 2828 4973 inveniri
2857 4929 3044 4990 potest.

1246 5056 1391 5108 Nunc
1410 5058 1624 5121 primum
1648 5054 1782 5107 edita
1805 5069 1834 5106 a
1859 5055 1923 5108 D.
1944 5056 2358 5122 Hergenrcether.

258 5170 303 5225 1.
342 5170 637 5243 Ἐζήτηται
667 5170 765 5241 μὲν
790 5169 923 5239 ἡμῖν
950 5169 1211 5232 πολλάκις
1234 5170 1268 5239 ή
1294 5169 1423 5242 περὶ
1452 5167 1561 5223 τῶν
1572 5167 1747 5238 γενῶν

189 5277 241 5315 τε
298 5266 390 5320 καὶ
450 5265 605 5322 είδῶν
657 5262 935 5328 ὑπόθεσις,
991 5262 1087 5317 καὶ
1139 5261 1411 5334 διάκρισις
1445 5262 1552 5316 τῶν
1584 5263 1749 5318 πάλαι

1928 5169 1982 5225 l.
2024 5170 2182 5241 Saepe
2210 5186 2315 5228 nos
2343 5170 2674 5241 agitavimus
2699 5174 3032 5243 quaestiones
3056 5170 3123 5226 de
3147 5170 3437 5242 generibus

1857 5270 1911 5317 et
1943 5261 2256 5331 speciebus,
2302 5271 2358 5318 et
2386 5264 2643 5335 antiquas
2671 5263 3075 5321 controversias
3106 5262 3433 5327 clarissime,

1689 5442 1926 5502 NOTAE.

258 5629 366 5706 (l9)
393 5634 625 5691 Ἐπεται
646 5662 715 5677 --
742 5635 798 5691 ἐν
831 5634 908 5707 τῷ
932 5629 1092 5704 φωτί,
1119 5641 1250 5692 sunt
1268 5649 1335 5691 ex
1369 5632 1525 5692 Colb.

1932 5625 2044 5699 (‘20)
2076 5626 2233 5685 Colb.
2255 5638 2404 5687 recte
2434 5645 2534 5701 pro
2563 5627 2762 5697 λύμην.
