3864 6208
417 266 520 334 479

1568 272 1797 332 ΡΗΟΤΙ
1807 272 1831 331 Ι
1874 272 2382 335 PATRIARCH/E
2411 275 2521 335 (ΣΡ.

3572 277 3675 348 430

417 394 475 439 ut
508 384 597 448 iis,
626 383 717 453 qui
743 398 842 438 sua
863 384 1026 440 dubia
1055 395 1476 455 proposueram,
1509 399 1639 442 tunc
1680 384 1857 441 visum
1888 395 1995 453 est,

2105 389 2653 460 ἀμφισϐητημάτων,
2711 386 2784 451 ὡς
2832 387 2945 453 τοῖς
2999 390 3301 461 τηνικαῦτα
3353 389 3676 460 συζητοῦσιν

409 470 812 544 ὀκρυόίνίωιιε.
847 472 1058 528 Etenim
1096 475 1407 531 Platonicas
1442 477 1665 546 quidem
1714 476 1866 531 ideas
1901 491 1994 545 pe-

415 565 606 621 culiari
643 573 878 619 tractatu
903 567 1394 633 consideravimus,
1421 569 1681 636 quoniam
1721 583 1821 621 nec
1856 583 1996 637 prie-

411 656 590 711 'dicari
617 656 685 710 de
725 657 1021 712 individuis
1063 658 1166 712 illa:
1210 669 1440 728 queunt.
1477 657 1663 730 Neque
1705 660 1854 712 enim
1892 659 1998 714 hoc

418 750 471 803 in
503 751 795 819 praesentia
823 750 1028 817 dicam,
1068 753 1210 822 quod
1237 753 1576 808 constituere
1624 754 1776 824 prius
1813 764 1995 808 rerum

418 839 896 908 producendarum
929 839 1134 898 formas
1167 852 1329 913 atque
1352 844 1739 900 similitudines
1762 854 1848 900 cst
1871 843 1997 914 qui-

421 931 542 984 dem
571 933 819 996 artilicis,
851 933 945 988 sed
983 934 1206 989 minime
1259 935 1489 990 valentis
1529 952 1720 992 creare
1766 935 2001 1005 simplici

422 1023 775 1091 aggressione
805 1023 950 1093 quod
985 1025 1147 1090 velit;
1180 1041 1282 1081 nec
1331 1028 1536 1096 pariter
1569 1027 1823 1095 referam,
1855 1027 2001 1099 quod

421 1128 665 1180 quaerere
695 1113 798 1169 hoc
827 1115 947 1170 loco
990 1130 1170 1169 rerum
1205 1117 1619 1174 subsistentium
1667 1122 2001 1192 exemplaria

422 1203 476 1256 in
508 1203 784 1259 infinitum
815 1209 1122 1261 necessario
1150 1210 1403 1277 provehit
1434 1227 1616 1267 rerum
1651 1227 1772 1284 qua:
1796 1212 2004 1268 conlin-

431 1303 639 1363 guntur
690 1311 1027 1366 processum.
1063 1296 1196 1352 lllud
1243 1300 1388 1354 enim
1432 1304 1658 1358 omnino
1716 1303 1999 1376 indignum

423 1397 507 1441 est
534 1403 661 1441 vera
697 1389 764 1442 de
790 1388 903 1444 Deo
938 1389 1194 1456 notione;
1224 1390 1331 1447 hoc
1361 1409 1490 1448 vero
1517 1396 1678 1450 etiam
1720 1409 1814 1466 per
1843 1413 1901 1452 se
1931 1396 2001 1451 il-

423 1477 528 1532 lico
589 1479 819 1534 destruit
860 1495 982 1550 qute
1032 1483 1309 1538 mentibus
1359 1483 1580 1542 fuerant
1627 1487 1830 1542 efficta.
1884 1489 2000 1545 lmo

418 1571 632 1625 etiamsi
691 1573 817 1640 quis
864 1575 1149 1640 concedat,
1201 1575 1540 1647 singularum
1603 1585 1999 1652 proprietatum

421 1660 651 1728 formas,
685 1673 738 1718 et
773 1665 898 1719 inde
936 1668 1238 1737 singularia
1273 1671 1368 1726 sed
1416 1671 1695 1728 individua
1745 1677 1997 1746 exprimi,

421 1754 566 1808 nulla
602 1762 784 1812 tamen
821 1774 974 1829 aequa
1011 1763 1278 1829 permittit
1313 1763 1490 1834 ratio,
1512 1765 1626 1819 ha‘c
1651 1767 1752 1822 sub
1782 1769 1999 1825 illorum

419 1847 858 1915 praedicationem
889 1854 1178 1908 adducere.
1229 1854 1415 1924 Neque
1460 1858 1605 1912 enim
1651 1861 1998 1932 obsignatum

419 1936 583 1993 fuerit
630 1940 951 2011 obsignans,
1009 1961 1185 2015 neque
1239 1949 1382 2018 quod
1432 1950 1846 2007 similitudinem
1904 1970 2000 2024 per

420 2027 898 2097 participationem
930 2033 1141 2104 recipit,
1196 2036 1336 2102 idem
1370 2054 1491 2094 esse
1530 2048 1709 2109 potest
1752 2059 1877 2098 cum
1910 2061 1996 2112 eo,

2103 479 2302 546 ἔδοξεν,
2341 481 2493 535 οὐδὲν
2539 481 2742 553 ἄπορον
2799 479 3137 536 ὑπολιποῦσα
3174 477 3546 554 προελήλυθε·
3588 484 3678 538 καὶ

2102 573 2212 648 γάρ
2243 573 2298 630 αί
2334 576 2431 646 μὲν
2457 575 2596 630 κατὰ
2655 575 2918 631 Πλάτωνα
2951 577 3082 631 ἰδέαι
3121 576 3429 648 ἰδιαζούσης
3451 577 3676 630 ἐπισκέ-

2101 667 2248 738 ψεως
2274 668 2484 738 ἔτυχον,
2509 667 2633 722 ἐπεὶ
2679 663 2813 739 μηδὲ
2846 670 3272 742 κατηγορεῖσθαι
3317 661 3426 721 τῶν
3459 669 3680 736 ἀτόμων

2103 754 2264 815 αὗται
2288 760 2542 815 δύνανται
2562 777 2578 793 ο
2606 761 2666 813 οὑ
2695 762 2802 833 γάρ
2827 754 2986 815 τοῦτο
3019 761 3113 816 νῦν
3142 739 3273 831 ξρῶ,
3301 760 3376 824 ὡς
3395 761 3457 813 τὸ
3473 764 3681 830 προῦφ-

2110 852 2348 906 ιστάνειν
2372 851 2576 917 τύπους
2593 851 2699 906 τῶν
2719 870 2792 905 πα
2801 847 3222 924 ραχθησομένων
3238 851 3332 904 καὶ
3362 851 3681 922 ὁμοιώματα

2103 943 2347 1014 τεχνίτου
2382 943 2484 1015 μέν
2503 945 2673 1009 ἐστιν,
2711 943 3066 1007 ἀσθενοῦντος
3087 944 3143 998 δὲ
3165 944 3512 1016 δημιουργεῖν
3531 944 3680 1015 ἁπλῇ

2105 1037 2380 1109 προσϐολῇ
2410 1037 2470 1090 τὸ
2502 1036 2849 1108 βουλόμενον,
2877 1036 2990 1091 οὔθ’
3038 1038 3114 1102 ὡς
3144 1037 3375 1092 ἐνταῦθα
3403 1035 3464 1091 τὸ
3497 1038 3679 1108 ζητεῖν

2104 1129 2216 1185 τῶν
2256 1130 2643 1201 ὑφισταμένων
2719 1130 3138 1202 παραδείγματα
3195 1129 3284 1184 ἐπ’
3340 1130 3569 1202 άπειρον
3631 1131 3680 1195 ἐξ

2104 1223 2352 1294 ἀνάγκης
2380 1223 2686 1288 διαϐιϐάζει
2717 1223 2824 1279 τῶν
2865 1223 3251 1294 πλαττομένων
3295 1223 3390 1296 τὴν
3416 1225 3647 1295 πρόοδον
3667 1242 3678 1254 ·

2102 1317 2164 1370 τὸ
2192 1317 2292 1385 μὲν
2321 1317 2429 1387 γάρ
2460 1317 2741 1380 παντελῶς
2765 1320 2883 1371 ὲστι
2908 1318 3008 1388 τῆς
3039 1319 3166 1390 περί
3194 1317 3254 1370 τὸ
3282 1316 3435 1371 Θεῖον
3464 1318 3679 1383 ἀνάξιον

2105 1408 2449 1479 ὑπολήψεως,
2473 1409 2532 1462 τὸ
2551 1408 2607 1461 δὲ
2657 1409 2752 1462 καὶ
2775 1411 2897 1462 καθ’
2941 1409 3101 1462 ἑαυτὸ
3121 1409 3230 1461 τῶν
3272 1411 3388 1472 ταῖς
3421 1409 3679 1471 διανοὶαις

2103 1501 2557 1556 ἀναπλασθέντων
2617 1499 2962 1574 συμπροάγει
3009 1506 3108 1572 τὴν
3174 1503 3476 1572 ἀναίρεσιν.
3540 1502 3678 1554 Ἀλλ’

2102 1592 2196 1650 οὖν
2217 1597 2266 1648 εἰ
2293 1597 2387 1650 καί
2421 1613 2507 1658 τις
2549 1597 2665 1667 δοίη
2709 1576 2843 1659 ’τοὺς
2893 1593 3097 1658 τύπους
3141 1595 3378 1664 ἑκάστης
3423 1594 3678 1659 ἰδιότητος

2103 1689 2312 1742 ἐκεῖθεν
2337 1687 2750 1759 ἀπομάττεσθαι
2771 1687 2840 1740 τὰ
2867 1686 3198 1751 καθέκαστα,
3223 1687 3328 1739 ὑπὸ
3349 1686 3678 1756 κατηγορίαν

2103 1781 2327 1835 ὲκείνων
2364 1780 2518 1849 ἄγειν
2539 1779 2715 1835 ταῦτα
2760 1780 2857 1850 οὐχ
2904 1779 3127 1850 εὑρήσει
3152 1777 3310 1845 λόγον
3367 1778 3676 1848 συνᾴδοντα.

2103 1873 2237 1927 Οὐδὲ
2286 1873 2395 1944 γὰρ
2447 1874 2512 1928 ἂν
2539 1873 2627 1944 εἴη
2663 1874 2723 1926 τὸ
2757 1873 3190 1943 ἐσφραγισμένον
3223 1871 3546 1940 σφραγίζον,
3571 1871 3680 1924 οὐδὲ

2100 1965 2179 2038 τῷ
2206 1967 2305 2038 τὴν
2329 1966 2620 2036 ὁμοιότητα
2665 1965 3024 2035 παρεχομένῳ
3079 1963 3294 2026 ταυτὸν,
3327 1963 3356 2016 δ
3385 1963 3538 2018 κατά
3560 1980 3679 2033 μετ-

2099 2059 2234 2129 οχὴν
2264 2057 2468 2128 ταύτην
2508 2056 2866 2125 παρεδέξατο’
2914 2055 3034 2108 οὐδὲ
3086 2057 3156 2109 τά
3190 2057 3249 2107 ὲν
3281 2058 3347 2125 τῇ
3375 2053 3474 2107 τοῦ
3529 2053 3678 2108 Θείου

417 2130 582 2186 εδειυο
615 2118 706 2174 ma
739 2120 1040 2179 δίωίίίιυάο
1083 2126 1374 2196 Ρτδῖδοιυνι
1425 2146 1534 2185 ¹¹θο
1573 2148 1694 2203 (1⁸³³³
1734 2133 1788 2188 in
1822 2144 2004 2192 meme
2035 2151 2078 2206 Β
2107 2118 2437 2203 cCszetm'
2490 2118 2847 2219 Btavoig'xai.
2908 2145 3096 2199 στάσιν
3152 2118 3408 2216 ἀκίνητόν
3477 2161 3538 2197 τε
3594 2145 3679 2197 καὶ

417 2207 598 2264 divina
625 2209 830 2268 fuerint
861 2214 1123 2286 impressa
1156 2226 1210 2272 et
1245 2219 1582 2278 immobilem
1621 2233 1786 2295 atque
1810 2225 2003 2282 incon-

417 2317 660 2369 cussum,
700 2306 746 2360 si
793 2317 972 2362 tamen
1015 2311 1242 2364 omnino
1287 2313 1526 2380 exsistit,
1557 2325 1762 2372 statum
1815 2319 2004 2375 sortita

417 2395 546 2456 sint,
577 2404 830 2464 poterunt
869 2399 1140 2455 ullatenus
1162 2403 1456 2472 praadicata
1490 2405 1596 2461 dici
1663 2424 1845 2463 rerum
1877 2426 2002 2480 per-

419 2495 582 2554 petuo
644 2487 817 2543 ﬂuxui
863 2507 927 2545 ac
959 2492 1199 2548 deﬂuxui
1241 2495 1628 2552 obuoxiarum.
1700 2497 2003 2573 Permagna

415 2578 561 2632 enim
586 2588 669 2634 est
709 2580 1012 2639 differentia
1044 2596 1098 2640 et
1123 2602 1190 2641 ex
1224 2588 1340 2658 ipsa
1379 2590 1698 2647 habitudine
1729 2596 1812 2648 vel
1867 2610 2002 2650 con-

417 2671 648 2733 nexione
668 2685 910 2744 apparet,
937 2693 1174 2747 quanam
1209 2683 1419 2737 ratione
1440 2684 1768 2755 discrepent.
1792 2687 2000 2742 Etenim

417 2777 597 2818 causae
625 2768 943 2838 causatique
983 2773 1145 2838 ratio,
1179 2777 1484 2843 praesertim
1521 2779 1609 2833 ubi
1647 2779 1714 2834 de
1739 2785 2003 2838 creatricc

414 2859 470 2904 et
501 2853 798 2922 exemplari
853 2855 900 2909 vi
935 2859 1135 2927 agitur,
1176 2861 1231 2915 iu
1271 2861 1611 2921 babitudinis
1659 2864 2004 2926 conincxione

415 2941 744 3000 exsisteutia:
773 2946 1144 3006 diversitatem
1175 2957 1459 3025 perspicue
1491 2959 1758 3015 ostendit.
1790 2959 1846 3015 Si
1875 2977 2003 3018 vero

414 3052 536 3106 qua:
575 3039 857 3095 nominum
901 3045 1262 3103 similitudine
1295 3066 1381 3106 res
1410 3052 1743 3122 signiticatas
1794 3072 2001 3112 conne-

414 3139 560 3185 ctere
585 3133 856 3199 videntur,
897 3151 960 3191 ea
997 3139 1111 3208 ipsa
1149 3139 1376 3210 faciunt,
1425 3155 1483 3199 ut
1518 3147 1754 3202 maxima
1794 3148 2004 3204 discre-

415 3220 600 3288 pantia
632 3233 984 3292 agnoscatur,
1019 3243 1139 3296 qua:
1173 3246 1272 3285 nec
1306 3235 1666 3306 connexionis
1707 3233 2004 3306 pra~ferunt

416 3313 652 3382 speciem
710 3331 810 3370 nec
864 3319 1087 3374 unionis
1142 3320 1312 3377 ullum
1395 3327 1652 3382 exhibent
1716 3329 2001 3399 indicium,

417 3406 691 3472 quomodo
717 3407 831 3462 haec
860 3409 914 3462 in
963 3411 1104 3466 idem
1134 3414 1470 3486 redigantur,
1519 3412 1643 3473 cum
1679 3435 1747 3475 ne
1771 3421 1843 3475 ibi
1875 3423 2000 3492 qui-

2103 2241 2422 2312 ἀκλόνητον,
2482 2240 2639 2312 εἴπερ
2686 2239 2825 2303 ὅλως
2869 2239 3097 2302 ἔνεστιν,
3155 2237 3529 2308 εὐμοιρηκότα
3577 2235 3678 2289 τῶν

2103 2335 2162 2390 ὲν
2189 2335 2287 2406 ῥοῇ
2312 2349 2373 2386 τε
2397 2331 2494 2386 καὶ
2542 2332 2792 2403 ἀπορρυῇ
2842 2329 3130 2393 διαπαντὸς
3166 2329 3488 2400 φερομένων
3528 2328 3678 2381 οὖδα-

2046 2477 2060 2488 ,
2105 2425 2222 2496 μῶς
2254 2427 2320 2478 ἂν
2353 2424 2570 2478 δύναιτο
2602 2422 2832 2494 ῥηθῆναι
2862 2420 3314 2492 κατηγορούμενα
3337 2437 3350 2450 ·
3388 2419 3678 2490 παμπόλλη

2101 2516 2212 2587 γάρ
2241 2517 2275 2586 ἡ
2299 2514 2532 2585 διαφορά
2560 2515 2656 2567 καὶ
2698 2511 2759 2579 ἐξ
2806 2509 2978 2581 αὐτῆς
3021 2510 3077 2562 δὲ
3103 2509 3200 2580 τῆς
3239 2509 3527 2580 σχέσεωςῆ
3561 2525 3675 2561 συν-

2103 2609 2302 2677 αφείας
2323 2607 2446 2661 τινά
2472 2607 2675 2678 τρόπον
2710 2605 2942 2675 παρέχει
2987 2605 3047 2657 τὸ
3083 2603 3362 2674 διάφορον,
3393 2599 3675 2670 ἀναφαίνει

2101 2717 2211 2754 ται.
2247 2699 2356 2752 Καὶ
2387 2699 2495 2768 γὰρ
2524 2697 2553 2750 ὁ
2584 2696 2676 2750 τοῦ
2709 2695 2886 2749 αἰτίου
2923 2695 3016 2749 καλ¹
3045 2694 3288 2748 αἰτιατοῦ
3313 2693 3491 2762 λόγος,
3525 2693 3676 2764 μάλι-

2105 2792 2207 2847 στά
2259 2809 2323 2861 γε
2384 2791 2525 2846 κατά
2560 2791 2622 2844 τὸ
2676 2789 3070 2861 δημιουργικόν
3099 2806 3159 2842 τε
3187 2788 3280 2842 καὶ
3307 2791 3676 2859 παραδειγμα-

2101 2885 2254 2940 τικὺν
2315 2882 2522 2955 προῖὼν
2581 2884 2638 2936 ὲν
2665 2886 2733 2954 τῇ
2768 2879 2870 2953 τῆς
2910 2881 3146 2951 σχέσεως
3203 2879 3471 2950 συναφείᾳ
3507 2878 3564 2931 τὸ
3583 2879 3676 2947 τῆς

2103 2975 2390 3044 ὑπάρξεως
2435 2972 2814 3046 παραλλάττον
2841 2971 3108 3044 λαμπρῶς
3138 2971 3518 3026 ἐπιδείκνυσιν.
3551 2971 3603 3024 Εἰ
3628 2972 3675 3024 δ’

2103 3068 2187 3135 ἐφ’
2214 3060 2289 3120 ὧν
2317 3067 2352 3121 ἃ.
2403 3066 2696 3120 συνάπτειν
2749 3068 2816 3136 τῇ
2848 3065 2956 3119 τῶν
2992 3064 3269 3134 ὀνομάτων
3313 3065 3673 3134 ὀμοιὸτητιτὶ
3761 3097 3768 3101 -

2103 3158 2409 3229 δηλούμενα
2446 3159 2612 3222 δοκεῖ,
2632 3155 2807 3211 ταῦτα
2840 3157 3040 3227 πολλὴν
3070 3156 3516 3228 ἀνομολογεῖσθαι
3538 3157 3674 3209 ποιεῖ

2103 3252 2203 3324 τὴν
2231 3252 2535 3314 διάστασιν,
2562 3250 2598 3304 ἃ
2626 3250 2761 3321 μηδὲ
2790 3248 3480 3320 συναφείαςξπροὸάλλεται
3511 3250 3671 3321 ῥῆμα,

2109 3343 2230 3414 μηδ’
2253 3342 2502 3405 ὲνώσεως
2529 3341 2899 3395 ἐνδείκνυσθαι
2929 3342 3230 3411 παρέχεται
3255 3341 3527 3412 ἀφορμὴν,
3559 3340 3670 3401 πῶς

2105 3435 2172 3488 ἂν
2209 3435 2288 3498 εἰς
2313 3435 2509 3487 ταυτὸν
2576 3433 2920 3504 συνενεχθείη
2986 3433 3060 3504 μὴ
3108 3432 3392 3502 πεφυκότα.
3447 3432 3671 3486 συνιέναι

416 3497 540 3548 dem
578 3497 632 3550 in
660 3513 826 3552 unum
850 3503 997 3557 coire
1030 3517 1259 3574 queant,
1292 3509 1380 3564 ubi
1410 3514 1680 3568 connexio
1709 3518 1988 3585 prapriam

2110 3524 2233 3595 μηδ’
2263 3495 2349 3593 έφ’
2383 3517 2457 3578 ὧν
2494 3525 2526 3593 ἡ
2554 3495 2818 3593 συνάφεια
2844 3495 3131 3588 διασῶζειν
3156 3495 3383 3577 διῖναται
3410 3523 3469 3576 τὸ
3488 3525 3671 3577 οἰκεῖον

418 3600 636 3640 servare
658 3597 837 3657 potest
861 3591 1066 3663 absque
1098 3596 1204 3651 ulla
1233 3598 1634 3657 adulteratione
1651 3604 1998 3675 dignitatem?

417 3675 642 3734 Talibus
684 3681 1199 3743 ratiocinationibus
1231 3689 1520 3749 Platonica:
1555 3695 1689 3751 idea:
1730 3698 1996 3755 discutie-

419 3769 639 3840 bautur,
697 3776 883 3832 multis
937 3781 1100 3834 etiam
1155 3791 1208 3837 ct
1255 3786 1646 3844 vetustioribus
1694 3790 1998 3849 rationibus

417 3865 615 3936 (libris)
641 3878 826 3924 nostro
850 3874 1070 3926 conatui
1096 3875 1544 3947 suifragantibus.

484 3958 536 4010 2.
576 3957 708 4024 Qua:
734 3976 860 4016 vero
892 3973 1084 4031 praeter
1112 3965 1438 4034 ,Plalonicas
1485 3972 1635 4028 ideas
1680 3983 2000 4033 astruuntur

417 4065 614 4119 genera
642 4061 694 4106 et
724 4054 958 4122 species,
993 4060 1207 4112 tametsi
1237 4069 1416 4116 ortmn
1445 4077 1511 4119 ex
1534 4065 1748 4121 diversa
1779 4078 2000 4124 senten-

418 4143 490 4194 tia
513 4151 566 4195 et
589 4158 653 4194 ex
673 4143 891 4199 diverso
917 4149 1203 4216 proposito
1237 4151 1532 4209 habuerint
1563 4158 1994 4230 prodieriutque,

418 4235 630 4290 variant
661 4247 838 4293 tamen
874 4241 1031 4296 insui
1064 4246 1494 4314 constitutione;
1545 4259 1599 4304 et
1641 4251 1728 4304 illa
1775 4253 1994 4322 quidem

415 4345 571 4398 super
599 4331 797 4397 multis,
835 4333 950 4388 haec
979 4333 1235 4407 (species)
1274 4353 1400 4394 vero
1435 4342 1491 4394 in
1523 4342 1703 4396 multis
1737 4354 1998 4412 przeslan-

417 4422 584 4477 tiores
634 4425 942 4495 philosotihi
1017 4429 1292 4497 appellare
1349 4434 1691 4500 gestiet‘unt;
1754 4444 1996 4489 attamen

415 4516 595 4583 quoad
659 4519 1059 4586 praedicationis
1118 4536 1275 4575 usum
1336 4523 1618 4591 paululum
1688 4526 1994 4580 differunt:

417 4607 687 4662 snﬂ'ecerit
734 4626 863 4681 ergo
917 4613 1198 4681 utriusque
1247 4613 1436 4668 iisdem
1493 4616 1793 4672 rationibus
1853 4617 1994 4671 facta

414 4699 730 4767 disquisitio
758 4711 811 4756 et
839 4704 1181 4773 dijudicatio.
1215 4705 1282 4759 Et
1310 4708 1380 4761 ad
1411 4709 1766 4778 incorporeas
1818 4711 1996 4766 subsi-

2106 3616 2394 3672 ἀνόθευτον
2418 3616 2664 3687 δίκαιονδ
2706 3615 3000 3680 Τοιαύταις
3049 3618 3104 3670 αἰ
3145 3617 3490 3670 Πλατωνικαί
3547 3615 3669 3668 ἰδέαι

2109 3707 2410 3778 περινοίαις
2434 3706 2781 3777 ὲξητάζοντο,
2813 3707 3025 3761 πολλῶν
3058 3707 3226 3761 ὄντων
3270 3710 3362 3762 καὶ
3392 3707 3666 3762 παλαιοτέ-

2111 3818 2221 3870 ρων
2243 3799 2417 3870 λὸγων
2438 3800 3108 3873 συνεφαπτομένωνήμῶν
3135 3802 3210 3873 τῷ
3237 3803 3553 3874 βουλήματι.

2177 3977 2232 4032 2.
2267 3975 2349 4030 Τά
2372 3976 2428 4029 δὲ
2460 3977 2614 4047 παρά
2673 3978 2772 4041 τὰς
2837 3978 3193 4042 Πλατωνικάς
3241 3979 3381 4043 ἰδέας
3429 3961 3666 4053 γένη’καὶ

2107 4068 2244 4138 εἴδη,
2279 4070 2449 4124 είκαὶ
2469 4069 2568 4142 τὴν
2629 4071 2842 4138 γένεσιν
2899 4073 2963 4126 ὲκ
3014 4072 3274 4145 διαφόρου
3323 4074 3558 4139 διανοίας
3584 4077 3665 4126 καὶ

2107 4162 2363 4232 ἐπιϐολῆς
2380 4163 2536 4232 ἔσχον
2549 4180 2608 4215 τε
2628 4163 2723 4216 καί
2753 4163 3215 4234 προεληλύθεσαν,
3249 4164 3665 4238 παραλλάττουσέ

2106 4272 2170 4323 γε
2191 4257 2254 4325 τῇ
2291 4257 2588 4308 συστάσει·
2646 4257 2742 4309 καὶ
2789 4256 2863 4308 τὰ
2908 4257 3007 4326 μὲν
3037 4257 3136 4310 ἐπὶ
3165 4257 3290 4325 τοῖς
3314 4261 3578 4325 πολλοῖς,
3605 4260 3662 4309 τὰ

2105 4346 2163 4398 δὲ
2200 4346 2271 4398 ἐν
2309 4344 2433 4411 τοῖς
2491 4345 2746 4411 πολλοῖς
2783 4347 2835 4398 οἱ
2873 4347 3225 4417 χαριέστερον
3274 4347 3660 4418 φιλοσοφοῦντες

2108 4436 2294 4489 καλεῖν
2330 4435 2786 4505 ὲφιλοτιμήσαντο
2807 4453 2821 4466 ·
2857 4435 2972 4489 ἀλλ’
2999 4432 3090 4490 οὖν
3113 4437 3249 4504 πρός
3277 4454 3339 4505 γε
3366 4439 3424 4490 τὸ
3455 4453 3661 4508 κατηγο-

2111 4528 2323 4598 ρεῖσθαι
2349 4528 2448 4600 τὴν
2478 4531 2669 4600 χρείαν
2695 4530 2781 4581 ἐπ’
2837 4528 3018 4597 ὀλίγον
3055 4529 3238 4598 έχουσι
3279 4530 3659 4600 παραλλάττου-

2107 4637 2207 4674 σαν
2230 4638 2246 4652 ο
2277 4621 2478 4692 ἤρκεσε
2504 4621 2795 4690 τοιγαροῦν
2826 4624 2956 4692 περὶ
2985 4623 3247 4693 ἐκατέρου
3265 4623 3463 4676 τούτων
3487 4624 3517 4690 ἡ
3541 4619 3658 4689 αὑτὴ

2104 4714 2193 4767 διὰ
2231 4714 2342 4766 τῶν
2371 4713 2737 4777 ἐξεταστικῶν
2766 4713 2940 4782 λόγων
2989 4715 3219 4784 βάσανός
3255 4733 3315 4768 τε
3353 4717 3446 4769 καὶ
3472 4715 3656 4783 διάκρι-

418 4791 648 4846 stentias
669 4795 811 4862 quod
848 4806 1076 4864 spectat,
1109 4799 1176 4852 de
1220 4815 1329 4870 quo
1354 4813 1676 4870 argumento
1711 4818 1812 4856 nec
1844 4813 1999 4859 vetus

2108 4822 2210 4866 σις.
2239 4806 2348 4858 Καί
2369 4823 2432 4874 γε
2463 4807 2591 4875 περὶ
2615 4806 2713 4875 μὲν
2744 4807 2852 4858 τῶν
2879 4808 3190 4875 ἀσωμάτων
3222 4808 3563 4861 ὑποστάσεων
3590 4805 3657 4856 ὅτι

417 4885 666 4939 exstabat
697 4890 996 4953 contentio,
1053 4890 1312 4946 facillime
1369 4895 1669 4949 admissum
1707 4895 1830 4958 fuit,
1865 4911 2006 4970 praes

417 4974 598 5031 dicata
631 4977 700 5033 de
721 4979 828 5035 illis
854 4997 1050 5052 genera
1077 4992 1132 5037 et
1161 4987 1369 5054 species
1389 4987 1720 5057 participare
1748 4989 2003 5058 incorpo-

417 5082 567 5124 ream
612 5083 897 5141 naturam;
931 5090 1128 5144 magna
1163 5091 1296 5130 vero
1328 5077 1395 5131 lis
1426 5069 1634 5132 exstitit
1679 5079 1821 5134 circa
1862 5081 2002 5136 trine

418 5165 816 5220 meusurabiles
864 5168 1273 5231 subsistentias,
1319 5184 1439 5238 qua:
1484 5185 1712 5239 corpora
1771 5179 1901 5227 sunt
1948 5184 2002 5229 et

417 5254 789 5323 appellantur;
833 5269 1017 5314 utrum
1072 5259 1324 5314 videlicet
1375 5270 1625 5329 oporteat
1679 5265 1997 5318 eorumdem

418 5363 618 5417 genera
646 5359 697 5404 et
727 5352 935 5419 species
962 5367 1161 5405 vocare
1200 5367 1450 5421 corpora,
1501 5370 1566 5406 an
1602 5370 1729 5409 vero
1767 5357 1878 5411 haec
1913 5369 2000 5410 ut-

415 5451 543 5510 pote
577 5442 830 5498 sensibus
861 5445 1148 5512 superiora
1191 5445 1332 5499 inter
1379 5446 1695 5516 incorporea
1731 5450 1993 5518 recipere.

419 5529 620 5585 Verum
674 5543 803 5586 tunc
853 5534 921 5587 de
962 5535 1048 5589 his
1086 5544 1342 5590 accurate
1391 5552 1420 5590 a
1454 5538 1611 5592 nobis
1656 5539 1995 5609 disputatum

418 5619 538 5685 fuit,
589 5637 687 5676 nec
742 5625 1091 5680 auditoribus
1148 5627 1348 5692 visum,
1397 5631 1635 5685 secunda
1691 5647 1829 5701 opus
1876 5649 1996 5689 esse

421 5706 820 5780 disquisitiobe.
860 5713 1130 5778 Quoniam
1171 5732 1298 5774 vero
1339 5735 1484 5774 nunc
1523 5728 1614 5776 tua
1667 5721 1761 5777 Dei
1805 5738 1995 5778 amans

2109 4898 2230 4968 μηδ’
2257 4896 2372 4967 ἔρις
2395 4892 2463 4967 ἦν
2487 4898 2714 4963 παλαιὰ,
2733 4898 2947 4965 θᾶττον,
2973 4900 3056 4952 ὅτι
3081 4900 3174 4951 καὶ
3204 4901 3272 4951 τά
3296 4895 3652 4971 κατηγ[ορ]ού-

2109 5008 2246 5062 μενα
2279 4991 2414 5060 γένη
2443 4991 2536 5043 καὶ
2589 4991 2705 5059 εἴδη
2757 4992 2855 5061 τῆς
2880 4992 3172 5060 ἀσωμάτου
3200 4992 3414 5060 φύσεως
3443 4993 3654 5060 μετέχει,

2109 5083 2553 5153 συνεκεχώρητο·
2581 5085 2614 5152 ἡ
2645 5083 2700 5135 δὲ
2731 5084 2898 5153 πολλὴ
2928 5084 3199 5154 προῆλθεν
3235 5085 3528 5153 φιλονεικία
3547 5082 3656 5150 περὶ

2103 5175 2213 5228 τῶν
2246 5174 2412 5246 τριχῆ
2439 5174 2742 5228 διαστατῶν
2799 5175 3153 5229 ὑποστάσεων
3188 5178 3284 5230 καὶ
3304 5177 3559 5246 σωμάτων
3579 5173 3654 5224 δν-

2102 5282 2211 5320 των
2241 5283 2302 5318 τε
2331 5267 2428 5319 καὶ
2454 5266 2825 5336 καλουμένων,
2853 5263 2964 5339 ἆρά
2990 5285 3053 5335 γε
3077 5269 3183 5340 χρὴ
3228 5269 3298 5322 τά
3321 5269 3517 5322 τούτων
3542 5267 3652 5334 γένη

2103 5358 2200 5412 καὶ⁸
2247 5358 2360 5428 είδη
2405 5357 2633 5428 σώματα
2690 5359 2895 5424 καλεῖν,
2941 5361 2974 5431 ἢ
3010 5361 3085 5423 ὡς
3116 5361 3350 5430 κρείττω
3376 5366 3472 5432 τῆς
3491 5359 3653 5425 αἰσθή-

2107 5468 2244 5512 σεως
2263 5450 2436 5503 ταῦτα
2467 5451 2844 5522 καθεστηκότα
2869 5453 2966 5521 τῆς
3006 5452 3120 5504 τῶν
3145 5454 3448 5522 ἀσωμάτων
3475 5450 3652 5521 λήξεως

2106 5539 2309 5598 θετέον.
2353 5539 2514 5592 Ἀλλά
2564 5541 2685 5594 τότε
2733 5541 2807 5612 μὴ
2857 5543 2935 5606 είς
2984 5545 3273 5614 ἀκρίὸειάν
3303 5562 3360 5597 τε
3406 5539 3647 5612 περὶτού-

2102 5650 2211 5688 των
2239 5632 2531 5687 διείλεκται
2555 5636 2648 5687 καὶ
2702 5636 2962 5708 δευτέρας
3007 5637 3108 5690 οὐκ
3138 5637 3310 5692 ἐδόκει
3340 5642 3447 5700 τοῖς
3471 5640 3648 5702 ἀκροα-

2101 5728 2220 5790 ταῖς
2246 5726 2453 5782 δεῖσθαι
2485 5727 2854 5798 συζητήσεως.
2892 5729 3044 5783 Ἐπεὶ
3071 5730 3128 5783 δὲ
3157 5730 3251 5784 νῦν
3280 5733 3312 5800 ὴ
3339 5730 3404 5799 σὴ
3429 5723 3649 5796 θεοφιλὴς
