3864 6208
427 261 540 328 483

1598 264 1855 329 PHOTII
1892 252 2395 329 PATRIARCH/E
2436 271 2547 334 cp.

3597 278 3687 343 481

433 392 596 444 vera;
641 376 1049 449 particulariter
1089 378 1236 435 enim
1280 394 1344 463 ea
1387 382 1702 451 propositio.
1746 385 2004 456 procedit.

2116 402 2205 439 vov
2226 387 2288 440 τὸ
2313 386 2509 456 ψεῦδος
2548 384 2885 458 παρέχεται..
2914 385 3038 453 Πῶς
3062 386 3173 460 γὰρ
3192 383 3313 463 ἃνῇ
3337 390 3520 459 λέγειν
3538 406 3550 420 '
3569 391 3683 459 Πᾶς

429 468 586 534 Quod
617 468 661 523 si
693 469 746 522 in
774 470 1138 526 universalem
1162 460 1503 540 efformetur,
1537 474 1682 529 illico
1708 475 2013 545 deprehen-

429 561 578 616 ditur
608 561 765 618 falsa.
793 562 1080 629 Quomodo
1109 564 1254 619 enim
1274 565 1381 621 dici
1402 577 1603 638 queat:
1649 567 1831 623 Omnis
1856 570 2013 624 homo

427 654 507 710 vel
532 671 684 711 omne
716 656 918 709 animal
936 672 1151 725 corpus,
1207 658 1253 714 si
1289 660 1590 729 propositio
1618 660 1722 717 ista
1756 680 1769 716 :
1809 659 2012 717 Nullus

425 746 582 802 homo
637 758 688 801 et
738 747 945 802 nullum
983 751 1298 806 animales!
1352 768 1544 822 corpus
1601 752 1674 808 sit
1720 753 2014 812 manifeste

431 840 595 894 vera?
616 840 695 895 Ad
731 841 846 896 haec
876 860 889 896 :
920 840 1205 908 Quomodo
1230 838 1536 899 non‘ernnt
1568 861 1857 916 corporea,
1888 864 2013 919 qua:

429 930 735 1000 subjectum
782 947 947 988 suum
996 950 1196 1007 corpus
1231 950 1354 990 esse
1392 936 1673 997 indicant?
1724 937 2014 1004 Quomodo

428 1035 560 1076 vero
585 1036 616 1075 a
646 1024 896 1092 corporis
936 1025 1300 1096 appellatione
1330 1035 1386 1081 et
1411 1027 1805 1103 constitutione
1831 1046 2012 1087 remo-

430 1115 735 1169 veb'untur?
767 1114 901 1170 Nam
942 1118 1011 1173 ab
1034 1118 1355 1189 incorporea
1399 1120 1619 1190 quidem
1655 1132 1852 1178 natura
1883 1114 2031 1181 sunt'

427 1206 642 1273 dissita,
673 1222 703 1261 a
736 1205 1018 1278 corporeis
1044 1225 1170 1266 vero
1234 1212 1663 1282 proprietatibus
1711 1216 2008 1285 recedunt;

426 1307 483 1351 et
505 1298 558 1352 in
598 1313 893 1375 quamnant
922 1300 1251 1356 reducentur
1278 1319 1459 1358 rerum
1492 1303 1744 1371 classem,
1775 1306 1823 1362 si
1845 1308 2009 1363 etiam

426 1405 458 1444 a
485 1392 807 1466 Corporibus
836 1408 899 1447 ea
932 1394 1057 1463 quis
1083 1394 1376 1450 eliminet?
1411 1396 1469 1452 Si
1496 1397 1621 1468 quis
1655 1408 1837 1453 autem
1881 1401 2013 1456 velit

424 1482 530 1536 alia
560 1499 776 1553 quoque
811 1484 897 1539 via
944 1485 1034 1540 hic
1067 1487 1443 1551 considerare.
1476 1504 1584 1544 non
1628 1490 1816 1546 minus
1849 1472 2009 1561 repe-

424 1572 526 1627 riet
548 1572 759 1630 facilem
787 1575 1168 1632 difﬁcultatum
1195 1579 1544 1636 solutionem.
1582 1581 1717 1639 Nam
1752 1584 2009 1642 Socrates

421 1666 641 1735 quidem
686 1667 852 1723 homo
896 1668 981 1722 vel
1028 1670 1233 1725 animal
1281 1688 1378 1742 per
1408 1689 1500 1741 se,
1544 1674 1717 1737 homo,
1755 1692 1883 1732 vero
1922 1679 2007 1734 vel

2116 480 2428 549 ἄνθρωπος
2453 481 2519 549 ἢ,
2540 479 2666 538 πᾶν
2712 479 2867 542 ζῶον
2905 482 3269 553 σωματικὸν,
3310 484 3435 554 τῆς,
3489 486 3685 554 οὐδεὶς

2114 573 2425 641 ἅνθρωπος
2455 574 2557 628 καί
2586 574 2772 629 οὐδὲν
2809 572 2958 635 ζῶον
2996 576 3360 644 σωματικὸν,
3392 576 3683 651 διαρρήδην

2114 666 2586 739 ἐπαληθευούσης;
2650 667 2775 721 Ἔτι
2816 666 2876 720 δὲ
2934 667 3053 732 πῶς
3087 668 3188 722 ούκ
3221 666 3289 721 ἂν
3323 673 3630 739 σωματικά,
3653 671 3686 726 ἀ

2115 758 2275 830 σῶμα
2296 758 2358 813 τὺ
2381 759 2743 830 ὑποκείμενον
2771 760 3112 825 ἐκδιδάσκει;
3144 758 3261 823 πῶς
3293 759 3338 813 δ’
3365 759 3434 815 ἂν
3461 762 3561 831 τῆς
3587 778 3686 815 σω-

2117 853 2354 924 ματικῆς
2413 851 2805 923 ἀλλοτριωθείη
2851 850 3111 922 κλήσεώς·
3132 867 3193 904 τε
3220 849 3317 903 καὶ
3346 851 3682 919 συπάσεωςς

2113 945 2227 1017 Τῆς
2284 944 2383 1013 μὲν
2442 943 2554 1015 γάρ
2584 943 2879 1014 ἀσωμάτου
2907 942 3158 1014 διέστηκε
3203 942 3446 1013 φύσεως,
3477 945 3589 998 τῶν
3634 946 3684 999 δὲ

2115 1032 2447 1105 σωματικῶν
2496 1036 2804 1106 ἰδιωμάτων
2858 1034 3256 1109 ἀνακεχωρηκε
3282 1054 3299 1068 ο
3339 1039 3433 1090 καὶ
3465 1038 3588 1091 τίνα
3628 1039 3687 1092 ἂν

2113 1111 2339 1182 ὑπέλθοι
2375 1128 2484 1181 τῶν
2528 1129 2697 1181 δντων
2753 1128 2976 1199 κλῆρον,
3000 1130 3049 1181 εί
3088 1128 3326 1183 καὶτῶν
3366 1130 3686 1199 σωματικῶν

2110 1236 2195 1283 τις
2226 1218 2389 1290 ὁρίων
2422 1218 2555 1273 αὐτὸ
2574 1220 2953 1290 ύπερορίσειεν
2978 1237 2993 1286 ;
3028 1221 3092 1276 Εἰ
3117 1221 3177 1276 δέ
3210 1208 3273 1289 γέ
3295 1238 3379 1284 τις
3400 1221 3579 1273 ἐθέλοι
3601 1221 3686 1273 καὶ

2112 1312 2288 1375 ἄλλως
2319 1314 2659 1378 ἐπισκοπεῖν,
2694 1300 2796 1365 ούκ
2827 1311 3052 1367 ἔλαττον
3074 1314 3299 1385 εὑρήσει
3319 1312 3428 1365 τῶν
3460 1313 3686 1381 ἀπορου-

2115 1405 2295 1476 μένων
2322 1403 2384 1457 τὸ
2414 1403 2751 1457 εὐδιάλυτον.
2780 1404 2889 1458 Καὶ
2928 1406 3039 1475 γὰρ
3067 1407 3096 1459 ὁ
3121 1404 3221 1474 μέν
3278 1405 3581 1474 Σωκράτης
3609 1404 3687 1459 ἀν·

2113 1495 2331 1565 θρωπος
2358 1492 2391 1563 ῆ
2420 1491 2559 1556 ζῶον
2582 1491 2706 1546 καθ’
2758 1492 2922 1546 αὑτό’
2953 1496 2982 1547 ὁ
3008 1493 3066 1546 δὲ
3090 1492 3379 1563 ἄνθρωπος
3414 1493 3446 1565 ἢ
3471 1492 3535 1546 τὸ
3562 1492 3685 1557 ζῶον

2114 1584 2428 1655 σωματικὸν
2462 1584 2522 1637 ού
2567 1582 2692 1637 καθ’
2721 1583 2853 1637 αὑτὸ
2899 1583 3011 1638 οὐδ’
3056 1583 3284 1648 ἀνωθεν,
3337 1583 3461 1637 οὐδὲ
3497 1582 3680 1653 φύσει·

2109 1676 2224 1731 ἀλλ’
2275 1676 2351 1739 ὡς
2393 1673 2779 1742 ἐξαγγελτικδν
2824 1676 2922 1730 καὶ¹
2974 1674 3275 1745 δηλωτικὸν
3322 1675 3685 1746 ὑποκειμένου

421 1758 626 1813 animal
647 1769 731 1815 est
760 1745 1086 1830 corporeum
1132 1777 1239 1822 non
1276 1779 1371 1833 per
1401 1780 1493 1833 se;
1529 1783 1629 1823 nec
1654 1783 1683 1823 a
1710 1784 1812 1824 suo
1853 1770 2004 1840 prin-s

2112 1769 2363 1840 σώματος
2393 1771 2487 1824 καὶ
2513 1772 2611 1840 τὴν
2647 1769 2787 1840 πρὸς
2808 1768 2941 1823 αὐτὸ
2961 1766 3468 1837 περιπτυσσόμενον
3490 1766 3681 1837 σχέσιν.

419 1851 584 1920 cipio,
617 1868 717 1908 nec
751 1860 970 1918 natura,
1019 1854 1113 1909 sed
1153 1863 1341 1925 utpote
1373 1860 1773 1915 enuntiativum
1809 1871 1863 1916 et
1906 1862 2003 1917 de-

422 1941 742 1995 clarativum
794 1942 1025 2011 subjecti
1066 1934 1338 2015 corporei,
1393 1956 1453 2002 et
1502 1949 1881 2007 habitudinem
1932 1953 2002 2008 ad

422 2031 555 2085 illud
583 2032 884 2107 explicans.
920 2032 1039 2090 Non
1076 2045 1161 2090 est
1210 2037 1376 2107 igitur
1419 2040 1658 2096 validum
1711 2059 2003 2113 argumen-

422 2132 560 2188 tum,
605 2125 754 2193 quod
790 2123 1070 2181 Socratem
1106 2141 1428 2199 corporeum
1464 2134 1645 2188 vocari
1696 2128 1883 2207 exigit.
1923 2137 2001 2193 Ex

422 2217 890 2285 propositionibus
921 2219 1063 2274 enim
1091 2220 1293 2277 diversi
1324 2225 1540 2294 generis
1562 2236 1617 2282 et
1640 2228 2002 2288 dissimilibus

419 2306 751 2377 contexitur,
786 2319 973 2380 utpote
1012 2312 1160 2383 quod
1206 2331 1307 2371 nec
1350 2317 1461 2373 dua‘
1508 2331 1718 2390 queunt
1755 2323 1999 2393 ejusdem

421 2401 730 2469 argumenti
768 2400 876 2457 dici
907 2411 1122 2474 partes;
1150 2406 1244 2461 sed
1278 2422 1384 2464 una
1434 2408 1662 2467 forsitan
1710 2414 1896 2481 unius,
1923 2416 2005 2469 al-

422 2499 537 2545 tera
568 2492 821 2561 alterius,
853 2512 975 2566 qua:
1009 2500 1213 2569 pariter
1235 2502 1312 2557 nil
1343 2503 1544 2559 habent
1588 2505 1728 2561 inter
1759 2522 1818 2563 se
1846 2524 2003 2565 cum-

420 2598 609 2658 mune.
659 2584 792 2643 Jnre
844 2589 1012 2660 igitur
1063 2607 1129 2647 ex
1171 2594 1440 2665 ejusmodi
1500 2599 1789 2670 peregrina
1848 2616 2001 2657 com-
2104 2616 2107 2619 '

420 2676 673 2746 plexione
704 2690 759 2736 et
788 2672 1113 2741 confusione
1142 2688 1277 2744 nihil
1307 2690 1564 2746 concludi
1594 2693 1818 2771 poterit.

488 2792 543 2848 Α.
577 2793 775 2850 Verum
799 2806 853 2852 et
880 2798 1010 2854 illud
1044 2794 1259 2857 mecum
1294 2805 1608 2873 considera,
1651 2808 1798 2877 quod
1824 2808 2004 2866 adhuc

419 2886 676 2945 subtilius
701 2899 784 2946 est
831 2906 996 2961 quam
1040 2896 1405 2965 propositum.
1469 2899 1529 2954 Si
1564 2900 1710 2955 enim
1753 2900 2002 2960 Socrates

417 2993 483 3034 eo
512 2981 655 3050 quod
694 2983 942 3052 proxime
970 2986 1300 3055 praedicatur
1348 2990 1663 3063 ct'proprie
1696 2990 2002 3065 subjectum

419 3072 690 3154 enuntiat,
724 3086 833 3128 non
865 3078 1182 3133 necessario
1207 3094 1331 3149 qua:
1356 3095 1456 3137 sua
1475 3093 1602 3140 Sunt
1630 3087 2006 3143 communicat

2109 1862 2319 1917 Οὐκοῦν
2365 1863 2467 1917 οὐκ
2522 1862 2636 1916 ἔστι
2668 1860 2963 1930 ’λόγος,νδς
2999 1860 3092 1914 τὸν
3130 1860 3434 1931 Σωκράτην
3473 1862 3685 1915 ἀπαιτεῖ

2111 1953 2421 2024 σωματικὸν
2444 1952 2762 2007 καλεῖσθαι·
2797 1953 2863 2005 ἐκ
2894 1955 3211 2023 προτάσεων
3229 1953 3337 2023 γάρ
3364 1938 3683 2025 ἐτερογενῶν

2111 2043 2207 2097 καὶ
2251 2043 2520 2114 ἀνομοίων
2547 2043 2922 2107 διαπλέκεται,
2957 2041 3033 2107 ὡς
3074 2042 3210 2113 μηδὲ
3241 2042 3336 2096 δύο
3364 2043 3691 2113 δυναμένων

2108 2135 2203 2189 τού
2234 2135 2397 2189 αὑτοῦ
2417 2134 2576 2204 λόγου
2598 2135 2741 2205 μέρη
2754 2133 3030 2203 λέγεσθαί,
3053 2134 3191 2188 άλλά
3207 2133 3308 2205 τὴν
3326 2133 3458 2197 ἴσως
3484 2134 3681 2204 ἐτέρου,

2111 2228 2341 2301 θατέρου
2366 2227 2426 2281 δὲ
2447 2227 2546 2299 τὴν
2573 2228 2794 2298 ἐτέραν,
2826 2228 2923 2281 καὶ
2953 2226 3156 2281 τούτων
3178 2227 3318 2298 πρὸς
3344 2226 3603 2296 ἀλλήλους
3626 2226 3683 2279 τδ

2110 2320 2472 2392 ἀκοινώνητον
2519 2319 3030 2385 συνδιασωζόντων⁹
3093 2319 3322 2382 είκότως
3370 2314 3468 2373 οὖν
3497 2319 3559 2372 ἐκ
3591 2317 3683 2386 τῆς

2110 2414 2367 2486 τοιαύτης
2396 2415 2698 2486 ἀλλοφύλου
2729 2414 2938 2487 πλοκῆς
2971 2414 3069 2470 καὶ
3096 2414 3419 2486 συγχύσεως
3442 2414 3592 2467 οὐδὲν
3620 2412 3680 2467 ἄν

2111 2509 2546 2582 συμπερανθείη.

2185 2795 2251 2850 δ’.
2289 2795 2455 2849 Ἀλλὰ
2496 2794 2607 2870 γὰρ
2641 2797 2865 2852 κάκεῖνό
2910 2792 2999 2869 μοι
3048 2795 3251 2867 συνόρα
3284 2794 3605 2868 δριμύτερον
3629 2792 3684 2848 δν

2110 2886 2204 2941 τοῦ
2230 2887 2593 2959 προκειμένου
2615 2906 2628 2921 °
2657 2890 2708 2943 εί
2734 2889 2855 2958 γὰρ
2878 2892 2912 2944 ὁ
2937 2886 3260 2959 Σωκράτης
3301 2888 3397 2941 καὶ
3428 2887 3490 2941 τδ
3527 2902 3685 2958 προσα

2111 2979 2251 3050 εχῶς
2273 2980 2750 3053 κατηγορούμενον
2775 2981 2870 3035 καὶ
2895 2981 3102 3053 κυρίως
3120 2979 3465 3049 ἀπαγγέλλον
3484 2979 3542 3032 τὸ
3564 2984 3685 3032 ὑπο-

2109 3071 2366 3142 κείμενον
2397 3074 2498 3125 ούκ
2527 3073 2595 3128 ἂν
2627 3072 2956 3144 ἀπαιτηθείη
2983 3073 3053 3126 τὰ
3077 3071 3243 3126 αὐτοῦ
3273 3070 3595 3143 μεταδοῦναι
3614 3070 3684 3143 τῷ

422 3163 498 3218 rei
531 3162 873 3235 significata,
905 3182 1030 3223 cum
1086 3178 1265 3226 tamen
1308 3182 1362 3227 et
1414 3175 1591 3245 major
1637 3176 1740 3233 hoe
1780 3179 1921 3245 loco,
1956 3180 2003 3237 si

2111 3163 2452 3236 δηλουμένην
2487 3165 2666 3219 καίτοι
2699 3165 2799 3220 καὶ
2826 3165 2929 3235 τῆς
2975 3164 3235 3247 μείζονος.
3263 3164 3519 3228 ἐνταῦθα,
3567 3164 3683 3217 συλ-

418 3256 542 3340 quis
572 3258 703 3313 velit
730 3260 1104 3331 syllogismum
1132 3249 1482 3336 componere,
1535 3271 1709 3340 possit
1733 3274 2005 3343 quodam-

418 3350 585 3406 modo
643 3352 711 3408 ad
752 3353 1115 3413 universalem
1170 3358 1398 3430 ﬁguram
1452 3363 1769 3432 procedere.
1824 3364 2008 3437 Neque

418 3444 563 3500 enim
595 3462 734 3513 rem,
766 3464 930 3518 quam
982 3466 1088 3507 vox
1136 3450 1385 3509 Socrates
1412 3456 1667 3511 enuntiat
1700 3495 1718 3522 ,
1748 3459 2005 3514 enuntia-

420 3540 584 3601 tivam
624 3541 708 3595 vel
755 3543 1174 3613 signiticativam
1203 3546 1434 3618 subjecti
1498 3548 1776 3620 quispiam
1846 3566 1998 3606 sanae

418 3631 621 3688 mentis
652 3632 875 3701 dixerit;
914 3634 961 3691 si
1020 3651 1150 3692 vero
1190 3636 1315 3704 hoc,
1382 3640 1658 3710 quomodo
1685 3656 1793 3697 non
1829 3641 2003 3698 multo

416 3724 593 3795 magis
630 3740 694 3780 ea
727 3740 849 3795 quae
876 3741 909 3783 e
946 3727 1201 3785 mediatis
1230 3728 1473 3787 Socratis
1512 3732 1823 3803 prazdicatis
1873 3749 2006 3789 con-

416 3824 721 3884 sequuntur
748 3815 929 3872 omnis
976 3818 1119 3874 ratio
1160 3819 1363 3897 vetabit
1399 3821 1565 3878 etiam
1599 3823 1666 3878 ad
1717 3822 2002 3879 Socratem

413 3920 512 3977 per
549 3921 607 3962 se
631 3907 773 3961 trahi
806 3907 969 3978 eique
997 3909 1271 3966 attribui?

485 4126 538 4183 5.
569 4127 772 4185 Divisio
834 4146 984 4198 vero,
1038 4147 1161 4203 quae
1193 4132 1558 4189 substantiam
1599 4134 1653 4188 in
1704 4148 1906 4205 corpus
1951 4143 2007 4190 et

417 4218 802 4289 incorporeum
835 4223 1088 4291 partitur,
1118 4232 1244 4294 apta
1266 4224 1662 4280 eritsolvendaa
1691 4225 2006 4304 quaestioni,

416 4310 461 4365 si
492 4310 618 4380 quis
670 4314 1025 4382 respondeat,
1077 4312 1401 4369 divisionem
1435 4315 1583 4370 illam
1638 4325 1888 4386 spectare
1937 4318 2006 4372 ad

408 4414 654 4460 extrema
722 4390 778 4462 et
856 4408 1047 4462 ultima
1119 4407 1493 4477 subjectorum
1549 4416 1605 4462 et
1679 4407 1785 4463 hoc
1847 4418 2008 4479 pacto

407 4499 735 4555 divisionem
764 4514 839 4569 ac,
854 4501 1152 4557 sectionem
1189 4500 1431 4570 operari.
1469 4498 1621 4555 Licet
1653 4500 1802 4556 enim
1828 4500 1993 4556 etiam

2106 3257 2418 3327 λογιστικὸν
2442 3257 2497 3311 εί
2521 3274 2606 3321 τις
2635 3256 2810 3311 ἐθέλει
2842 3257 3140 3336 συνθεῖναι,
3172 3255 3481 3328 δυναμένης
3506 3256 3685 3326 ἀμωσ-

2107 3350 2291 3421 γέπως
2320 3351 2401 3415 είς
2431 3342 2494 3403 τδ
2527 3349 2817 3404 καθολικὸν
2845 3348 3035 3421 σχῆμα
3060 3348 3367 3420 προελθεῖν.
3390 3350 3466 3403 Οὐ
3500 3349 3605 3421 γὰρ
3627 3348 3683 3401 τδ

2108 3444 2365 3516 πρᾶγμα,
2391 3443 2528 3514 ὅπερ
2571 3443 2606 3512 ἡ
2639 3440 2961 3511 Σωκράτου
2988 3440 3177 3513 ἐδήλου
3206 3442 3383 3512 φωνὴ,
3400 3442 3683 3511 ἀπαγγελ-

2107 3534 2257 3589 τικδν
2344 3534 2643 3606 δηλωτικὸν
2685 3534 2803 3605 ἐρεῖ
2829 3552 2914 3598 τις
2942 3533 3037 3588 τοῦ
3065 3535 3451 3606 ὑποκειμένου,
3490 3532 3681 3605 οὐμεν-

2106 3627 2204 3682 οῦν
2233 3629 2333 3681 ούκ
2355 3628 2495 3698 ἔχων
2524 3628 2605 3691 είς
2632 3622 2840 3698 βλάϐην
2866 3620 3210 3699 ἀπορρέοντα
3231 3629 3322 3681 τὸν
3343 3628 3615 3699 λογισμόνο
3636 3629 3681 3681 εί

2106 3718 2163 3774 δέ
2184 3718 2364 3785 τοῦτο,
2396 3718 2515 3783 πῶς
2539 3719 2661 3789 ούχὶ
2685 3718 2868 3790 πολλῷ
2913 3720 3114 3790 μᾶλλον
3143 3719 3251 3774 τῶν
3274 3719 3363 3774 διά
3396 3722 3561 3792 μέσου
3592 3712 3681 3772 τοῦ

2108 3811 2433 3883 Σωκράτους
2474 3810 2967 3881 κατηγορουμένων
2993 3810 3139 3873 ἄπας
3180 3810 3503 3882 ἐκστήσεται
3536 3811 3682 3877 λόγος

2107 3900 2440 3980 ’τά-ἑπόμενα
2463 3901 2538 3975 μὴ
2566 3902 2691 3980 καθξ
2718 3903 2853 3957 αὐτὸ
2878 3903 2973 3957 καὶ
2998 3902 3094 3956 ἐπὶ
3126 3901 3219 3956 τοῦ
3240 3904 3570 3975 Σωκράτους
3597 3903 3681 3957 ἐλ-

2108 3973 2225 4047 κὲιν
2254 3974 2441 4049 τεκαὶ
2474 3973 2884 4067 μεθαρμόζεινς
2952 4013 2959 4020 ·
3192 4019 3199 4025 -

2178 4130 2242 4185 ε’.
2279 4131 2345 4185 Ἠ
2372 4130 2429 4186 δέ
2448 4131 2734 4204 διαίρεσις,
2755 4135 2789 4204 ὴ
2819 4134 2919 4205 τὴν
2938 4134 3126 4191 οὐσίαν
3152 4137 3232 4200 είς
3263 4136 3420 4209 σῶμα
3451 4134 3683 4191 διαστέλ-

2108 4221 2277 4276 λουσα
2317 4223 2412 4276 καὶ
2450 4219 2764 4294 ἀσώματον,
2799 4223 2902 4278 ούκ
2942 4224 3009 4279 ἂν
3050 4225 3278 4296 ἐκσταίη
3306 4225 3536 4295 θεωρίας
3562 4228 3681 4280 ἐπι-

2109 4312 2375 4386 λυομένης
2420 4314 2483 4367 τὸ
2528 4313 2770 4386 ζήτημα,
2800 4317 2853 4369 εί
2874 4333 2959 4381 τις
2990 4316 3217 4388 ἀποδοίη
3257 4315 3436 4385 λόγον,
3466 4318 3594 4389 πρὸς
3615 4316 3681 4370 τά

2109 4405 2312 4476 ἔσχατα
2353 4406 2449 4460 καὶ
2497 4407 2780 4461 τελευταῖα
2833 4407 2943 4462 τῶν
2984 4408 3361 4479 ὑποκειμένων
3404 4407 3679 4480 ἀφορῶσαν

2111 4498 2255 4552 οὕτω
2279 4499 2378 4568 τὴν
2403 4499 2578 4571 τομὴν
2607 4499 2966 4571 ἐργάσασθαι.
2993 4500 3056 4553 El
3097 4500 3207 4571 γάρ
3239 4500 3335 4553 καὶ
3367 4499 3565 4555 ἄνωθεν
3594 4497 3678 4551 δο-

409 4592 575 4648 altius
616 4594 870 4665 progredi
927 4594 1186 4669 videatur
1211 4569 1434 4660 divisio,
1468 4590 1707 4657 attamen
1762 4609 1859 4665 per
1891 4610 1991 4651 cu-

2111 4593 2188 4643 κεῖ
2242 4592 2491 4663 προῑέναι
2533 4569 2602 4646 -τδ
2639 4569 2749 4663 τῆς
2801 4591 3145 4662 διαιρέσεως,
3177 4569 3306 4647 ἀλλ’
3332 4588 3430 4647 οὖν
3469 4592 3549 4646 διὰ
3575 4590 3672 4660 τῆς

414 4684 618 4737 riosam
670 4700 854 4740 rerum
891 4685 1218 4741 inferiorum
1261 4684 1741 4753 investigationem
1787 4686 1929 4741 ratio
1961 4701 1991 4741 a

2111 4681 2343 4737 κάτωθεν
2373 4684 2911 4754 πολυπραγμοσύνης
2939 4684 3037 4746 τάς
3065 4699 3127 4735 τε
3161 4685 3447 4753 αἰσθήσεις
3471 4680 3671 4737 ἐπικού-

409 4777 665 4831 sensihus
693 4780 761 4831 ad
788 4777 1149 4847 judicandum
1181 4777 1366 4848 adjuta
1399 4780 1569 4847 atque
1598 4778 1726 4834 inde
1750 4778 1819 4833 ab
1840 4779 1993 4834 omni

2111 4793 2225 4841 οους
2258 4777 2440 4847 φέρων
2469 4777 2568 4845 τῆς
2605 4777 2843 4848 κρίσεως
2880 4779 2909 4831 ὁ
2939 4776 3199 4848 λογισμὸς
3228 4777 3327 4832 καὶ
3368 4776 3429 4831 τδ
3455 4776 3570 4847 περὶ
3607 4774 3676 4826 τά

401 4876 596 4924 errore
622 4870 771 4936 circa
799 4870 1098 4942 singularia
1127 4885 1188 4927 se
1215 4872 1485 4938 eximens,
1516 4870 1708 4941 sicque
1758 4870 1827 4925 ad
1860 4886 1995 4926 con-

2111 4867 2418 4923 ιιαθέκαστα
2461 4867 2701 4931 ἀπλανὲς
2733 4867 2947 4923 ἐκεῖθεν
2982 4869 3479 4941 συναθροισάμενος
3505 4863 3669 4935 ἐαυτῷ

410 4960 813 5030 templationem
873 4962 1271 5034 generaliorem
1331 4961 1656 5029 ascendens,
1724 4971 1989 5033 tanquam

2111 4960 2195 5015 ιιαὶ
2224 4959 2400 5024 οὕτως
2441 4961 2537 5014 ἐπὶ
2581 4961 2682 5033 τὴν
2731 4959 3045 5032 κοινοτέραν
3092 4960 3329 5032 θεωρίαν
3362 4956 3673 5029 ἀναδραμὼν

407 5067 439 5107 a
470 5054 689 5123 specula
721 5054 957 5125 quadam
1013 5054 1320 5110 consultius
1370 5050 1678 5125 meliitsque
1726 5053 1991 5110 inferiora

2111 5055 2280 5126 ὒσπερ
2309 5053 2419 5107 ἀπό
2444 5070 2595 5119 τινος
2619 5054 2911 5126 περιωπῆς
2942 5053 3343 5126 ἐμπειρότερόν
3379 5071 3439 5108 τε
3470 5054 3555 5107 καὶ
3580 5067 3669 5103 eoo

407 5145 686 5215 perspicit,
720 5156 776 5200 et
818 5146 1107 5203 divisivam
1146 5144 1360 5215 profert
1414 5146 1753 5211 methodum,
1804 5159 1995 5200 recen-

407 5240 602 5294 tiorem
653 5247 832 5293 tamen
882 5246 939 5294 et
980 5238 1341 5308 posteriorem
1384 5237 1639 5307 praedicta
1696 5236 1815 5305 illa,
1852 5237 1996 5292 sicut

376 5348 546 5399 ’cam,
579 5348 745 5403 quam
770 5333 961 5387 volunt
984 5330 1310 5403 aualyticam
1346 5332 1649 5386 nominare.
1685 5330 1886 5387 Verum
1919 5329 1989 5385 ad

405 5426 508 5480 hoc
559 5434 615 5479 et
647 5425 769 5479 alia:
815 5424 1061 5479 rationes
1122 5422 1368 5478 adhiberi
1425 5428 1678 5492 possunt,
1726 5422 1997 5493 quoniam

402 5521 694 5589 plerosque
724 5519 789 5572 ad
802 5516 1073 5589 sublimia
1102 5531 1217 5571 rem
1256 5515 1419 5569 istam
1459 5524 1513 5569 et
1543 5515 1980 5583 philos0plticam

403 5627 695 5665 causarum
744 5610 1122 5664 tractationem
1185 5610 1561 5664 connietantes
1606 5615 1691 5662 est
1740 5621 1985 5663 cernere.

403 5704 571 5758 Multa
609 5705 777 5770 enim,
804 5717 925 5773 qua:
954 5702 1221 5757 rationem
1250 5702 1449 5757 habent
1490 5698 1840 5771 profundam,
1876 5713 1982 5752 non

2094 5144 2340 5217 φὼτερον
2380 5146 2448 5198 τὰ
2479 5145 2780 5215 κατωτέρω
2807 5162 2868 5199 τε
2894 5145 3048 5217 διορᾷ
3096 5146 3192 5200 καὶ
3213 5146 3313 5218 τὴν
3352 5142 3670 5217 διαιρετικην

2057 5288 2063 5293 .
2094 5239 2477 5311 προηνέγκατο
2520 5238 2767 5310 μέθοδον,
2818 5228 3291 5311 μεταγενεστέραν
3322 5240 3420 5312 μὲν
3446 5234 3668 5309 δηλονότι

2093 5331 2195 5401 τῆς
2219 5332 2627 5403 προειρημένης
2673 5331 2862 5396 οὖσαν,
2894 5329 3084 5404 ὥσπερ
3117 5332 3347 5402 ταύτην,
3386 5333 3452 5404 ἢν
3470 5328 3667 5383 ἐθέλου-

2100 5437 2185 5475 σιν
2216 5420 2549 5493 άναλυτικὴν
2576 5422 2888 5492 ὀνομάζει-ι.
2926 5422 3089 5476 Ἀλλά
3120 5422 3259 5496 πρὸς
3283 5423 3439 5477 τοῦτο
3471 5421 3559 5493 μὲν
3576 5417 3666 5470 καὶ

2100 5515 2308 5584 ἑτέροις
2339 5515 2406 5569 ἄν
2432 5532 2517 5580 τις
2547 5516 2814 5586 χρήσαιτο
2844 5514 3024 5584 λόγοις
3046 5533 3059 5546 ·
3092 5516 3229 5569 διότι
3270 5516 3364 5571 καὶ
3393 5515 3513 5575 τοὺς
3543 5507 3662 5563 πολ-

2096 5606 2220 5671 λοὺς
2253 5606 2388 5671 πρὸς
2419 5606 2518 5677 τὴν
2561 5606 2902 5679 ὑψηλοτέραν
2943 5607 3150 5676 ταύτην
3184 5608 3282 5663 καὶ
3323 5605 3661 5679 ἐμφιλόσοφον

2091 5698 2420 5767 αἰτιολογίαν
2454 5697 2969 5770 σκαρδαμύττοντας
2999 5698 3148 5756 ἐστιν
3176 5700 3329 5771 ὀρᾷν.
3366 5696 3530 5753 Πολλὰ
3556 5692 3657 5762 γὰρ
