3864 6208
221 257 329 323 485

1077 254 1177 314 AD
1215 251 1807 314 AMPHILOCHIUM
1843 250 2187 323 QU/ESTIO
2226 250 2515 313 LXXVII.

3372 253 3480 318 486

219 376 328 427 τῶν
342 346 584 445 ,ἐχόντων
613 370 775 441 λόγον
799 344 1163 442 βαθυνόμενον
1180 372 1439 442 (ἳῦ),ταῖς
1456 372 1568 427 τῶν
1582 370 1792 443 ἀνθρώ-

1904 369 2074 437 solent
2126 368 2303 438 prima
2352 369 2535 425 statim
2586 367 2783 425 fronte
2827 369 3110 426 hominum
3155 369 3384 428 auribus
3414 387 3480 429 ac

219 482 335 520 πων
357 464 669 536 προχείροις
692 465 885 526 ἀκοαῖς
904 466 998 533 καὶ
1026 466 1366 529 ἐπιπολαίοις
1395 466 1655 529 διανοίαις
1685 467 1785 521 οὐκ

220 558 388 611 εθέλει
439 552 896 629 συναρμόζεσθαι,
956 559 1281 627 πεφυκότων
1337 558 1427 612 διά
1480 557 1675 628 πείρας
1727 576 1789 613 τε

220 648 505 717 μεθοδικῆς
556 647 655 701 καὶ⁸
707 647 943 717 κρίσεως
994 646 1360 718 σχολαζούσης
1402 649 1791 714 είσοικίζεσθαι

219 735 545 812 μάλιστα,ἦς
571 741 818 808 ἀπούσης
844 740 945 810 τῆς
969 741 1296 808 ἀποδείξεως
1317 743 1346 795 ό
1373 724 1532 811 λόγος
1562 742 1791 812 ἀσθενὴς

216 829 352 885 εἶναι
383 833 551 900 δοκεῖ,
586 833 678 887 τὸν
699 833 823 887 νοῦν
843 832 953 887 τῶν
976 834 1262 904 ἀκροατῶν
1301 834 1438 906 πρὸς
1462 834 1655 889 ἐαυτὸν
1692 836 1784 904 ἐφ-

216 925 567 980 ελκύσασθαι.
1262 996 1265 999 _

282 1019 376 1085 ς’.
407 1017 545 1079 Τοὺς
578 1016 636 1071 δέ
668 1032 732 1086 γε
757 1016 1350 1087 διαπορουμένους,ὠς,
1376 1016 1431 1069 εἴ
1462 1035 1547 1081 τις
1574 1017 1688 1088 δοίη
1726 1017 1796 1072 τὰ

214 1109 319 1162 τῶν
364 1110 637 1179 σωμάτων
679 1110 815 1181 γένη
860 1113 955 1165 καὶ
997 1111 1111 1181 εἴδη
1167 1098 1416 1181 σώματα,
1469 1112 1592 1164 τότε
1633 1112 1793 1182 τριχῆ

214 1204 499 1256 διαστατόν
527 1204 712 1267 αὐτοῖς
741 1204 1083 1275 συμϐήσεται
1130 1206 1226 1260 καὶ
1272 1207 1307 1276 ἡ
1354 1208 1412 1259 ἐν
1450 1206 1601 1277 τόπῳ
1638 1223 1798 1275 περι-

213 1295 400 1366 γραφὴ
423 1296 517 1348 καὶ
549 1295 609 1349 τὸ
632 1298 749 1359 ταῖς
776 1286 1401 1367 αἰσθήσεσιν-κρίνεσθαι
1424 1299 1520 1352 καὶ
1543 1298 1605 1351 τὸ
1635 1298 1797 1368 σῶμά

215 1403 277 1455 γε
304 1388 393 1440 διὰ
422 1385 676 1457 σώματος
705 1390 1026 1458 χωρεῖν,κα“ι
1059 1388 1113 1441 εἴ
1146 1406 1197 1442 τι
1240 1388 1368 1443 ἀλλο
1402 1389 1644 1443 τοιοῦτον
1685 1392 1797 1453 τοῖς

216 1484 494 1552 περιττοῖς
525 1482 967 1553 πεφιλοτίμηται,
1011 1485 1113 1539 ούκ
1157 1483 1223 1537 ἂν
1252 1485 1557 1548 ἀπεικότως
1582 1485 1797 1555 θαυμά-

217 1591 394 1645 σαιμι,
447 1574 523 1637 ὡς
570 1576 620 1627 ot
663 1575 732 1629 τὰ
768 1576 996 1630 τοιαῦτα
1032 1576 1323 1646 ζητοῦντες
1353 1577 1448 1631 καὶ
1486 1576 1799 1647 νομίζοντες

216 1666 351 1736 πρὸς
380 1667 485 1736 τὴν
502 1667 683 1721 αὐτῶν
710 1669 845 1738 δρᾷν
872 1668 1109 1739 σπουδὴν
1138 1667 1206 1721 τὰ
1229 1669 1654 1739 ἐπιχειρήματα,
1680 1666 1798 1731 πῶς

1904 462 2178 519 mentibus
2228 461 2523 533 quadrare,
2567 478 2691 517 cum
2726 463 2812 517 isti
2865 464 3079 520 soleant
3105 464 3198 520 illa
3250 466 3477 534 potissi-

1899 567 2049 607 mum
2085 553 2304 624 assequi
2338 568 2434 623 per
2485 554 2855 611 methodicam
2894 556 3289 626 experientiam
3318 556 3478 627 quie-

1895 657 2115 715 tamque
2144 646 2585 716 iudicationem;
2637 661 2761 717 quae
2811 646 2903 701 ubi
2941 648 3103 713 desit,
3135 649 3478 705 demonstra-

1895 740 2061 794 tionis
2096 738 2238 793 ratio
2271 738 2488 793 infirma
2516 737 2731 794 videtur
2780 753 2904 796 esse
2958 738 3027 795 ad
3057 739 3379 796 trahendam
3409 754 3478 795 ae

1895 827 2273 901 pelliciendam
2291 814 2604 883 auditorum
2637 835 2899 885 mentem.

1966 1006 2022 1062 6.
2051 1005 2156 1074 Qui
2184 1022 2314 1063 vero
2344 1007 2622 1072 dubitant.
2656 1023 2725 1062 ne
2749 1006 2909 1074 forte,
2937 1007 2983 1064 si
3012 1008 3137 1079 quis
3166 1009 3260 1087 det
3285 1024 3480 1080 corpo-

1895 1113 2016 1153 rum
2042 1114 2237 1169 genera
2260 1109 2315 1155 et
2339 1099 2550 1171 species
2571 1110 2970 1170 esse‘corpora,
2999 1117 3086 1168 ne,
3114 1100 3360 1172 inquam,
3392 1117 3481 1157 se-

1896 1199 2115 1260 quatur,
2148 1191 2348 1246 trinam
2389 1192 2496 1247 illis
2520 1195 3047 1249 mensurabilitatem
3097 1194 3394 1249 convenire
3424 1203 3482 1250 et

1899 1282 1954 1335 in
1994 1282 2115 1336 loco
2151 1284 2534 1340 circumscribi
2558 1296 2613 1340 et
2643 1285 2898 1340 sensibus
2930 1285 3165 1353 iudicari
3200 1294 3255 1340 et
3278 1268 3480 1356 corpus

1898 1390 1995 1442 per
2039 1390 2242 1444 corpus
2299 1384 2586 1445 penetrare
2628 1385 2683 1431 et
2719 1378 2766 1431 si
2809 1376 2943 1447 quid
2992 1376 3141 1431 aliud
3203 1377 3476 1447 ejusmodi

1898 1467 2059 1523 otiosi
2120 1467 2466 1538 indagatores
2514 1468 2921 1538 excogitarunt,
2980 1470 3081 1525 hos
3135 1470 3333 1524 merito
3377 1486 3481 1540 ego

1899 1560 2159 1625 admiror,
2190 1560 2491 1638 quomodo,
2522 1576 2647 1616 cum
2676 1561 2804 1616 talia
2854 1571 3178 1631 argumenta
3224 1570 3482 1631 quaerunt

1900 1667 2075 1723 eaque
2109 1650 2177 1705 ad
2234 1667 2395 1706 suum
2428 1651 2673 1721 ipsorum
2731 1651 2973 1713 studium
3027 1660 3278 1720 spectare
3333 1651 3482 1706 arbi-

214 1728 310 1812 ούκ
332 1728 337 1729 ν
357 1728 573 1828 ἔφασαν
617 1758 723 1830 πρὸ
745 1728 878 1812 ’τῶν
909 1728 1083 1813 ἀλλων
1118 1728 1510 1824 ἀπάνταλοίὸξ
1534 1778 1548 1791 ·
1577 1778 1595 1810 ι
1638 1728 1700 1812 Εἰ
1729 1728 1796 1812 τά

1905 1752 2139 1806 trantur,
2176 1742 2456 1813 quomodo
2487 1758 2592 1797 non
2643 1728 2885 1797 dixerint
2924 1758 3034 1812 prae
3066 1742 3190 1798 aliis
3219 1744 3475 1799 eunetis:

210 1854 341 1922 γένη
390 1854 491 1905 καὶ
540 1852 610 1907 τὰ
653 1852 765 1923 εἴδη
796 1850 1039 1922 ’σώματα
1066 1852 1163 1906 καὶ
1194 1852 1393 1922 ἄτομα,
1438 1852 1657 1915 πάντως
1704 1851 1800 1906 καὶ

214 1945 532 1998 καθέκαστα
564 1944 715 1999 ἐσται
738 1961 754 2004 :
790 1963 807 1996 ι
841 1947 901 1998 0i
926 1945 1035 2016 γὰρ
1058 1946 1165 1998 τῶν
1190 1945 1409 2015 ἀτόμων
1432 1945 1701 2014 σωμάτων
1729 1944 1800 1997 τά

216 2038 483 2108 ἰδιώματα
510 2036 625 2110 (ὶδ)
665 2040 740 2110 μὴ
766 2040 1188 2110 ἐρυθριάσαντες
1220 2039 1313 2092 ἐπὶ
1338 2038 1410 2091 τά
1446 2040 1579 2110 γένη
1608 2040 1704 2093 καὶ
1729 2038 1799 2093 τὰ

213 2130 323 2200 εἴδη
363 2132 577 2183 τούτων
607 2129 982 2202 ἀναϐιϐάζειν,
1022 2130 1137 2193 πῶς
1168 2130 1560 2202 ηύλαϐήθησαν
1594 2131 1668 2201 μὴ
1703 2131 1799 2184 καὶ⁸

110 2262 113 2265 -
211 2223 299 2275 τδν
355 2222 701 2277 καθέκαστον
747 2222 843 2277 καὶ
889 2223 1091 2293 ἄτομον
1129 2224 1250 2294 ἦτοι
1298 2222 1389 2276 τὸν
1417 2224 1714 2294 Σωκράτην
1760 2223 1794 2295 ἢ

213 2316 477 2369 Πλάτωνα
520 2318 642 2369 κατ’
682 2314 864 2369 αὐτῶν
896 2317 1274 2395 ⁴συναγαγεῖνς
1314 2314 1499 2380 Ἀπαξ
1530 2313 1640 2385 γὰρ
1666 2316 1797 2367 ἀνα-

214 2409 549 2478 στρέψαντες
598 2408 698 2479 τὴν
733 2408 889 2473 τάξιν
922 2409 1028 2462 τῶν
1055 2406 1566 2479 κατηγορουμένων,
1601 2406 1695 2460 καὶ
1730 2405 1797 2460 τὰ

190 2500 193 2501 ⁷
215 2497 317 2550 tam
346 2498 460 2551 τῶν
484 2499 729 2569 ἐσχάτων
760 2498 1138 2568 ὑποκειμένων
1168 2497 1313 2550 κατά
1334 2496 1445 2549 τῶν
1468 2512 1798 2566 κατηγορου-

216 2590 388 2660 μένων
417 2591 619 2658 γενῶν·
642 2590 740 2644 atati.
773 2590 931 2643 εἰδῶν
976 2589 1310 2655 ἀξιώσαντες
1346 2587 1813 2660 κατηγορεῖσθαι,

144 2730 149 2735 .
210 2683 408 2736 δίκαιοι
437 2683 774 2753 τυγχάνουσι
802 2683 960 2750 λόγον
984 2683 1226 2755 ὑπέχειν,
1255 2684 1337 2736 ὅτι
1360 2683 1435 2754 μὴ
1463 2684 1558 2737 καὶ
1587 2681 1719 2736 αὐτὸ
1735 2680 1798 2735 τὸ

210 2772 557 2827 καθέκαστον
597 2775 692 2827 καὶ
720 2772 923 2842 ἀτομον
961 2773 1325 2843 ἐπεχείρησαν
1352 2771 1462 2824 τῶν
1488 2771 1665 2841 γενῷν
1703 2770 1798 2824 καὶ

211 2865 316 2918 τῶν
348 2864 512 2919 είδῶν
540 2866 869 2935 κατηγορεῖν
904 2864 999 2917 καὶ
1028 2867 1109 2917 ἔτι
1146 2864 1219 2935 μὴ
1247 2863 1335 2917 διὰ
1358 2849 1562 2932 ταύτης
1596 2863 1799 2934 μᾶλλον

211 2955 304 3023 τῆς
337 2953 576 3016 ἀτοπίας
595 2953 852 3023 ἐνόμισαν
876 2952 1183 3024 ἐξελέγχειν
1207 2953 1331 3017 τοὺς
1353 2954 1422 3007 τὰ
1444 2954 1579 3024 γένη
1605 2953 1704 3007 καὶ
1727 2953 1799 3005 τά

211 3046 323 3117 εἴδη
355 3044 593 3115 σώματα
623 3044 959 3115 τιθεμένους.
991 3044 1161 3099 Τοῦτο
1190 3046 1297 3116 γὰρ
1324 3044 1503 3109 αὐτῶν
1530 3048 1797 3115 σύμπασα

209 3138 315 3192 τῶν
346 3137 537 3207 σοφῶν
581 3138 1029 3209 ἐπιχειρημάτων
1070 3141 1104 3212 ἡ
1150 3140 1365 3213 ἐπίνοια
1411 3138 1801 3210 πραγματεύε-

210 3244 317 3281 ται.

276 3322 341 3386 ζ’.
382 3321 532 3375 Ἀλλ’
562 3320 744 3376 ἐάσθω
759 3321 933 3378 ταῦτα
956 3323 1209 3395 νεανικῆς
1237 3323 1571 3395 ἐντρεχείας,
1605 3322 1758 3394 οἶμαι
1782 3366 1798 3391 ,

209 3413 336 3469 ὂντα
394 3415 785 3485 σκιρτήματω
847 3416 1092 3468 νεανικὴν
1145 3416 1253 3487 γὰρ
1300 3416 1538 3471 διάττειν
1592 3433 1651 3470 τε
1704 3417 1801 3471 καὶ

213 3496 541 3570 σπουδάζειν
564 3505 888 3577 ἀνατρέπειν
913 3506 973 3559 τὺ
995 3506 1375 3587 προκείμενον,
1403 3504 1483 3572 οἷς
1508 3510 1605 3575 τὰς
1627 3508 1801 3574 λαϐὰς

210 3599 386 3652 ἐκεῖνο
434 3596 727 3667 διαφεῦγον
764 3597 1120 3670 βεϐαιοτέραν
1151 3596 1183 3670 ἦ
1219 3601 1481 3672 πρότερον
1508 3601 1609 3672 τὴν
1640 3601 1800 3667 δόξαν

211 3691 505 3761 ἐφέλκεται
546 3690 649 3760 τῆς
694 3691 1001 3763 ὑπάρξεως.
1030 3690 1104 3745 Τὸ
1133 3693 1242 3762 γὰρ
1279 3693 1410 3765 πρὶν
1456 3693 1535 3758 εἰς
1568 3692 1800 3762 βάσανον

211 3783 524 3851 ἀντιλογίας
563 3782 840 3836 καταστὰν
889 3782 1082 3853 ἄδηλον
1135 3782 1248 3852 ἐχει
1287 3782 1385 3854 τὴν
1439 3784 1614 3854 ἰσχὺν,
1646 3782 1799 3837 οὔπω

211 3870 785 3946 παρόντωνέλέγχων·
809 3872 916 3927 τῶν
937 3873 994 3927 δὲ
1019 3872 1391 3943 πειραθέντων
1403 3872 1645 3944 ἐλέγχειν
1668 3874 1801 3928 αὐτὸ

211 3966 604 4037 κραταιὸτερον
634 3964 937 4035 ἐπῶειχθέν
965 3965 1300 4037 προσέλαϐεν
1324 3958 1506 4042 ἧσπερ
1532 3961 1644 4036 εἶχε
1671 3965 1800 4035 πρό-

209 4073 363 4127 τερον
394 4057 557 4126 δόξης
587 4073 645 4109 τε
677 4057 775 4110 καὶ¹
800 4057 900 4127 τῆς
926 4058 983 4110 ἐν
1005 4056 1082 4127 τῷ
1110 4056 1396 4127 ἀληθεύειν
1426 4055 1607 4128 πολλῷ
1637 4056 1798 4111 πλέον

212 4150 553 4223 παρρησίας.

276 4250 347 4314 η’.
380 4245 512 4305 Τοῖς
540 4243 597 4297 δέ
624 4242 1009 4311 λέγουσιν,Ἐν
1036 4240 1271 4321 διανοίᾳ
1295 4240 1425 4311 μὲν,
1446 4242 1517 4297 τὰ
1537 4242 1669 4310 εἴδη
1699 4240 1798 4295 καὶ

210 4337 280 4389 τὰ
330 4337 479 4407 γένη
526 4338 953 4405 λαμϐανόμενα
997 4333 1117 4388 τῶν
1166 4336 1460 4404 σωμάτων
1511 4334 1799 4404 ἀσώματα

1906 1856 1926 1888 ι
1957 1836 2111 1903 Quod
2136 1837 2181 1891 si
2215 1851 2413 1906 genera
2446 1844 2500 1890 et
2519 1836 2731 1904 species
2764 1844 2894 1890 sunt
2918 1850 3179 1905 corpora,
3197 1836 3479 1891 individua

1900 1944 2116 2000 quoque
2139 1939 2193 1985 et
2226 1928 2524 2000 singularia
2556 1928 2783 1984 omnino
2813 1937 2993 1983 erunt.
3034 1946 3054 1980 ι
3091 1928 3195 1995 Qui
3223 1930 3373 1984 enim
3395 1931 3480 1984 in—

1900 2026 2252 2080 dividuorum
2278 2039 2579 2094 corporum
2608 2023 2970 2094 preprietates
2998 2038 3107 2077 non
3139 2022 3480 2078 erubuerunt

1899 2117 1966 2171 ad
2020 2131 2222 2185 genera
2262 2126 2319 2171 et
2370 2117 2584 2186 species
2645 2116 2867 2170 hornm-
2897 2115 3140 2181 elevare,
3197 2114 3481 2187 quomodo

1898 2209 2058 2265 veriti
2116 2217 2266 2279 sunt,
2329 2210 2498 2280 etiam
2543 2209 2823 2279 singulare
2883 2215 3049 2278 atque
3107 2206 3479 2271 individuum,

1899 2299 2109 2354 Scilicet
2146 2299 2426 2356 Socratem
2474 2308 2571 2355 aut
2598 2298 2903 2365 Platonem,
2935 2299 3005 2354 ad
3036 2300 3152 2354 haec
3192 2296 3483 2368 redigere?

1899 2391 2077 2447 Semel
2099 2395 2245 2447 enim
2277 2393 2667 2460 cumfordinem
2695 2392 3119 2463 praedicatorum
3154 2389 3483 2468 invenerint

1898 2492 1953 2539 et
1988 2499 2113 2555 qua:
2146 2491 2278 2541 sunt
2311 2495 2687 2540 extremorum
2719 2483 3091 2554 subiectorum
3144 2481 3378 2552 propriae
3408 2480 3477 2535 de

1899 2572 2209 2644 praedicatis
2232 2574 2524 2643 generibus
2560 2570 2956 2644 speciebusth
2978 2557 3263 2643 praedicari
3294 2570 3480 2626 volue-

1900 2665 2034 2732 rint,
2063 2675 2318 2722 tenentur
2355 2667 2601 2722 rationes
2634 2666 2881 2731 reddere,
2915 2681 3016 2721 cur
3059 2681 3169 2721 non
3215 2673 3270 2720 et
3299 2650 3480 2735 ipsum

1898 2757 2179 2828 singulare
2210 2766 2265 2812 et
2299 2757 2643 2821 individuum
2673 2757 2745 2811 de
2769 2757 3060 2829 generibus
3103 2766 3158 2812 et
3191 2756 3481 2826 speciebus

1900 2850 2335 2920 praedicaverunt,
2358 2859 2414 2905 et
2440 2865 2542 2905 cur
2570 2865 2678 2905 non
2709 2866 2812 2920 per.
2830 2850 2973 2905 hanc
3017 2849 3200 2920 potius
3227 2848 3484 2905 absurdi—

1866 3002 1870 3007 ,
1899 2951 2067 2999 talem
2089 2942 2418 2999 refellendos
2430 2958 2529 3013 eos
2553 2942 2832 3008 duxerint,
2859 2943 2952 3014 qui
2970 2958 3171 3015 genera
3191 2951 3247 2998 et
3268 2941 3483 3010 species

1901 3034 2589 3104 corpora‘essestatuunt.
2633 3033 2748 3090 Hoc
2777 3034 2928 3089 enim
2959 3035 3218 3090 omnibus
3246 3034 3365 3090 suis
3391 3034 3478 3089 in-

1902 3126 2145 3200 geniosis
2164 3126 2505 3196 argumentis
2533 3135 2705 3198 agunt
2726 3135 2782 3182 et
2809 3126 3024 3183 efﬁcere
3052 3127 3301 3183 student.
3366 3146 3369 3151 ·

1972 3323 2028 3376 7.
2065 3320 2262 3391 Verum
2297 3322 2622 3378 omittantur
2646 3324 2773 3379 haec
2795 3332 2986 3394 utpote
3007 3322 3271 3394 juvenilis
3314 3322 3484 3385 indu-

1902 3409 2051 3466 stria:
2095 3410 2369 3481 tripudia;
2407 3411 2655 3482 juvenile
2683 3413 2830 3468 enim
2860 3423 2965 3480 est,
2998 3414 3165 3470 nimis
3189 3414 3353 3469 anxie
3385 3428 3457 3470 eo

1902 3502 2044 3569 nari,
2076 3503 2217 3572 quod
2251 3504 2597 3574 proponitur,
2652 3505 2996 3576 argumentis
3043 3516 3312 3574 evertere,
3342 3521 3488 3578 quo—

1900 3604 2025 3647 rum
2053 3608 2221 3651 ansas
2268 3595 2401 3649 illud
2431 3594 2701 3667 eﬂ‘ugiens
2747 3597 3037 3653 certiorem
3106 3612 3271 3667 quam
3333 3599 3487 3669 prius

1900 3684 2240 3741 exsistentiaa
2256 3701 2371 3740 sua:
2401 3685 2561 3741 lldcm
2586 3688 2842 3743 adstruit.
2873 3689 3029 3755 Quod
3052 3689 3199 3745 en’m
3217 3691 3489 3747 examinis

1850 3802 1858 3810 ι
1901 3777 2398 3832 contradictionem
2450 3780 2618 3843 subit,
2652 3780 2922 3836 incertam
2984 3781 3149 3837 habet
3182 3782 3316 3846 vim,
3356 3798 3487 3838 cum

1902 3868 2145 3924 nondum
2190 3870 2374 3925 adsint
2416 3882 2797 3938 argumentaz.
2826 3873 2919 3928 uhi
2964 3888 3097 3929 vero
3135 3874 3488 3929 adversarios

1901 3960 2034 4014 illud
2068 3958 2319 4015 refellere
2360 3969 2585 4017 conatos
2639 3964 2937 4031 superavit,
2998 3963 3172 4018 multo
3215 3964 3481 4033 majorem

1899 4064 2065 4119 quam
2096 4051 2247 4119 prius
2274 4051 2520 4117 haberet,
2570 4052 2891 4123 acquisivit
2920 4042 3151 4126 gloriam
3196 4055 3488 4126 magisque

1899 4152 2146 4211 apertam
2181 4143 2424 4199 veritatis
2447 4144 2931 4221 existimationem.

1970 4236 2023 4291 8.
2060 4234 2138 4290 Ex
2173 4235 2241 4290 iis
2258 4251 2389 4291 vero
2416 4236 2509 4307 qui
2540 4237 2753 4303 dicunt,
2774 4232 2828 4293 ii:
2847 4248 3015 4293 mente
3041 4239 3254 4309 quidem
3285 4239 3483 4309 species

1898 4336 1948 4380 et
1975 4344 2165 4398 genera
2213 4344 2494 4396 corporum
2534 4338 2754 4397 accepta
2792 4330 3105 4398 incorporea
3138 4339 3376 4400 oportere
3429 4338 3481 4384 et

210 4430 301 4484 δεῖ
331 4430 460 4503 (25)
496 4430 597 4483 καὶ
632 4429 891 4500 νομίζειν
926 4428 1023 4482 καὶ
1061 4427 1390 4497 ὀνομάζειν,
1435 4427 1681 4483 ἐπειδὰν
1726 4426 1794 4481 δὲ

1904 4420 2099 4473 censeri
2125 4429 2173 4472 et
2208 4418 2479 4473 nominari
2504 4435 2523 4483 ;
2540 4428 2819 4490 postquam
2850 4435 2969 4473 vero
3001 4419 3253 4488 subjectis
3282 4420 3482 4489 fuerint

103 4522 107 4526 ’
212 4523 330 4588 τοῖς
359 4511 784 4591 ὑποκειμένοις
829 4519 1202 4590 περιαςρθείη,
1233 4520 1478 4589 σώματα
1512 4519 1794 4590 προσῆκε

212 4615 339 4668 τότε
369 4614 470 4668 καὶ
503 4614 714 4667 καλεῖν
736 4615 835 4668 καὶ
859 4614 1217 4682 λογίζεσθαι,
1242 4614 1413 4685 ἡδέως
1443 4613 1510 4667 ἂν
1541 4614 1794 4685 ἐροίμην,

214 4707 439 4776 πότερον
491 4706 551 4758 ἐν
583 4705 663 4777 τῷ
690 4704 1015 4759 διανοεῖσθαι
1058 4704 1323 4774 ἀσώματα
1368 4705 1624 4768 λαϐόντες
1654 4707 1794 4767 αύτά

213 4795 577 4869 διενοήσαντο,
603 4796 638 4867 ἢ
663 4798 721 4849 ἐν
752 4795 899 4867 αὐτῷ
925 4796 1005 4867 τῷ
1026 4796 1353 4849 διανοεῖσθαι
1377 4796 1580 4867 ταύτην
1612 4797 1795 4861 αὐτοῖς

215 4889 538 4964 ἐχαρίσαντο
568 4890 667 4959 τὴν
697 4888 880 4957 φύσιν.
914 4889 977 4941 Εἰ
1011 4888 1111 4958 μὲν
1143 4889 1251 4957 γὰρ
1292 4886 1559 4956 ἀσώματα
1598 4886 1792 4940 λαϐόνο

214 4997 299 5043 τες
347 4980 505 5033 οὐδὲν
553 4979 927 5048 διανοηθέντες
983 4979 1247 5049 ἣμειψαν,
1290 4978 1350 5032 τὸ
1410 4970 1511 5049 τῆς
1555 4978 1793 5049 ἀπορίας

216 5071 372 5126 πάλιν
399 5073 646 5143 διαμένει
668 5072 822 5125 οὐδὲν
843 5066 1025 5143 ἦττον,
1060 5071 1199 5125 ἀλλά
1224 5087 1285 5139 γε
1311 5070 1376 5143 δὴ
1402 5071 1499 5133 καὶ
1530 5070 1793 5143 θρασύτε-

219 5182 307 5234 ρον
326 5182 339 5194 °
368 5166 417 5219 εί
445 5165 501 5218 δέ
536 5164 761 5234 σώματα
783 5165 1038 5228 λαϐόντες
1064 5162 1201 5235 πρὸς
1232 5164 1294 5216 τὸ
1333 5162 1625 5235 ἀσώματον
1662 5180 1794 5233 μετ-

216 5254 488 5318 ετάξαντο,
527 5253 688 5324 βαϐαὶ
725 5255 824 5325 μὲν
852 5254 1032 5308 αὐτῶν
1059 5256 1156 5325 τῆς
1179 5253 1498 5324 θαυμαστῆς
1526 5251 1669 5333 οὕτω
1702 5252 1797 5305 καὶ
1844 5320 1852 5328 ⁸

218 5347 433 5420 ταχείας
477 5346 876 5417 δημιουργίαςῐ
906 5344 988 5397 Τά
1027 5345 1127 5415 μὲν
1163 5345 1272 5417 γὰρ
1306 5343 1617 5414 ἐννοήματα
1662 5340 1799 5396 καθὸ

1904 4520 2110 4579 aptata,
2141 4526 2367 4579 corpora
2412 4519 2535 4564 tunc
2566 4519 2616 4565 et
2647 4512 2885 4565 vocanda
2924 4519 2975 4565 et
3021 4510 3285 4565 censenda
3318 4526 3433 4565 esse
3458 4528 3479 4575 ;

1900 4620 1966 4659 ex
2007 4604 2115 4669 his,
2146 4604 2395 4674 inquam,
2421 4604 2656 4659 libenter
2698 4604 3035 4673 quaesierim,
3093 4612 3277 4659 utrum
3310 4602 3367 4658 in
3388 4617 3483 4658 co-

1900 4693 2123 4766 gitando
2171 4694 2491 4763 incorporea
2545 4687 2691 4748 nacti
2741 4693 2869 4747 talia
2911 4701 3093 4748 mente
3128 4707 3229 4747 sua
3283 4706 3485 4748 conce-
3578 4732 3581 4733 ν

1900 4786 2096 4855 perint,
2120 4800 2190 4839 an
2213 4786 2267 4839 in
2304 4784 2425 4855 ipso
2468 4782 2763 4859 c0gitando
2804 4782 2947 4836 hanc
2974 4782 3056 4837 eis
3096 4790 3349 4836 naturam
3373 4781 3501 4835 im-'

1900 4877 2207 4947 pertierint.
2241 4874 2383 4932 Nam
2410 4876 2457 4932 si
2491 4877 2825 4947 incorporea
2856 4875 3003 4930 nacti
3056 4874 3133 4929 nil
3181 4871 3482 4944 cogitando

1902 4971 2284 5038 immutarunt,
2318 4969 2613 5025 difﬁcultas
2630 4985 2826 5025 rursus
2856 4976 3144 5039 permanet
3171 4967 3343 5022 nihilo
3377 4965 3485 5020 mi.

1884 5081 2023 5145 .nor,
2054 5066 2165 5121 imo
2190 5064 2516 5121 tat—validior
2543 5081 2557 5128 ;
2592 5062 2637 5117 si
2671 5061 2855 5118 autem
2882 5075 3115 5132 corpora
3139 5058 3289 5115 nacti
3318 5058 3373 5113 in
3400 5057 3485 5112 in-

1903 5172 2164 5226 corporea
2192 5165 2656 5223 transverternnt,
2720 5157 2855 5226 proh
2910 5154 3107 5209 miram
3153 5150 3397 5222 ipsorum
3424 5160 3481 5204 et

1904 5248 2135 5304 celerem
2165 5248 2390 5302 creandi
2424 5248 2714 5303 virtutem!
2751 5245 3138 5317 .Cogitationes
3167 5242 3313 5300 enim
3347 5256 3483 5311 qus-

1906 5347 2066 5394 tenus
2115 5338 2473 5409 cogitationes
2501 5339 2730 5393 omnino
2774 5337 3111 5407 incorporea;
3140 5339 3307 5397 sunt;
3359 5330 3482 5398 quis
3543 5385 3547 5389 .

1744 5515 1978 5573 NOTIE.

424 5636 513 5691 Sic
538 5636 658 5692 Val.
692 5635 853 5709 Catii.
878 5634 1262 5709 βαθυνότερον.

286 5708 397 5778 (28)
431 5709 637 5765 l'hilnd.
668 5704 957 5761 ἰδιαίτατα.
984 5704 1168 5777 (Catii.
1197 5705 1369 5778 nota).

1973 5634 2084 5705 (25)
2118 5634 2281 5690 Catii.
2307 5633 2509 5705 Apogr.
2542 5631 2629 5704 δή.
