3864 6208
373 275 477 343 191

1500 270 1795 337 .PHOTII
1832 244 2335 330 PATRIARCH/E
2367 265 2478 326 cp.

3530 261 3627 327 £92

375 388 597 462 quando
625 385 789 444 Pater
832 384 1012 443 Verbo
1041 385 1357 456 adiungitur
1387 392 1440 439 et
1473 383 1614 440 Deus
1660 390 1935 452 assumpta

2061 377 2161 449 μὲν
2206 378 2427 445 κυρίως
2485 373 2580 428 τοῦ
2632 372 2844 445 Πατρδς
2893 371 2970 443 τῷ
3005 372 3163 444 Λόγῳ
3203 375 3623 443 συνταττομένου

375 475 729 542 humanitati,
760 490 865 530 vox
897 489 1031 529 vero
1058 490 1160 529 non
1191 475 1401 543 proprie
1435 473 1699 536 vicissim,
1730 471 1950 542 quando

369 567 515 623 Deus
539 566 788 622 redditur
810 565 991 621 Verbo
1014 575 1067 621 et
1098 560 1256 621 Pater
1278 577 1583 637 assumptze
1598 564 1947 633 humanitati.

369 657 519 714 Talis
570 664 656 712 est
712 658 876 728 igitur
933 657 1224 722 sententia,
1278 672 1418 725 quae,
1480 667 1538 711 ttt
1589 656 1764 722 vides,
1810 654 1949 710 nihil

370 746 538 801 habet
573 746 893 802 obscurum.
930 746 1130 801 Plexus
1160 755 1341 802 autem
1371 746 1637 802 orationis
1669 746 1947 817 quomodo

369 840 699 907 resolvetur,
754 840 859 895 nisi
899 840 1220 910 accipiendo
1262 841 1427 895 verba
1464 840 1553 895 illa
1584 839 1725 894 ὥστε
1750 841 1811 894 τὸ
1848 840 1946 911 μὲν

368 932 579 1000 κυρίως
606 932 693 983 ἐπ’
723 932 949 1001 ἀμφοῖν,
978 946 1170 1002 nempe
1199 941 1256 985 ut
1290 931 1521 987 alterum
1551 932 1772 1002 quidem
1818 946 1946 1002 pro-

366 1023 488 1093 prie
517 1023 586 1078 de
637 1034 870 1094 utroque
911 1024 1148 1086 dicatur.
1188 1038 1294 1078 non
1328 1024 1584 1087 seorsim,
1628 1039 1727 1079 nec
1756 1038 1943 1079 vocem

366 1112 529 1175 Deus,
564 1128 663 1169 nec
698 1129 885 1170 vocem
920 1112 1086 1169 Pater
1104 1115 1171 1168 de
1198 1129 1309 1169 uno
1335 1114 1518 1184 aliquo
1547 1114 1941 1185 subiectorum,

367 1220 548 1274 neque
579 1206 644 1260 de
673 1204 974 1273 ambobus;
1025 1207 1117 1261 sed
1171 1205 1459 1261 referendo
1493 1206 1687 1260 borum
1727 1202 1943 1260 utrum-

370 1292 504 1351 libet
549 1298 616 1352 ad
660 1297 977 1353 utrumlibet
1026 1298 1421 1366 subiectorum,
1474 1298 1690 1357 Patrem
1720 1298 1940 1367 quidem

366 1388 655 1445 reddentes
685 1388 881 1453 Verbo,
911 1388 1078 1443 Deum
1107 1404 1238 1444 vero
1258 1398 1554 1459 assumptae
1574 1389 1937 1453 humanitati;

364 1476 439 1532 ita
471 1478 674 1547 pariter
704 1477 928 1532 verbum
963 1478 1094 1533 illud
1145 1494 1250 1533 non
1290 1481 1499 1548 proprie
1542 1496 1650 1536 non
1684 1480 1941 1534 determi-

364 1579 493 1624 nate
524 1564 694 1623 mium
727 1568 947 1639 aliquod
975 1571 1394 1640 praedicatorum
1436 1571 1706 1626 sumendo
1735 1571 1803 1626 de
1830 1586 1942 1625 uno

361 1660 549 1731 aliquo
583 1660 983 1731 subiectorum,
1016 1677 1114 1716 nec
1140 1662 1207 1716 de
1246 1661 1535 1725 ambobus,
1568 1663 1661 1717 sed
1709 1672 1941 1733 utraque

2052 470 2145 523 καὶ
2186 469 2278 521 τοῦ
2335 467 2481 534 Θεὸς
2533 465 2614 537 τῷ
2668 464 3081 536 προσλήμματι⁴
3136 464 3207 529 τὸ,
3241 464 3299 518 δέ
3321 467 3392 519 οὐ
3418 468 3625 533 κυρίως

2051 561 2308 632 ἔμπαλιν,
2343 559 2438 613 τοῦ
2492 558 2589 629 μὲν
2624 560 2769 623 Θεὸς
2810 557 3299 625 ἀνταποδιδομένου
3351 555 3429 626 τῷ
3452 557 3622 627 Λόγῳ,

2048 646 2142 708 τοῦ
2191 653 2249 707 δὲ
2302 651 2507 721 Πατὴρ
2548 651 2627 723 τῷ
2674 651 3089 722 προσλήμματι.
3136 649 3373 716 Τοιαύτη
3408 650 3507 719 μὲν
3540 645 3625 703 οὖν

2048 747 2241 812 καὶ,ὼς
2271 744 2585 815 ὀρᾷς,ούδέν
2612 741 2823 811 ἀσαφὲς
2852 740 3153 811 παρέχεται
3177 741 3211 810 ἡ
3233 739 3441 793 διάνοια
3464 756 3478 769 ·
3512 741 3543 809 ἠ
3571 739 3624 791 δέ

2046 837 2225 908 πλοκὴ
2255 835 2350 889 τοῦ
2379 835 2539 904 λόγου
2575 833 2694 899 πῶς
2734 832 2800 886 ἂν
2831 832 3139 904 ἐπιλυθείη,
3175 833 3209 902 ἢ
3242 831 3625 901 λαμϐανόντων

2046 929 2208 1000 ἡμῶν
2239 926 2329 981 διὰ
2363 925 2457 979 τοῦ
2489 925 2645 978 ὥστε
2678 924 2748 978 τὸ
2770 924 2889 993 μὲν
2916 924 3139 992 κυρίως
3158 922 3252 977 ἐπ’
3281 921 3507 991 ἀμφοῖν
3533 922 3627 974 οὐκ

2044 1017 2148 1073 ἀνὰ
2181 1016 2366 1087 μέρος,
2395 1013 2518 1069 οὔτε
2544 1015 2603 1069 τὸ
2630 1012 2922 1079 Θεὸς-οὕτε
2946 1015 3007 1066 τὸ
3028 1012 3228 1083 Πατὴρ
3259 1013 3378 1067 καθ’
3407 1012 3529 1091 ἐνός
3547 1028 3625 1064 τι-

2046 1126 2135 1172 νος
2164 1107 2274 1161 τῶν
2304 1106 2707 1177 ὑποκειμένων,
2736 1104 2856 1158 οὑδέ
2896 1105 3015 1157 κατ’
3044 1105 3243 1174 ἄμφω·
3286 1103 3400 1157 ἀλλ’
3434 1103 3623 1155 ἐκατέ-

2047 1221 2141 1274 ρου
2186 1196 2395 1257 τούτων
2451 1201 2589 1273 πρὸς
2633 1199 2895 1269 ἑκάτερον
2936 1200 3044 1254 τῶν
3089 1200 3495 1268 ὑποκειμένων,
3533 1197 3624 1251 τοῦ

2048 1296 2146 1366 μὲν
2179 1294 2394 1364 [ἰατρὸς
2422 1291 2499 1362 τῷ
2524 1291 2703 1360 Λόγῳ,
2724 1289 2823 1343 τοῦ
2859 1290 2918 1343 δὲ
2958 1290 3090 1353 Θεὸς
3114 1290 3506 1359 ἀποδιδομένου
3551 1288 3625 1360 τῷ

2044 1385 2475 1458 προσλήμματιο
2530 1383 2792 1447 ὡσαύτως
2833 1381 2890 1434 δὲ
2931 1381 3026 1435 καὶ
3066 1382 3131 1434 τὸ
3172 1383 3244 1435 οὐ
3281 1382 3505 1449 κυρίως
3530 1382 3623 1434 οὑκ

2044 1470 2435 1548 ἁφορισμὲνως“
2474 1477 2593 1538 ἐνός
2622 1491 2766 1538 τινος
2797 1473 2908 1527 τῶν
2942 1473 3436 1545 κατηγορουμένων
3492 1472 3624 1543 λαμ-

2042 1570 2343 1639 ϐανομένου
2387 1568 2507 1622 καθ’
2552 1568 2669 1629 ἐνός
2716 1583 2864 1630 τινος
2909 1564 3018 1619 τῶν
3057 1567 3463 1636 ὑποκειμένων,
3512 1566 3624 1619 οὑδέ

2044 1662 2165 1715 κατ’
2194 1656 2382 1729 ἄμφω,
2411 1658 2527 1711 ἀλλ’
2556 1657 2728 1728 ἄμφω
2753 1656 2853 1727 μὲν
2889 1656 3025 1726 πρὸς
3057 1656 3321 1727 ἐκάτερον
3352 1657 3465 1709 τῶν
3500 1656 3625 1708 ὑπο-

364 1752 429 1805 ad
475 1753 797 1807 utrumlibet
844 1753 1245 1822 subjectorum,
1297 1770 1392 1824 per
1434 1754 1817 1809 alternationis
1858 1765 1935 1808 ta-

2041 1754 2333 1823 κειμένων,
2370 1752 2511 1805 κατὰ
2552 1750 2610 1804 δὲ
2653 1752 2744 1804 τὸν
2776 1750 2931 1818 λόγον
2983 1749 3084 1820 τῆς
3113 1748 3437 1818 ἐναλλαγῆς,
3488 1748 3521 1819 ἢ
3554 1748 3625 1808 ὡς

361 1858 488 1897 men
554 1846 866 1909 rationem,
929 1844 1014 1900 vel
1077 1845 1221 1901 sicut
1267 1845 1335 1901 de
1389 1860 1523 1901 voce
1579 1846 1673 1901 illa
1725 1847 1938 1916 proprie

366 1932 670 1988 dicebatur.
700 1932 933 1999 Quando
965 1936 1107 1989 enim
1140 1934 1286 1990 Deus
1306 1950 1428 1991 esse
1448 1935 1609 1992 Verbi
1640 1937 1933 2006 reperitur,

362 2033 416 2077 et
465 2021 630 2077 Pater
677 2032 975 2093 assumptae
1025 2025 1405 2102 humanitatis,
1452 2025 1784 2097 signiﬁcatio
1830 2043 1935 2082 non

363 2113 582 2183 propria
614 2114 925 2184 subjicitur.
960 2115 1200 2185 Apparet
1243 2126 1427 2172 autem
1460 2132 1622 2173 voces
1658 2118 1790 2173 istas
1814 2135 1931 2188 pro-

361 2204 475 2270 prie
517 2211 571 2258 et
610 2219 715 2257 non
754 2205 966 2275 proprie
991 2215 1180 2261 contra
1221 2222 1384 2278 quam
1429 2207 1482 2262 in
1533 2208 1698 2264 rebus
1731 2210 1937 2265 nostris

362 2295 691 2351 adhibentur
745 2312 806 2352 se
872 2297 1095 2353 habere.
1154 2296 1290 2353 Nam
1346 2299 1400 2354 in
1456 2299 1715 2354 ineffabili
1768 2298 1967 2373 Verbi,

362 2385 653 2455 carnisque
691 2387 897 2442 unione
946 2387 1112 2443 Pater
1146 2389 1368 2460 quidem
1413 2390 1481 2445 de
1518 2389 1699 2445 Verbo
1729 2392 1938 2461 proprie

361 2478 585 2544 dicitur,
636 2477 775 2532 Deus
808 2493 938 2533 vero
987 2496 1093 2533 non
1135 2480 1384 2549 proprie;
1427 2481 1481 2535 in
1532 2484 1715 2536 uestra
1752 2492 1933 2537 autem

361 2580 556 2624 natura
581 2585 645 2623 ex
683 2558 916 2625 adverso
947 2570 1088 2627 Deus
1126 2571 1343 2641 quidem
1372 2574 1582 2642 proprie
1614 2572 1932 2641 adimatur,

360 2657 520 2714 Pater
548 2670 731 2715 autem
771 2678 874 2714 non
906 2664 1139 2731 proprie.
1180 2664 1361 2733 Atque
1393 2664 1444 2718 id
1476 2673 1578 2726 est,
1612 2666 1757 2734 quod
1784 2681 1933 2735 quae-

360 2750 555 2816 sieras,
586 2751 671 2807 vis
699 2767 895 2822 nempe
925 2755 1074 2808 vocis
1104 2750 1254 2809 illius
1282 2754 1315 2825 ἢ
1356 2770 1463 2809 non
1506 2754 1931 2827 disjunctionem

359 2843 675 2913 signiﬁcans
727 2860 826 2917 nec
880 2845 1026 2900 aliud
1077 2846 1376 2917 quidquam
1433 2863 1499 2903 ex
1556 2849 1643 2916 iis,
1708 2849 1763 2903 in
1810 2866 1932 2920 quae

358 2920 529 2986 dividi
584 2934 908 3000 consuevit,
972 2934 1065 2990 sed
1125 2935 1520 2991 deelarativum
1595 2939 1930 3009 amplectens

357 3022 729 3078 characterem
760 3039 1072 3093 munusque
1106 3025 1333 3095 explens
1364 3026 1513 3081 vocis
1543 3026 1687 3097 παρό
1713 3027 1927 3097 (contra

276 3142 281 3147 ~
358 3128 567 3182 quam,
629 3124 821 3171 contra
884 3115 938 3169 id
996 3115 1187 3187 quod).
1240 3116 1453 3173 Poterit
1517 3127 1699 3174 autem
1758 3120 1935 3173 oratio

359 3205 565 3261 clarius
582 3205 889 3272 eﬂ'ormari,
919 3207 967 3261 si
991 3207 1115 3276 quis
1142 3209 1306 3263 verba
1336 3219 1715 3277 trapssumens
1743 3210 1890 3266 dicat
1915 3227 1930 3266 :

361 3296 545 3361 Quare
579 3312 687 3351 vox
712 3298 935 3368 quidem
964 3301 1174 3367 proprie
1209 3300 1277 3365 ab
1308 3300 1570 3357 alterutra
1594 3303 1934 3372 coniugatio-

363 3386 503 3440 num'
547 3397 787 3457 sumpta,
850 3403 957 3442 vox
1008 3404 1139 3445 vero
1191 3407 1293 3444 non
1337 3393 1547 3461 proprie
1615 3392 1684 3448 ab
1738 3394 1931 3460 altera,

360 3484 555 3532 contra
580 3474 753 3546 quam
791 3478 938 3547 apud
972 3495 1072 3534 nos
1102 3494 1161 3534 se
1188 3479 1411 3536 habent.
1436 3482 1756 3538 Resultabat
1787 3485 1933 3539 enim

244 3572 245 3575 “
360 3578 477 3621 tum
508 3564 613 3622 vox
651 3570 883 3649 proprie,
913 3580 1026 3624 tum
1059 3586 1163 3626 vox
1198 3587 1301 3625 non
1328 3575 1539 3644 proprie
1575 3591 1643 3630 ex
1671 3576 1762 3631 tali
1791 3592 1933 3646 quae

360 3659 486 3713 dam
532 3658 951 3728 praedicatorum
1004 3660 1489 3733 subjectorumque
1532 3666 1929 3735 complexione.

362 3749 603 3804 Sumens
653 3758 836 3807 autem
869 3766 1034 3809 voces
1080 3752 1205 3808 illas
1227 3755 1437 3824 proprie
1476 3764 1531 3810 et
1561 3772 1665 3811 non
1698 3760 1929 3827 proprie,

358 3856 478 3910 quae
538 3841 648 3911 jam
705 3859 772 3897 ex
837 3858 909 3899 se
946 3844 1081 3914 ipsis
1129 3843 1675 3918 subintelligebantur
1728 3849 1934 3918 (studet

358 3931 502 3985 enim
546 3933 593 3986 si
624 3933 749 4001 quis
782 3934 924 3989 alius
972 3933 1288 4005 Theologus
1323 3936 1424 3991 iste
1463 3936 1741 4009 brevitati)
1775 3948 1829 3993 et
1861 3918 1933 3995 ad

356 4023 692 4080 resultantes
737 4040 807 4080 ex
852 4025 939 4080 his
986 4026 1399 4096 conjugationes
1444 4040 1680 4084 mentem
1716 4031 1931 4086 audito-

356 4126 479 4165 rum
510 4113 797 4167 remittens
829 4113 1113 4182 subjunxit
1142 4115 1273 4169 illud
1309 4136 1321 4170 :
1350 4114 1554 4170 Contra
1590 4134 1749 4187 quam
1788 4121 1929 4189 apud

358 4218 473 4255 nos.
511 4200 723 4257 Etenim
771 4212 1063 4273 utramque
1095 4204 1555 4273 complexionem,
1587 4223 1709 4277 quae
1738 4224 1806 4263 ex
1836 4224 1933 4264 vo-

356 4292 511 4347 cibus
537 4295 746 4372 proprie
774 4305 828 4349 et
871 4311 973 4347 non
1002 4296 1211 4363 proprie
1251 4296 1539 4361 conﬂatur,
1570 4313 1772 4355 sensus
1798 4316 1924 4357 ver-

2039 1844 2132 1897 ἐπὶ
2158 1842 2252 1897 τοῦ
2278 1842 2499 1910 κυρίως
2529 1840 2768 1909 ἐλέγετο.
2811 1840 2870 1893 '0
2904 1840 3016 1912 γὰρ
3039 1840 3172 1904 Θεὸς
3221 1837 3367 1894 εἶναι
3390 1839 3499 1917 τοῦη
3523 1840 3622 1892 A6-

2038 1953 2139 2003 γου
2167 1932 2648 2007 κατηγορούμενος
2684 1932 2779 1986 καὶ
2821 1934 2850 1986 6
2887 1932 3078 2003 Πατὴρ
3115 1930 3212 1984 τοῦ
3260 1931 3625 2003 προσλήμμα-

2038 2044 2128 2091 τος
2152 2025 2251 2098 τὴν
2274 2025 2369 2079 τοῦ
2386 2024 2473 2095 μὴ
2498 2025 2715 2093 κυρίως
2732 2023 3007 2095 σημασίαν
3027 2021 3411 2077 amomum.
3440 2024 3622 2077 Ἔοικε

2037 2117 2093 2172 δέ
2122 2117 2182 2170 τὸ
2220 2117 2438 2184 κυρίως
2467 2116 2565 2169 καὶ
2608 2114 2667 2166 τὸ
2695 2112 2783 2182 μὴ
2811 2112 3029 2182 κυρίως
3056 2112 3337 2189 σημασίαν
3370 2113 3519 2183 παρὸ
3544 2129 3624 2165 κε·

2039 2207 2292 2280 χρήμεθα
2323 2207 2535 2270 τούτοις
2571 2206 2659 2274 ἐφ’
2693 2204 2850 2276 ἡμῶν
2881 2203 3141 2267 ἐναντίως
3182 2203 3355 2273 ἔχειν.
3400 2204 3493 2271 Ἐν
3526 2203 3621 2273 μὲν

2036 2304 2146 2373 γὰρ
2166 2305 2233 2373 τῇ
2267 2303 2491 2375 ἀρρήτῳ
2520 2300 2612 2355 τοῦ
2643 2300 2816 2368 Λόγου
2846 2299 3052 2371 συνόδῳ
3076 2300 3171 2353 καὶ
3200 2300 3299 2368 τῆς
3329 2298 3535 2370 σαρκὸς
3563 2299 3622 2350 τὸ

2040 2396 2140 2465 μὲν
2192 2394 2397 2462 Πατὴρ
2446 2393 2589 2447 κατὰ
2626 2390 2719 2445 τοῦ
2749 2391 2925 2459 Λόγου
2955 2390 3166 2460 κυρίως
3208 2389 3452 2458 λέγεται,
3483 2389 3543 2441 τὸ
3565 2389 3621 2441 δὲ

2038 2485 2183 2548 Θεὸς
2215 2483 2278 2535 οὑ
2321 2481 2525 2550 κυρίως
2548 2498 2563 2513 ο
2596 2481 2687 2533 ἐπὶ
2718 2479 2777 2533 δὲ
2797 2482 2895 2551 τῆς
2926 2479 3049 2532 καθ’
3076 2480 3226 2550 ἡμᾶς
3259 2472 3481 2548 φύσεως
3518 2480 3619 2549 ἐμ-

2036 2571 2200 2628 παλιύ
2226 2573 2287 2627 τὸ
2311 2573 2421 2640 μὲν
2445 2572 2591 2640 Θεὸς
2617 2572 2846 2646 κυρίως,
2884 2572 2946 2626 οὑ
2975 2571 3178 2642 κυρίως
3211 2572 3270 2625 δέ
3297 2571 3361 2624 τὸ
3390 2571 3617 2640 Πατήρ.

2034 2671 2146 2724 Καὶ
2174 2670 2331 2724 τοῦτό
2364 2672 2516 2722 ἐστιν
2557 2670 2694 2741 ὅπερ
2741 2666 3057 2740 ἠρώτησας,
3087 2669 3121 2738 ἡ
3158 2667 3255 2721 τοῦ
3286 2668 3324 2737 ἣ
3365 2667 3617 2746 δύναμις,

2032 2763 2091 2815 ού
2129 2760 2404 2825 διάζευξιν
2431 2759 2667 2830 δηλοῦσα
2689 2759 2809 2813 οὑδὲ
2838 2776 2891 2811 τι
2914 2759 3044 2814 ἄλλο
3070 2759 3179 2824 τῶν
3207 2761 3287 2821 είς
3322 2759 3426 2813 ὅσα
3454 2776 3619 2813 κατα-

2036 2851 2358 2923 μερίζεσθαι
2389 2851 2655 2921 πέφυκεν,
2680 2850 2816 2904 ἀλλὰ
2840 2850 2930 2903 τὸν
2952 2850 3345 2923 διασαφητικὸν
3368 2852 3614 2916 ἀσπαζο-

2032 2944 2168 3014 μένη
2188 2946 2511 3014 χαρακτῆρα
2532 2945 2625 2997 καὶ
2634 2944 2733 3015 τὴν
2747 2942 2839 2997 τοῦ
2849 2944 3016 3012 ’παρὸ
3042 2944 3153 3015 (51)
3170 2944 3357 3014 χρείαν
3375 2946 3618 3015 ἀναπλη-
3670 3004 3673 3005 ν

1962 3073 2006 3131 c
2040 3034 2232 3106 ροῦσα.
2271 3035 2371 3105 Εῐη
2398 3033 2441 3087 δ’
2472 3033 2539 3089 ἂν
2570 3038 2598 3090 6
2625 3035 2781 3103 λόγος
2812 3035 3284 3106 ἐσχηματισμένος
3309 3037 3392 3101 είς
3429 3038 3493 3089 τὸ
3529 3054 3620 3090 σα-

2039 3127 2323 3198 φέστερον,
2355 3126 2408 3178 εἴ
2442 3143 2524 3189 τις
2555 3126 2728 3180 ἐθέλοι
2748 3126 3085 3196 μεταλαϐεῖν
3111 3126 3207 3180 καὶ
3235 3127 3446 3196 λέγειν·
3479 3128 3617 3181 ὥστε

2033 3218 2095 3271 τὸ
2124 3218 2222 3287 μὲν
2252 3219 2469 3288 κυρίως
2498 3219 2605 3271 ἀπὸ
2642 3217 2767 3271 θατέ
2778 3236 2875 3289 ρας
2898 3218 3006 3273 τῶν
3040 3219 3310 3288 συζυγῶν
3349 3218 3619 3289 λαμϐανόν

2038 3326 2221 3381 μενον,
2254 3309 2317 3363 τὸ
2338 3309 2396 3363 δέ
2422 3311 2496 3365 οὐ
2535 3310 2755 3379 κυρίως
2783 3311 2891 3365 ἀπὸ
2918 3312 3015 3381 τῆς
3048 3312 3261 3381 ἐτέρας,
3295 3312 3559 3373 ἐναντίως
3582 3310 3616 3380 ἢ

2035 3403 2124 3472 ἐφ’
2153 3405 2185 3472 ἡ
2195 3403 2313 3473 μῶν
2342 3402 2455 3474 ἔχει
2479 3417 2494 3432 ⁸
2524 3400 2814 3458 συνίστατο
2840 3404 2939 3474 μέν
2964 3404 3071 3474 γὰρ
3094 3404 3156 3457 τό
3184 3420 3245 3456 τε
3274 3405 3498 3472 κυρίως
3527 3405 3618 3457 καὶ

2036 3497 2097 3549 τὸ
2124 3497 2195 3549 οὐ
2233 3494 2452 3562 κυρίως
2481 3495 2545 3547 ἐκ
2569 3494 2670 3564 τῆς
2695 3495 2855 3562 ποιᾶς
2883 3478 3205 3565 συμπλοκῆς
3233 3494 3343 3548 τῶν
3378 3513 3615 3565 κατηγο-
3650 3562 3651 3565 η

2038 3586 2318 3658 ρουμένων
2349 3586 2442 3639 καὶ
2478 3586 2878 3657 ὑποκειμένων,
2920 3587 3146 3641 αὐτόθεν
3178 3588 3234 3640 δὲ
3265 3587 3615 3641 συνεπινοού-

2037 3693 2217 3748 μενον.
2230 3675 2423 3731 Λαδὼν
2438 3676 2498 3730 τό
2517 3694 2573 3731 τε
2596 3678 2811 3745 κυρίως
2830 3679 3088 3749 ἑκάτερον
3111 3677 3286 3732 καὶτὸ
3306 3681 3377 3733 οὺ
3400 3679 3619 3748 κυρίως

2036 3768 2451 3840 (φιλοσύντομος
2478 3768 2590 3841 γὰρ
2618 3769 2668 3822 ει
2697 3770 2788 3822 καί
2817 3787 2902 3834 τις
2926 3770 3086 3833 ἄλλος
3116 3772 3144 3823 6
3170 3769 3509 3840 θεωρητικὸς
3536 3764 3619 3824 0’5-

2032 3878 2123 3923 τος
2161 3860 2322 3931 ἀνὴρ)
2356 3860 2451 3913 καὶ
2484 3859 2620 3930 πρὸς
2646 3860 2745 3921 τὰς
2776 3862 2841 3914 ἐκ
2868 3861 3075 3915 τούτων
3114 3861 3493 3931 ὑφισταμένας
3522 3878 3617 3914 συ-

2035 3951 2228 4020 ζυγίας
2257 3952 2348 4004 τὸν
2373 3950 2498 4007 νοῦν
2530 3950 2639 4004 τῶν
2665 3942 2961 4019 ἀκροατῶν
2981 3936 3325 4023 ἀναπέμπων
3364 3955 3615 4025 ἐπήγαγε

2033 4040 2093 4095 τὸ
2138 4041 2427 4108 ἐναντίως
2464 4040 2502 4109 ἢ
2539 4040 2632 4110 ἐφ’
2662 4040 2832 4111 ἡμῶν
2861 4042 3021 4112 ἔχει·
3066 4044 3160 4097 καὶ
3192 4043 3303 4111 γὰρ
3342 4044 3614 4113 ἑκατέραν

2037 4131 2356 4201 συμπλοκὴν
2393 4128 2492 4202 τὴν
2528 4133 2593 4185 ἐκ
2638 4132 2730 4185 τοῦ
2764 4134 2982 4201 κυρίως
3018 4134 3232 4189 καὶτοῦ
3266 4134 3355 4204 μὴ
3393 4136 3615 4203 κυρίως

2035 4222 2477 4292 ἁποτελουμένην
2524 4224 2553 4275 6
2601 4222 2728 4287 νοῦς
2772 4225 2867 4278 τοῦ
2902 4226 3185 4292 ἐναντίως
3232 4226 3266 4294 ἣ
3308 4226 3404 4296 ἐφ’
3445 4227 3615 4296 ἡμῶν

2036 4311 2162 4380 ἔχει
2189 4314 2384 4382 ὁρᾶται
2425 4313 2964 4382 περιπτυσσόμενοςσ
3004 4315 3251 4386 βούλεται
3281 4316 3339 4371 δὲ
3378 4320 3413 4387 ἠ
3457 4334 3613 4388 περι-

358 4383 551 4436 borum
587 4382 822 4437 illorum'
852 4376 1034 4437 centro
1074 4397 1235 4451 quam
1273 4387 1327 4437 in
1369 4384 1516 4440 nobis
1556 4397 1631 4440 est
1681 4390 1931 4461 amplecti

2040 4376 2179 4473 κοπὴ
2206 4376 2300 4483 τοῦ
2329 4400 2489 4470 λόγου
2502 4376 2785 4457 ’διδάσκειν
2809 4376 2972 4475 αὕτη,
3000 4376 3075 4470 ως
3108 4406 3259 4487 οὐδὲν
3292 4376 3494 4469 κωλύει
3521 4376 3613 4461 καὶ

355 4472 616 4527 cernitur.
649 4471 779 4527 Vult
808 4482 991 4528 autem
1013 4474 1129 4529 beec
1149 4476 1413 4530 orationis
1439 4476 1691 4546 pericope
1718 4480 1932 4547 docere,

355 4563 494 4617 nihil
523 4564 764 4629 obstare,
794 4566 1095 4634 quominus
1120 4567 1331 4634 proprie
1374 4575 1429 4620 et
1474 4582 1580 4620 non
1606 4573 1818 4638 proprie
1863 4571 1932 4625 de

357 4651 535 4709 Verbo
568 4656 806 4721 dicatur,
835 4658 1282 4728 quandoquidem
1311 4658 1475 4712 etiam
1505 4660 1573 4714 de
1600 4661 1787 4723 nobis,
1809 4662 1935 4717 licet

356 4757 525 4798 sensu
555 4749 830 4814 opposito,
859 4757 1155 4818 utrumque
1187 4750 1509 4805 aﬂirmatur.
1536 4752 1616 4807 lbi
1649 4755 1795 4809 enim
1827 4772 1932 4811 vox

354 4833 500 4889 Deus
543 4852 651 4890 non
689 4840 1153 4907 proprie,dicitur,
1187 4842 1282 4898 sed
1312 4842 1511 4908 Pater;
1540 4830 1629 4900 hic
1660 4861 1789 4901 vero
1822 4831 1930 4902 non

357 4923 527 4978 Pater
547 4929 763 4997 proprie
790 4930 886 4984 sed
922 4930 1083 4987 Deus.

426 5015 481 5068 5.
524 5016 583 5069 1η
632 5017 1028 5088 diagrammate
1072 5034 1254 5079 autem
1312 5026 1516 5083 clarius
1579 5028 1928 5084 innotescunt

356 5119 479 5173 quae
510 5107 747 5164 diximus
773 5127 790 5177 ;
814 5114 1061 5179 ponendo
1091 5116 1313 5184 quidem
1343 5118 1596 5187 superius
1630 5118 1849 5173 Patrem
1879 5129 1932 5174 et

354 5197 548 5265 Deum,
592 5199 933 5269 subiiciendo
983 5214 1166 5260 autem
1227 5205 1374 5262 Patri
1428 5207 1669 5274 Verbum,
1714 5220 1768 5264 et
1823 5211 1931 5265 Deo

355 5281 763 5362 humanitatem;
784 5303 837 5345 et
862 5293 1033 5349 lineas
1061 5311 1128 5349 ex
1154 5296 1383 5352 adverso
1412 5298 1779 5367 producendo,
1809 5317 1932 5370 quze

355 5371 538 5431 Verbo
558 5379 893 5465 conjungant
918 5382 1135 5441 Patrem
1151 5396 1213 5454 et
1238 5386 1404 5445 Deum
1436 5390 1758 5449 humanitati
1785 5410 1802 5461 ;
1828 5411 1930 5452 nec

2036 4491 2098 4545 τὸ
2126 4494 2342 4559 κυρίως
2383 4494 2477 4557 καὶ
2519 4492 2580 4546 τὸ
2609 4496 2680 4548 οὐ
2712 4495 2929 4563 κυρίως
2965 4498 3059 4549 ἐπὶ
3094 4498 3189 4551 τοῦ
3240 4500 3414 4567 Λόγου
3462 4500 3613 4569 λέγε-

2040 4580 2187 4647 σθαι,
2220 4581 2343 4633 ἐπεὶ
2372 4582 2465 4652 καὶ
2489 4581 2573 4649 ἐφ’
2603 4582 2779 4652 ἡμῶν,
2812 4585 2861 4636 εί
2891 4585 2984 4637 καὶ
3013 4586 3155 4639 κατὰ
3196 4587 3437 4641 διάνοιαν
3469 4590 3611 4643 ἀντιο

2035 4674 2273 4744 τεταγμέ
2284 4672 2411 4744 μην,
2438 4673 2604 4744 ἄμφω
2626 4675 2930 4743 Θεωρεῖται.
2959 4678 3106 4730 Ἐκεῖ
3130 4679 3231 4748 μὲν
3252 4680 3364 4750 γὰρ
3385 4680 3445 4733 τὸ
3466 4681 3610 4747 Θεὸς

2044 4762 2106 4815 οὑ
2136 4762 2361 4832 κυρίως,
2384 4763 2521 4817 ἀλλὰ
2549 4765 2609 4816 τὸ
2641 4766 2865 4834 Πατὴρ,
2886 4766 3118 4821 ἐνταῦθα
3142 4767 3199 4820 δέ
3230 4771 3292 4824 οὑ
3317 4769 3377 4823 τὸ
3405 4770 3609 4838 Πατὴρ

2037 4854 2263 4925 κυρίως,
2293 4854 2431 4908 ἀλλὰ
2456 4856 2515 4907 τὸ
2552 4856 2718 4920 Θεός.

2104 5039 2173 5100 γ’.
2220 5032 2343 5086 Ἐπὶ
2367 5033 2425 5087 δέ
2470 5034 2885 5107 διαγράμματος
2924 5037 3122 5106 γένοιτ’
3159 5036 3226 5091 ἂν
3272 5039 3605 5109 σαφέστερον

2029 5122 2222 5196 ἔχοντα
2303 5125 2371 5178 τὰ
2451 5128 2716 5196 εἰρημένα
2749 5143 2765 5158 ·
2829 5130 3279 5201 προταττομένων
3357 5130 3457 5201 μὲν
3507 5130 3603 5184 τοῦ

2029 5218 2233 5287 Πατὴρ
2260 5222 2357 5273 καὶ
2407 5222 2571 5287 Θεὸς,
2612 5223 3062 5294 ὑποταττομένων
3087 5226 3145 5279 δὲ
3182 5225 3260 5296 τῷ
3286 5227 3385 5296 μὲν
3425 5224 3601 5296 Ila.th

2028 5308 2123 5362 τού
2154 5311 2349 5378 Λόγου,
2375 5312 2452 5384 τῷ
2472 5312 2591 5385 Θεῷ
2623 5315 2679 5368 δέ
2701 5314 2797 5368 τοῦ
2821 5316 3271 5389 προσλήμματος,
3301 5320 3404 5372 καὶ·
3420 5334 3600 5389 γραμ-

2033 5402 2149 5473 μῶν
2176 5405 2241 5458 ἐκ
2270 5406 2616 5479 παραλλήλου
2639 5409 3056 5482 προαγομένων,
3077 5410 3134 5465 αἳ
3166 5413 3495 5468 συνάπτουσι
3513 5408 3596 5479 τῷ

1836 5533 2066 5594 NOTAE.

427 5639 539 5708 (3i)
566 5642 687 5715 Vat.
720 5644 900 5716 ’παρά.
