3820 6212
175 252 278 317 493

1034 243 1168 303 'AD
1202 241 1805 303 AMPHILOCHIUM
1838 241 2186 314 QUIESTIO
2230 244 2551 308 LXXVIII.

3330 249 3433 310 494

170 370 323 437 Λόγῳ
339 360 433 427 τὸν
462 359 683 431 Πατέρα
708 356 915 413 καὶτὸν
936 357 1071 412 Θεὸν
1093 356 1174 429 τῷ
1206 332 1739 427 προσλήμματι,’καὶ
1766 360 1785 413 l

1884 370 1951 408 on
1978 355 2115 411 alias
2162 365 2339 411 rectas
2370 357 2540 413 lineas
2570 356 2880 427 scribendo,
2926 376 3049 432 quae
3083 346 3152 418 ex
3198 372 3432 435 utroque
3544 388 3548 392 Α

168 460 267 532 μὴ.)
307 458 403 511 καὶ
447 451 722 525 γραμμῶν
762 450 936 504 ἄλλων
988 447 1213 532 εὐθειῶν
1252 446 1614 519 γραφομένων
1645 447 1738 515 ἀφ,

166 530 421 619 ἑκατέρας
448 546 623 616 ἀρχῆς
649 543 768 619 τῶη
787 530 1147 613 παραλλήλων
1181 539 1318 610 πρὸς
1340 539 1603 608 ἑκάτερον
1638 539 1740 591 πέ-

170 659 267 714 ρας
311 639 735 709 συναπτομένων
766 637 860 691 καὶ
909 634 1145 707 χιασμὸν
1174 633 1289 707 (52)
1323 632 1423 703 μέν
1454 648 1576 685 τινα
1605 631 1743 703 πρὸς

164 732 363 803 ἄλληλα
386 728 898 802 σχηματιζομένων,
923 726 1210 796 διαγώνιον
1233 724 1288 779 δὲ
1317 723 1467 778 θέσιν
1489 724 1625 796 πρὸς
1646 724 1745 788 τάς

167 819 540 891 παραλλήλους
592 817 862 888 ἑκατέρας
917 813 1346 885 ἀναδεχομένης.
1396 811 1570 882 Δῆλον
1634 810 1745 882 γὰρ

166 911 431 980 ἐντεῦθεν,
460 911 537 973 ὡς
571 910 714 965 κατά
744 909 843 981 μὲν
869 910 968 980 τὴν
1015 906 1357 979 παράλληλον
1383 906 1494 961 τῶν
1512 904 1747 960 εὐθειῶν

170 1006 311 1059 θέσιν
341 1005 370 1057 6
397 1020 460 1057 τε
502 1002 695 1072 Πατὴρ
735 1002 832 1055 τοῦ
854 1001 1031 1071 Λόγου
1059 999 1274 1071 Πατὴρ,
1316 999 1410 1052 καὶ
1439 1000 1467 1052 6
1492 998 1624 1062 Θεὸς
1652 997 1747 1051 τοῦ

166 1096 592 1167 προσλήμματος
630 1094 766 1158 Θεὸς
811 1094 879 1148 ἂν
924 1092 1117 1164 ὀφθείη
1163 1092 1368 1169 κυρίως
1423 1090 1746 1158 λεγόμενος,

166 1187 367 1241 κατάδὲ
381 1186 483 1256 τὴν
502 1186 801 1254 συνάφειαν
817 1182 911 1237 τοῦ
928 1180 1165 1253 χιασμοῢ
1182 1181 1277 1236 καὶ
1297 1184 1325 1235 6
1342 1181 1474 1245 Θεὸς
1506 1181 1641 1243 Θεὸς
1656 1179 1750 1233 τοῦ

168 1279 337 1348 Λόγου
367 1278 467 1333 καὶ
496 1279 524 1333 6
547 1276 738 1349 Πατὴρ
766 1278 827 1329 οὐ
862 1275 1075 1347 κυρίως⁶
1100 1274 1168 1329 ἂν
1200 1274 1394 1346 ῥηθείη
1437 1274 1627 1345 Πατὴρ
1656 1273 1751 1325 τοῦ

170 1370 621 1442 προσλήμματος.
664 1369 729 1422 El
758 1368 818 1422 δὲ
846 1368 908 1421 τὸ
941 1366 1041 1438 μὲν
1071 1369 1136 1421 ὲκ
1162 1366 1512 1439 παραλλήλου
1544 1365 1751 1430 λάϐοις,

171 1461 228 1515 τὸ
250 1462 305 1514 δὲ
334 1459 478 1514 κατά
515 1460 616 1531 τήν
655 1459 948 1528 διαγώνιον
992 1458 1278 1531 γραμμὴν,
1315 1457 1412 1519 καὶ
1451 1457 1611 1511 τοῦτο
1631 1458 1754 1509 καθ’

172 1554 437 1625 ἑκατέραν
463 1553 819 1622 συζυγίαν,δι’
854 1552 1191 1624 ἀμφοτέρων
1212 1552 1319 1623 ὕψη
1346 1552 1408 1605 τό
1446 1568 1506 1603 τε
1535 1550 1756 1619 κυρίως

176 1647 288 1715 ἅμα
321 1646 416 1698 καὶ
443 1646 519 1698 οὐ
548 1644 770 1712 κυρίως
818 1643 1230 1713 ἀναφυόμενον·
1282 1642 1377 1696 καὶ
1427 1641 1535 1713 γὰρ
1578 1642 1606 1694 6
1655 1639 1753 1711 μὲν

175 1704 362 1805 Πατὴρ
392 1734 491 1787 τοῦ
518 1704 695 1803 Λόίου
728 1704 956 1807 κυρίως,
980 1734 1009 1786 ό
1033 1704 1097 1787 δὲ
1126 1733 1260 1798 Θεὸς
1289 1734 1351 1786 ού
1384 1704 1592 1802 κυρίως
1611 1749 1626 1762 °
1656 1704 1757 1786 καὶ
1789 1704 1830 1759 Β

176 1825 334 1880 πάλιν
369 1826 401 1877 6
426 1826 532 1897 μὲν
562 1829 750 1899 Πατὴρ
780 1826 873 1881 τοῦ
908 1825 1343 1899 προσλήμματος
1357 1825 1433 1878 -ού
1467 1823 1700 1895 κυρίως,
1728 1825 1758 1878 6

178 1915 232 1967 δὲ
258 1915 391 1979 Θεὸς
436 1914 664 1987 κυρίως.
712 1915 1015 1987 Τεσσάρων
1060 1912 1467 1985 οὖν’συζυγιῶν
1513 1910 1763 1969 ὲνδιπλα-

183 2007 331 2077 σμῶν
355 2008 776 2080 θεωρουμένων,
817 2010 950 2079 μιᾶς
993 2009 1093 2080 μὲν
1125 2008 1233 2062 τῶν
1264 2010 1332 2062 έκ
1383 2007 1759 2078 παραλλήλου,

184 2090 463 2170 ἐτέραςδὲ
491 2101 601 2154 τῶν
628 2104 770 2157 κατά
798 2102 1055 2173 χιασμὸν,
1090 2101 1234 2155 δυοῖν
1259 2100 1305 2154 δ’
1328 2100 1661 2165 ὑπολοίπων,
1689 2094 1765 2155 ὧν

184 2193 420 2264 ἑκατέρα
474 2178 569 2247 διά
602 2196 735 2264 μιᾶς
768 2194 869 2262 μὲν
911 2192 1021 2246 τῶν
1063 2192 1390 2260 διαγωνίων,
1427 2190 1665 2263 θατέρας
1707 2191 1768 2245 δὲ

186 2287 290 2341 τῶν
320 2288 385 2341 ὲκ
435 2286 791 2358 παραλλήλου
821 2283 1292 2356 συμπλεκομένων
1321 2282 1585 2355 ἀλλήλαις
1623 2282 1766 2336 ἀπο-

149 2426 152 2427 .
187 2362 440 2447 τελεῖται,
479 2379 736 2451 φανερὸν,
769 2378 845 2444 ὡς
867 2378 929 2433 τὸ
959 2377 1244 2444 ἐναντίως
1267 2376 1305 2445 ἢ
1332 2377 1427 2446 ἐφ’
1456 2374 1627 2446 ἡμῶν
1643 2377 1771 2446 ἔχει

193 2470 328 2543 πρὸς
374 2471 651 2543 ἑκατέραν
684 2470 796 2525 τῶν
823 2470 1153 2525 τελευταίων
1200 2468 1633 2539 ἀποδοθήσεται·
1676 2469 1771 2524 καὶ

190 2564 296 2635 γὰρ
337 2565 432 2618 ἐπὶ
483 2563 698 2618 τούτων
737 2565 764 2617 6
798 2562 992 2635 Πατὴρ
1028 2562 1107 2634 τῷ
1141 2561 1300 2631 Λόγῳ
1330 2560 1425 2619 xui.
1472 2560 1553 2632 τῷ
1599 2577 1774 2632 προσ-

192 2658 437 2729 λήμματι
474 2659 884 2728 συναπτόμενος
908 2696 923 2720 ,
956 2656 1036 2728 τῷ
1095 2654 1195 2727 μὲν
1240 2655 1401 2723 Λόγῳ
1436 2653 1663 2724 κυρίως,
1711 2653 1773 2706 o6

192 2748 391 2818 κυρίως
420 2747 483 2802 δὲ
516 2747 596 2819 τῷ
612 2747 1005 2819 προσλήμματι
1041 2745 1471 2825 συναρμόζεται·
1510 2744 1776 2808 ὡσαύτως

194 2839 249 2894 δὲ
277 2829 467 2895 καὶτὸ
502 2841 647 2909 Θεὸς
682 2842 888 2913 κυρίως
912 2842 1008 2896 τοῦ
1039 2841 1475 2912 προσλήμματος
1499 2879 1514 2905 ,
1564 2839 1624 2894 οὐ
1676 2856 1778 2891 κυ-

199 2929 324 2999 ρίως
355 2930 414 2983 δὲ
444 2929 547 2984 τοῦ
578 2931 755 2999 Λόγου
789 2930 929 3011 Θεὸς,
952 2925 1095 2984 εἶναι
1116 2928 1600 3000 περιαγγέλλεται.
1621 2925 1779 2981 Οὕτω

1845 447 2230 517 parallelorum
2272 449 2429 503 initio
2461 449 2528 503 ad
2567 451 2858 508 terminum
2931 464 3227 526 utrumque
3260 471 3434 527 copu-

1847 539 2051 607 lentur,
2091 550 2146 597 et
2186 541 2493 597 chiasmum
2528 544 2822 613 quemdam
2870 545 2937 601 ad
2986 546 3217 603 invicem
3262 548 3435 605 clior-

1849 642 2020 698 ment,
2053 642 2285 704 utraque
2320 644 2501 690 tamen
2532 635 2842 704 diagonalis
2887 639 2954 693 ad
2989 641 3280 709 parallelas
3320 650 3435 697 sta-

1849 735 2055 801 tuatur_.
2091 725 2231 782 Hinc
2262 727 2407 782 enim
2444 729 2792 799 perspicuum
2825 730 2902 795 ﬁt,
2924 733 3068 801 quod
3101 734 3154 788 in
3173 736 3437 804 parallelo

1850 829 2125 874 rectarum
2158 820 2429 875 linearum
2461 832 2513 875 et
2554 820 2714 877 Pater
2760 820 2924 878 Verbi
2969 822 3151 890 Pater,
3189 835 3246 880 et
3290 825 3436 883 Deus

1846 911 2212 995 humanitatis
2235 923 2529 985 assumptae
2551 913 2695 970 Deus
2714 916 2926 984 proprie
2956 915 3191 995 dicitur;
3224 919 3284 980 in
3302 934 3459 976 con-.

1760 1066 1769 1075 O
1846 990 2133 1075 iunctione
2159 1016 2339 1061 autem
2370 1006 2602 1063 chiasmi
2630 1016 2684 1061 et
2704 1007 2848 1063 Deus
2877 990 3041 1062 Verbi
3074 1007 3218 1064 Deus
3244 1018 3302 1064 et
3338 1009 3441 1063 Pa-

1853 1105 1933 1149 ter
1963 1095 2323 1151 humanitatis
2352 1095 2515 1151 Pater
2545 1113 2649 1150 non
2687 1096 2901 1166 proprie
2932 1096 3156 1153 dicitur.
3206 1098 3361 1165 Quod
3394 1099 3441 1154 si

1854 1186 2084 1241 alterum
2115 1186 2335 1256 quidem
2370 1187 2667 1243 secundum
2692 1170 3263 1258 ,parallelam‘lineam,
3295 1189 3437 1245 alte-

1856 1293 1976 1345 rum
2008 1292 2137 1332 vero
2168 1279 2473 1333 secundum
2495 1279 2842 1350 diagonalem
2877 1264 3105 1348 sumas,
3151 1282 3313 1350 idque
3354 1300 3446 1339 se-

1857 1369 2096 1423 cundum
2117 1378 2412 1441 utramque
2441 1371 2907 1441 coniugationem,
2936 1374 3195 1444 utrinque
3221 1376 3451 1445 prodire

1859 1463 2068 1518 videbis
2095 1471 2150 1518 et
2177 1464 2456 1535 propriam
2503 1466 2669 1520 simul
2699 1477 2754 1544 et
2797 1468 2982 1522 minus
3016 1470 3291 1538 propriam
3351 1485 3446 1524 ac-

1859 1556 2185 1625 ceptionem.
2225 1554 2437 1613 Etenim
2488 1556 2649 1613 Pater
2694 1558 2915 1629 quidem
2976 1558 3138 1614 Verbi
3203 1562 3449 1631 proprie,

1860 1647 2005 1702 Deus
2047 1657 2227 1703 autem
2280 1648 2461 1704 minus
2495 1651 2733 1720 proprie,
2768 1661 2821 1705 et
2869 1667 3089 1707 rursum
3132 1630 3449 1721 Pateriqui-
3549 1697 3559 1707 .
3619 1630 3627 1637 ’

1860 1736 1981 1791 dem
2023 1747 2325 1806 assumpta:
2378 1739 2742 1808 humanitatis
2795 1740 2980 1796 minus
3028 1742 3270 1811 proprie,
3306 1742 3452 1796 Deus

1862 1845 1993 1886 vero
2036 1824 2278 1900 proprie.
2336 1827 2476 1884 Cum
2522 1830 2690 1899 igitur
2742 1838 2981 1900 quatuor
3037 1832 3455 1903 coniugationes

1863 1922 2160 1993 duplicatae
2180 1922 2625 1989 considerentur,
2657 1936 2768 1978 una
2797 1923 3023 1993 quidem
3066 1923 3333 1979 linearum
3364 1941 3458 1995 pa-

1867 2014 2201 2079 rallelarum,
2237 2014 2406 2069 altera
2435 2029 2564 2070 vero
2604 2014 2872 2069 linearum
2921 2013 3155 2070 chiasmi
3202 2015 3460 2086 (interse-

1867 2106 2126 2177 ctarum),
2166 2114 2221 2161 et
2255 2106 2380 2161 alia:
2436 2106 2583 2171 duae,
2634 2122 2869 2177 quarum
2919 2108 3174 2178 quaelibet
3222 2124 3291 2165 ex
3348 2124 3460 2164 una

1868 2188 2234 2268 diagonalium
2263 2208 2319 2254 et
2344 2199 2450 2254 alia
2474 2199 2860 2270 parallelarum
2883 2200 3025 2256 inter
3041 2215 3101 2256 se
3119 2200 3462 2271 complicatis

1870 2291 2122 2356 resultat,
2157 2290 2448 2347 manifeste
2492 2301 2740 2361 apparet,
2773 2293 2919 2363 quod
2952 2293 3117 2348 verba
3156 2293 3248 2349 illa
3275 2303 3465 2347 contra

1871 2403 2032 2458 quam
2069 2388 2212 2457 apud
2243 2404 2337 2459 ηοξ
2377 2404 2478 2442 usu
2504 2390 2664 2453 venit,
2693 2389 2760 2443 ad
2792 2386 3109 2443 utramlibet
3162 2396 3465 2458 postrema-

1874 2495 1993 2535 rum
2035 2479 2310 2536 reddenda
2358 2490 2509 2538 sunt.
2549 2480 2607 2536 ln
2649 2480 2736 2537 his
2792 2481 2938 2536 enim
2984 2479 3147 2539 Pater
3192 2479 3368 2537 Verbo
3411 2488 3467 2535 et

1875 2580 2172 2641 assumpta:
2201 2572 2527 2628 humanitati
2560 2571 2848 2643 eopulatus
2877 2570 3053 2626 Verbo
3079 2571 3301 2642 quidem
3339 2586 3471 2641 pro.

1875 2664 2013 2734 prie,
2043 2663 2371 2719 humanitati
2426 2672 2607 2719 autem
2655 2672 2953 2734 assumpta:
3004 2664 3188 2719 minus
3244 2663 3468 2733 proprie

1878 2761 2164 2822 coaptatur
2189 2771 2203 2819 ;
2242 2753 2317 2808 ita
2346 2768 2479 2808 vero
2509 2762 2565 2808 et
2596 2767 2702 2807 vox
2735 2751 2873 2806 Deus
2902 2752 3122 2823 proprie
3155 2740 3467 2807 hn'manita-

1880 2841 1950 2899 tis
1975 2851 2297 2913 assumptae,
2325 2842 2508 2898 minus
2536 2842 2756 2913 proprie
2795 2841 2950 2897 Verbi
2990 2857 3112 2906 esse
3148 2844 3471 2912 pronuntia-

1881 2944 1990 2990 tur.
2048 2934 2138 2989 Sic
2185 2934 2352 3005 igitur
2396 2934 2484 2989 his
2531 2949 2561 2988 a
2610 2935 2770 2990 nobis
2808 2932 3192 2998 consideratis,
3234 2934 3466 2989 alteram

193 3015 488 3094 τοιγαροῦν
525 3025 681 3094 ἡμῶν
732 3022 1178 3078 ἐπισκοπούντων
1212 3023 1273 3075 τὸ
1319 3022 1419 3092 μὲν
1462 3021 1563 3091 τῆς
1610 3018 1773 3083 συζυ-

1881 3019 2099 3091 quidem
2126 3021 2567 3093 coniugationem
2599 3020 2836 3091 proprie,
2869 3021 3095 3075 alteram
3129 3036 3257 3078 vero
3285 3022 3470 3077 minus

196 3115 313 3181 γίας
355 3114 589 3187 κυρίως,
637 3114 700 3168 τὸ
740 3114 797 3167 δὲ
836 3115 898 3166 ού
934 3113 1140 3185 κυρίως
1183 3113 1307 3184 έχον
1340 3112 1774 3183 ἀναφανήσεται,

154 3260 155 3263 η
197 3208 284 3261 καὶ
307 3207 563 3286 τοῦτοού
596 3207 908 3278 μονοειδῶς,
942 3206 1060 3260 ἀλλ’
1084 3208 1143 3260 ὲν
1170 3205 1354 3277 σχέσει
1383 3207 1479 3261 καὶ
1508 3198 1779 3276 σύναφείᾳ

197 3294 655 3368 παραλλαττούσῃ
687 3294 1024 3350 διπλασίονι·
1057 3296 1153 3350 καὶ
1181 3295 1362 3366 δῆλον,
1400 3295 1476 3359 ὡς
1505 3296 1779 3365 ἑκατέρας

196 3376 302 3442 τῶν
332 3390 608 3459 συζυγιῶν
633 3390 896 3460 ἑκάτερον
924 3389 1029 3447 τοῦ,
1055 3391 1274 3457 κυρίως
1311 3390 1406 3442 καὶ
1433 3389 1529 3443 τοῦ
1570 3390 1641 3442 οὐ
1672 3404 1780 3442 κυ-

197 3482 335 3549 ρίως
355 3483 616 3546 ἐναντίως
722 3482 808 3552 ἐφ’
832 3481 991 3553 ἡμῶν
1018 3480 1135 3552 ἔχει
1155 3498 1168 3512 ⁸
1206 3482 1302 3535 καὶ
1333 3481 1521 3551 ἐπειδὴ
1549 3477 1781 3545 ἐπεζεύ-

206 3574 305 3645 χθη
335 3575 401 3629 τὰ
429 3574 694 3645 ὀνόματα,
731 3575 792 3627 τὸ
825 3574 968 3640 Θεὸς
1002 3574 1149 3643 λέγω
1178 3574 1273 3628 καὶ
1307 3573 1532 3641 Πατὴρ,
1563 3572 1654 3626 διὰ
1682 3572 1784 3643 τῆς

202 3662 295 3716 τοῦ
334 3666 559 3734 κυρίως
586 3663 1270 3741 οἰκειώσεως,.ὲπεζεύχθη
1296 3664 1354 3717 δὲ
1384 3663 1539 3717 οὐδὲν
1563 3661 1784 3715 ἔλαττον

207 3759 296 3810 καὶ
324 3758 414 3811 διὰ
443 3759 547 3828 τῆς
581 3757 676 3811 τοῦ
700 3757 787 3827 μὴ
818 3735 1041 3826 διυρίως
1075 3757 1483 3827 συναρτήσεως,
1520 3755 1569 3807 εί
1607 3753 1785 3825 βούλει

207 3846 261 3900 δὲ
294 3848 387 3901 καὶ
424 3849 563 3902 διότι
594 3849 686 3902 ἐπὶ
710 3850 810 3918 τῆς
840 3847 1012 3918 αὐτῆς
1060 3848 1435 3910 ὑποστάσεως,
1481 3847 1531 3899 εί
1570 3846 1665 3899 καὶ
1714 3846 1788 3917 μὴ

210 3940 404 4019 ὁμοίως
432 3942 691 4012 φέρεται,
722 3940 1000 4012 πρόφασις
1034 3940 1227 4009 γέγονε
1256 3940 1693 4009 τοῖςάίρετικοῖς
1727 3938 1790 3991 τὸ

211 4031 446 4087 τοιοῦτον
496 4035 578 4096 εἰς
625 4033 687 4085 τὸ
732 4032 1023 4103 κρατύνειν
1049 4031 1231 4085 αὐτῶν
1269 4031 1409 4103 μετά
1438 4029 1789 4103 προσωπείου

211 4122 271 4175 τὸ
294 4124 615 4195 δυσσέϐημα
646 4124 988 4178 κλεπτόντων
1023 4124 1123 4194 μὲν
1163 4124 1224 4177 τὸ
1254 4106 1595 4193 κυρίωςκα)⁸
1618 4125 1680 4177 τὸ
1717 4125 1790 4178 οὐ

216 4218 450 4284 κυρίως,
500 4217 848 4289 σεσυλημένα
899 4217 955 4271 δὲ
1003 4216 1389 4288 προφερόντων
1439 4217 1515 4280 ὡς
1550 4216 1617 4270 ἂν
1670 4215 1795 4286 βού-

1882 3112 2100 3182 proprie
2127 3113 2302 3182 accipi
2328 3112 2633 3187 apparebit,
2659 3113 2825 3181 idque
2848 3127 2955 3167 non
2985 3129 3092 3167 una
3123 3112 3472 3183 simplicique

1882 3200 2081 3263 forma,
2119 3201 2213 3256 sed
2256 3201 2311 3256 in
2364 3202 2684 3257 habitudine
2726 3210 2781 3256 et
2812 3202 3170 3279 copulatione
3224 3201 3475 3257 variante

1884 3293 2124 3364 gemina.
2158 3294 2224 3348 Et
2248 3301 2415 3363 patet,
2442 3293 2516 3347 'in‘
2541 3293 2802 3348 utralibet
2849 3292 3240 3363 coniugatione
3262 3302 3473 3349 utram-

1884 3388 2018 3443 libet
2077 3386 2283 3456 proprii
2336 3394 2391 3441 et
2440 3385 2626 3441 minus
2690 3385 2899 3457 proprii
2951 3386 3223 3439 rationem
3272 3374 3471 3440 contra

1886 3493 2054 3549 quam
2086 3477 2229 3548 apud
2260 3492 2363 3533 nos
2396 3476 2469 3533 sit
2494 3492 2553 3532 se
2584 3476 2808 3531 habere.
2834 3476 2899 3531 Et
2928 3477 3188 3545 quoniam
3219 3475 3471 3546 copulata

1890 3565 2111 3635 fuerunt
2138 3566 2386 3628 nomina,
2415 3565 2560 3621 Deus
2599 3567 2821 3636 inquam
2867 3574 2922 3620 et
2966 3564 3148 3629 Pater,
3179 3581 3276 3635 per
3308 3564 3476 3634 huius

1890 3658 2134 3713 adverbii
2170 3660 2382 3729 proprie
2410 3659 2796 3730 adiectionem,
2840 3659 3087 3730 copulata
3120 3666 3304 3713 tamen
3334 3657 3479 3712 nihi-

1892 3750 2132 3806 lominus
2160 3750 2383 3805 fuerunt
2407 3767 2505 3821 per
2530 3752 2775 3807 adverbii
2805 3769 2905 3805 non
2934 3734 3145 3820 proprie
3177 3749 3482 3819 colligatio-

1893 3858 2040 3909 nem,
2076 3842 2157 3897 vel
2185 3843 2231 3897 si
2262 3843 2346 3898 vis
2374 3843 2563 3906 etiam,
2594 3844 2722 3913 quia
2745 3843 2836 3897 illa
2865 3843 2931 3897 de
2960 3843 3149 3897 eadem
3176 3839 3480 3913 hypostasi,

1895 3937 2019 3990 licet
2060 3951 2167 3990 non
2204 3936 2476 4001 similiter,
2510 3934 2834 3997 ell‘eruntur,
2870 3935 2920 3988 id
2953 3949 3087 3990 ansa
3119 3933 3332 3987 exstitit
3368 3924 3511 3984 har'

1896 4027 2081 4081 relicis
2112 4026 2180 4081 ad
2226 4025 2659 4082 conﬁrmandam
2690 4041 2817 4079 cum
2863 4023 3055 4079 fraude
3103 4030 3258 4077 suam
3292 4020 3486 4089 impie-

1897 4127 2085 4184 tatem,
2121 4117 2496 4172 aul‘erentibus
2548 4116 2768 4186 quidem
2812 4129 2976 4169 voces
3025 4112 3146 4167 illas
3190 4110 3401 4179 proprie
3432 4118 3488 4179 et

1897 4211 2182 4280 improprie
2211 4209 2446 4279 doloque
2483 4208 2749 4278 sacrilego
2776 4206 2841 4261 ad
2881 4221 3041 4260 suum
3072 4199 3482 4274 prol‘erentibns

218 4307 387 4361 λοιντο
420 4309 727 4378 τὸ’Πατὴρ
757 4309 851 4363 καί
883 4326 947 4376 γε
981 4308 1041 4362 τὸ
1072 4308 1217 4374 Θεὸς
1246 4308 1330 4377 ἐφ’
1370 4308 1644 4379 ἑκατέρας
1683 4306 1785 4360 τῶν

1902 4304 2114 4358 libitum
2137 4318 2326 4357 vocem
2361 4301 2507 4357 illam
2545 4299 2728 4355 Patris
2756 4309 2810 4355 et
2838 4298 2930 4353 Dei
2956 4312 3121 4366 supra
3169 4292 3487 4349 utramlibet

219 4398 337 4452 καθ’
382 4400 686 4453 ὑπόστασιν
734 4400 1032 4471 ήνωμένων
1086 4387 1307 4469 φύσεων
1353 4400 1491 4471 πρὸς
1552 4398 1651 4470 τὴν
1696 4400 1785 4468 τῆς

1904 4406 2227 4450 naturarum
2250 4393 2593 4466 hypostatiee
2630 4392 2930 4455 unitarum,
2960 4399 3019 4443 ut
3042 4403 3196 4444 suam
3226 4384 3488 4453 blasphe-

224 4483 351 4549 ἰδίας
383 4486 741 4558 βλασφημίας
776 4487 1058 4543 σύστασιν.
1099 4488 1263 4543 Ἀλλὰ
1298 4488 1426 4559 περὶ
1463 4489 1563 4560 μὲν
1590 4484 1796 4543 τούτων

222 4577 455 4632 τοσαῦτα
483 4580 515 4633 6
544 4580 643 4650 τῆς
669 4580 959 4651 φιλοσόφου
988 4580 1223 4652 θεωρίας
1251 4579 1473 4647 διέξεισι
1504 4579 1686 4649 λόγος.
1728 4662 1733 4667 Ι

1906 4490 2070 4543 miam
2102 4487 2400 4544 stabiliant.
2429 4484 2631 4541 Verum
2679 4484 2793 4539 haec
2831 4483 3045 4554 quidem
3077 4482 3151 4535 ita
3191 4494 3257 4534 ex
3298 4476 3489 4533 catho-

1845 4590 1860 4605 ‘
1906 4582 2025 4638 licae
2051 4580 2176 4637 fidei
2205 4580 2455 4635 doctrina
2488 4577 2852 4649 explicantur.

1725 4758 1960 4815 NOTAE.

304 4901 412 4971 (52)
443 4901 739 4956 Chiasmus
769 4907 855 4956 est
894 4899 1067 4971 ﬁgura
1107 4895 1575 4971 formanLIittera:
1639 4909 1673 4949 ι
1722 4894 2015 4950 exhibens.
2084 4893 2143 4947 In

235 4964 528 5043 ascriptum
557 4980 639 5026 est
662 4988 677 5026 :
852 5034 860 5041 ι
935 4964 959 4971 ’
1323 4964 1510 5043 Παιτὲ

1386 5362 1422 5408 νε

1390 5406 1420 5428 ι.

1369 5436 1440 5491 '2.

1377 5493 1422 5567 Ξ

2203 4892 2469 5015 οὲιὶὸτνοι.
2534 4888 2755 4947 schema
2808 4900 2839 4940 a
2885 4881 3079 4938 Photio
3141 4882 3488 4955 designatum

2271 4979 2297 5015 ε
2329 4982 2359 5015 c
2585 5005 2593 5012 .

2271 4979 2359 5029 εος

1651 5187 1716 5241 οδ
1949 5179 2048 5260 κκοίλ

1882 5250 1970 5341 {PQ

1836 5367 1917 5446 +0
2282 5344 2318 5408 ἔ
2535 5390 2550 5407 .
2632 5374 2637 5379 -

1892 5441 1974 5477 10/
2266 5418 2334 5469 ’Ξ-

1427 5479 1440 5491 θ
1931 5477 1990 5520 σε
2283 5474 2318 5517 ε

1976 5514 2016 5549 s‘
2273 5522 2320 5547 an

1605 5566 1661 5631 ὀρ

1425 5803 1441 5853 τ
1547 5796 1608 5833 ου
1855 5456 2704 5849 \ofinpoalﬁppato;
