  <div class='ocr_page' id='page_1' title='image "/cluster/home/n/w/nwhite01/storage/ocr_20150623/101 pt.1/mdp.39015061955830/270.png"; bbox 0 0 3820 6212; ppageno 0'>
   <div class='ocr_carea' id='block_1_1' title="bbox 83 334 1700 413">
    <p class='ocr_par' dir='ltr' id='par_1_1' title="bbox 83 334 1700 413">
     <span class='ocr_line' id='line_1_1' title="bbox 83 334 1700 413; baseline -0.007 -14"><span class='ocrx_word' id='word_1_1' title='bbox 83 341 317 413; x_wconf 67' lang='grc' dir='ltr'>θειασμδς</span> <span class='ocrx_word' id='word_1_2' title='bbox 375 335 718 410; x_wconf 76' lang='grc' dir='ltr'>όργιάζεται·</span> <span class='ocrx_word' id='word_1_3' title='bbox 775 336 1004 400; x_wconf 72' lang='grc' dir='ltr'>εἰκότως</span> <span class='ocrx_word' id='word_1_4' title='bbox 1059 335 1309 407; x_wconf 72' lang='grc' dir='ltr'>ἠρκέσθη</span> <span class='ocrx_word' id='word_1_5' title='bbox 1368 334 1458 389; x_wconf 74' lang='grc' dir='ltr'><strong>διὰ</strong></span> <span class='ocrx_word' id='word_1_6' title='bbox 1513 335 1624 388; x_wconf 77' lang='grc' dir='ltr'><strong>τῶν</strong></span> <span class='ocrx_word' id='word_1_7' title='bbox 1655 341 1700 398; x_wconf 73' lang='grc' dir='ltr'>Α</span> 
     </span>
    </p>
   </div>
   <div class='ocr_carea' id='block_1_2' title="bbox 81 426 1622 507">
    <p class='ocr_par' dir='ltr' id='par_1_2' title="bbox 81 426 1622 507">
     <span class='ocr_line' id='line_1_2' title="bbox 81 426 1622 507; baseline -0.006 -17"><span class='ocrx_word' id='word_1_8' title='bbox 81 435 513 507; x_wconf 70' lang='grc' dir='ltr'><strong>παραδειγμάτων</strong></span> <span class='ocrx_word' id='word_1_9' title='bbox 562 428 913 499; x_wconf 80' lang='grc' dir='ltr'><strong>στηλιτεῦσαι</strong></span> <span class='ocrx_word' id='word_1_10' title='bbox 960 431 1088 492; x_wconf 71' lang='grc' dir='ltr'>τοὺς</span> <span class='ocrx_word' id='word_1_11' title='bbox 1137 428 1479 499; x_wconf 83' lang='grc' dir='ltr'>τεχνολογεῖν</span> <span class='ocrx_word' id='word_1_12' title='bbox 1524 426 1622 499; x_wconf 78' lang='grc' dir='ltr'>τὴν</span> 
     </span>
    </p>
   </div>
   <div class='ocr_carea' id='block_1_3' title="bbox 81 518 1626 593">
    <p class='ocr_par' dir='ltr' id='par_1_3' title="bbox 81 518 1626 593">
     <span class='ocr_line' id='line_1_3' title="bbox 81 518 1626 593; baseline -0.008 -10"><span class='ocrx_word' id='word_1_13' title='bbox 81 530 164 583; x_wconf 84' lang='grc' dir='ltr'>τοῦ</span> <span class='ocrx_word' id='word_1_14' title='bbox 198 525 325 580; x_wconf 87' lang='grc' dir='ltr'><strong>Θεοῦ</strong></span> <span class='ocrx_word' id='word_1_15' title='bbox 353 523 509 593; x_wconf 76' lang='grc' dir='ltr'>φύσιν</span> <span class='ocrx_word' id='word_1_16' title='bbox 535 524 615 586; x_wconf 79' lang='grc' dir='ltr'>εἰς</span> <span class='ocrx_word' id='word_1_17' title='bbox 649 521 850 593; x_wconf 81' lang='grc' dir='ltr'><strong>θράσος</strong></span> <span class='ocrx_word' id='word_1_18' title='bbox 878 521 1278 591; x_wconf 82' lang='grc' dir='ltr'>ἀπενεχθέντας</span> <span class='ocrx_word' id='word_1_19' title='bbox 1307 518 1490 589; x_wconf 80' lang='grc' dir='ltr'>πολλῷ</span> <span class='ocrx_word' id='word_1_20' title='bbox 1518 519 1626 571; x_wconf 83' lang='grc' dir='ltr'>δει-</span> 
     </span>
    </p>
   </div>
   <div class='ocr_carea' id='block_1_4' title="bbox 85 612 1626 690">
    <p class='ocr_par' dir='ltr' id='par_1_4' title="bbox 85 612 1626 690">
     <span class='ocr_line' id='line_1_4' title="bbox 85 612 1626 690; baseline -0.006 -16"><span class='ocrx_word' id='word_1_21' title='bbox 85 619 396 690; x_wconf 81' lang='grc' dir='ltr'>σιδαιμονίας</span> <span class='ocrx_word' id='word_1_22' title='bbox 436 615 838 687; x_wconf 69' lang='grc' dir='ltr'>χαλεπώτερον,</span> <span class='ocrx_word' id='word_1_23' title='bbox 873 616 969 667; x_wconf 61' lang='grc' dir='ltr'><strong>καλ⁸</strong></span> <span class='ocrx_word' id='word_1_24' title='bbox 1011 614 1220 679; x_wconf 81' lang='grc' dir='ltr'>δεῖξαι,</span> <span class='ocrx_word' id='word_1_25' title='bbox 1271 613 1406 682; x_wconf 77' lang='grc' dir='ltr'>μηδὲ</span> <span class='ocrx_word' id='word_1_26' title='bbox 1437 613 1498 665; x_wconf 81' lang='grc' dir='ltr'>τὸ</span> <span class='ocrx_word' id='word_1_27' title='bbox 1526 612 1626 681; x_wconf 77' lang='grc' dir='ltr'>τῆς</span> 
     </span>
    </p>
   </div>
   <div class='ocr_carea' id='block_1_5' title="bbox 83 684 1645 780">
    <p class='ocr_par' dir='ltr' id='par_1_5' title="bbox 83 684 1645 780">
     <span class='ocr_line' id='line_1_5' title="bbox 83 684 1645 780; baseline -0.008 -12"><span class='ocrx_word' id='word_1_28' title='bbox 83 684 394 780; x_wconf 55' lang='grc' dir='ltr'>ἀντιοάσεως</span> <span class='ocrx_word' id='word_1_29' title='bbox 424 684 604 771; x_wconf 78' lang='grc' dir='ltr'>αὑτοῖς</span> <span class='ocrx_word' id='word_1_30' title='bbox 638 684 1077 777; x_wconf 70' lang='grc' dir='ltr'>πολυθρύλλητον</span> <span class='ocrx_word' id='word_1_31' title='bbox 1119 705 1351 774; x_wconf 84' lang='grc' dir='ltr'>δργανον</span> <span class='ocrx_word' id='word_1_32' title='bbox 1389 704 1484 756; x_wconf 79' lang='grc' dir='ltr'><strong>ἐπὶ</strong></span> <span class='ocrx_word' id='word_1_33' title='bbox 1516 684 1645 757; x_wconf 57' lang='grc' dir='ltr'><strong>τῶν</strong></span> 
     </span>
    </p>
   </div>
   <div class='ocr_carea' id='block_1_6' title="bbox 83 795 1625 876">
    <p class='ocr_par' dir='ltr' id='par_1_6' title="bbox 83 795 1625 876">
     <span class='ocr_line' id='line_1_6' title="bbox 83 795 1625 876; baseline -0.01 -16"><span class='ocrx_word' id='word_1_34' title='bbox 83 808 324 876; x_wconf 78' lang='grc' dir='ltr'>τυχόντων</span> <span class='ocrx_word' id='word_1_35' title='bbox 354 804 442 856; x_wconf 79' lang='grc' dir='ltr'><strong>ἀεὶ</strong></span> <span class='ocrx_word' id='word_1_36' title='bbox 470 802 813 872; x_wconf 75' lang='grc' dir='ltr'><strong>πραγμάτων</strong></span> <span class='ocrx_word' id='word_1_37' title='bbox 855 799 952 870; x_wconf 82' lang='grc' dir='ltr'>τὴν</span> <span class='ocrx_word' id='word_1_38' title='bbox 996 798 1155 869; x_wconf 76' lang='grc' dir='ltr'>ἰσχὺν</span> <span class='ocrx_word' id='word_1_39' title='bbox 1197 797 1412 868; x_wconf 83' lang='grc' dir='ltr'>ἄμαχον</span> <span class='ocrx_word' id='word_1_40' title='bbox 1459 795 1625 865; x_wconf 77' lang='grc' dir='ltr'>ἔχειν,</span> 
     </span>
    </p>
   </div>
   <div class='ocr_carea' id='block_1_7' title="bbox 87 885 1630 969">
    <p class='ocr_par' dir='ltr' id='par_1_7' title="bbox 87 885 1630 969">
     <span class='ocr_line' id='line_1_7' title="bbox 87 885 1630 969; baseline -0.006 -21"><span class='ocrx_word' id='word_1_41' title='bbox 87 901 202 969; x_wconf 81' lang='grc' dir='ltr'>μήτι</span> <span class='ocrx_word' id='word_1_42' title='bbox 229 912 288 964; x_wconf 86' lang='grc' dir='ltr'><strong>γε</strong></span> <span class='ocrx_word' id='word_1_43' title='bbox 316 895 598 964; x_wconf 74' lang='grc' dir='ltr'><strong>κριτήριον</strong></span> <span class='ocrx_word' id='word_1_44' title='bbox 642 892 909 962; x_wconf 80' lang='grc' dir='ltr'><strong>ὑπάρχειν</strong></span> <span class='ocrx_word' id='word_1_45' title='bbox 949 891 1050 958; x_wconf 77' lang='grc' dir='ltr'>τῆς</span> <span class='ocrx_word' id='word_1_46' title='bbox 1082 888 1397 958; x_wconf 79' lang='grc' dir='ltr'><strong>ὑπερφυοῦς</strong></span> <span class='ocrx_word' id='word_1_47' title='bbox 1441 885 1630 950; x_wconf 81' lang='grc' dir='ltr'>οὐσίας</span> 
     </span>
    </p>
   </div>
   <div class='ocr_carea' id='block_1_8' title="bbox 88 975 1630 1054">
    <p class='ocr_par' dir='ltr' id='par_1_8' title="bbox 88 975 1630 1054">
     <span class='ocr_line' id='line_1_8' title="bbox 88 975 1630 1054; baseline -0.007 -15"><span class='ocrx_word' id='word_1_48' title='bbox 88 989 169 1040; x_wconf 79' lang='grc' dir='ltr'>καὶ</span> <span class='ocrx_word' id='word_1_49' title='bbox 201 984 331 1054; x_wconf 80' lang='grc' dir='ltr'>ὑπὲρ</span> <span class='ocrx_word' id='word_1_50' title='bbox 359 982 516 1051; x_wconf 89' lang='grc' dir='ltr'>λόγον</span> <span class='ocrx_word' id='word_1_51' title='bbox 556 981 998 1052; x_wconf 77' lang='grc' dir='ltr'><strong>μεγαλειότητος.</strong></span> <span class='ocrx_word' id='word_1_52' title='bbox 1030 979 1207 1032; x_wconf 76' lang='grc' dir='ltr'>Πολλὰ</span> <span class='ocrx_word' id='word_1_53' title='bbox 1230 979 1275 1032; x_wconf 86' lang='grc' dir='ltr'>δ’</span> <span class='ocrx_word' id='word_1_54' title='bbox 1301 978 1368 1031; x_wconf 81' lang='grc' dir='ltr'>ἂν</span> <span class='ocrx_word' id='word_1_55' title='bbox 1393 977 1477 1047; x_wconf 72' lang='grc' dir='ltr'>εἴη</span> <span class='ocrx_word' id='word_1_56' title='bbox 1519 975 1630 1030; x_wconf 84' lang='grc' dir='ltr'><strong>τῶν</strong></span> 
     </span>
    </p>
   </div>
   <div class='ocr_carea' id='block_1_9' title="bbox 88 1069 1630 1148">
    <p class='ocr_par' dir='ltr' id='par_1_9' title="bbox 88 1069 1630 1148">
     <span class='ocr_line' id='line_1_9' title="bbox 88 1069 1630 1148; baseline -0.005 -20"><span class='ocrx_word' id='word_1_57' title='bbox 88 1078 320 1148; x_wconf 68' lang='grc' dir='ltr'>ῥημάτων</span> <span class='ocrx_word' id='word_1_58' title='bbox 350 1076 410 1127; x_wconf 78' lang='grc' dir='ltr'>τὸ</span> <span class='ocrx_word' id='word_1_59' title='bbox 457 1075 556 1144; x_wconf 82' lang='grc' dir='ltr'>μὲν</span> <span class='ocrx_word' id='word_1_60' title='bbox 601 1074 790 1144; x_wconf 87' lang='grc' dir='ltr'>σχῆμα</span> <span class='ocrx_word' id='word_1_61' title='bbox 826 1072 1071 1137; x_wconf 81' lang='grc' dir='ltr'><strong>σώζοντα</strong></span> <span class='ocrx_word' id='word_1_62' title='bbox 1111 1070 1212 1140; x_wconf 82' lang='grc' dir='ltr'>τῆς</span> <span class='ocrx_word' id='word_1_63' title='bbox 1265 1069 1630 1138; x_wconf 75' lang='grc' dir='ltr'>ἀντιφάσεως,</span> 
     </span>
    </p>
   </div>
   <div class='ocr_carea' id='block_1_10' title="bbox 85 1159 1630 1240">
    <p class='ocr_par' dir='ltr' id='par_1_10' title="bbox 85 1159 1630 1240">
     <span class='ocr_line' id='line_1_10' title="bbox 85 1159 1630 1240; baseline -0.006 -19"><span class='ocrx_word' id='word_1_64' title='bbox 85 1170 169 1240; x_wconf 74' lang='grc' dir='ltr'><strong>τήν</strong></span> <span class='ocrx_word' id='word_1_65' title='bbox 193 1168 244 1220; x_wconf 80' lang='grc' dir='ltr'>δὲ</span> <span class='ocrx_word' id='word_1_66' title='bbox 276 1166 460 1239; x_wconf 74' lang='grc' dir='ltr'>χρείαν</span> <span class='ocrx_word' id='word_1_67' title='bbox 497 1165 683 1218; x_wconf 70' lang='grc' dir='ltr'>οὐκέτι</span> <span class='ocrx_word' id='word_1_68' title='bbox 717 1165 917 1234; x_wconf 86' lang='grc' dir='ltr'>ὁμοίως</span> <span class='ocrx_word' id='word_1_69' title='bbox 947 1163 1260 1233; x_wconf 81' lang='grc' dir='ltr'>παρέχοντα</span> <span class='ocrx_word' id='word_1_70' title='bbox 1287 1160 1388 1229; x_wconf 75' lang='grc' dir='ltr'>τῆς</span> <span class='ocrx_word' id='word_1_71' title='bbox 1413 1159 1630 1230; x_wconf 88' lang='grc' dir='ltr'>διακρί-</span> 
     </span>
    </p>
   </div>
   <div class='ocr_carea' id='block_1_11' title="bbox 89 1249 1632 1326">
    <p class='ocr_par' dir='ltr' id='par_1_11' title="bbox 89 1249 1632 1326">
     <span class='ocr_line' id='line_1_11' title="bbox 89 1249 1632 1326; baseline -0.005 -14"><span class='ocrx_word' id='word_1_72' title='bbox 89 1277 206 1322; x_wconf 85' lang='grc' dir='ltr'>σεως</span> <span class='ocrx_word' id='word_1_73' title='bbox 225 1275 238 1288; x_wconf 93' lang='grc'><strong>·</strong></span> <span class='ocrx_word' id='word_1_74' title='bbox 270 1252 376 1310; x_wconf 82' lang='grc' dir='ltr'>οἷον</span> <span class='ocrx_word' id='word_1_75' title='bbox 399 1258 554 1320; x_wconf 78' lang='grc' dir='ltr'>εἴτις</span> <span class='ocrx_word' id='word_1_76' title='bbox 585 1258 712 1326; x_wconf 79' lang='grc' dir='ltr'>περὶ</span> <span class='ocrx_word' id='word_1_77' title='bbox 735 1255 830 1308; x_wconf 80' lang='grc' dir='ltr'><strong>τού</strong></span> <span class='ocrx_word' id='word_1_78' title='bbox 859 1255 1059 1319; x_wconf 75' lang='grc' dir='ltr'>ζῶντος</span> <span class='ocrx_word' id='word_1_79' title='bbox 1089 1249 1374 1326; x_wconf 80' lang='grc' dir='ltr'>ἐπερωτᾷ,</span> <span class='ocrx_word' id='word_1_80' title='bbox 1402 1249 1632 1324; x_wconf 85' lang='grc' dir='ltr'>πότερον</span> 
     </span>
    </p>
   </div>
   <div class='ocr_carea' id='block_1_12' title="bbox 85 1347 1635 1421">
    <p class='ocr_par' dir='ltr' id='par_1_12' title="bbox 85 1347 1635 1421">
     <span class='ocr_line' id='line_1_12' title="bbox 85 1347 1635 1421; baseline -0.005 -17"><span class='ocrx_word' id='word_1_81' title='bbox 85 1347 221 1414; x_wconf 73' lang='grc' dir='ltr'>οὗτος</span> <span class='ocrx_word' id='word_1_82' title='bbox 247 1351 602 1421; x_wconf 80' lang='grc' dir='ltr'><strong>ἀναστήσεται</strong></span> <span class='ocrx_word' id='word_1_83' title='bbox 636 1347 730 1402; x_wconf 82' lang='grc' dir='ltr'><strong>τοῦ</strong></span> <span class='ocrx_word' id='word_1_84' title='bbox 755 1349 1012 1414; x_wconf 79' lang='grc' dir='ltr'>θανάτου,</span> <span class='ocrx_word' id='word_1_85' title='bbox 1062 1349 1095 1419; x_wconf 87' lang='grc' dir='ltr'>ἢ</span> <span class='ocrx_word' id='word_1_86' title='bbox 1124 1350 1225 1401; x_wconf 84' lang='grc' dir='ltr'><strong>οὑκ</strong></span> <span class='ocrx_word' id='word_1_87' title='bbox 1252 1347 1307 1416; x_wconf 80' lang='grc'><strong>(5</strong></span> <span class='ocrx_word' id='word_1_88' title='bbox 1321 1349 1364 1414; x_wconf 77' lang='grc' dir='ltr'>ι)</span> <span class='ocrx_word' id='word_1_89' title='bbox 1394 1347 1635 1416; x_wconf 83' lang='grc' dir='ltr'>ἀναστή-</span> 
     </span>
    </p>
   </div>
   <div class='ocr_carea' id='block_1_13' title="bbox 90 1437 1637 1512">
    <p class='ocr_par' dir='ltr' id='par_1_13' title="bbox 90 1437 1637 1512">
     <span class='ocr_line' id='line_1_13' title="bbox 90 1437 1637 1512; baseline -0.006 -13"><span class='ocrx_word' id='word_1_90' title='bbox 90 1459 256 1499; x_wconf 80' lang='grc' dir='ltr'>σεται·</span> <span class='ocrx_word' id='word_1_91' title='bbox 284 1443 565 1512; x_wconf 75' lang='grc' dir='ltr'>οὐδέτερον</span> <span class='ocrx_word' id='word_1_92' title='bbox 607 1441 718 1512; x_wconf 77' lang='grc' dir='ltr'>γὰρ</span> <span class='ocrx_word' id='word_1_93' title='bbox 760 1439 996 1494; x_wconf 73' lang='grc' dir='ltr'>ἐνταῦθα</span> <span class='ocrx_word' id='word_1_94' title='bbox 1041 1437 1448 1510; x_wconf 78' lang='grc' dir='ltr'>σωφρονοῦντός</span> <span class='ocrx_word' id='word_1_95' title='bbox 1488 1439 1637 1489; x_wconf 82' lang='grc' dir='ltr'>ἐστιν</span> 
     </span>
    </p>
   </div>
   <div class='ocr_carea' id='block_1_14' title="bbox 88 1529 1632 1602">
    <p class='ocr_par' dir='ltr' id='par_1_14' title="bbox 88 1529 1632 1602">
     <span class='ocr_line' id='line_1_14' title="bbox 88 1529 1632 1602; baseline -0.005 -14"><span class='ocrx_word' id='word_1_96' title='bbox 88 1533 444 1602; x_wconf 70' lang='grc' dir='ltr'>ἀποδέξασθαι.</span> <span class='ocrx_word' id='word_1_97' title='bbox 492 1533 688 1586; x_wconf 81' lang='grc' dir='ltr'>Καίτοι</span> <span class='ocrx_word' id='word_1_98' title='bbox 717 1548 782 1600; x_wconf 87' lang='grc' dir='ltr'><strong>γε</strong></span> <span class='ocrx_word' id='word_1_99' title='bbox 805 1533 851 1600; x_wconf 52' lang='grc' dir='ltr'><strong>ίή</strong></span> <span class='ocrx_word' id='word_1_100' title='bbox 894 1530 1146 1600; x_wconf 78' lang='grc' dir='ltr'>παροῦσα</span> <span class='ocrx_word' id='word_1_101' title='bbox 1177 1529 1271 1582; x_wconf 82' lang='grc' dir='ltr'>τοῦ</span> <span class='ocrx_word' id='word_1_102' title='bbox 1303 1529 1463 1597; x_wconf 86' lang='grc' dir='ltr'>λόγου</span> <span class='ocrx_word' id='word_1_103' title='bbox 1507 1545 1632 1580; x_wconf 87' lang='grc' dir='ltr'>συν-</span> 
     </span>
    </p>
   </div>
   <div class='ocr_carea' id='block_1_15' title="bbox 88 1619 1638 1697">
    <p class='ocr_par' dir='ltr' id='par_1_15' title="bbox 88 1619 1638 1697">
     <span class='ocr_line' id='line_1_15' title="bbox 88 1619 1638 1697; baseline -0.006 -17"><span class='ocrx_word' id='word_1_104' title='bbox 88 1628 213 1697; x_wconf 82' lang='grc' dir='ltr'>θήκη</span> <span class='ocrx_word' id='word_1_105' title='bbox 244 1628 335 1678; x_wconf 83' lang='grc' dir='ltr'>καὶ</span> <span class='ocrx_word' id='word_1_106' title='bbox 365 1625 528 1678; x_wconf 81' lang='grc' dir='ltr'>πλέον</span> <span class='ocrx_word' id='word_1_107' title='bbox 557 1642 610 1678; x_wconf 90' lang='grc' dir='ltr'><strong>τι</strong></span> <span class='ocrx_word' id='word_1_108' title='bbox 654 1623 790 1695; x_wconf 83' lang='grc' dir='ltr'>πρὸς</span> <span class='ocrx_word' id='word_1_109' title='bbox 824 1623 1125 1692; x_wconf 78' lang='grc' dir='ltr'>ἀσφάλειαν</span> <span class='ocrx_word' id='word_1_110' title='bbox 1171 1621 1316 1690; x_wconf 81' lang='grc' dir='ltr'>ἔχειν</span> <span class='ocrx_word' id='word_1_111' title='bbox 1359 1619 1537 1672; x_wconf 73' lang='grc' dir='ltr'>δοκεῖ’</span> <span class='ocrx_word' id='word_1_112' title='bbox 1579 1619 1638 1670; x_wconf 85' lang='grc' dir='ltr'>τὸ</span> 
     </span>
    </p>
   </div>
   <div class='ocr_carea' id='block_1_16' title="bbox 89 1709 1635 1789">
    <p class='ocr_par' dir='ltr' id='par_1_16' title="bbox 89 1709 1635 1789">
     <span class='ocr_line' id='line_1_16' title="bbox 89 1709 1635 1789; baseline -0.006 -18"><span class='ocrx_word' id='word_1_113' title='bbox 89 1722 182 1789; x_wconf 77' lang='grc' dir='ltr'><strong>γὰρ</strong></span> <span class='ocrx_word' id='word_1_114' title='bbox 214 1716 508 1789; x_wconf 82' lang='grc' dir='ltr'>ἀρνητικὸν.</span> <span class='ocrx_word' id='word_1_115' title='bbox 549 1716 738 1788; x_wconf 87' lang='grc' dir='ltr'>μόριον</span> <span class='ocrx_word' id='word_1_116' title='bbox 763 1715 844 1786; x_wconf 82' lang='grc' dir='ltr'>τῷ</span> <span class='ocrx_word' id='word_1_117' title='bbox 867 1709 1331 1785; x_wconf 71' lang='grc' dir='ltr'>κατηγορουμένῳ</span> <span class='ocrx_word' id='word_1_118' title='bbox 1362 1713 1635 1780; x_wconf 76' lang='grc' dir='ltr'>συνῆπται</span> 
     </span>
    </p>
   </div>
   <div class='ocr_carea' id='block_1_17' title="bbox 91 1800 1637 1879">
    <p class='ocr_par' dir='ltr' id='par_1_17' title="bbox 91 1800 1637 1879">
     <span class='ocr_line' id='line_1_17' title="bbox 91 1800 1637 1879; baseline -0.006 -16"><span class='ocrx_word' id='word_1_119' title='bbox 91 1812 272 1879; x_wconf 81' lang='grc' dir='ltr'>ῥήματι</span> <span class='ocrx_word' id='word_1_120' title='bbox 292 1826 304 1839; x_wconf 79' lang='grc'><em>’</em></span> <span class='ocrx_word' id='word_1_121' title='bbox 327 1806 441 1862; x_wconf 79' lang='grc' dir='ltr'>ἀλλ’</span> <span class='ocrx_word' id='word_1_122' title='bbox 467 1807 528 1859; x_wconf 84' lang='grc' dir='ltr'><strong>ού</strong></span> <span class='ocrx_word' id='word_1_123' title='bbox 555 1805 756 1877; x_wconf 78' lang='grc' dir='ltr'>μετέϐη</span> <span class='ocrx_word' id='word_1_124' title='bbox 789 1805 926 1874; x_wconf 85' lang='grc' dir='ltr'>πρὸς</span> <span class='ocrx_word' id='word_1_125' title='bbox 947 1805 1010 1856; x_wconf 87' lang='grc' dir='ltr'>τὸ</span> <span class='ocrx_word' id='word_1_126' title='bbox 1039 1804 1420 1873; x_wconf 84' lang='grc' dir='ltr'>ὑποκείμενον.</span> <span class='ocrx_word' id='word_1_127' title='bbox 1450 1800 1637 1855; x_wconf 88' lang='grc' dir='ltr'><strong>Τοιοῦ-</strong></span> 
     </span>
    </p>
   </div>
   <div class='ocr_carea' id='block_1_18' title="bbox 88 1895 1637 1970">
    <p class='ocr_par' dir='ltr' id='par_1_18' title="bbox 88 1895 1637 1970">
     <span class='ocr_line' id='line_1_18' title="bbox 88 1895 1637 1970; baseline -0.005 -16"><span class='ocrx_word' id='word_1_128' title='bbox 88 1920 165 1954; x_wconf 87' lang='grc' dir='ltr'><strong>τον</strong></span> <span class='ocrx_word' id='word_1_129' title='bbox 193 1901 244 1953; x_wconf 81' lang='grc' dir='ltr'>δὲ</span> <span class='ocrx_word' id='word_1_130' title='bbox 276 1900 471 1962; x_wconf 75' lang='grc' dir='ltr'>καὶτὸ,</span> <span class='ocrx_word' id='word_1_131' title='bbox 506 1901 743 1970; x_wconf 78' lang='grc' dir='ltr'>Πότερον</span> <span class='ocrx_word' id='word_1_132' title='bbox 775 1900 902 1962; x_wconf 85' lang='grc' dir='ltr'>τοὺς</span> <span class='ocrx_word' id='word_1_133' title='bbox 925 1897 1037 1951; x_wconf 84' lang='grc' dir='ltr'><strong>τῶν</strong></span> <span class='ocrx_word' id='word_1_134' title='bbox 1070 1897 1302 1949; x_wconf 84' lang='grc' dir='ltr'><strong>λεόντων</strong></span> <span class='ocrx_word' id='word_1_135' title='bbox 1330 1895 1527 1966; x_wconf 77' lang='grc' dir='ltr'>δνυχας</span> <span class='ocrx_word' id='word_1_136' title='bbox 1555 1895 1637 1948; x_wconf 79' lang='grc' dir='ltr'>ἔτι</span> 
     </span>
    </p>
   </div>
   <div class='ocr_carea' id='block_1_19' title="bbox 89 1988 1636 2063">
    <p class='ocr_par' dir='ltr' id='par_1_19' title="bbox 89 1988 1636 2063">
     <span class='ocr_line' id='line_1_19' title="bbox 89 1988 1636 2063; baseline -0.004 -16"><span class='ocrx_word' id='word_1_137' title='bbox 89 1994 289 2063; x_wconf 75' lang='grc' dir='ltr'>φύουσιν</span> <span class='ocrx_word' id='word_1_138' title='bbox 319 1995 368 2046; x_wconf 83' lang='lat' dir='ltr'><strong>oi.</strong></span> <span class='ocrx_word' id='word_1_139' title='bbox 393 1992 505 2046; x_wconf 83' lang='grc' dir='ltr'>τῶν</span> <span class='ocrx_word' id='word_1_140' title='bbox 533 1991 835 2062; x_wconf 73' lang='grc' dir='ltr'>ἀνθρώπων</span> <span class='ocrx_word' id='word_1_141' title='bbox 861 1991 1042 2054; x_wconf 81' lang='grc' dir='ltr'>πόδες,</span> <span class='ocrx_word' id='word_1_142' title='bbox 1072 1991 1107 2061; x_wconf 78' lang='grc' dir='ltr'><strong>ἢ</strong></span> <span class='ocrx_word' id='word_1_143' title='bbox 1139 1989 1200 2042; x_wconf 89' lang='grc' dir='ltr'><strong>οὑ</strong></span> <span class='ocrx_word' id='word_1_144' title='bbox 1230 1990 1459 2058; x_wconf 80' lang='grc' dir='ltr'>φύουσιν</span> <span class='ocrx_word' id='word_1_145' title='bbox 1484 1988 1636 2054; x_wconf 84' lang='grc' dir='ltr'>;ἁλλ’</span> 
     </span>
    </p>
   </div>
   <div class='ocr_carea' id='block_1_20' title="bbox 87 2079 1635 2157">
    <p class='ocr_par' dir='ltr' id='par_1_20' title="bbox 87 2079 1635 2157">
     <span class='ocr_line' id='line_1_20' title="bbox 87 2079 1635 2157; baseline -0.003 -19"><span class='ocrx_word' id='word_1_146' title='bbox 87 2089 112 2138; x_wconf 87' lang='grc' dir='ltr'><strong>ό</strong></span> <span class='ocrx_word' id='word_1_147' title='bbox 149 2088 253 2149; x_wconf 82' lang='grc' dir='ltr'>τοῖς</span> <span class='ocrx_word' id='word_1_148' title='bbox 299 2084 525 2156; x_wconf 81' lang='grc' dir='ltr'><strong>δρόμοις</strong></span> <span class='ocrx_word' id='word_1_149' title='bbox 575 2085 878 2156; x_wconf 83' lang='grc' dir='ltr'>φερόμενος</span> <span class='ocrx_word' id='word_1_150' title='bbox 916 2084 1020 2154; x_wconf 80' lang='grc' dir='ltr'><strong>ήδη</strong></span> <span class='ocrx_word' id='word_1_151' title='bbox 1059 2085 1199 2157; x_wconf 61' lang='grc' dir='ltr'>πρὸς</span> <span class='ocrx_word' id='word_1_152' title='bbox 1241 2082 1496 2157; x_wconf 32' lang='grc' dir='ltr'>τὸλτέλος</span> <span class='ocrx_word' id='word_1_153' title='bbox 1539 2079 1635 2134; x_wconf 80' lang='grc' dir='ltr'><strong>τοῦ</strong></span> 
     </span>
    </p>
   </div>
   <div class='ocr_carea' id='block_1_21' title="bbox 88 2151 1640 2249">
    <p class='ocr_par' dir='ltr' id='par_1_21' title="bbox 88 2151 1640 2249">
     <span class='ocr_line' id='line_1_21' title="bbox 88 2151 1640 2249; baseline -0.005 -18"><span class='ocrx_word' id='word_1_154' title='bbox 88 2177 274 2246; x_wconf 79' lang='grc' dir='ltr'>ἀγῶνος</span> <span class='ocrx_word' id='word_1_155' title='bbox 311 2151 545 2248; x_wconf 73' lang='grc' dir='ltr'>πότερον</span> <span class='ocrx_word' id='word_1_156' title='bbox 575 2151 633 2229; x_wconf 71' lang='grc' dir='ltr'><strong>έν</strong></span> <span class='ocrx_word' id='word_1_157' title='bbox 648 2151 803 2246; x_wconf 74' lang='grc' dir='ltr'><strong>αὑτῷ</strong></span> <span class='ocrx_word' id='word_1_158' title='bbox 827 2174 906 2245; x_wconf 82' lang='grc' dir='ltr'>τῷ</span> <span class='ocrx_word' id='word_1_159' title='bbox 932 2151 1194 2246; x_wconf 55' lang='grc' dir='ltr'>φέρεσθαι</span> <span class='ocrx_word' id='word_1_160' title='bbox 1217 2151 1523 2249; x_wconf 18' lang='grc' dir='ltr'>τὴιῖῠάρχήν</span> <span class='ocrx_word' id='word_1_161' title='bbox 1539 2174 1640 2243; x_wconf 85' lang='grc' dir='ltr'>τῆς</span> 
     </span>
    </p>
   </div>
   <div class='ocr_carea' id='block_1_22' title="bbox 89 2253 1637 2340">
    <p class='ocr_par' dir='ltr' id='par_1_22' title="bbox 89 2253 1637 2340">
     <span class='ocr_line' id='line_1_22' title="bbox 89 2253 1637 2340; baseline 0.002 -20"><span class='ocrx_word' id='word_1_162' title='bbox 89 2272 238 2340; x_wconf 72' lang='grc' dir='ltr'>φορᾶς</span> <span class='ocrx_word' id='word_1_163' title='bbox 273 2253 534 2335; x_wconf 75' lang='grc' dir='ltr'>ἐὸᾴλετο,</span> <span class='ocrx_word' id='word_1_164' title='bbox 576 2268 612 2340; x_wconf 84' lang='grc' dir='ltr'>ἢ</span> <span class='ocrx_word' id='word_1_165' title='bbox 657 2269 796 2332; x_wconf 82' lang='grc' dir='ltr'>ὅλως</span> <span class='ocrx_word' id='word_1_166' title='bbox 844 2271 946 2321; x_wconf 86' lang='grc' dir='ltr'><strong>οὑκ</strong></span> <span class='ocrx_word' id='word_1_167' title='bbox 993 2267 1232 2339; x_wconf 74' lang='grc' dir='ltr'>ήρξατος</span> <span class='ocrx_word' id='word_1_168' title='bbox 1280 2267 1398 2331; x_wconf 82' lang='grc' dir='ltr'>πῶς</span> <span class='ocrx_word' id='word_1_169' title='bbox 1447 2267 1556 2336; x_wconf 77' lang='grc' dir='ltr'>γὰρ</span> <span class='ocrx_word' id='word_1_170' title='bbox 1602 2269 1637 2336; x_wconf 81' lang='grc' dir='ltr'><strong>ἡ</strong></span> 
     </span>
    </p>
   </div>
   <div class='ocr_carea' id='block_1_23' title="bbox 87 2350 1639 2433">
    <p class='ocr_par' dir='ltr' id='par_1_23' title="bbox 87 2350 1639 2433">
     <span class='ocr_line' id='line_1_23' title="bbox 87 2350 1639 2433; baseline -0.002 -20"><span class='ocrx_word' id='word_1_171' title='bbox 87 2362 290 2433; x_wconf 81' lang='grc' dir='ltr'>τοιαύτη</span> <span class='ocrx_word' id='word_1_172' title='bbox 313 2361 513 2426; x_wconf 83' lang='grc' dir='ltr'>πλάσις</span> <span class='ocrx_word' id='word_1_173' title='bbox 534 2362 645 2416; x_wconf 83' lang='grc' dir='ltr'><strong>τῶν</strong></span> <span class='ocrx_word' id='word_1_174' title='bbox 670 2361 846 2430; x_wconf 86' lang='grc' dir='ltr'>λόγων</span> <span class='ocrx_word' id='word_1_175' title='bbox 867 2362 963 2414; x_wconf 79' lang='grc' dir='ltr'><strong>τοῦ</strong></span> <span class='ocrx_word' id='word_1_176' title='bbox 991 2350 1222 2430; x_wconf 79' lang='grc' dir='ltr'>ψεύδους</span> <span class='ocrx_word' id='word_1_177' title='bbox 1251 2359 1516 2430; x_wconf 87' lang='grc' dir='ltr'>διακρίνει</span> <span class='ocrx_word' id='word_1_178' title='bbox 1540 2358 1639 2429; x_wconf 79' lang='grc' dir='ltr'>τὴν</span> 
     </span>
    </p>
   </div>
   <div class='ocr_carea' id='block_1_24' title="bbox 88 2453 1641 2527">
    <p class='ocr_par' dir='ltr' id='par_1_24' title="bbox 88 2453 1641 2527">
     <span class='ocr_line' id='line_1_24' title="bbox 88 2453 1641 2527; baseline -0.002 -20"><span class='ocrx_word' id='word_1_179' title='bbox 88 2453 346 2524; x_wconf 84' lang='grc' dir='ltr'>ἁλήθειαν;</span> <span class='ocrx_word' id='word_1_180' title='bbox 369 2455 429 2509; x_wconf 82' lang='grc' dir='ltr'>τὸ</span> <span class='ocrx_word' id='word_1_181' title='bbox 455 2455 538 2518; x_wconf 78' lang='grc' dir='ltr'><strong>δὲ,</strong></span> <span class='ocrx_word' id='word_1_182' title='bbox 568 2453 687 2525; x_wconf 85' lang='grc' dir='ltr'><strong>Πῦρ</strong></span> <span class='ocrx_word' id='word_1_183' title='bbox 708 2456 965 2527; x_wconf 83' lang='grc' dir='ltr'>ὑγραίνον</span> <span class='ocrx_word' id='word_1_184' title='bbox 984 2453 1282 2523; x_wconf 60' lang='grc' dir='ltr'>καιψύχον</span> <span class='ocrx_word' id='word_1_185' title='bbox 1311 2454 1381 2504; x_wconf 78' lang='grc' dir='ltr'><strong>τὰ</strong></span> <span class='ocrx_word' id='word_1_186' title='bbox 1413 2453 1641 2522; x_wconf 83' lang='grc' dir='ltr'>σώματα</span> 
     </span>
    </p>
   </div>
   <div class='ocr_carea' id='block_1_25' title="bbox 89 2545 1641 2616">
    <p class='ocr_par' dir='ltr' id='par_1_25' title="bbox 89 2545 1641 2616">
     <span class='ocr_line' id='line_1_25' title="bbox 89 2545 1641 2616; baseline -0.002 -16"><span class='ocrx_word' id='word_1_187' title='bbox 89 2547 292 2616; x_wconf 85' lang='grc' dir='ltr'>πότερον</span> <span class='ocrx_word' id='word_1_188' title='bbox 331 2547 470 2600; x_wconf 83' lang='grc' dir='ltr'>κατὰ</span> <span class='ocrx_word' id='word_1_189' title='bbox 505 2545 664 2616; x_wconf 84' lang='grc' dir='ltr'>φύσιν</span> <span class='ocrx_word' id='word_1_190' title='bbox 714 2545 748 2616; x_wconf 84' lang='grc' dir='ltr'>ἢ</span> <span class='ocrx_word' id='word_1_191' title='bbox 779 2547 840 2600; x_wconf 85' lang='grc' dir='ltr'><strong>ού</strong></span> <span class='ocrx_word' id='word_1_192' title='bbox 874 2545 1019 2599; x_wconf 75' lang='grc' dir='ltr'>κατὰ</span> <span class='ocrx_word' id='word_1_193' title='bbox 1065 2545 1228 2614; x_wconf 81' lang='grc' dir='ltr'>φύσιν</span> <span class='ocrx_word' id='word_1_194' title='bbox 1278 2545 1641 2616; x_wconf 20' lang='grc' dir='ltr'>ταύτηνλὲπι-</span> 
     </span>
    </p>
   </div>
   <div class='ocr_carea' id='block_1_26' title="bbox 88 2614 1642 2714">
    <p class='ocr_par' dir='ltr' id='par_1_26' title="bbox 88 2614 1642 2714">
     <span class='ocr_line' id='line_1_26' title="bbox 88 2614 1642 2714; baseline -0.001 -24"><span class='ocrx_word' id='word_1_195' title='bbox 88 2614 304 2708; x_wconf 65' lang='grc' dir='ltr'>δείκνυσι</span> <span class='ocrx_word' id='word_1_196' title='bbox 331 2637 431 2708; x_wconf 83' lang='grc' dir='ltr'><strong>τὴν</strong></span> <span class='ocrx_word' id='word_1_197' title='bbox 457 2614 746 2708; x_wconf 77' lang='grc' dir='ltr'>ἐνέργειαν</span> <span class='ocrx_word' id='word_1_198' title='bbox 767 2655 780 2703; x_wconf 90' lang='grc'><strong>;</strong></span> <span class='ocrx_word' id='word_1_199' title='bbox 805 2637 966 2690; x_wconf 82' lang='grc' dir='ltr'>τοῦτο</span> <span class='ocrx_word' id='word_1_200' title='bbox 992 2637 1050 2714; x_wconf 79' lang='grc' dir='ltr'>δὲ</span> <span class='ocrx_word' id='word_1_201' title='bbox 1073 2635 1318 2706; x_wconf 86' lang='grc' dir='ltr'>δηλονότι</span> <span class='ocrx_word' id='word_1_202' title='bbox 1341 2614 1533 2706; x_wconf 76' lang='grc' dir='ltr'>ὥσπερ</span> <span class='ocrx_word' id='word_1_203' title='bbox 1549 2637 1642 2691; x_wconf 79' lang='grc' dir='ltr'>καὶ</span> 
     </span>
    </p>
   </div>
   <div class='ocr_carea' id='block_1_27' title="bbox 87 2728 1642 2802">
    <p class='ocr_par' dir='ltr' id='par_1_27' title="bbox 87 2728 1642 2802">
     <span class='ocr_line' id='line_1_27' title="bbox 87 2728 1642 2802; baseline -0.003 -20"><span class='ocrx_word' id='word_1_204' title='bbox 87 2730 141 2782; x_wconf 82' lang='grc' dir='ltr'>τὸ</span> <span class='ocrx_word' id='word_1_205' title='bbox 160 2731 299 2801; x_wconf 81' lang='grc' dir='ltr'>παρὰ</span> <span class='ocrx_word' id='word_1_206' title='bbox 324 2730 422 2799; x_wconf 82' lang='grc' dir='ltr'>τῆς</span> <span class='ocrx_word' id='word_1_207' title='bbox 444 2729 734 2802; x_wconf 68' lang='grc' dir='ltr'>αίρευτικῆς</span> <span class='ocrx_word' id='word_1_208' title='bbox 750 2729 995 2792; x_wconf 82' lang='grc' dir='ltr'>ἐπινοίας</span> <span class='ocrx_word' id='word_1_209' title='bbox 1022 2728 1440 2800; x_wconf 86' lang='grc' dir='ltr'>προτεινόμενον</span> <span class='ocrx_word' id='word_1_210' title='bbox 1461 2745 1642 2795; x_wconf 79' lang='grc' dir='ltr'>παρα-</span> 
     </span>
    </p>
   </div>
   <div class='ocr_carea' id='block_1_28' title="bbox 91 2814 1645 2892">
    <p class='ocr_par' dir='ltr' id='par_1_28' title="bbox 91 2814 1645 2892">
     <span class='ocr_line' id='line_1_28' title="bbox 91 2814 1645 2892; baseline -0.002 -18"><span class='ocrx_word' id='word_1_211' title='bbox 91 2821 444 2892; x_wconf 70' lang='grc' dir='ltr'>πεποιημένην</span> <span class='ocrx_word' id='word_1_212' title='bbox 475 2821 594 2891; x_wconf 74' lang='grc' dir='ltr'>ἔχει</span> <span class='ocrx_word' id='word_1_213' title='bbox 634 2823 735 2892; x_wconf 89' lang='grc' dir='ltr'>τῆς</span> <span class='ocrx_word' id='word_1_214' title='bbox 767 2822 1090 2891; x_wconf 79' lang='grc' dir='ltr'>ἐρωτήσεως</span> <span class='ocrx_word' id='word_1_215' title='bbox 1119 2814 1220 2890; x_wconf 80' lang='grc' dir='ltr'><strong>τήν</strong></span> <span class='ocrx_word' id='word_1_216' title='bbox 1250 2818 1541 2872; x_wconf 74' lang='grc' dir='ltr'>διάπλασιν</span> <span class='ocrx_word' id='word_1_217' title='bbox 1563 2835 1576 2850; x_wconf 92' lang='grc'><strong>·</strong></span> <span class='ocrx_word' id='word_1_218' title='bbox 1617 2819 1645 2871; x_wconf 91' lang='grc' dir='ltr'><strong>ό</strong></span> 
     </span>
    </p>
   </div>
   <div class='ocr_carea' id='block_1_29' title="bbox 89 2911 1644 2984">
    <p class='ocr_par' dir='ltr' id='par_1_29' title="bbox 89 2911 1644 2984">
     <span class='ocr_line' id='line_1_29' title="bbox 89 2911 1644 2984; baseline -0.001 -21"><span class='ocrx_word' id='word_1_219' title='bbox 89 2913 138 2965; x_wconf 74' lang='grc' dir='ltr'>δὲ</span> <span class='ocrx_word' id='word_1_220' title='bbox 163 2913 437 2984; x_wconf 81' lang='grc' dir='ltr'>ἄνθρωπος</span> <span class='ocrx_word' id='word_1_221' title='bbox 471 2914 772 2984; x_wconf 79' lang='grc' dir='ltr'>μετάρσιος</span> <span class='ocrx_word' id='word_1_222' title='bbox 795 2913 905 2966; x_wconf 72' lang='grc' dir='ltr'>ἀπὸ</span> <span class='ocrx_word' id='word_1_223' title='bbox 927 2916 1030 2982; x_wconf 77' lang='grc' dir='ltr'>γῆς</span> <span class='ocrx_word' id='word_1_224' title='bbox 1063 2913 1390 2981; x_wconf 79' lang='grc' dir='ltr'>φερόμενος,</span> <span class='ocrx_word' id='word_1_225' title='bbox 1415 2911 1644 2980; x_wconf 80' lang='grc' dir='ltr'>πότερον</span> 
     </span>
    </p>
   </div>
   <div class='ocr_carea' id='block_1_30' title="bbox 90 2987 1645 3074">
    <p class='ocr_par' dir='ltr' id='par_1_30' title="bbox 90 2987 1645 3074">
     <span class='ocr_line' id='line_1_30' title="bbox 90 2987 1645 3074; baseline 0.01 -24"><span class='ocrx_word' id='word_1_226' title='bbox 90 2992 438 3072; x_wconf 74' lang='grc' dir='ltr'>παύεταιτής</span> <span class='ocrx_word' id='word_1_227' title='bbox 449 3001 731 3073; x_wconf 83' lang='grc' dir='ltr'>μετεώρου</span> <span class='ocrx_word' id='word_1_228' title='bbox 760 2987 1019 3074; x_wconf 51' lang='grc' dir='ltr'><strong>φορᾶς,’ἦ</strong></span> <span class='ocrx_word' id='word_1_229' title='bbox 1047 3003 1108 3055; x_wconf 88' lang='grc' dir='ltr'><strong>οὑ</strong></span> <span class='ocrx_word' id='word_1_230' title='bbox 1139 3000 1397 3068; x_wconf 54' lang='lat' dir='ltr'><strong>traderet;</strong></span> <span class='ocrx_word' id='word_1_231' title='bbox 1419 3003 1519 3072; x_wconf 81' lang='grc' dir='ltr'><strong>τῆς</strong></span> <span class='ocrx_word' id='word_1_232' title='bbox 1546 3001 1645 3071; x_wconf 79' lang='grc' dir='ltr'>μὲν</span> 
     </span>
    </p>
   </div>
   <div class='ocr_carea' id='block_1_31' title="bbox 92 3047 1716 3165">
    <p class='ocr_par' dir='ltr' id='par_1_31' title="bbox 92 3047 1716 3165">
     <span class='ocr_line' id='line_1_31' title="bbox 98 3047 1638 3072; baseline 0 -19"><span class='ocrx_word' id='word_1_233' title='bbox 98 3047 300 3054; x_wconf 29' lang='lat' dir='ltr'><strong>ﬂ---“</strong></span> <span class='ocrx_word' id='word_1_234' title='bbox 328 3047 414 3072; x_wconf 52' lang='grc' dir='ltr'><strong>-.Π</strong></span> <span class='ocrx_word' id='word_1_235' title='bbox 497 3047 628 3056; x_wconf 51' lang='grc' dir='ltr'><strong>---π</strong></span> <span class='ocrx_word' id='word_1_236' title='bbox 672 3047 726 3056; x_wconf 74' lang='lat'><strong>--</strong></span> <span class='ocrx_word' id='word_1_237' title='bbox 765 3047 825 3070; x_wconf 67' lang='grc' dir='ltr'><strong>τ-</strong></span> <span class='ocrx_word' id='word_1_238' title='bbox 868 3047 953 3066; x_wconf 56' lang='grc' dir='ltr'><strong>η,</strong></span> <span class='ocrx_word' id='word_1_239' title='bbox 993 3047 1003 3054; x_wconf 86' lang='grc'>,</span> <span class='ocrx_word' id='word_1_240' title='bbox 1052 3047 1107 3055; x_wconf 69' lang='grc' dir='ltr'>η</span> <span class='ocrx_word' id='word_1_241' title='bbox 1145 3047 1397 3068; x_wconf 41' lang='lat'><strong>--_-_-_.-,</strong></span> <span class='ocrx_word' id='word_1_242' title='bbox 1430 3047 1517 3064; x_wconf 61' lang='grc' dir='ltr'><strong>-.ς</strong></span> <span class='ocrx_word' id='word_1_243' title='bbox 1589 3047 1638 3053; x_wconf 83' lang='grc'><strong>--</strong></span> 
     </span>
     <span class='ocr_line' id='line_1_32' title="bbox 92 3047 1716 3165; baseline 0.002 -21"><span class='ocrx_word' id='word_1_244' title='bbox 92 3093 364 3164; x_wconf 78' lang='grc' dir='ltr'>εἰρημένης</span> <span class='ocrx_word' id='word_1_245' title='bbox 387 3047 574 3157; x_wconf 47' lang='lat' dir='ltr'><strong>dig-iac</strong></span> <span class='ocrx_word' id='word_1_246' title='bbox 600 3047 969 3165; x_wconf 45' lang='grc' dir='ltr'>ἀπήλλακται,</span> <span class='ocrx_word' id='word_1_247' title='bbox 987 3047 1084 3164; x_wconf 55' lang='grc' dir='ltr'><strong>οΙὺχ</strong></span> <span class='ocrx_word' id='word_1_248' title='bbox 1110 3089 1273 3164; x_wconf 86' lang='grc' dir='ltr'>ἦττον</span> <span class='ocrx_word' id='word_1_249' title='bbox 1291 3094 1348 3147; x_wconf 83' lang='grc' dir='ltr'>δὲ</span> <span class='ocrx_word' id='word_1_250' title='bbox 1373 3095 1434 3146; x_wconf 86' lang='grc' dir='ltr'>τὸ</span> <span class='ocrx_word' id='word_1_251' title='bbox 1461 3047 1648 3164; x_wconf 48' lang='grc' dir='ltr'>σχξμα</span> 
     </span>
    </p>
   </div>
   <div class='ocr_carea' id='block_1_32' title="bbox 97 3171 1649 3259">
    <p class='ocr_par' dir='ltr' id='par_1_32' title="bbox 97 3171 1649 3259">
     <span class='ocr_line' id='line_1_33' title="bbox 97 3171 1649 3259; baseline 0.002 -22"><span class='ocrx_word' id='word_1_252' title='bbox 97 3187 543 3256; x_wconf 75' lang='grc' dir='ltr'>μετασχηματίζει</span> <span class='ocrx_word' id='word_1_253' title='bbox 574 3191 666 3240; x_wconf 78' lang='grc' dir='ltr'>καὶ</span> <span class='ocrx_word' id='word_1_254' title='bbox 696 3171 1114 3259; x_wconf 77' lang='grc' dir='ltr'>παραχαράττει</span> <span class='ocrx_word' id='word_1_255' title='bbox 1141 3185 1241 3256; x_wconf 76' lang='grc' dir='ltr'>τῆς</span> <span class='ocrx_word' id='word_1_256' title='bbox 1270 3187 1472 3258; x_wconf 84' lang='grc' dir='ltr'>κυρίως</span> <span class='ocrx_word' id='word_1_257' title='bbox 1495 3189 1649 3240; x_wconf 80' lang='grc' dir='ltr'>ἀντι-</span> 
     </span>
    </p>
   </div>
   <div class='ocr_carea' id='block_1_33' title="bbox 95 3276 1652 3350">
    <p class='ocr_par' dir='ltr' id='par_1_33' title="bbox 95 3276 1652 3350">
     <span class='ocr_line' id='line_1_34' title="bbox 95 3276 1652 3350; baseline 0.001 -21"><span class='ocrx_word' id='word_1_258' title='bbox 95 3276 317 3342; x_wconf 70' lang='grc' dir='ltr'>φάσεωςο</span> <span class='ocrx_word' id='word_1_259' title='bbox 363 3281 391 3331; x_wconf 92' lang='grc' dir='ltr'><strong>ό</strong></span> <span class='ocrx_word' id='word_1_260' title='bbox 438 3279 495 3332; x_wconf 84' lang='grc' dir='ltr'>δὲ</span> <span class='ocrx_word' id='word_1_261' title='bbox 552 3279 746 3349; x_wconf 81' lang='grc' dir='ltr'>χρόνος</span> <span class='ocrx_word' id='word_1_262' title='bbox 777 3279 988 3332; x_wconf 77' lang='grc' dir='ltr'>ὑδάτων</span> <span class='ocrx_word' id='word_1_263' title='bbox 1033 3279 1172 3350; x_wconf 76' lang='grc' dir='ltr'>ῥέων</span> <span class='ocrx_word' id='word_1_264' title='bbox 1218 3276 1426 3347; x_wconf 82' lang='grc' dir='ltr'>νάμασι</span> <span class='ocrx_word' id='word_1_265' title='bbox 1475 3295 1652 3348; x_wconf 87' lang='grc' dir='ltr'>παρα-</span> 
     </span>
    </p>
   </div>
   <div class='ocr_carea' id='block_1_34' title="bbox 96 3367 1649 3443">
    <p class='ocr_par' dir='ltr' id='par_1_34' title="bbox 96 3367 1649 3443">
     <span class='ocr_line' id='line_1_35' title="bbox 96 3367 1649 3443; baseline 0.005 -26"><span class='ocrx_word' id='word_1_266' title='bbox 96 3367 339 3438; x_wconf 83' lang='grc' dir='ltr'>πλησίως,</span> <span class='ocrx_word' id='word_1_267' title='bbox 369 3367 480 3441; x_wconf 77' lang='grc' dir='ltr'>ἄρα</span> <span class='ocrx_word' id='word_1_268' title='bbox 514 3373 774 3441; x_wconf 84' lang='grc' dir='ltr'>στήσεται</span> <span class='ocrx_word' id='word_1_269' title='bbox 799 3371 900 3440; x_wconf 83' lang='grc' dir='ltr'>τῆς</span> <span class='ocrx_word' id='word_1_270' title='bbox 931 3371 1064 3441; x_wconf 76' lang='grc' dir='ltr'>ῥοῆς</span> <span class='ocrx_word' id='word_1_271' title='bbox 1094 3371 1128 3442; x_wconf 79' lang='grc' dir='ltr'><strong>ή</strong></span> <span class='ocrx_word' id='word_1_272' title='bbox 1157 3372 1218 3424; x_wconf 85' lang='grc' dir='ltr'><strong>οὑ</strong></span> <span class='ocrx_word' id='word_1_273' title='bbox 1247 3374 1536 3442; x_wconf 48' lang='lat' dir='ltr'><strong>ornasset;</strong></span> <span class='ocrx_word' id='word_1_274' title='bbox 1563 3372 1649 3443; x_wconf 78' lang='grc' dir='ltr'>δή·</span> 
     </span>
    </p>
   </div>
   <div class='ocr_carea' id='block_1_35' title="bbox 97 3459 1702 3536">
    <p class='ocr_par' dir='ltr' id='par_1_35' title="bbox 97 3459 1702 3536">
     <span class='ocr_line' id='line_1_36' title="bbox 97 3459 1702 3536; baseline 0.006 -26"><span class='ocrx_word' id='word_1_275' title='bbox 97 3459 176 3512; x_wconf 77' lang='grc' dir='ltr'><strong>λον</strong></span> <span class='ocrx_word' id='word_1_276' title='bbox 203 3461 254 3513; x_wconf 82' lang='grc' dir='ltr'>δὲ</span> <span class='ocrx_word' id='word_1_277' title='bbox 279 3461 353 3527; x_wconf 84' lang='grc' dir='ltr'><strong>ὡς</strong></span> <span class='ocrx_word' id='word_1_278' title='bbox 395 3465 431 3532; x_wconf 89' lang='grc' dir='ltr'><strong>ή</strong></span> <span class='ocrx_word' id='word_1_279' title='bbox 465 3461 764 3533; x_wconf 84' lang='grc' dir='ltr'>συμπλοκὴ</span> <span class='ocrx_word' id='word_1_280' title='bbox 794 3465 887 3516; x_wconf 76' lang='grc' dir='ltr'>καὶ</span> <span class='ocrx_word' id='word_1_281' title='bbox 920 3462 1062 3534; x_wconf 75' lang='grc' dir='ltr'>αὕτη</span> <span class='ocrx_word' id='word_1_282' title='bbox 1090 3463 1182 3516; x_wconf 79' lang='grc' dir='ltr'>τοῦ</span> <span class='ocrx_word' id='word_1_283' title='bbox 1220 3464 1380 3534; x_wconf 87' lang='grc' dir='ltr'>λόγου</span> <span class='ocrx_word' id='word_1_284' title='bbox 1407 3467 1506 3535; x_wconf 86' lang='grc' dir='ltr'><strong>τὴν</strong></span> <span class='ocrx_word' id='word_1_285' title='bbox 1542 3467 1652 3536; x_wconf 75' lang='grc' dir='ltr'>πρὸ</span> <span class='ocrx_word' id='word_1_286' title='bbox 1699 3483 1702 3488; x_wconf 93' lang='grc'><strong>·</strong></span> 
     </span>
    </p>
   </div>
   <div class='ocr_carea' id='block_1_36' title="bbox 98 3548 1652 3628">
    <p class='ocr_par' dir='ltr' id='par_1_36' title="bbox 98 3548 1652 3628">
     <span class='ocr_line' id='line_1_37' title="bbox 98 3548 1652 3628; baseline 0.001 -22"><span class='ocrx_word' id='word_1_287' title='bbox 98 3553 245 3608; x_wconf 87' lang='grc' dir='ltr'>αύτοῦ</span> <span class='ocrx_word' id='word_1_288' title='bbox 267 3556 578 3627; x_wconf 77' lang='grc' dir='ltr'>μιμουμένη</span> <span class='ocrx_word' id='word_1_289' title='bbox 595 3555 686 3610; x_wconf 82' lang='grc' dir='ltr'><strong>διὰ</strong></span> <span class='ocrx_word' id='word_1_290' title='bbox 703 3548 812 3626; x_wconf 76' lang='grc' dir='ltr'>τῆς</span> <span class='ocrx_word' id='word_1_291' title='bbox 839 3557 1010 3625; x_wconf 82' lang='grc' dir='ltr'>αὑτῆς</span> <span class='ocrx_word' id='word_1_292' title='bbox 1043 3556 1382 3626; x_wconf 81' lang='grc' dir='ltr'>κακουργίας</span> <span class='ocrx_word' id='word_1_293' title='bbox 1419 3559 1652 3628; x_wconf 78' lang='grc' dir='ltr'>προελή-</span> 
     </span>
    </p>
   </div>
   <div class='ocr_carea' id='block_1_37' title="bbox 100 3645 1653 3720">
    <p class='ocr_par' dir='ltr' id='par_1_37' title="bbox 100 3645 1653 3720">
     <span class='ocr_line' id='line_1_38' title="bbox 100 3645 1653 3720; baseline 0.002 -23"><span class='ocrx_word' id='word_1_294' title='bbox 100 3645 264 3700; x_wconf 63' lang='grc' dir='ltr'>λυθεν</span> <span class='ocrx_word' id='word_1_295' title='bbox 299 3651 346 3700; x_wconf 77' lang='grc' dir='ltr'><strong>εί</strong></span> <span class='ocrx_word' id='word_1_296' title='bbox 381 3648 565 3718; x_wconf 82' lang='grc' dir='ltr'>βούλει</span> <span class='ocrx_word' id='word_1_297' title='bbox 595 3647 652 3701; x_wconf 71' lang='grc' dir='ltr'>δὲ</span> <span class='ocrx_word' id='word_1_298' title='bbox 685 3648 798 3702; x_wconf 78' lang='grc' dir='ltr'>καὶ.</span> <span class='ocrx_word' id='word_1_299' title='bbox 833 3647 1060 3719; x_wconf 73' lang='grc' dir='ltr'>πότερον</span> <span class='ocrx_word' id='word_1_300' title='bbox 1091 3649 1126 3720; x_wconf 87' lang='grc' dir='ltr'><strong>ή</strong></span> <span class='ocrx_word' id='word_1_301' title='bbox 1154 3647 1449 3719; x_wconf 80' lang='grc' dir='ltr'>ἀσώματος</span> <span class='ocrx_word' id='word_1_302' title='bbox 1491 3649 1653 3717; x_wconf 81' lang='grc' dir='ltr'>φύσις</span> 
     </span>
    </p>
   </div>
   <div class='ocr_carea' id='block_1_38' title="bbox 99 3739 1657 3814">
    <p class='ocr_par' dir='ltr' id='par_1_38' title="bbox 99 3739 1657 3814">
     <span class='ocr_line' id='line_1_39' title="bbox 99 3739 1657 3814; baseline 0.003 -24"><span class='ocrx_word' id='word_1_303' title='bbox 99 3739 186 3808; x_wconf 81' lang='grc' dir='ltr'>τὴν</span> <span class='ocrx_word' id='word_1_304' title='bbox 213 3743 526 3814; x_wconf 81' lang='grc' dir='ltr'>σωματικὴν</span> <span class='ocrx_word' id='word_1_305' title='bbox 569 3741 911 3812; x_wconf 79' lang='grc' dir='ltr'>ὑποδυομένη</span> <span class='ocrx_word' id='word_1_306' title='bbox 949 3740 1261 3806; x_wconf 48' lang='grc' dir='ltr'>διάπλασιὴ</span> <span class='ocrx_word' id='word_1_307' title='bbox 1296 3741 1358 3806; x_wconf 77' lang='grc' dir='ltr'>ἐξ</span> <span class='ocrx_word' id='word_1_308' title='bbox 1396 3741 1526 3812; x_wconf 79' lang='grc' dir='ltr'>ὕλης</span> <span class='ocrx_word' id='word_1_309' title='bbox 1565 3744 1657 3795; x_wconf 78' lang='grc' dir='ltr'>καὶ</span> 
     </span>
    </p>
   </div>
   <div class='ocr_carea' id='block_1_39' title="bbox 102 3831 1654 3907">
    <p class='ocr_par' dir='ltr' id='par_1_39' title="bbox 102 3831 1654 3907">
     <span class='ocr_line' id='line_1_40' title="bbox 102 3831 1654 3907; baseline 0.003 -24"><span class='ocrx_word' id='word_1_310' title='bbox 102 3831 275 3898; x_wconf 81' lang='grc' dir='ltr'>είδους,</span> <span class='ocrx_word' id='word_1_311' title='bbox 301 3834 335 3906; x_wconf 83' lang='grc' dir='ltr'><strong>ή</strong></span> <span class='ocrx_word' id='word_1_312' title='bbox 367 3835 425 3901; x_wconf 80' lang='grc' dir='ltr'>ἐξ</span> <span class='ocrx_word' id='word_1_313' title='bbox 457 3833 743 3905; x_wconf 78' lang='grc' dir='ltr'>οὐδετέρου</span> <span class='ocrx_word' id='word_1_314' title='bbox 784 3833 991 3887; x_wconf 80' lang='grc' dir='ltr'>τούτων</span> <span class='ocrx_word' id='word_1_315' title='bbox 1018 3834 1144 3904; x_wconf 76' lang='grc' dir='ltr'>ἔσχε</span> <span class='ocrx_word' id='word_1_316' title='bbox 1171 3835 1271 3906; x_wconf 81' lang='grc' dir='ltr'>τὴν</span> <span class='ocrx_word' id='word_1_317' title='bbox 1323 3834 1614 3906; x_wconf 81' lang='grc' dir='ltr'>σύγκρισιν</span> <span class='ocrx_word' id='word_1_318' title='bbox 1640 3852 1654 3907; x_wconf 81' lang='grc'><strong>;</strong></span> 
     </span>
    </p>
   </div>
   <div class='ocr_carea' id='block_1_40' title="bbox 103 3923 1659 3997">
    <p class='ocr_par' dir='ltr' id='par_1_40' title="bbox 103 3923 1659 3997">
     <span class='ocr_line' id='line_1_41' title="bbox 103 3923 1659 3997; baseline 0.003 -23"><span class='ocrx_word' id='word_1_319' title='bbox 103 3924 144 3974; x_wconf 79' lang='grc' dir='ltr'>εἰ</span> <span class='ocrx_word' id='word_1_320' title='bbox 169 3926 257 3992; x_wconf 79' lang='grc' dir='ltr'>μὲν</span> <span class='ocrx_word' id='word_1_321' title='bbox 285 3926 390 3997; x_wconf 75' lang='grc' dir='ltr'>γὰρ</span> <span class='ocrx_word' id='word_1_322' title='bbox 410 3927 468 3992; x_wconf 74' lang='grc' dir='ltr'><strong>ἐξ</strong></span> <span class='ocrx_word' id='word_1_323' title='bbox 498 3926 633 3994; x_wconf 77' lang='grc' dir='ltr'>ὕλης</span> <span class='ocrx_word' id='word_1_324' title='bbox 663 3926 759 3978; x_wconf 75' lang='grc' dir='ltr'>καὶ</span> <span class='ocrx_word' id='word_1_325' title='bbox 793 3927 988 3988; x_wconf 75' lang='grc' dir='ltr'>εἴδους,</span> <span class='ocrx_word' id='word_1_326' title='bbox 1014 3925 1136 3989; x_wconf 85' lang='grc' dir='ltr'><strong>πῶς</strong></span> <span class='ocrx_word' id='word_1_327' title='bbox 1169 3923 1497 3996; x_wconf 82' lang='grc' dir='ltr'>ἁσώματον;</span> <span class='ocrx_word' id='word_1_328' title='bbox 1531 3928 1580 3978; x_wconf 81' lang='grc' dir='ltr'><strong>εί</strong></span> <span class='ocrx_word' id='word_1_329' title='bbox 1603 3927 1659 3979; x_wconf 79' lang='grc' dir='ltr'>δὲ</span> 
     </span>
    </p>
   </div>
   <div class='ocr_carea' id='block_1_41' title="bbox 104 4012 1657 4087">
    <p class='ocr_par' dir='ltr' id='par_1_41' title="bbox 104 4012 1657 4087">
     <span class='ocr_line' id='line_1_42' title="bbox 104 4012 1657 4087; baseline 0 -21"><span class='ocrx_word' id='word_1_330' title='bbox 104 4012 156 4078; x_wconf 77' lang='grc' dir='ltr'><strong>ἐξ</strong></span> <span class='ocrx_word' id='word_1_331' title='bbox 182 4015 457 4087; x_wconf 76' lang='grc' dir='ltr'>οὐδετέρου</span> <span class='ocrx_word' id='word_1_332' title='bbox 495 4017 725 4080; x_wconf 87' lang='grc' dir='ltr'>τούτων,</span> <span class='ocrx_word' id='word_1_333' title='bbox 761 4014 927 4068; x_wconf 84' lang='grc' dir='ltr'>πόθεν</span> <span class='ocrx_word' id='word_1_334' title='bbox 972 4013 1072 4084; x_wconf 77' lang='grc' dir='ltr'><strong>τὴν</strong></span> <span class='ocrx_word' id='word_1_335' title='bbox 1101 4015 1419 4086; x_wconf 80' lang='grc' dir='ltr'>σωματικὴν</span> <span class='ocrx_word' id='word_1_336' title='bbox 1448 4013 1657 4083; x_wconf 81' lang='grc' dir='ltr'>ὑπέστη</span> 
     </span>
    </p>
   </div>
   <div class='ocr_carea' id='block_1_42' title="bbox 105 4106 1662 4178">
    <p class='ocr_par' dir='ltr' id='par_1_42' title="bbox 105 4106 1662 4178">
     <span class='ocr_line' id='line_1_43' title="bbox 105 4106 1662 4178; baseline 0.001 -21"><span class='ocrx_word' id='word_1_337' title='bbox 105 4106 402 4174; x_wconf 82' lang='grc' dir='ltr'>διὰπλασιν;</span> <span class='ocrx_word' id='word_1_338' title='bbox 429 4109 596 4161; x_wconf 72' lang='grc' dir='ltr'>πάλιν</span> <span class='ocrx_word' id='word_1_339' title='bbox 625 4110 658 4176; x_wconf 83' lang='grc' dir='ltr'><strong>ή</strong></span> <span class='ocrx_word' id='word_1_340' title='bbox 693 4107 907 4178; x_wconf 85' lang='grc' dir='ltr'>κίνησις</span> <span class='ocrx_word' id='word_1_341' title='bbox 936 4107 994 4160; x_wconf 78' lang='grc' dir='ltr'>ὲν</span> <span class='ocrx_word' id='word_1_342' title='bbox 1017 4108 1231 4178; x_wconf 79' lang='grc' dir='ltr'>κινήσει</span> <span class='ocrx_word' id='word_1_343' title='bbox 1264 4106 1496 4175; x_wconf 82' lang='grc' dir='ltr'>γίνεται,</span> <span class='ocrx_word' id='word_1_344' title='bbox 1533 4106 1566 4178; x_wconf 80' lang='grc' dir='ltr'><strong>ή</strong></span> <span class='ocrx_word' id='word_1_345' title='bbox 1601 4109 1662 4159; x_wconf 83' lang='grc' dir='ltr'>ὲν</span> 
     </span>
    </p>
   </div>
   <div class='ocr_carea' id='block_1_43' title="bbox 104 4195 1659 4268">
    <p class='ocr_par' dir='ltr' id='par_1_43' title="bbox 104 4195 1659 4268">
     <span class='ocr_line' id='line_1_44' title="bbox 104 4195 1659 4268; baseline 0.001 -20"><span class='ocrx_word' id='word_1_346' title='bbox 104 4195 156 4248; x_wconf 89' lang='grc' dir='ltr'><strong>ού</strong></span> <span class='ocrx_word' id='word_1_347' title='bbox 187 4199 385 4268; x_wconf 85' lang='grc' dir='ltr'>κινήσει</span> <span class='ocrx_word' id='word_1_348' title='bbox 410 4215 425 4265; x_wconf 86' lang='grc'><strong>;</strong></span> <span class='ocrx_word' id='word_1_349' title='bbox 453 4199 502 4251; x_wconf 79' lang='grc' dir='ltr'>εἰ</span> <span class='ocrx_word' id='word_1_350' title='bbox 537 4197 638 4268; x_wconf 82' lang='grc' dir='ltr'>μὲν</span> <span class='ocrx_word' id='word_1_351' title='bbox 681 4196 788 4267; x_wconf 86' lang='grc' dir='ltr'>γὰρ</span> <span class='ocrx_word' id='word_1_352' title='bbox 821 4199 878 4250; x_wconf 82' lang='grc' dir='ltr'>ὲν</span> <span class='ocrx_word' id='word_1_353' title='bbox 911 4197 1122 4266; x_wconf 81' lang='grc' dir='ltr'>κινήσει</span> <span class='ocrx_word' id='word_1_354' title='bbox 1147 4237 1163 4261; x_wconf 89' lang='grc'><strong><em>,</em></strong></span> <span class='ocrx_word' id='word_1_355' title='bbox 1206 4197 1290 4259; x_wconf 87' lang='grc' dir='ltr'><strong>τίς</strong></span> <span class='ocrx_word' id='word_1_356' title='bbox 1320 4198 1414 4250; x_wconf 75' lang='grc' dir='ltr'>καὶ</span> <span class='ocrx_word' id='word_1_357' title='bbox 1444 4198 1501 4249; x_wconf 83' lang='grc' dir='ltr'>ὲν</span> <span class='ocrx_word' id='word_1_358' title='bbox 1529 4197 1659 4260; x_wconf 86' lang='grc' dir='ltr'>τίνι,</span> 
     </span>
    </p>
   </div>
   <div class='ocr_carea' id='block_1_44' title="bbox 106 4288 1656 4360">
    <p class='ocr_par' dir='ltr' id='par_1_44' title="bbox 106 4288 1656 4360">
     <span class='ocr_line' id='line_1_45' title="bbox 106 4288 1656 4360; baseline 0.001 -21"><span class='ocrx_word' id='word_1_359' title='bbox 106 4289 190 4342; x_wconf 73' lang='grc' dir='ltr'>καὶ</span> <span class='ocrx_word' id='word_1_360' title='bbox 226 4291 306 4353; x_wconf 83' lang='grc' dir='ltr'><strong>τίς</strong></span> <span class='ocrx_word' id='word_1_361' title='bbox 345 4291 526 4357; x_wconf 84' lang='grc' dir='ltr'>αὑτῶν</span> <span class='ocrx_word' id='word_1_362' title='bbox 560 4292 596 4360; x_wconf 85' lang='grc' dir='ltr'><strong>ή</strong></span> <span class='ocrx_word' id='word_1_363' title='bbox 626 4290 763 4360; x_wconf 77' lang='grc' dir='ltr'>πρὸς</span> <span class='ocrx_word' id='word_1_364' title='bbox 801 4288 1007 4358; x_wconf 78' lang='grc' dir='ltr'>ἄλληλα</span> <span class='ocrx_word' id='word_1_365' title='bbox 1051 4288 1320 4360; x_wconf 61' lang='grc' dir='ltr'>διαφοράς</span> <span class='ocrx_word' id='word_1_366' title='bbox 1356 4289 1473 4352; x_wconf 72' lang='grc' dir='ltr'>πῶς</span> <span class='ocrx_word' id='word_1_367' title='bbox 1503 4289 1558 4341; x_wconf 88' lang='grc' dir='ltr'>δὲ</span> <span class='ocrx_word' id='word_1_368' title='bbox 1594 4289 1656 4341; x_wconf 78' lang='grc' dir='ltr'>οὗ</span> 
     </span>
    </p>
   </div>
   <div class='ocr_carea' id='block_1_45' title="bbox 939 218 2455 310">
    <p class='ocr_par' dir='ltr' id='par_1_45' title="bbox 939 218 2455 310">
     <span class='ocr_line' id='line_1_46' title="bbox 939 218 2455 310; baseline 0.005 -27"><span class='ocrx_word' id='word_1_369' title='bbox 939 225 1040 284; x_wconf 81' lang='lat' dir='ltr'><strong>AD</strong></span> <span class='ocrx_word' id='word_1_370' title='bbox 1081 221 1674 303; x_wconf 66' lang='lat' dir='ltr'><strong>AMPl-IILOQIIIUM</strong></span> <span class='ocrx_word' id='word_1_371' title='bbox 1715 218 2062 294; x_wconf 53' lang='lat' dir='ltr'><strong>QUEESTIO</strong></span> <span class='ocrx_word' id='word_1_372' title='bbox 2092 227 2418 291; x_wconf 76' lang='lat' dir='ltr'><strong>LXXVIII.</strong></span> <span class='ocrx_word' id='word_1_373' title='bbox 2448 304 2455 310; x_wconf 91' lang='lat'><em>_</em></span> 
     </span>
    </p>
   </div>
   <div class='ocr_carea' id='block_1_46' title="bbox 3175 232 3312 296">
    <p class='ocr_par' dir='ltr' id='par_1_46' title="bbox 3175 232 3312 296">
     <span class='ocr_line' id='line_1_47' title="bbox 3175 232 3312 296; baseline 0.015 -2"><span class='ocrx_word' id='word_1_374' title='bbox 3175 254 3178 256; x_wconf 68' lang='lat'><em>‘</em></span> <span class='ocrx_word' id='word_1_375' title='bbox 3208 232 3312 296; x_wconf 74' lang='grc'><strong>498</strong></span> 
     </span>
    </p>
   </div>
   <div class='ocr_carea' id='block_1_47' title="bbox 1729 326 3310 414">
    <p class='ocr_par' dir='ltr' id='par_1_47' title="bbox 1729 326 3310 414">
     <span class='ocr_line' id='line_1_48' title="bbox 1729 326 3310 414; baseline 0.005 -23"><span class='ocrx_word' id='word_1_376' title='bbox 1729 353 1913 408; x_wconf 90' lang='lat' dir='ltr'><strong>gnere,</strong></span> <span class='ocrx_word' id='word_1_377' title='bbox 1944 354 2053 394; x_wconf 89' lang='lat' dir='ltr'><strong>non</strong></span> <span class='ocrx_word' id='word_1_378' title='bbox 2080 349 2262 395; x_wconf 90' lang='lat' dir='ltr'><strong>autem</strong></span> <span class='ocrx_word' id='word_1_379' title='bbox 2293 359 2422 398; x_wconf 91' lang='lat' dir='ltr'><strong>suos</strong></span> <span class='ocrx_word' id='word_1_380' title='bbox 2454 341 2727 414; x_wconf 83' lang='lat' dir='ltr'><strong>mysteriis</strong></span> <span class='ocrx_word' id='word_1_381' title='bbox 2756 341 3170 399; x_wconf 85' lang='lat' dir='ltr'><strong>dialecticorum</strong></span> <span class='ocrx_word' id='word_1_382' title='bbox 3201 326 3310 399; x_wconf 58' lang='lat' dir='ltr'><strong>itti¥</strong></span> 
     </span>
    </p>
   </div>
   <div class='ocr_carea' id='block_1_48' title="bbox 1730 427 3308 504">
    <p class='ocr_par' dir='ltr' id='par_1_48' title="bbox 1730 427 3308 504">
     <span class='ocr_line' id='line_1_49' title="bbox 1730 427 3308 504; baseline 0.004 -24"><span class='ocrx_word' id='word_1_383' title='bbox 1730 427 1886 504; x_wconf 83' lang='lat' dir='ltr'><strong>tiare,</strong></span> <span class='ocrx_word' id='word_1_384' title='bbox 1913 430 2112 485; x_wconf 91' lang='lat' dir='ltr'><strong>merito</strong></span> <span class='ocrx_word' id='word_1_385' title='bbox 2135 431 2380 486; x_wconf 89' lang='lat' dir='ltr'><strong>sullicere</strong></span> <span class='ocrx_word' id='word_1_386' title='bbox 2401 432 2667 501; x_wconf 74' lang='lat' dir='ltr'><strong>judicavit</strong></span> <span class='ocrx_word' id='word_1_387' title='bbox 2701 434 2968 503; x_wconf 82' lang='lat' dir='ltr'><strong>exemplis</strong></span> <span class='ocrx_word' id='word_1_388' title='bbox 3016 449 3115 490; x_wconf 89' lang='lat' dir='ltr'><strong>eos</strong></span> <span class='ocrx_word' id='word_1_389' title='bbox 3136 434 3308 488; x_wconf 67' lang='grc' dir='ltr'><strong>οτι-Ωιι-</strong></span> 
     </span>
    </p>
   </div>
   <div class='ocr_carea' id='block_1_49' title="bbox 1728 507 3310 598">
    <p class='ocr_par' dir='ltr' id='par_1_49' title="bbox 1728 507 3310 598">
     <span class='ocr_line' id='line_1_50' title="bbox 1728 507 3310 598; baseline 0.003 -22"><span class='ocrx_word' id='word_1_390' title='bbox 1728 521 1861 587; x_wconf 86' lang='lat' dir='ltr'><strong>lere.</strong></span> <span class='ocrx_word' id='word_1_391' title='bbox 1895 524 2115 594; x_wconf 86' lang='lat' dir='ltr'><strong>quiper</strong></span> <span class='ocrx_word' id='word_1_392' title='bbox 2139 527 2273 578; x_wconf 89' lang='lat' dir='ltr'><strong>artis</strong></span> <span class='ocrx_word' id='word_1_393' title='bbox 2305 525 2547 594; x_wconf 73' lang='lat' dir='ltr'><strong>argutias</strong></span> <span class='ocrx_word' id='word_1_394' title='bbox 2577 524 2671 598; x_wconf 74' lang='lat' dir='ltr'><strong>Dei</strong></span> <span class='ocrx_word' id='word_1_395' title='bbox 2700 535 2951 588; x_wconf 87' lang='lat' dir='ltr'><strong>naturam</strong></span> <span class='ocrx_word' id='word_1_396' title='bbox 2976 507 3310 596; x_wconf 71' lang='lat' dir='ltr'><strong>perscrutari</strong></span> 
     </span>
    </p>
   </div>
   <div class='ocr_carea' id='block_1_50' title="bbox 1722 614 3314 688">
    <p class='ocr_par' dir='ltr' id='par_1_50' title="bbox 1722 614 3314 688">
     <span class='ocr_line' id='line_1_51' title="bbox 1722 614 3314 688; baseline 0.003 -20"><span class='ocrx_word' id='word_1_397' title='bbox 1722 614 2023 681; x_wconf 87' lang='lat' dir='ltr'><strong>audebant,</strong></span> <span class='ocrx_word' id='word_1_398' title='bbox 2051 616 2274 671; x_wconf 85' lang='lat' dir='ltr'><strong>audacia</strong></span> <span class='ocrx_word' id='word_1_399' title='bbox 2303 619 2494 682; x_wconf 89' lang='lat' dir='ltr'><strong>multo,</strong></span> <span class='ocrx_word' id='word_1_400' title='bbox 2526 632 2688 687; x_wconf 81' lang='lat' dir='ltr'><strong>quam</strong></span> <span class='ocrx_word' id='word_1_401' title='bbox 2727 620 3044 688; x_wconf 73' lang='lat' dir='ltr'><strong>superstitio</strong></span> <span class='ocrx_word' id='word_1_402' title='bbox 3075 619 3168 681; x_wconf 84' lang='lat' dir='ltr'><strong>sit,</strong></span> <span class='ocrx_word' id='word_1_403' title='bbox 3190 633 3314 686; x_wconf 80' lang='lat' dir='ltr'><strong>gra-</strong></span> 
     </span>
    </p>
   </div>
   <div class='ocr_carea' id='block_1_51' title="bbox 1729 708 3312 780">
    <p class='ocr_par' dir='ltr' id='par_1_51' title="bbox 1729 708 3312 780">
     <span class='ocr_line' id='line_1_52' title="bbox 1729 708 3312 780; baseline -0.001 -18"><span class='ocrx_word' id='word_1_404' title='bbox 1729 708 1888 774; x_wconf 84' lang='lat' dir='ltr'><strong>viori,</strong></span> <span class='ocrx_word' id='word_1_405' title='bbox 1940 717 1994 763; x_wconf 90' lang='lat' dir='ltr'><strong>et</strong></span> <span class='ocrx_word' id='word_1_406' title='bbox 2043 710 2331 765; x_wconf 77' lang='lat' dir='ltr'><strong>ostendere</strong></span> <span class='ocrx_word' id='word_1_407' title='bbox 2360 726 2428 764; x_wconf 87' lang='lat' dir='ltr'><strong>ne</strong></span> <span class='ocrx_word' id='word_1_408' title='bbox 2479 710 2868 780; x_wconf 63' lang='lat' dir='ltr'><strong>illud&#39;quidem</strong></span> <span class='ocrx_word' id='word_1_409' title='bbox 2903 711 3132 765; x_wconf 89' lang='lat' dir='ltr'><strong>nimium</strong></span> <span class='ocrx_word' id='word_1_410' title='bbox 3173 711 3312 778; x_wconf 85' lang='lat' dir='ltr'><strong>apud</strong></span> 
     </span>
    </p>
   </div>
   <div class='ocr_carea' id='block_1_52' title="bbox 1730 798 3312 871">
    <p class='ocr_par' dir='ltr' id='par_1_52' title="bbox 1730 798 3312 871">
     <span class='ocr_line' id='line_1_53' title="bbox 1730 798 3312 871; baseline 0.001 -19"><span class='ocrx_word' id='word_1_411' title='bbox 1730 798 1877 868; x_wconf 88' lang='lat' dir='ltr'><strong>ipsos</strong></span> <span class='ocrx_word' id='word_1_412' title='bbox 1915 799 2264 855; x_wconf 86' lang='lat' dir='ltr'><strong>decantatutn</strong></span> <span class='ocrx_word' id='word_1_413' title='bbox 2318 803 2773 856; x_wconf 87' lang='lat' dir='ltr'><strong>contradictionis</strong></span> <span class='ocrx_word' id='word_1_414' title='bbox 2825 803 3207 871; x_wconf 81' lang='lat' dir='ltr'><strong>organum&#39;vel</strong></span> <span class='ocrx_word' id='word_1_415' title='bbox 3257 802 3312 854; x_wconf 92' lang='lat' dir='ltr'><strong>in</strong></span> 
     </span>
    </p>
   </div>
   <div class='ocr_carea' id='block_1_53' title="bbox 1705 889 3314 962">
    <p class='ocr_par' dir='ltr' id='par_1_53' title="bbox 1705 889 3314 962">
     <span class='ocr_line' id='line_1_54' title="bbox 1705 889 3314 962; baseline 0.002 -20"><span class='ocrx_word' id='word_1_416' title='bbox 1705 893 1709 896; x_wconf 82' lang='grc'><strong>’</strong></span> <span class='ocrx_word' id='word_1_417' title='bbox 1736 889 1822 945; x_wconf 85' lang='lat' dir='ltr'><strong>his</strong></span> <span class='ocrx_word' id='word_1_418' title='bbox 1850 889 1982 960; x_wconf 87' lang='lat' dir='ltr'><strong>ipsis</strong></span> <span class='ocrx_word' id='word_1_419' title='bbox 2013 891 2174 947; x_wconf 88' lang='lat' dir='ltr'><strong>rebus</strong></span> <span class='ocrx_word' id='word_1_420' title='bbox 2207 893 2410 948; x_wconf 85' lang='lat' dir='ltr'><strong>inlimis</strong></span> <span class='ocrx_word' id='word_1_421' title='bbox 2455 891 2718 948; x_wconf 83' lang='lat' dir='ltr'><strong>invictum</strong></span> <span class='ocrx_word' id='word_1_422' title='bbox 2743 908 2962 962; x_wconf 88' lang='lat' dir='ltr'><strong>semper</strong></span> <span class='ocrx_word' id='word_1_423' title='bbox 2991 893 3194 947; x_wconf 87' lang='lat' dir='ltr'><strong>habere</strong></span> <span class='ocrx_word' id='word_1_424' title='bbox 3226 907 3314 945; x_wconf 84' lang='lat' dir='ltr'><strong>ro-</strong></span> 
     </span>
    </p>
   </div>
   <div class='ocr_carea' id='block_1_54' title="bbox 1733 980 3316 1054">
    <p class='ocr_par' dir='ltr' id='par_1_54' title="bbox 1733 980 3316 1054">
     <span class='ocr_line' id='line_1_55' title="bbox 1733 980 3316 1054; baseline 0 -20"><span class='ocrx_word' id='word_1_425' title='bbox 1733 980 1857 1047; x_wconf 89' lang='lat' dir='ltr'><strong>bttr,</strong></span> <span class='ocrx_word' id='word_1_426' title='bbox 1890 983 2088 1038; x_wconf 87' lang='lat' dir='ltr'><strong>nedum</strong></span> <span class='ocrx_word' id='word_1_427' title='bbox 2123 984 2404 1041; x_wconf 86' lang='lat' dir='ltr'><strong>criterium</strong></span> <span class='ocrx_word' id='word_1_428' title='bbox 2433 999 2554 1040; x_wconf 89' lang='lat' dir='ltr'><strong>esse</strong></span> <span class='ocrx_word' id='word_1_429' title='bbox 2578 984 2862 1054; x_wconf 88' lang='lat' dir='ltr'><strong>jndicandi</strong></span> <span class='ocrx_word' id='word_1_430' title='bbox 2889 985 2955 1039; x_wconf 90' lang='lat' dir='ltr'><strong>de</strong></span> <span class='ocrx_word' id='word_1_431' title='bbox 2984 991 3316 1054; x_wconf 84' lang='lat' dir='ltr'><strong>supernatu-</strong></span> 
     </span>
    </p>
   </div>
   <div class='ocr_carea' id='block_1_55' title="bbox 1735 1075 3317 1153">
    <p class='ocr_par' dir='ltr' id='par_1_55' title="bbox 1735 1075 3317 1153">
     <span class='ocr_line' id='line_1_56' title="bbox 1735 1075 3317 1153; baseline -0.001 -24"><span class='ocrx_word' id='word_1_432' title='bbox 1735 1075 1835 1129; x_wconf 82' lang='lat' dir='ltr'><strong>rali</strong></span> <span class='ocrx_word' id='word_1_433' title='bbox 1864 1077 2168 1132; x_wconf 82' lang='lat' dir='ltr'><strong>substantia</strong></span> <span class='ocrx_word' id='word_1_434' title='bbox 2195 1078 2562 1147; x_wconf 76' lang='lat' dir='ltr'><strong>inell‘aliilique</strong></span> <span class='ocrx_word' id='word_1_435' title='bbox 2591 1078 2866 1153; x_wconf 88' lang='lat' dir='ltr'><strong>majestati</strong></span> <span class='ocrx_word' id='word_1_436' title='bbox 2900 1089 3113 1147; x_wconf 90' lang='lat' dir='ltr'><strong>aptum.</strong></span> <span class='ocrx_word' id='word_1_437' title='bbox 3145 1075 3317 1130; x_wconf 80' lang='lat' dir='ltr'><strong>Multa</strong></span> 
     </span>
    </p>
   </div>
   <div class='ocr_carea' id='block_1_56' title="bbox 1735 1165 3317 1238">
    <p class='ocr_par' dir='ltr' id='par_1_56' title="bbox 1735 1165 3317 1238">
     <span class='ocr_line' id='line_1_57' title="bbox 1735 1165 3317 1238; baseline -0.002 -18"><span class='ocrx_word' id='word_1_438' title='bbox 1735 1181 1900 1236; x_wconf 88' lang='lat' dir='ltr'><strong>porro</strong></span> <span class='ocrx_word' id='word_1_439' title='bbox 1930 1168 2204 1222; x_wconf 86' lang='lat' dir='ltr'><strong>enuntiari</strong></span> <span class='ocrx_word' id='word_1_440' title='bbox 2232 1177 2466 1238; x_wconf 69' lang='lat' dir='ltr'><strong>queunt,</strong></span> <span class='ocrx_word' id='word_1_441' title='bbox 2489 1183 2612 1238; x_wconf 63' lang='lat' dir='ltr'><strong>quae</strong></span> <span class='ocrx_word' id='word_1_442' title='bbox 2639 1167 2873 1238; x_wconf 89' lang='lat' dir='ltr'><strong>speciem</strong></span> <span class='ocrx_word' id='word_1_443' title='bbox 2915 1165 3138 1236; x_wconf 87' lang='lat' dir='ltr'><strong>quidem</strong></span> <span class='ocrx_word' id='word_1_444' title='bbox 3179 1179 3317 1218; x_wconf 87' lang='lat' dir='ltr'><strong>con-</strong></span> 
     </span>
    </p>
   </div>
   <div class='ocr_carea' id='block_1_57' title="bbox 1737 1258 3315 1332">
    <p class='ocr_par' dir='ltr' id='par_1_57' title="bbox 1737 1258 3315 1332">
     <span class='ocr_line' id='line_1_58' title="bbox 1737 1258 3315 1332; baseline -0.003 -18"><span class='ocrx_word' id='word_1_445' title='bbox 1737 1259 2077 1316; x_wconf 87' lang='lat' dir='ltr'><strong>tradictionis</strong></span> <span class='ocrx_word' id='word_1_446' title='bbox 2110 1262 2439 1332; x_wconf 58' lang='lat' dir='ltr'><strong>praeferunt,</strong></span> <span class='ocrx_word' id='word_1_447' title='bbox 2459 1277 2566 1316; x_wconf 88' lang='lat' dir='ltr'><strong>non</strong></span> <span class='ocrx_word' id='word_1_448' title='bbox 2595 1268 2775 1314; x_wconf 90' lang='lat' dir='ltr'><strong>tamen</strong></span> <span class='ocrx_word' id='word_1_449' title='bbox 2802 1275 2989 1314; x_wconf 83' lang='lat' dir='ltr'><strong>verum</strong></span> <span class='ocrx_word' id='word_1_450' title='bbox 3023 1275 3088 1314; x_wconf 91' lang='lat' dir='ltr'><strong>ac</strong></span> <span class='ocrx_word' id='word_1_451' title='bbox 3121 1258 3315 1312; x_wconf 89' lang='lat' dir='ltr'><strong>falsum</strong></span> 
     </span>
    </p>
   </div>
   <div class='ocr_carea' id='block_1_58' title="bbox 1737 1337 3397 1424">
    <p class='ocr_par' dir='ltr' id='par_1_58' title="bbox 1737 1337 3397 1424">
     <span class='ocr_line' id='line_1_59' title="bbox 1737 1337 3397 1424; baseline -0.002 -18"><span class='ocrx_word' id='word_1_452' title='bbox 1737 1352 2102 1422; x_wconf 79' lang='lat' dir='ltr'><strong>distinguunt,</strong></span> <span class='ocrx_word' id='word_1_453' title='bbox 2123 1362 2182 1406; x_wconf 82' lang='lat' dir='ltr'><strong>ut</strong></span> <span class='ocrx_word' id='word_1_454' title='bbox 2195 1368 2245 1407; x_wconf 94' lang='lat' dir='ltr'><strong>e.</strong></span> <span class='ocrx_word' id='word_1_455' title='bbox 2271 1337 2353 1424; x_wconf 78' lang='lat' dir='ltr'><strong>gr.</strong></span> <span class='ocrx_word' id='word_1_456' title='bbox 2383 1353 2430 1408; x_wconf 87' lang='lat' dir='ltr'><strong>si</strong></span> <span class='ocrx_word' id='word_1_457' title='bbox 2450 1352 2573 1423; x_wconf 85' lang='lat' dir='ltr'><strong>quis</strong></span> <span class='ocrx_word' id='word_1_458' title='bbox 2589 1355 2654 1407; x_wconf 90' lang='lat' dir='ltr'><strong>de</strong></span> <span class='ocrx_word' id='word_1_459' title='bbox 2677 1353 2899 1406; x_wconf 89' lang='lat' dir='ltr'><strong>homine</strong></span> <span class='ocrx_word' id='word_1_460' title='bbox 2911 1352 3126 1405; x_wconf 83' lang='lat' dir='ltr'><strong>vivente</strong></span> <span class='ocrx_word' id='word_1_461' title='bbox 3147 1351 3314 1404; x_wconf 88' lang='lat' dir='ltr'><strong>inter-</strong></span> <span class='ocrx_word' id='word_1_462' title='bbox 3395 1412 3397 1414; x_wconf 27' lang='grc' dir='ltr'><strong>η</strong></span> 
     </span>
    </p>
   </div>
   <div class='ocr_carea' id='block_1_59' title="bbox 1734 1438 3320 1516">
    <p class='ocr_par' dir='ltr' id='par_1_59' title="bbox 1734 1438 3320 1516">
     <span class='ocr_line' id='line_1_60' title="bbox 1734 1438 3320 1516; baseline -0.003 -19"><span class='ocrx_word' id='word_1_463' title='bbox 1734 1438 1916 1513; x_wconf 80' lang='lat' dir='ltr'><strong>roget,</strong></span> <span class='ocrx_word' id='word_1_464' title='bbox 1938 1453 2122 1498; x_wconf 88' lang='lat' dir='ltr'><strong>utrum</strong></span> <span class='ocrx_word' id='word_1_465' title='bbox 2153 1444 2243 1499; x_wconf 89' lang='lat' dir='ltr'><strong>hic</strong></span> <span class='ocrx_word' id='word_1_466' title='bbox 2260 1454 2559 1516; x_wconf 88' lang='lat' dir='ltr'><strong>resurgata</strong></span> <span class='ocrx_word' id='word_1_467' title='bbox 2578 1454 2751 1499; x_wconf 90' lang='lat' dir='ltr'><strong>morte</strong></span> <span class='ocrx_word' id='word_1_468' title='bbox 2781 1461 2849 1499; x_wconf 90' lang='lat' dir='ltr'><strong>an</strong></span> <span class='ocrx_word' id='word_1_469' title='bbox 2874 1458 2980 1498; x_wconf 88' lang='lat' dir='ltr'><strong>non</strong></span> <span class='ocrx_word' id='word_1_470' title='bbox 3009 1460 3024 1508; x_wconf 90' lang='lat'><strong>;</strong></span> <span class='ocrx_word' id='word_1_471' title='bbox 3062 1453 3320 1501; x_wconf 87' lang='lat' dir='ltr'><strong>neutrum</strong></span> 
     </span>
    </p>
   </div>
   <div class='ocr_carea' id='block_1_60' title="bbox 1741 1533 3317 1601">
    <p class='ocr_par' dir='ltr' id='par_1_60' title="bbox 1741 1533 3317 1601">
     <span class='ocr_line' id='line_1_61' title="bbox 1741 1533 3317 1601; baseline -0.003 -13"><span class='ocrx_word' id='word_1_472' title='bbox 1741 1535 1886 1589; x_wconf 87' lang='lat' dir='ltr'><strong>enim</strong></span> <span class='ocrx_word' id='word_1_473' title='bbox 1958 1534 2050 1588; x_wconf 90' lang='lat' dir='ltr'><strong>hic</strong></span> <span class='ocrx_word' id='word_1_474' title='bbox 2091 1534 2159 1589; x_wconf 90' lang='lat' dir='ltr'><strong>ab</strong></span> <span class='ocrx_word' id='word_1_475' title='bbox 2189 1535 2410 1590; x_wconf 85' lang='lat' dir='ltr'><strong>homine</strong></span> <span class='ocrx_word' id='word_1_476' title='bbox 2457 1550 2607 1590; x_wconf 75' lang='lat' dir='ltr'><strong>sana:</strong></span> <span class='ocrx_word' id='word_1_477' title='bbox 2645 1535 2842 1590; x_wconf 88' lang='lat' dir='ltr'><strong>mentis</strong></span> <span class='ocrx_word' id='word_1_478' title='bbox 2872 1533 3083 1588; x_wconf 89' lang='lat' dir='ltr'><strong>admitti</strong></span> <span class='ocrx_word' id='word_1_479' title='bbox 3119 1541 3317 1601; x_wconf 79' lang='lat' dir='ltr'><strong>potest.</strong></span> 
     </span>
    </p>
   </div>
   <div class='ocr_carea' id='block_1_61' title="bbox 1743 1609 3346 1694">
    <p class='ocr_par' dir='ltr' id='par_1_61' title="bbox 1743 1609 3346 1694">
     <span class='ocr_line' id='line_1_62' title="bbox 1743 1609 3346 1694; baseline -0.002 -16"><span class='ocrx_word' id='word_1_480' title='bbox 1743 1624 2069 1694; x_wconf 84' lang='lat' dir='ltr'><strong>Quanquam</strong></span> <span class='ocrx_word' id='word_1_481' title='bbox 2110 1625 2222 1679; x_wconf 73' lang='lat' dir='ltr'><strong>[nec</strong></span> <span class='ocrx_word' id='word_1_482' title='bbox 2253 1625 2518 1681; x_wconf 89' lang='lat' dir='ltr'><strong>orationis</strong></span> <span class='ocrx_word' id='word_1_483' title='bbox 2550 1627 2889 1681; x_wconf 87' lang='lat' dir='ltr'><strong>constructio</strong></span> <span class='ocrx_word' id='word_1_484' title='bbox 2908 1609 3124 1679; x_wconf 81' lang='lat' dir='ltr'><strong>videtur</strong></span> <span class='ocrx_word' id='word_1_485' title='bbox 3157 1623 3225 1677; x_wconf 89' lang='lat' dir='ltr'><strong>ad</strong></span> <span class='ocrx_word' id='word_1_486' title='bbox 3259 1623 3346 1675; x_wconf 83' lang='lat' dir='ltr'><strong>fi-&#39;</strong></span> 
     </span>
    </p>
   </div>
   <div class='ocr_carea' id='block_1_62' title="bbox 1740 1715 3319 1795">
    <p class='ocr_par' dir='ltr' id='par_1_62' title="bbox 1740 1715 3319 1795">
     <span class='ocr_line' id='line_1_63' title="bbox 1740 1715 3319 1795; baseline -0.003 -23"><span class='ocrx_word' id='word_1_487' title='bbox 1740 1721 1860 1773; x_wconf 86' lang='lat' dir='ltr'><strong>dem</strong></span> <span class='ocrx_word' id='word_1_488' title='bbox 1883 1717 2192 1795; x_wconf 79' lang='lat' dir='ltr'><strong>faciendam</strong></span> <span class='ocrx_word' id='word_1_489' title='bbox 2212 1718 2385 1787; x_wconf 89' lang='lat' dir='ltr'><strong>pluris</strong></span> <span class='ocrx_word' id='word_1_490' title='bbox 2415 1718 2620 1788; x_wconf 89' lang='lat' dir='ltr'><strong>aliquid</strong></span> <span class='ocrx_word' id='word_1_491' title='bbox 2646 1718 2878 1784; x_wconf 86' lang='lat' dir='ltr'><strong>habere;</strong></span> <span class='ocrx_word' id='word_1_492' title='bbox 2904 1715 3152 1787; x_wconf 80' lang='lat' dir='ltr'><strong>negativa</strong></span> <span class='ocrx_word' id='word_1_493' title='bbox 3173 1716 3319 1770; x_wconf 88' lang='lat' dir='ltr'><strong>enim</strong></span> 
     </span>
    </p>
   </div>
   <div class='ocr_carea' id='block_1_63' title="bbox 1739 1797 3323 1881">
    <p class='ocr_par' dir='ltr' id='par_1_63' title="bbox 1739 1797 3323 1881">
     <span class='ocr_line' id='line_1_64' title="bbox 1739 1797 3323 1881; baseline -0.003 -17"><span class='ocrx_word' id='word_1_494' title='bbox 1739 1811 2005 1881; x_wconf 87' lang='lat' dir='ltr'><strong>particula</strong></span> <span class='ocrx_word' id='word_1_495' title='bbox 2043 1810 2336 1880; x_wconf 72' lang='lat' dir='ltr'><strong>praedicam</strong></span> <span class='ocrx_word' id='word_1_496' title='bbox 2365 1811 2696 1877; x_wconf 86' lang='lat' dir='ltr'><strong>adnectitur,</strong></span> <span class='ocrx_word' id='word_1_497' title='bbox 2751 1797 2856 1863; x_wconf 85' lang='lat' dir='ltr'><strong>non</strong></span> <span class='ocrx_word' id='word_1_498' title='bbox 2895 1825 3026 1864; x_wconf 82' lang='lat' dir='ltr'><strong>vero</strong></span> <span class='ocrx_word' id='word_1_499' title='bbox 3077 1807 3144 1862; x_wconf 87' lang='lat' dir='ltr'><strong>ad</strong></span> <span class='ocrx_word' id='word_1_500' title='bbox 3189 1808 3323 1862; x_wconf 87' lang='lat' dir='ltr'><strong>sub-</strong></span> 
     </span>
    </p>
   </div>
   <div class='ocr_carea' id='block_1_64' title="bbox 1735 1898 3323 1970">
    <p class='ocr_par' dir='ltr' id='par_1_64' title="bbox 1735 1898 3323 1970">
     <span class='ocr_line' id='line_1_65' title="bbox 1735 1898 3323 1970; baseline -0.004 -14"><span class='ocrx_word' id='word_1_501' title='bbox 1735 1901 2176 1970; x_wconf 83' lang='lat' dir='ltr'><strong>jectummigrat.</strong></span> <span class='ocrx_word' id='word_1_502' title='bbox 2203 1899 2335 1954; x_wconf 87' lang='lat' dir='ltr'><strong>Tale</strong></span> <span class='ocrx_word' id='word_1_503' title='bbox 2355 1909 2439 1955; x_wconf 87' lang='lat' dir='ltr'><strong>est</strong></span> <span class='ocrx_word' id='word_1_504' title='bbox 2466 1910 2520 1955; x_wconf 92' lang='lat' dir='ltr'><strong>et</strong></span> <span class='ocrx_word' id='word_1_505' title='bbox 2550 1901 2689 1954; x_wconf 89' lang='lat' dir='ltr'><strong>hoc:</strong></span> <span class='ocrx_word' id='word_1_506' title='bbox 2717 1898 2916 1954; x_wconf 86' lang='lat' dir='ltr'><strong>Utrum</strong></span> <span class='ocrx_word' id='word_1_507' title='bbox 2942 1898 3190 1952; x_wconf 89' lang='lat' dir='ltr'><strong>leoninos</strong></span> <span class='ocrx_word' id='word_1_508' title='bbox 3223 1898 3323 1950; x_wconf 81' lang='lat' dir='ltr'><strong>un-</strong></span> 
     </span>
    </p>
   </div>
   <div class='ocr_carea' id='block_1_65' title="bbox 1739 1988 3329 2072">
    <p class='ocr_par' dir='ltr' id='par_1_65' title="bbox 1739 1988 3329 2072">
     <span class='ocr_line' id='line_1_66' title="bbox 1739 1988 3329 2072; baseline -0.007 -21"><span class='ocrx_word' id='word_1_509' title='bbox 1739 2009 1874 2072; x_wconf 81' lang='lat' dir='ltr'><strong>gues</strong></span> <span class='ocrx_word' id='word_1_510' title='bbox 1924 1988 2187 2065; x_wconf 82' lang='lat' dir='ltr'><strong>generant</strong></span> <span class='ocrx_word' id='word_1_511' title='bbox 2218 1993 2440 2047; x_wconf 88' lang='lat' dir='ltr'><strong>humani</strong></span> <span class='ocrx_word' id='word_1_512' title='bbox 2472 1993 2637 2062; x_wconf 89' lang='lat' dir='ltr'><strong>pedes</strong></span> <span class='ocrx_word' id='word_1_513' title='bbox 2668 2007 2737 2046; x_wconf 89' lang='lat' dir='ltr'><strong>an</strong></span> <span class='ocrx_word' id='word_1_514' title='bbox 2790 2007 2898 2046; x_wconf 89' lang='lat' dir='ltr'><strong>non</strong></span> <span class='ocrx_word' id='word_1_515' title='bbox 2947 1997 3240 2060; x_wconf 80' lang='lat' dir='ltr'><strong>generant;</strong></span> <span class='ocrx_word' id='word_1_516' title='bbox 3273 1996 3329 2041; x_wconf 85' lang='lat' dir='ltr'><strong>ct</strong></span> 
     </span>
    </p>
   </div>
   <div class='ocr_carea' id='block_1_66' title="bbox 1741 2082 3328 2154">
    <p class='ocr_par' dir='ltr' id='par_1_66' title="bbox 1741 2082 3328 2154">
     <span class='ocr_line' id='line_1_67' title="bbox 1741 2082 3328 2154; baseline -0.005 -14"><span class='ocrx_word' id='word_1_517' title='bbox 1741 2087 1846 2141; x_wconf 93' lang='lat' dir='ltr'><strong>hoc</strong></span> <span class='ocrx_word' id='word_1_518' title='bbox 1882 2101 1896 2139; x_wconf 89' lang='lat'><strong>:</strong></span> <span class='ocrx_word' id='word_1_519' title='bbox 1936 2085 2040 2152; x_wconf 81' lang='lat' dir='ltr'><strong>Qui</strong></span> <span class='ocrx_word' id='word_1_520' title='bbox 2080 2101 2245 2141; x_wconf 86' lang='lat' dir='ltr'><strong>cursu</strong></span> <span class='ocrx_word' id='word_1_521' title='bbox 2307 2086 2421 2154; x_wconf 87' lang='lat' dir='ltr'><strong>jam</strong></span> <span class='ocrx_word' id='word_1_522' title='bbox 2475 2085 2543 2139; x_wconf 89' lang='lat' dir='ltr'><strong>ad</strong></span> <span class='ocrx_word' id='word_1_523' title='bbox 2598 2082 2761 2140; x_wconf 83' lang='lat' dir='ltr'><strong>stadii</strong></span> <span class='ocrx_word' id='word_1_524' title='bbox 2809 2082 3050 2138; x_wconf 84' lang='lat' dir='ltr'><strong>defertur</strong></span> <span class='ocrx_word' id='word_1_525' title='bbox 3101 2088 3328 2143; x_wconf 85' lang='lat' dir='ltr'><strong>metam,</strong></span> 
     </span>
    </p>
   </div>
   <div class='ocr_carea' id='block_1_67' title="bbox 1742 2175 3344 2250">
    <p class='ocr_par' dir='ltr' id='par_1_67' title="bbox 1742 2175 3344 2250">
     <span class='ocr_line' id='line_1_68' title="bbox 1742 2175 3344 2250; baseline -0.006 -16"><span class='ocrx_word' id='word_1_526' title='bbox 1742 2190 1926 2234; x_wconf 88' lang='lat' dir='ltr'><strong>utrttm</strong></span> <span class='ocrx_word' id='word_1_527' title='bbox 1951 2179 2004 2232; x_wconf 88' lang='lat' dir='ltr'><strong>itt</strong></span> <span class='ocrx_word' id='word_1_528' title='bbox 2027 2178 2148 2246; x_wconf 85' lang='lat' dir='ltr'><strong>ipso</strong></span> <span class='ocrx_word' id='word_1_529' title='bbox 2165 2187 2314 2232; x_wconf 91' lang='lat' dir='ltr'><strong>motu</strong></span> <span class='ocrx_word' id='word_1_530' title='bbox 2336 2177 2554 2232; x_wconf 89' lang='lat' dir='ltr'><strong>initium</strong></span> <span class='ocrx_word' id='word_1_531' title='bbox 2578 2185 2762 2231; x_wconf 89' lang='lat' dir='ltr'><strong>motus</strong></span> <span class='ocrx_word' id='word_1_532' title='bbox 2784 2175 2990 2245; x_wconf 88' lang='lat' dir='ltr'><strong>posuit,</strong></span> <span class='ocrx_word' id='word_1_533' title='bbox 3013 2189 3082 2227; x_wconf 90' lang='lat' dir='ltr'><strong>an</strong></span> <span class='ocrx_word' id='word_1_534' title='bbox 3099 2187 3344 2250; x_wconf 31' lang='lat' dir='ltr'><strong>prorsus.</strong></span> 
     </span>
    </p>
   </div>
   <div class='ocr_carea' id='block_1_68' title="bbox 1744 2267 3419 2342">
    <p class='ocr_par' dir='ltr' id='par_1_68' title="bbox 1744 2267 3419 2342">
     <span class='ocr_line' id='line_1_69' title="bbox 1744 2267 3419 2342; baseline -0.006 -16"><span class='ocrx_word' id='word_1_535' title='bbox 1744 2289 1852 2328; x_wconf 89' lang='lat' dir='ltr'><strong>non</strong></span> <span class='ocrx_word' id='word_1_536' title='bbox 1893 2271 2131 2342; x_wconf 85' lang='lat' dir='ltr'><strong>incepit?</strong></span> <span class='ocrx_word' id='word_1_537' title='bbox 2163 2270 2450 2337; x_wconf 84' lang='lat' dir='ltr'><strong>Quomodo</strong></span> <span class='ocrx_word' id='word_1_538' title='bbox 2501 2269 2646 2324; x_wconf 90' lang='lat' dir='ltr'><strong>enim</strong></span> <span class='ocrx_word' id='word_1_539' title='bbox 2689 2269 2958 2339; x_wconf 84' lang='lat' dir='ltr'><strong>ejusmodi</strong></span> <span class='ocrx_word' id='word_1_540' title='bbox 3017 2267 3328 2322; x_wconf 79' lang='lat' dir='ltr'><strong>orationum</strong></span> <span class='ocrx_word' id='word_1_541' title='bbox 3408 2269 3419 2280; x_wconf 89' lang='lat'><strong>‘</strong></span> 
     </span>
    </p>
   </div>
   <div class='ocr_carea' id='block_1_69' title="bbox 1747 2358 3332 2428">
    <p class='ocr_par' dir='ltr' id='par_1_69' title="bbox 1747 2358 3332 2428">
     <span class='ocr_line' id='line_1_70' title="bbox 1747 2358 3332 2428; baseline -0.006 -8"><span class='ocrx_word' id='word_1_542' title='bbox 1747 2364 2007 2420; x_wconf 79' lang='lat' dir='ltr'><strong>formatio</strong></span> <span class='ocrx_word' id='word_1_543' title='bbox 2027 2380 2059 2419; x_wconf 89' lang='lat' dir='ltr'><strong>a</strong></span> <span class='ocrx_word' id='word_1_544' title='bbox 2083 2362 2223 2418; x_wconf 85' lang='lat' dir='ltr'><strong>falso</strong></span> <span class='ocrx_word' id='word_1_545' title='bbox 2248 2362 2650 2419; x_wconf 85' lang='lat' dir='ltr'><strong>discriminabit</strong></span> <span class='ocrx_word' id='word_1_546' title='bbox 2669 2360 2902 2416; x_wconf 78' lang='lat' dir='ltr'><strong>verum?</strong></span> <span class='ocrx_word' id='word_1_547' title='bbox 2928 2360 2993 2414; x_wconf 89' lang='lat' dir='ltr'><strong>Et</strong></span> <span class='ocrx_word' id='word_1_548' title='bbox 3017 2375 3032 2411; x_wconf 86' lang='lat'><strong>:</strong></span> <span class='ocrx_word' id='word_1_549' title='bbox 3056 2359 3200 2428; x_wconf 78' lang='lat' dir='ltr'><strong>Ignis</strong></span> <span class='ocrx_word' id='word_1_550' title='bbox 3229 2358 3332 2411; x_wconf 91' lang='lat' dir='ltr'><strong>hn-</strong></span> 
     </span>
    </p>
   </div>
   <div class='ocr_carea' id='block_1_70' title="bbox 1746 2455 3400 2526">
    <p class='ocr_par' dir='ltr' id='par_1_70' title="bbox 1746 2455 3400 2526">
     <span class='ocr_line' id='line_1_71' title="bbox 1746 2455 3400 2526; baseline -0.006 -15"><span class='ocrx_word' id='word_1_551' title='bbox 1746 2468 1990 2512; x_wconf 89' lang='lat' dir='ltr'><strong>mectans</strong></span> <span class='ocrx_word' id='word_1_552' title='bbox 2007 2471 2073 2512; x_wconf 84' lang='lat' dir='ltr'><strong>ac</strong></span> <span class='ocrx_word' id='word_1_553' title='bbox 2099 2455 2431 2526; x_wconf 87' lang='lat' dir='ltr'><strong>refrigerans</strong></span> <span class='ocrx_word' id='word_1_554' title='bbox 2449 2469 2706 2524; x_wconf 87' lang='lat' dir='ltr'><strong>corpora,</strong></span> <span class='ocrx_word' id='word_1_555' title='bbox 2727 2461 2911 2507; x_wconf 91' lang='lat' dir='ltr'><strong>utrum</strong></span> <span class='ocrx_word' id='word_1_556' title='bbox 2933 2467 2998 2507; x_wconf 79' lang='lat' dir='ltr'><strong>ex</strong></span> <span class='ocrx_word' id='word_1_557' title='bbox 3017 2460 3235 2516; x_wconf 85' lang='lat' dir='ltr'><strong>natura,</strong></span> <span class='ocrx_word' id='word_1_558' title='bbox 3261 2464 3330 2503; x_wconf 85' lang='lat' dir='ltr'><strong>an</strong></span> <span class='ocrx_word' id='word_1_559' title='bbox 3397 2471 3400 2473; x_wconf 54' lang='grc' dir='ltr'><strong>λ</strong></span> 
     </span>
    </p>
   </div>
   <div class='ocr_carea' id='block_1_71' title="bbox 1747 2536 3330 2616">
    <p class='ocr_par' dir='ltr' id='par_1_71' title="bbox 1747 2536 3330 2616">
     <span class='ocr_line' id='line_1_72' title="bbox 1747 2536 3330 2616; baseline -0.006 -11"><span class='ocrx_word' id='word_1_560' title='bbox 1747 2566 1856 2605; x_wconf 89' lang='lat' dir='ltr'><strong>non</strong></span> <span class='ocrx_word' id='word_1_561' title='bbox 1879 2567 1945 2605; x_wconf 80' lang='lat' dir='ltr'><strong>ex</strong></span> <span class='ocrx_word' id='word_1_562' title='bbox 1977 2559 2174 2604; x_wconf 78' lang='lat' dir='ltr'><strong>natum</strong></span> <span class='ocrx_word' id='word_1_563' title='bbox 2214 2550 2320 2604; x_wconf 86' lang='lat' dir='ltr'><strong>hoc</strong></span> <span class='ocrx_word' id='word_1_564' title='bbox 2346 2536 2644 2616; x_wconf 55' lang='lat' dir='ltr'><strong>epe&#39;ratur?</strong></span> <span class='ocrx_word' id='word_1_565' title='bbox 2696 2545 2813 2600; x_wconf 84' lang='lat' dir='ltr'><strong>lloc</strong></span> <span class='ocrx_word' id='word_1_566' title='bbox 2843 2559 2974 2600; x_wconf 84' lang='lat' dir='ltr'><strong>vero</strong></span> <span class='ocrx_word' id='word_1_567' title='bbox 3021 2542 3330 2605; x_wconf 77' lang='lat' dir='ltr'><strong>manifeste,</strong></span> 
     </span>
    </p>
   </div>
   <div class='ocr_carea' id='block_1_72' title="bbox 1747 2634 3336 2711">
    <p class='ocr_par' dir='ltr' id='par_1_72' title="bbox 1747 2634 3336 2711">
     <span class='ocr_line' id='line_1_73' title="bbox 1747 2634 3336 2711; baseline -0.009 -13"><span class='ocrx_word' id='word_1_568' title='bbox 1747 2643 1891 2698; x_wconf 90' lang='lat' dir='ltr'><strong>sicut</strong></span> <span class='ocrx_word' id='word_1_569' title='bbox 1907 2641 2119 2711; x_wconf 89' lang='lat' dir='ltr'><strong>etquod</strong></span> <span class='ocrx_word' id='word_1_570' title='bbox 2141 2641 2210 2695; x_wconf 90' lang='lat' dir='ltr'><strong>ab</strong></span> <span class='ocrx_word' id='word_1_571' title='bbox 2233 2640 2502 2694; x_wconf 68' lang='lat' dir='ltr'><strong>haereticis</strong></span> <span class='ocrx_word' id='word_1_572' title='bbox 2520 2637 3050 2708; x_wconf 84' lang='lat' dir='ltr'><strong>objicitur,vitiatam</strong></span> <span class='ocrx_word' id='word_1_573' title='bbox 3075 2635 3236 2688; x_wconf 80' lang='lat' dir='ltr'><strong>habet</strong></span> <span class='ocrx_word' id='word_1_574' title='bbox 3253 2634 3336 2685; x_wconf 88' lang='lat' dir='ltr'><strong>in-</strong></span> 
     </span>
    </p>
   </div>
   <div class='ocr_carea' id='block_1_73' title="bbox 1753 2726 3377 2806">
    <p class='ocr_par' dir='ltr' id='par_1_73' title="bbox 1753 2726 3377 2806">
     <span class='ocr_line' id='line_1_74' title="bbox 1753 2726 3377 2806; baseline -0.009 -16"><span class='ocrx_word' id='word_1_575' title='bbox 1753 2734 2145 2806; x_wconf 83' lang='lat' dir='ltr'><strong>terrogationis</strong></span> <span class='ocrx_word' id='word_1_576' title='bbox 2163 2733 2676 2788; x_wconf 79' lang='lat' dir='ltr'><strong>conformationem.</strong></span> <span class='ocrx_word' id='word_1_577' title='bbox 2703 2729 2817 2785; x_wconf 88' lang='lat' dir='ltr'><strong>lloc</strong></span> <span class='ocrx_word' id='word_1_578' title='bbox 2841 2744 3064 2799; x_wconf 91' lang='lat' dir='ltr'><strong>quoque</strong></span> <span class='ocrx_word' id='word_1_579' title='bbox 3090 2746 3104 2783; x_wconf 89' lang='lat'>:</span> <span class='ocrx_word' id='word_1_580' title='bbox 3135 2726 3333 2786; x_wconf 86' lang='lat' dir='ltr'><strong>llomo.</strong></span> <span class='ocrx_word' id='word_1_581' title='bbox 3361 2762 3377 2776; x_wconf 92' lang='lat'><strong>.</strong></span> 
     </span>
    </p>
   </div>
   <div class='ocr_carea' id='block_1_74' title="bbox 1750 2815 3336 2898">
    <p class='ocr_par' dir='ltr' id='par_1_74' title="bbox 1750 2815 3336 2898">
     <span class='ocr_line' id='line_1_75' title="bbox 1750 2815 3336 2898; baseline -0.005 -18"><span class='ocrx_word' id='word_1_582' title='bbox 1750 2827 1846 2898; x_wconf 89' lang='lat' dir='ltr'><strong>qui</strong></span> <span class='ocrx_word' id='word_1_583' title='bbox 1877 2843 1908 2880; x_wconf 91' lang='lat' dir='ltr'><strong>a</strong></span> <span class='ocrx_word' id='word_1_584' title='bbox 1936 2835 2081 2881; x_wconf 88' lang='lat' dir='ltr'><strong>terra</strong></span> <span class='ocrx_word' id='word_1_585' title='bbox 2117 2827 2171 2880; x_wconf 92' lang='lat' dir='ltr'><strong>in</strong></span> <span class='ocrx_word' id='word_1_586' title='bbox 2201 2825 2434 2880; x_wconf 90' lang='lat' dir='ltr'><strong>sublime</strong></span> <span class='ocrx_word' id='word_1_587' title='bbox 2465 2815 2675 2886; x_wconf 36' lang='lat' dir='ltr'><strong>fertur,‘</strong></span> <span class='ocrx_word' id='word_1_588' title='bbox 2708 2831 2891 2876; x_wconf 88' lang='lat' dir='ltr'><strong>utrum</strong></span> <span class='ocrx_word' id='word_1_589' title='bbox 2921 2830 3099 2876; x_wconf 90' lang='lat' dir='ltr'><strong>cessat</strong></span> <span class='ocrx_word' id='word_1_590' title='bbox 3132 2819 3201 2873; x_wconf 88' lang='lat' dir='ltr'><strong>ab</strong></span> <span class='ocrx_word' id='word_1_591' title='bbox 3232 2818 3336 2872; x_wconf 87' lang='lat' dir='ltr'><strong>hoc</strong></span> 
     </span>
    </p>
   </div>
   <div class='ocr_carea' id='block_1_75' title="bbox 1757 2912 3336 2982">
    <p class='ocr_par' dir='ltr' id='par_1_75' title="bbox 1757 2912 3336 2982">
     <span class='ocr_line' id='line_1_76' title="bbox 1757 2912 3336 2982; baseline -0.009 -7"><span class='ocrx_word' id='word_1_592' title='bbox 1757 2921 1983 2976; x_wconf 89' lang='lat' dir='ltr'><strong>sublimi</strong></span> <span class='ocrx_word' id='word_1_593' title='bbox 2007 2928 2153 2974; x_wconf 90' lang='lat' dir='ltr'><strong>motu</strong></span> <span class='ocrx_word' id='word_1_594' title='bbox 2182 2922 2249 2971; x_wconf 88' lang='lat' dir='ltr'><strong>a&#39;n</strong></span> <span class='ocrx_word' id='word_1_595' title='bbox 2277 2933 2382 2970; x_wconf 89' lang='lat' dir='ltr'><strong>non</strong></span> <span class='ocrx_word' id='word_1_596' title='bbox 2407 2915 2624 2971; x_wconf 80' lang='lat' dir='ltr'><strong>cessat?</strong></span> <span class='ocrx_word' id='word_1_597' title='bbox 2645 2915 2894 2969; x_wconf 89' lang='lat' dir='ltr'><strong>lmtnunc</strong></span> <span class='ocrx_word' id='word_1_598' title='bbox 2913 2913 3133 2982; x_wconf 87' lang='lat' dir='ltr'><strong>quidem</strong></span> <span class='ocrx_word' id='word_1_599' title='bbox 3162 2922 3243 2964; x_wconf 78' lang='lat' dir='ltr'><strong>est</strong></span> <span class='ocrx_word' id='word_1_600' title='bbox 3267 2912 3336 2963; x_wconf 73' lang='lat' dir='ltr'><strong>al)</strong></span> 
     </span>
    </p>
   </div>
   <div class='ocr_carea' id='block_1_76' title="bbox 1751 3007 3338 3082">
    <p class='ocr_par' dir='ltr' id='par_1_76' title="bbox 1751 3007 3338 3082">
     <span class='ocr_line' id='line_1_77' title="bbox 1751 3007 3338 3082; baseline -0.008 -14"><span class='ocrx_word' id='word_1_601' title='bbox 1751 3013 2002 3082; x_wconf 81' lang='lat' dir='ltr'><strong>exposito</strong></span> <span class='ocrx_word' id='word_1_602' title='bbox 2030 3011 2297 3067; x_wconf 82' lang='lat' dir='ltr'><strong>orationis</strong></span> <span class='ocrx_word' id='word_1_603' title='bbox 2326 3009 2492 3076; x_wconf 78' lang='lat' dir='ltr'><strong>vitio;</strong></span> <span class='ocrx_word' id='word_1_604' title='bbox 2536 3024 2641 3062; x_wconf 91' lang='lat' dir='ltr'><strong>non</strong></span> <span class='ocrx_word' id='word_1_605' title='bbox 2682 3007 2867 3061; x_wconf 89' lang='lat' dir='ltr'><strong>minus</strong></span> <span class='ocrx_word' id='word_1_606' title='bbox 2899 3015 3078 3058; x_wconf 88' lang='lat' dir='ltr'><strong>tamen</strong></span> <span class='ocrx_word' id='word_1_607' title='bbox 3121 3013 3338 3058; x_wconf 80' lang='lat' dir='ltr'><strong>contra-</strong></span> 
     </span>
    </p>
   </div>
   <div class='ocr_carea' id='block_1_77' title="bbox 1752 3096 3335 3175">
    <p class='ocr_par' dir='ltr' id='par_1_77' title="bbox 1752 3096 3335 3175">
     <span class='ocr_line' id='line_1_78' title="bbox 1752 3096 3335 3175; baseline -0.007 -15"><span class='ocrx_word' id='word_1_608' title='bbox 1752 3105 2010 3161; x_wconf 88' lang='lat' dir='ltr'><strong>dictionis</strong></span> <span class='ocrx_word' id='word_1_609' title='bbox 2042 3120 2182 3160; x_wconf 69' lang='lat' dir='ltr'><strong>vera:</strong></span> <span class='ocrx_word' id='word_1_610' title='bbox 2213 3103 2442 3172; x_wconf 84' lang='lat' dir='ltr'><strong>ligtiram</strong></span> <span class='ocrx_word' id='word_1_611' title='bbox 2476 3100 2835 3156; x_wconf 78' lang='lat' dir='ltr'><strong>transformat</strong></span> <span class='ocrx_word' id='word_1_612' title='bbox 2858 3115 2921 3153; x_wconf 92' lang='lat' dir='ltr'><strong>ac</strong></span> <span class='ocrx_word' id='word_1_613' title='bbox 2955 3097 3237 3175; x_wconf 82' lang='lat' dir='ltr'><strong>pervertit.</strong></span> <span class='ocrx_word' id='word_1_614' title='bbox 3279 3096 3335 3149; x_wconf 92' lang='lat' dir='ltr'><strong>lu</strong></span> 
     </span>
    </p>
   </div>
   <div class='ocr_carea' id='block_1_78' title="bbox 1751 3190 3339 3265">
    <p class='ocr_par' dir='ltr' id='par_1_78' title="bbox 1751 3190 3339 3265">
     <span class='ocr_line' id='line_1_79' title="bbox 1751 3190 3339 3265; baseline -0.009 -13"><span class='ocrx_word' id='word_1_615' title='bbox 1751 3197 1856 3252; x_wconf 91' lang='lat' dir='ltr'><strong>hoc</strong></span> <span class='ocrx_word' id='word_1_616' title='bbox 1881 3206 2063 3252; x_wconf 87' lang='lat' dir='ltr'><strong>autem</strong></span> <span class='ocrx_word' id='word_1_617' title='bbox 2107 3214 2122 3251; x_wconf 90' lang='lat'>:</span> <span class='ocrx_word' id='word_1_618' title='bbox 2159 3194 2401 3264; x_wconf 89' lang='lat' dir='ltr'><strong>Tempus</strong></span> <span class='ocrx_word' id='word_1_619' title='bbox 2432 3196 2578 3265; x_wconf 89' lang='lat' dir='ltr'><strong>quod</strong></span> <span class='ocrx_word' id='word_1_620' title='bbox 2603 3193 2754 3248; x_wconf 76' lang='lat' dir='ltr'><strong>fluxu</strong></span> <span class='ocrx_word' id='word_1_621' title='bbox 2805 3191 2924 3246; x_wconf 82' lang='lat' dir='ltr'><strong>ﬂuit</strong></span> <span class='ocrx_word' id='word_1_622' title='bbox 2953 3190 3118 3245; x_wconf 88' lang='lat' dir='ltr'><strong>undis</strong></span> <span class='ocrx_word' id='word_1_623' title='bbox 3168 3204 3339 3258; x_wconf 69' lang='lat' dir='ltr'><strong>aqua-</strong></span> 
     </span>
    </p>
   </div>
   <div class='ocr_carea' id='block_1_79' title="bbox 1751 3276 3342 3349">
    <p class='ocr_par' dir='ltr' id='par_1_79' title="bbox 1751 3276 3342 3349">
     <span class='ocr_line' id='line_1_80' title="bbox 1751 3276 3342 3349; baseline -0.004 -14"><span class='ocrx_word' id='word_1_624' title='bbox 1751 3298 1874 3336; x_wconf 90' lang='lat' dir='ltr'><strong>rum</strong></span> <span class='ocrx_word' id='word_1_625' title='bbox 1923 3282 2109 3347; x_wconf 89' lang='lat' dir='ltr'><strong>simili,</strong></span> <span class='ocrx_word' id='word_1_626' title='bbox 2150 3282 2440 3336; x_wconf 89' lang='lat' dir='ltr'><strong>desistitne</strong></span> <span class='ocrx_word' id='word_1_627' title='bbox 2487 3282 2561 3335; x_wconf 84' lang='lat' dir='ltr'><strong>ab</strong></span> <span class='ocrx_word' id='word_1_628' title='bbox 2584 3281 2854 3349; x_wconf 85' lang='lat' dir='ltr'><strong>ejusmodi</strong></span> <span class='ocrx_word' id='word_1_629' title='bbox 2883 3279 3030 3333; x_wconf 76' lang='lat' dir='ltr'><strong>fluxu</strong></span> <span class='ocrx_word' id='word_1_630' title='bbox 3093 3295 3160 3332; x_wconf 88' lang='lat' dir='ltr'><strong>au</strong></span> <span class='ocrx_word' id='word_1_631' title='bbox 3200 3276 3342 3330; x_wconf 80' lang='lat' dir='ltr'><strong>non?</strong></span> 
     </span>
    </p>
   </div>
   <div class='ocr_carea' id='block_1_80' title="bbox 1751 3370 3344 3443">
    <p class='ocr_par' dir='ltr' id='par_1_80' title="bbox 1751 3370 3344 3443">
     <span class='ocr_line' id='line_1_81' title="bbox 1751 3370 3344 3443; baseline -0.006 -13"><span class='ocrx_word' id='word_1_632' title='bbox 1751 3375 2028 3430; x_wconf 88' lang='lat' dir='ltr'><strong>Orationis</strong></span> <span class='ocrx_word' id='word_1_633' title='bbox 2075 3374 2394 3443; x_wconf 80' lang='lat' dir='ltr'><strong>complexio</strong></span> <span class='ocrx_word' id='word_1_634' title='bbox 2441 3374 2839 3443; x_wconf 73' lang='lat' dir='ltr'><strong>praacedentem</strong></span> <span class='ocrx_word' id='word_1_635' title='bbox 2878 3370 3172 3425; x_wconf 72' lang='lat' dir='ltr'><strong>manifeste</strong></span> <span class='ocrx_word' id='word_1_636' title='bbox 3215 3370 3344 3423; x_wconf 89' lang='lat' dir='ltr'><strong>imi-</strong></span> 
     </span>
    </p>
   </div>
   <div class='ocr_carea' id='block_1_81' title="bbox 1755 3463 3420 3535">
    <p class='ocr_par' dir='ltr' id='par_1_81' title="bbox 1755 3463 3420 3535">
     <span class='ocr_line' id='line_1_82' title="bbox 1755 3463 3420 3535; baseline -0.005 -14"><span class='ocrx_word' id='word_1_637' title='bbox 1755 3476 1876 3521; x_wconf 85' lang='lat' dir='ltr'><strong>tans</strong></span> <span class='ocrx_word' id='word_1_638' title='bbox 1931 3467 2123 3522; x_wconf 90' lang='lat' dir='ltr'><strong>eodem</strong></span> <span class='ocrx_word' id='word_1_639' title='bbox 2186 3474 2379 3535; x_wconf 77' lang='lat' dir='ltr'><strong>peccat</strong></span> <span class='ocrx_word' id='word_1_640' title='bbox 2428 3464 2581 3531; x_wconf 75' lang='lat' dir='ltr'><strong>vitio,</strong></span> <span class='ocrx_word' id='word_1_641' title='bbox 2644 3475 2703 3519; x_wconf 90' lang='lat' dir='ltr'><strong>ut</strong></span> <span class='ocrx_word' id='word_1_642' title='bbox 2759 3473 2814 3520; x_wconf 89' lang='lat' dir='ltr'><strong>et</strong></span> <span class='ocrx_word' id='word_1_643' title='bbox 2844 3467 2959 3519; x_wconf 60' lang='lat' dir='ltr'><strong>haec</strong></span> <span class='ocrx_word' id='word_1_644' title='bbox 2991 3463 3340 3533; x_wconf 86' lang='lat' dir='ltr'><strong>propositio:</strong></span> <span class='ocrx_word' id='word_1_645' title='bbox 3415 3470 3420 3474; x_wconf 74' lang='lat'><strong><em>‘</em></strong></span> 
     </span>
    </p>
   </div>
   <div class='ocr_carea' id='block_1_82' title="bbox 1757 3549 3342 3630">
    <p class='ocr_par' dir='ltr' id='par_1_82' title="bbox 1757 3549 3342 3630">
     <span class='ocr_line' id='line_1_83' title="bbox 1757 3549 3342 3630; baseline -0.007 -16"><span class='ocrx_word' id='word_1_646' title='bbox 1757 3559 1950 3614; x_wconf 88' lang='lat' dir='ltr'><strong>Utrum</strong></span> <span class='ocrx_word' id='word_1_647' title='bbox 1983 3558 2305 3630; x_wconf 89' lang='lat' dir='ltr'><strong>incorporea</strong></span> <span class='ocrx_word' id='word_1_648' title='bbox 2341 3565 2534 3610; x_wconf 88' lang='lat' dir='ltr'><strong>natura</strong></span> <span class='ocrx_word' id='word_1_649' title='bbox 2582 3549 2903 3624; x_wconf 85' lang='lat' dir='ltr'><strong>corpoream</strong></span> <span class='ocrx_word' id='word_1_650' title='bbox 2955 3553 3178 3608; x_wconf 89' lang='lat' dir='ltr'><strong>subiens</strong></span> <span class='ocrx_word' id='word_1_651' title='bbox 3204 3565 3342 3604; x_wconf 75' lang='lat' dir='ltr'><strong>con-</strong></span> 
     </span>
    </p>
   </div>
   <div class='ocr_carea' id='block_1_83' title="bbox 1757 3645 3344 3704">
    <p class='ocr_par' dir='ltr' id='par_1_83' title="bbox 1757 3645 3344 3704">
     <span class='ocr_line' id='line_1_84' title="bbox 1757 3645 3344 3704; baseline -0.007 0"><span class='ocrx_word' id='word_1_652' title='bbox 1757 3649 2140 3704; x_wconf 87' lang='lat' dir='ltr'><strong>formationem</strong></span> <span class='ocrx_word' id='word_1_653' title='bbox 2193 3663 2259 3702; x_wconf 84' lang='lat' dir='ltr'><strong>ex</strong></span> <span class='ocrx_word' id='word_1_654' title='bbox 2310 3648 2538 3702; x_wconf 90' lang='lat' dir='ltr'><strong>materia</strong></span> <span class='ocrx_word' id='word_1_655' title='bbox 2589 3657 2642 3702; x_wconf 87' lang='lat' dir='ltr'><strong>et</strong></span> <span class='ocrx_word' id='word_1_656' title='bbox 2699 3645 2872 3702; x_wconf 89' lang='lat' dir='ltr'><strong>forma</strong></span> <span class='ocrx_word' id='word_1_657' title='bbox 2914 3646 3003 3700; x_wconf 84' lang='lat' dir='ltr'><strong>vel</strong></span> <span class='ocrx_word' id='word_1_658' title='bbox 3030 3660 3096 3698; x_wconf 79' lang='lat' dir='ltr'><strong>ex</strong></span> <span class='ocrx_word' id='word_1_659' title='bbox 3146 3651 3344 3698; x_wconf 86' lang='lat' dir='ltr'><strong>neutro</strong></span> 
     </span>
    </p>
   </div>
   <div class='ocr_carea' id='block_1_84' title="bbox 1759 3737 3345 3810">
    <p class='ocr_par' dir='ltr' id='par_1_84' title="bbox 1759 3737 3345 3810">
     <span class='ocr_line' id='line_1_85' title="bbox 1759 3737 3345 3810; baseline -0.006 -15"><span class='ocrx_word' id='word_1_660' title='bbox 1759 3741 1954 3796; x_wconf 84' lang='lat' dir='ltr'><strong>horum</strong></span> <span class='ocrx_word' id='word_1_661' title='bbox 1996 3741 2196 3795; x_wconf 82' lang='lat' dir='ltr'><strong>habuit</strong></span> <span class='ocrx_word' id='word_1_662' title='bbox 2247 3740 2760 3810; x_wconf 75' lang='lat' dir='ltr'><strong>compositionem?</strong></span> <span class='ocrx_word' id='word_1_663' title='bbox 2806 3737 2862 3793; x_wconf 90' lang='lat' dir='ltr'><strong>Si</strong></span> <span class='ocrx_word' id='word_1_664' title='bbox 2910 3754 2976 3792; x_wconf 82' lang='lat' dir='ltr'><strong>ex</strong></span> <span class='ocrx_word' id='word_1_665' title='bbox 3031 3737 3256 3790; x_wconf 88' lang='lat' dir='ltr'><strong>materia</strong></span> <span class='ocrx_word' id='word_1_666' title='bbox 3290 3744 3345 3805; x_wconf 83' lang='lat' dir='ltr'><strong>ct</strong></span> 
     </span>
    </p>
   </div>
   <div class='ocr_carea' id='block_1_85' title="bbox 1758 3832 3345 3904">
    <p class='ocr_par' dir='ltr' id='par_1_85' title="bbox 1758 3832 3345 3904">
     <span class='ocr_line' id='line_1_86' title="bbox 1758 3832 3345 3904; baseline -0.003 -17"><span class='ocrx_word' id='word_1_667' title='bbox 1758 3835 1959 3900; x_wconf 86' lang='lat' dir='ltr'><strong>forma,</strong></span> <span class='ocrx_word' id='word_1_668' title='bbox 1994 3833 2273 3904; x_wconf 83' lang='lat' dir='ltr'><strong>quomodo</strong></span> <span class='ocrx_word' id='word_1_669' title='bbox 2307 3833 2665 3903; x_wconf 82' lang='lat' dir='ltr'><strong>incorporea?</strong></span> <span class='ocrx_word' id='word_1_670' title='bbox 2712 3832 2808 3887; x_wconf 91' lang='lat' dir='ltr'><strong>Sin</strong></span> <span class='ocrx_word' id='word_1_671' title='bbox 2867 3847 2996 3887; x_wconf 85' lang='lat' dir='ltr'><strong>vero</strong></span> <span class='ocrx_word' id='word_1_672' title='bbox 3036 3847 3102 3886; x_wconf 81' lang='lat' dir='ltr'><strong>ex</strong></span> <span class='ocrx_word' id='word_1_673' title='bbox 3146 3832 3345 3885; x_wconf 88' lang='lat' dir='ltr'><strong>horum</strong></span> 
     </span>
    </p>
   </div>
   <div class='ocr_carea' id='block_1_86' title="bbox 1759 3910 3352 3994">
    <p class='ocr_par' dir='ltr' id='par_1_86' title="bbox 1759 3910 3352 3994">
     <span class='ocr_line' id='line_1_87' title="bbox 1759 3910 3352 3994; baseline -0.006 -14"><span class='ocrx_word' id='word_1_674' title='bbox 1759 3935 1974 3989; x_wconf 88' lang='lat' dir='ltr'><strong>neutro,</strong></span> <span class='ocrx_word' id='word_1_675' title='bbox 1997 3925 2141 3979; x_wconf 90' lang='lat' dir='ltr'><strong>unde</strong></span> <span class='ocrx_word' id='word_1_676' title='bbox 2152 3939 2469 3994; x_wconf 88' lang='lat' dir='ltr'><strong>corpoream</strong></span> <span class='ocrx_word' id='word_1_677' title='bbox 2491 3923 2657 3978; x_wconf 86' lang='lat' dir='ltr'><strong>subiit</strong></span> <span class='ocrx_word' id='word_1_678' title='bbox 2671 3922 3157 3978; x_wconf 88' lang='lat' dir='ltr'><strong>conformationem</strong></span> <span class='ocrx_word' id='word_1_679' title='bbox 3173 3921 3195 3972; x_wconf 88' lang='lat'><strong>?</strong></span> <span class='ocrx_word' id='word_1_680' title='bbox 3213 3910 3352 3971; x_wconf 52' lang='lat' dir='ltr'><strong>Itur;</strong></span> 
     </span>
    </p>
   </div>
   <div class='ocr_carea' id='block_1_87' title="bbox 1759 4009 3345 4071">
    <p class='ocr_par' dir='ltr' id='par_1_87' title="bbox 1759 4009 3345 4071">
     <span class='ocr_line' id='line_1_88' title="bbox 1759 4009 3345 4071; baseline -0.007 0"><span class='ocrx_word' id='word_1_681' title='bbox 1759 4009 2188 4071; x_wconf 62' lang='lat' dir='ltr'><strong>summotio&#39;vel</strong></span> <span class='ocrx_word' id='word_1_682' title='bbox 2213 4015 2265 4068; x_wconf 91' lang='lat' dir='ltr'><strong>in</strong></span> <span class='ocrx_word' id='word_1_683' title='bbox 2292 4015 2532 4070; x_wconf 88' lang='lat' dir='ltr'><strong>motione</strong></span> <span class='ocrx_word' id='word_1_684' title='bbox 2557 4017 2614 4066; x_wconf 85' lang='lat' dir='ltr'><strong>fit</strong></span> <span class='ocrx_word' id='word_1_685' title='bbox 2641 4014 2726 4068; x_wconf 87' lang='lat' dir='ltr'><strong>vel</strong></span> <span class='ocrx_word' id='word_1_686' title='bbox 2766 4015 2822 4066; x_wconf 89' lang='lat' dir='ltr'><strong>itt</strong></span> <span class='ocrx_word' id='word_1_687' title='bbox 2851 4011 3255 4067; x_wconf 87' lang='lat' dir='ltr'><strong>non-motione.</strong></span> <span class='ocrx_word' id='word_1_688' title='bbox 3289 4009 3345 4060; x_wconf 85' lang='lat' dir='ltr'><strong>Si</strong></span> 
     </span>
    </p>
   </div>
   <div class='ocr_carea' id='block_1_88' title="bbox 1762 4099 3344 4174">
    <p class='ocr_par' dir='ltr' id='par_1_88' title="bbox 1762 4099 3344 4174">
     <span class='ocr_line' id='line_1_89' title="bbox 1762 4099 3344 4174; baseline -0.012 -11"><span class='ocrx_word' id='word_1_689' title='bbox 1762 4109 1816 4163; x_wconf 88' lang='lat' dir='ltr'><strong>in</strong></span> <span class='ocrx_word' id='word_1_690' title='bbox 1841 4107 2102 4168; x_wconf 78' lang='lat' dir='ltr'><strong>motione,</strong></span> <span class='ocrx_word' id='word_1_691' title='bbox 2128 4117 2379 4174; x_wconf 64' lang='lat' dir='ltr'><strong>quaenam</strong></span> <span class='ocrx_word' id='word_1_692' title='bbox 2408 4117 2471 4158; x_wconf 88' lang='lat' dir='ltr'><strong>ea</strong></span> <span class='ocrx_word' id='word_1_693' title='bbox 2500 4101 2661 4156; x_wconf 87' lang='lat' dir='ltr'><strong>estet</strong></span> <span class='ocrx_word' id='word_1_694' title='bbox 2693 4101 2744 4154; x_wconf 93' lang='lat' dir='ltr'><strong>in</strong></span> <span class='ocrx_word' id='word_1_695' title='bbox 2771 4115 2879 4170; x_wconf 89' lang='lat' dir='ltr'><strong>qua</strong></span> <span class='ocrx_word' id='word_1_696' title='bbox 2901 4109 2986 4153; x_wconf 87' lang='lat' dir='ltr'><strong>est</strong></span> <span class='ocrx_word' id='word_1_697' title='bbox 3015 4107 3070 4152; x_wconf 92' lang='lat' dir='ltr'><strong>et</strong></span> <span class='ocrx_word' id='word_1_698' title='bbox 3093 4099 3344 4165; x_wconf 72' lang='lat' dir='ltr'><strong>quietiam</strong></span> 
     </span>
    </p>
   </div>
   <div class='ocr_carea' id='block_1_89' title="bbox 1761 4183 3343 4259">
    <p class='ocr_par' dir='ltr' id='par_1_89' title="bbox 1761 4183 3343 4259">
     <span class='ocr_line' id='line_1_90' title="bbox 1761 4183 3343 4259; baseline -0.011 -7"><span class='ocrx_word' id='word_1_699' title='bbox 1761 4212 1949 4259; x_wconf 76' lang='lat' dir='ltr'><strong>earum</strong></span> <span class='ocrx_word' id='word_1_700' title='bbox 1971 4196 2039 4249; x_wconf 85' lang='lat' dir='ltr'><strong>ad</strong></span> <span class='ocrx_word' id='word_1_701' title='bbox 2070 4195 2299 4248; x_wconf 84' lang='lat' dir='ltr'><strong>invicem</strong></span> <span class='ocrx_word' id='word_1_702' title='bbox 2330 4190 2669 4246; x_wconf 69' lang='lat' dir='ltr'><strong>differentia?</strong></span> <span class='ocrx_word' id='word_1_703' title='bbox 2703 4188 2990 4256; x_wconf 83' lang='lat' dir='ltr'><strong>Quomodo</strong></span> <span class='ocrx_word' id='word_1_704' title='bbox 3017 4203 3124 4242; x_wconf 91' lang='lat' dir='ltr'><strong>non</strong></span> <span class='ocrx_word' id='word_1_705' title='bbox 3161 4193 3215 4239; x_wconf 91' lang='lat' dir='ltr'><strong>et</strong></span> <span class='ocrx_word' id='word_1_706' title='bbox 3250 4183 3343 4237; x_wconf 90' lang='lat' dir='ltr'><strong>illa</strong></span> 
     </span>
    </p>
   </div>
   <div class='ocr_carea' id='block_1_90' title="bbox 1763 4277 3348 4350">
    <p class='ocr_par' dir='ltr' id='par_1_90' title="bbox 1763 4277 3348 4350">
     <span class='ocr_line' id='line_1_91' title="bbox 1763 4277 3348 4350; baseline -0.007 -9"><span class='ocrx_word' id='word_1_707' title='bbox 1763 4301 1985 4342; x_wconf 86' lang='lat' dir='ltr'><strong>rursum</strong></span> <span class='ocrx_word' id='word_1_708' title='bbox 2044 4286 2100 4340; x_wconf 89' lang='lat' dir='ltr'><strong>in</strong></span> <span class='ocrx_word' id='word_1_709' title='bbox 2135 4285 2372 4340; x_wconf 89' lang='lat' dir='ltr'><strong>motione</strong></span> <span class='ocrx_word' id='word_1_710' title='bbox 2405 4285 2485 4345; x_wconf 77' lang='grc' dir='ltr'>ιιι,</span> <span class='ocrx_word' id='word_1_711' title='bbox 2515 4290 2570 4336; x_wconf 88' lang='lat' dir='ltr'><strong>et</strong></span> <span class='ocrx_word' id='word_1_712' title='bbox 2609 4279 3031 4350; x_wconf 88' lang='lat' dir='ltr'><strong>sic‘proceditur</strong></span> <span class='ocrx_word' id='word_1_713' title='bbox 3060 4278 3112 4330; x_wconf 89' lang='lat' dir='ltr'><strong>in</strong></span> <span class='ocrx_word' id='word_1_714' title='bbox 3161 4277 3348 4330; x_wconf 86' lang='lat' dir='ltr'><strong>inlini-</strong></span> 
     </span>
    </p>
   </div>
   <div class='ocr_carea' id='block_1_91' title="bbox 108 4367 1662 4454">
    <p class='ocr_par' dir='ltr' id='par_1_91' title="bbox 108 4380 1662 4454">
     <span class='ocr_line' id='line_1_92' title="bbox 108 4380 1662 4454; baseline 0.001 -21"><span class='ocrx_word' id='word_1_715' title='bbox 108 4381 312 4454; x_wconf 83' lang='grc' dir='ltr'>κάκείνη</span> <span class='ocrx_word' id='word_1_716' title='bbox 343 4383 506 4436; x_wconf 82' lang='grc' dir='ltr'>πάλιν</span> <span class='ocrx_word' id='word_1_717' title='bbox 528 4383 586 4434; x_wconf 75' lang='grc' dir='ltr'>ὲν</span> <span class='ocrx_word' id='word_1_718' title='bbox 605 4386 836 4452; x_wconf 81' lang='grc' dir='ltr'>κινήσει,</span> <span class='ocrx_word' id='word_1_719' title='bbox 863 4382 958 4434; x_wconf 75' lang='grc' dir='ltr'><strong>καὶ</strong></span> <span class='ocrx_word' id='word_1_720' title='bbox 1001 4380 1354 4450; x_wconf 82' lang='grc' dir='ltr'>παρεισδύσει</span> <span class='ocrx_word' id='word_1_721' title='bbox 1407 4382 1467 4434; x_wconf 75' lang='grc' dir='ltr'>τὸ</span> <span class='ocrx_word' id='word_1_722' title='bbox 1503 4381 1662 4434; x_wconf 79' lang='grc' dir='ltr'>ἄπει-</span> 
     </span>
    </p>
   </div>
   <div class='ocr_carea' id='block_1_92' title="bbox 1749 4367 3356 4454">
    <p class='ocr_par' dir='ltr' id='par_1_92' title="bbox 1771 4367 3356 4442">
     <span class='ocr_line' id='line_1_93' title="bbox 1771 4367 3356 4442; baseline -0.006 -6"><span class='ocrx_word' id='word_1_723' title='bbox 1771 4367 1927 4436; x_wconf 77' lang='lat' dir='ltr'><strong>tum?</strong></span> <span class='ocrx_word' id='word_1_724' title='bbox 1956 4375 2014 4433; x_wconf 89' lang='lat' dir='ltr'><strong>Si</strong></span> <span class='ocrx_word' id='word_1_725' title='bbox 2041 4392 2171 4434; x_wconf 89' lang='lat' dir='ltr'><strong>vero</strong></span> <span class='ocrx_word' id='word_1_726' title='bbox 2199 4394 2304 4431; x_wconf 90' lang='lat' dir='ltr'><strong>non</strong></span> <span class='ocrx_word' id='word_1_727' title='bbox 2330 4377 2386 4430; x_wconf 84' lang='lat' dir='ltr'><strong>in</strong></span> <span class='ocrx_word' id='word_1_728' title='bbox 2417 4375 2681 4440; x_wconf 89' lang='lat' dir='ltr'><strong>motione,</strong></span> <span class='ocrx_word' id='word_1_729' title='bbox 2704 4373 2975 4442; x_wconf 88' lang='lat' dir='ltr'><strong>quomodo</strong></span> <span class='ocrx_word' id='word_1_730' title='bbox 2996 4372 3356 4427; x_wconf 83' lang='lat' dir='ltr'><strong>immobilitas</strong></span> 
     </span>
    </p>
   </div>
   <div class='ocr_carea' id='block_1_93' title="bbox 113 4473 1664 4548">
    <p class='ocr_par' dir='ltr' id='par_1_93' title="bbox 113 4473 1664 4548">
     <span class='ocr_line' id='line_1_94' title="bbox 113 4473 1664 4548; baseline 0.002 -24"><span class='ocrx_word' id='word_1_731' title='bbox 113 4489 218 4543; x_wconf 86' lang='grc' dir='ltr'>ρον;</span> <span class='ocrx_word' id='word_1_732' title='bbox 281 4480 328 4530; x_wconf 84' lang='grc' dir='ltr'><strong>εί</strong></span> <span class='ocrx_word' id='word_1_733' title='bbox 369 4477 426 4530; x_wconf 73' lang='grc' dir='ltr'>δὲ</span> <span class='ocrx_word' id='word_1_734' title='bbox 453 4477 530 4548; x_wconf 77' lang='grc' dir='ltr'>μὴ</span> <span class='ocrx_word' id='word_1_735' title='bbox 563 4477 619 4547; x_wconf 81' lang='grc' dir='ltr'>ὲν</span> <span class='ocrx_word' id='word_1_736' title='bbox 647 4476 879 4544; x_wconf 83' lang='grc' dir='ltr'>κινήσει,</span> <span class='ocrx_word' id='word_1_737' title='bbox 904 4473 1022 4536; x_wconf 83' lang='grc' dir='ltr'><strong>πῶς</strong></span> <span class='ocrx_word' id='word_1_738' title='bbox 1049 4473 1306 4544; x_wconf 84' lang='grc' dir='ltr'>ἀκινησία</span> <span class='ocrx_word' id='word_1_739' title='bbox 1335 4473 1544 4538; x_wconf 82' lang='grc' dir='ltr'>συνέξει</span> <span class='ocrx_word' id='word_1_740' title='bbox 1565 4473 1664 4544; x_wconf 82' lang='grc' dir='ltr'>τὴν</span> 
     </span>
    </p>
   </div>
   <div class='ocr_carea' id='block_1_94' title="bbox 111 4563 1665 4639">
    <p class='ocr_par' dir='ltr' id='par_1_94' title="bbox 111 4563 1665 4639">
     <span class='ocr_line' id='line_1_95' title="bbox 111 4563 1665 4639; baseline -0.003 -20"><span class='ocrx_word' id='word_1_741' title='bbox 111 4567 304 4638; x_wconf 84' lang='grc' dir='ltr'>κίνησιν</span> <span class='ocrx_word' id='word_1_742' title='bbox 334 4569 428 4621; x_wconf 70' lang='grc' dir='ltr'>καὶ</span> <span class='ocrx_word' id='word_1_743' title='bbox 472 4571 507 4639; x_wconf 82' lang='grc' dir='ltr'><strong>ή</strong></span> <span class='ocrx_word' id='word_1_744' title='bbox 538 4567 726 4629; x_wconf 80' lang='grc' dir='ltr'>στάσις</span> <span class='ocrx_word' id='word_1_745' title='bbox 755 4567 818 4636; x_wconf 79' lang='grc' dir='ltr'>τῇ</span> <span class='ocrx_word' id='word_1_746' title='bbox 851 4565 995 4636; x_wconf 81' lang='grc' dir='ltr'>φορᾷ</span> <span class='ocrx_word' id='word_1_747' title='bbox 1035 4564 1271 4617; x_wconf 82' lang='grc' dir='ltr'>συνοῦσα</span> <span class='ocrx_word' id='word_1_748' title='bbox 1295 4563 1354 4615; x_wconf 82' lang='grc' dir='ltr'><strong>οὑ</strong></span> <span class='ocrx_word' id='word_1_749' title='bbox 1397 4581 1665 4634; x_wconf 73' lang='grc' dir='ltr'>συγκινηο</span> 
     </span>
    </p>
   </div>
   <div class='ocr_carea' id='block_1_95' title="bbox 113 4658 1668 4732">
    <p class='ocr_par' dir='ltr' id='par_1_95' title="bbox 113 4658 1668 4732">
     <span class='ocr_line' id='line_1_96' title="bbox 113 4658 1668 4732; baseline -0.001 -21"><span class='ocrx_word' id='word_1_750' title='bbox 113 4659 320 4730; x_wconf 78' lang='grc' dir='ltr'>θήσεται</span> <span class='ocrx_word' id='word_1_751' title='bbox 349 4662 498 4732; x_wconf 82' lang='grc'><strong>(55);</strong></span> <span class='ocrx_word' id='word_1_752' title='bbox 529 4659 564 4731; x_wconf 78' lang='grc' dir='ltr'>ἢ</span> <span class='ocrx_word' id='word_1_753' title='bbox 599 4660 672 4730; x_wconf 81' lang='grc' dir='ltr'>μὴ</span> <span class='ocrx_word' id='word_1_754' title='bbox 705 4658 1333 4729; x_wconf 59' lang='grc' dir='ltr'>συνανακινηθείσῃδῶϐ)</span> <span class='ocrx_word' id='word_1_755' title='bbox 1362 4660 1428 4728; x_wconf 81' lang='grc' dir='ltr'><strong>τῇ</strong></span> <span class='ocrx_word' id='word_1_756' title='bbox 1455 4658 1668 4730; x_wconf 68' lang='grc' dir='ltr'>ἠρεμίᾳ</span> 
     </span>
    </p>
   </div>
   <div class='ocr_carea' id='block_1_96' title="bbox 115 4749 1661 4824">
    <p class='ocr_par' dir='ltr' id='par_1_96' title="bbox 115 4749 1661 4824">
     <span class='ocr_line' id='line_1_97' title="bbox 115 4749 1661 4824; baseline -0.003 -20"><span class='ocrx_word' id='word_1_757' title='bbox 115 4751 201 4805; x_wconf 73' lang='grc' dir='ltr'><strong>καὶ</strong></span> <span class='ocrx_word' id='word_1_758' title='bbox 262 4754 294 4822; x_wconf 85' lang='grc' dir='ltr'><strong>ή</strong></span> <span class='ocrx_word' id='word_1_759' title='bbox 339 4753 552 4824; x_wconf 85' lang='grc' dir='ltr'>κίνησις</span> <span class='ocrx_word' id='word_1_760' title='bbox 599 4751 901 4816; x_wconf 57' lang='lat' dir='ltr'><strong>nudarent;</strong></span> <span class='ocrx_word' id='word_1_761' title='bbox 957 4750 1020 4803; x_wconf 83' lang='grc' dir='ltr'>Ἡ</span> <span class='ocrx_word' id='word_1_762' title='bbox 1065 4750 1123 4803; x_wconf 80' lang='grc' dir='ltr'>δὲ</span> <span class='ocrx_word' id='word_1_763' title='bbox 1170 4749 1438 4818; x_wconf 83' lang='grc' dir='ltr'>σύμπασα</span> <span class='ocrx_word' id='word_1_764' title='bbox 1465 4749 1661 4810; x_wconf 69' lang='grc' dir='ltr'>κτίσις</span> 
     </span>
    </p>
   </div>
   <div class='ocr_carea' id='block_1_97' title="bbox 117 4829 1674 4912">
    <p class='ocr_par' dir='ltr' id='par_1_97' title="bbox 117 4829 1674 4912">
     <span class='ocr_line' id='line_1_98' title="bbox 117 4829 1674 4912; baseline 0 -19"><span class='ocrx_word' id='word_1_765' title='bbox 117 4843 360 4911; x_wconf 78' lang='grc' dir='ltr'>κρείττων</span> <span class='ocrx_word' id='word_1_766' title='bbox 387 4839 524 4896; x_wconf 77' lang='grc' dir='ltr'>οὖσα</span> <span class='ocrx_word' id='word_1_767' title='bbox 563 4829 929 4912; x_wconf 73' lang='grc' dir='ltr'>δημιουργίας</span> <span class='ocrx_word' id='word_1_768' title='bbox 954 4879 970 4904; x_wconf 83' lang='grc'><em>,</em></span> <span class='ocrx_word' id='word_1_769' title='bbox 1007 4841 1233 4910; x_wconf 87' lang='grc' dir='ltr'>πότερον</span> <span class='ocrx_word' id='word_1_770' title='bbox 1272 4839 1378 4891; x_wconf 86' lang='grc' dir='ltr'><strong>ὑπό</strong></span> <span class='ocrx_word' id='word_1_771' title='bbox 1396 4856 1545 4902; x_wconf 77' lang='grc' dir='ltr'>,τινος</span> <span class='ocrx_word' id='word_1_772' title='bbox 1581 4841 1674 4893; x_wconf 47' lang='lat' dir='ltr'><strong>sv?</strong></span> 
     </span>
    </p>
   </div>
   <div class='ocr_carea' id='block_1_98' title="bbox 118 4929 1672 5006">
    <p class='ocr_par' dir='ltr' id='par_1_98' title="bbox 118 4929 1672 5006">
     <span class='ocr_line' id='line_1_99' title="bbox 118 4929 1672 5006; baseline 0 -24"><span class='ocrx_word' id='word_1_773' title='bbox 118 4935 318 5002; x_wconf 87' lang='grc' dir='ltr'>εργείας</span> <span class='ocrx_word' id='word_1_774' title='bbox 360 4933 622 5006; x_wconf 80' lang='grc' dir='ltr'>παρήχθη</span> <span class='ocrx_word' id='word_1_775' title='bbox 653 4932 688 5000; x_wconf 81' lang='grc' dir='ltr'><strong>ἢ</strong></span> <span class='ocrx_word' id='word_1_776' title='bbox 713 4932 824 4985; x_wconf 82' lang='grc' dir='ltr'>οὐδ’</span> <span class='ocrx_word' id='word_1_777' title='bbox 853 4933 989 4995; x_wconf 80' lang='grc' dir='ltr'>ὅλως</span> <span class='ocrx_word' id='word_1_778' title='bbox 1022 4931 1368 5001; x_wconf 82' lang='grc' dir='ltr'>παραχθείσα</span> <span class='ocrx_word' id='word_1_779' title='bbox 1406 4929 1672 5001; x_wconf 80' lang='grc' dir='ltr'>γνωρίζεο</span> 
     </span>
    </p>
   </div>
   <div class='ocr_carea' id='block_1_99' title="bbox 117 5023 1674 5099">
    <p class='ocr_par' dir='ltr' id='par_1_99' title="bbox 117 5023 1674 5099">
     <span class='ocr_line' id='line_1_100' title="bbox 117 5023 1674 5099; baseline -0.001 -21"><span class='ocrx_word' id='word_1_780' title='bbox 117 5043 230 5093; x_wconf 77' lang='grc' dir='ltr'>ταις</span> <span class='ocrx_word' id='word_1_781' title='bbox 260 5031 307 5081; x_wconf 84' lang='grc' dir='ltr'>εἰ</span> <span class='ocrx_word' id='word_1_782' title='bbox 341 5029 438 5099; x_wconf 80' lang='grc' dir='ltr'>μὲν</span> <span class='ocrx_word' id='word_1_783' title='bbox 465 5027 577 5098; x_wconf 89' lang='grc' dir='ltr'>γὰρ</span> <span class='ocrx_word' id='word_1_784' title='bbox 605 5027 669 5079; x_wconf 87' lang='grc' dir='ltr'><strong>οὑ</strong></span> <span class='ocrx_word' id='word_1_785' title='bbox 708 5027 993 5096; x_wconf 77' lang='grc' dir='ltr'>παρήχθη,</span> <span class='ocrx_word' id='word_1_786' title='bbox 1026 5025 1142 5086; x_wconf 82' lang='grc' dir='ltr'>πῶς</span> <span class='ocrx_word' id='word_1_787' title='bbox 1171 5023 1326 5087; x_wconf 83' lang='grc' dir='ltr'>ὅλως</span> <span class='ocrx_word' id='word_1_788' title='bbox 1354 5025 1458 5077; x_wconf 66' lang='grc' dir='ltr'><strong>καῖ</strong></span> <span class='ocrx_word' id='word_1_789' title='bbox 1497 5023 1674 5087; x_wconf 84' lang='grc' dir='ltr'>κτίσις</span> 
     </span>
    </p>
   </div>
   <div class='ocr_carea' id='block_1_100' title="bbox 121 5114 1676 5188">
    <p class='ocr_par' dir='ltr' id='par_1_100' title="bbox 121 5114 1676 5188">
     <span class='ocr_line' id='line_1_101' title="bbox 121 5114 1676 5188; baseline 0.001 -22"><span class='ocrx_word' id='word_1_790' title='bbox 121 5116 364 5188; x_wconf 77' lang='grc' dir='ltr'>ὑπάρχειν</span> <span class='ocrx_word' id='word_1_791' title='bbox 395 5117 650 5186; x_wconf 77' lang='grc' dir='ltr'>λέγεταις</span> <span class='ocrx_word' id='word_1_792' title='bbox 695 5118 744 5168; x_wconf 81' lang='grc' dir='ltr'>εἰ</span> <span class='ocrx_word' id='word_1_793' title='bbox 783 5116 841 5168; x_wconf 79' lang='grc' dir='ltr'>δὲ</span> <span class='ocrx_word' id='word_1_794' title='bbox 873 5115 1154 5186; x_wconf 78' lang='grc' dir='ltr'>παρήχθη,</span> <span class='ocrx_word' id='word_1_795' title='bbox 1187 5114 1304 5178; x_wconf 86' lang='grc' dir='ltr'><strong>πῶς</strong></span> <span class='ocrx_word' id='word_1_796' title='bbox 1331 5115 1394 5167; x_wconf 83' lang='grc' dir='ltr'><strong>τὸ</strong></span> <span class='ocrx_word' id='word_1_797' title='bbox 1427 5119 1676 5185; x_wconf 81' lang='grc' dir='ltr'>κρεῖττον</span> 
     </span>
    </p>
   </div>
   <div class='ocr_carea' id='block_1_101' title="bbox 121 5201 1676 5282">
    <p class='ocr_par' dir='ltr' id='par_1_101' title="bbox 121 5201 1676 5282">
     <span class='ocr_line' id='line_1_102' title="bbox 121 5201 1676 5282; baseline 0.002 -24"><span class='ocrx_word' id='word_1_798' title='bbox 121 5203 246 5262; x_wconf 74' lang='grc' dir='ltr'>εἶναι</span> <span class='ocrx_word' id='word_1_799' title='bbox 267 5213 362 5281; x_wconf 82' lang='grc' dir='ltr'>τῆς</span> <span class='ocrx_word' id='word_1_800' title='bbox 378 5210 737 5282; x_wconf 83' lang='grc' dir='ltr'>δημιουργίας</span> <span class='ocrx_word' id='word_1_801' title='bbox 756 5209 1108 5279; x_wconf 79' lang='grc' dir='ltr'>ἀπηνέγκατο</span> <span class='ocrx_word' id='word_1_802' title='bbox 1133 5225 1147 5275; x_wconf 91' lang='grc'><strong>;</strong></span> <span class='ocrx_word' id='word_1_803' title='bbox 1167 5210 1260 5262; x_wconf 75' lang='grc' dir='ltr'>καὶ</span> <span class='ocrx_word' id='word_1_804' title='bbox 1290 5209 1429 5279; x_wconf 89' lang='grc' dir='ltr'>πόση</span> <span class='ocrx_word' id='word_1_805' title='bbox 1447 5201 1676 5278; x_wconf 81' lang='grc' dir='ltr'>τοιαύτη</span> 
     </span>
    </p>
   </div>
   <div class='ocr_carea' id='block_1_102' title="bbox 125 5301 1676 5376">
    <p class='ocr_par' dir='ltr' id='par_1_102' title="bbox 125 5301 1676 5376">
     <span class='ocr_line' id='line_1_103' title="bbox 125 5301 1676 5376; baseline 0.001 -25"><span class='ocrx_word' id='word_1_806' title='bbox 125 5301 275 5374; x_wconf 80' lang='grc' dir='ltr'>λέσχη</span> <span class='ocrx_word' id='word_1_807' title='bbox 295 5305 387 5358; x_wconf 75' lang='grc' dir='ltr'>καὶ</span> <span class='ocrx_word' id='word_1_808' title='bbox 411 5304 672 5376; x_wconf 64' lang='grc' dir='ltr'>τερατεία</span> <span class='ocrx_word' id='word_1_809' title='bbox 714 5304 842 5374; x_wconf 78' lang='grc' dir='ltr'>περὶ</span> <span class='ocrx_word' id='word_1_810' title='bbox 866 5305 928 5355; x_wconf 84' lang='grc' dir='ltr'>τὸ</span> <span class='ocrx_word' id='word_1_811' title='bbox 949 5303 1132 5372; x_wconf 81' lang='grc' dir='ltr'>σχῆμα</span> <span class='ocrx_word' id='word_1_812' title='bbox 1162 5301 1376 5373; x_wconf 85' lang='grc' dir='ltr'>χορεύει</span> <span class='ocrx_word' id='word_1_813' title='bbox 1400 5305 1497 5370; x_wconf 79' lang='grc' dir='ltr'>τῆς</span> <span class='ocrx_word' id='word_1_814' title='bbox 1525 5304 1676 5355; x_wconf 81' lang='grc' dir='ltr'>αντι-</span> 
     </span>
    </p>
   </div>
   <div class='ocr_carea' id='block_1_103' title="bbox 1762 4464 3420 4536">
    <p class='ocr_par' dir='ltr' id='par_1_103' title="bbox 1762 4464 3420 4536">
     <span class='ocr_line' id='line_1_104' title="bbox 1762 4464 3420 4536; baseline -0.008 -7"><span class='ocrx_word' id='word_1_815' title='bbox 1762 4475 2058 4529; x_wconf 87' lang='lat' dir='ltr'><strong>motionem</strong></span> <span class='ocrx_word' id='word_1_816' title='bbox 2075 4464 2385 4526; x_wconf 74' lang='lat' dir='ltr'><strong>continebit</strong></span> <span class='ocrx_word' id='word_1_817' title='bbox 2408 4469 2636 4536; x_wconf 87' lang='lat' dir='ltr'><strong>etquies</strong></span> <span class='ocrx_word' id='word_1_818' title='bbox 2667 4467 2838 4520; x_wconf 88' lang='lat' dir='ltr'><strong>motui</strong></span> <span class='ocrx_word' id='word_1_819' title='bbox 2881 4465 3356 4518; x_wconf 75' lang='lat' dir='ltr'><strong>coexsistensnon.</strong></span> <span class='ocrx_word' id='word_1_820' title='bbox 3416 4497 3420 4501; x_wconf 96' lang='lat'><strong><em>-</em></strong></span> 
     </span>
    </p>
   </div>
   <div class='ocr_carea' id='block_1_104' title="bbox 1765 4554 3362 4625">
    <p class='ocr_par' dir='ltr' id='par_1_104' title="bbox 1765 4554 3362 4625">
     <span class='ocr_line' id='line_1_105' title="bbox 1765 4554 3362 4625; baseline -0.009 -4"><span class='ocrx_word' id='word_1_821' title='bbox 1765 4565 1931 4621; x_wconf 82' lang='lat' dir='ltr'><strong>simul</strong></span> <span class='ocrx_word' id='word_1_822' title='bbox 1962 4561 2270 4617; x_wconf 84' lang='lat' dir='ltr'><strong>movebitur</strong></span> <span class='ocrx_word' id='word_1_823' title='bbox 2306 4558 2595 4614; x_wconf 87' lang='lat' dir='ltr'><strong>autsimul</strong></span> <span class='ocrx_word' id='word_1_824' title='bbox 2625 4573 2746 4612; x_wconf 89' lang='lat' dir='ltr'><strong>cum</strong></span> <span class='ocrx_word' id='word_1_825' title='bbox 2788 4555 2968 4625; x_wconf 85' lang='lat' dir='ltr'><strong>quiete</strong></span> <span class='ocrx_word' id='word_1_826' title='bbox 2991 4556 3154 4608; x_wconf 90' lang='lat' dir='ltr'><strong>etiam</strong></span> <span class='ocrx_word' id='word_1_827' title='bbox 3185 4554 3362 4606; x_wconf 84' lang='lat' dir='ltr'><strong>motio</strong></span> 
     </span>
    </p>
   </div>
   <div class='ocr_carea' id='block_1_105' title="bbox 1762 4642 3351 4726">
    <p class='ocr_par' dir='ltr' id='par_1_105' title="bbox 1762 4642 3351 4726">
     <span class='ocr_line' id='line_1_106' title="bbox 1762 4642 3351 4726; baseline -0.011 -18"><span class='ocrx_word' id='word_1_828' title='bbox 1762 4657 1873 4726; x_wconf 88' lang='lat' dir='ltr'><strong>jam</strong></span> <span class='ocrx_word' id='word_1_829' title='bbox 1926 4653 2276 4722; x_wconf 87' lang='lat' dir='ltr'><strong>conquiescet</strong></span> <span class='ocrx_word' id='word_1_830' title='bbox 2298 4650 2320 4702; x_wconf 88' lang='lat'><strong>?</strong></span> <span class='ocrx_word' id='word_1_831' title='bbox 2341 4648 2605 4703; x_wconf 82' lang='lat' dir='ltr'><strong>Creaturu</strong></span> <span class='ocrx_word' id='word_1_832' title='bbox 2641 4648 2916 4709; x_wconf 84' lang='lat' dir='ltr'><strong>universa,</strong></span> <span class='ocrx_word' id='word_1_833' title='bbox 2944 4642 3225 4698; x_wconf 87' lang='lat' dir='ltr'><strong>creatione</strong></span> <span class='ocrx_word' id='word_1_834' title='bbox 3253 4658 3351 4696; x_wconf 87' lang='lat' dir='ltr'><strong>sn-</strong></span> 
     </span>
    </p>
   </div>
   <div class='ocr_carea' id='block_1_106' title="bbox 1766 4737 3355 4818">
    <p class='ocr_par' dir='ltr' id='par_1_106' title="bbox 1766 4737 3355 4818">
     <span class='ocr_line' id='line_1_107' title="bbox 1766 4737 3355 4818; baseline -0.011 -16"><span class='ocrx_word' id='word_1_835' title='bbox 1766 4750 1977 4818; x_wconf 83' lang='lat' dir='ltr'><strong>perior,</strong></span> <span class='ocrx_word' id='word_1_836' title='bbox 2015 4753 2191 4810; x_wconf 58' lang='lat' dir='ltr'><strong>estne;</strong></span> <span class='ocrx_word' id='word_1_837' title='bbox 2239 4743 2308 4796; x_wconf 91' lang='lat' dir='ltr'><strong>ab</strong></span> <span class='ocrx_word' id='word_1_838' title='bbox 2342 4741 2523 4810; x_wconf 88' lang='lat' dir='ltr'><strong>aliqua</strong></span> <span class='ocrx_word' id='word_1_839' title='bbox 2557 4740 2771 4796; x_wconf 88' lang='lat' dir='ltr'><strong>actione</strong></span> <span class='ocrx_word' id='word_1_840' title='bbox 2798 4737 3060 4807; x_wconf 86' lang='lat' dir='ltr'><strong>producta</strong></span> <span class='ocrx_word' id='word_1_841' title='bbox 3098 4750 3163 4786; x_wconf 89' lang='lat' dir='ltr'><strong>an</strong></span> <span class='ocrx_word' id='word_1_842' title='bbox 3199 4749 3355 4801; x_wconf 85' lang='lat' dir='ltr'><strong>pror-</strong></span> 
     </span>
    </p>
   </div>
   <div class='ocr_carea' id='block_1_107' title="bbox 1780 4828 3358 4907">
    <p class='ocr_par' dir='ltr' id='par_1_107' title="bbox 1780 4828 3358 4907">
     <span class='ocr_line' id='line_1_108' title="bbox 1780 4828 3358 4907; baseline -0.014 -10"><span class='ocrx_word' id='word_1_843' title='bbox 1780 4856 1874 4897; x_wconf 84' lang='lat' dir='ltr'><strong>sus</strong></span> <span class='ocrx_word' id='word_1_844' title='bbox 1902 4855 2010 4894; x_wconf 89' lang='lat' dir='ltr'><strong>non</strong></span> <span class='ocrx_word' id='word_1_845' title='bbox 2037 4837 2299 4907; x_wconf 88' lang='lat' dir='ltr'><strong>producta</strong></span> <span class='ocrx_word' id='word_1_846' title='bbox 2328 4831 2784 4904; x_wconf 81' lang='lat' dir='ltr'><strong>cognoscitur?Si</strong></span> <span class='ocrx_word' id='word_1_847' title='bbox 2817 4847 2922 4884; x_wconf 91' lang='lat' dir='ltr'><strong>non</strong></span> <span class='ocrx_word' id='word_1_848' title='bbox 2943 4829 3043 4882; x_wconf 91' lang='lat' dir='ltr'><strong>fuit</strong></span> <span class='ocrx_word' id='word_1_849' title='bbox 3062 4828 3358 4897; x_wconf 82' lang='lat' dir='ltr'><strong>producta,</strong></span> 
     </span>
    </p>
   </div>
   <div class='ocr_carea' id='block_1_108' title="bbox 1775 4918 3364 5005">
    <p class='ocr_par' dir='ltr' id='par_1_108' title="bbox 1775 4918 3364 5005">
     <span class='ocr_line' id='line_1_109' title="bbox 1775 4918 3364 5005; baseline -0.012 -18"><span class='ocrx_word' id='word_1_850' title='bbox 1775 4931 2052 5005; x_wconf 87' lang='lat' dir='ltr'><strong>quomodo</strong></span> <span class='ocrx_word' id='word_1_851' title='bbox 2071 4930 2229 5000; x_wconf 89' lang='lat' dir='ltr'><strong>plane</strong></span> <span class='ocrx_word' id='word_1_852' title='bbox 2276 4939 2330 4982; x_wconf 89' lang='lat' dir='ltr'><strong>et</strong></span> <span class='ocrx_word' id='word_1_853' title='bbox 2370 4933 2621 4989; x_wconf 79' lang='lat' dir='ltr'><strong>creatura</strong></span> <span class='ocrx_word' id='word_1_854' title='bbox 2662 4939 2784 4979; x_wconf 86' lang='lat' dir='ltr'><strong>esse</strong></span> <span class='ocrx_word' id='word_1_855' title='bbox 2826 4921 3063 4976; x_wconf 88' lang='lat' dir='ltr'><strong>dicitur?</strong></span> <span class='ocrx_word' id='word_1_856' title='bbox 3105 4918 3197 4973; x_wconf 89' lang='lat' dir='ltr'><strong>Sin</strong></span> <span class='ocrx_word' id='word_1_857' title='bbox 3231 4932 3364 4970; x_wconf 81' lang='lat' dir='ltr'><strong>vero</strong></span> 
     </span>
    </p>
   </div>
   <div class='ocr_carea' id='block_1_109' title="bbox 1778 5008 3358 5102">
    <p class='ocr_par' dir='ltr' id='par_1_109' title="bbox 1778 5008 3358 5102">
     <span class='ocr_line' id='line_1_110' title="bbox 1778 5008 3358 5102; baseline -0.011 -24"><span class='ocrx_word' id='word_1_858' title='bbox 1778 5024 2063 5102; x_wconf 69' lang='lat' dir='ltr'><strong>producta,</strong></span> <span class='ocrx_word' id='word_1_859' title='bbox 2101 5017 2397 5090; x_wconf 89' lang='lat' dir='ltr'><strong>quomodo,</strong></span> <span class='ocrx_word' id='word_1_860' title='bbox 2432 5012 2722 5070; x_wconf 79' lang='lat' dir='ltr'><strong>creatione</strong></span> <span class='ocrx_word' id='word_1_861' title='bbox 2771 5023 2828 5067; x_wconf 91' lang='lat' dir='ltr'><strong>ut</strong></span> <span class='ocrx_word' id='word_1_862' title='bbox 2861 5014 3112 5081; x_wconf 89' lang='lat' dir='ltr'><strong>superior</strong></span> <span class='ocrx_word' id='word_1_863' title='bbox 3143 5008 3236 5070; x_wconf 87' lang='lat' dir='ltr'><strong>sit,</strong></span> <span class='ocrx_word' id='word_1_864' title='bbox 3267 5023 3358 5061; x_wconf 87' lang='lat' dir='ltr'><strong>ac—</strong></span> 
     </span>
    </p>
   </div>
   <div class='ocr_carea' id='block_1_110' title="bbox 1777 5098 3358 5190">
    <p class='ocr_par' dir='ltr' id='par_1_110' title="bbox 1777 5098 3358 5190">
     <span class='ocr_line' id='line_1_111' title="bbox 1777 5098 3358 5190; baseline -0.014 -18"><span class='ocrx_word' id='word_1_865' title='bbox 1777 5098 2056 5190; x_wconf 52' lang='lat' dir='ltr'><strong>eepit&#39;fEt</strong></span> <span class='ocrx_word' id='word_1_866' title='bbox 2084 5112 2337 5181; x_wconf 81' lang='lat' dir='ltr'><strong>quisnam</strong></span> <span class='ocrx_word' id='word_1_867' title='bbox 2371 5106 2729 5160; x_wconf 85' lang='lat' dir='ltr'><strong>numerandis</strong></span> <span class='ocrx_word' id='word_1_868' title='bbox 2752 5119 2849 5174; x_wconf 83' lang='lat' dir='ltr'><strong>par</strong></span> <span class='ocrx_word' id='word_1_869' title='bbox 2877 5104 2986 5158; x_wconf 89' lang='lat' dir='ltr'><strong>erit</strong></span> <span class='ocrx_word' id='word_1_870' title='bbox 3017 5100 3176 5171; x_wconf 80' lang='lat' dir='ltr'><strong>nugis</strong></span> <span class='ocrx_word' id='word_1_871' title='bbox 3209 5098 3358 5166; x_wconf 85' lang='lat' dir='ltr'><strong>ejus-</strong></span> 
     </span>
    </p>
   </div>
   <div class='ocr_carea' id='block_1_111' title="bbox 1780 5192 3357 5274">
    <p class='ocr_par' dir='ltr' id='par_1_111' title="bbox 1780 5192 3357 5274">
     <span class='ocr_line' id='line_1_112' title="bbox 1780 5192 3357 5274; baseline -0.015 -11"><span class='ocrx_word' id='word_1_872' title='bbox 1780 5208 1927 5263; x_wconf 89' lang='lat' dir='ltr'><strong>modi</strong></span> <span class='ocrx_word' id='word_1_873' title='bbox 1957 5221 2022 5268; x_wconf 80' lang='lat' dir='ltr'><strong>ac</strong></span> <span class='ocrx_word' id='word_1_874' title='bbox 2065 5203 2240 5268; x_wconf 90' lang='lat' dir='ltr'><strong>tricis,</strong></span> <span class='ocrx_word' id='word_1_875' title='bbox 2281 5215 2402 5274; x_wconf 75' lang='lat' dir='ltr'><strong>quae</strong></span> <span class='ocrx_word' id='word_1_876' title='bbox 2447 5199 2592 5274; x_wconf 80' lang='lat' dir='ltr'><strong>circa</strong></span> <span class='ocrx_word' id='word_1_877' title='bbox 2634 5195 3086 5254; x_wconf 85' lang='lat' dir='ltr'><strong>contradictionis</strong></span> <span class='ocrx_word' id='word_1_878' title='bbox 3121 5192 3357 5247; x_wconf 86' lang='lat' dir='ltr'><strong>formam</strong></span> 
     </span>
    </p>
   </div>
   <div class='ocr_carea' id='block_1_112' title="bbox 1781 5282 3354 5370">
    <p class='ocr_par' dir='ltr' id='par_1_112' title="bbox 1781 5282 3354 5370">
     <span class='ocr_line' id='line_1_113' title="bbox 1781 5282 3354 5370; baseline -0.015 -15"><span class='ocrx_word' id='word_1_879' title='bbox 1781 5301 1959 5370; x_wconf 83' lang='lat' dir='ltr'><strong>ellingi</strong></span> <span class='ocrx_word' id='word_1_880' title='bbox 1991 5295 2233 5368; x_wconf 79' lang='lat' dir='ltr'><strong>queunt?</strong></span> <span class='ocrx_word' id='word_1_881' title='bbox 2254 5293 2386 5360; x_wconf 67' lang='lat' dir='ltr'><strong>Qua?</strong></span> <span class='ocrx_word' id='word_1_882' title='bbox 2412 5299 2616 5362; x_wconf 82' lang='lat' dir='ltr'><strong>quanta</strong></span> <span class='ocrx_word' id='word_1_883' title='bbox 2649 5291 2890 5361; x_wconf 82' lang='lat' dir='ltr'><strong>indigent</strong></span> <span class='ocrx_word' id='word_1_884' title='bbox 2925 5282 3354 5358; x_wconf 76' lang='lat' dir='ltr'><strong>rcpurgatione!</strong></span> 
     </span>
    </p>
   </div>
   <div class='ocr_carea' id='block_1_113' title="bbox 1503 5411 1848 5470">
    <p class='ocr_par' dir='ltr' id='par_1_113' title="bbox 1503 5411 1848 5470">
     <span class='ocr_line' id='line_1_114' title="bbox 1503 5411 1848 5470; baseline 0.003 -3"><span class='ocrx_word' id='word_1_885' title='bbox 1503 5411 1512 5418; x_wconf 86' lang='grc'><em>’</em></span> <span class='ocrx_word' id='word_1_886' title='bbox 1614 5414 1848 5470; x_wconf 74' lang='lat' dir='ltr'><strong>NOT/E.</strong></span> 
     </span>
    </p>
   </div>
   <div class='ocr_carea' id='block_1_114' title="bbox 193 5601 905 5677">
    <p class='ocr_par' dir='ltr' id='par_1_114' title="bbox 193 5601 905 5677">
     <span class='ocr_line' id='line_1_115' title="bbox 193 5601 905 5677; baseline 0.003 -22"><span class='ocrx_word' id='word_1_887' title='bbox 324 5605 447 5677; x_wconf 62' lang='grc' dir='ltr'>ρὺδξ</span> <span class='ocrx_word' id='word_1_888' title='bbox 476 5606 662 5677; x_wconf 79' lang='grc' dir='ltr'>ἓτερον</span> <span class='ocrx_word' id='word_1_889' title='bbox 695 5607 745 5659; x_wconf 90' lang='lat' dir='ltr'><strong>in</strong></span> <span class='ocrx_word' id='word_1_890' title='bbox 771 5605 905 5677; x_wconf 17' lang='lat' dir='ltr'><strong>&quot;cod.</strong></span> 
     </span>
    </p>
   </div>
   <div class='ocr_carea' id='block_1_115' title="bbox 193 5671 1678 5746">
    <p class='ocr_par' dir='ltr' id='par_1_115' title="bbox 193 5671 1678 5746">
     <span class='ocr_line' id='line_1_116' title="bbox 193 5671 1678 5746; baseline -0.001 -20"><span class='ocrx_word' id='word_1_891' title='bbox 193 5673 456 5746; x_wconf 52' lang='lat'><strong>(5511.632</strong></span> <span class='ocrx_word' id='word_1_892' title='bbox 487 5671 608 5732; x_wconf 73' lang='lat' dir='ltr'><strong>cunt</strong></span> <span class='ocrx_word' id='word_1_893' title='bbox 637 5676 884 5732; x_wconf 77' lang='lat' dir='ltr'><strong>Cutiforu</strong></span> <span class='ocrx_word' id='word_1_894' title='bbox 919 5692 932 5730; x_wconf 88' lang='lat'><strong>:</strong></span> <span class='ocrx_word' id='word_1_895' title='bbox 977 5675 1364 5746; x_wconf 70' lang='grc' dir='ltr'>Κινηθήςεται,</span> <span class='ocrx_word' id='word_1_896' title='bbox 1397 5672 1520 5728; x_wconf 80' lang='lat' dir='ltr'><strong>licet</strong></span> <span class='ocrx_word' id='word_1_897' title='bbox 1557 5671 1678 5727; x_wconf 86' lang='lat' dir='ltr'><strong>cod.</strong></span> 
     </span>
    </p>
   </div>
   <div class='ocr_carea' id='block_1_116' title="bbox 1791 5597 2580 5668">
    <p class='ocr_par' dir='ltr' id='par_1_116' title="bbox 1791 5597 2580 5668">
     <span class='ocr_line' id='line_1_117' title="bbox 1791 5597 2580 5668; baseline -0.013 -12"><span class='ocrx_word' id='word_1_898' title='bbox 1791 5603 1986 5656; x_wconf 83' lang='lat' dir='ltr'><strong>habeat</strong></span> <span class='ocrx_word' id='word_1_899' title='bbox 2019 5618 2030 5652; x_wconf 90' lang='lat'><strong>:</strong></span> <span class='ocrx_word' id='word_1_900' title='bbox 2063 5597 2580 5668; x_wconf 54' lang='lat' dir='ltr'><strong>cuyxpt‘mOﬁas-tat:</strong></span> 
     </span>
    </p>
   </div>
   <div class='ocr_carea' id='block_1_117' title="bbox 1861 5662 2710 5744">
    <p class='ocr_par' dir='ltr' id='par_1_117' title="bbox 1861 5662 2710 5744">
     <span class='ocr_line' id='line_1_118' title="bbox 1861 5662 2710 5744; baseline -0.016 -18"><span class='ocrx_word' id='word_1_901' title='bbox 1861 5672 1975 5744; x_wconf 75' lang='lat'><strong>(&#39;56)</strong></span> <span class='ocrx_word' id='word_1_902' title='bbox 2017 5662 2179 5726; x_wconf 72' lang='lat' dir='ltr'><strong>Calil’.</strong></span> <span class='ocrx_word' id='word_1_903' title='bbox 2211 5662 2710 5734; x_wconf 59' lang='grc' dir='ltr'>’σὀνξικλακινηθήσῃ.</span> 
     </span>
    </p>
   </div>
  </div>
