3864 6208
411 227 519 294 499

1571 228 1833 291 ΡΗΟΤΙΙ
1867 226 2375 303 ΡΑΤΒΙΛΒΟΗᾼΞ
2404 227 2514 289 CP.

3570 213 3682 280 500

411 349 528 402 lmo
559 355 615 402 et
637 362 829 402 eorum
882 362 1004 417 qua:
1036 346 1238 403 desunt
1274 347 1552 404 additione
1578 356 1636 403 et
1659 363 1849 403 eorum
1878 362 1999 416 qua:

2119 345 2356 413 ράσεωςς
2389 344 2568 414 πόσης
2607 341 2666 396 δὲ
2693 342 2865 397 δεῖται
2894 339 2993 409 τῆς
3039 334 3502 407 ἀνακαθάρσεως,
3537 334 3683 387 ἀλλά

409 435 719 505 redundant
764 436 1124 502 detractione,
1165 451 1267 490 nec
1301 450 1407 491 non
1464 435 1740 491 subtiliori
1796 434 1993 489 distin-

409 528 590 582 ctione
617 537 778 599 atque
806 526 1264 598 agglutinationel
1292 526 1535 594 Quorum
1586 526 1720 581 nihil
1779 526 1991 580 beatam

412 617 561 672 illam
591 630 757 689 atque
784 606 1148 673 immortalem
1194 627 1445 674 naturam
1477 629 1655 688 potest
1687 618 1988 687 attingere’,

412 725 522 763 non
547 711 725 765 solum
752 711 1023 776 cominus,
1049 712 1145 767 sed
1171 727 1239 766 ne
1258 711 1741 780 eminusquidem.
1768 708 1923 775 Quod
1939 708 1992 763 si

414 804 468 855 in
500 803 664 858 rebus
686 804 985 858 maleriatis
1008 819 1114 858 non
1138 813 1223 859 est
1246 803 1518 858 ﬁdendum
1544 801 1994 858 contradictionis

416 894 606 946 formae
657 909 756 967 pro
792 894 1040 948 librandu
1069 893 1316 949 veritatis
1354 908 1417 948 ac
1466 892 1721 947 falsitatis
1761 891 1988 961 judicio,

416 982 521 1035 nisi
552 981 712 1036 simul
740 991 793 1035 et
814 982 919 1036 alia
949 983 1118 1037 multa
1149 982 1658 1053 adsumunturuua:
1683 980 1995 1037 accuratius

416 1072 759 1141 distinguant
788 1082 840 1128 et
870 1072 1096 1128 fulciant
1140 1084 1201 1129 et
1233 1075 1519 1144 perficiant
1569 1073 1778 1128 eriterii
1834 1072 1997 1128 istius

417 1161 568 1223 vim,
599 1160 956 1215 multominus
977 1161 1031 1213 in
1062 1161 1244 1215 divina
1258 1160 1586 1215 etineﬂ‘abili
1617 1156 2002 1230 mentibusque

420 1249 675 1303 humanis
738 1237 1209 1319 imperscrutabili
1278 1259 1474 1304 natura
1532 1251 1731 1319 poterit
1793 1250 2001 1305 criterii

420 1341 589 1394 robur
638 1350 692 1394 ct
748 1342 1068 1411 dignitatem
1134 1340 1336 1397 habere
1368 1342 1678 1413 Operositas
1727 1341 2004 1400 contradi~

421 1443 650 1487 CIIODIS.

421 1541 518 1605 νης
546 1524 770 1593 ἔρευναν
809 1523 994 1597 χώραν
1022 1525 1247 1596 εὑρήσει
1276 1524 1564 1596 κριτηρίου
1631 1525 2029 1597 περιϐαλέσθαι

421 1633 581 1685 ερΥον
603 1636 618 1685 i
712 1672 713 1675 η
1047 1626 1053 1633 ’

2095 437 2190 491 καὶ
2221 436 2576 509 παρενθήκης
2595 437 2706 491 τῶν
2736 435 3097 503 λειπομένων,
3129 424 3247 483 ἀλλ’
3269 425 3547 495 ἀποϐολῆς
3570 422 3684 476 τῶν

2096 546 2162 580 πε
2172 528 2552 596 ριττευόντων,
2576 526 2712 581 ἀλλά
2727 527 2924 579 λεπτου
2933 524 3088 596 ργίας
3109 519 3679 590 καὶὲπιγομφώσεωςῐ

2092 615 2168 673 ὧν
2195 619 2351 673 οὑδὲν
2384 619 2611 674 δυνατὸν
2640 620 2739 689 τῆς
2770 616 3052 688 μακαρίας
3083 614 3299 685 ἐκείνης
3345 611 3444 665 καὶ
3474 607 3686 678 ἀκρᾶν·

2092 705 2189 765 του
2215 710 2414 780 ψαύειν
2445 712 2681 780 φύσεως,
2701 710 2810 762 οὐδ’
2832 708 3022 777 ἐγγὺς,
3048 704 3186 761 ἀλλά
3205 703 3301 757 καὶ
3322 701 3443 755 λίαν
3465 700 3681 775 πόρρω,

2094 802 2188 856 καὶ
2216 801 2377 854 πλέον
2420 800 2455 871 ἤ
2499 801 2624 854 ὅσον
2664 799 3037 872 δημιουργικὴ
3091 796 3252 866 φύσις
3282 794 3393 847 τῶν
3421 790 3686 861 γηγενῶν

2093 885 2592 957 δημιουργημάτων
2637 886 3091 958 ἀνακεχώρηκεν.
3133 885 3199 940 El
3230 884 3287 938 δὲ
3321 884 3416 935 ἐπὶ
3442 880 3558 933 τῶν
3599 880 3684 931 ὲν-

2097 977 2239 1032 ύλων
2272 978 2333 1032 οὑ
2361 979 2823 1032 καταπιστεύεται
2875 977 2936 1039 τὸ
2979 977 3168 1049 σχῆμα
3196 976 3296 1045 τῆς
3336 972 3689 1040 ἀντιφάσεως

2094 1071 2284 1142 ¹κρίσιν
2309 1072 2664 1141 ζυγοστατεϊν
2688 1071 2946 1143 ἀληθείας
2975 1069 3069 1123 καὶ
3094 1066 3346 1137 ψεύδους,
3370 1062 3449 1135 μὴ
3474 1059 3687 1114 πολλῶν

2100 1164 2197 1218 καὶ
2226 1164 2403 1219 ἀλλων
2430 1162 3128 1236 συμπαραλαμϐανομένων
3156 1159 3252 1212 καὶ
3294 1151 3690 1226 συνακριϐολο-

2100 1254 2361 1324 γούντων,
2391 1258 2863 1328 ὑποστηριςόντων
2894 1272 2956 1308 τε
2983 1254 3080 1307 καὶ
3114 1248 3571 1306 συντελειούντων
3599 1242 3690 1297 τοῦ

2102 1351 2396 1419 κριτηρίου
2424 1350 2522 1420 τὴν
2560 1350 2811 1420 δύναμιν,
2841 1347 2875 1419 ἢ
2914 1345 3017 1399 ποῦ
3048 1361 3111 1413 γε
3144 1343 3236 1395 ἐπὶ
3263 1342 3362 1411 τῆς
3405 1337 3562 1399 θείας
3600 1335 3695 1393 καὶ

2103 1438 2244 1511 ὑπὲρ
2273 1439 2431 1509 λόγον
2453 1442 2550 1495 καὶ
2590 1437 2869 1509 λογισμῶν
2898 1434 3258 1507 ἀνθρωπίνων
3287 1432 3387 1483 οὑκ
3416 1426 3691 1497 ἀνεχομέτ

2103 1533 2305 1602 κράτος
2346 1550 2407 1587 τε
2449 1534 2547 1588 καὶ
2610 1534 2823 1603 ἀξίωμα
2901 1530 2999 1601 τῆς
3038 1528 3379 1598 ἀντιφάσεως
3424 1524 3490 1577 τὸ
3534 1520 3699 1590 {sapio

495 1713 549 1768 6.
591 1716 772 1783 Atque
820 1712 1067 1782 inspice,
1114 1711 1164 1766 si
1221 1712 1391 1777 lubet,
1445 1711 1693 1783 exempla
1745 1715 2000 1783 pr0piora

2186 1711 2265 1779 ς’.
2308 1713 2420 1766 Καὶ
2447 1713 2572 1785 ὅρα,
2600 1714 2653 1766 εἰ
2675 1730 2738 1781 γε
2761 1712 2975 1782 βούλει,
3007 1710 3102 1764 καὶ
3129 1709 3239 1763 τῶν
3262 1705 3583 1778 εἰρημένων
3609 1705 3698 1771 ἐγ·

423 1821 664 1876 quoque,
694 1821 860 1874 quam
884 1821 1006 1876 qua:
1027 1804 1336 1860 attulimus.
1362 1805 1647 1860 Exstantia
1675 1807 2007 1876 produxitne

430 1899 570 1952 Deus
603 1897 824 1960 srecula,
851 1912 918 1962 an
952 1912 1061 1952 non
1093 1899 1388 1963 exstantia,
1423 1908 1477 1953 et
1503 1898 1881 1955 subsistuntne
1935 1915 2005 1955 an

427 2005 535 2044 non
585 1989 932 2044 subsistunt?
966 1989 1022 2044 Si
1072 1989 1218 2044 enim
1258 1991 1551 2056 exstantia,
1598 1992 1873 2060 quomodo
1898 2008 2006 2048 non

429 2079 669 2134 inaniter
730 2080 1071 2151 (produxit)?
1119 2082 1407 2148 Quomodo
1455 2098 1565 2138 non
1607 2082 1856 2139 fabulosa
1907 2085 2012 2139 erit

429 2171 522 2226 illa
557 2171 890 2241 productio?
928 2170 1025 2238 Sin
1080 2163 1261 2241 autem
1309 2190 1417 2229 non
1459 2178 1753 2243 exstantia,
1797 2177 1892 2231 ubi
1927 2185 2013 2233 est

366 2298 376 2309 -
427 2266 573 2332 quod
603 2263 821 2319 aeternis
840 2273 922 2319 est
940 2267 1331 2321 coextensum?
1357 2264 1424 2321 Et
1460 2267 1504 2322 si
1538 2281 1647 2322 non
1677 2267 2007 2332 subsistunt,

428 2348 705 2420 quomodo
757 2353 814 2408 in
868 2354 1032 2410 rebus
1058 2355 1452 2411 exsistentibus
1484 2357 1711 2431 omnino
1738 2358 1823 2412 vel
1870 2359 2014 2415 unde

430 2453 560 2499 sunt
606 2446 723 2501 sive
758 2457 922 2501 erunt
966 2449 1209 2508 saecula?
1237 2448 1295 2504 Si
1335 2452 1467 2505 vero
1500 2450 1837 2518 subsistunt,
1870 2451 2014 2507 unde

431 2534 566 2603 ipsis
587 2537 793 2592 accedit
814 2538 1146 2594 illimitatum
1171 2548 1226 2595 et
1243 2541 1575 2597 immensum
1594 2542 1617 2596 ?
1633 2541 1801 2599 Visne
1830 2543 2014 2600 adhuc

430 2627 657 2710 propius
712 2630 1103 2703 absurditatem
1144 2632 1495 2702 conspicere?
1530 2632 1693 2689 Pater
1745 2634 2014 2697 exsistens

414 2718 611 2803 “factus
648 2730 731 2776 est
763 2719 925 2778 Pater
974 2723 1060 2778 vel
1108 2739 1219 2779 non
1271 2726 1566 2783 exsistens.
1624 2726 1683 2782 Si
1721 2726 2015 2793 exsistens,

431 2812 641 2883 aliquid
689 2813 863 2885 ipsius
915 2816 1130 2870 exstitit
1158 2816 1312 2886 prius
1342 2826 1397 2873 et
1425 2820 1571 2874 aliud
1602 2822 1881 2889 posterius
1922 2837 2019 2877 acu

431 2906 622 2971 cessit,
648 2915 703 2961 et
731 2907 1012 2977 quomodo
1047 2917 1320 2964 mutatum
1364 2911 1490 2979 fuit,
1520 2913 1666 2983 quod
1699 2925 1781 2970 est
1809 2914 2014 2969 immu-

431 2996 633 3053 tahile?
686 2997 746 3054 Si
798 3013 928 3054 vero
975 3016 1082 3054 non
1130 3002 1436 3069 exsistens,
1494 3005 1817 3061 mutationis
1878 3006 2021 3062 ratio

2107 1805 2536 1875 γύτερον.⁹οντα
2570 1804 2934 1876 προήγαγενό
2965 1802 3096 1865 θεὸς
3111 1800 3203 1854 τὸν
3226 1799 3398 1853 αἰῶνα
3429 1798 3463 1869 ἢ
3503 1798 3582 1868 μὴ
3611 1797 3695 1850 όν-

2106 1911 2209 1960 τα;
2229 1896 2324 1948 καὶ
2345 1890 2458 1966 ἄρα
2484 1896 2793 1965 ὑφέστηκεν
2828 1894 2863 1965 ἢ
2890 1893 2989 1962 οὑχ
3015 1891 3349 1960 ὑφέστηκεν;
3370 1888 3437 1941 Ei
3464 1887 3567 1956 μὲν
3588 1885 3695 1954 γὰρ

2108 1992 2261 2057 ὅντα,
2294 1989 2416 2053 πῶς
2438 1990 2501 2043 οὑ
2535 1988 2735 2060 μάτην,
2764 1987 2882 2050 πῶς
2907 1985 2951 2040 δ’
2985 1985 3046 2039 οὑ
3079 1983 3247 2053 λῆρος
3279 1981 3314 2051 ή
3347 1978 3693 2049 παραγωγῆς

2111 2087 2161 2139 εί
2190 2085 2249 2139 δὲ
2279 2082 2357 2155 μὴ
2382 2082 2536 2155 ὂντα,
2564 2080 2669 2134 ποῦ
2697 2081 2812 2142 τοῖς
2843 2078 3036 2140 ἀϊδίοις
3069 2076 3130 2129 τὸ
3159 2072 3695 2148 παρεκτεινόμενον;

2112 2179 2208 2235 καὶ
2233 2153 2288 2231 εί
2308 2153 2375 2246 γε
2405 2153 2482 2246 μή
2512 2175 2810 2243 ὑφέστηκε,
2830 2171 2948 2234 πῶς
2971 2169 3081 2222 τῶν
3101 2167 3275 2221 όντων
3299 2165 3439 2228 ὅλως
3469 2162 3507 2235 ή
3532 2162 3697 2216 πόθεν

2112 2269 2277 2337 αίών;
2329 2270 2379 2322 εί
2418 2267 2463 2321 δ’
2519 2266 2817 2336 ὑφέστηκε,
2868 2261 3034 2316 πόθεν
3083 2259 3235 2331 αὑτῷ
3280 2258 3345 2311 τὸ
3384 2254 3698 2325 ἀπέραντον

2112 2358 2551 2429 ἐπακολουθήσει
2585 2357 2683 2412 καὶ⁸
2710 2354 3085 2425 ἀδιεξίτητονς
3119 2351 3244 2403 Ἔτι
3294 2348 3353 2402 δὲ
3398 2344 3700 2416 ἐγγύτερον

2112 2454 2175 2507 τὸ
2219 2454 2422 2508 ἄτοπον
2466 2450 2649 2521 βούλει
2700 2448 2974 2519 καθορᾷν;
3033 2444 3095 2498 '0
3139 2443 3332 2513 Πατὴρ
3379 2439 3459 2494 ὢν
3505 2439 3698 2507 γέγονε

2115 2547 2307 2618 Πατὴρ
2334 2546 2369 2615 ἢ
2397 2544 2472 2615 μὴ
2510 2542 2614 2611 div;
2646 2543 2696 2595 εί
2726 2542 2825 2613 μὲν
2853 2540 2963 2611 γὰρ
3005 2537 3105 2603 ὣν,
3138 2539 3202 2591 τὸ
3233 2536 3335 2607 μὲν
3361 2531 3534 2587 αὑτοῦ
3568 2530 3698 2601 πρό·

2114 2654 2301 2709 τερον,
2341 2636 2404 2690 τὸ
2433 2636 2491 2690 δὲ
2535 2634 2851 2704 ἐπιγέγονε,
2874 2630 2990 2686 ,καὶ
3022 2630 3144 2692 πῶς
3193 2624 3606 2699 μεταϐέϐληται
3641 2620 3699 2673 τὺ
3806 2638 3809 2643 ⁴

2116 2730 2529 2802 ἀμετάϐλητονς
2582 2729 2631 2782 εί
2669 2727 2727 2781 δὲ
2762 2727 2839 2796 μή
2876 2724 2977 2789 ὢν,
3027 2721 3122 2776 καὶ
3163 2721 3213 2775 ὁ·
3256 2718 3356 2787 τῆς
3400 2712 3699 2787 μεταϐολῆς

2122 2822 2223 2893 μὲν
2248 2821 2407 2889 λόγος
2434 2820 2588 2873 οὐδὲν
2620 2813 2784 2891 ἦττον
2818 2814 3262 2878 ἀποσκευάζεται
3290 2811 3355 2864 τὸ
3383 2806 3699 2878 ἀμετάϐληο

2117 2914 2339 2983 τονζκαὶ
2366 2912 2508 2968 κατὰ
2526 2912 2626 2983 τῆς
2647 2912 2947 2982 ἀῖδιότητος
2967 2907 3131 2962 πλέον
3164 2907 3399 2983 ἵσταται.
3417 2898 3585 2954 Ἀλλά
3607 2897 3703 2965 λη-

2126 3005 2365 3077 ρούντων
2396 3004 2577 3069 ταῦτα
2606 3006 2705 3075 τῆς
2736 3004 3023 3075 αίρετικῆς
3050 3002 3168 3054 ἐστι
3194 2997 3292 3053 καὶ
3320 2992 3546 3067 πρώτης
3580 3005 3700 3043 σποο

433 3088 569 3140 nihil
599 3077 781 3144 minus
804 3090 1037 3144 destruit
1058 3080 1555 3147 immutabilitatem'
1573 3103 1627 3149 et
1651 3103 1843 3150 contra
1874 3110 2014 3150 sem-

2119 3096 2224 3164 ρᾶς
2257 3094 2437 3148 πάντα
2467 3092 2737 3173 γεώργια.

432 3178 795 3246 piternitatem
849 3179 1078 3236 validius
1130 3191 1356 3254 pugnat.
1413 3180 1618 3239 Verum
1687 3185 1801 3240 haec
1853 3184 2171 3255 nugantium
2230 3193 2377 3251 sunt,
2432 3192 2487 3239 et
2554 3184 2821 3239 haeretica:
2884 3188 2949 3238 ac
2995 3180 3185 3252 prima:
3236 3178 3463 3234 sationis
3524 3173 3697 3228 omnia

429 3268 662 3324 fructus.
1714 3328 1722 3336 .

505 3360 558 3413 7.
596 3361 728 3415 Esto
756 3378 770 3415 :
826 3361 919 3416 sed
940 3360 1171 3417 forsitan
1199 3361 1346 3418 aliud
1378 3361 2020 3435 haereticumargumen-

320 3458 323 3461 ‘
378 3495 388 3504 .
432 3461 546 3504 tum
580 3451 845 3507 audacius
897 3462 1139 3524 emerget
1187 3462 1242 3507 et
1279 3468 1541 3510 amovens
1569 3468 1600 3509 a
1631 3471 1691 3510 se
1722 3459 2023 3529 transposi-

436 3542 604 3599 tionis
661 3543 901 3613 culpam,
962 3560 1067 3615 qua
1114 3545 1388 3615 oppositio
1440 3546 1529 3601 illa
1583 3548 1895 3615 vitiabatur,
1947 3552 2023 3607 ita

434 3634 939 3689 ferme'institnere
988 3635 1468 3706 interrogationem
1496 3639 1752 3694 molietur
1799 3660 1813 3696 :
1859 3641 2024 3697 Exsi-

434 3734 664 3780 stentem
711 3742 780 3782 ne
796 3725 983 3796 genuit
1032 3728 1190 3782 l’ater
1213 3727 1407 3783 Filium
1432 3746 1499 3784 an
1526 3733 1875 3788 exsistentem
1918 3750 2024 3789 non

435 3815 660 3884 genuit?
703 3825 757 3869 et
786 3827 973 3884 poscet
1004 3816 1231 3872 alteram
1280 3830 1490 3888 partem
1523 3822 1885 3891 oppositionis
1917 3823 2024 3878 sibi

435 3904 680 3960 concedi.
709 3903 909 3959 Verum
938 3906 1220 3963 enimvero
1247 3917 1301 3962 et
1339 3910 1446 3973 tale
1466 3908 1726 3979 eﬂ‘ugium
1745 3920 2024 3965 ostensum

436 4005 523 4052 est
554 4013 648 4066 per
672 3999 989 4068 supradicta
1020 3999 1272 4070 exempla
1299 3999 1545 4072 inﬁrmas
1578 4001 2025 4081 prorsusquedc-

435 4088 850 4158 jectas.habere
884 4090 1048 4145 vires.
1081 4089 1227 4144 Nihil
1258 4099 1440 4145 autem
1490 4102 1637 4147 vetat
1669 4101 1725 4147 et
1770 4109 1914 4148 nunc
1944 4093 2029 4147 di-
2070 4171 2079 4177 .

438 4189 585 4236 recte
606 4190 660 4236 et
678 4181 911 4237 breviter
937 4182 1067 4237 illud
1096 4182 1321 4237 refutari
1345 4183 1477 4253 (57).
1501 4182 1609 4253 νει,
1626 4184 1771 4238 enim
1812 4185 2027 4266 simpli:

445 4272 584 4326 citer
633 4273 903 4343 signiﬁcat
950 4291 1056 4328 non
1101 4276 1306 4344 genuit,
1348 4275 1423 4330 nil
1459 4275 1607 4330 aliud
1659 4292 1876 4342 eorum,
1907 4293 2030 4347 qua:

440 4363 907 4443 adjungidebent,
952 4376 1302 4430 connectens.
1353 4369 1434 4422 vel
1498 4383 1606 4423 una
1638 4384 1822 4424 secum
1854 4369 2029 4436 du‘cit,

439 4459 584 4529 quod
604 4459 731 4514 addi
755 4460 937 4524 debet,
961 4460 1172 4517 scilicet
1200 4477 1303 4515 non
1328 4460 1509 4531 genuit
1526 4462 1650 4530 jam
1671 4462 2027 4517 exsistentem.

440 4551 545 4617 Qui
570 4550 839 4606 fallaciam
862 4567 1077 4607 onmem
1103 4553 1273 4608 evitat
1328 4562 1452 4624 apte
1479 4554 1785 4610 orationem
1817 4568 2026 4609 conne-

2194 3370 2261 3435 ζ’.
2284 3390 2289 3397 ·
2311 3362 2462 3420 Εἷενο
2495 3362 2614 3417 ἀλλ’
2641 3362 2771 3423 ι’σως
2799 3359 2865 3414 ἄν
2903 3372 2990 3420 τις
3013 3323 3017 3328 ’
3037 3353 3225 3423 ἔτερος
3256 3348 3546 3435 αἱρετίζων
3586 3361 3701 3398 νεα-

2092 3488 2097 3493 -
2124 3431 2391 3516 νιεύσοιτο
2418 3456 2575 3523 λόγος
2610 3451 2702 3507 καὶ
2732 3448 2831 3520 τὴν
2860 3449 2927 3501 ὲκ
2964 3443 3310 3516 μεταθέσεως
3337 3437 3427 3510 ὑφ’
3461 3431 3532 3508 ἧς
3561 3436 3703 3490 ἀντία

2126 3551 2275 3613 θεσις
2311 3545 2615 3610 ὲνοθεύετο,
2648 3537 3162 3606 ἀποσκευαζόμενος
3193 3531 3396 3595 αἰτίαν,
3418 3527 3563 3583 οὑτω
3593 3543 3703 3589 πως

2128 3641 2462 3716 προαγαγεῖν
2490 3634 2901 3704 ἐπιτεχνάσαιτο
2937 3626 3035 3698 τὴν
3074 3624 3378 3697 ἐρώτησιν⁸
3418 3621 3586 3716 Ὄντα
3614 3634 3701 3685 γε·

2127 3713 2391 3804 γέννηκεν
2424 3731 2452 3782 ό
2484 3727 2675 3797 Πατὴρ
2731 3723 2823 3777 τὸν
2868 3722 2996 3775 Υίὸν
3038 3719 3071 3790 ἢ
3108 3718 3237 3771 ὄντα
3275 3713 3698 3785 οὑγεγέννηκες

2130 3827 2225 3879 καὶ
2250 3823 2569 3893 ἐπιζητήσει
2612 3819 2859 3891 θάτερον
2879 3815 3041 3888 μέρος
3093 3815 3192 3884 τῆς
3226 3812 3551 3872 ἀντιθέσεως
3575 3810 3701 3861 ἀκο-

2129 3913 2438 3987 κρίνασθαι.
2482 3911 2644 3966 Ἀλλά
2673 3910 2784 3980 γὰρ
2819 3908 2915 3962 καὶ
2947 3909 2981 3978 ή
3006 3905 3226 3975 τοιαύτη
3280 3900 3569 3971 καταφυγὴ
3624 3897 3702 3951 δέ·

2131 4006 2338 4061 δεικται
2372 4005 2470 4075 μὲν
2498 4004 2586 4058 διὰ
2612 4002 2721 4055 τῶν
2761 4000 3071 4072 εἰρημένων
3115 3995 3575 4068 παραδειγμάτων
3610 4008 3697 4043 σα-

2133 4098 2263 4170 θρὸν
2314 4094 2758 4168 προϐεϐλημένον
2784 4092 2880 4146 καὶ¹
2906 4089 3371 4163 περιυϐρισμένον
3397 4086 3473 4157 τῷ
3517 4084 3702 4141 δικαίω

2130 4189 2191 4242 τὸ
2225 4186 2439 4241 ἄσυλον
2464 4186 2615 4239 οὑδὲν
2639 4184 2697 4237 δὲ
2723 4183 2919 4237 κωλύει
2943 4182 3038 4235 καὶ
3064 4180 3158 4233 νῦν
3176 4180 3266 4235 τὸν
3289 4178 3508 4248 ἔλεγχον
3519 4174 3703 4230 ὲπέὑ-

2132 4279 2281 4343 θείας
2296 4295 2356 4332 τε
2376 4277 2472 4331 καὶ
2493 4274 2970 4347 ὲπιτόμωςεὶπεῖν·
2987 4273 3049 4326 τὸ
3063 4272 3241 4325 τοίνυν
3260 4272 3407 4325 ὄντα
3425 4271 3499 4325 οὑ
3514 4266 3703 4338 γεγέν-

2133 4387 2326 4439 νηκεν
2350 4370 2431 4433 εἰς
2451 4367 2627 4422 διττὸν
2654 4365 3035 4437 έπιμερίζεται
3066 4362 3363 4431 διανόημα·
3392 4361 3485 4414 καί
3520 4360 3579 4411 τὸ
3610 4358 3699 4427 μὲν

2137 4463 2324 4527 ἁπλῶς
2352 4462 2549 4530 ἐπάγει
2583 4460 2721 4531 πρὸς
2745 4458 2807 4521 τὸ
2828 4457 2916 4527 μὴ
2945 4454 3325 4526 γεγέννηκεν,
3350 4453 3535 4521 ἕτερον
3558 4448 3698 4502 οὐδὲν

2138 4558 2249 4613 τῶν
2292 4555 2618 4627 ὀφειλόντων
2676 4547 3145 4606 ὲπισυνάπτεσθαι
3202 4544 3535 4615 συμπλέκον,
3566 4540 3625 4593 τὸ
3645 4539 3696 4591 δὲ

451 4653 611 4696 ctens
640 4640 952 4707 alIirmabit,
985 4642 1114 4713 quia
1148 4643 1362 4712 genitus
1410 4644 1571 4699 simul
1600 4659 1722 4699 cum
1751 4644 1836 4698 sui
1870 4658 2014 4713 gene-

2140 4650 2509 4719 συνεπάγεται
2552 4645 2732 4699 καὶτὸ
2785 4641 3100 4705 ἀκόλουθον,
3131 4641 3203 4694 οὐ
3238 4635 3554 4707 γεγέννηκε
3598 4631 3697 4699 γὰρ

444 4733 657 4786 ratione
685 4733 849 4789 habet
864 4734 1262 4813 exsistcntiam.
1282 4736 1432 4791 Istud
1460 4736 1626 4807 igitur
1646 4736 2029 4791 haereticorum

444 4835 824 4893 argumentum
855 4842 951 4897 per
991 4828 1230 4897 priorem
1268 4830 1642 4898 acceptionem
1668 4828 2030 4898 simpliciores

451 4916 732 4982 territans,
762 4920 828 4975 ad
860 4920 1043 4991 fugam
1079 4921 1202 4977 illos
1234 4922 1463 4991 impellit
1487 4938 1589 4977 nec
1618 4922 1751 4976 sinit
1782 4921 2024 4976 animum

445 5010 513 5064 ad
565 4997 861 5067 secundam
920 5015 1249 5069 sententiam
1302 4992 1606 5080 advertere,
1656 5031 1780 5087 quas
1829 5012 2033 5069 rationi

448 5104 724 5174 congruit.
762 5104 819 5159 Si
867 5107 1013 5161 enim
1041 5107 1106 5163 ad
1156 5108 1304 5162 illam
1335 5110 1458 5179 quis
1511 5109 1753 5163 animum
1783 5102 2030 5179 adjiciat,

444 5197 783 5265 facillimam,
802 5210 861 5255 ut
877 5202 1047 5266 vides,
1065 5203 1474 5273 piissimamque
1493 5202 1789 5258 reddiderit
1802 5215 2032 5277 respon~

446 5292 691 5361 sionem;
720 5310 846 5350 nam
881 5295 1171 5365 ailirmare,
1202 5297 1347 5367 quod
1379 5296 1733 5351 exsistentem
1768 5294 1880 5364 jam
1918 5311 2029 5351 non

448 5386 659 5453 genuit,
680 5387 809 5458 quia
830 5388 994 5445 simul
1017 5405 1142 5446 cum
1167 5389 1707 5457 exsistentiavexstitit
1723 5388 2025 5459 generatio,

2140 4744 2307 4800 ὄντα.
2380 4741 2440 4793 '0
2484 4736 2835 4810 ῥᾳδιουργίαν
2889 4736 3070 4788 πᾶσαν
3100 4730 3388 4801 ὲκφεύγων
3441 4722 3697 4799 ἁρμοδίως

2139 4834 2232 4889 τὸν
2276 4832 2433 4901 λόγον
2476 4828 2735 4899 συνείρων
2781 4826 2899 4897 ipsi
2939 4840 2954 4855 ⁶
2993 4824 3130 4877 διότι
3175 4818 3473 4891 σύνδρομον
3530 4816 3558 4867 ὁ
3587 4828 3699 4881 γεν-

2141 4925 2325 4997 νηθεὶς
2355 4923 2467 4993 ἔχει
2492 4924 2560 4992 τῇ
2613 4919 2868 4989 γεννήσει
2890 4916 2992 4988 τὴν
3019 4913 3278 4985 ὕπαρξιν.
3308 4907 3694 4981 Μορμολύττων

2139 4996 2321 5074 τοίνυν
2344 5019 2375 5070 ὁ
2397 5014 2684 5085 αίρετίζων
2732 5008 2891 5081 λόγος
2915 5010 3005 5064 διὰ
3050 5009 3151 5078 τῆς
3175 5005 3445 5077 προτέρας
3490 4996 3695 5066 ὲκδοχῆς

2141 5112 2268 5174 τοὺς
2299 5106 2703 5175 ἁπλουστέρους
2718 5102 2947 5172 ,φεύγειν
2969 5098 3274 5163 ἀναπείθει,
3296 5096 3429 5168 μηδὲ
3456 5093 3585 5163 πρὸς
3605 5085 3694 5155 τὴν

2138 5202 2395 5274 δευτέραν
2438 5198 2676 5253 διάνοιαν
2715 5197 2810 5250 καὶ
2858 5195 2939 5267 τῷ
2976 5194 3121 5264 λόγῳ
3162 5192 3539 5283 προσήκουσαν
3568 5184 3693 5283 ’ἐπι-

2139 5292 2499 5364 στρέφεσθαι·
2538 5290 2586 5342 εἰ
2618 5287 2719 5359 μὲν
2748 5287 2858 5357 γὰρ
2890 5283 3249 5355 ἀπερείσαιτο
3276 5297 3361 5344 τις
3392 5277 3523 5349 πρὸς
3564 5274 3689 5364 ἐκεῖ·

2129 5363 2230 5458 νην
2289 5386 2381 5440 τὸν
2433 5384 2580 5446 νοῦν,
2616 5379 3040 5453 εὑχερεστὰτην,
3071 5376 3147 5440 ὡς
3176 5376 3332 5447 ὁρᾷς,
3372 5372 3462 5427 καὶ
3490 5363 3686 5438 ὀρθοδο.

1957 5518 2194 5613 ΝΟΤᾸΕ.

534 5658 647 5731 (57)
680 5657 807 5717 llaec
837 5660 1002 5733 igitur
1028 5658 1352 5733 propositio,
1382 5660 1720 5718 exsislentcm
1760 5676 1863 5714 non
1899 5658 2100 5730 grnuit,
2145 5656 2198 5712 in
2231 5655 2501 5728 duplicem
2533 5652 2803 5711 scinditur
2826 5648 3172 5709 sententiam.
