3864 6208
168 252 255 319 ωι

164 461 424 529 γέννηκεν,
457 454 860 524 ἀποφήνασθαι,
889 452 1019 505 διότι
1060 456 1127 523 τῇ
1158 451 1390 523 ὑπάρξει
1417 452 1717 522 σύνδρομος

165 553 191 621 η
217 549 475 617 γέννησις,
516 545 572 599 τί
601 546 700 615 μὲν
734 545 992 615 ἐργῶδες,
1011 545 1062 596 τί
1080 546 1138 599 δὲ
1153 544 1395 615 ἄπορονς
1422 542 1540 607 πῶς
1572 543 1628 597 δὲ
1648 547 1716 615 τῇ

164 638 697 711 αἱρέσεισύνδρομον,
757 637 957 706 μᾶλλον
1006 637 1062 689 δὲ
1128 636 1245 700 πῶς
1283 636 1346 689 οὐ
1374 635 1716 706 μαχόμενονς

162 732 287 793 τίνος
315 730 370 782 δὲ
401 729 727 799 λειπόμενον
755 728 893 798 πρὸς
917 728 1230 790 εὑσέὀειανς
1266 728 1330 780 El
1366 712 1556 779 δὲκαὶ
1585 730 1719 797 πρὸς

162 823 214 873 τδ
234 819 610 888 ταπεινότερον
637 818 732 872 τοῦ
760 819 934 887 Λόγου
960 819 1147 888 δεήσει
1192 818 1498 883 κατελθεῖν,
1518 818 1721 870 ’κάκεῖ-

166 912 242 963 θεν
266 910 390 981 περὶ
443 910 546 979 τῆς
603 909 943 981 ὑψηλοτέρας
997 908 1330 978 διασκέψεως
1384 908 1465 962 ἑτι
1522 908 1725 978 μᾶλλον

163 1000 541 1072 ἁνηπλωμένην
591 1000 691 1078 τὴν
724 1000 956 1070 θεωρίαν
1016 999 1222 1063 λαϐεῖν,
1255 1000 1507 1053 ἐντεῦθεν
1537 998 1720 1078 ἔξεστί

165 1110 234 1145 σοι
260 1095 476 1144 σκοπεῖν
500 1107 516 1121 ·
553 1072 674 1143 οἷον⁷
696 1091 759 1143 τὸ
785 1091 1181 1160 γεγεννημένον
1207 1091 1441 1144 ἀπέθετο
1460 1090 1533 1143 τδ.
1551 1072 1723 1144 ἀΐδιον

164 1184 305 1254 ἢούκ
355 1181 623 1248 ἁπέθετο;
654 1182 840 1243 ἁπλῶς
899 1182 995 1251 μὲν
1051 1181 1161 1252 γὰρ
1212 1181 1571 1249 ὑπενεγκεῖν,
1611 1180 1724 1234 ἀπ-

162 1276 328 1341 έθετο,
350 1275 427 1345 τῷ
446 1274 792 1345 σοφιζομένῳ
808 1272 947 1344 [τοῦ]
976 1274 1302 1344 κακουργεῖν
1326 1272 1443 1327 ὁδὸν
1460 1273 1559 1326 οὐκ
1588 1271 1728 1324 ἑκώ-

164 1370 330 1422 λυσεν·
353 1368 616 1436 ἁρπάσας
666 1366 773 1436 γὰρ
800 1365 905 1435 τὴν
932 1364 1115 1435 φωνὴν
1137 1366 1167 1417 ό
1196 1364 1458 1443 σοφιστὴς
1499 1364 1728 1417 οὔκουν

165 1460 285 1527 παρ’
322 1456 517 1524 ἐαυτῷ
547 1459 695 1527 ἔχει,
726 1458 1119 1528 συμπεραίνειν
1162 1457 1325 1523 δόξει,
1377 1457 1443 1509 τὸ
1491 1456 1685 1511 ἀΐδιον
1708 1470 1726 1487 ⁸

167 1552 275 1606 aliis
331 1568 416 1613 τις
474 1551 823 1621 ὲπισυνάψας
883 1551 944 1604 τὸ
995 1550 1182 1603 λεῖπον
1246 1550 1607 1619 ἀποφήναιτο,
1652 1549 1727 1612 ὡς

165 1644 261 1697 οὐκ
302 1641 582 1708 ἀπέθετο,
610 1642 742 1695 διότι
802 1641 939 1711 μηδὲ
995 1640 1124 1711 ἔσχε
1144 1640 1278 1694 ποτὲ
1300 1640 1429 1708 (τῶν
1459 1639 1569 1709 γὰρ
1597 1656 1730 1710 προ-

167 1732 505 1802 κεκτημένων
558 1732 679 1784 ἐστὶ
731 1730 819 1784 τὸ·
849 1730 1233 1801 ἀποτίθεσθαι)
1289 1731 1514 1802 ἰσχυρὸν
1576 1730 1728 1784 ἔθετο

166 1823 319 1893 κημὸν
365 1820 444 1891 τῷ
477 1821 714 1893 μελετᾷν
738 1822 935 1892 τέχνην
965 1821 1148 1892 ἔχοντι
1188 1822 1288 1893 τὴν
1324 1821 1724 1891 γλωσσαλγιαν.

168 1914 272 1967 Κάκ
296 1914 486 1967 τούτου
522 1913 578 1966 δὲ
596 1912 767 1984 μυρία
804 1929 887 1966 σοι
913 1912 1054 1967 κατὰ
1082 1912 1209 1967 νοῦν
1236 1910 1575 1984 γεωργοῦντι
1604 1915 1734 1966 ἀνα-

167 2006 435 2075 σλαστήσει
479 2005 574 2072 τὰ,
607 2005 678 2060 δι’
725 1998 800 2060 ὧν
832 2006 866 2076 ἡ
896 2004 1151 2076 αἱρετικὴ
1181 2004 1349 2075 λέσχη
1384 2004 1479 2059 καὶ
1508 2004 1567 2057 τὸ
1597 2003 1731 2075 θρά-

168 2111 242 2159 τος
271 2088 714 2167 ἐπιστομίζεται,
760 2095 1203 2166 παραδείγματα.

222 2187 284 2258 η’.
324 2187 485 2241 Ἀλλὰ
508 2188 617 2258 γὰρ
650 2186 824 2261 ταῦτά
845 2204 926 2240 σοι
958 2188 1086 2258 περὶ
1112 2188 1210 2256 τῆς
1237 2186 1380 2240 κατὰ
1427 2186 1531 2256 τὴν
1584 2183 1733 2239 ἀνττ-

167 2294 309 2346 φασιν
363 2278 713 2347 τεχνολογίαις
743 2279 839 2332 καὶ
865 2277 967 2349 τῆς
996 2277 1380 2348 αἱρετιζούσης
1408 2277 1730 2347 ἀδολεσχίας

168 2363 266 2418 κατ’
289 2365 591 2436 ἐπιδρομὴν
639 2366 878 2437 εἴρηται,
931 2364 1031 2436 τὴν
1067 2364 1452 2437 ἐντελεστέραν
1476 2364 1732 2418 διδασκα-

166 2456 268 2511 λίαν
300 2458 391 2510 καὶΙ
422 2455 662 2529 θεωρίαν
691 2456 785 2510 τοῦ
818 2457 1221 2527 προειρημένου
1268 2456 1452 2525 λόγου,
1478 2455 1539 2519 ὃς
1583 2454 1729 2509 κατὰ

167 2549 248 2611 τὰς
303 2549 652 2612 διαλεκτικὰς
710 2549 877 2604 πάλαι
909 2549 1352 2627 παρρησιάζεται
1420 2547 1730 2632 διατριϐὰς,

167 2637 397 2709 παρέχειν
428 2639 584 2701 ὖντος
612 2641 975 2695 ἱκανωτάτου.
1011 2639 1055 2692 Τ
1060 2640 1096 2692 ὰ
1125 2639 1182 2693 δὲ
1216 2639 1350 2692 ἄλλα
1373 2639 1589 2711 έρρωσο
1628 2639 1727 2692 καὶ

170 2729 422 2801 βραδύνειν
471 2731 609 2801 πρὸς
644 2732 746 2795 τὰς
787 2732 887 2795 σας
914 2731 1160 2802 αἰτήσεις
1207 2729 1299 2784 διὰ
1318 2731 1418 2801 τὴν
1462 2730 1570 2784 τῶν
1599 2731 1734 2784 ὐπο-

168 2823 397 2889 γραφέων
430 2824 670 2894 ἀπορίαν
703 2822 825 2877 ἀντὶ
874 2821 971 2877 τοῦ
1001 2823 1111 2876 τῶν
1142 2822 1251 2876 σῶν
1286 2822 1554 2893 αἰτήσεων
1577 2821 1730 2893 ὀλιγ-

175 2916 317 2980 ωρεῖν
346 2916 494 2984 ἡμᾶς
520 2914 730 2985 νόμιζε.
853 2905 856 2907 λ

716 3028 1053 3081 ΕΡΩΤΗΣΙΣ
1083 3027 1206 3083 ΟΘ’.

1030 249 1128 308 AD
1164 243 1767 306 AMPHILOCHIUM
1798 242 2145 316 QU}ESTIO
2174 243 2441 340 LXXIX.
2915 298 2921 304 .

165 368 338 438 ξοῦσαν
381 361 611 434 ἀποδοίη
640 361 739 434 τὴν
760 360 1078 433 ἀπόκρισιν·
1106 362 1166 415 τὸ
1202 362 1333 434 γὰρ,
1360 362 1489 416 δντα
1515 362 1577 415 οὐ
1616 378 1714 432 γε..

1841 359 1946 430 [uid
1977 357 2332 424 dillicultatis,
2361 356 2558 427 quidve
2609 358 2783 413 ardui-
2823 374 2933 430 przc
2963 376 3023 417 se
3049 360 3215 417 feret?
3242 362 3423 430 Quos.

3286 244 3391 308 502

1822 452 1985 507 modo
2017 450 2207 507 haeresi
2242 450 2462 515 favebit,
2499 452 2610 505 imo
2656 454 2934 521 quomodo
2972 455 3039 509 ci
3075 471 3183 510 non
3230 469 3394 524 repu-

1823 545 2045 615 gnabit?
2068 543 2321 614 Quidque
2363 544 2436 597 illi
2467 546 2759 599 assertioui
2794 546 2861 599 ad
2893 532 3146 614 pietatem
3181 549 3391 605 deerit?

1821 635 1941 690 Jam
1974 651 2102 690 vero
2133 636 2178 692 si
2201 646 2254 691 et
2284 644 2533 706 oporteat
2560 636 2623 716 ad
2652 636 2813 691 Verbi
2844 638 3109 695 incarnati
3134 641 3394 697 humilia-

1825 730 2027 783 tioneni
2051 728 2403 793 descendere,
2427 729 2669 798 indeqiie
2694 730 2760 784 de
2790 731 3101 784 sublimiori
3129 734 3397 802 mysterio

1824 822 2124 892 pleniorem
2158 806 2785 891 adhuc-explicationem
2819 838 3059 888 sumere,
3090 824 3163 879 ita
3195 826 3399 892 poteris

1826 912 2191 968 considerare.
2247 911 2312 966 V.
2364 929 2517 983 gr.-:
2569 912 2959 979 Quodnatum
3011 923 3115 978 est,
3147 915 3400 985 deposuit

1826 1003 2330 1071 sempiternitatem,
2379 1018 2448 1056 an
2505 1019 2613 1057 non
2671 1005 2959 1073 deposuit?
2996 1003 3403 1075 Respondendo

1825 1093 1969 1147 enim
2000 1093 2328 1162 simpliciter
2353 1095 2617 1163 deposuit,
2646 1096 2888 1150 cavillari
2924 1095 3123 1150 volenti
3156 1096 3404 1166 aperitur

1827 1184 1948 1250 via;
2006 1200 2127 1239 nam
2185 1184 2273 1239 ille
2317 1200 2503 1240 vocem
2551 1188 2710 1240 istam
2752 1189 3022 1257 arripiens
3069 1187 3399 1242 concludet:

1828 1274 1945 1329 Non
1991 1289 2122 1345 ergo
2151 1277 2291 1346 apud
2322 1292 2381 1331 se
2420 1277 2584 1333 habet
2626 1278 3136 1347 sempiteruitatem.
3168 1279 3325 1345 Quod
3355 1278 3403 1332 si

1829 1366 1953 1435 quis
1982 1378 2281 1422 annectens
2319 1370 2462 1438 quod
2495 1369 2681 1433 deerat
2702 1368 2936 1427 aﬂirutat
2968 1388 2981 1424 :
3007 1387 3111 1424 non
3138 1371 3402 1439 deposuit,

1829 1458 1957 1528 quia
1996 1472 2121 1512 nec-
2147 1474 2388 1528 unquam
2418 1459 2609 1514 habuit
2640 1460 2852 1529 (eorum
2882 1462 3029 1516 enim
3061 1471 3148 1517 est
3195 1462 3401 1531 aliquid

1830 1549 2121 1619 deponere,
2142 1550 2313 1618 qui-id
2341 1561 2497 1606 antea
2520 1554 2925 1622 possederunt),
2952 1552 3190 1607 validum
3220 1552 3406 1621 injecit

1833 1640 2048 1695 frenum
2101 1643 2367 1697 haeretica:
2400 1644 2724 1713 garrulitati.
2762 1643 3009 1719 Hiucque
3057 1653 3114 1698 tu
3156 1644 3403 1699 sedulam

1829 1734 1996 1787 animi
2054 1748 2264 1789 navans
2311 1744 2531 1803 operam
2584 1736 2869 1794 innumera
2904 1735 3211 1803 germinare
3237 1734 3406 1789 facies

1827 1826 2239 1895 exempla,.per
2286 1841 2411 1895 quae
2461 1826 2840 1881 haereticorum
2888 1826 3190 1896 loquacitas
3241 1836 3408 1897 atque

1829 1916 2053 1971 audacia
2088 1916 2440 1986 reprimatur.

1896 2182 1950 2237 8.
1990 2184 2167 2252 Atque
2208 2182 2324 2237 haec
2357 2182 2453 2237 tibi
2484 2181 2553 2237 de
2582 2179 3035 2237 contradictionis
3085 2176 3317 2232 artiﬁcio
3349 2185 3408 2231 et

1828 2274 1896 2329 de
1924 2274 2170 2328 lueretica
2204 2274 2522 2344 garrulitate
2573 2274 2748 2327 obiter
2770 2273 2914 2328 dicta
2963 2280 3149 2327 sunto.
3176 2268 3409 2322 Absolu-

1831 2367 2027 2423 tiorem
2065 2368 2366 2422 doctrinam
2410 2376 2464 2422 et
2492 2367 2909 2437 explicationem
2940 2380 3106 2435 supra
3137 2377 3409 2449 memora-

1831 2470 1919 2515 tus
1934 2460 2186 2531 liber,qui
2205 2460 2255 2513 in
2276 2460 2574 2517 dialecticis
2590 2459 2705 2530 iam
2728 2458 2933 2514 dudum
2953 2454 3408 2528 prostatiscbolis,

1832 2551 2093 2606 exhibere
2145 2549 2610 2606 sullicientissime
2664 2551 2886 2621 poterit.
2929 2550 3182 2605 Ceterum
3217 2544 3334 2601 vale
3355 2553 3411 2599 et

1832 2644 2012 2715 potius
2041 2657 2128 2697 me
2161 2643 2270 2699 tuis
2315 2642 2603 2713 postulatis
2646 2643 2802 2698 tarde
2829 2641 3056 2711 obsequi
3089 2639 3161 2694 ob
3193 2636 3402 2693 scriba-

1833 2747 1955 2787 rum
2004 2717 2269 2802 inopiam,
2314 2747 2480 2802 qnam
2513 2740 2636 2788 tuas
2684 2731 2976 2802 petitiones
3004 2728 3279 2800 negligere
3310 2740 3411 2795 pu-

1834 2836 1970 2883 tato.
2122 2832 2127 2837 '

2085 3006 2413 3073 QUIESTlO
2446 3003 2659 3059 LXXIX
2733 3003 2834 3074 [ιιι.
2869 3002 3008 3074 ΧΙΙ].
3042 3001 3153 3069 (58)

167 3096 304 3147 Διατί
349 3097 622 3167 ἀγγέλων
1083 3059 1275 3166 ἕὲέεν
1297 3096 1369 3151 ἐν
1392 3095 1470 3166 τῇ
1503 3100 1725 3166 κοσμο-

1841 3095 1944 3153 Cur
1974 3095 2644 3167 ιιηςιοιονιιῃιίηιιεηιὲοηᾼιεηιΔ
2667 3109 2768 3167 non
2790 3093 2918 3167 fecit
2969 3089 3225 3167 Moseszt'n
3265 3102 3415 3167 crea-

228 3168 408 3237 τενείᾳ
427 3166 653 3237 Μωσῆς
675 3169 788 3237 (39)
808 3185 827 3233 ;
846 3168 946 3221 καὶ
970 3168 1027 3221 τι
1054 3167 1335 3236 σημαίνει
1354 3168 1422 3221 τό
1443 3184 1457 3198 °
1490 3186 1508 3219 ι
1547 3166 1726 3237 Τοῦτο

230 3236 325 3302 ’μὰρ
347 3236 553 3301 ποιῶν,
576 3236 879 3305 ἄνθρακας
908 3239 1099 3308 πυρὸς
1126 3239 1455 3306 σωρεύσεις
1482 3236 1583 3290 ἐπὶ
1612 3236 1727 3305 τὴν

218 3307 490 3377 ,κεφαλὴν
520 3309 707 3362 αὑτοῦ
725 3324 745 3373 ;
784 3327 804 3360 ›
994 3307 1009 3333 ³

1909 3158 2066 3220 ιὶοηεν
2082 3165 2307 3219 mundi?
2333 3172 2381 3216 et
2416 3158 2542 3234 quid
2576 3163 2677 3217 sibi
2713 3163 2821 3217 vult
2852 3162 2983 3215 illud
3016 3175 3034 3213 :
3088 3180 3105 3212 ι
3138 3160 3248 3214 Hoc
3275 3160 3416 3211 enim

1912 3237 2135 3361 “1656518,
2203 3234 2456 3289 carbones
2532 3234 2669 3305 ignis
2741 3248 2984 3303 congere:
3053 3244 3210 3299 super
3258 3235 3416 3296 caput

1912 3323 2023 3361 eius
2091 3324 2110 3357 ι

1907 3323 2023 3376 ejus
2046 3323 2110 3361 Ii
2208 3364 2209 3367 η

387 3422 533 3474 Edita
558 3438 586 3473 a
607 3423 803 3484 Wolﬁo,
829 3424 941 3474 Cur.
968 3421 1157 3474 Philol.
1184 3421 1243 3483 v,
1269 3436 1316 3485 p.
1341 3422 1571 3486 687-691,
1594 3425 1724 3487 apud
1749 3424 2046 3493 Galland.,t..
2072 3421 2204 3481 xm,
2231 3436 2281 3485 p.
2301 3398 2528 3481 πὸτ-709,
2551 3434 2600 3469 n.
2624 3418 2772 3496 1‘2.ln
2795 3418 2937 3467 Rom.
2960 3417 3067 3477 xu,
3092 3416 3173 3466 20.

233 3531 422 3601 Ἄμφω
477 3533 577 3603 μὲν
615 3533 695 3588 ’τὰ
742 3532 1031 3603 ζητήματα
1081 3532 1255 3588 ταῦτα
1298 3535 1400 3589 καὶ
1428 3536 1487 3589 ὲν
1535 3536 1742 3607 ἑτέροις

178 3621 305 3691 ἡμῶν
337 3624 660 3695 γράμμασιν
708 3619 1146 3696 (40)οἶμαι,τὴν
1195 3624 1348 3678 λύσιν
1402 3626 1604 3697 εὑρεῖν,
1633 3627 1733 3697 τῆς

179 3713 260 3780 μὲν
279 3715 551 3785 ἀκριϐείας
573 3716 673 3771 οὐκ
694 3717 760 3771 ἂν
794 3715 1003 3787 εἴποιμι
1036 3716 1200 3787 μηδὲν
1222 3716 1559 3770 ἀποδέουσαν
1588 3756 1603 3777 ,
1638 3716 1740 3785 τῆς

176 3802 221 3855 δὲ
248 3804 514 3878 δυνάμεως
529 3808 693 3867 ,οὐδὲν
724 3800 955 3877 ἔχουσαν
988 3808 1350 3878 ἐνδεέστερον.
1392 3808 1545 3861 Ἐπεὶ
1566 3807 1623 3860 δέ
1656 3824 1737 3861 σοι

177 3895 323 3963 φίλον,
350 3900 442 3952 καὶ
474 3899 761 3969 ίδιαίτερον
789 3898 932 3969 ἔχειν
958 3898 1055 3970 τὴν
1106 3900 1236 3969 περὶ
1276 3897 1457 3952 αὐτῶν
1499 3898 1735 3968 θεωρίαν

178 3986 255 4038 καὶ
282 3990 598 4061 ἀνάμνησιν,
636 3991 811 4043 καίτοι
837 4007 901 4060 γε
941 3990 1379 4060 κεχαριτωμένος
1413 3989 1488 4044 ὢν
1513 3990 1609 4049 καὶ
1638 3990 1735 4043 αὐ-

177 4075 251 4139 τδς
278 4080 332 4133 οὐ
382 4082 545 4151 μόνον
584 4081 784 4134 εἰδέναι
836 4079 906 4134 τὰ
958 4079 1203 4146 τοιαῦτα,
1260 4080 1397 4133 ἀλλὰ
1427 4081 1521 4134 καὶ
1550 4080 1731 4143 ἄλλοις

182 4168 344 4235 μαθεῖν
392 4172 676 4243 παρέχειν,
723 4172 821 4241 τῆς
852 4171 949 4240 σῆς
992 4170 1259 4233 συνέσεως
1298 4168 1396 4240 τὴν
1421 4168 1637 4239 αἴτησιν
1669 4163 1773 4221 οὐ⁹

180 4262 605 4333 παρῃτησάμεθα.
629 4262 722 4314 Διό
769 4276 968 4329 φαμενο
1007 4259 1098 4324 Ἐξ
1140 4251 1214 4313 ὧν
1248 4258 1347 4329 τῆς
1378 4260 1599 4329 μνήμης
1638 4259 1733 4311 καὶ

1917 3536 2060 3589 Duas
2107 3536 2206 3589 has
2231 3533 2564 3604 quaestiones
2596 3532 2763 3587 etiam
2793 3531 2846 3585 in
2879 3531 3001 3586 aliis
3038 3527 3259 3598 scriptis
3303 3543 3407 3583 no-

1840 3629 1974 3683 stris
2009 3628 2221 3682 solulas
2255 3642 2378 3682 esse
2410 3626 2689 3683 existimo.
2730 3624 2802 3678 ita
2829 3624 3074 3693 quidem,
3106 3630 3189 3687 ut,
3216 3636 3417 3691 quam.

1844 3719 1925 3773 vis
1951 3718 2290 3772 accuratioui
2329 3716 2620 3773 solutionis
2649 3714 2786 3768 nihil
2815 3714 3009 3769 deesse
3052 3728 3161 3767 non
3205 3712 3417 3789 dixero.

1838 3811 2078 3866 ellicacia
2111 3794 2291 3867 tamen
2326 3826 2435 3866 non
2472 3804 2544 3867 sit
2570 3809 2819 3865 inferior.
2855 3808 3127 3874 Quoniam
3156 3823 3284 3863 vero
3317 3808 3415 3861 tibi

1837 3902 2064 3971 placuit,
2143 3901 2476 3970 singularem
2555 3900 2795 3969 aliquam
2852 3897 3311 3968 'disquisitionem'
3362 3906 3418 3950 ct

1837 3991 2354 4049 commentationem
2406 3991 2473 4045 de
2512 3990 2853 4057 argumentis
2906 3990 3013 4045 illis
3056 3990 3122 4042 in
3156 3994 3414 4058 promptu

1836 4083 2059 4149 habere,
2092 4083 2224 4135 mihi
2258 4097 2386 4136 vero
2441 4081 2543 4150 ipsi
2573 4081 2873 4149 jucundum
2930 4081 3021 4144 sit,
3076 4094 3183 4133 non
3234 4078 3412 4134 solum

1833 4175 1975 4231 scire
2012 4173 2164 4239 talia,
2199 4174 2293 4228 sed
2333 4182 2407 4237 et,
2448 4182 2503 4227 ut
2533 4173 2625 4226 alii
2679 4173 2916 4237 discant,
2974 4171 3211 4238 ellicere,
3269 4170 3413 4241 peti-

1836 4265 2039 4320 tionem
2077 4273 2225 4319 tuam
2257 4264 2497 4319 aversari
2533 4263 2706 4327 nolui,
2745 4261 2874 4316 Dico
2900 4261 3084 4330 itaque
3115 4279 3130 4315 ι
3158 4259 3411 4326 Quandin

181 4348 270 4401 τῶν
288 4352 551 4422 λογισμῶν
571 4355 599 4407 ὁ
619 4352 787 4415 πολὺς
809 4352 986 4421 ὗχλος,
1011 4352 1114 4405 καὶ
1141 4368 1251 4403 των
1283 4349 1606 4420 πειρασμῶν
1638 4348 1728 4403 καὶ

1841 4355 2029 4424 vulgus
2092 4353 2405 4409 Iudaeorum
2465 4353 2787 4407 memoriam
2854 4361 2911 4407 et
2972 4350 3409 4407 recordationem

182 4442 270 4505 τῶν
319 4445 544 4517 θλίψεων
596 4447 699 4499 οὐκ
744 4446 1056 4515 ἀφείλαντο,
1088 4440 1204 4498 ἀλλ’
1247 4443 1328 4497 ἔτι
1366 4444 1549 4512 μένειν
1605 4442 1728 4497 τινὰ

1841 4446 2110 4501 variarum
2187 4449 2544 4499 teutationum
2609 4452 2665 4499 et
2718 4444 3093 4499 calamitatum
3169 4442 3412 4496 nondum

181 4528 268 4584 τῶν
290 4531 544 4604 λειψάνων
577 4534 951 4597 ὑπελείποντο,
991 4534 1066 4596 ὡς
1092 4536 1184 4587 καὶ
1211 4534 1278 4586 δι’
1305 4534 1472 4597 ἄλλας
1515 4532 1613 4602 μὲν
1640 4524 1726 4585 ai-

1841 4538 2115 4601 amiserat,
2139 4536 2233 4590 sed
2265 4536 2525 4605 reliquias
2559 4535 2828 4607 quasdam
2866 4537 2919 4605 in
2950 4543 3201 4604 promptu
3237 4533 3405 4588 habe-

180 4621 279 4685 τίας
312 4628 529 4696 Μωσῆς,
560 4627 658 4696 τῆς
686 4622 1077 4695 κοσμογενείας
1115 4628 1200 4689 είς
1227 4626 1446 4696 ἐμφανῆ
1476 4626 1725 4697 διήγησιν

1841 4632 1943 4695 bat,
1982 4629 2166 4684 Mosen
2221 4629 2441 4698 quidem
2493 4638 2692 4700 praeter
2739 4630 2874 4684 alias
2935 4643 3154 4698 quoque
3206 4642 3409 4681 causas

184 4712 562 4788 καθιστάμενος,
612 4717 859 4786 ἀγγέλων
891 4716 1015 4771 οὔτε
1062 4719 1250 4782 οὐσίας
1298 4718 1420 4771 οὔτε
1452 4719 1723 4786 γενέσεως

1841 4731 2142 4778 accuratam
2172 4722 2321 4776 orbis
2350 4722 2555 4777 conditi
2602 4721 3004 4783 enarrationem
3068 4720 3402 4790 ingressum,

183 4801 485 4879 ἐπεμνήσθη.
509 4809 911 4879 Κεχωρισμένα
933 4826 996 4862 τε
1022 4808 1324 4880 γὰρταῦτα
1338 4809 1436 4878 τῆς
1459 4807 1725 4877 αἰσθητῆς

1841 4829 1935 4868 nec
1959 4812 2336 4868 exsistentiam
2376 4826 2487 4866 nec-
2509 4810 2774 4880 originem
2806 4811 3125 4880 angelorum
3171 4823 3413 4863 comme-

185 4895 390 4961 κτίσεως.
410 4900 521 4953 Καὶ
533 4902 646 4963 τοῖς
662 4897 722 4963 ἐξ
755 4898 969 4970 Ἰσραὴλ
987 4898 1113 4970 ἄρτι
1132 4899 1267 4969 πρὸς
1292 4898 1569 4968 θειοτέραν
1590 4897 1728 4950 θεω-

1841 4917 2101 4957 morasse.
2135 4901 2259 4955 Haec
2287 4900 2432 4955 enim
2468 4918 2498 4955 a
2532 4900 2716 4963 rebus.
2749 4915 2872 4969 qua:
2925 4898 3177 4954 sensibus
3231 4896 3408 4950 obvia:

186 4985 281 5051 ρίαν
324 4993 677 5065 ἀναγομένοις
713 4992 822 5046 ἀπὸ
841 4992 943 5061 τῆς
960 4991 1341 5061 Αἰγυπτιακῆς
1362 4991 1598 5062 μάλιστα
1628 4992 1728 5043 δει·

1841 4999 1988 5054 sunt,
2023 4986 2373 5043 vehementer
2415 4998 2544 5044 sunt
2584 4988 2865 5045 distincta.
2919 4988 3091 5042 Porro
3123 4986 3409 5052 lsraclitis,

186 5075 500 5148 σιόαιμονίας,
522 5085 581 5137 ἐν
603 5078 816 5159 ᾔει-τολὺν
834 5084 1023 5155 χρόνον
1040 5085 1089 5136 εἰ
1108 5083 1201 5136 καὶ
1219 5082 1295 5153 μὴ
1308 5068 1383 5154 ⁵τῇ
1410 5082 1586 5157 πλάνῃ
1608 5082 1728 5136 κάτ-

1844 5088 2105 5149 tanquam
2159 5080 2254 5146 qui
2288 5080 2355 5132 ad
2399 5079 2773 5135 sublimiorem
2823 5079 3119 5148 quamdam
3150 5076 3412 5137 _medita-

186 5174 408 5235 οκοι.ἀλλ’
425 5177 484 5229 ἐν
501 5192 567 5245 γε
591 5177 703 5249 (Η)
732 5177 844 5240 τοῖς
867 5170 1255 5245 κατεχομένοις
1285 5174 1374 5227 τὸν
1398 5173 1511 5244 βίον
1531 5174 1727 5246 διέτρι-

1841 5172 2031 5226 Lionem
2060 5170 2130 5226 ab
2154 5168 2475 5241 Egyptiaca
2506 5172 2758 5243 inprimis
2783 5170 3274 5241 superstitione,(iu
3303 5183 3412 5240 qua

1915 5381 2024 5449 (40)
2043 5380 2299 5435 Fortasse
2326 5380 2429 5433 hoc
2485 5379 2687 5432 factum
2736 5385 2847 5449 est
2884 5374 2938 5428 in
2984 5369 3409 5449 Commentariis

1837 5445 2015 5507 Pbotii
2047 5451 2306 5509 in.varios
2338 5450 2556 5503 Codicis
2608 5446 2749 5500 sacri
2795 5445 2983 5509 libros,
3013 5459 3151 5512 quos
3200 5445 3402 5512 passim

1832 5523 2017 5577 videas
2070 5521 2270 5574 all‘erri.
2308 5519 2363 5573 In
2392 5519 2641 5587 epistolis
2666 5528 2814 5572 certe
2844 5514 2964 5585 ejus
3010 5509 3180 5568 altum
3227 5520 3311 5564 est
3338 5509 3408 5565 de

1830 5603 2063 5660 utroque
2096 5591 2273 5660 capite
2305 5590 2604 5660 silentium.

1897 5654 2012 5732 (41⁷)
2042 5659 2116 5717 lla
2142 5654 2334 5731 scripsi
2371 5675 2472 5730 pro
2503 5654 2707 5724 οὖνγε.

243 5375 333 5451 (38)
365 5381 553 5448 Quoad
588 5377 825 5451 priorem
856 5392 1061 5452 partem
1091 5384 1727 5453 liachuaestioejusdem

192 5439 279 5500 fere
318 5439 627 5524 'argunienii
680 5463 764 5506 est
817 5439 880 5506 ac
930 5456 1161 5524 quaestio
1217 5439 1281 5507 νὶ
1319 5464 1372 5509 et
1396 5439 1727 5524 XV,'quoad

192 5522 503 5590 posteriorem
545 5524 799 5575 convenit
836 5538 959 5576 cum
993 5539 1048 5590 q.
1084 5522 1190 5576 LII.

243 5588 336 5663 (59)
358 5590 511 5663 coll).
554 5592 623 5663 ita
655 5609 681 5663 :A
702 5592 799 5645 Διά
825 5593 878 5663 τί
904 5588 1143 5663 Μωῧσῆς
1173 5594 1231 5645 ἐν
1261 5595 1326 5662 τῇ
1361 5593 1719 5663 κοσμογενείᾳ

190 5650 284 5708 οὔτε
302 5650 540 5727 ἀγγέλων
562 5660 770 5729 οὐσίας,
795 5660 915 5716 οὔτε
970 5650 1233 5731 γενέσεως
1271 5650 1712 5732 ἐμνημόνευσενξ
