3864 6208
440 243 546 305 503

1595 211 1857 309 Puern
1889 247 2397 309 mammae
2426 248 2533 308 cr.

443 353 662 422 longum
693 362 930 422 tempus.
960 353 1140 409 eidem
1172 352 1391 425 quidem
1418 356 1592 410 errori
1623 372 1737 412 non
1759 358 2002 421 obnoxii,

2133 357 2326 420 ἱον,οὺκ
2363 351 2432 426 ἦν
2458 354 2677 425 εὐχερὲς
2706 353 2825 407 οὐδὲ
2853 354 3032 426 ῥᾴδιον
3080 353 3263 424 φέρειν
3293 353 3438 424 πρὸς
3461 354 3559 425 τὴν
3589 373 3684 409 των

442 445 538 500 sed
601 445 744 498 inter
770 456 870 499 eos
901 447 1260 516 tameanui
1313 447 1408 502 illo
1460 449 1603 517 capti
1656 458 1834 514 erant,
1877 464 2011 504 exe-

443 536 656 606 gerant)
697 548 869 606 nuper
921 537 1216 592 admodum
1275 541 1520 608 perducti
1600 540 1841 605 fuerant,
1905 557 2012 594 non

447 629 604 683 facile
633 643 734 682 nec
762 629 987 684 obvium
1015 639 1153 694 erat,
1189 640 1250 684 ut
1283 633 1350 685 ad
1398 634 1755 702 incorporeas
1799 632 2016 704 Deoque

445 721 657 774 similes
700 729 910 775 mentes
968 723 1348 792 percipiendas
1398 724 1643 778 a'n-ininm
1696 726 2011 780 cveherent.

453 810 570 866 Non
603 813 787 866 minus
826 827 975 872 vero,
1036 813 1139 866 nisi
1189 815 1369 882 potius
1412 814 1587 882 magis
1643 814 1772 878 huc,
1823 825 2018 884 praeter

447 905 615 965 diota,
648 903 901 972 pertinet,
933 903 1078 972 quod
1109 904 1254 971 leges
1279 904 1486 957 laturus
1509 913 1625 957 erat
1650 901 1757 958 non
1788 904 2014 974 angelis,

449 996 542 1051 sed
579 996 917 1059 hominibus,
969 997 1062 1065 qui
1093 1006 1148 1049 et
1179 997 1381 1051 conditi
1437 1006 1612 1061 erant,
1661 1006 1714 1052 et
1747 1013 1811 1050 ex
1845 997 2018 1051 nihilo

449 1085 716 1138 exsistere
749 1093 1046 1154 coeperant.
1079 1084 1199 1138 Ideo
1229 1101 1411 1139 rerum
1440 1075 1708 1141 Conditor
1739 1087 2018 1141 doctrinas

452 1175 811 1240 necessarias,
851 1185 905 1228 et
938 1191 1062 1230 cum
1095 1176 1327 1230 utilitate
1381 1178 1724 1246 conjunctas,
1762 1179 1866 1233 hoc
1913 1187 2017 1241 est,

452 1264 594 1330 einli,
628 1273 806 1329 terrae,
841 1265 1187 1335 aliorumque
1230 1266 1494 1321 similium
1534 1270 1826 1336 originem,
1850 1284 2020 1338 expo-

454 1358 555 1422 nit,
612 1357 869 1426 quoniam
919 1357 1008 1410 illa
1065 1358 1302 1426 quidem
1368 1368 1659 1427 antequam
1742 1360 2018 1414 hominem

456 1445 716 1502 conderet
753 1463 875 1502 esse
911 1448 1106 1512 voluit,
1133 1449 1394 1518 quodque
1459 1451 1632 1504 homo
1662 1437 1776 1520 ipse
1811 1451 1865 1504 in
1915 1452 2023 1506 illis

457 1539 621 1592 vitam
659 1546 884 1594 acturus
927 1548 1065 1606 erat,
1115 1541 1261 1610 quod
1295 1541 1533 1611 denique
1582 1542 1745 1597 etiam
1781 1543 1908 1607 alia,
1956 1544 2023 1598 ad

454 1629 620 1682 vitam
675 1632 980 1686 naturalem
1042 1634 1379 1696 necessaria,
1440 1635 1568 1697 illis,
1627 1635 1826 1704 quibus
1871 1636 2024 1705 leges

2115 451 2422 520 ἀσωμάτων
2454 448 2551 500 καὶ
2583 446 2832 500 θεοειδῶν
2875 447 3006 498 νόων
3029 445 3408 515 ὲπανάγεσθαι
3443 447 3684 516 μάθησιν.

2116 539 2281 592 Οὐδὲν
2307 539 2363 591 δὲ
2392 535 2575 612 ἦττον,
2599 541 2646 590 εἰ
2675 537 2749 608 μὴ
2776 537 2872 620 καὶ
2897 535 3099 606 μᾶλλον
3127 537 3236 590 τῶν
3261 538 3599 608 εἰρημένων,
3616 541 3686 594 ὃτι

2120 629 2242 700 μηδ’
2275 629 2527 698 ἀγγέλοις
2543 629 2670 692 τοὺς
2683 627 2882 697 νόμους
2904 627 3015 696 (42)
3029 628 3304 697 εἰσφέρειν
3322 627 3575 697 ἔμελλεν,
3586 629 3686 681 ἀλλ’

2118 721 2440 792 ἀνθρώποις,
2477 717 2558 783 οἷς
2585 716 2654 791 ἦν
2697 721 2792 774 καὶ
2838 721 2871 790 ἡ
2910 720 3144 788 γένεσις,
3198 722 3294 777 καὶ
3326 721 3362 790 ὴ
3398 721 3464 773 ὲκ
3496 719 3588 772 τοῦ
3619 722 3683 792 μὴ

2117 813 2269 875 ὄντος
2294 813 2373 874 είς
2399 812 2460 864 τὸ
2483 809 2624 865 εἶναι
2644 810 2890 880 πρόοδος.
2915 811 3025 865 Καὶ
3045 812 3075 864 ό
3099 811 3500 882 Γενεσιουργὸς
3525 812 3678 879 ἀνατο

2119 907 2246 958 καῖα
2279 904 2595 974 μαθήματα,
2625 904 2718 956 καὶ
2745 904 2806 956 τὸ
2834 905 3105 973 χρήσιμον
3133 904 3520 975 παρεχόμενα,
3538 904 3684 974 οὐρα-

2129 995 2223 1062 νοῦ
2247 995 2430 1066 μέντοι
2469 996 2565 1048 καὶ
2599 994 2724 1062 γῆς,
2765 995 2864 1046 κα)⁸
2897 994 3006 1046 τῶν
3024 993 3198 1057 ἀλλων
3215 993 3436 1060 εἰσάγει
3462 993 3682 1060 γένεσιν,

2119 1078 2201 1140 ὅτι
2244 1086 2418 1138 ταῦτά
2438 1102 2498 1138 τε
2535 1087 2642 1156 πρὸ
2658 1085 2759 1154 τῆς
2779 1083 2876 1137 τοῦ
2903 1084 3190 1155 ἀνθρώπου
3217 1083 3335 1154 (43)
3361 1083 3554 1151 θυσίας
3599 1085 3686 1136 ὑπ-

2123 1182 2274 1250 έστη,
2293 1179 2387 1231 καὶ
2403 1180 2486 1231 ὅτι
2505 1179 2563 1232 ἐν
2585 1179 2770 1240 αὐτοῖς
2786 1176 2882 1246 τὴν
2905 1176 3118 1230 δίαιταν
3134 1179 3162 1228 ὁ
3177 1175 3271 1229 ἀνθ
3279 1191 3471 1245 ρωπος
3489 1175 3687 1244 ἔμελλεν

2122 1269 2285 1339 ἒχειν,
2329 1267 2425 1321 καὶ
2447 1267 2580 1320 διότι
2627 1266 2726 1329 τὰς
2763 1264 2903 1318 κατά
2920 1265 3019 1334 τὴν
3057 1264 3312 1333 αἴσθησιν
3345 1262 3517 1325 ἄλλας
3539 1265 3686 1331 ἀναγ-

2124 1362 2288 1424 καίας
2314 1359 2503 1431 χρείας
2531 1360 2646 1422 τοῖς
2679 1356 3156 1428 νομοθετουμένοις
3190 1354 3392 1424 ἔμελλε
3424 1353 3689 1424 παρέχειν,

2122 1452 2258 1506 Θεοῦ
2292 1452 2388 1522 μὲν
2416 1451 2526 1521 γὰρ
2557 1448 2752 1503 ὁποίαν
2777 1448 2978 1519 δήποτε
3008 1448 3129 1510 ταῖς
3166 1447 3395 1516 ψυχαῖς,
3430 1445 3480 1497 εἰ
3511 1445 3601 1498 καὶ
3625 1447 3687 1514 μὴ

2128 1543 2259 1614 πρὸς
2283 1535 2684 1613 τὴν-ἀκρίϐειαν
2711 1537 3042 1609 ἀνηγμένην,
3069 1538 3215 1607 ὅμως
3237 1535 3455 1592 ἔννοιάν
3477 1550 3590 1589 τινα
3608 1525 3690 1589 καὶ

2126 1635 2424 1704 φαντασίαν
2447 1630 2610 1704 εἴχονο
2635 1632 2881 1701 ἀγγέλων
2903 1631 2961 1685 δὲ
2974 1631 3245 1700 οὐδαμῶς
3276 1631 3420 1684 ὅπου
3447 1646 3511 1698 γε
3539 1627 3625 1682 καὶ
3639 1628 3689 1679 τὺ

454 1722 794 1790 ferebantur,
844 1725 1194 1793 suppeditare
1241 1725 1493 1779 volebat-
1535 1725 1629 1780 Dei
1673 1728 1817 1782 enim
1877 1727 2020 1782 noti-

2133 1724 2496 1779 Σαδδουκαίων
2513 1723 2650 1795 μετά
2673 1721 2872 1785 πολλὰς
2891 1722 3081 1790 γενεάς
3107 1721 3259 1784 ἔθνος
3278 1719 3420 1773 Θεὸν
3445 1719 3542 1788 μὲν
3572 1720 3686 1789 6pc-

457 1815 616 1876 tiam,
667 1816 713 1868 si
772 1829 881 1868 non
933 1824 1269 1882 accuratam,
1337 1818 1532 1872 saltem
1594 1819 2030 1889 qualemcunque

456 1907 657 1964 animis
709 1908 932 1962 infixam
976 1907 1268 1974 habebant,
1331 1910 1648 1983 angelorum
1699 1927 1829 1967 vero
1879 1913 2027 1966 illam

459 2000 682 2054 minime
717 2001 1008 2056 omnium:
1048 1999 1517 2069 quemadmodum
1558 2004 1721 2058 etiam
1771 2003 2030 2059 Saducaz-

457 2105 616 2143 orum
637 2099 780 2145 secta
803 2092 990 2146 multis
1007 2093 1223 2148 saeculis
1243 2105 1367 2164 post
1385 2089 1552 2149 Deum
1571 2094 1790 2164 quidem
1813 2094 2032 2162 protite-

380 2175 385 2179 ’
459 2179 959 2248 batur,angelorum
981 2189 1036 2236 et
1058 2182 1344 2252 spirituum
1364 2184 1582 2238 nomina
1598 2183 1893 2238 necaudire
1909 2199 2032 2239 sus-

462 2269 706 2324 tinebant
723 2271 790 2326 "°.
815 2271 970 2338 Quod
989 2288 1117 2328 vero
1142 2274 1341 2351 Moses,
1361 2275 1452 2345 qui
1489 2274 1655 2328 Deum
1686 2275 1843 2340 vidit,
1878 2289 2030 2328 men-

460 2361 595 2433 tium
629 2361 1733 2431 incorporearum«conmemorationem
1809 2375 2032 2435 propter

460 2453 882 2528 imbecillitatem
908 2455 1148 2523 illorum,
1179 2457 1272 2526 qui
1311 2472 1430 2511 eam
1462 2457 1700 2511 audituri
1718 2465 1894 2522 erant,
1931 2456 2033 2511 sub

460 2542 956 2611 initiumomiserit,
996 2561 1063 2600 ex
1091 2563 1156 2601 co
1171 2549 1517 2602 manifestum
1541 2557 1645 2612 est,
1677 2548 1820 2617 quod
1843 2548 1894 2601 in
1927 2546 2032 2602 line

458 2628 681 2698 reliqua:
704 2631 972 2694 historiae,
991 2643 1047 2688 et
1093 2643 1218 2702 post
1237 2636 1339 2688 alia
1370 2637 1540 2689 multa
1603 2637 1852 2705 recitata,
1881 2651 2032 2690 men-

460 2721 660 2776 tionem
679 2737 869 2778 eorum
887 2723 1035 2789 fecit,
1057 2727 1311 2796 quamvis
1330 2744 1398 2783 ne
1413 2711 1773 2800 tuncquidem
1795 2729 2032 2782 creatio-

460 2828 584 2866 nem
609 2813 846 2878 illorum,
863 2818 955 2872 sed
974 2818 1215 2872 laetitiam
1229 2819 1489 2874 caelorum
1503 2829 1556 2874 et
1569 2811 1883 2890 angelorum
1901 2821 2032 2875 ado-

459 2902 728 2959 rationem
761 2910 1234 2975 commemoravit.
1271 2928 1288 2960 ι
1321 2909 1626 2974 Lmtamini,
1677 2911 1872 2980 inquit,
1906 2926 2029 2966 cum

463 2991 814 3064 illo-,emli,et
853 3001 1082 3055 adorent
1115 3016 1240 3055 eum
1271 3016 1464 3056 omnes
1485 3002 1659 3071 angeli
1689 3000 1782 3055 Dei
1808 3002 1875 3056 ⁸¹.
1901 3020 1920 3052 ›
1943 3003 2038 3080 Si-_

2129 1818 2308 1888 λογετν
2333 1817 2570 1888 ἐφρόνει,
2600 1817 2864 1886 ἀγγέλους
2884 1815 2943 1868 δὲ
2977 1816 3070 1868 καὶ
3096 1815 3390 1882 πνεύματα
3421 1813 3541 1867 οὐδὲ
3571 1801 3687 1883 ἀκοῇ

2131 1909 2530 1980 παραδέχεσθαι
2554 1908 2778 1962 ἀνεκτὸν
2822 1906 3056 1979 ἡγοῦντο
3092 1906 3236 1963 .Ὄτι
3263 1905 3322 1958 δὲ
3337 1905 3409 1958 δι’
3433 1904 3695 1958 ἀσθένειαν-

2130 2002 2238 2055 τῶν
2262 2001 2566 2072 δεχομένων
2595 2003 2630 2072 ἡ
2657 1999 2766 2054 τῶν
2792 1998 3096 2069 ἀσωμάτων
3149 1996 3289 2052 νόων
3321 1996 3596 2066 διήγησις
3619 1995 3688 2064 τῷ
3781 2001 3786 2005 λ

2132 2094 2331 2165 θεόπτῃ
2379 2093 2502 2147 κατ’
2557 2093 2734 2164 ἀρχὰς
2781 2091 3198 2163 παραλέληπται
3231 2087 3472 2153 ’Μωσεϊ,
3531 2086 3684 2156 δῆλον,

2133 2164 2190 2252 ἐξ
2221 2178 2295 2238 ὧν
2321 2164 2412 2237 ἐπὶ
2439 2183 2581 2237 τέλει
2609 2186 2708 2255 τῆς
2735 2183 2900 2254 ἄλλης
2941 2181 3200 2254 ἱστορίας,
3232 2181 3331 2234 καὶ
3363 2175 3473 2233 τῶν
3496 2176 3682 2232 πολλῶν

2131 2263 2303 2346 λόγων
2353 2278 2434 2340 είς
2465 2277 2685 2348 μνήμην
2743 2277 2921 2330 αὐτῶν
2952 2273 3244 2345 περιῆλθεν
3269 2313 3285 2338 ,
3347 2273 3398 2325 εἰ
3437 2271 3531 2324 καὶ
3563 2269 3680 2339 μηδὲ

2131 2369 2252 2422 τότε
2295 2369 2512 2438 γένεσιν
2545 2369 2801 2437 εἰσάγων,
2851 2366 2978 2423 ἀλλ’
3026 2365 3371 2436 εὐφροσύνην
3404 2363 3499 2432 μὲν
3543 2363 3682 2428 οὐρα-

2133 2459 2258 2525 νῶν,
2290 2457 2661 2530 προσκύνησιν
2696 2458 2753 2512 δὲ
2806 2443 3073 2526 ἀγγέλων,
3133 2475 3152 2506 ι
3202 2450 3685 2524 Ἐυφρέινθητε,λέ-

2132 2565 2294 2618 γωνι·
2319 2551 2558 2621 οὐρανοὶ,
2603 2551 2720 2620 ἅμα
2780 2549 2930 2619 αὐτῷ
2957 2588 2972 2613 ,
3026 2547 3121 2601 καὶ
3173 2544 3684 2616 προσκυνησάτωσαν

2134 2641 2281 2711 αὑτῷ
2312 2641 2511 2705 πάντες
2547 2641 2766 2710 ἄγγελοι
2795 2639 2954 2695 Θεοῦ.
2990 2639 3087 2693 »Ὀ
3122 2637 3306 2708 μέντοι
3335 2652 3400 2704 γε
3433 2631 3684 2700 θεοπάτωρ

2136 2731 2245 2802 (44)
2275 2732 2440 2785 Δα6“ιδ
2467 2732 2636 2803 πυρός
2680 2749 2739 2785 τε
2774 2731 2951 2785 αὐτῶν
2980 2731 3200 2785 ἀνεῖπεν
3226 2728 3331 2798 τὴν
3381 2726 3580 2783 οὐσίαν,
3604 2723 3682 2776 καὶ

2135 2825 2461 2895 δημιουργὸν
2487 2826 2772 2896 ὑπάρχειν,
2795 2824 2853 2892 ὃς
2891 2823 3101 2902 καὶτῆς
3128 2821 3296 2891 ἄλλης
3329 2820 3449 2873 ἐστὶ
3487 2817 3684 2902 κτίσεως

2134 2915 2356 2985 ἀπάσης
2419 2916 2511 2968 καὶ
2545 2914 2963 2982 ἐπιγινώσκεται
2989 2899 3343 2982 δημιουργός.
3404 2908 3461 2961 ⁸0
3503 2905 3592 2976 μὲν
3608 2899 3683 2955 οὖν

2136 3007 2327 3077 καιρὸς
2363 3006 2491 3077 περὶ
2525 3005 2632 3059 τῶν
2657 3004 2903 3074 ἀγγέλων
2938 3001 3162 3056 τοιαῦτα
3212 2999 3488 3070 παρέσχεν
3516 2995 3682 3046 εἰπεῖν.

464 3086 666 3141 militer
679 3087 986 3156 David,.Dei
1021 3092 1489 3163 pater,etigneam
1509 3106 1698 3148 eorum
1723 3093 2018 3148 essentiam
2034 3105 2448 3161 commemorat,
2478 3106 2531 3151 et
2547 3097 2884 3151 conditorem
2903 3109 3090 3149 eorum
3118 3091 3355 3162 appellat
3377 3090 3454 3153 θ’,
3471 3088 3555 3159 qui
3583 3083 3686 3140 reli-

467 3192 704 3245 quarum
721 3196 906 3236 rerum
925 3185 1166 3240 omnium
1189 3184 1465 3262 auctorsit
1493 3193 1546 3238 et
1568 3192 1917 3252 agnoscatur.
1954 3185 2132 3254 Atque
2163 3187 2276 3241 haec
2303 3187 2519 3256 quidem
2551 3188 2650 3241 hac
2688 3184 2980 3256 occasione
3004 3183 3071 3237 de
3088 3181 3300 3252 angelis
3329 3178 3515 3234 afferre
3543 3171 3682 3229 licuit.

539 3269 694 3334 Quod
726 3287 855 3327 vero
890 3274 955 3328 ad
987 3275 1118 3328 illud
1151 3276 1641 3360 dictumspectat:
1679 3296 1696 3328 ι
1731 3275 1847 3331 Hoc
1893 3276 2034 3330 enim

2215 3279 2289 3331 Τὸ
2315 3278 2422 3344 δὲ,‹
2463 3268 2633 3330 Τοῦτο
2661 3277 2770 3348 γὰρ
2796 3275 2984 3338 ποιῶν,
3018 3273 3297 3345 ἄνθρακας
3320 3270 3486 3342 πυρὸς
3514 3265 3684 3357 stupefi-

470 3359 702 3427 faciens,
733 3364 999 3418 carbones
1029 3364 1170 3434 ignis
1203 3359 1466 3434 congeres
1497 3365 1551 3419 in
1585 3375 1752 3436 caput
1792 3367 1912 3435 ejus
1937 3365 2037 3433 ⁸³,ι

472 3453 615 3506 idem
650 3453 782 3507 illud
816 3465 900 3509 est
925 3469 991 3508 ac
1022 3456 1333 3511 sidixcris:
1364 3456 1734 3514 Coacervabis
1753 3460 2044 3526 carbones,

473 3555 637 3613 caput
685 3546 806 3615 ejus
861 3540 1220 3615 depasccntes
1292 3559 1344 3604 et
1400 3562 1813 3606 consumentes.
1869 3550 2046 3607 Citius

473 3637 618 3690 enim
665 3638 796 3692 illud
828 3652 1235 3708 consumerent,
1273 3643 1380 3696 nisi
1427 3651 1642 3697 mature
1691 3643 1812 3699 illos
1859 3643 1927 3698 ab
1981 3659 2047 3698 eo

477 3743 780 3792 removeas,
812 3741 865 3786 et
899 3747 930 3785 a
962 3742 1184 3801 repente
1217 3749 1282 3789 ac
1326 3728 1684 3794 consumente
1734 3735 1854 3789 labe
1914 3735 2046 3789 illud

477 3821 697 3889 liberes.
726 3820 918 3879 Nonne
975 3822 1126 3890 vero,
1161 3826 1234 3879 ita
1287 3827 1332 3882 si
1372 3826 1573 3896 egeris,
1633 3811 1875 3899 optimus
1921 3843 2049 3898 pro-

2147 3387 2260 3433 σεις
2282 3369 2374 3422 ἐπὶ
2403 3368 2500 3441 τὴν
2547 3368 2785 3439 κεφαλὴν
2814 3366 3004 3439 αὐτοῦ,
3048 3385 3068 3418 ι
3125 3365 3246 3419 ἀντὶ
3309 3363 3424 3429 τοῦ,
3475 3361 3686 3413 Ἑπισυν-

2146 3459 2293 3526 άξεις
2318 3460 2444 3529 τοὺς
2486 3457 3148 3530 κατανεμομένουςναῦτοῦ
3188 3456 3284 3509 καὶ
3311 3452 3687 3522 διαφθείροντας,

2147 3555 2245 3620 τὴν
2272 3552 2511 3622 κεφαλὴν
2563 3551 2858 3622 ἄνθρακας.
2896 3549 3006 3604 Καὶ
3037 3548 3144 3619 γὰρ
3173 3543 3369 3601 θᾶττον
3425 3544 3487 3597 ἂν
3523 3538 3682 3606 ,αὐτὴν

2149 3623 2548 3712 διεργάσαιντο,
2572 3643 2618 3694 εί
2647 3642 2723 3712 μὴ
2746 3640 2936 3693 θᾶττον
2962 3639 3161 3709 αὐτοὺς
3188 3639 3250 3691 σὺ
3276 3635 3473 3706 ταιξτης
3502 3633 3684 3684 ἀποσω-

2151 3735 2349 3808 ρεύσῃς
2393 3736 2485 3788 καὶ
2513 3733 2828 3804 ἀπαλλάξῃς
2856 3731 2951 3808 του
2979 3715 3239 3801 ἕρποντος
3274 3728 3371 3782 καὶ
3404 3719 3678 3780 κατεσθίον-

2147 3845 2238 3890 τος
2272 3827 2442 3896 αὐτὴν
2472 3827 2696 3887 πάθους.
2736 3823 2858 3888 Πῶς
2909 3821 2964 3876 δ’
2995 3822 3093 3875 οὐκ
3122 3821 3188 3874 ἂν
3239 3819 3460 3888 ὀφθείης
3502 3814 3683 3884 ἄριστος

477 3914 608 3968 ximi
672 3915 762 3969 tibi
801 3917 1047 3987 medicus
1095 3918 1416 3976 videberis?
1454 3920 1511 3975 Si
1564 3921 1709 3976 enim
1773 3936 1961 3975 mensa
1995 3933 2034 3975 el

2148 3921 2318 3984 οὕτως
2366 3921 2620 3992 πράττων
2641 3918 2734 3972 τοῦ
2776 3917 3005 3989 πλησίον
3049 3913 3229 3984 ἱατρός
3264 3907 3554 3983 ;Ἰ²ραπέζῃ
3597 3901 3682 3970 γὰρ

477 4009 730 4063 convictu
760 4008 933 4065 hostis
968 4020 1096 4067 tuus
1117 4028 1146 4066 a
1182 4021 1232 4067 te
1263 4012 1591 4080 excipiatur,
1631 4013 1910 4082 quomodo
1936 4012 2028 4064 lier

2151 4012 2244 4064 καὶ
2298 4009 2584 4081 φιλοτησία
2622 4009 2774 4080 παρὰ
2825 4007 2917 4060 σοῦ
2970 4004 3315 4074 δεξιούμενος
3352 4004 3379 4055 ὁ
3427 3993 3682 4068 ὲχθρδςοεί

478 4109 680 4168 potest,
727 4110 809 4165 ut,
844 4103 890 4157 si
925 4119 1032 4158 non
1091 4105 1161 4159 ob
1211 4103 1339 4160 boni
1397 4106 1728 4175 virtutisque
1784 4105 2034 4160 studimn

2155 4103 2251 4157 καὶ
2297 4103 2372 4173 μὴ
2417 4101 2552 4154 διότι
2592 4099 2902 4169 φιλόκαλος,
2957 4098 3053 4150 καὶ
3099 4096 3197 4166 τῆς
3225 4093 3425 4164 ἀρετῆς
3468 4086 3681 4175 ἐραστὴς,

479 4193 671 4247 saltem
735 4204 955 4265 propter
985 4237 1001 4263 ,
1053 4197 1276 4253 delicias
1339 4196 1538 4266 quibus
1583 4197 1724 4266 apud
1759 4205 1810 4251 te
1852 4196 2053 4250 fruitur

480 4285 724 4339 animum
797 4301 955 4342 suum
1009 4288 1077 4342 ab
1143 4287 1427 4344 inimicitia
1499 4295 1756 4354 revocet,
1811 4287 1879 4341 ab
1958 4287 2053 4339 in-

479 4375 636 4430 sidiis
660 4391 787 4431 vero
822 4376 1083 4435 faciendis
1125 4373 1416 4445 abstineat,
1476 4379 1788 4447 mentisque
1841 4375 2053 4432 sobrie-

2153 4195 2264 4249 ἀλλ’
2286 4191 2380 4248 οὖν
2412 4211 2474 4262 γε
2499 4192 2586 4246 διὰ
2612 4192 2710 4260 τὴν
2739 4189 3056 4253 εὐπάθειαν,
3083 4181 3150 4258 ἦς
3172 4186 3324 4251 παρά
3353 4182 3442 4237 σοῦ
3465 4174 3682 4249 τὴνάπό-

2153 4287 2342 4340 λαυσιν
2371 4284 2506 4355 ἔχει,
2541 4283 2659 4344 πῶς
2691 4283 2790 4336 οὐκ
2828 4280 2894 4334 ἃν
2949 4280 3210 4348 ἐκστῆναι
3256 4277 3357 4347 μὲν
3401 4272 3494 4341 τῆς
3521 4267 3680 4338 ἔχθρας

2153 4377 2409 4447 λογισμὸν
2438 4372 2718 4436 ἀναλάϐοι,
2754 4369 3010 4440 ἐκστῆναι
3037 4368 3094 4421 δὲ
3120 4364 3431 4431 διανασταίη
3463 4358 3554 4428 τῆς
3586 4356 3682 4447 ἐπι·

483 4475 594 4520 tate
626 4478 864 4539 recepta,
889 4471 1140 4527 ﬂammas
1177 4482 1231 4527 et
1263 4465 1421 4535 iram,
1457 4487 1594 4542 quas
1625 4469 1918 4524 inimicitia
1957 4485 2034 4523 ex-

2157 4444 2504 4540 ϐουληςςκαὶ
2549 4463 2826 4534 ἀνανήψας
2879 4463 3006 4524 τοὺς
3038 4459 3333 4529 λογισμοὺς
3382 4455 3472 4508 καὶ
3513 4448 3598 4516 τὴν
3632 4444 3681 4542 ἑν

481 4559 767 4628 citaverat,
828 4563 880 4617 in
913 4565 1155 4635 placidos
1213 4574 1642 4635 mansuetosque
1701 4578 1882 4618 mores
1920 4578 2034 4616 con-

2159 4534 2340 4624 αὐτοίς
2373 4557 2628 4628 πύρωσίν.
2655 4574 2714 4609 τε
2759 4555 2852 4608 καὶ
2908 4553 3236 4623 φλεγμονὴν,
3278 4551 3344 4621 ἠν
3378 4534 3680 4612 ἀνέφλεγενή

485 4661 680 4719 vertat,
720 4665 883 4723 atque
917 4657 1052 4715 adeo
1075 4657 1280 4712 sensim
1311 4672 1378 4712 co
1411 4655 1738 4717 adducatur,
1780 4663 1840 4708 ut
1870 4669 2034 4707 amari

2133 4652 2352 4723 ’ἔχθρα,
2393 4651 2529 4721 πρὸς
2559 4648 2621 4701 τὸ
2669 4645 3030 4718 μαραίνεσθαι
3069 4643 3163 4696 καὶ
3203 4637 3523 4713 πραῢνεσθαι
3547 4642 3677 4723 μετα·

483 4747 661 4800 discat
687 4747 1113 4812 benefactorem,
1170 4747 1411 4804 benefica
1453 4758 1507 4804 et
1542 4748 1718 4803 amica
1767 4761 1934 4800 manu
1989 4761 2034 4799 ε(

2155 4714 2361 4808 ’δ’ἀλίυν,
2391 4714 2530 4810 κατά
2562 4714 2763 4810 μικρὸν.
2785 4737 2876 4790 ἐπὶ
2908 4734 2967 4788 τδ
2992 4733 3191 4788 εἰδέναι
3235 4734 3331 4786 καὶ
3360 4729 3581 4818 στέργειν
3610 4714 3680 4818 τὸν

483 4851 645 4902 usus,
691 4848 750 4892 ut
797 4841 1144 4896 acerbitatem
1173 4858 1237 4897 ex
1270 4843 1396 4895 odio
1455 4851 1643 4896 natam
1687 4839 1922 4904 molliat,
1977 4837 2034 4892 sil

2163 4834 2454 4904 εὐεργέτην
2497 4825 2934 4901 χειραγωγηθείη
2986 4825 3073 4878 διά
3119 4825 3216 4894 τῆς
3266 4813 3580 4892 εὐεργέτιδος
3608 4813 3678 4904 λαὶ

491 4930 881 5000 inultatcmque
907 4933 1167 4988 adversus
1223 4933 1647 5000 benefactorcm,
1688 4948 1810 5001 quae
1859 4945 1913 4985 ct
1945 4928 2034 4983 ani

2166 4898 2595 4997 φιλοφρονοὺσης
2618 4921 2796 4987 δεξιᾶς
2828 4922 3008 4972 πᾶσαν
3043 4917 3140 4988 τὴν
3170 4915 3264 4997 του
3298 4915 3480 5012 μίσους⁸
3505 4898 3679 5012 διαγλυζ

491 5034 642 5072 mum
675 5019 816 5090 ejus,
849 5031 901 5077 et
927 5040 1146 5095 corpus,
1173 5034 1227 5079 et
1267 5034 1431 5095 caput
1479 5023 1747 5095 depascit,
1804 5023 1858 5077 in
1891 5021 2034 5090 pudo

2169 5019 2338 5081 κάνας
2397 5014 2643 5087 πικρίαν,
2681 5015 2774 5067 καὶ
2812 5013 2911 5082 τὴν
2935 5009 3152 5080 ψυχὴν,
3184 5009 3280 5062 καὶ
3321 5007 3378 5060 τδ
3418 5003 3572 5069 σῶμα,
3602 5003 3674 5041 κκε

564 5134 612 5164 ⁸⁰
637 5133 826 5192 Matth.
869 5112 1112 5206 xxm,8.
1188 5141 1231 5172 ⁸¹
1275 5139 1436 5194 Deut.
1474 5137 1762 5203 xum-4'5.
1843 5135 1886 5168 ⁸³
1917 5135 2034 5192 Psal

2133 5149 2198 5195 tv,
2230 5135 2282 5188 4.
2362 5136 2521 5189 ιιωη.
2547 5146 2643 5197 xu,
2673 5129 2764 5184 ΞΟ.

2003 5251 2234 5309 NOTAE.

2177 5365 2269 5419 νοῦ
2301 5364 2476 5429 magis
2509 5360 2784 5415 videretur
2802 5352 3274 5429 accon_inioclat_a._
3452 5407 3527 5429 ad,

2248 5404 2496 5504 ἱάῖῒῧξε
2519 5404 2772 5504 Mihin
2802 5404 3090 5504 ῧῖιιῖδῗῦἱ»
3107 5404 3418 5504 ..C'.'}‘i$":'.'.‘
3433 5404 3671 5504 Pififﬁﬁf'f;

2180 5481 2775 5568 mil'éi'fain'i’l'iﬁjus
2806 5505 3012 5568 natum.
3055 5492 3309 5568 tribuitur
3353 5481 3674 5568 tlhrystistomo

2179 5586 2231 5631 et
2262 5560 2402 5640 aliis,
2447 5560 2859 5643 quorum'locos
2890 5565 3057 5620 habes
3093 5561 3237 5631 apud
3269 5560 3544 5614 Suiccrullh

568 5371 680 5448 (ig)
705 5373 854 5448 (ξοην.
888 5387 986 5443 pro
1024 5375 1135 5434 τοῖς
1162 5370 1368 5448 νᾴμοιςε
1521 5434 1547 5446 _
1906 5445 1915 5448 _
1988 5437 2000 5448 .

577 5437 689 5513 (45)
720 5443 864 5498 Idem
890 5437 1271 5513 ᾖποίποιητὴς-
1316 5437 1572 5513 οιῦρανοῦ,
1627 5451 1771 5513 quae.
1799 5437 2071 5513 posterior

505 5505 610 5567 vnit
643 5505 707 5566 (ἐκ
736 5505 1058 5586 compendio
1088 5505 1402 5578 scriptionis
1445 5507 1596 5586 ἄνου,
1629 5506 1679 5586 i_d
1723 5514 1828 5586 est,
1857 5505 2074 5586 ἀνθρῴι

505 5600 634 5640 που,
667 5592 793 5635 nata
821 5574 926 5645 est,
955 5582 1020 5635 ad
1053 5574 1217 5646 quani
1257 5592 1417 5630 voces
1443 5574 1548 5645 πρὸ
1592 5579 1690 5646 τῆς
1735 5575 1788 5627 in
1842 5574 2070 5642 ποιητὴς

499 5661 714 5706 mutata
749 5652 867 5708 ideo
897 5669 927 5706 a
957 5645 1185 5706 librario
1239 5648 1476 5715 videtur,
1523 5645 1666 5716 quod
1730 5646 1846 5701 voci
1903 5646 2069 5716 obpa-
