3820 6212
120 254 216 317 505

964 244 1064 301 AD
1088 226 1683 303 AMPHILOCHIUM
1724 244 2070 329 QUAESTIO
2089 247 2335 307 .LXXX.

3244 255 3349 322 506

114 372 207 435 τὴν
254 362 495 433 κεφαλὴν
537 359 675 413 κατα
717 359 813 412 τοῦ
870 356 1156 425 εὐεργέτου
1217 357 1545 428 δυσμένειαν
1591 360 1671 421 εἰς

1776 374 1889 412 rem
1921 359 2218 429 quemdam
2251 371 2301 413 et
2343 375 2584 415 amorem
2613 373 2895 420 convertat
2922 366 2946 419 ’ἒ
2999 356 3230 432 Quodsi
3259 378 3345 423 ta-

115 456 237 511 αἰδὼ
278 454 665 521 διαλυσάμενος
690 450 783 502 καὶ
810 450 1076 519 στοργήν;
1110 450 1170 501 Εἰ
1194 448 1250 503 δέ
1280 466 1344 517 γε
1389 449 1532 519 μετὰ
1573 449 1671 520 τὴν

114 545 367 613 τοσαύτην
395 540 733 610 εὐεργεσίαν,
761 539 826 590 δι’
857 534 924 610 ἦς
964 538 1025 590 τὸ
1047 539 1142 607 τῆς
1169 538 1502 618 ᾁγαοότητος
1530 539 1669 604 ἐξει-

114 637 373 699 κονίζεται
404 631 618 694 κάλλος,
642 629 792 681 οὐδὲν
815 629 951 698 πρὸς
989 628 1051 681 τὸ
1085 627 1312 696 βέλτιον,
1340 626 1368 676 ὁ
1394 626 1472 697 τῷ
1492 626 1671 694 φθόνῳ

114 730 199 783 τοῦ
241 727 464 794 πλησίον
501 723 594 776 καὶ
618 722 695 791 τῷ
728 722 873 791 μίσει
904 721 1131 789 κάτοχος
1151 757 1167 783 ,
1195 718 1315 771 οὐδὲ
1339 719 1477 789 πρὸς
1504 735 1670 788 μετα-

115 822 261 890 ϐολὴν
286 821 380 871 καὶ⁵
418 814 699 886 διόρθωσιν
728 811 1014 881 ἐπιϐλέψαι
1059 809 1320 879 βούλοιτο,
1361 809 1547 880 θηρίον
1571 809 1671 879 μὲν

114 914 173 967 ἂν
203 915 227 963 ὁ
247 906 488 969 τοιοῦτος
515 906 609 959 καὶ
630 904 729 956 οὐκ
767 902 1049 970 ἄνθρωπος
1071 901 1180 971 εἴη,
1228 902 1323 954 καὶ
1357 902 1584 956 σπάνιον
1614 904 1671 955 ἐν

115 1000 416 1072 ἀνθρωπίνῃ
443 997 603 1067 φύσει
625 995 685 1048 τὸ
710 995 947 1047 τοιοῦτον
979 991 1167 1045 κακόν.
1202 991 1274 1044 Σὺ
1305 989 1361 1043 δὲ.
1390 990 1545 1081 οὐδὲν,
1572 991 1672 1059 μὲν

113 1096 261 1167 ἦττον
285 1094 407 1146 οὐδὲ
441 1092 552 1159 (45)
590 1089 733 1160 μετὰ
760 1081 858 1157 τὴν
901 1086 1170 1156 τοσαύτην
1217 1086 1497 1151 ἀπόνοιαν,
1539 1085 1670 1138 ἀλλὰ

113 1192 198 1243 καὶ
227 1186 423 1256 μᾶλλον
454 1184 578 1245 τούς
611 1177 1087 1248 κατανεμομένους
1111 1177 1276 1231 αὐτοῦ
1306 1177 1403 1249 τὴν
1429 1177 1671 1249 κεφαλὴν

112 1282 371 1350 ἄνθρακας
396 1280 533 1347 τῇγε
568 1276 635 1343 σῇ
656 1272 882 1343 προνοίᾳ
912 1270 1185 1340 σωρεύων,
1214 1270 1313 1339 τὴν
1339 1269 1670 1339 Δεσποτικὴν

112 1376 169 1427 ἂν
195 1376 305 1442 εἴης
339 1370 574 1441 μίμησιν
616 1369 738 1429 ταῖς
774 1364 1113 1435 εὐεργεσίαις
1148 1364 1498 1449 ἀναπληρῶν,
1525 1364 1671 1417 ἐκεῖ·

114 1484 193 1528 νος
222 1465 262 1517 δ’
305 1460 472 1515 αὐτοῦ
512 1459 572 1511 τὺ
617 1459 920 1528 ἁμάρτημα
970 1456 1154 1525 πάσης
1204 1454 1315 1525 (46)
1349 1454 1549 1518 ἀθλίως
1577 1456 1671 1508 ἐπὶ

113 1552 259 1609 πλέον
297 1554 447 1606 ὥσπε
457 1570 487 1622 ρ
510 1549 826 1622 εὐεργεσίας
856 1547 998 1600 οὕτω
1027 1549 1122 1600 καὶ
1146 1545 1475 1618 συγγνώμης
1501 1546 1669 1611 ἔδειξε

114 1647 486 1716 δυνατώτερον.
548 1644 611 1696 Εἰ
660 1641 716 1693 δέ
759 1658 844 1703 τις
890 1640 951 1692 τό
986 1657 999 1670 ·
1032 1657 1052 1691 ι
1106 1640 1420 1710 ’Λνορακας
1500 1640 1672 1709 πυρὸς

1780 465 1901 502 men
1926 460 2049 518 post
2072 458 2278 503 tantam
2311 450 2747 520 beneﬁcentiam,
2780 471 2875 525 per
2900 473 3063 533 quam
3098 458 3349 528 benigni‘

1779 541 1906 598 tatis
1934 541 2289 609 pulchritudo
2321 554 2770 611 reprzesentatur,
2806 548 2995 613 homo,
3046 550 3265 605 invidia!
3294 560 3350 605 et

1777 630 1903 685 odio
1932 630 1989 683 in
2022 631 2331 699 proximum
2354 634 2457 688 sibi
2493 635 2785 714 obnoxius,
2817 652 2918 691 ncc
2945 638 3351 713 meliorredda-

1780 729 1889 784 tur,
1920 735 2017 774 nec
2046 722 2113 774 ad
2166 724 2522 779 mutationem
2569 742 2897 796 morumque
2949 730 3344 783 correctionem

1778 813 2047 882 respicere
2098 814 2260 875 velit;
2330 815 2419 871 ille
2473 812 2691 886 quidem
2748 818 2860 873 fera
2913 820 3085 874 bestia
3140 820 3344 889 potius,

1776 918 1938 972 quam
1990 904 2155 958 homo
2217 904 2405 971 fuerit,
2438 909 2621 977 qualis
2664 920 2844 964 tamen
2904 910 3046 965 inter
3096 912 3349 966 homines

1778 995 2070 1060 rarissime
2129 998 2457 1059 inveniatur.
2487 999 2567 1054 Tu
2620 1012 2797 1055 autem
2850 1003 3215 1057 nihilominus
3265 1003 3349 1058 vel

1777 1085 1878 1148 sic,
1904 1088 2015 1141 imo
2062 1103 2191 1146 vero
2222 1090 2542 1161 diligentius
2586 1094 2873 1159 carbones,
2911 1104 3076 1163 caput
3105 1094 3226 1164 ejus
3251 1094 3349 1149 de-

1776 1188 2081 1246 pascentes,
2138 1182 2363 1248 provida
2414 1198 2545 1237 cura
2577 1165 2732 1252 “post
2781 1192 2990 1239 tantam
3050 1186 3348 1244 amentiam

1776 1283 2107 1325 coacervans
2152 1272 2429 1328 beneﬁciis
2465 1275 2595 1340 tuis,
2627 1275 2840 1331 Domini
2887 1280 3193 1347 exemplum
3224 1278 3351 1334 imi~

1778 1359 1982 1414 taberis
2012 1376 2027 1426 ;
2061 1361 2199 1415 alter
2235 1378 2367 1417 vero
2400 1366 2488 1418 ille
2531 1367 2801 1434 ostendet,
2852 1379 3134 1438 peccatum
3184 1386 3348 1424 suum

1777 1451 1918 1520 apud
1954 1467 2013 1505 se
2047 1453 2169 1521 plus
2199 1455 2398 1517 Valere,
2450 1474 2612 1527 quam
2646 1460 2826 1515 omnis
2876 1446 3350 1530 ejusmodibcne-

1778 1542 2015 1598 ﬁcientia
2044 1542 2297 1615 laetaque
2346 1546 2643 1603 liberaliter
2692 1554 2850 1605 venia
2886 1551 3098 1607 clﬁcere
3152 1538 3347 1622 possit.

1781 1631 1837 1687 Si
1876 1635 2007 1704 quis.
2040 1650 2199 1716 vero_
2226 1638 2390 1692 verba
2431 1639 2521 1693 illa
2556 1659 2570 1694 :
2626 1659 2644 1691 ι
2681 1640 2962 1697 Carbones
3008 1644 3151 1712 ignis
3213 1658 3350 1700 coua

112 1737 489 1809 ὲπισωρεύσεις
516 1736 608 1789 ἐπὶ
628 1736 725 1804 τὴν
749 1733 988 1803 κεφαλὴν
1013 1720 1202 1797 αὐτοῦ,
1239 1750 1257 1782 ι
1290 1732 1387 1784 καὶ
1415 1731 1559 1784 κατὰ
1579 1731 1673 1801 τὴν

1778 1740 1936 1793 geres
1979 1741 2145 1797 super
2194 1732 2539 1798 caputeius;
2576 1749 2594 1781 ι
2626 1731 2692 1785 de
2748 1716 2975 1800 proclivi
3028 1734 3081 1787 in
3117 1736 3347 1805 gratiam

114 1832 388 1901 πρόχειρον
440 1827 691 1897 ἐκδοχὴν,
723 1826 818 1891 καὶ
872 1825 998 1887 τοὺς
1047 1823 1283 1889 πολλοὺς
1332 1822 1676 1915 παρακαλοῦ-

116 1940 223 1983 σαν,
248 1922 326 1982 εἰς
363 1918 425 1971 τὸ
477 1917 556 1988 μὴ
586 1919 684 1986 τὴν
740 1915 940 1987 ἔχθραν
969 1914 1139 1985 ἔχθρᾳ.
1174 1915 1271 1967 καὶ
1309 1913 1488 1985 ἀμύνῃ
1514 1913 1677 1984 χαλε-

114 2006 348 2082 πωτέραν
396 2012 593 2074 ποιεῖν,
660 2008 875 2078 θελήσει
929 2009 1090 2070 νοεῖν,
1124 2006 1244 2059 οὐδὲ
1291 2005 1450 2059 τοῦτο
1492 2006 1559 2059 ἂν
1590 2007 1673 2075 εἴη

115 2100 403 2173 στοχασμοῦ
428 2089 437 2095 ’
463 2098 761 2161 διαπεσεῖν,
812 2097 900 2164 ὑφ’
931 2092 989 2151 οὗ
1032 2096 1532 2166 παρασκευάζεται.
1566 2093 1676 2149 Καὶ

115 2196 236 2268 πρὸς
268 2190 662 2258 συγκατάθεσιν
705 2188 885 2241 ἕλκειν
932 2187 1130 2258 μᾶλλον
1159 2187 1382 2241 δύναται
1411 2190 1444 2259 ἡ
1474 2200 1568 2241 τού
1600 2189 1674 2273 μὴ

115 2285 406 2355 ἀμύνασθαι
433 2279 779 2349 παραινοῦσα
808 2281 932 2343 τοὺς
959 2280 1187 2342 πολλοὺς
1228 2279 1418 2335 πειθώ.
1459 2281 1565 2349 [47)
1600 2281 1673 2332 Οὐ

116 2378 327 2430 παύεται
361 2375 493 2446 βέλη
534 2372 698 2426 κινῶν
728 2375 755 2424 ὁ
801 2372 978 2443 μάτην
1030 2372 1168 2424 κατὰ
1210 2370 1305 2425 σοῦ
1342 2371 1441 2443 τὴν
1476 2371 1674 2443 ἔχθραν

116 2466 365 2530 ὑπελθὼν,
413 2464 639 2532 ἄμεινον
692 2462 791 2532 μὲν
842 2462 908 2514 ἂν
962 2462 1069 2529 εἴη,
1106 2459 1199 2512 τὸν
1224 2459 1399 2513 κοινὸν
1432 2458 1675 2528 πλάστην

116 2558 199 2612 καὶ
239 2559 335 2627 τὴν
390 2556 677 2609 πλάσασαν
736 2552 912 2616 δεξιὰν
973 2552 1069 2605 καὶ
1132 2552 1233 2621 τὴν
1293 2550 1465 2621 αὐτὴν
1513 2550 1675 2618 φύσιν

116 2649 377 2703 ἐννοοῦντα
400 2649 624 2716 νικῆσαι
664 2646 886 2715 γνώμης
932 2643 1260 2714 χρηστότητι
1292 2643 1383 2695 τὸν
1415 2642 1675 2712 μισούμε-

116 2761 193 2794 νον
216 2760 228 2773 -
274 2742 405 2794 διότι
448 2740 693 2811 παράγει
720 2738 831 2809 (48)
856 2738 923 2790 δι’
956 2737 1158 2812 ἔχθρας
1200 2735 1261 2788 τὸ
1297 2735 1554 2805 ὁμοφυές.
1611 2738 1674 2788 Εἰ

115 2835 163 2887 δὲ
192 2832 281 2903 μὴ,
341 2831 525 2902 βούλει
578 2830 637 2884 δὲ
700 2828 891 2882 τοῦτον
940 2826 1280 2895 »ἀμύνασθαι
1348 2827 1442 2879 καὶ
1504 2826 1674 2895 λυπῆ-

117 2941 215 2987 σαι,
278 2924 370 2975 καὶ
419 2922 590 2993 μηδὲν
642 2923 701 2975 ἐν
764 2918 975 2983 τούτοις
1030 2919 1394 2990 διαμαρτεῖν·,
1431 2915 1671 2988 ψώμιζε,

115 3012 287 3076 πότιζε
345 3014 531 3065 αὐτόν.
581 3011 702 3073 Πῶς
738 3008 955 3076 καὶνδιὰ
974 3009 1065 3076 τίς
1109 3009 1214 3063 Τὸν
1252 3010 1432 3063 κοινὸν
1467 3010 1673 3062 Δεσπό-

1776 1819 2109 1887 receptione,
2142 1835 2267 1888 quae
2308 1822 2511 1879 multus
2555 1823 2855 1891 compellit,
2898 1834 2955 1878 ut
2997 1825 3347 1897 inimicitiam

1778 1908 2066 1963 inimicitia
2094 1920 2149 1963 et
2174 1910 2412 1965 vindicta
2444 1914 2751 1979 graviorem
2783 1930 2889 1967 non
2924 1917 3176 1983 reddant,
3204 1920 3351 1973 acci-

1738 2028 1741 2029 ν
1775 2015 1902 2069 pere
1952 2002 2128 2065 malit,
2165 2018 2265 2057 nec
2301 2004 2389 2057 ille
2419 2005 2649 2073 judicio,
2691 2022 2801 2075 quo
2830 2008 3023 2071 utitur,
3057 2011 3349 2066 admodum

1776 2092 2010 2148 l‘alletur.
2047 2094 2179 2160 Qua:
2212 2096 2361 2149 enim
2394 2096 2460 2149 ad
2489 2098 2785 2152 vindictam
2818 2102 3115 2157 cavendam
3151 2103 3352 2158 adhor-

1775 2179 1921 2240 tatur
1951 2188 2147 2251 oratio,
2184 2188 2273 2241 illa
2315 2188 2379 2243 ad
2412 2191 2829 2246 consensionem
2868 2193 3176 2249 animorum
3219 2206 3361 2251 con-'

1774 2279 2059 2334 ciliandam
2083 2280 2294 2349 egregie
2323 2280 2469 2335 facit.
2505 2280 2659 2347 Quod
2690 2284 2735 2338 si
2755 2283 2900 2337 enim
2934 2284 3007 2346 is,
3031 2286 3126 2354 qui
3157 2296 3353 2356 praeter

1774 2384 1890 2424 rem
1937 2371 2279 2425 inimicitiam
2332 2373 2599 2428 adversus
2650 2384 2702 2428 te
2734 2374 2899 2440 fovet,
2960 2378 3062 2431 tela
3128 2394 3351 2434 movere

1776 2477 1884 2515 non
1918 2462 2175 2528 desinat;
2207 2465 2527 2531 prmstitcrit
2582 2474 2787 2527 tamen.
2823 2482 3171 2523 communem
3202 2469 3352 2524 Cnn-
3421 2540 3428 2547 _

1775 2554 2031 2617 ditorem,
2090 2555 2470 2626 dextramque,
2553 2573 2675 2627 quae
2724 2568 3021 2630 utrumque
3072 2561 3348 2622 formavit.

1774 2646 2024 2700 eamdem
2078 2662 2240 2715 porro
2283 2649 2575 2718 utriusque
2620 2659 2871 2704 naturam
2928 2654 3255 2722 recogitate,
3296 2665 3361 2709 et-

1778 2736 2041 2792 facilitate
2074 2754 2174 2793 sua
2236 2738 2484 2809 iniquum
2540 2756 2757 2795 osorem
2828 2734 3070 2798 vincere.
3132 2744 3351 2803 Naturae

1775 2830 1921 2883 cnim
1995 2828 2229 2886 alliuitas
2255 2846 2347 2899 per
2380 2830 2726 2885 inimicitiam
2770 2834 3002 2889 tollitur.
3042 2834 3136 2890 Sin
3168 2840 3350 2893 minus

1777 2920 1882 2975 hoc
1914 2918 2148 2989 placeat,
2179 2923 2449 2991 malisque
2482 2922 2716 2991 injurias
2749 2924 2966 2989 ulcisci,
3007 2932 3061 2979 et
3092 2925 3349 2994 injuriam

1778 3012 1995 3066 tristitia
2036 3012 2268 3078 allicere,
2306 3015 2495 3091 eadem
2544 3030 2675 3070 vero
2718 3031 2885 3085 opera
2914 3033 3046 3072 .non
3101 3033 3347 3088 peccare,

116 3122 204 3174 την
232 3105 314 3157 διὰ
365 3104 572 3157 τούτων
625 3100 819 3154 σαυτοῦ
873 3099 1315 3170 παρασκευάζεις
1361 3100 1673 3171 ἐκδικητὴν,

1779 3103 1899 3157 ciba
1928 3112 1983 3157 et
2032 3116 2157 3173 pora
2192 3105 2368 3160 illum.
2400 3105 2690 3175 Quomodo
2727 3123 2856 3163 vero
2901 3119 2955 3163 et
2980 3125 3081 3164 cur
3106 3111 3224 3165 ita?
3260 3109 3353 3167 Sic

119 3197 305 3250 ἐκεῖνον
345 3197 403 3249 δὲ
450 3196 547 3249 διὰ
584 3195 693 3247 τών
726 3193 1054 3264 εὐεργεσιῶν
1084 3193 1165 3254 εἰς
1200 3193 1480 3263 ἐκδίκησιν
1523 3193 1678 3261 κινή-

122 3306 242 3352 σεις,
281 3290 475 3342 θᾶττον
506 3287 573 3341 ἂν
623 3286 752 3349 ἴδοις
774 3286 864 3338 τὸν
898 3286 1088 3355 ἐχθρὸν
1116 3282 1202 3339 οἷα
1244 3286 1377 3357 πυρὶ
1420 3287 1511 3355 τῇο
1538 3284 1683 3338 Exsi-

124 3398 202 3433 νου
228 3382 345 3454 δίκη
376 3384 470 3436 καὶ
499 3383 681 3453 κρίσει
709 3380 1037 3450 φλεγόμενόν
1061 3396 1121 3431 τε
1166 3380 1262 3432 καὶ
1286 3377 1681 3449 καταπιμπράτ

126 3490 290 3541 μενον,
321 3474 414 3528 καὶ
485 3474 623 3542 αὐτῇ
684 3471 1173 3543 συναπολλύμενον
1206 3470 1377 3541 ἔχθρᾳ
1420 3470 1513 3523 καὶ
1565 3470 1678 3521 ἐπι.

124 3581 290 3656 ϐουλῇ.
355 3662 366 3672 ⁸

1775 3193 1920 3247 enim
1950 3210 2295 3250 communem
2354 3196 2645 3252 Dominum
2708 3200 2980 3255 vindicem
3033 3202 3130 3257 tibi
3160 3204 3349 3258 conci—

1774 3282 1899 3347 lias,
1972 3299 2139 3352 quem
2189 3284 2236 3339 si
2294 3285 2574 3341 beneﬁciis
2632 3287 2740 3342 illis
2794 3287 2907 3342 tuis
2967 3288 3033 3342 ad
3088 3288 3351 3343 ultionem

1773 3373 2097 3442 capiendam
2131 3376 2483 3440 excitaveris,
2515 3377 2797 3433 inimicum
2826 3382 2983 3449 poena
3018 3381 3138 3450 ejus
3168 3391 3222 3436 et
3264 3384 3353 3452 ju-

1772 3466 1950 3530 diciis,
1979 3475 2235 3536 tanquam
2258 3468 2381 3539 igne
2412 3470 2672 3538 quodam,
2705 3482 3093 3543 consumptum
3119 3485 3174 3529 et
3201 3489 3353 3530 com-

1776 3555 2019 3622 bustum,
2056 3557 2450 3629 inimicitiaque
2508 3577 2608 3617 sua
2641 3570 2695 3616 et
2744 3562 2886 3619 odiis
2918 3564 3241 3621 devoratum
3270 3567 3353 3622 c'i-

1773 3649 1883 3702 tius
1908 3647 2133 3705 videris.
2586 3660 2589 3663 ’

675 3827 1135 3917 STEWABTII
1180 3802 1557 3890 ΜΟΝἰΤΠΜ
1600 3827 1683 3888 IN
1734 3830 2211 3903 SEQUENTEM
2244 3831 2805 3904 QUESTIONEM.

185 3947 271 4005 Est
296 3961 349 4007 ct
378 3954 483 4009 hoc
510 3944 833 4022 opusculum
884 3949 1059 4002 Photii
1091 3965 1121 4002 a
1154 3945 1422 4002 Turriano
1451 3947 1641 4004 Latine
1669 3965 1884 4005 versum
1932 3950 2071 4003 inter
2101 3950 2333 4006 schedas
2357 3950 2678 4007 Canisianas
2709 3961 3003 4021 repertum.
3037 3953 3345 4021 Argumeu-
3390 3976 3393 3979 ι

128 4048 225 4091 tum
256 4041 499 4108 pauculis
524 4036 894 4113 hisceverbis
931 4036 1247 4113 complexus
1286 4044 1369 4090 est
1402 4034 1715 4092 Turrianus
1751 4054 1766 4092 :
1807 4054 1824 4087 ι
1870 4036 2128 4092 Voluntas
2188 4039 2507 4093 comedendi
2552 4040 2870 4109 simpliciter
2902 4038 3006 4099 fuit
3034 4040 3248 4108 quidem
3291 4042 3345 4094 in

124 4124 345 4192 Christo,
373 4128 502 4198 quia
538 4127 653 4180 haec
676 4125 929 4180 voluntas
960 4123 1228 4176 naturalis
1258 4131 1362 4176 est.
1400 4123 1669 4177 Voluntas
1692 4138 1821 4177 vero
1850 4124 2171 4179 comedendi
2193 4125 2397 4195 aliquid
2419 4127 2518 4181 hac
2549 4128 2634 4179 vel
2661 4128 2748 4180 illa
2783 4125 3352 4195 qualitatcaﬁ'cctum,

126 4220 177 4265 ut
201 4210 367 4286 dulce,
405 4222 502 4268 aut
532 4227 804 4277 amarum,
843 4221 938 4264 aut
965 4210 1223 4275 multum,
1260 4217 1354 4263 aut
1383 4210 1604 4278 parum,
1642 4225 1750 4264 non
1800 4209 1903 4265 fuit
1933 4211 1984 4265 in
2033 4228 2119 4276 eo,
2156 4212 2283 4283 quia
2315 4214 2649 4282 hujusmodi,
2695 4231 2817 4283 quae
2852 4215 3053 4268 dicitur
3082 4215 3235 4280 ποιά,
3290 4215 3353 4269 id

124 4310 214 4365 est,
245 4302 441 4369 qualis,
477 4304 560 4354 vel
592 4300 729 4364 πῶς,
757 4299 808 4353 id
842 4307 945 4362 est,
987 4296 1265 4366 quomodo
1297 4337 1314 4359 ,
1357 4295 1612 4349 voluntas
1641 4310 1887 4364 personae
1910 4298 2163 4361 humanm
2186 4308 2293 4364 est,
2324 4316 2432 4355 non
2470 4310 2698 4365 naturze,
2735 4302 2991 4393 (.Ihristus
3020 4309 3201 4356 autem
3234 4316 3353 4393 non-

126 4395 230 4441 erat
263 4404 490 4457 persona
529 4388 789 4448 humana,
820 4400 921 4439 nec
953 4384 1231 4439 hominem
1266 4383 1505 4450 aliquem
1538 4385 1860 4453 assumpsit,
1912 4388 2005 4441 sed
2058 4398 2312 4442 naturam
2367 4389 2628 4450 hominis,
2679 4383 2800 4458 qu'a:
2836 4404 2944 4442 una
2998 4396 3085 4442 est
3138 4388 3358 4457 (specie

127 4475 354 4543 scilicet).
405 4474 730 4543 Huiusmodi
774 4475 1026 4527 voluntas
1058 4485 1165 4524 non
1196 4470 1483 4531 naturalis,
1512 4470 1604 4525 sed
1651 4485 1899 4539 persona:
1944 4474 2200 4528 humana:
2244 4475 2450 4529 dicitur
2484 4476 2736 4529 voluntas
2761 4475 2904 4528 κατὰ
2942 4472 3191 4543 γνώμην,
3229 4474 3355 4525 sive
3438 4518 3441 4519 ν

128 4563 378 4633 γνωμική.
449 4562 549 4617 llic
600 4570 685 4616 est
716 4576 915 4625 scopus
944 4558 1107 4627 hujus
1146 4556 1503 4612 tractationis.
1536 4576 1556 4609 ι
1595 4557 1673 4611 lia

1776 4556 2097 4615 Turrianus.
2140 4561 2430 4632 Inscriptio
2460 4562 2648 4617 Graeca
2682 4571 2807 4616 est:
2846 4560 3000 4629 Περὶ
3058 4560 3167 4612 τῶν
3202 4572 3369 4627 γνωσ·

132 4645 290 4711 μικῶν
316 4647 634 4718 θελημάτων
662 4647 755 4698 ἐπὶ
779 4643 1039 4715 Χριστοῦ.

192 4730 387 4786 Dicitur
419 4745 600 4787 autem
642 4732 955 4803 guomicum
999 4744 1029 4784 a
1059 4745 1287 4798 guome;
1334 4729 1477 4798 quod
1529 4743 1727 4783 nomen
1781 4734 2033 4786 «variam
2080 4741 2135 4787 et
2174 4733 3044 4803 multiplicem.signiﬁcatiouem
3104 4731 3292 4793 habet.
3320 4749 3350 4782 »ι
3438 4773 3448 4783 .

132 4822 288 4890 inquit
328 4818 519 4879 beatus
547 4825 917 4877 Damascenus
958 4821 1053 4875 lih.
1083 4836 1139 4874 ιιι
1171 4818 1242 4872 De
1264 4820 1366 4887 ﬁde
1397 4820 1718 4877 orthodoxa.
1756 4834 1878 4888 cap.
1914 4819 2002 4875 14.
2031 4816 2309 4875 Interdum
2362 4821 2511 4875 enim
2544 4814 2977 4895 admonitionem
3023 4818 3342 4889 signiﬁcat.

133 4918 183 4959 ut
209 4924 323 4963 cum
359 4912 435 4965 ait
473 4910 808 4980 Apostolus:
851 4924 870 4958 ι
900 4906 974 4961 De
1001 4906 1309 4976 virginibus
1355 4918 1698 4973 prmceptum
1732 4904 1946 4959 Domini
1998 4920 2104 4960 non
2158 4907 2351 4972 habeo,
2383 4906 2610 4976 γνώμην
2642 4918 2822 4975 autem
2858 4906 2950 4960 do.
2995 4925 3013 4959 ι
3066 4905 3357 4959 Interdum:

132 4996 418 5061 consilium,
454 5006 510 5051 ut
538 5012 671 5059 cum
697 4994 1061 5066 aitPropheta
1088 5010 1103 5046 :
1130 5011 1150 5043 ι
1189 4992 1358 5061 Super
1378 4992 1630 5062 populum
1654 5001 1801 5046 tuum
1834 4992 2251 5062 malignaverunt
2274 4994 2521 5065 γνώμην.
2564 5012 2582 5046 ι
2606 4993 2978 5064 Quodcunque
3010 4994 3136 5047 item
3163 4992 3347 5045 decree-

134 5091 262 5147 ntm,
290 5094 346 5136 ut
373 5083 429 5137 in
460 5083 545 5138 his
574 5082 813 5137 Danielis
836 5080 1016 5134 verbis
1038 5082 1130 5132 :‘A
1163 5093 1266 5148 quo
1297 5080 1425 5133 exiit
1459 5079 1732 5147 impudens
1776 5082 1887 5134 haec
1943 5080 2136 5151 γνώμη
2165 5082 2187 5135 ?
2220 5081 2621 5153 Nonnunquam
2680 5083 2918 5153 denique
2958 5095 3053 5150 pro
3096 5080 3220 5150 ﬁde,
3253 5087 3359 5133 aut:

136 5168 373 5236 opinione,
409 5181 499 5225 aut
524 5170 690 5224 animi
722 5168 999 5237 affectione
1024 5166 1323 5231 sumitur;
1352 5174 1529 5233 atque,
1566 5175 1622 5217 ut
1668 5167 1811 5220 brevi
1852 5169 2237 5237 perstringam,
2274 5168 2500 5239 γνώμης
2532 5170 2847 5224 vocabulum
2906 5170 3150 5235 plurimis
3176 5166 3353 5243 signi»-~

135 5254 441 5319 ﬁcatiouibus
467 5264 773 5327 usurpatur.
810 5254 935 5314 llaec
970 5253 1363 5308 Damascenus.
1397 5249 1674 5306 Invenitur
1696 5253 2045 5311 libellns'iste
2086 5254 2274 5311 Grzecc
2308 5258 2361 5310 in
2394 5258 2565 5313 variis
2588 5257 2954 5323 Bibliothecis,
3017 5255 3355 5311 nominatim

1598 5396 1829 5455 NO'I‘A'I.

200 5499 297 5584 liii)
325 5500 411 5555 Sic
446 5452 627 5554 scribo
657 5512 754 5568 pro
794 5492 963 5549 οὐδέν.
1000 5492 1310 5547 Proximum
1352 5491 1453 5564 τὴν
1487 5488 1668 5545 addidi

139 5571 510 5709 Εἰ(ἓῖξςηίίέισης
535 5639 704 5694 debeo
733 5637 1031 5703 cidcmpro
1066 5633 1220 5685 πᾶσι.

1842 5494 1954 5560 (47)
1985 5488 2340 5566 Crediderim,
2370 5501 2457 5555 hic
2490 5499 2778 5561 excidisse,
2811 5496 2858 5549 el
2892 5492 2960 5547 δ’.

1844 5568 1956 5639 με)
1983 5569 2135 5627 (ΞΟΠ).
2156 5570 2294 5625 διότι
2322 5588 2430 5642 περ
2452 5572 2596 5639 ἄγει.
