3864 6208
187 246 273 314 509
1089 239 1190 298 AD
1214 234 1805 300 AMPHIIDCHIUM
1847 237 2202 309 QUIESTIO
2233 239 2466 298 LXXX.
3286 239 3394 305 510

186 368 336 436 μόνων
361 354 665 432 ἠρτημένην
693 356 803 409 τῶν
857 355 1120 424 φυσικῶν.
1179 358 1340 409 Ὥστε
1364 357 1398 426 ἡ
1432 357 1526 426 μὲν
1552 355 1712 425 θέλη-
1742 363 1786 419 Α
1823 356 1964 409 unde
1993 354 2222 422 φυσικὸν
2247 353 2480 423 θέλημα,
2517 353 2567 408 Μ
2597 365 2680 409 est
2712 357 3008 412 naturalt-m
3037 360 3392 425 voluntatem,

186 458 258 519 σίς
290 457 423 506 ἐστιν
446 451 581 520 αὐτὴ
614 449 649 519 ἡ
685 450 887 520 ζωτική
911 466 970 501 τε
988 450 1081 501 καὶ
1111 449 1303 516 λογικὴ
1328 448 1509 517 όρεξις
1526 447 1712 501 πασῶν

1860 446 2088 512 eliniunt
2116 461 2238 500 esse
2262 447 2560 515 appetitum
2608 450 2907 503 naturalem
2965 459 3019 504 et
3048 454 3386 520 rationalem,

180 549 270 600 τῶν
293 545 381 613 τῆς
412 541 617 610 φύσεως
649 539 990 592 συστατικῶν
1026 539 1186 606 ἁπλῆι
1214 540 1464 608 δύναμις.
1517 537 1581 590 Ἢ
1608 537 1706 606 γὰρ

1863 553 1882 590 ι
1917 536 2048 590 solis
2077 536 2414 590 naturalibus
2448 536 2790 605 pendentem.
2823 539 3006 605 Quare
3037 543 3286 612 θέλησις,
3337 546 3389 598 Μ

181 639 269 690 τῶν
287 637 477 701 ἀλόγων
493 631 672 702 ὄρεξις
697 634 770 703 μὴ
796 629 930 692 οὖσα
945 632 1138 702 λογικὴ
1156 633 1217 684 οὐ
1240 631 1455 700 λέγεται
1478 630 1604 700 θέλη
1613 647 1707 694 σις.

1866 639 1899 684 ιι
1957 629 2231 692 voluntas,
2263 638 2346 683 est
2377 629 2492 698 ipse
2532 630 2784 684 animalis
2816 641 2870 685 et
2916 635 3199 690 rationalis
3228 653 3392 705 appe-

181 730 379 797 Θέλησις
399 721 490 800 ,οὖν
519 725 570 777 τί
603 725 734 776 ποτέ
778 725 926 775 ἐστιν
957 725 1192 792 εἴρηται.

1867 730 1946 775 tus
2008 727 2254 774 omnium
2297 722 2684 788 potentiarum,
2727 738 2848 791 quae
2896 736 3144 780 naturam
3191 732 3393 785 consti-

181 835 334 887 tuunt,
367 821 586 890 simplex
617 818 879 888 potentia.
916 815 1199 884 Appetitns
1237 814 1380 867 enim
1410 811 1830 876 irrationalium,
1893 818 2018 867 cu'm
2077 829 2188 868 non
2251 814 2324 868 sit
2387 813 2695 880 rationalis,
2727 830 2834 868 non
2881 815 3083 872 dicitur
3117 821 3415 878 voluntas.‘

183 926 360 978 Dictum
405 923 562 992 igitur
601 927 706 983 est,
755 917 885 985 quid
934 916 1024 969 sit.
1054 910 1295 983 θέλησις,
1348 911 1398 965 Μ
1454 920 1538 965 est
1596 911 1709 965 voln

405 923 562 992 igitur
601 927 706 983 est,
755 917 885 985 quid
934 916 1024 969 sit.
1054 910 1295 983 θέλησις,
1348 911 1398 965 id
1454 920 1538 965 est
1596 911 1866 965 voluntas.
1922 910 1925 913 ’

237 1018 477 1086 Βούλησις
504 1013 560 1066 δέ
593 1015 708 1080 ἐστι
755 1010 882 1063 ποιὰ
914 1009 1116 1077 φυσικὴ
1148 1007 1384 1076 θέλησις,
1423 1008 1591 1078 ἤγουν
1617 1024 1717 1075 φυ-

1891 1002 2151 1072 Βούλησις
2187 1018 2316 1056 vero
2339 1013 2419 1057 est
2452 1004 2715 1059 naturalis
2743 1005 2996 1061 voluntas
3050 1008 3196 1072 ποιά,
3232 1009 3282 1063 id
3311 1020 3393 1064 est

183 1107 286 1177 σικὴ
320 1107 404 1163 καὶ
425 1103 618 1174 λογικὴ
650 1101 826 1171 ὀρεξίς
848 1117 993 1163 τινος
1047 1099 1389 1168 πράγματος.
1430 1099 1709 1166 Ἔγκειται

1866 1095 2070 1163 iiqualis
2096 1095 2176 1162 (ut
2201 1095 2274 1149 ita
2296 1096 2540 1166 dicam);
2569 1099 2831 1152 naturalis
2858 1101 3002 1153 enim
3030 1110 3084 1153 et
3115 1101 3392 1177 rationalis

183 1203 263 1270 μὲν
281 1203 380 1269 γὰρ
404 1199 433 1266 ἡ
461 1195 692 1264 δύναμις
713 1196 769 1247 ὲν
798 1197 864 1264 τῇ
881 1191 974 1245 τοῦ
1006 1191 1292 1261 ἀνθρώπου
1325 1190 1472 1259 ψυχῇ
1508 1188 1601 1242 τοῦ
1624 1188 1709 1241 λο-

1864 1188 2093 1255 ppetitus
2121 1188 2187 1241 de
2215 1189 2397 1257 aliqua
2425 1205 2483 1242 re
2512 1199 2594 1244 est
2625 1192 2932 1246 rationalis.
2970 1189 3113 1246 Inest
3158 1195 3303 1248 enim
3337 1197 3390 1248 in

180 1290 322 1358 γικῶς
349 1287 663 1359 ὀρέγεσθαι·
694 1287 781 1338 ὅτε
817 1286 872 1337 δὲ
908 1283 1150 1353 φυσικῶς
1214 1282 1462 1352 κινηθείη
1506 1281 1645 1349 αὕτη
1681 1282 1706 1351 ἡ

1867 1278 2005 1332 nima
2034 1279 2274 1334 hominis
2305 1281 2408 1346 vis,
2459 1282 2574 1336 sive
2618 1285 2856 1353 potentia
2902 1287 3184 1355 appetendi
3227 1287 3393 1344 ratio-

179 1381 338 1450 λογικὴ
356 1379 529 1448 ὄρεξις
557 1377 692 1448 πρός
715 1395 767 1429 τι
797 1375 1270 1447 πρᾶγμα,λέγεται
1297 1373 1568 1443 βούλησιςο
1593 1371 1705 1442 βού·

1867 1369 2055 1432 aliter;
2109 1372 2330 1438 quando
2372 1382 2551 1426 autem
2600 1375 2924 1428 naturaliter
2974 1388 3225 1431 momtur
3275 1378 3393 1448 ipse

179 1468 424 1539 λησιςγάρ
450 1469 598 1519 ἐστιν
632 1465 811 1534 ὄρεξις
847 1466 939 1516 καὶ
974 1463 1156 1532 ἔφεσίς
1192 1480 1336 1525 τινος
1388 1463 1705 1532 πράγματος

1865 1461 2090 1530 ppetitus
2127 1463 2404 1517 ratiOnalis
2434 1467 2498 1517 ad
2545 1464 2781 1535 aliquam
2825 1483 2961 1532 rem,
3013 1468 3212 1523 dicitur
3266 1471 3391 1540 βού-

177 1561 362 1629 λογικὴ.
424 1558 656 1626 Λέγεται
680 1557 735 1609 δὲ
761 1556 1014 1626 βούλησις
1046 1556 1138 1608 καὶ
1181 1557 1271 1607 ἐπὶ
1303 1553 1412 1606 τῶν
1443 1553 1526 1622 ἐφ’
1559 1555 1703 1622 ἡμῖν,

1863 1573 1990 1622 ισις,
2035 1554 2086 1608 id
2127 1568 2210 1610 est
2235 1557 2487 1612 voluntas
2517 1557 2745 1626 alicujus
2781 1561 2853 1613 rei
2890 1580 2902 1615 :
2950 1562 3204 1633 βούλησις
3245 1565 3389 1618 enim

179 1653 394 1706 τουτέστι
431 1652 524 1704 καὶ
546 1651 638 1704 ἐπὶ
665 1651 774 1704 τῶν
803 1650 1100 1703 ἀδυνάτων.
1135 1647 1451 1717 Βουλόμεθα
1479 1646 1588 1716 γὰρ
1622 1645 1705 1697 καὶ

1859 1658 1902 1701 st
1931 1646 2202 1715 appetitus
2242 1656 2295 1700 et
2327 1647 2652 1702 desiderium
2688 1651 2918 1719 alicujus
2950 1654 3028 1707 rei
3075 1655 3338 1709 rationale
3373 1673 3385 1708 :

180 1745 238 1817 μὴ
265 1745 563 1809 ἀποθανεῖν,
601 1745 713 1798 ἐστι
743 1743 800 1795 δὲ
830 1744 862 1813 ή
887 1742 1140 1813 βούλησις
1159 1741 1254 1794 τοῦ
1277 1742 1485 1805 τέλους,
1513 1742 1574 1793 οὐ
1608 1740 1706 1794 τῶν

1863 1739 2020 1792 icitur
2047 1750 2229 1792 autem
2258 1738 2531 1817 βούλησις,
2561 1740 2611 1792 id
2637 1751 2720 1794 est
2743 1744 2992 1797 voluntas
3021 1744 3252 1813 alicujus
3287 1746 3389 1809 rei,

178 1814 292 1908 πρὸς
305 1838 361 1890 τὸ
388 1837 561 1901 τέλος.
593 1837 758 1899 Τέλος
779 1835 888 1905 γὰρ
915 1836 973 1888 τὸ
1006 1834 1263 1904 βουλητὸν
1283 1834 1359 1896 ὡς
1381 1833 1442 1886 τὺ
1472 1833 1704 1900 ὑγιεῖιναι¹

1863 1848 1890 1884 e
1922 1832 1989 1884 iis
2012 1847 2134 1899 qua“:
2157 1841 2285 1884 sunt
2316 1814 2366 1884 in
2383 1842 2570 1886 nostra
2592 1843 2876 1899 potestate,
2898 1844 2952 1888 et
2971 1835 3037 1889 de
3055 1836 3120 1889 iis
3138 1853 3258 1905 quze
3279 1853 3389 1891 non

177 1928 290 1999 πρὸς
316 1927 374 1980 τό
401 1928 552 1991 τέλος
581 1927 636 1980 δὲ
666 1930 693 1981 ὁ
728 1927 927 1997 τρόπος
958 1925 1027 1978 δι’
1059 1920 1121 1979 οὗ
1156 1925 1448 1994 ὀφείλομεν
1473 1924 1695 1992 ὑγιᾶναι

1865 1931 1980 1988 unt;
2013 1922 2064 1976 id
2093 1931 2197 1985 est,
2224 1923 2290 1977 de
2325 1924 2391 1978 iis
2420 1939 2540 1992 qua:
2571 1939 2601 1978 a
2634 1926 2788 1979 nobis
2817 1924 2929 1978 ﬁeri
2958 1937 3202 2000 possunt,
3241 1939 3295 1982 et
3324 1929 3391 1983 de

177 2025 231 2078 iis
253 2039 366 2094 quae
399 2038 509 2077 non
540 2031 803 2092 possunt;
833 2022 1088 2078 volumus
1123 2022 1269 2076 enim
1298 2034 1410 2074 non
1437 2021 1604 2084 mori,
1639 2027 1720 2073 est
1751 2026 2010 2085 praaterea
2051 2016 2324 2089 βούλησις,
2374 2019 2428 2072 id
2475 2029 2557 2073 est
2611 2019 2861 2074 voluntas
2896 2022 3039 2085 linis,
3076 2037 3183 2076 non
3215 2031 3390 2076 autem

176 2135 337 2174 corum
379 2136 501 2190 quae
527 2127 775 2189 spectant
818 2118 887 2172 ad
943 2118 1124 2171 ﬁnem.
1179 2116 1331 2170 Finis
1393 2115 1537 2170 enim
1564 2112 1723 2168 οειτδ
1755 2111 2033 2183 βουλητὸν,
2063 2111 2114 2166 id
2140 2122 2227 2167 est
2254 2113 2303 2166 id
2341 2112 2486 2183 quod
2519 2113 2797 2180 volumus,
2828 2123 2885 2169 ut
2911 2108 3049 2172 bene
3076 2118 3292 2184 valere;
3326 2117 3396 2173 ad

178 2216 313 2270 ﬁnem
367 2222 548 2268 autem
602 2221 815 2281 spectat
845 2211 896 2266 id
933 2226 1027 2280 per
1078 2206 1223 2298 quod
1257 2210 1519 2264 debemus
1551 2208 1688 2263 bene
1719 2199 1914 2261 valere.

234 2335 371 2389 Μετὰ
402 2334 459 2388 δὲ
481 2334 581 2404 τὴν
613 2332 886 2402 βούλησιν,
922 2331 1150 2402 ζήτησις
1182 2331 1275 2384 καὶ
1299 2330 1490 2399 σκέψις
1536 2329 1654 2399 μεθ’
1683 2328 1718 2382 ἃ

1901 2326 2030 2383 Post
2061 2328 2338 2397 βούλησιν,
2375 2328 2427 2382 id
2485 2336 2570 2382 est
2630 2329 2961 2384 voluntatem
3022 2331 3254 2400 alicujus
3304 2333 3383 2386 rei

174 2425 387 2494 ἠβουλή.
417 2423 594 2493 Βουλῆ
640 2423 748 2492 γάρ
777 2423 923 2474 ἐστιν
952 2420 1132 2490 ὄρεξις
1161 2418 1359 2490 ζητικὴ
1405 2429 1428 2457 ο
1463 2419 1592 2489 περὶ
1611 2419 1700 2470 τῶι

1865 2428 1908 2474 st
1939 2421 2220 2490 inquisitio
2271 2429 2348 2476 et‘
2381 2421 2778 2485 consideratio,
2831 2431 3022 2492 postea
3080 2425 3391 2479 consilium.

176 2519 242 2586 ἐφ’
271 2520 393 2587 ἡμῖν
430 2517 774 2587 πραγμάτων
818 2515 1076 2584 γινομένη
1102 2531 1116 2545 ’
1169 2511 1480 2582 βουλεύεται
1528 2512 1638 2580 γὰρ
1671 2527 1695 2561 ε

1870 2513 2130 2567 onsilium
2159 2512 2304 2566 enim
2333 2521 2416 2567 est
2448 2513 2746 2594 appetitus,
2772 2515 3056 2584 inquirens
3087 2517 3153 2570 de
3181 2516 3246 2571 iis
3276 2532 3396 2586 qua:

173 2609 350 2677 ὀφείλει
378 2627 462 2672 τις
499 2607 776 2679 μετελθεῖν
822 2607 882 2659 τὸ
906 2608 1137 2677 πρᾶγμα
1168 2606 1200 2675 ἢ
1239 2603 1322 2658 οὗ.
1352 2600 1486 2656 Εἶτα
1521 2603 1694 2674 κρίνει

1869 2614 1950 2658 mt
1976 2620 2141 2674 penes
2171 2621 2313 2661 nos:
2365 2607 2636 2660 consultat
2665 2607 2810 2661 enim
2852 2623 2919 2662 an
2963 2610 3156 2663 debeat
3197 2611 3395 2680 aliquis

175 2702 250 2752 καὶ
275 2699 483 2767 λέγεται
521 2699 721 2769 κρίσις.
763 2698 880 2765 Ἐφ’
932 2693 1013 2764 οἷς
1055 2697 1350 2750 διατίθεται
1391 2695 1486 2749 καὶ
1531 2695 1701 2764 ἀγαπᾷ

1871 2697 2040 2765 ggredi
2078 2697 2314 2766 aliquam
2343 2714 2477 2762 rem,
2503 2714 2570 2751 an
2603 2714 2733 2752 non.
2767 2697 2962 2754 Postea
2987 2700 3198 2769 judicat
3229 2691 3285 2755 eti
3314 2702 3397 2755 di-

176 2794 253 2845 καὶ
273 2793 482 2861 λέγεται
542 2793 735 2863 γνώμη
759 2809 773 2824 ·
816 2793 883 2846 ἂν
903 2793 1065 2863 κριθῇ
1107 2793 1204 2862 μὲν
1233 2791 1363 2860 γὰρ,
1394 2791 1468 2860 μὴ
1499 2787 1702 2857 διατεθῖ

1870 2789 2279 2858 iturjudicium.
2310 2789 2368 2843 ln
2398 2791 2597 2860 quibus
2639 2791 2888 2854 adicitur.
2922 2803 2977 2847 et
3016 2808 3079 2848 ea
3109 2803 3276 2858 amat,
3311 2795 3396 2850 di-

174 2882 218 2935 δὲ
247 2883 458 2952 πρὸς-τὸ
492 2883 680 2954 κριθέν
700 2899 715 2913 ο
746 2884 913 2953 ἧγουν
941 2883 1004 2934 ἂν
1029 2882 1102 2951 μὴ
1124 2883 1387 2954 ἀγαπήσῃ
1406 2880 1466 2931 οὐ
1505 2878 1700 2946 λέγετα

1871 2882 1971 2934 itur
1999 2879 2218 2950 γνώμη,
2249 2880 2300 2934 id
2337 2889 2420 2935 est
2451 2880 2694 2948 alfectio;
2732 2883 2777 2936 si
2814 2883 2958 2935 enim
2979 2882 3185 2951 judicet
3211 2892 3265 2937 et
3291 2900 3397 2938 non

173 2975 376 3043 γνώμη·
411 2975 505 3026 ἐπὶ
547 2975 730 3043 μέντοι
754 2977 820 3045 τῇ
859 2971 1052 3043 γνώμῃ
1103 2973 1137 3042 ή
1179 2971 1496 3042 προαίρεσις
1537 2971 1699 3023 ἓπετα

1871 2972 2113 3037 lllciatur,
2163 2973 2218 3026 id
2265 2981 2369 3038 est,
2411 2988 2518 3026 non
2565 2981 2707 3026 amet
2754 2971 2900 3044 quod
2948 2973 3246 3043 judicatum
3292 2981 3397 3039 est,

173 3066 312 3118 οἱονεὶ
345 3065 566 3134 ἐκλογή.
621 3065 777 3119 Μετὰ
839 3065 897 3117 δὲ
953 3067 1051 3135 τὴν
1115 3064 1434 3136 προαίρεσιν
1501 3064 1536 3132 ἡ
1586 3063 1699 3132 προ

1872 3077 1936 3116 an
1963 3062 2162 3117 dicitur
2191 3063 2435 3133 γνώμην.
2463 3061 2592 3117 Po’st
2618 3061 2810 3134 γνώμη
2874 3066 3121 3134 sequitur
3139 3064 3398 3135 προαίρε-

173 3157 254 3228 τὴν
275 3159 463 3229 πρᾶξιν
503 3157 786 3211 ἀκολουθεῖ
827 3159 1007 3227 ὀρμή·
1063 3151 1183 3210 εἶτα
1232 3156 1450 3226 χρῆσις,
1505 3155 1625 3225 μεθ’
1655 3157 1699 3224 ἥε

1874 3175 1913 3220 ις
1945 3156 2029 3210 vel
2062 3156 2282 3226 ἐκλογή,
2323 3157 2375 3210 id
2408 3167 2490 3211 est
2526 3156 2753 3221 electio;
2799 3165 2923 3226 post
2962 3157 3281 3212 electionem
3313 3174 3400 3213 se-

173 3249 228 3300 τὲ
249 3250 336 3319 τῆς
361 3249 597 3319 ὀρέξεως
625 3247 878 3301 παύεται.
915 3248 1040 3299 Ἐπὶ
1098 3246 1197 3316 μὲν
1227 3243 1318 3300 οὖν
1340 3247 1449 3299 τῶν
1487 3247 1697 3314 ἀλόγων

1873 3250 2014 3303 nitur
2049 3249 2193 3319 ὀρμὴ
2228 3248 2364 3318 πρὸς
2405 3247 2503 3318 τὴν
2543 3249 2761 3318 πρᾶξιν,
2815 3250 2866 3303 id
2910 3259 2993 3304 est
3025 3250 3300 3319 aggressio
3333 3252 3399 3305 ad

176 3343 291 3410 μετὰ
313 3339 408 3414 τὴν
440 3341 620 3413 ὄρεξιν
642 3341 804 3404 εὐθὺς
839 3343 872 3409 ἡ
911 3341 1058 3411 ὀρμὴ
1105 3340 1318 3404 ἕπεται,
1373 3340 1466 3392 ἐπὶ
1508 3339 1564 3392 δὲ
1613 3339 1702 3392 τῶ·

1877 3356 1979 3406 tm;
2011 3339 2206 3407 deinde
2228 3339 2446 3409 χρῆσις,
2478 3340 2528 3393 Μ
2562 3348 2646 3394 est
2696 3355 2851 3394 usus.
2897 3339 3025 3394 Post
3054 3341 3197 3394 hunc
3223 3352 3403 3397 cessat

175 3431 380 3499 λογικῶν
403 3433 464 3485 οὐ
489 3433 728 3494 πάντως.
758 3430 840 3483 Τὰ
867 3417 969 3500 μὲν
1009 3430 1117 3500 γὰρ
1145 3429 1318 3498 ἄλογα
1355 3430 1459 3482 ὑπὸ
1484 3429 1584 3492 τῆς
1618 3446 1701 3496 φυ·

1873 3431 2121 3501 ppetitus.
2159 3432 2219 3484 In
2249 3431 2656 3486 irrationalibus
2680 3432 2896 3502 quidem
2931 3433 3115 3485 statim
3152 3442 3274 3502 post
3301 3449 3399 3502 ap-

177 3526 310 3595 σικῆς
351 3525 584 3595 ὀρέξεως
642 3523 857 3591 ἄγεται,
899 3523 978 3576 διὸ
1023 3522 1145 3575 οὐδὲ
1166 3521 1380 3591 θέλησις
1409 3521 1441 3589 ἡ
1474 3519 1580 3572 τῶν
1606 3520 1703 3573 ἁλό

1875 3509 2144 3596 ειίιίοηθιη
2209 3523 2458 3593 sequitur
2518 3525 2750 3592 impetus
2803 3525 2918 3579 sive
2971 3526 3294 3594 aggressio;
3347 3526 3401 3580 in

174 3631 267 3681 γων
287 3616 463 3685 δρεξις
481 3615 722 3684 λέγεται,
756 3613 874 3666 οὐδὲ
920 3613 1194 3681 βούλησις.
1237 3611 1360 3664 Ἐπὶ
1395 3611 1453 3665 δὲ
1486 3611 1593 3663 τῶν
1627 3613 1700 3664 ἀν⁴

1873 3617 2190 3670 ttionalibus
2246 3631 2375 3670 vero
2419 3632 2526 3669 non
2576 3617 2822 3670 omnino.
2873 3615 3210 3672 lrrationalia
3255 3619 3399 3672 enim

176 3704 385 3773 θρώπων
413 3706 612 3774 μᾶλλον
657 3706 691 3774 ἡ
748 3703 950 3774 φυσικὴ
984 3703 1161 3773 δρεξις
1188 3704 1233 3740 ο·
1251 3702 1396 3772 ἢπερ
1423 3702 1544 3768 ἄγει
1565 3717 1579 3731 ο
1605 3701 1702 3754 αὐτ

1878 3715 2103 3762 ucuntur
2149 3708 2217 3761 ab
2248 3707 2488 3776 appetitu
2539 3706 2798 3771 naturali,
2853 3707 3204 3776 quamobrem
3238 3693 3404 3778 appe-

177 3797 404 3862 εξουσίως
423 3797 528 3867 γὰρ
545 3797 642 3849 καὶ
664 3797 802 3864 μετὰ
822 3795 980 3863 λόγου
1005 3797 1256 3857 κινεῖται,
1284 3792 1470 3863 ἐπειδὴ
1489 3794 1583 3846 xui.
1601 3810 1703 3845 συν⁴

1879 3811 1964 3854 tus
2012 3815 2202 3854 eorum
2254 3816 2360 3852 non
2411 3798 2609 3854 dicitur
2657 3798 2908 3866 θέλησις,
2955 3800 3020 3852 ,Μ
3063 3809 3146 3853 est
3210 3801 3405 3854 volun—

177 3889 477 3960 εζευγμέναι
502 3890 641 3942 εἰσὶν
668 3891 722 3941 αι
757 3888 1057 3956 γνωστικαὶ
1082 3887 1176 3940 καὶ
1214 3885 1441 3950 ζωτικαὶ
1469 3885 1703 3954 δυνάμει.

1877 3909 1945 3958 I8;
1998 3893 2050 3944 in
2074 3891 2386 3945 hominibus
2429 3905 2558 3945 vero
2608 3890 2782 3958 magis
2812 3889 3089 3959 appetitus
3138 3892 3403 3945 naturalis

180 3982 226 4032 ἐν
253 3983 323 4052 τῷ
361 3980 654 4051 ἀνθρώπῳ,
697 3978 1058 4043 αὐτεξουσίως
1109 3978 1399 4048 τοιγαροῦν
1450 3978 1699 4048 ὀρέγεται

1879 3980 2048 4034 ucitur
2070 4017 2085 4040 ,
2124 3993 2286 4047 quant
2318 3979 2505 4042 ducit;
2568 3978 2744 4043 libere.
2767 3978 2911 4055 enim
2943 3987 2996 4031 et
3029 3993 3152 4032 cum
3193 3979 3405 4032 ratione

179 4073 257 4124 mi
294 4073 648 4139 αὐτεξουσίως
701 4073 867 4143 ὁρμᾷ,
918 4071 1013 4125 καὶ
1059 4071 1130 4124 τὰ
1183 4070 1320 4124 ἄλλα
1367 4069 1705 4134 αὐτεξουσίω‹

1872 4081 2102 4135 novetur,
2132 4072 2259 4138 quia
2298 4073 2352 4125 in
2388 4071 2609 4126 homine
2648 4072 2911 4139 copulatae
2957 4079 3084 4124 sunt
3132 4071 3398 4138 potentia:

180 4168 320 4220 ποιεῖ.
1831 4163 2216 4231 cognoscitiva:
2244 4173 2298 4216 et
2329 4163 2595 4218 animales
2616 4206 2629 4227 ,
2655 4179 2826 4232 quare
2858 4163 3026 4216 libere
3069 4163 3296 4232 appulit,
3343 4174 3399 4218 et

1834 4254 2000 4307 libere
2021 4254 2355 4323 aggreditur,
2382 4263 2436 4308 et
2455 4253 2559 4307 alia
2595 4255 2763 4308 libere
2786 4254 2937 4309 facit.

221 4341 355 4400 ’Ἐπὶ
382 4347 437 4400 δέ
461 4364 522 4415 γε
554 4347 650 4416 τῆς
680 4344 830 4407 θείας
859 4343 954 4396 καὶ
989 4341 1263 4410 μακαρίας
1281 4340 1372 4392 καὶ
1397 4339 1723 4409 ὑπερουσίου

1905 4344 1961 4398 1η
1983 4346 2164 4400 divina
2200 4355 2382 4401 autem
2420 4356 2612 4406 natura
2644 4346 2898 4418 βούλησιν
2944 4349 3182 4417 quidem,
3216 4347 3266 4401 id
3321 4356 3403 4402 est

1751 4405 1805 4463 D

182 4438 394 4505 φύσεως,
432 4435 727 4508 βούλησινά
778 4436 877 4506 μὲν
905 4434 1154 4502 λέγομεν,
1205 4431 1522 4503 προαίρεσιν
1547 4430 1599 4480 δὲ
1628 4445 1708 4480 κυ‹

1876 4437 2194 4503 oluntatem,
2221 4438 2456 4492 dicimus
2491 4457 2502 4491 :
2528 4438 2847 4492 electionem
2883 4455 3012 4494 vero
3041 4455 3146 4493 non
3170 4439 3402 4494 dicimus

187 4531 296 4598 ρξως
320 4532 379 4582 οὐ
412 4530 668 4599 λέγομεν,
704 4526 891 4596 ὥσπερ
935 4526 1058 4579 οὐδὲ
1105 4525 1315 4594 σκέψιν,
1371 4523 1490 4575 οὐδὲ
1528 4521 1713 4591 βούλη-

1876 4515 2070 4597 roprie,
2115 4529 2255 4583 sicut
2300 4544 2478 4598 neque.
2503 4529 3013 4600 considerationem,
3056 4538 3228 4599 neque
3269 4546 3402 4584 con-

185 4637 254 4672 σιν
273 4632 316 4686 θ,
358 4621 468 4674 ἀλλ’
503 4620 612 4673 οὐδ’
655 4620 747 4673 ἐπὶ
789 4619 884 4689 τῆς
915 4616 1006 4670 τοῦ
1055 4617 1261 4687 Κυρίου
1301 4616 1500 4685 ψυχῆς,
1534 4614 1711 4684 βουλὴη

1871 4622 2202 4685 nltationem,
2241 4622 2352 4675 imo
2396 4635 2496 4675 nec
2527 4620 2581 4674 in
2634 4621 2815 4675 anima
2858 4621 3061 4676 Christi
3107 4621 3397 4675 consilium

184 4710 390 4782 λέγομεν
423 4713 454 4783 ἢ
487 4711 827 4782 προαίρεσιν.
863 4709 938 4761 Οὐ
963 4707 1070 4777 γὰρ
1101 4703 1246 4776 εἶχεν
1282 4707 1525 4774 ἄγνοιαν,
1555 4705 1603 4756 εἰ
1637 4706 1710 4756 κα¹

1878 4713 2090 4776 icimus,
2120 4727 2219 4766 nec
2248 4712 2603 4779 electionem;
2655 4727 2762 4766 non
2803 4713 2948 4766 enim
2987 4712 3219 4766 habebat
3249 4713 3404 4782 igno-

186 4803 266 4873 τῆς
317 4806 383 4858 τὰ
430 4805 695 4876 μέλλοντα
747 4803 1048 4871 ἀγνοούσης
1105 4798 1446 4870 ἐχρημάτιζε.
1489 4798 1704 4868 φύσεως

1877 4803 2094 4866 tntiam,
2131 4803 2346 4858 tametsi
2395 4811 2624 4861 naturm.
2657 4803 2955 4873 ignorantis
3005 4819 3124 4858 esse
3181 4803 3403 4858 diceba-

196 4894 464 4952 Ἐνωθεῖσα
498 4897 607 4968 γὰρ
649 4895 726 4967 τῷ
751 4895 869 4967 Θεῷ
897 4895 1056 4965 Λόγῳ
1093 4892 1215 4946 καθ’
1241 4892 1558 4958 ὑπόστασιν,
1591 4892 1722 4944 πάν‹

1878 4896 2053 4966 11⁸(52)
2083 4913 2096 4948 :
2133 4896 2284 4956 unita
2313 4896 2456 4951 enim
2483 4894 2594 4950 Deo
2622 4894 2797 4950 Verbo
2820 4895 3119 4951 secundum
3149 4895 3404 4966 byposta-

1434 5092 1672 5148 VARIIE
1745 5091 2143 5148 LECTIONES.

266 5191 510 5260 clegend.
544 5191 832 5261 ζητητική.
888 5193 948 5241 ,ε’
979 5188 1234 5261 Turrian.
1293 5189 1504 5261 legebat
1563 5188 1742 5261 ὄρεξις
1790 5188 2052 5261 Αᾶγεται,
2104 5188 2131 5228 τι
2165 5188 2417 5261 Turrian.
2457 5191 2698 5261 θέλησιν,
2738 5191 2872 5261 Διιιξά
2933 5187 3148 5261 legebat
3192 5188 3406 5261 βούλη-

193 5274 284 5330 σιν.
319 5257 377 5315 ut
408 5264 460 5315 in
491 5257 808 5316 Colbertino
838 5275 1059 5329 quoque
1092 5259 1310 5328 legitur.
1353 5257 1398 5299 ἐ
1424 5259 1563 5314 Olim
1595 5257 1912 5314 dubitabam
1941 5275 2013 5312 an
2043 5257 2585 5330 Ιεεθηιιυηιοβουλήν,
2605 5260 2696 5314 sed
2726 5257 3072 5316 Colbertinus
3104 5257 3271 5314 eode:
3308 5259 3406 5312 ba-

196 5327 266 5383 bet
293 5331 580 5400 βούλευσιν,
612 5339 666 5386 et
695 5327 912 5399 quidem
943 5327 1102 5384 bene.
1129 5327 1155 5380 ᾖ
1481 5356 1484 5358 ~

1642 5417 1877 5473 NOTAE.

262 5524 358 5594 (52)
391 5526 632 5584 Tametsi
670 5533 878 5578 natura)
909 5519 1214 5594 ignorantis
1244 5533 1365 5594 esse
1411 5516 1732 5594 dicebatur:
1810 5554 1814 5556 -
1848 5532 2005 5594 σεως.
2036 5516 2088 5569 Μ
2115 5525 2198 5572 est
2233 5531 2245 5571 :
2280 5516 2492 5572 tametsi
2529 5525 2733 5572 natura!
2763 5515 2944 5571 futura
2964 5514 3266 5587 ignorantis
3286 5527 3408 5570 esse

201 5587 358 5649 121καῖ
395 5598 494 5666 τῆς
530 5598 599 5649 τὰ
635 5595 895 5664 μέλλοντα
932 5587 1230 5661 ἆγνοούσης
1280 5587 1611 5659 ἐχρημάτιζε
1639 5587 1739 5656 φῦ·
1846 5587 2144 5642 dicebatur.
