3864 6208
439 239 545 303 511

1602 233 1866 295 ΡΗΟΤΙΙ
1905 231 2415 293 PATRIARCHzE
2445 233 2552 294 (ΖΡ.

3613 223 3730 298 ’512

445 370 570 418 sim,
603 351 968 422 cognitionem
996 349 1244 403 omnium
1270 347 1528 412 habebat,
1571 363 1684 401 non
1716 347 1911 415 gratia,
1935 345 2029 399 sed

2145 362 2243 410 των
2273 339 2388 414 εἶχε
2413 345 2515 417 τὴν
2544 345 2770 414 γνῶσιν,
2791 344 2852 397 οὑ
2883 345 3088 415 χάριτι,
3115 344 3251 399 ἀλλὰ
3278 330 3480 417 φὺσζει,
3514 345 3604 401 διὰ
3631 353 3723 420 τὴν

445 460 661 510 natura,
692 445 914 515 propter
937 443 1194 498 unionem
1225 441 1648 512 hypostaticam,
1703 440 1842 503 idem
1883 437 2025 492 enim

444 549 561 596 crat
596 539 737 592 Deus
780 545 836 591 et
888 539 1078 593 homo.
1106 535 1492 602 Quamobrem
1538 547 1717 602 neque
1738 530 2029 600 -γνωμικὸν

445 633 660 703 θέλημα
692 630 924 686 habebat
957 630 1031 699 (id
1063 638 1184 693 'est,
1229 629 1566 684 voluntatem
1619 625 1867 702 aﬂectam
1915 626 2031 679 sive

439 723 791 778 allectionem
821 719 1119 774 voluntatis
1144 719 1197 772 in
1223 719 1399 789 aliqua
1423 721 1528 784 re);
1553 717 1789 773 habebat
1809 715 2028 785 quidem

449 815 787 868 voluntatem
838 811 1146 867 naturalem
1204 811 1375 866 illam-
1416 811 1743 880 simplicem,
1801 806 1924 877 qum
1976 807 2028 860 in

453 907 603 961 omni
639 914 832 959 natura
863 900 1148 960 hominum
1185 904 1433 959 similiter
1470 911 1783 972 spectatur;
1816 901 2032 971 gnomi-

452 975 589 1050 ram'
625 1010 751 1050 vero
802 995 1141 1065 voluntatem.
1173 1009 1284 1048 non
1329 993 1564 1048 habebat
1609 1001 1798 1047 saneta
1849 991 2032 1044 anima

453 1083 652 1141 Christi
679 1094 871 1141 contra
908 1085 1145 1141 divinam
1188 1083 1546 1148 voluntatem,
1579 1097 1682 1136 nec
1713 1081 1857 1135 aliud
1885 1082 2034 1136 volc-

455 1161 548 1232 ba't
580 1187 776 1247 praeter
799 1179 1136 1232 Voluntatem
1169 1177 1432 1230 divinam.
1457 1173 1656 1245 Γνώμη
1681 1175 1828 1229 enim
1869 1175 2041 1229 simul

352 1335 355 1339 _
445 1270 715 1326 dividitur
746 1286 870 1326 cum
897 1257 1164 1338 personis,
1197 1279 1563 1340 praeterquam
1595 1268 1650 1321 in
1688 1267 1802 1322 sola
1843 1278 2035 1322 sancta

452 1371 506 1429 et
532 1360 787 1429 simplici,
814 1368 868 1414 et
896 1375 1003 1412 non
1035 1359 1366 1427 composita,
1387 1368 1441 1413 et
1464 1357 1780 1412 indivisibili
1812 1357 2035 1423 deitate;

456 1453 564 1506 illic
587 1453 729 1506 enim
783 1453 1270 1522 cum'hypostase’s
1305 1467 1411 1504 non
1433 1451 1672 1505 .omuino
1701 1450 2036 1517 dividantur,

453 1533 630 1608 neque
661 1542 882 1604 distent,
913 1539 1034 1594 ideo
1066 1555 1243 1609 neque
1277 1540 1328 1594 id
1357 1541 1510 1609 "quod
1543 1555 1794 1610 persona:
1819 1541 2032 1608 volunt,

323 1640 371 1712 .'
451 1631 746 1698 dividitur;
780 1633 888 1686 into
928 1632 989 1684 τὸ
1026 1631 1315 1700 γνωμικὸν
1373 1639 1456 1684 est
1501 1639 1760 1700 tanquam
1821 1631 2031 1685 ttuitum

2132 436 2254 487 καθ’
2290 435 2589 489 ὑπόστασιν
2631 435 2860 488 ἕνωσιν·
2907 438 2936 489 ὁ
2981 435 3143 513 αὐτὸς
3172 424 3292 507 ’γὰρ
3338 431 3416 505 ἦν
3467 435 3604 498 Θεὸς
3639 441 3723 492 καὶ

2133 526 2440 598 ἄνθρωπος.
2479 528 2570 580 Διὸ
2598 524 2719 581 οὐδὲ
2760 526 3039 598 γνωμικὸν
3067 522 3179 596 εἶχε
3203 527 3432 598 θέλημα
3462 541 3480 558 ⁸
3515 526 3721 598 θέλησιν

2135 621 2234 689 μὲν
2267 619 2374 687 γὰρ
2404 614 2518 690 εἶχε
2544 619 2643 690 τὴν
2676 619 2920 690 φυσικὴν·
2938 621 3036 689 τ’ὴν
3060 619 3260 689 ἁπλῆν,
3296 621 3411 686 τὴν
3441 620 3502 672 ἐν
3530 621 3723 684 πάσαις

2131 711 2240 763 τῶν
2269 711 2571 782 ἀνθρώπων
2606 711 2832 779 φύσεσιν
2853 713 3054 779 ὁμοίως
3081 711 3483 782 θεωρουμένην
3503 715 3524 742 δ’
3552 711 3649 784 τὴν
3671 711 3722 766 δὲ

2133 805 2417 873 γνωμικὴν
2446 803 2668 874 θέλησιν
2694 804 2794 856 οὑκ
2824 796 2970 873 εἶχεν
2999 797 3162 856 αὑτοῦ
3201 805 3234 873 ἡ
3279 804 3425 870 ᾁγία
3453 803 3605 874 ψυχὴ
3641 805 3720 855 ὲν-

2131 913 2230 964 αντ
2244 896 2327 947 ίαν
2357 894 2451 948 τοῦ
2492 894 2635 949 θείου
2671 892 2976 966 θελήματος
3013 894 3200 959 αὑτοῦ,
3240 895 3373 948 οὑδὲ
3408 894 3547 948 ἄλλο
3585 896 3722 968 παρὰ

2135 986 2195 1040 τὸ
2227 987 2370 1040 θετον
2398 986 2560 1039 αὑτοῦ
2589 986 2822 1058 θέλημα.
2864 986 2928 1040 Ἢ
2964 987 3074 1058 γὰρ
3099 988 3292 1057 γνώμη
3330 987 3720 1059 συνδιαιρεῖται

2135 1080 2259 1142 ταῖς
2297 1079 2681 1152 ὑποστάσεσιν,
2723 1075 2865 1150 πλὴν
2913 1080 3006 1132 ἐπὶ
3056 1079 3226 1149 μόνης
3270 1079 3381 1148 τῆς
3436 1078 3604 1145 ἁγίας
3639 1080 3721 1132 καὶ

2138 1170 2316 1240 ἁπλῆς
2348 1172 2440 1224 καὶ
2469 1171 2764 1225 ἀσυνθέτου
2795 1171 2888 1249 καὶ
2933 1171 3244 1242 ἀδιαιρέτου
3277 1171 3580 1242 θεότητος⁸
3619 1173 3722 1226 ἐκεῖ

2136 1263 2246 1334 γὰρ
2295 1263 2403 1317 τῶν
2455 1264 2808 1317 ὑποστάσεων
2858 1263 2932 1335 μὴ
2987 1265 3068 1328 sit;
3127 1263 3276 1316 ἅπαν
3327 1262 3722 1333 διαιρουμένων

2143 1355 2277 1425 μηδὲ
2310 1355 2701 1426 διισταμένων,
2730 1355 2851 1408 οὑδὲ
2880 1355 2939 1407 τὸ
2977 1354 3198 1425 θελητὸν
3222 1355 3554 1424 διαιρεῖται,
3618 1354 3719 1409 ἀλλ’

2138 1446 2254 1500 ἔστι
2286 1446 2364 1517 τῷ
2395 1446 2610 1518 φυσικῷ
2639 1447 2701 1500 τὸ
2728 1447 3026 1515 γνωστικὸν
3055 1443 3246 1518 ὥσπερ
3275 1446 3572 1518 ἡνωμένον
3594 1484 3608 1506 .
3641 1448 3722 1500 καὶ

2094 1604 2104 1612 _
2139 1540 2288 1610 νόμῳ
2320 1540 2671 1611 περιγραφῆς
2713 1538 3391 1609 ἰδίας-ὑπομεριζόμενον.
3430 1538 3607 1590 Κάκεῖ
3634 1537 3721 1607 μὲν

2140 1631 2330 1702 ἐπειδὴ
2361 1631 2459 1702 μία
2485 1632 2666 1701 φύσις,
2705 1633 2804 1702 μία
2833 1633 2926 1684 καὶ
2955 1632 2991 1702 ἡ
3022 1634 3229 1702 ’φυσικὴ
3264 1629 3524 1700 θέλησις,
3551 1630 3720 1697 ἐπειδὴ

458 1737 580 1776 cunt
636 1723 897 1790 naturali,
950 1729 1005 1776 et
1058 1721 1174 1790 lege
1229 1721 1753 1791 circumscriptionis
1805 1724 2036 1793 prepria:

2145 1725 2196 1776 δὲ
2224 1725 2318 1778 καὶ
2345 1727 2399 1778 αἱ
2432 1725 2761 1788 ὑποστάσεις
2811 1723 3109 1794 ἀδιαίρετοι
3140 1725 3308 1789 εἰσιν,
3345 1723 3409 1775 ἓν
3439 1723 3535 1775 καὶ
3565 1721 3623 1774 τὸ
3645 1721 3718 1774 θε-

458 1814 836 1889 subdivisum;
883 1814 994 1868 illic
1031 1814 1200 1878 enim,
1242 1814 1369 1882 quia
1404 1805 1511 1868 un'a
1545 1824 1630 1870 est
1676 1825 1891 1881 natura,
1930 1832 2036 1870 una

2145 1818 2316 1886 λητὸν,
2357 1818 2452 1871 καὶ
2503 1818 2601 1886 μία
2634 1819 2667 1889 ὴ
2701 1817 2916 1884 κίνησις
2959 1816 3068 1868 τῶν
3116 1815 3286 1888 τριῶν
3352 1812 3718 1874 ὑποστάσεων,

447 1915 540 1985 est
559 1888 727 1960 etiam
750 1907 1015 1985 naturalis
1041 1905 1316 1971 voluntas;
1337 1908 1460 1976 quia
1480 1923 1608 1963 vero
1636 1919 1689 1964 et.
1717 1909 2036 1979 hypostases

2145 1911 2234 1963 >ὑκ
2267 1910 2599 1980 ἀνεχομένης
2645 1888 2746 1979 τῆς
2792 1910 3062 1979 ἀχράντου
3115 1909 3210 1961 καὶ
3236 1905 3568 1978 ὑπερφυοῦς
3604 1902 3716 1956 ἐνώ-

455 1984 584 2052 sunt
614 1984 1002 2067 insepa’rabiles
1025 2038 1041 2064 ,
1076 2015 1242 2054 unum
1287 2001 1452 2054 etiam
1495 2010 1579 2056 est
1604 2001 1943 2071 τὸῖθελητόν,
1980 2001 2032 2057 id

2145 2019 2270 2064 ςεως
2340 1999 2596 2073 μερισμῷ
2653 1999 2842 2072 ὑλικῆς
2894 2017 3039 2063 τινος
3106 1997 3420 2068 φαντασίας
3475 1996 3717 2067 καθυΒρΞ-

451 2098 558 2153 est,
583 2089 728 2158 quod
754 2090 966 2154 volunt,
991 2099 1044 2144 et
1075 2107 1182 2144 una
1233 2094 1400 2147 motio
1445 2091 1608 2146 trium
1644 2107 2028 2162 personarum,
2130 2095 2341 2161 ζεσθαι.
2507 2164 2512 2171 ι
2712 2116 2718 2120 ·
3266 2136 3274 2144 .

449 2177 580 2249 quia
628 2172 758 2233 unio
796 2181 886 2233 illa
920 2181 1272 2261 inviolabilis,
1313 2192 1367 2238 et
1401 2199 1574 2257 supra
1625 2193 1876 2240 naturam
1928 2204 2033 2260 non
2068 2185 2302 2261 'patitur,
2344 2196 2402 2241 ιιι
2429 2181 2665 2241 alicuius
2725 2182 3012 2261 divisionis
3053 2181 3271 2236 ﬁctione
3305 2179 3638 2237 contumelia
3673 2178 3716 2233 ei

451 2271 721 2340 inferatur
757 2273 890 2343 (55).

521 2364 579 2418 in
630 2351 945 2424 hominibus
990 2372 1159 2436 enim,
1190 2369 1317 2439 quia
1373 2385 1479 2424 una
1519 2380 1603 2426 est
1658 2383 1877 2440 natura,
1929 2393 2036 2431 uua

453 2452 670 2522 quidem
699 2465 779 2509 est
837 2458 1104 2513 naturalis
1159 2461 1429 2524 voluntas,
1483 2463 1577 2516 sed
1632 2479 1880 2532 persona:
1909 2477 2039 2523 sunt

449 2541 595 2600 inter
627 2562 685 2602 se
717 2547 928 2614 divisa),
973 2551 1338 2607 et’distincta:
1390 2563 1654 2623 tempore,
1697 2566 1751 2611 ct
1803 2558 1945 2625 loco,
1987 2570 2040 2615 et

451 2639 814 2708 dispositione
837 2657 963 2710 erga
989 2627 1097 2706 res,
1133 2653 1187 2697 et
1219 2643 1404 2698 multis
1427 2642 1552 2702 aliis
1585 2663 1599 2700 ι
1625 2646 1830 2704 idcirco
1854 2652 2037 2705 diver-

451 2742 526 2782 sa:
547 2728 852 2784 voluntates
885 2742 1209 2797 cernuntur,
1240 2743 1297 2788 et
1342 2736 1570 2791 diversae
1604 2739 1820 2810 γνῶμαι
1851 2743 1924 2806 (id
1959 2754 2039 2797 est

450 2821 760 2888 voluntates
789 2837 912 2876 cum
945 2823 1231 2893 allectique
1260 2837 1315 2881 et.
1345 2828 1640 2898 atuore);in
1661 2831 1912 2900 Domino
1938 2851 2040 2889 au-

451 2921 566 2965 tem
590 2909 752 2973 .Jesu,
776 2914 906 2982 quia
940 2924 1069 2970 sunt
1098 2915 1332 2970 diversa!
1363 2927 1591 2983 naturae,
1616 2920 1848 2986 diversa:
1874 2923 2038 2977 etiam
2069 2905 2112 2962 ο

447 3009 576 3056 sunt
607 3002 935 3084 voluntates,
965 3006 1271 3084 divinitatis
1303 3007 1423 3078 ejus
1461 3018 1515 3063 et
1563 3009 1938 3078 humanitatis,
1987 3011 2042 3068 id

447 3101 531 3147 est
565 3085 822 3162 potentia.-
861 3082 1173 3165 θελητικαί,
1213 3099 1264 3152 id
1296 3109 1397 3165 est,
1441 3100 1507 3154 ad
1551 3101 1862 3159 voleudum.
1896 3102 2043 3160 Rur-

448 3199 547 3238 sus
583 3198 735 3249 vero,
777 3186 905 3255 quia
954 3201 1060 3240 uua
1104 3197 1188 3242 est
1233 3188 1582 3259 hypostasis,
1629 3201 1684 3246 et
1735 3209 1898 3259 unus,
1946 3196 2042 3264 qui

448 3276 586 3339 vult,
625 3287 796 3329 unum
849 3277 1012 3330 etiam
1051 3285 1138 3332 est
1174 3280 1320 3348 quod
1352 3281 1488 3346 vult,
1534 3282 1587 3337 id
1618 3292 1700 3338 est
1744 3285 1804 3337 τὸ
1832 3301 2043 3356 γνωμι-

451 3363 550 3416 κὸν
597 3363 762 3417 αὑτοῦ
799 3365 1012 3436 θέλημα
1062 3369 1198 3437 (54),
1239 3370 1342 3426 hoc
1369 3381 1475 3435 est,
1510 3373 1761 3429 voluntas
1795 3388 1919 3430 eum
1960 3376 2043 3430 af-

454 3455 726 3522 fectione;
763 3470 1022 3525 sequente
1071 3445 1281 3516 scilicet
1327 3463 1569 3520 humana
1603 3466 1723 3535 ejus
1764 3469 2044 3526 voluntate

449 3545 691 3601 divinam
742 3547 986 3616 ejusdem
1040 3552 1395 3620 voluntatem,
1460 3557 1763 3628 eademque
1809 3560 2039 3623 volente,

452 3635 934 3707 quae,divinaiejus'
966 3639 1223 3696 voluntas
1259 3643 1430 3697 voluit
1467 3640 1642 3714 ipsam
1681 3649 1835 3702 velle.
1863 3648 2045 3715 Quare

456 3726 766 3781 voluntates
788 3729 1073 3798 guonticaa,
1127 3741 1183 3786 et
1225 3717 1577 3807 hypostaticre
1611 3754 1674 3792 ac
1704 3732 2040 3809 personatos,

457 3828 514 3872 et
542 3819 782 3904 electiva:
815 3823 1060 3877 eamdem
1088 3841 1199 3879 rem
1231 3827 1529 3894 subjectum
1563 3831 1894 3902 signiﬁcant.

529 3909 757 3978 Oportet
783 3923 966 3967 autem
997 3913 1160 3980 scire,
1191 3927 1250 3982 ut
1283 3918 1457 3988 major
1503 3931 1556 3975 et
1595 3923 2044 3992 pleniorverbo-

457 4016 577 4054 rum
607 4001 921 4070 explanatio
951 4003 1064 4070 tiat,
1103 4005 1420 4076 signiﬁcare
1448 4011 1745 4082 aliquando
1784 4014 2042 4071 volunta-

453 4103 586 4156 tem,
631 4093 933 4161 potentiam
977 4094 1043 4148 ad
1094 4095 1406 4162 voleudum,
1450 4110 1504 4153 et
1533 4103 1730 4158 dicitur
1787 4106 2043 4162 voluntas

456 4170 760 4249 naturalis;
801 4186 1133 4258 quandoque
1179 4205 1311 4244 vero
1355 4192 1627 4263 significat
1671 4197 1733 4249 τὸ
1788 4198 2036 4269 θελητὸν,

456 4275 508 4327 id
529 4283 630 4337 est,
661 4275 734 4339 id,
769 4276 916 4345 quod
946 4280 1220 4342 volumus,
1252 4293 1305 4335 et
1337 4281 1540 4338 dicitur
1567 4286 1776 4357 θέλημα
1823 4307 2037 4360 γνωμι-

453 4366 569 4421 κὸν.
606 4368 668 4420 Ει
695 4379 916 4425 auctore
940 4383 1130 4426 sancto
1157 4371 1394 4428 Maximo
1415 4375 1596 4432 dill’crt
1619 4378 1868 4435 voluntas
1897 4397 2039 4450 gno-

452 4461 595 4514 mica
631 4475 661 4546 a
698 4462 977 4516 voluntate
1033 4466 1289 4529 naturali,
1331 4469 1458 4537 quia
1489 4469 1579 4524 illa
1616 4472 1833 4542 quidem
1868 4475 2041 4546 hypo-

455 4555 646 4608 statica
676 4563 730 4608 et
769 4555 1073 4623 personalis
1098 4565 1184 4610 est
1221 4565 1276 4612 et
1317 4561 1663 4629 nominatur;
1710 4564 1822 4621 haec
1850 4575 2031 4622 autem

453 4645 722 4700 naturalis
749 4646 1004 4702 voluntas
1031 4663 1138 4702 non
1165 4658 1269 4716 est,
1303 4665 1481 4723 neque
1516 4666 1740 4709 vocatur
1771 4641 2033 4727 hypOsta-

2063 4244 2117 4303 D

2233 2375 2357 2429 Ἐπὶ
2386 2374 2441 2428 δὲ
2476 2373 2584 2427 τῶν
2625 2370 2926 2443 ἀνθρώπων
2963 2371 3151 2440 ἐπειδὴ
3216 2371 3317 2440 μία
3353 2372 3389 2440 ή
3423 2369 3602 2438 φύσις,
3631 2369 3714 2437 μία

2149 2468 2248 2540 μὲν
2295 2467 2388 2520 καὶ
2422 2469 2454 2536 ἡ
2484 2465 2690 2536 φυσικὴ
2741 2451 2979 2532 θέλησις.
3016 2463 3451 2534 Κεχωρισμέναι
3496 2461 3553 2536 δέ
3594 2461 3714 2512 είσιν

2145 2561 2243 2616 ἀπ’
2273 2561 2520 2630 ἀλλήλων
2544 2558 2600 2610 αἱ
2629 2558 2956 2622 ὑποστάσεις
2980 2559 3073 2610 καὶ
3095 2557 3457 2630 διεστήκασιν
3479 2556 3646 2625 χρόνῳ
3664 2569 3710 2604 τε

2145 2651 2241 2714 καὶ
2287 2651 2438 2722 τόπῳ
2485 2651 2579 2704 καὶ
2612 2653 2677 2720 τῇ
2721 2649 2858 2719 πρὸς
2903 2650 2970 2702 τὰ
3003 2649 3310 2720 πράγματα
3339 2646 3599 2709 διαθέσει,
3633 2645 3710 2698 καὶ

2148 2743 2289 2797 κατὰ
2317 2743 2486 2796 πολλὰ
2517 2742 2652 2798 ἄλλα
2672 2783 2687 2808 ,
2705 2741 2893 2796 τούτου
2924 2741 3086 2796 ’ἑνεκα
3116 2741 3355 2812 διάφορα
3381 2741 3453 2794 τά
3477 2757 3533 2793 τε
3565 2739 3703 2810 θελή-

2151 2850 2297 2903 ματα
2329 2819 2631 2904 καθορᾶται
2667 2834 2763 2886 καὶ
2784 2833 2839 2886 αἱ
2880 2832 3117 2902 γνῶμαι.
3149 2830 3272 2886 Ἐπὶ
3299 2830 3361 2884 δὲ
3398 2830 3494 2884 τοῦ
3529 2828 3707 2902 Κυρίου

2145 2924 2306 2995 ἡμῶν
2337 2925 2512 2995 Ἰησοῦ
2542 2925 2802 2997 Χριστοῦ,
2831 2925 2954 2977 ἐπεὶ
2986 2923 3232 2994 διάφοροι
3263 2923 3320 2976 αἱ
3377 2922 3584 2991 φύσεις,
3606 2921 3704 2973 διὰο

2147 3032 2303 3086 φοροι
2339 3017 2436 3087 μὲν
2469 3017 2564 3071 καὶ
2593 3017 2649 3070 αί
2675 3016 2896 3086 φυσικαῖ
2935 3014 3183 3086 θελήσεις
3203 3015 3303 3084 τῆς
3354 3013 3600 3088 θεότητος
3623 3011 3704 3064 αὑ-

2145 3107 2240 3159 τοῦ
2277 3107 2374 3160 καὶ
2406 3108 2505 3176 τῆς
2537 3107 2981 3178 ἁνθρωπότητος,
3020 3108 3187 3175 ῆγουν
3231 3106 3288 3159 at
3339 3105 3610 3175 θελητικαὶ
3628 3103 3704 3155 δυ-

2146 3199 2358 3269 νάμεις.
2402 3200 2556 3253 Ἐπεὶ
2581 3199 2638 3253 δὲ
2662 3185 2829 3253 ’πάλιν
2860 3201 2892 3268 ἡ
2926 3198 3224 3261 ὑπόστασις
3270 3200 3397 3268 μία,
3445 3198 3538 3252 καὶ
3575 3189 3645 3258 εἷς
3679 3195 3703 3246 ὁ

2147 3291 2337 3354 θέλων,
2365 3290 2424 3343 ἒν
2452 3291 2549 3344 καὶ
2572 3292 2634 3344 τὸ
2673 3290 2937 3362 θελητὸν,
2969 3292 3136 3361 ἤγουν
3167 3291 3228 3344 τὸ
3250 3292 3549 3362 γνωστικὸν
3569 3288 3588 3326 ί
3609 3287 3701 3353 ⁸αὑ-

2147 3381 2241 3436 τοῦ
2265 3380 2502 3454 θέλημαο
2537 3381 2696 3452 δῆλον
2742 3384 2825 3439 ὅτι
2865 3384 2962 3451 τῆς
3005 3382 3358 3455 ἀνθρωπίνης
3389 3381 3547 3438 αὑτοῦ
3572 3381 3701 3448 θελή-

2151 3489 2292 3535 σεως
2321 3473 2596 3542 ἑπομένης
2631 3475 2698 3544 τῇ
2733 3472 2853 3543 θείᾳ
2880 3472 3049 3526 αὑτοῦ
3081 3473 3300 3548 θελήσει
3321 3518 3338 3541 ,
3373 3475 3466 3528 καὶ
3492 3473 3557 3527 τὰ
3585 3470 3698 3524 αὑτᾶ

2148 3561 2410 3632 θελούσης
2439 3563 2506 3616 ἂν
2540 3562 2573 3634 ἡ
2602 3563 2726 3616 θεία
2785 3563 2951 3617 αὑτοῦ
3001 3564 3220 3636 θέλησις
3267 3567 3505 3636 ἠθέλησε
3550 3564 3698 3616 θέλειν

2147 3652 2339 3722 αὑτήν.
2393 3653 2673 3707 Γνωστικὰ
2702 3654 2885 3708 τοίνυν
2918 3654 3202 3727 θελήματα
3247 3657 3344 3710 καὶ
3395 3645 3695 3710 ὑποστατικὰ

2149 3743 2245 3796 καὶ
2273 3745 2602 3814 προσωπικᾶ
2639 3746 2735 3798 καὶ
2767 3749 3156 3818 προαιρετικὰ,
3182 3747 3243 3802 τὸ
3272 3749 3408 3803 αὑτὸ
3435 3747 3498 3802 ἂν
3534 3746 3696 3816 εἴησαν

2145 3834 2342 3888 ὑποκεί
2349 3853 2508 3906 μενον
2533 3838 2769 3908 πρᾶγμα
2799 3840 3154 3910 σημαίνοντα.

2219 3927 2432 3980 Εἰδέναι
2463 3927 2544 3981 δεῖ
2578 3929 2775 3997 πείρας
2807 3932 3093 4000 φιλολόγου
3123 3932 3215 3985 καὶ
3241 3926 3572 4003 σαφεστέρας
3589 3927 3692 3978 ἀπ’

2146 4016 2483 4088 πληρώσεως
2512 4021 2778 4091 ῥημάτων
2806 4023 2989 4094 χάριν,
3021 4027 3096 4090 ὼς
3127 4025 3187 4078 τὸ
3218 4026 3433 4098 θέλημα
3466 4021 3582 4077 ποτὲ
3608 4020 3691 4090 μὲν

2143 4112 2243 4182 τὴν
2270 4111 2488 4183 θέλησιν
2528 4113 2702 4182 δηλοῖ,
2744 4117 2861 4186 ἤτοι
2892 4117 2990 4189 τὴν
3025 4118 3314 4190 Θελητικὴν
3346 4119 3582 4187 δύναμιν,
3614 4110 3690 4165 καὶ

2145 4205 2359 4274 λέγεται
2389 4207 2598 4278 θέλημα
2623 4209 2850 4276 φυσικόν
2869 4223 2882 4239 ⁶
2917 4212 3044 4264 ποτὲ
3071 4212 3128 4266 δὲ
3170 4213 3231 4266 τὸ
3261 4213 3501 4282 Θελητὸν,
3517 4209 3598 4261 καὶ
3617 4205 3688 4258 λί-

2151 4314 2308 4365 γεται
2342 4297 2554 4369 θέλημα
2583 4300 2879 4372 γνωμικόν.
2917 4304 3028 4368 Καὶ
3059 4305 3204 4358 κατὰ
3231 4305 3323 4359 τὸν
3352 4303 3565 4376 ίερὸτδὲ
3591 4297 3688 4353 Μὰ·

2150 4391 2328 4459 ξιμον,
2359 4379 2606 4463 διαφέρει
2653 4393 2866 4466 θέλημα
2894 4399 3173 4468 γνωμικὸν
3216 4399 3513 4471 θελήματος
3555 4409 3684 4464 φυσι-

2145 4484 2264 4545 κοῦ,
2299 4485 2381 4538 ὅτι
2407 4486 2467 4539 τὸ
2497 4487 2595 4556 μὲν
2626 4487 2990 4546 ὑποστατικὸν
3028 4509 3088 4545 τε
3115 4495 3218 4546 καὶ
3249 4491 3582 4564 προσωπικὸν
3614 4484 3684 4537 καὶ

2143 4575 2260 4628 ἔστι
2289 4577 2384 4630 καὶ
2409 4577 2736 4648 ὀνομάζεται
2765 4619 2782 4646 ,
2821 4580 2884 4634 τὸ
2914 4583 2969 4634 δὲ
2997 4585 3225 4652 φυσικὸν
3253 4583 3462 4656 θέλημα
3491 4582 3577 4634 οὐκ
3603 4579 3676 4629 ἔτι.

2141 4667 2255 4720 Καὶ
2305 4667 2384 4720 ἐτι
2429 4667 2697 4741 διαφέρει,
2724 4672 2867 4744 ὅτιὴ
2901 4673 3024 4743 μὲν.
3050 4675 3238 4739 ἁπλῶς
3281 4675 3378 4730 καὶ
3417 4673 3486 4738 ὡς
3527 4669 3679 4735 ἔτυχεν

1731 4823 1960 4890 γιιιιιίε
1992 4823 2448 4908 ιεατιοΝΕεί,

526 4958 550 5002 τ
583 4929 840 5021 Turriau.
880 4965 1007 5038 legit
1035 4966 1340 5036 γνωμικόν,
1381 4965 1589 5036 optime

1971 5123 2205 5183 NOTAE.

525 5229 636 5306 (55)
666 5229 804 5306 Non;
821 5234 1024 5306 petitur
1049 5245 1106 5288 ut
1123 5232 1357 5301 alicujus
1386 5233 1661 5306 divisionis
1679 5239 1888 5306 ﬁctione
1903 5259 2030 5296 con-

450 5302 670 5382 tumelia
709 5304 754 5356 ei
791 5302 1082 5382 inferatur.
1114 5307 1229 5357 Οὑκ
1258 5305 1596 5382 ανεχσμένῃς
1621 5345 1636 5360 .
1773 5313 2028 5382 μερισμῷ

451 5371 642 5444 ὑλικῆς
671 5390 814 5436 τινος
848 5371 1153 5442 φαντασίας
1181 5371 1630 5444 καθυϐρίζεσθαι.
1665 5377 1718 5431 Id
1743 5371 1823 5434 est
1849 5371 1869 5433 ἐ
1910 5371 2027 5438 Νοή

450 5443 656 5512 patitur
681 5452 734 5496 ut
758 5444 990 5512 alicujus
1025 5445 1157 5498 idea:
1187 5443 1486 5498 tuaterialis
1509 5446 1778 5504 divisione
1831 5450 2027 5506 contu-

455 5515 611 5566 utetia
645 5513 746 5566 sibi
786 5515 1070 5568 inferatur.
1481 5561 1486 5566 .
1847 5521 1850 5526 '

525 5581 636 5650 (54)
662 5583 758 5657 Ait
780 5583 1097 5657 ΙιειιοΡΙιιιιίἰ
1135 5583 1296 5657 verba
1327 5583 1525 5657 adjecit
1548 5588 1736 5656 nescio
1766 5591 1900 5657 quis.
1923 5592 2034 5647 hoc

453 5647 701 5704 ent-cum
726 5651 1268 5718 ScholiouJ’hotium
1296 5647 1749 5714 contradictiouis
1767 5647 2031 5731 arguens:

2136 5248 2259 5322 βὼς
2299 5248 2521 5318 λέγεται
2550 5249 2784 5322 ἐνταῦθα
2817 5250 2876 5303 ἓν
2907 5251 3189 5322 γνωμικὸν
3222 5253 3320 5306 ἐπὶ
3371 5246 3576 5321 Χριστοῦ
3602 5243 3666 5297 θέ-

2135 5318 2586 5394 λημα-πολλαχοὺ
2616 5321 2871 5394 διαϐολὴν
2902 5318 3121 5392 ἔχοντος
3171 5323 3266 5375 τοῦ
3295 5318 3665 5394 παρεισάγοντος

2133 5389 2234 5461 τὴν
2278 5391 2434 5455 δόξαν
2483 5391 2734 5460 ταύτηνς
2781 5389 3056 5455 Quatttodo
3090 5395 3174 5446 hic
3221 5389 3420 5449 dicitur
3454 5406 3547 5444 esse
3587 5395 3666 5461 tnta

2137 5460 2381 5532 voluntas
2434 5461 2681 5532 gnontica
2731 5463 2782 5512 in
2829 5461 3075 5528 Christo,
3126 5480 3243 5516 tum
3297 5465 3385 5530 qui
3428 5463 3543 5518 hanc
3577 5460 3658 5532 PP"

2047 5537 2056 5546 '
2143 5531 2351 5604 nionem
2401 5527 2716 5604 introducit
2749 5533 2946 5598 passim
2988 5527 3268 5604 'refutctur
3289 5527 3319 5588 1"
3353 5533 3407 5589 lu
3454 5533 3540 5586 hoc
3577 5527 3666 5593 ἱρςο

2147 5601 2354 5657 scilicet
2379 5609 2639 5658 tractatu.
2675 5601 2942 5656 Tunntxs.
