3820 6212
181 252 272 318 513

1080 243 1177 302 AD
1210 236 1798 301 AMPHILOCHIUM
1840 234 2181 307 QU.‘EST[O
2212 235 2438 294 LXXX.

3295 229 3397 293 5H

181 365 355 433 ἔχουσα
401 352 505 410 τῶν
553 353 693 408 κατᾶ
736 352 896 423 φύσιν
949 351 1288 406 συστατικῶν
1335 352 1478 421 ὁρμή
1517 366 1575 402 τε
1619 350 1712 401 καὶ

1839 361 1916 397 ica
1941 356 1993 399 et
2019 345 2343 414 personalis.
2370 343 2551 398 Dill'ert
2578 343 2775 406 adhuc,
2804 342 2947 413 quod
2972 342 3230 413 appetitio
3254 342 3403 395 sim-.
3433 415 3437 419 _

180 457 364 522 ἔφεσις,
395 447 601 516 θέλημά
641 448 756 499 ἐστι
783 444 1033 514 φυσικόν.
1064 445 1128 497 Ἦ
1160 444 1215 497 δὲ
1243 443 1349 495 τῶν
1374 442 1493 496 καθ’
1524 440 1718 510 ἡδονὴν

1839 438 2039 507 pliciter
2060 445 2113 491 et
2146 446 2421 506 utcunque
2464 451 2679 500 eorum,
2713 449 2835 506 quae
2883 445 3012 491 sunt
3054 434 3197 488 κατὰ
3230 434 3392 504 φύσιν

182 537 564 612 συνεργητικῶν
612 538 741 591 ποιὰ
795 538 891 591 καὶ
937 536 1192 606 διάφορος
1241 534 1453 605 κίνησίς
1500 550 1559 585 τε
1622 534 1716 587 καὶ

1839 526 2142 591 τυστατικὰ,
2171 527 2225 579 id
2268 536 2371 590 est,
2409 541 2530 594 qua}
2576 526 2645 579 ad
2694 525 3133 580 constitutionem
3188 535 3394 578 natura:

176 633 357 708 ὄρεξις,
380 629 585 700 θέλημα
607 628 906 699 γνωμικὸν,
929 628 1049 698 ἥτις
1078 628 1172 681 καὶ
1196 628 1253 679 ἐν
1278 625 1524 680 ἐπιτάσει
1549 622 1714 677 καλοῦ

1839 622 2115 689 pertinent,
2147 629 2202 674 et
2245 617 2363 673 sine
2392 618 2590 689 quibus
2628 627 2822 673 natura
2872 634 2980 672 non
3022 617 3295 681 consistit,
3345 628 3396 670 et

181 743 234 778 τε
264 723 351 777 καὶ
378 718 471 773 τοῦ
508 718 584 791 μὴ
607 719 851 774 τοιούτου
880 717 1227 788 γινώσκεται,
1262 717 1355 770 καὶ
1381 716 1480 769 οὐκ
1511 714 1625 767 ἐστι
1654 715 1717 768 τὸ

1839 714 2172 777 lesiderium,
2211 712 2465 766 voluntas
2521 712 2787 766 naturalis
2843 718 2946 765 est.
2990 709 3055 763 Ἦ
3103 710 3213 763 τῶν
3263 711 3398 762 καθ’

178 815 421 886 πρότερον
446 811 845 883 σημαινόμενον
866 809 961 864 τοῦ
991 809 1245 881 δευτέρου
1264 807 1539 870 παντελῶς
1565 806 1720 859 ἁλλό-

175 925 330 978 τριην,
372 902 486 959 ἀλλ’
519 903 669 957 ἐστιν
713 902 897 966 αὐτοῖς
944 902 978 973 ἡ
1028 900 1280 954 κοινωνία
1324 899 1380 952 ἐν
1427 898 1722 967 ποσότητος

174 999 384 1070 ἰδιότητι
419 998 467 1051 ⁸.
501 996 613 1050 Καὶ
638 996 702 1050 δν
731 995 931 1066 τρόπον
978 994 1074 1046 καὶ
1102 993 1163 1045 τὸ
1192 991 1586 1063 σημαινόμενον
1624 991 1722 1060 τῆς

172 1089 252 1142 ἐπ’
280 1088 562 1161 ἀνθρώπου
586 1086 1013 1159 λαμϐανομένης
1047 1083 1283 1152 φύσεως.

1823 804 2013 877 ἡδονὴν
2044 802 2173 857 ποιὰ
2202 804 2297 857 καὶ
2321 803 2573 874 διάφορος
2610 803 2842 872 κίνησις.
2886 802 2937 856 id
2975 810 3079 863 est,
3125 809 3301 854 motus
3345 810 3399 852 et

1824 896 2093 966 appetitus
2124 896 2424 951 secundum
2475 895 2807 965 voluptatem
2858 908 2983 949 cum
3036 893 3299 963 qualitate
3346 902 3400 945 et

1826 988 2145 1044 diversitate
2178 997 2259 1043 est
2284 988 2494 1057 θέλημα
2523 986 2818 1055 γνωμικὸν,
2858 1000 2979 1053 qua:
3001 985 3248 1039 voluntas
3268 996 3403 1052 gno-

1826 1079 1965 1134 mica
1997 1079 2049 1134 in
2088 1080 2260 1149 magis
2296 1080 2521 1148 pulchra
2568 1093 2648 1142 re,
2687 1087 2741 1132 et
2793 1076 2966 1147 magis
3010 1091 3118 1130 non
3170 1076 3400 1145 pulchra

171 1183 513 1255 dignoscitur,
556 1193 752 1238 etnon
799 1189 885 1236 est
934 1180 1085 1249 prius
1122 1177 1485 1249 signiﬁcatum
1518 1176 1587 1231 ab
1624 1174 1728 1230 hoc
1763 1175 2003 1228 secundo
2046 1176 2260 1243 penitus
2308 1175 2567 1236 alienum,
2614 1189 2745 1243 qum
2813 1173 2994 1242 potius
3056 1171 3401 1226 communio-

170 1290 283 1331 nem
320 1274 519 1330 habent
572 1276 624 1329 in
670 1274 1003 1345 proprietate
1058 1270 1400 1342 quantitatis,
1455 1278 1510 1324 et
1551 1267 1853 1339 qualitatis,
1919 1268 2062 1322 sicut
2124 1268 2487 1337 signiﬁcatum
2534 1268 2753 1321 nomine
2824 1275 3031 1319 natura:
3070 1269 3123 1320 in
3178 1267 3400 1319 homine

168 1379 491 1527 ’θῗξιωέάρ
519 1455 695 1510 διττὸν
730 1454 968 1511 ἐνταῦθα
998 1455 1061 1509 τὸ
1090 1458 1190 1526 τῆς
1236 1454 1451 1525 φύσεως
1472 1496 1487 1519 ,
1514 1454 1574 1507 τὸ
1626 1453 1723 1524 μὲν

169 1546 340 1611 ἁπλῶς
379 1548 478 1601 καὶ
503 1545 739 1601 καθόλου
783 1551 1045 1617 σημαῖνον
1077 1546 1304 1599 ἕκαστον
1333 1544 1443 1598 τῶν
1484 1543 1589 1598 ὑπὸ
1630 1543 1723 1597 τὸν

163 1639 436 1712 ἄνθρωπον
469 1637 769 1692 τελούντων
793 1640 1035 1707 ἀτόμων,
1079 1637 1141 1691 τὸ
1170 1637 1227 1690 δὲ
1254 1636 1354 1708 ούχ
1388 1635 1577 1699 ἁπλῶς
1601 1634 1723 1689 οὐδὲ

1903 1449 2109 1520 Duplex
2164 1451 2307 1503 enim
2354 1461 2438 1505 est
2485 1451 2849 1521 signiﬁcatum
2898 1450 3119 1504 nomine
3168 1461 3397 1514 natura).

1828 1543 2059 1598 alterum
2098 1543 2316 1613 quidem
2363 1542 2684 1612 simpliciter
2727 1551 2781 1597 et
2831 1544 3080 1597 universe
3121 1542 3398 1611 signiﬁca-

1830 1644 1964 1699 tum,
2012 1633 2447 1704 unumquodque
2484 1634 2825 1689 individuum
2870 1649 2937 1689 ex
2986 1634 3076 1699 iis,
3113 1648 3235 1703 quae
3273 1644 3400 1688 sunt

165 1733 247 1786 τὸν
276 1733 393 1786 ὅλον
432 1731 538 1801 τῆς
583 1731 826 1802 ἐμφύτου
858 1729 1141 1801 δυνάμεως
1186 1730 1323 1800 πρὸς
1361 1729 1461 1792 τὰς
1495 1727 1723 1800 πράξεις

1839 1726 1932 1781 sub
1958 1726 2201 1791 homine,
2232 1725 2460 1779 alterum
2495 1741 2601 1780 non
2630 1726 2734 1780 hoc
2766 1725 2988 1779 nomine
3033 1725 3275 1780 hominis
3319 1724 3398 1779 si-

162 1820 547 1890 ἐνισχυούσης,
596 1819 716 1874 καθ’
750 1819 808 1872 ὃν
842 1819 938 1873 καὶ
990 1820 1052 1873 τὸ
1103 1818 1353 1891 σύστημα
1400 1818 1569 1873 τῶνδε
1614 1817 1724 1871 τῶν

164 1910 480 1983 ἀνθρώπων,
503 1912 564 1965 τὸ
596 1912 693 1983 μὲν
722 1914 1061 1982 γεωμετρεῖν
1092 1911 1303 1984 πέφυκε
1332 1910 1551 1982 μᾶλλον,
1587 1910 1647 1964 τὸ
1666 1910 1723 1963 δέ

163 2004 382 2073 μουσικῇ
405 2001 683 2057 τελεῖσθαι
711 2003 1163 2075 ἐπιτηδειότερον,
1192 2004 1225 2075 ἢ
1270 2005 1319 2057 oi
1358 2004 1458 2075 μὲν
1484 2004 1725 2074 πραότη-

165 2110 265 2160 τος,
293 2094 342 2146 οἱ
368 2094 427 2147 δὲ
452 2092 812 2165 σωφροσύνης
846 2094 1047 2166 μᾶλλον
1076 2095 1306 2166 ἐργάται
1344 2094 1721 2165 γνωρίζονται.

224 2354 476 2423 Διαφέρει
523 2354 623 2424 μὲν
664 2353 759 2408 οῦν
801 2353 896 2407 τοῦ
950 2355 1180 2424 φυσικοῦ
1226 2354 1527 2426 θελήματος
1577 2355 1723 2423 λογι-

161 2448 309 2514 σμοῖς
355 2447 630 2515 γενναίοις
671 2448 706 2518 ἠ
752 2446 1111 2519 προαίρεσις,
1150 2446 1288 2502 καθὸ
1330 2449 1365 2518 ὴ
1404 2448 1501 2519 μὲν
1545 2446 1723 2517 ὄρεξίς

156 2537 269 2590 ἐστι
293 2536 615 2607 βουλευτικὴ
645 2538 753 2592 τῶν
774 2541 841 2608 ἐφ
858 2538 906 2608 ’ἡ
916 2541 1027 2609 μῖν,
1050 2541 1145 2592 καὶ
1161 2538 1242 2591 ἔτι
1261 2538 1395 2594 καθὸ
1417 2539 1479 2592 τὸ
1504 2539 1601 2609 μὲν
1625 2557 1725 2609 φυ-

161 2629 307 2682 σικὸν
342 2627 563 2699 θέλημα
592 2629 752 2699 μόνον
785 2630 1016 2701 ἤρτηται
1038 2629 1147 2684 τῶν
1177 2628 1442 2697 φυσικῶν,
1470 2632 1501 2700 ὴ
1536 2629 1591 2682 δὲ
1626 2629 1725 2698 μό-

158 2737 243 2774 νον
274 2719 382 2774 τῶν
413 2720 504 2791 ἐφ’
537 2720 715 2791 ἡμῶν.
749 2721 846 2775 Ἓν
870 2721 928 2775 δὲ
955 2720 1168 2790 θέλημά
1193 2738 1327 2791 φησι
1353 2719 1447 2774 τοῦ
1486 2719 1724 2791 Χριστοῦ

159 2811 379 2877 φυσικὸν
408 2811 442 2883 ἢ
478 2813 867 2882 προαιρετικὸν
909 2814 1127 2882 φρονεῖν
1160 2811 1193 2883 ἢ
1230 2812 1407 2880 λέγειν
1444 2811 1615 2874 οὐδεὶς
1646 2812 1724 2864 εί-

158 2905 277 2956 πεῖν
318 2903 430 2957 τῶν
473 2904 737 2975 Ηατέρων
780 2905 1102 2975 ἐτόλμησεν,
1146 2904 1365 2976 ἀληθῶς
1409 2903 1611 2967 εἰδότες
1642 2904 1725 2956 ὅτι

155 2994 257 3047 τῶν
285 2994 374 3048 ἐπ’
402 2995 575 3066 ἄμφω
606 2996 941 3066 κινουμένων
972 2997 1119 3049 ἐστὶν
1148 2997 1182 3067 ἡ
1214 2996 1556 3067 προαίρεσις,
1583 2995 1726 3063 λέγω

1825 1821 2139 1890 gniﬁcatum
2171 1819 2508 1888 simpliciter,
2548 1833 2726 1888 neque
2767 1825 2965 1880 totum,
2994 1817 3140 1887 quod
3173 1824 3256 1872 est
3289 1817 3399 1870 vir-

1826 1911 1955 1965 tutis
1990 1920 2185 1966 natura
2225 1912 2536 1967 hominibus
2568 1911 2744 1966 insitae
2772 1910 2840 1965 ad
2866 1911 3145 1975 actiones;
3184 1922 3292 1978 quo
3319 1908 3399 1962 si-

1825 2001 2081 2073 gniﬁcato
2125 2002 2356 2059 dicimus
2397 2004 2497 2058 hos
2559 2002 2811 2057 homines
2858 2016 2981 2056 esse
3031 1999 3202 2071 magis
3244 2007 3401 2068 aptos

1826 2103 2019 2148 natura
2063 2093 2129 2147 ad
2176 2094 2485 2164 geometriae
2534 2093 2796 2155 studium,
2849 2093 2986 2147 alios
3040 2091 3105 2144 ad
3158 2090 3398 2146 studium

1825 2186 2071 2249 musicae,
2102 2185 2233 2241 alios
2265 2187 2331 2241 ad
2383 2186 2881 2252 mansuetudinem,
2919 2186 3039 2240 illos
3069 2185 3136 2239 ad
3179 2186 3401 2240 castita-

1826 2285 1955 2330 tem.

1904 2368 2091 2424 Diﬁ‘ert
2128 2370 2292 2440 igitur
2320 2384 2351 2424 a
2390 2370 2669 2426 voluntate
2700 2369 2932 2424 naturali
2980 2368 3403 2439 cegitationihus

1825 2462 2104 2531 generosis
2120 2461 2374 2518 voluntas
2407 2462 2599 2525 libera,
2625 2470 2898 2532 quatenus
2924 2462 3037 2517 haec
3069 2470 3154 2517 est
3186 2460 3400 2532 appeti-

1826 2561 1914 2607 tus
1941 2553 2262 2608 consultans
2283 2553 2351 2607 de
2371 2554 2458 2620 iis,
2495 2569 2616 2623 qua:
2647 2562 2776 2608 sunt
2799 2556 2854 2607 in
2892 2563 3077 2610 nostra
3112 2562 3401 2623 potestate,

1826 2652 1879 2698 et
1895 2655 2164 2714 quatenus
2195 2645 2457 2701 naturalis
2481 2645 2735 2701 voluntas
2759 2646 2953 2715 pendet
2977 2661 3043 2700 ex
3062 2645 3405 2700 naturalibus

1826 2746 2033 2793 tantum
2051 2753 2065 2801 ;
2082 2736 2194 2790 haec
2214 2744 2393 2791 autem
2417 2736 2581 2791 libera
2597 2737 2748 2792 exiis
2773 2746 3001 2802 tantum,
3021 2753 3140 2806 qua:
3160 2744 3289 2792 sunt
3312 2749 3408 2806 pe-

1827 2838 1924 2879 nes
1939 2840 2058 2880 nos.
2082 2823 2257 2879 Unam
2280 2832 2461 2880 autem
2483 2834 2734 2880 naturam
2760 2827 2814 2880 in
2830 2826 3049 2881 Christo
3076 2827 3405 2891 naturalem,

1828 2924 1919 2970 tua
1937 2918 2345 2990 προαιρετικὴν,
2373 2919 2424 2973 id
2448 2927 2552 2982 est.
2570 2919 2851 2974 electivam
2871 2920 3072 2974 sentire
3092 2929 3187 2975 aut
3202 2920 3404 2985 dicere,

1828 3011 2033 3075 nullus,
2066 3011 2241 3081 inquit
2264 3011 2399 3081 (55),
2445 3028 2511 3067 ex
2561 3014 2766 3069 sanctis
2808 3012 3060 3068 Patribus
3104 3028 3272 3068 ausus
3300 3023 3406 3068 est.

154 3087 212 3138 δὲ
251 3086 343 3140 ἐπί
375 3104 437 3139 τε
483 3088 557 3141 τὰ
596 3088 739 3142 καλὰ
774 3089 870 3142 καὶ
912 3090 1006 3142 ἐπὶ
1048 3089 1117 3141 τὰ
1157 3087 1357 3157 φαῦλα,
1398 3089 1537 3160 ὅπερ
1580 3089 1727 3143 ἐστὶν

1839 3100 2089 3157 Sciebant
2109 3104 2255 3158 enim
2279 3104 2597 3159 electionem
2621 3121 2742 3161 esse
2762 3120 2974 3171 eorum,
3000 3106 3093 3175 qui
3117 3105 3171 3159 in
3204 3115 3412 3159 utram-

156 3178 249 3230 ἐπὶ
302 3177 551 3249 Χριστοῦ
600 3179 695 3233 καὶ
752 3182 893 3233 νοεῖν
938 3179 1035 3233 καὶ
1089 3178 1271 3248 λέγειν
1305 3179 1404 3249 τῆς
1447 3179 1611 3250 ὀρθῆς
1651 3181 1737 3231 ἐν·

156 3266 439 3340 δεέστερον
473 3269 734 3339 κρίσεως.

232 3447 354 3500 Ἔτι
379 3448 439 3501 δέ
467 3448 522 3500 εἰ
548 3447 695 3502 ἔστιν
721 3450 1080 3504 ὑποστατικὸν
1120 3448 1330 3520 θέλημα
1354 3449 1445 3502 ἐπὶ
1471 3448 1733 3520 Χριστοῦ,

156 3533 345 3591 διοίσει
372 3539 600 3602 πάντως
629 3539 739 3594 τῶν
769 3541 856 3610 ἐφ’
882 3540 1113 3595 ἑκάστου
1138 3540 1247 3595 τῶν
1273 3541 1576 3612 ἀνθρώπων
1597 3540 1736 3594 θεω-

159 3626 446 3696 ρουμένων
485 3628 784 3698 γνωμικῶν
805 3628 1128 3701 θελημάτων
1164 3631 1352 3685 διοίσει
1388 3631 1444 3685 δὲ
1474 3630 1737 3696 ὡσαύτως

156 3717 251 3770 καὶ
269 3718 367 3773 τοῦ
400 3722 458 3773 ἐν
476 3720 658 3792 Πατρὶ
675 3722 765 3775 καὶ
790 3721 1069 3793 Πνεύματι
1092 3722 1465 3794 θεωρουμένου
1494 3723 1621 3794 θελή
1631 3740 1737 3793 μα-

154 3824 263 3872 τος.
294 3810 363 3862 Τί
393 3807 495 3865 οῦν
522 3812 673 3865 ἐστιν
700 3812 728 3865 ὃ
749 3812 823 3883 μή
841 3830 902 3866 τε
935 3813 1274 3885 ἀνθρώπινόν
1298 3817 1415 3867 ἐστι
1437 3816 1734 3886 γνωμικὸν,

156 3900 296 3970 μήτε
320 3902 463 3966 ὅλως
489 3901 673 3956 θεῖκὸν
695 3902 926 3974 θέλημα.
947 3904 1021 3959 οὐ
1050 3906 1158 3975 γὰρ
1185 3906 1247 3977 δή
1274 3923 1356 3970 τις
1392 3907 1643 3961 σύνθετόν
1684 3927 1737 3963 τι

153 3993 288 4061 ἐρεῖ,
329 3993 416 4046 ὄτι
457 3992 588 4063 μηδ’
615 3992 763 4046 ἐστιν
805 3994 1089 4065 ἐπινοῆσαι
1120 3995 1424 4067 θελήματος
1459 4000 1734 4066 σύνθεσιν,

154 4080 345 4153 ὥσπερ
376 4083 687 4136 ὑπόστασιν
717 4084 849 4154 όρᾷν
872 4084 987 4138 ἐστι
1013 4084 1286 4144 σύνθετον.

137 4233 143 4243 ’
222 4261 363 4315 cess
392 4279 481 4327 τις
512 4262 661 4331 λέγοι
686 4262 764 4326 ὡς
797 4264 825 4316 ὁ
872 4263 1028 4331 λόγος
1062 4256 1221 4328 οὗτος
1262 4266 1371 4320 οὐδ’
1397 4267 1571 4321 ἀλλων
1615 4270 1738 4323 τινὰ

1836 3209 1943 3264 que
1997 3203 2206 3263 partem
2254 3206 2562 3261 moventur,
2624 3198 2689 3252 ad
2746 3198 2910 3260 bona,
2947 3199 3190 3267 inquam,
3239 3205 3294 3251 et
3344 3195 3411 3249 ad

1836 3301 2023 3354 prava.
2050 3285 2195 3355 quod
2227 3288 2447 3357 quidem
2478 3291 2783 3360 intelligere
2813 3302 2865 3347 et
2900 3292 3079 3347 dicere
3109 3291 3161 3345 in
3192 3291 3412 3346 Christo

1835 3391 1865 3430 a
1897 3386 2046 3431 recto
2070 3377 2279 3447 judicio
2307 3379 2605 3435 declinant.

1902 3466 2171 3523 Prmterea
2203 3469 2249 3524 si
2280 3480 2364 3525 est
2414 3471 2468 3525 in
2501 3471 2721 3527 Christo
2764 3474 3100 3547 hypostatica
3136 3474 3411 3540 voluntas,

1836 3558 2048 3614 diﬁ‘eret
2074 3561 2300 3615 omnino
2340 3578 2372 3616 a
2416 3564 2792 3622 voluntatibus
2842 3568 3132 3636 gnomicis,
3190 3582 3311 3633 quae
3357 3568 3411 3621 in

1837 3666 2170 3723 unoquoque
2208 3655 2433 3710 homine
2471 3667 2807 3724 spectantur.
2853 3657 3071 3714 Diﬁ‘eret
3102 3659 3352 3714 similiter
3381 3676 3413 3715 a

1836 3743 2122 3800 voluntate
2164 3742 2344 3800 Patris
2390 3756 2445 3801 et
2473 3747 2710 3817 Spiritus
2742 3750 2934 3805 sancti.
2967 3750 3099 3816 Qum
3127 3753 3292 3820 igitur
3329 3760 3414 3806 cst

1836 3832 2110 3899 voluntas,
2158 3850 2282 3904 qua:
2312 3851 2412 3891 nec
2445 3838 2681 3892 humana
2732 3839 3005 3909 γνωμικὴ,
3055 3855 3155 3893 nec
3186 3840 3412 3893 omnino

1837 3923 2018 3980 divina
2045 3924 2346 3981 voluntas?
2377 3926 2498 3983 Non
2537 3930 2680 3985 dicet
2711 3931 2854 3985 ullus
2882 3931 3239 4000 compositam
3266 3946 3410 3998 esse,

1837 4012 1967 4081 quia
2014 4029 2116 4070 nec
2160 4016 2459 4086 excogitari
2508 4027 2687 4088 potest
2720 4021 3044 4089 compositio
3089 4021 3408 4086 voluntatis,

1838 4103 1984 4157 sicut
2042 4119 2333 4175 possumus
2388 4111 2746 4179 compositam
2811 4113 3149 4182 hypostasim
3207 4114 3407 4168 intelli-

1839 4207 1988 4260 gere.

1910 4286 1969 4340 Si
2018 4287 2144 4357 quis
2175 4306 2306 4345 vero
2344 4290 2510 4359 dicat,
2546 4297 2589 4348 si
2639 4295 2709 4349 ita
2757 4304 2863 4359 est,
2899 4306 2958 4351 ut
3003 4297 3259 4363 dicimus,
3309 4311 3410 4354 nec

150 4352 259 4408 τῶν
309 4354 631 4427 ἀνθρώπων
663 4355 729 4426 ἑᾷ
771 4356 1047 4426 γνωμικὸν
1098 4357 1243 4429 ἐχειν
1289 4359 1517 4431 θέλημα.
1551 4361 1727 4417 “Aetas

1842 4377 1988 4432 ullus
2047 4380 2209 4435 homo
2267 4383 2409 4441 alius
2459 4385 2790 4441 voluntatem
2869 4387 3033 4443 habet
3098 4389 3403 4463 γνωμικὴν,

151 4445 266 4517 γὰρ
296 4448 592 4518 γνωμικόν
618 4464 761 4512 τινος
789 4448 1023 4518 θέλημα,
1055 4449 1230 4503 οὐδενὶ
1256 4450 1366 4503 τῶν
1394 4453 1451 4505 ἐν
1476 4453 1589 4515 τοῖς
1609 4453 1732 4507 καθ’

150 4536 363 4592 ἕκαστα
386 4539 663 4611 γνωμικῷ
679 4538 944 4611 θελήματι
961 4539 1370 4613 θεωρουμένων,
1386 4544 1581 4599 ταύτόν
1601 4546 1737 4613 ἐστι,

150 4629 289 4682 ἀλλὰ
346 4630 579 4693 πάντως
630 4630 815 4702 ἕτερον
840 4645 856 4660 ⁸
888 4631 965 4695 ὥς
1004 4647 1067 4685 τε
1111 4633 1217 4687 κᾶν
1244 4635 1331 4705 εἴη
1379 4635 1738 4709 ἀνθρώπινον,

153 4720 389 4790 μηδενὸς
421 4720 453 4761 ιι
481 4722 591 4773 τῶν
623 4721 727 4774 ὑπὸ
748 4723 840 4776 τὸν
862 4724 1145 4794 ἄνθρωπον
1184 4725 1401 4794 ἀτόμων
1422 4727 1499 4790 ὡς
1533 4729 1742 4800 ἀνθρὼ-

153 4829 238 4881 πῳ
266 4811 682 4881 ἁρμοζόμενον.
726 4814 789 4867 El
822 4814 931 4884 γὰρ
954 4810 1023 4885 ἦν
1073 4815 1278 4885 κυρίως
1314 4819 1421 4871 τινὶ
1464 4819 1573 4872 τῶν
1617 4821 1740 4875 καθ’

151 4899 366 4953 ἕκαστα
405 4901 474 4953 τὸ
525 4901 800 4971 γνωμικὸν
848 4901 1062 4973 θέλημα
1105 4904 1443 4975 ἀνθρώπινον
1471 4910 1537 4961 ἂν
1564 4911 1739 4984 ὑπῆρ-

149 5008 265 5058 χεν.
290 4993 413 5046 Οὐκ
451 4992 537 5046 ἐτι
570 4994 627 5046 δέ
653 4993 1016 5063 ἀνθρώπινον,
1048 4996 1182 5049 διότι
1203 4996 1325 5051 οὔτε
1358 5002 1386 5052 ὁ
1419 5000 1737 5074 Σωκράτης,

147 5081 275 5136 οὔτε
307 5086 339 5137 δ
376 5085 613 5155 Πέτρος,
644 5085 767 5138 οὔτε
792 5104 874 5149 τις
899 5086 1056 5151 ἄλλος
1092 5088 1228 5143 καθὸ
1261 5090 1504 5159 πέφυκεν
1532 5095 1740 5166 ἄνθρω-

1837 4470 2018 4524 omnis
2045 4471 2188 4524 enim
2221 4475 2471 4530 voluntas
2506 4476 2737 4545 alicujus
2783 4480 3047 4549 gnomica:
3098 4495 3223 4535 cum
3261 4481 3407 4536 nulla

1835 4576 2024 4615 earum
2076 4564 2449 4631 gnomicarum
2496 4569 2856 4637 voluntatum,
2909 4586 3032 4641 qua:
3074 4572 3125 4626 in
3173 4573 3408 4643 singulis

1838 4651 2133 4709 individuis
2156 4659 2524 4726 reperiuntur,
2545 4661 2735 4716 eadem
2764 4672 2867 4727 est,
2899 4664 2992 4719 sed
3020 4665 3246 4720 omnino
3265 4665 3408 4730 alia;

1836 4756 2009 4811 quare
2056 4759 2157 4801 nec
2200 4747 2307 4802 erit
2337 4749 2596 4817 humana,
2628 4753 2758 4822 quia
2809 4754 2942 4809 nulli
2990 4755 3275 4810 individuo
3310 4772 3412 4809 na-

1843 4843 1980 4889 tura:
2012 4836 2285 4904 humanas,
2325 4849 2581 4912 tanquam
2622 4845 2851 4905 homini.
2885 4848 3156 4912 convenit,
3190 4847 3236 4902 si
3263 4847 3409 4902 enim

1844 4926 2007 4982 alicui
2061 4929 2327 5000 singulari
2373 4937 2594 5005 preprie
2638 4948 2787 4993 esset
2835 4941 3087 4997 voluntas
3133 4941 3409 5011 gnomica,

1844 5011 2084 5069 humana
2130 5020 2320 5086 utique
2366 5033 2541 5087 esset;
2596 5035 2649 5079 at
2700 5043 2808 5082 non
2861 5040 2944 5083 est
2988 5029 3248 5091 humana,
3280 5029 3409 5097 quia

1846 5120 2024 5175 neque
2059 5107 2333 5178 Socrates,
2359 5128 2530 5183 neque
2555 5114 2771 5183 Petrus,
2806 5134 2905 5175 nec
2936 5120 3073 5176 alius
3097 5122 3238 5190 quis,
3270 5134 3409 5187 qua-

1460 5246 1697 5304 γΑιιιΑς
1738 5253 2142 5316 LECTIONES.

220 5364 249 5404 ε
290 5372 364 5411 :m
404 5356 535 5411 καθ’
564 5358 623 5410 ὃν
668 5359 916 5431 τρόπονῖ
981 5363 1004 5402 ιι
1038 5363 1075 5418 ι.
1110 5363 1298 5433 μηδενὶ
1337 5365 1469 5420 τῶν.

1669 5498 1901 5558 NOTAE.

221 5609 340 5680 (5'5)
369 5609 449 5662 De
495 5607 555 5661 S.
589 5607 823 5663 Maximo
856 5610 1117 5679 loquitur.

492 5698 758 5760 PATROL.
802 5704 916 5762 Gn.
963 5706 1053 5764 CI.

2910 5721 2977 5778 17
