  <div class='ocr_page' id='page_1' title='image "/cluster/home/n/w/nwhite01/storage/ocr_20150623/101 pt.1/mdp.39015061955830/279.png"; bbox 0 0 3864 6208; ppageno 0'>
   <div class='ocr_carea' id='block_1_1' title="bbox 415 295 522 362">
    <p class='ocr_par' dir='ltr' id='par_1_1' title="bbox 415 295 522 362">
     <span class='ocr_line' id='line_1_1' title="bbox 415 295 522 362; baseline 0.019 -2"><span class='ocrx_word' id='word_1_1' title='bbox 415 295 522 362; x_wconf 70' lang='grc'><strong>515</strong></span> 
     </span>
    </p>
   </div>
   <div class='ocr_carea' id='block_1_2' title="bbox 1576 290 2516 357">
    <p class='ocr_par' dir='ltr' id='par_1_2' title="bbox 1576 290 2516 357">
     <span class='ocr_line' id='line_1_2' title="bbox 1576 290 2516 357; baseline -0.002 -1"><span class='ocrx_word' id='word_1_2' title='bbox 1576 292 1841 357; x_wconf 83' lang='grc' dir='ltr'><strong>ΡΗΟΤΙῘ</strong></span> <span class='ocrx_word' id='word_1_3' title='bbox 1869 292 2376 356; x_wconf 71' lang='lat' dir='ltr'><strong>PATRIARCHIE</strong></span> <span class='ocrx_word' id='word_1_4' title='bbox 2406 290 2516 355; x_wconf 84' lang='lat' dir='ltr'><strong>GP.</strong></span> 
     </span>
    </p>
   </div>
   <div class='ocr_carea' id='block_1_3' title="bbox 3566 289 3658 359">
    <p class='ocr_par' dir='ltr' id='par_1_3' title="bbox 3566 289 3658 359">
     <span class='ocr_line' id='line_1_3' title="bbox 3566 289 3658 359; baseline 0.011 -1"><span class='ocrx_word' id='word_1_5' title='bbox 3566 289 3658 359; x_wconf 67' lang='grc' dir='ltr'><strong>διδ</strong></span> 
     </span>
    </p>
   </div>
   <div class='ocr_carea' id='block_1_4' title="bbox 413 382 1996 458">
    <p class='ocr_par' dir='ltr' id='par_1_4' title="bbox 413 387 1993 458">
     <span class='ocr_line' id='line_1_4' title="bbox 413 387 1993 458; baseline -0.003 -14"><span class='ocrx_word' id='word_1_6' title='bbox 413 404 572 446; x_wconf 85' lang='lat' dir='ltr'><strong>tenus</strong></span> <span class='ocrx_word' id='word_1_7' title='bbox 608 391 773 446; x_wconf 90' lang='lat' dir='ltr'><strong>homo</strong></span> <span class='ocrx_word' id='word_1_8' title='bbox 801 396 904 458; x_wconf 90' lang='lat' dir='ltr'><strong>est,</strong></span> <span class='ocrx_word' id='word_1_9' title='bbox 956 387 1121 444; x_wconf 87' lang='lat' dir='ltr'><strong>habet</strong></span> <span class='ocrx_word' id='word_1_10' title='bbox 1152 388 1488 444; x_wconf 86' lang='lat' dir='ltr'><strong>voluntatem</strong></span> <span class='ocrx_word' id='word_1_11' title='bbox 1521 388 1856 458; x_wconf 81' lang='lat' dir='ltr'><strong>gnomicam,</strong></span> <span class='ocrx_word' id='word_1_12' title='bbox 1899 395 1993 441; x_wconf 87' lang='lat' dir='ltr'><strong>aut</strong></span> 
     </span>
    </p>
   </div>
   <div class='ocr_carea' id='block_1_5' title="bbox 2102 382 3664 458">
    <p class='ocr_par' dir='ltr' id='par_1_5' title="bbox 2102 382 3664 458">
     <span class='ocr_line' id='line_1_5' title="bbox 2102 382 3664 458; baseline 0 -18"><span class='ocrx_word' id='word_1_13' title='bbox 2102 405 2198 450; x_wconf 84' lang='grc' dir='ltr'><strong>πος</strong></span> <span class='ocrx_word' id='word_1_14' title='bbox 2235 386 2513 458; x_wconf 80' lang='grc' dir='ltr'><strong>γνωμικὸν</strong></span> <span class='ocrx_word' id='word_1_15' title='bbox 2547 384 2759 458; x_wconf 73' lang='grc' dir='ltr'>θέλημα</span> <span class='ocrx_word' id='word_1_16' title='bbox 2783 383 2918 456; x_wconf 80' lang='grc' dir='ltr'>ἔχει,</span> <span class='ocrx_word' id='word_1_17' title='bbox 2952 385 2985 456; x_wconf 82' lang='grc' dir='ltr'><strong>ἢ</strong></span> <span class='ocrx_word' id='word_1_18' title='bbox 3023 382 3445 456; x_wconf 74' lang='grc' dir='ltr'>σοφισματὼδης</span> <span class='ocrx_word' id='word_1_19' title='bbox 3467 385 3494 438; x_wconf 86' lang='grc' dir='ltr'>ὁ</span> <span class='ocrx_word' id='word_1_20' title='bbox 3518 385 3664 454; x_wconf 75' lang='grc' dir='ltr'>λόγος</span> 
     </span>
    </p>
   </div>
   <div class='ocr_carea' id='block_1_6' title="bbox 413 479 1996 550">
    <p class='ocr_par' dir='ltr' id='par_1_6' title="bbox 413 479 1996 550">
     <span class='ocr_line' id='line_1_6' title="bbox 413 479 1996 550; baseline -0.003 -14"><span class='ocrx_word' id='word_1_21' title='bbox 413 484 576 536; x_wconf 79' lang='lat' dir='ltr'><strong>fallax</strong></span> <span class='ocrx_word' id='word_1_22' title='bbox 600 491 684 538; x_wconf 92' lang='lat' dir='ltr'><strong>est</strong></span> <span class='ocrx_word' id='word_1_23' title='bbox 715 484 876 545; x_wconf 88' lang='lat' dir='ltr'><strong>ratio,</strong></span> <span class='ocrx_word' id='word_1_24' title='bbox 904 497 1025 550; x_wconf 67' lang='lat' dir='ltr'><strong>quae</strong></span> <span class='ocrx_word' id='word_1_25' title='bbox 1058 480 1346 550; x_wconf 86' lang='lat' dir='ltr'><strong>distinguit</strong></span> <span class='ocrx_word' id='word_1_26' title='bbox 1378 479 1718 534; x_wconf 88' lang='lat' dir='ltr'><strong>individuum</strong></span> <span class='ocrx_word' id='word_1_27' title='bbox 1750 479 1996 549; x_wconf 88' lang='lat' dir='ltr'><strong>ejusdem</strong></span> 
     </span>
    </p>
   </div>
   <div class='ocr_carea' id='block_1_7' title="bbox 413 572 1996 642">
    <p class='ocr_par' dir='ltr' id='par_1_7' title="bbox 413 572 1996 642">
     <span class='ocr_line' id='line_1_7' title="bbox 413 572 1996 642; baseline -0.002 -14"><span class='ocrx_word' id='word_1_28' title='bbox 413 586 622 629; x_wconf 73' lang='lat' dir='ltr'><strong>natura:</strong></span> <span class='ocrx_word' id='word_1_29' title='bbox 653 575 720 628; x_wconf 87' lang='lat' dir='ltr'><strong>ab</strong></span> <span class='ocrx_word' id='word_1_30' title='bbox 754 575 877 628; x_wconf 87' lang='lat' dir='ltr'><strong>aliis</strong></span> <span class='ocrx_word' id='word_1_31' title='bbox 912 573 1251 637; x_wconf 83' lang='lat' dir='ltr'><strong>individuis,</strong></span> <span class='ocrx_word' id='word_1_32' title='bbox 1283 581 1338 626; x_wconf 89' lang='lat' dir='ltr'><strong>ct</strong></span> <span class='ocrx_word' id='word_1_33' title='bbox 1377 572 1502 642; x_wconf 83' lang='lat' dir='ltr'><strong>quia</strong></span> <span class='ocrx_word' id='word_1_34' title='bbox 1537 572 1862 626; x_wconf 83' lang='lat' dir='ltr'><strong>conﬁtemur</strong></span> <span class='ocrx_word' id='word_1_35' title='bbox 1887 587 1996 625; x_wconf 90' lang='lat' dir='ltr'><strong>non</strong></span> 
     </span>
    </p>
   </div>
   <div class='ocr_carea' id='block_1_8' title="bbox 411 663 1998 735">
    <p class='ocr_par' dir='ltr' id='par_1_8' title="bbox 411 663 1998 735">
     <span class='ocr_line' id='line_1_8' title="bbox 411 663 1998 735; baseline 0.001 -18"><span class='ocrx_word' id='word_1_36' title='bbox 411 684 532 724; x_wconf 63' lang='lat' dir='ltr'><strong>esse</strong></span> <span class='ocrx_word' id='word_1_37' title='bbox 564 669 712 721; x_wconf 91' lang='lat' dir='ltr'><strong>hunc</strong></span> <span class='ocrx_word' id='word_1_38' title='bbox 742 683 867 722; x_wconf 88' lang='lat' dir='ltr'><strong>cum</strong></span> <span class='ocrx_word' id='word_1_39' title='bbox 907 666 1018 719; x_wconf 86' lang='lat' dir='ltr'><strong>ullo</strong></span> <span class='ocrx_word' id='word_1_40' title='bbox 1053 664 1338 719; x_wconf 88' lang='lat' dir='ltr'><strong>individuo</strong></span> <span class='ocrx_word' id='word_1_41' title='bbox 1365 681 1428 718; x_wconf 83' lang='lat' dir='ltr'><strong>ex</strong></span> <span class='ocrx_word' id='word_1_42' title='bbox 1463 663 1587 719; x_wconf 83' lang='lat' dir='ltr'><strong>aliis</strong></span> <span class='ocrx_word' id='word_1_43' title='bbox 1611 664 1864 718; x_wconf 87' lang='lat' dir='ltr'><strong>eumdem</strong></span> <span class='ocrx_word' id='word_1_44' title='bbox 1899 665 1998 735; x_wconf 80' lang='lat' dir='ltr'><strong>hy-</strong></span> 
     </span>
    </p>
   </div>
   <div class='ocr_carea' id='block_1_9' title="bbox 415 755 2000 828">
    <p class='ocr_par' dir='ltr' id='par_1_9' title="bbox 415 755 2000 828">
     <span class='ocr_line' id='line_1_9' title="bbox 415 755 2000 828; baseline -0.001 -18"><span class='ocrx_word' id='word_1_45' title='bbox 415 763 644 828; x_wconf 78' lang='lat' dir='ltr'><strong>postasi,</strong></span> <span class='ocrx_word' id='word_1_46' title='bbox 677 775 776 813; x_wconf 73' lang='lat' dir='ltr'><strong>nee</strong></span> <span class='ocrx_word' id='word_1_47' title='bbox 805 758 930 811; x_wconf 85' lang='lat' dir='ltr'><strong>aliis</strong></span> <span class='ocrx_word' id='word_1_48' title='bbox 959 757 1384 826; x_wconf 78' lang='lat' dir='ltr'><strong>proprietatibus</strong></span> <span class='ocrx_word' id='word_1_49' title='bbox 1407 773 1421 810; x_wconf 86' lang='lat'>:</span> <span class='ocrx_word' id='word_1_50' title='bbox 1445 755 1652 810; x_wconf 81' lang='lat' dir='ltr'><strong>idcirco</strong></span> <span class='ocrx_word' id='word_1_51' title='bbox 1682 770 1781 809; x_wconf 88' lang='lat' dir='ltr'><strong>nos</strong></span> <span class='ocrx_word' id='word_1_52' title='bbox 1801 771 2000 809; x_wconf 85' lang='lat' dir='ltr'><strong>acom-</strong></span> 
     </span>
    </p>
   </div>
   <div class='ocr_carea' id='block_1_10' title="bbox 415 847 1997 914">
    <p class='ocr_par' dir='ltr' id='par_1_10' title="bbox 415 847 1997 914">
     <span class='ocr_line' id='line_1_10' title="bbox 415 847 1997 914; baseline -0.002 -9"><span class='ocrx_word' id='word_1_53' title='bbox 415 854 566 905; x_wconf 91' lang='lat' dir='ltr'><strong>muni</strong></span> <span class='ocrx_word' id='word_1_54' title='bbox 615 860 808 904; x_wconf 87' lang='lat' dir='ltr'><strong>natura</strong></span> <span class='ocrx_word' id='word_1_55' title='bbox 845 865 1128 904; x_wconf 86' lang='lat' dir='ltr'><strong>retnoverc</strong></span> <span class='ocrx_word' id='word_1_56' title='bbox 1181 863 1329 914; x_wconf 90' lang='lat' dir='ltr'><strong>eum,</strong></span> <span class='ocrx_word' id='word_1_57' title='bbox 1383 857 1436 900; x_wconf 93' lang='lat' dir='ltr'><strong>et</strong></span> <span class='ocrx_word' id='word_1_58' title='bbox 1489 847 1824 900; x_wconf 79' lang='lat' dir='ltr'><strong>voluntatem</strong></span> <span class='ocrx_word' id='word_1_59' title='bbox 1878 847 1997 914; x_wconf 84' lang='lat' dir='ltr'><strong>ejus</strong></span> 
     </span>
    </p>
   </div>
   <div class='ocr_carea' id='block_1_11' title="bbox 415 937 1996 1013">
    <p class='ocr_par' dir='ltr' id='par_1_11' title="bbox 415 937 1996 1013">
     <span class='ocr_line' id='line_1_11' title="bbox 415 937 1996 1013; baseline -0.004 -16"><span class='ocrx_word' id='word_1_60' title='bbox 415 944 724 1013; x_wconf 73' lang='lat' dir='ltr'><strong>gnomiram</strong></span> <span class='ocrx_word' id='word_1_61' title='bbox 772 957 877 995; x_wconf 88' lang='lat' dir='ltr'><strong>non</strong></span> <span class='ocrx_word' id='word_1_62' title='bbox 907 942 1086 995; x_wconf 86' lang='lat' dir='ltr'><strong>dicere</strong></span> <span class='ocrx_word' id='word_1_63' title='bbox 1135 940 1433 993; x_wconf 89' lang='lat' dir='ltr'><strong>humanam</strong></span> <span class='ocrx_word' id='word_1_64' title='bbox 1485 953 1608 992; x_wconf 88' lang='lat' dir='ltr'><strong>esse</strong></span> <span class='ocrx_word' id='word_1_65' title='bbox 1643 954 1657 990; x_wconf 89' lang='lat'><strong>:</strong></span> <span class='ocrx_word' id='word_1_66' title='bbox 1691 937 1806 990; x_wconf 79' lang='lat' dir='ltr'><strong>Inec</strong></span> <span class='ocrx_word' id='word_1_67' title='bbox 1849 939 1996 992; x_wconf 90' lang='lat' dir='ltr'><strong>enim</strong></span> 
     </span>
    </p>
   </div>
   <div class='ocr_carea' id='block_1_12' title="bbox 414 1031 1998 1105">
    <p class='ocr_par' dir='ltr' id='par_1_12' title="bbox 414 1031 1998 1105">
     <span class='ocr_line' id='line_1_12' title="bbox 414 1031 1998 1105; baseline -0.004 -16"><span class='ocrx_word' id='word_1_68' title='bbox 414 1035 658 1105; x_wconf 87' lang='lat' dir='ltr'><strong>captiosa</strong></span> <span class='ocrx_word' id='word_1_69' title='bbox 708 1035 848 1088; x_wconf 82' lang='lat' dir='ltr'><strong>ratio</strong></span> <span class='ocrx_word' id='word_1_70' title='bbox 881 1033 1067 1087; x_wconf 89' lang='lat' dir='ltr'><strong>multis</strong></span> <span class='ocrx_word' id='word_1_71' title='bbox 1096 1031 1436 1100; x_wconf 82' lang='lat' dir='ltr'><strong>argumentis</strong></span> <span class='ocrx_word' id='word_1_72' title='bbox 1465 1042 1716 1084; x_wconf 88' lang='lat' dir='ltr'><strong>naturam</strong></span> <span class='ocrx_word' id='word_1_73' title='bbox 1753 1044 1998 1084; x_wconf 84' lang='lat' dir='ltr'><strong>commn-</strong></span> 
     </span>
    </p>
   </div>
   <div class='ocr_carea' id='block_1_13' title="bbox 417 1120 1998 1193">
    <p class='ocr_par' dir='ltr' id='par_1_13' title="bbox 417 1120 1998 1193">
     <span class='ocr_line' id='line_1_13' title="bbox 417 1120 1998 1193; baseline -0.002 -15"><span class='ocrx_word' id='word_1_74' title='bbox 417 1140 538 1178; x_wconf 88' lang='lat' dir='ltr'><strong>uem</strong></span> <span class='ocrx_word' id='word_1_75' title='bbox 574 1122 852 1193; x_wconf 76' lang='lat' dir='ltr'><strong>separabit</strong></span> <span class='ocrx_word' id='word_1_76' title='bbox 876 1138 904 1175; x_wconf 90' lang='lat' dir='ltr'><strong>a</strong></span> <span class='ocrx_word' id='word_1_77' title='bbox 937 1120 1322 1188; x_wconf 75' lang='lat' dir='ltr'><strong>singularibus,</strong></span> <span class='ocrx_word' id='word_1_78' title='bbox 1353 1135 1477 1188; x_wconf 72' lang='lat' dir='ltr'><strong>qua:</strong></span> <span class='ocrx_word' id='word_1_79' title='bbox 1509 1121 1613 1175; x_wconf 91' lang='lat' dir='ltr'><strong>sub</strong></span> <span class='ocrx_word' id='word_1_80' title='bbox 1644 1135 1706 1175; x_wconf 90' lang='lat' dir='ltr'><strong>ea</strong></span> <span class='ocrx_word' id='word_1_81' title='bbox 1736 1131 1867 1175; x_wconf 87' lang='lat' dir='ltr'><strong>sunt</strong></span> <span class='ocrx_word' id='word_1_82' title='bbox 1896 1121 1998 1177; x_wconf 91' lang='lat' dir='ltr'><strong>hac</strong></span> 
     </span>
    </p>
   </div>
   <div class='ocr_carea' id='block_1_14' title="bbox 415 1211 1996 1285">
    <p class='ocr_par' dir='ltr' id='par_1_14' title="bbox 415 1211 1996 1285">
     <span class='ocr_line' id='line_1_14' title="bbox 415 1211 1996 1285; baseline -0.001 -15"><span class='ocrx_word' id='word_1_83' title='bbox 415 1216 768 1285; x_wconf 87' lang='lat' dir='ltr'><strong>adjunctioue</strong></span> <span class='ocrx_word' id='word_1_84' title='bbox 791 1214 937 1267; x_wconf 83' lang='lat' dir='ltr'><strong>verbi</strong></span> <span class='ocrx_word' id='word_1_85' title='bbox 963 1222 1221 1281; x_wconf 74' lang='lat' dir='ltr'><strong>quatenus</strong></span> <span class='ocrx_word' id='word_1_86' title='bbox 1245 1211 1464 1264; x_wconf 79' lang='lat' dir='ltr'><strong>homini.</strong></span> <span class='ocrx_word' id='word_1_87' title='bbox 1495 1211 1862 1278; x_wconf 84' lang='lat' dir='ltr'><strong>Quamobrem</strong></span> <span class='ocrx_word' id='word_1_88' title='bbox 1887 1228 1996 1268; x_wconf 90' lang='lat' dir='ltr'><strong>non</strong></span> 
     </span>
    </p>
   </div>
   <div class='ocr_carea' id='block_1_15' title="bbox 414 1304 1997 1374">
    <p class='ocr_par' dir='ltr' id='par_1_15' title="bbox 414 1304 1997 1374">
     <span class='ocr_line' id='line_1_15' title="bbox 414 1304 1997 1374; baseline -0.003 -11"><span class='ocrx_word' id='word_1_89' title='bbox 414 1317 499 1363; x_wconf 89' lang='lat' dir='ltr'><strong>est</strong></span> <span class='ocrx_word' id='word_1_90' title='bbox 550 1307 728 1362; x_wconf 89' lang='lat' dir='ltr'><strong>simile</strong></span> <span class='ocrx_word' id='word_1_91' title='bbox 779 1305 922 1373; x_wconf 89' lang='lat' dir='ltr'><strong>quod</strong></span> <span class='ocrx_word' id='word_1_92' title='bbox 966 1304 1224 1370; x_wconf 88' lang='lat' dir='ltr'><strong>dicimus,</strong></span> <span class='ocrx_word' id='word_1_93' title='bbox 1278 1319 1386 1357; x_wconf 90' lang='lat' dir='ltr'><strong>non</strong></span> <span class='ocrx_word' id='word_1_94' title='bbox 1423 1319 1544 1359; x_wconf 87' lang='lat' dir='ltr'><strong>esse</strong></span> <span class='ocrx_word' id='word_1_95' title='bbox 1589 1304 1896 1374; x_wconf 86' lang='lat' dir='ltr'><strong>ponendam</strong></span> <span class='ocrx_word' id='word_1_96' title='bbox 1942 1307 1997 1360; x_wconf 93' lang='lat' dir='ltr'><strong>in</strong></span> 
     </span>
    </p>
   </div>
   <div class='ocr_carea' id='block_1_16' title="bbox 414 1394 1999 1465">
    <p class='ocr_par' dir='ltr' id='par_1_16' title="bbox 414 1394 1999 1465">
     <span class='ocr_line' id='line_1_16' title="bbox 414 1394 1999 1465; baseline -0.003 -10"><span class='ocrx_word' id='word_1_97' title='bbox 414 1400 637 1455; x_wconf 86' lang='lat' dir='ltr'><strong>Christo</strong></span> <span class='ocrx_word' id='word_1_98' title='bbox 671 1397 1004 1452; x_wconf 74' lang='lat' dir='ltr'><strong>voluntatem</strong></span> <span class='ocrx_word' id='word_1_99' title='bbox 1040 1395 1347 1465; x_wconf 80' lang='lat' dir='ltr'><strong>gnomieam</strong></span> <span class='ocrx_word' id='word_1_100' title='bbox 1395 1394 1530 1465; x_wconf 80' lang='grc'>(56).</span> <span class='ocrx_word' id='word_1_101' title='bbox 1592 1396 1648 1448; x_wconf 90' lang='lat' dir='ltr'><strong>In</strong></span> <span class='ocrx_word' id='word_1_102' title='bbox 1685 1396 1999 1451; x_wconf 90' lang='lat' dir='ltr'><strong>hominibus</strong></span> 
     </span>
    </p>
   </div>
   <div class='ocr_carea' id='block_1_17' title="bbox 413 1489 1998 1562">
    <p class='ocr_par' dir='ltr' id='par_1_17' title="bbox 413 1489 1998 1562">
     <span class='ocr_line' id='line_1_17' title="bbox 413 1489 1998 1562; baseline -0.005 -11"><span class='ocrx_word' id='word_1_103' title='bbox 413 1495 582 1557; x_wconf 87' lang='lat' dir='ltr'><strong>enim,</strong></span> <span class='ocrx_word' id='word_1_104' title='bbox 617 1493 710 1562; x_wconf 90' lang='lat' dir='ltr'><strong>qui</strong></span> <span class='ocrx_word' id='word_1_105' title='bbox 742 1506 911 1545; x_wconf 87' lang='lat' dir='ltr'><strong>unum</strong></span> <span class='ocrx_word' id='word_1_106' title='bbox 943 1505 1007 1544; x_wconf 81' lang='lat' dir='ltr'><strong>ex</strong></span> <span class='ocrx_word' id='word_1_107' title='bbox 1042 1489 1415 1556; x_wconf 67' lang='lat' dir='ltr'><strong>singularibus</strong></span> <span class='ocrx_word' id='word_1_108' title='bbox 1459 1490 1693 1558; x_wconf 82' lang='lat' dir='ltr'><strong>sumpsit</strong></span> <span class='ocrx_word' id='word_1_109' title='bbox 1726 1505 1824 1560; x_wconf 93' lang='lat' dir='ltr'><strong>pro</strong></span> <span class='ocrx_word' id='word_1_110' title='bbox 1851 1500 1998 1544; x_wconf 84' lang='lat' dir='ltr'><strong>certo</strong></span> 
     </span>
    </p>
   </div>
   <div class='ocr_carea' id='block_1_18' title="bbox 420 1580 2002 1652">
    <p class='ocr_par' dir='ltr' id='par_1_18' title="bbox 420 1580 2002 1652">
     <span class='ocr_line' id='line_1_18' title="bbox 420 1580 2002 1652; baseline -0.003 -12"><span class='ocrx_word' id='word_1_111' title='bbox 420 1587 624 1640; x_wconf 88' lang='lat' dir='ltr'><strong>habere</strong></span> <span class='ocrx_word' id='word_1_112' title='bbox 661 1584 994 1638; x_wconf 84' lang='lat' dir='ltr'><strong>voluntatem</strong></span> <span class='ocrx_word' id='word_1_113' title='bbox 1049 1581 1384 1652; x_wconf 74' lang='lat' dir='ltr'><strong>gnomieam,</strong></span> <span class='ocrx_word' id='word_1_114' title='bbox 1415 1582 1542 1651; x_wconf 88' lang='lat' dir='ltr'><strong>quia</strong></span> <span class='ocrx_word' id='word_1_115' title='bbox 1587 1580 1767 1636; x_wconf 81' lang='lat' dir='ltr'><strong>dili‘ert</strong></span> <span class='ocrx_word' id='word_1_116' title='bbox 1798 1598 1828 1636; x_wconf 91' lang='lat' dir='ltr'><strong>a</strong></span> <span class='ocrx_word' id='word_1_117' title='bbox 1879 1583 2002 1636; x_wconf 90' lang='lat' dir='ltr'><strong>reli-</strong></span> 
     </span>
    </p>
   </div>
   <div class='ocr_carea' id='block_1_19' title="bbox 412 1673 1995 1748">
    <p class='ocr_par' dir='ltr' id='par_1_19' title="bbox 412 1673 1995 1748">
     <span class='ocr_line' id='line_1_19' title="bbox 412 1673 1995 1748; baseline -0.003 -17"><span class='ocrx_word' id='word_1_118' title='bbox 412 1678 536 1748; x_wconf 88' lang='lat' dir='ltr'><strong>quis</strong></span> <span class='ocrx_word' id='word_1_119' title='bbox 567 1675 943 1731; x_wconf 73' lang='lat' dir='ltr'><strong>voluntatibus</strong></span> <span class='ocrx_word' id='word_1_120' title='bbox 965 1673 1235 1743; x_wconf 80' lang='lat' dir='ltr'><strong>gnomicis</strong></span> <span class='ocrx_word' id='word_1_121' title='bbox 1257 1688 1473 1740; x_wconf 88' lang='lat' dir='ltr'><strong>eorum,</strong></span> <span class='ocrx_word' id='word_1_122' title='bbox 1499 1675 1587 1742; x_wconf 93' lang='lat' dir='ltr'><strong>qui</strong></span> <span class='ocrx_word' id='word_1_123' title='bbox 1613 1684 1740 1728; x_wconf 89' lang='lat' dir='ltr'><strong>sunt</strong></span> <span class='ocrx_word' id='word_1_124' title='bbox 1756 1674 1995 1745; x_wconf 81' lang='lat' dir='ltr'><strong>ejusdem</strong></span> 
     </span>
    </p>
   </div>
   <div class='ocr_carea' id='block_1_20' title="bbox 413 1743 2070 1836">
    <p class='ocr_par' dir='ltr' id='par_1_20' title="bbox 413 1743 2070 1836">
     <span class='ocr_line' id='line_1_20' title="bbox 413 1743 2070 1836; baseline -0.001 -12"><span class='ocrx_word' id='word_1_125' title='bbox 413 1778 644 1833; x_wconf 64' lang='lat' dir='ltr'><strong>naturae,</strong></span> <span class='ocrx_word' id='word_1_126' title='bbox 678 1778 928 1821; x_wconf 88' lang='lat' dir='ltr'><strong>naturam</strong></span> <span class='ocrx_word' id='word_1_127' title='bbox 968 1780 1314 1819; x_wconf 89' lang='lat' dir='ltr'><strong>communem</strong></span> <span class='ocrx_word' id='word_1_128' title='bbox 1353 1764 1661 1834; x_wconf 78' lang='lat' dir='ltr'><strong>del‘raudat,</strong></span> <span class='ocrx_word' id='word_1_129' title='bbox 1712 1769 1854 1836; x_wconf 91' lang='lat' dir='ltr'><strong>quod</strong></span> <span class='ocrx_word' id='word_1_130' title='bbox 1914 1777 1996 1823; x_wconf 89' lang='lat' dir='ltr'><strong>est</strong></span> <span class='ocrx_word' id='word_1_131' title='bbox 2031 1743 2070 1798; x_wconf 69' lang='grc' dir='ltr'><strong>Β</strong></span> 
     </span>
    </p>
   </div>
   <div class='ocr_carea' id='block_1_21' title="bbox 412 1856 1997 1932">
    <p class='ocr_par' dir='ltr' id='par_1_21' title="bbox 412 1856 1997 1932">
     <span class='ocr_line' id='line_1_21' title="bbox 412 1856 1997 1932; baseline -0.002 -15"><span class='ocrx_word' id='word_1_132' title='bbox 412 1863 739 1932; x_wconf 84' lang='lat' dir='ltr'><strong>captiosum.</strong></span> <span class='ocrx_word' id='word_1_133' title='bbox 782 1868 836 1912; x_wconf 92' lang='lat' dir='ltr'><strong>et</strong></span> <span class='ocrx_word' id='word_1_134' title='bbox 894 1856 1173 1912; x_wconf 90' lang='lat' dir='ltr'><strong>concludit</strong></span> <span class='ocrx_word' id='word_1_135' title='bbox 1220 1856 1367 1926; x_wconf 89' lang='lat' dir='ltr'><strong>quod</strong></span> <span class='ocrx_word' id='word_1_136' title='bbox 1419 1873 1529 1912; x_wconf 86' lang='lat' dir='ltr'><strong>non</strong></span> <span class='ocrx_word' id='word_1_137' title='bbox 1580 1867 1665 1913; x_wconf 89' lang='lat' dir='ltr'><strong>est</strong></span> <span class='ocrx_word' id='word_1_138' title='bbox 1709 1871 1997 1914; x_wconf 85' lang='lat' dir='ltr'><strong>consecta-</strong></span> 
     </span>
    </p>
   </div>
   <div class='ocr_carea' id='block_1_22' title="bbox 414 1947 1993 2021">
    <p class='ocr_par' dir='ltr' id='par_1_22' title="bbox 414 1947 1993 2021">
     <span class='ocr_line' id='line_1_22' title="bbox 414 1947 1993 2021; baseline -0.003 -11"><span class='ocrx_word' id='word_1_139' title='bbox 414 1955 579 2010; x_wconf 91' lang='lat' dir='ltr'><strong>rium.</strong></span> <span class='ocrx_word' id='word_1_140' title='bbox 631 1952 690 2006; x_wconf 89' lang='lat' dir='ltr'><strong>ln</strong></span> <span class='ocrx_word' id='word_1_141' title='bbox 749 1950 972 2005; x_wconf 87' lang='lat' dir='ltr'><strong>Christo</strong></span> <span class='ocrx_word' id='word_1_142' title='bbox 1023 1961 1204 2004; x_wconf 88' lang='lat' dir='ltr'><strong>autem</strong></span> <span class='ocrx_word' id='word_1_143' title='bbox 1245 1947 1477 2004; x_wconf 88' lang='lat' dir='ltr'><strong>Domino</strong></span> <span class='ocrx_word' id='word_1_144' title='bbox 1520 1958 1708 2004; x_wconf 84' lang='lat' dir='ltr'><strong>nostro</strong></span> <span class='ocrx_word' id='word_1_145' title='bbox 1757 1951 1993 2021; x_wconf 86' lang='lat' dir='ltr'><strong>primum</strong></span> 
     </span>
    </p>
   </div>
   <div class='ocr_carea' id='block_1_23' title="bbox 413 2040 1996 2116">
    <p class='ocr_par' dir='ltr' id='par_1_23' title="bbox 413 2040 1996 2116">
     <span class='ocr_line' id='line_1_23' title="bbox 413 2040 1996 2116; baseline -0.002 -17"><span class='ocrx_word' id='word_1_146' title='bbox 413 2044 639 2116; x_wconf 86' lang='lat' dir='ltr'><strong>quidem</strong></span> <span class='ocrx_word' id='word_1_147' title='bbox 664 2041 984 2112; x_wconf 69' lang='lat' dir='ltr'><strong>quaerimus,</strong></span> <span class='ocrx_word' id='word_1_148' title='bbox 1039 2055 1108 2094; x_wconf 88' lang='lat' dir='ltr'><strong>an</strong></span> <span class='ocrx_word' id='word_1_149' title='bbox 1163 2040 1391 2094; x_wconf 89' lang='lat' dir='ltr'><strong>omnino</strong></span> <span class='ocrx_word' id='word_1_150' title='bbox 1424 2040 1720 2096; x_wconf 90' lang='lat' dir='ltr'><strong>dicendum</strong></span> <span class='ocrx_word' id='word_1_151' title='bbox 1753 2041 1822 2095; x_wconf 89' lang='lat' dir='ltr'><strong>sit</strong></span> <span class='ocrx_word' id='word_1_152' title='bbox 1874 2055 1996 2096; x_wconf 89' lang='lat' dir='ltr'><strong>esse</strong></span> 
     </span>
    </p>
   </div>
   <div class='ocr_carea' id='block_1_24' title="bbox 415 2129 1996 2199">
    <p class='ocr_par' dir='ltr' id='par_1_24' title="bbox 415 2129 1996 2199">
     <span class='ocr_line' id='line_1_24' title="bbox 415 2129 1996 2199; baseline -0.006 -7"><span class='ocrx_word' id='word_1_153' title='bbox 415 2137 473 2192; x_wconf 89' lang='lat' dir='ltr'><strong>in</strong></span> <span class='ocrx_word' id='word_1_154' title='bbox 502 2149 568 2190; x_wconf 89' lang='lat' dir='ltr'><strong>eo</strong></span> <span class='ocrx_word' id='word_1_155' title='bbox 598 2134 934 2188; x_wconf 86' lang='lat' dir='ltr'><strong>voluntatem</strong></span> <span class='ocrx_word' id='word_1_156' title='bbox 984 2130 1318 2199; x_wconf 82' lang='lat' dir='ltr'><strong>gnomicam,</strong></span> <span class='ocrx_word' id='word_1_157' title='bbox 1360 2139 1413 2184; x_wconf 85' lang='lat' dir='ltr'><strong>et</strong></span> <span class='ocrx_word' id='word_1_158' title='bbox 1460 2145 1566 2184; x_wconf 91' lang='lat' dir='ltr'><strong>nou</strong></span> <span class='ocrx_word' id='word_1_159' title='bbox 1620 2129 1746 2185; x_wconf 91' lang='lat' dir='ltr'><strong>licet</strong></span> <span class='ocrx_word' id='word_1_160' title='bbox 1791 2130 1996 2186; x_wconf 89' lang='lat' dir='ltr'><strong>intelli-</strong></span> 
     </span>
    </p>
   </div>
   <div class='ocr_carea' id='block_1_25' title="bbox 417 2222 1996 2300">
    <p class='ocr_par' dir='ltr' id='par_1_25' title="bbox 417 2222 1996 2300">
     <span class='ocr_line' id='line_1_25' title="bbox 417 2222 1996 2300; baseline -0.004 -16"><span class='ocrx_word' id='word_1_161' title='bbox 417 2244 546 2300; x_wconf 73' lang='lat' dir='ltr'><strong>gere</strong></span> <span class='ocrx_word' id='word_1_162' title='bbox 575 2228 906 2299; x_wconf 87' lang='lat' dir='ltr'><strong>hypostases</strong></span> <span class='ocrx_word' id='word_1_163' title='bbox 938 2233 1200 2295; x_wconf 82' lang='lat' dir='ltr'><strong>cognatas</strong></span> <span class='ocrx_word' id='word_1_164' title='bbox 1241 2223 1343 2279; x_wconf 92' lang='lat' dir='ltr'><strong>sub</strong></span> <span class='ocrx_word' id='word_1_165' title='bbox 1377 2222 1598 2279; x_wconf 90' lang='lat' dir='ltr'><strong>nomine</strong></span> <span class='ocrx_word' id='word_1_166' title='bbox 1625 2222 1829 2278; x_wconf 78' lang='lat' dir='ltr'><strong>ChriSti</strong></span> <span class='ocrx_word' id='word_1_167' title='bbox 1860 2237 1996 2278; x_wconf 91' lang='lat' dir='ltr'><strong>con-</strong></span> 
     </span>
    </p>
   </div>
   <div class='ocr_carea' id='block_1_26' title="bbox 416 2333 615 2379">
    <p class='ocr_par' dir='ltr' id='par_1_26' title="bbox 416 2333 615 2379">
     <span class='ocr_line' id='line_1_26' title="bbox 416 2333 615 2379; baseline -0.01 -1"><span class='ocrx_word' id='word_1_168' title='bbox 416 2333 615 2379; x_wconf 68' lang='grc'><strong>1011135.</strong></span> 
     </span>
    </p>
   </div>
   <div class='ocr_carea' id='block_1_27' title="bbox 479 2405 1996 2479">
    <p class='ocr_par' dir='ltr' id='par_1_27' title="bbox 479 2405 1996 2479">
     <span class='ocr_line' id='line_1_27' title="bbox 479 2405 1996 2479; baseline -0.006 -9"><span class='ocrx_word' id='word_1_169' title='bbox 479 2415 749 2470; x_wconf 65' lang='lat' dir='ltr'><strong>Praeterea</strong></span> <span class='ocrx_word' id='word_1_170' title='bbox 777 2413 830 2467; x_wconf 91' lang='lat' dir='ltr'><strong>in</strong></span> <span class='ocrx_word' id='word_1_171' title='bbox 861 2409 1178 2466; x_wconf 89' lang='lat' dir='ltr'><strong>hominibus</strong></span> <span class='ocrx_word' id='word_1_172' title='bbox 1203 2407 1334 2464; x_wconf 89' lang='lat' dir='ltr'><strong>licet</strong></span> <span class='ocrx_word' id='word_1_173' title='bbox 1361 2407 1580 2479; x_wconf 90' lang='lat' dir='ltr'><strong>quidem</strong></span> <span class='ocrx_word' id='word_1_174' title='bbox 1612 2407 1812 2474; x_wconf 89' lang='lat' dir='ltr'><strong>dicere,</strong></span> <span class='ocrx_word' id='word_1_175' title='bbox 1848 2405 1996 2478; x_wconf 91' lang='lat' dir='ltr'><strong>quod</strong></span> 
     </span>
    </p>
   </div>
   <div class='ocr_carea' id='block_1_28' title="bbox 413 2501 1996 2578">
    <p class='ocr_par' dir='ltr' id='par_1_28' title="bbox 413 2501 1996 2578">
     <span class='ocr_line' id='line_1_28' title="bbox 413 2501 1996 2578; baseline -0.004 -16"><span class='ocrx_word' id='word_1_176' title='bbox 413 2510 668 2563; x_wconf 83' lang='lat' dir='ltr'><strong>voluntas</strong></span> <span class='ocrx_word' id='word_1_177' title='bbox 696 2504 968 2578; x_wconf 78' lang='lat' dir='ltr'><strong>gnomica,</strong></span> <span class='ocrx_word' id='word_1_178' title='bbox 1000 2519 1124 2575; x_wconf 53' lang='lat' dir='ltr'><strong>quae</strong></span> <span class='ocrx_word' id='word_1_179' title='bbox 1172 2513 1254 2558; x_wconf 89' lang='lat' dir='ltr'><strong>est</strong></span> <span class='ocrx_word' id='word_1_180' title='bbox 1283 2501 1336 2556; x_wconf 91' lang='lat' dir='ltr'><strong>in</strong></span> <span class='ocrx_word' id='word_1_181' title='bbox 1365 2502 1469 2569; x_wconf 87' lang='lat' dir='ltr'><strong>eis,</strong></span> <span class='ocrx_word' id='word_1_182' title='bbox 1499 2512 1772 2572; x_wconf 86' lang='lat' dir='ltr'><strong>quatenus</strong></span> <span class='ocrx_word' id='word_1_183' title='bbox 1803 2517 1996 2572; x_wconf 78' lang='lat' dir='ltr'><strong>perso-</strong></span> 
     </span>
    </p>
   </div>
   <div class='ocr_carea' id='block_1_29' title="bbox 417 2594 1998 2670">
    <p class='ocr_par' dir='ltr' id='par_1_29' title="bbox 417 2594 1998 2670">
     <span class='ocr_line' id='line_1_29' title="bbox 417 2594 1998 2670; baseline -0.004 -15"><span class='ocrx_word' id='word_1_184' title='bbox 417 2601 504 2658; x_wconf 82' lang='lat' dir='ltr'><strong>nis</strong></span> <span class='ocrx_word' id='word_1_185' title='bbox 553 2598 903 2670; x_wconf 75' lang='lat' dir='ltr'><strong>distinguitur</strong></span> <span class='ocrx_word' id='word_1_186' title='bbox 933 2611 998 2652; x_wconf 87' lang='lat' dir='ltr'><strong>ac</strong></span> <span class='ocrx_word' id='word_1_187' title='bbox 1048 2603 1362 2666; x_wconf 83' lang='lat' dir='ltr'><strong>separatur,</strong></span> <span class='ocrx_word' id='word_1_188' title='bbox 1401 2609 1510 2650; x_wconf 93' lang='lat' dir='ltr'><strong>non</strong></span> <span class='ocrx_word' id='word_1_189' title='bbox 1546 2601 1632 2649; x_wconf 82' lang='lat' dir='ltr'><strong>est</strong></span> <span class='ocrx_word' id='word_1_190' title='bbox 1669 2594 1774 2649; x_wconf 89' lang='lat' dir='ltr'><strong>alia</strong></span> <span class='ocrx_word' id='word_1_191' title='bbox 1803 2595 1998 2650; x_wconf 89' lang='lat' dir='ltr'><strong>eadem</strong></span> 
     </span>
    </p>
   </div>
   <div class='ocr_carea' id='block_1_30' title="bbox 415 2682 1998 2757">
    <p class='ocr_par' dir='ltr' id='par_1_30' title="bbox 415 2682 1998 2757">
     <span class='ocr_line' id='line_1_30' title="bbox 415 2682 1998 2757; baseline -0.005 -13"><span class='ocrx_word' id='word_1_192' title='bbox 415 2705 541 2745; x_wconf 90' lang='lat' dir='ltr'><strong>cum</strong></span> <span class='ocrx_word' id='word_1_193' title='bbox 579 2688 710 2752; x_wconf 90' lang='lat' dir='ltr'><strong>alia,</strong></span> <span class='ocrx_word' id='word_1_194' title='bbox 737 2693 1008 2757; x_wconf 83' lang='lat' dir='ltr'><strong>quatenus</strong></span> <span class='ocrx_word' id='word_1_195' title='bbox 1034 2699 1166 2739; x_wconf 86' lang='lat' dir='ltr'><strong>vero</strong></span> <span class='ocrx_word' id='word_1_196' title='bbox 1205 2682 1263 2736; x_wconf 87' lang='lat' dir='ltr'><strong>in</strong></span> <span class='ocrx_word' id='word_1_197' title='bbox 1295 2697 1461 2737; x_wconf 91' lang='lat' dir='ltr'><strong>unam</strong></span> <span class='ocrx_word' id='word_1_198' title='bbox 1487 2690 1736 2737; x_wconf 90' lang='lat' dir='ltr'><strong>naturam</strong></span> <span class='ocrx_word' id='word_1_199' title='bbox 1764 2683 1998 2738; x_wconf 87' lang='lat' dir='ltr'><strong>includi—</strong></span> 
     </span>
    </p>
   </div>
   <div class='ocr_carea' id='block_1_31' title="bbox 416 2773 1994 2846">
    <p class='ocr_par' dir='ltr' id='par_1_31' title="bbox 416 2773 1994 2846">
     <span class='ocr_line' id='line_1_31' title="bbox 416 2773 1994 2846; baseline -0.004 -12"><span class='ocrx_word' id='word_1_200' title='bbox 416 2791 524 2843; x_wconf 91' lang='lat' dir='ltr'><strong>tur,</strong></span> <span class='ocrx_word' id='word_1_201' title='bbox 557 2777 692 2832; x_wconf 89' lang='lat' dir='ltr'><strong>nihil</strong></span> <span class='ocrx_word' id='word_1_202' title='bbox 735 2776 988 2846; x_wconf 89' lang='lat' dir='ltr'><strong>prohibet</strong></span> <span class='ocrx_word' id='word_1_203' title='bbox 1031 2774 1216 2830; x_wconf 90' lang='lat' dir='ltr'><strong>dicere</strong></span> <span class='ocrx_word' id='word_1_204' title='bbox 1243 2781 1298 2828; x_wconf 93' lang='lat' dir='ltr'><strong>et</strong></span> <span class='ocrx_word' id='word_1_205' title='bbox 1327 2773 1626 2828; x_wconf 87' lang='lat' dir='ltr'><strong>humanam</strong></span> <span class='ocrx_word' id='word_1_206' title='bbox 1663 2775 1994 2828; x_wconf 86' lang='lat' dir='ltr'><strong>voluntatem</strong></span> 
     </span>
    </p>
   </div>
   <div class='ocr_carea' id='block_1_32' title="bbox 414 2866 1998 2936">
    <p class='ocr_par' dir='ltr' id='par_1_32' title="bbox 414 2866 1998 2936">
     <span class='ocr_line' id='line_1_32' title="bbox 414 2866 1998 2936; baseline -0.005 -9"><span class='ocrx_word' id='word_1_207' title='bbox 414 2882 468 2928; x_wconf 90' lang='lat' dir='ltr'><strong>et</strong></span> <span class='ocrx_word' id='word_1_208' title='bbox 518 2872 767 2927; x_wconf 86' lang='lat' dir='ltr'><strong>eamdem</strong></span> <span class='ocrx_word' id='word_1_209' title='bbox 805 2884 927 2925; x_wconf 89' lang='lat' dir='ltr'><strong>esse</strong></span> <span class='ocrx_word' id='word_1_210' title='bbox 966 2885 980 2922; x_wconf 88' lang='lat'><strong>:</strong></span> <span class='ocrx_word' id='word_1_211' title='bbox 1019 2867 1072 2921; x_wconf 91' lang='lat' dir='ltr'><strong>in</strong></span> <span class='ocrx_word' id='word_1_212' title='bbox 1105 2866 1326 2921; x_wconf 82' lang='lat' dir='ltr'><strong>Christo</strong></span> <span class='ocrx_word' id='word_1_213' title='bbox 1361 2875 1542 2920; x_wconf 74' lang='lat' dir='ltr'><strong>autem</strong></span> <span class='ocrx_word' id='word_1_214' title='bbox 1601 2881 1762 2920; x_wconf 82' lang='lat' dir='ltr'><strong>nemo</strong></span> <span class='ocrx_word' id='word_1_215' title='bbox 1817 2873 1998 2936; x_wconf 87' lang='lat' dir='ltr'><strong>potest</strong></span> 
     </span>
    </p>
   </div>
   <div class='ocr_carea' id='block_1_33' title="bbox 415 2959 2002 3029">
    <p class='ocr_par' dir='ltr' id='par_1_33' title="bbox 415 2959 2002 3029">
     <span class='ocr_line' id='line_1_33' title="bbox 415 2959 2002 3029; baseline -0.006 -8"><span class='ocrx_word' id='word_1_216' title='bbox 415 2965 666 3021; x_wconf 88' lang='lat' dir='ltr'><strong>similiter</strong></span> <span class='ocrx_word' id='word_1_217' title='bbox 686 2965 891 3029; x_wconf 85' lang='lat' dir='ltr'><strong>dicere,</strong></span> <span class='ocrx_word' id='word_1_218' title='bbox 923 2976 1032 3016; x_wconf 90' lang='lat' dir='ltr'><strong>non</strong></span> <span class='ocrx_word' id='word_1_219' title='bbox 1064 2960 1208 3014; x_wconf 88' lang='lat' dir='ltr'><strong>enim</strong></span> <span class='ocrx_word' id='word_1_220' title='bbox 1243 2973 1539 3029; x_wconf 85' lang='lat' dir='ltr'><strong>possumus</strong></span> <span class='ocrx_word' id='word_1_221' title='bbox 1561 2975 1727 3013; x_wconf 86' lang='lat' dir='ltr'><strong>unum</strong></span> <span class='ocrx_word' id='word_1_222' title='bbox 1754 2959 1883 3028; x_wconf 86' lang='lat' dir='ltr'><strong>quid</strong></span> <span class='ocrx_word' id='word_1_223' title='bbox 1915 2959 2002 3013; x_wconf 61' lang='lat' dir='ltr'><strong>ina</strong></span> 
     </span>
    </p>
   </div>
   <div class='ocr_carea' id='block_1_34' title="bbox 417 3050 2065 3153">
    <p class='ocr_par' dir='ltr' id='par_1_34' title="bbox 417 3050 2065 3153">
     <span class='ocr_line' id='line_1_34' title="bbox 417 3050 2065 3153; baseline -0.005 -42"><span class='ocrx_word' id='word_1_224' title='bbox 417 3059 678 3128; x_wconf 78' lang='lat' dir='ltr'><strong>Ielligere,</strong></span> <span class='ocrx_word' id='word_1_225' title='bbox 715 3056 769 3110; x_wconf 92' lang='lat' dir='ltr'><strong>in</strong></span> <span class='ocrx_word' id='word_1_226' title='bbox 802 3054 1023 3110; x_wconf 86' lang='lat' dir='ltr'><strong>Christo</strong></span> <span class='ocrx_word' id='word_1_227' title='bbox 1061 3054 1183 3107; x_wconf 69' lang='lat' dir='ltr'><strong>dua:</strong></span> <span class='ocrx_word' id='word_1_228' title='bbox 1226 3052 1498 3121; x_wconf 84' lang='lat' dir='ltr'><strong>siquidem</strong></span> <span class='ocrx_word' id='word_1_229' title='bbox 1552 3060 1763 3106; x_wconf 80' lang='lat' dir='ltr'><strong>natura:</strong></span> <span class='ocrx_word' id='word_1_230' title='bbox 1787 3050 1996 3106; x_wconf 85' lang='lat' dir='ltr'><strong>consti-</strong></span> <span class='ocrx_word' id='word_1_231' title='bbox 2022 3094 2065 3153; x_wconf 62' lang='grc' dir='ltr'><strong>Ο</strong></span> 
     </span>
    </p>
   </div>
   <div class='ocr_carea' id='block_1_35' title="bbox 414 3140 1991 3218">
    <p class='ocr_par' dir='ltr' id='par_1_35' title="bbox 414 3140 1991 3218">
     <span class='ocr_line' id='line_1_35' title="bbox 414 3140 1991 3218; baseline -0.004 -16"><span class='ocrx_word' id='word_1_232' title='bbox 414 3158 577 3203; x_wconf 83' lang='grc' dir='ltr'>ῑιιυιιι</span> <span class='ocrx_word' id='word_1_233' title='bbox 607 3146 947 3218; x_wconf 76' lang='lat' dir='ltr'><strong>hypostasim</strong></span> <span class='ocrx_word' id='word_1_234' title='bbox 966 3146 1107 3213; x_wconf 84' lang='lat' dir='ltr'><strong>ejus,</strong></span> <span class='ocrx_word' id='word_1_235' title='bbox 1135 3152 1188 3197; x_wconf 90' lang='lat' dir='ltr'><strong>et</strong></span> <span class='ocrx_word' id='word_1_236' title='bbox 1213 3159 1318 3197; x_wconf 89' lang='lat' dir='ltr'><strong>non</strong></span> <span class='ocrx_word' id='word_1_237' title='bbox 1345 3159 1472 3199; x_wconf 88' lang='lat' dir='ltr'><strong>una.</strong></span> <span class='ocrx_word' id='word_1_238' title='bbox 1498 3140 1682 3212; x_wconf 86' lang='lat' dir='ltr'><strong>Neque</strong></span> <span class='ocrx_word' id='word_1_239' title='bbox 1701 3157 1991 3212; x_wconf 87' lang='lat' dir='ltr'><strong>possumus</strong></span> 
     </span>
    </p>
   </div>
   <div class='ocr_carea' id='block_1_36' title="bbox 414 3238 1989 3308">
    <p class='ocr_par' dir='ltr' id='par_1_36' title="bbox 414 3238 1989 3308">
     <span class='ocr_line' id='line_1_36' title="bbox 414 3238 1989 3308; baseline -0.004 -9"><span class='ocrx_word' id='word_1_240' title='bbox 414 3245 599 3299; x_wconf 86' lang='lat' dir='ltr'><strong>dicere</strong></span> <span class='ocrx_word' id='word_1_241' title='bbox 629 3243 680 3296; x_wconf 90' lang='lat' dir='ltr'><strong>in</strong></span> <span class='ocrx_word' id='word_1_242' title='bbox 713 3258 815 3308; x_wconf 90' lang='lat' dir='ltr'><strong>eo;</strong></span> <span class='ocrx_word' id='word_1_243' title='bbox 849 3241 1102 3294; x_wconf 86' lang='lat' dir='ltr'><strong>voluntas</strong></span> <span class='ocrx_word' id='word_1_244' title='bbox 1153 3239 1401 3306; x_wconf 75' lang='lat' dir='ltr'><strong>gnomica</strong></span> <span class='ocrx_word' id='word_1_245' title='bbox 1445 3245 1718 3308; x_wconf 88' lang='lat' dir='ltr'><strong>quatenus</strong></span> <span class='ocrx_word' id='word_1_246' title='bbox 1745 3238 1857 3292; x_wconf 67' lang='lat' dir='ltr'><strong>base</strong></span> <span class='ocrx_word' id='word_1_247' title='bbox 1884 3247 1989 3304; x_wconf 91' lang='lat' dir='ltr'><strong>est,</strong></span> 
     </span>
    </p>
   </div>
   <div class='ocr_carea' id='block_1_37' title="bbox 416 3331 1991 3401">
    <p class='ocr_par' dir='ltr' id='par_1_37' title="bbox 416 3331 1991 3401">
     <span class='ocr_line' id='line_1_37' title="bbox 416 3331 1991 3401; baseline -0.003 -10"><span class='ocrx_word' id='word_1_248' title='bbox 416 3353 524 3391; x_wconf 92' lang='lat' dir='ltr'><strong>non</strong></span> <span class='ocrx_word' id='word_1_249' title='bbox 557 3344 642 3390; x_wconf 89' lang='lat' dir='ltr'><strong>est</strong></span> <span class='ocrx_word' id='word_1_250' title='bbox 663 3333 889 3400; x_wconf 88' lang='lat' dir='ltr'><strong>eadem;</strong></span> <span class='ocrx_word' id='word_1_251' title='bbox 925 3342 1194 3401; x_wconf 78' lang='lat' dir='ltr'><strong>quatenus</strong></span> <span class='ocrx_word' id='word_1_252' title='bbox 1223 3347 1354 3386; x_wconf 86' lang='lat' dir='ltr'><strong>vero</strong></span> <span class='ocrx_word' id='word_1_253' title='bbox 1383 3331 1498 3386; x_wconf 64' lang='lat' dir='ltr'><strong>haec</strong></span> <span class='ocrx_word' id='word_1_254' title='bbox 1531 3338 1638 3394; x_wconf 90' lang='lat' dir='ltr'><strong>est,</strong></span> <span class='ocrx_word' id='word_1_255' title='bbox 1670 3331 1858 3385; x_wconf 87' lang='lat' dir='ltr'><strong>eadem</strong></span> <span class='ocrx_word' id='word_1_256' title='bbox 1885 3340 1991 3397; x_wconf 89' lang='lat' dir='ltr'><strong>est,</strong></span> 
     </span>
    </p>
   </div>
   <div class='ocr_carea' id='block_1_38' title="bbox 415 3421 1995 3496">
    <p class='ocr_par' dir='ltr' id='par_1_38' title="bbox 415 3421 1995 3496">
     <span class='ocr_line' id='line_1_38' title="bbox 415 3421 1995 3496; baseline -0.002 -15"><span class='ocrx_word' id='word_1_257' title='bbox 415 3425 677 3496; x_wconf 86' lang='lat' dir='ltr'><strong>quoniam</strong></span> <span class='ocrx_word' id='word_1_258' title='bbox 727 3439 870 3478; x_wconf 91' lang='lat' dir='ltr'><strong>unus</strong></span> <span class='ocrx_word' id='word_1_259' title='bbox 899 3431 982 3477; x_wconf 91' lang='lat' dir='ltr'><strong>est</strong></span> <span class='ocrx_word' id='word_1_260' title='bbox 1010 3422 1262 3477; x_wconf 88' lang='lat' dir='ltr'><strong>Christus</strong></span> <span class='ocrx_word' id='word_1_261' title='bbox 1293 3432 1346 3476; x_wconf 91' lang='lat' dir='ltr'><strong>et</strong></span> <span class='ocrx_word' id='word_1_262' title='bbox 1374 3437 1481 3476; x_wconf 92' lang='lat' dir='ltr'><strong>una</strong></span> <span class='ocrx_word' id='word_1_263' title='bbox 1507 3421 1626 3490; x_wconf 82' lang='lat' dir='ltr'><strong>ejus</strong></span> <span class='ocrx_word' id='word_1_264' title='bbox 1650 3437 1905 3491; x_wconf 83' lang='lat' dir='ltr'><strong>persona,</strong></span> <span class='ocrx_word' id='word_1_265' title='bbox 1938 3432 1995 3478; x_wconf 88' lang='lat' dir='ltr'><strong>et</strong></span> 
     </span>
    </p>
   </div>
   <div class='ocr_carea' id='block_1_39' title="bbox 417 3513 1995 3588">
    <p class='ocr_par' dir='ltr' id='par_1_39' title="bbox 417 3513 1995 3588">
     <span class='ocr_line' id='line_1_39' title="bbox 417 3513 1995 3588; baseline -0.001 -16"><span class='ocrx_word' id='word_1_266' title='bbox 417 3534 523 3573; x_wconf 89' lang='lat' dir='ltr'><strong>una</strong></span> <span class='ocrx_word' id='word_1_267' title='bbox 555 3517 884 3588; x_wconf 85' lang='lat' dir='ltr'><strong>hypostasis,</strong></span> <span class='ocrx_word' id='word_1_268' title='bbox 942 3529 1118 3584; x_wconf 86' lang='lat' dir='ltr'><strong>neque</strong></span> <span class='ocrx_word' id='word_1_269' title='bbox 1167 3513 1332 3568; x_wconf 90' lang='lat' dir='ltr'><strong>habet</strong></span> <span class='ocrx_word' id='word_1_270' title='bbox 1380 3513 1626 3582; x_wconf 89' lang='lat' dir='ltr'><strong>ejusdem</strong></span> <span class='ocrx_word' id='word_1_271' title='bbox 1655 3513 1887 3580; x_wconf 90' lang='lat' dir='ltr'><strong>ordinis,</strong></span> <span class='ocrx_word' id='word_1_272' title='bbox 1939 3523 1995 3570; x_wconf 88' lang='lat' dir='ltr'><strong>et</strong></span> 
     </span>
    </p>
   </div>
   <div class='ocr_carea' id='block_1_40' title="bbox 415 3605 1995 3681">
    <p class='ocr_par' dir='ltr' id='par_1_40' title="bbox 415 3605 1995 3681">
     <span class='ocr_line' id='line_1_40' title="bbox 415 3605 1995 3681; baseline -0.003 -14"><span class='ocrx_word' id='word_1_273' title='bbox 415 3611 661 3681; x_wconf 89' lang='lat' dir='ltr'><strong>ejusdem</strong></span> <span class='ocrx_word' id='word_1_274' title='bbox 713 3607 953 3663; x_wconf 89' lang='lat' dir='ltr'><strong>nominis</strong></span> <span class='ocrx_word' id='word_1_275' title='bbox 1001 3615 1056 3661; x_wconf 90' lang='lat' dir='ltr'><strong>et</strong></span> <span class='ocrx_word' id='word_1_276' title='bbox 1099 3606 1330 3663; x_wconf 84' lang='lat' dir='ltr'><strong>rationis</strong></span> <span class='ocrx_word' id='word_1_277' title='bbox 1380 3605 1638 3664; x_wconf 89' lang='lat' dir='ltr'><strong>Christus</strong></span> <span class='ocrx_word' id='word_1_278' title='bbox 1670 3607 1995 3678; x_wconf 83' lang='lat' dir='ltr'><strong>hypostases</strong></span> 
     </span>
    </p>
   </div>
   <div class='ocr_carea' id='block_1_41' title="bbox 418 3697 1993 3771">
    <p class='ocr_par' dir='ltr' id='par_1_41' title="bbox 418 3697 1993 3771">
     <span class='ocr_line' id='line_1_41' title="bbox 418 3697 1993 3771; baseline -0.003 -15"><span class='ocrx_word' id='word_1_279' title='bbox 418 3699 860 3771; x_wconf 81' lang='grc' dir='ltr'><strong>συντεταγμένας</strong></span> <span class='ocrx_word' id='word_1_280' title='bbox 903 3737 919 3763; x_wconf 89' lang='grc'><em>,</em></span> <span class='ocrx_word' id='word_1_281' title='bbox 977 3698 1030 3753; x_wconf 88' lang='lat' dir='ltr'><strong>id</strong></span> <span class='ocrx_word' id='word_1_282' title='bbox 1085 3705 1169 3752; x_wconf 89' lang='lat' dir='ltr'><strong>est</strong></span> <span class='ocrx_word' id='word_1_283' title='bbox 1209 3697 1594 3763; x_wconf 87' lang='lat' dir='ltr'><strong>coordinatas;</strong></span> <span class='ocrx_word' id='word_1_284' title='bbox 1642 3711 1744 3753; x_wconf 90' lang='lat' dir='ltr'><strong>nec</strong></span> <span class='ocrx_word' id='word_1_285' title='bbox 1789 3697 1993 3767; x_wconf 88' lang='lat' dir='ltr'><strong>aliquid</strong></span> 
     </span>
    </p>
   </div>
   <div class='ocr_carea' id='block_1_42' title="bbox 417 3787 1993 3860">
    <p class='ocr_par' dir='ltr' id='par_1_42' title="bbox 417 3787 1993 3860">
     <span class='ocr_line' id='line_1_42' title="bbox 417 3787 1993 3860; baseline -0.004 -11"><span class='ocrx_word' id='word_1_286' title='bbox 417 3805 729 3857; x_wconf 90' lang='lat' dir='ltr'><strong>commune,</strong></span> <span class='ocrx_word' id='word_1_287' title='bbox 779 3789 924 3860; x_wconf 90' lang='lat' dir='ltr'><strong>quod</strong></span> <span class='ocrx_word' id='word_1_288' title='bbox 971 3791 1026 3844; x_wconf 93' lang='lat' dir='ltr'><strong>in</strong></span> <span class='ocrx_word' id='word_1_289' title='bbox 1063 3804 1130 3846; x_wconf 89' lang='lat' dir='ltr'><strong>eo</strong></span> <span class='ocrx_word' id='word_1_290' title='bbox 1173 3788 1410 3853; x_wconf 85' lang='lat' dir='ltr'><strong>dicatur,</strong></span> <span class='ocrx_word' id='word_1_291' title='bbox 1439 3789 1587 3859; x_wconf 90' lang='lat' dir='ltr'><strong>quod</strong></span> <span class='ocrx_word' id='word_1_292' title='bbox 1618 3787 1793 3858; x_wconf 90' lang='lat' dir='ltr'><strong>possit</strong></span> <span class='ocrx_word' id='word_1_293' title='bbox 1827 3788 1993 3842; x_wconf 88' lang='lat' dir='ltr'><strong>etiam</strong></span> 
     </span>
    </p>
   </div>
   <div class='ocr_carea' id='block_1_43' title="bbox 415 3881 1993 3956">
    <p class='ocr_par' dir='ltr' id='par_1_43' title="bbox 415 3881 1993 3956">
     <span class='ocr_line' id='line_1_43' title="bbox 415 3881 1993 3956; baseline -0.003 -16"><span class='ocrx_word' id='word_1_294' title='bbox 415 3887 539 3942; x_wconf 87' lang='lat' dir='ltr'><strong>aliis</strong></span> <span class='ocrx_word' id='word_1_295' title='bbox 569 3883 962 3956; x_wconf 82' lang='lat' dir='ltr'><strong>hypostasibus</strong></span> <span class='ocrx_word' id='word_1_296' title='bbox 995 3883 1189 3952; x_wconf 88' lang='lat' dir='ltr'><strong>aptari.</strong></span> <span class='ocrx_word' id='word_1_297' title='bbox 1239 3881 1421 3950; x_wconf 85' lang='lat' dir='ltr'><strong>Quare</strong></span> <span class='ocrx_word' id='word_1_298' title='bbox 1451 3890 1638 3938; x_wconf 89' lang='lat' dir='ltr'><strong>manet</strong></span> <span class='ocrx_word' id='word_1_299' title='bbox 1671 3897 1777 3935; x_wconf 88' lang='lat' dir='ltr'><strong>non</strong></span> <span class='ocrx_word' id='word_1_300' title='bbox 1815 3881 1993 3936; x_wconf 85' lang='lat' dir='ltr'><strong>soluta</strong></span> 
     </span>
    </p>
   </div>
   <div class='ocr_carea' id='block_1_44' title="bbox 415 3972 1996 4046">
    <p class='ocr_par' dir='ltr' id='par_1_44' title="bbox 415 3972 1996 4046">
     <span class='ocr_line' id='line_1_44' title="bbox 415 3972 1996 4046; baseline -0.004 -12"><span class='ocrx_word' id='word_1_301' title='bbox 415 3979 710 4042; x_wconf 87' lang='lat' dir='ltr'><strong>dubitatio,</strong></span> <span class='ocrx_word' id='word_1_302' title='bbox 757 3990 866 4046; x_wconf 89' lang='lat' dir='ltr'><strong>qua</strong></span> <span class='ocrx_word' id='word_1_303' title='bbox 923 3973 1278 4029; x_wconf 82' lang='lat' dir='ltr'><strong>dubitabatur</strong></span> <span class='ocrx_word' id='word_1_304' title='bbox 1327 3972 1590 4043; x_wconf 88' lang='lat' dir='ltr'><strong>quidnam</strong></span> <span class='ocrx_word' id='word_1_305' title='bbox 1622 3973 1696 4027; x_wconf 90' lang='lat' dir='ltr'><strong>sit</strong></span> <span class='ocrx_word' id='word_1_306' title='bbox 1739 3972 1996 4027; x_wconf 84' lang='lat' dir='ltr'><strong>voluntas</strong></span> 
     </span>
    </p>
   </div>
   <div class='ocr_carea' id='block_1_45' title="bbox 417 4062 1996 4140">
    <p class='ocr_par' dir='ltr' id='par_1_45' title="bbox 417 4062 1996 4140">
     <span class='ocr_line' id='line_1_45' title="bbox 417 4062 1996 4140; baseline -0.004 -18"><span class='ocrx_word' id='word_1_307' title='bbox 417 4068 684 4140; x_wconf 74' lang='lat' dir='ltr'><strong>guomiea.</strong></span> <span class='ocrx_word' id='word_1_308' title='bbox 709 4081 833 4120; x_wconf 88' lang='lat' dir='ltr'><strong>cum</strong></span> <span class='ocrx_word' id='word_1_309' title='bbox 862 4065 918 4118; x_wconf 89' lang='lat' dir='ltr'><strong>in</strong></span> <span class='ocrx_word' id='word_1_310' title='bbox 945 4062 1163 4118; x_wconf 86' lang='lat' dir='ltr'><strong>Christo</strong></span> <span class='ocrx_word' id='word_1_311' title='bbox 1195 4077 1372 4132; x_wconf 90' lang='lat' dir='ltr'><strong>neque</strong></span> <span class='ocrx_word' id='word_1_312' title='bbox 1414 4064 1486 4118; x_wconf 90' lang='lat' dir='ltr'><strong>sit</strong></span> <span class='ocrx_word' id='word_1_313' title='bbox 1521 4062 1784 4128; x_wconf 89' lang='lat' dir='ltr'><strong>humana,</strong></span> <span class='ocrx_word' id='word_1_314' title='bbox 1815 4075 1996 4132; x_wconf 88' lang='lat' dir='ltr'><strong>neque</strong></span> 
     </span>
    </p>
   </div>
   <div class='ocr_carea' id='block_1_46' title="bbox 415 4153 1711 4228">
    <p class='ocr_par' dir='ltr' id='par_1_46' title="bbox 415 4153 1711 4228">
     <span class='ocr_line' id='line_1_46' title="bbox 415 4153 1711 4228; baseline -0.008 -10"><span class='ocrx_word' id='word_1_315' title='bbox 415 4163 622 4225; x_wconf 86' lang='lat' dir='ltr'><strong>divina,</strong></span> <span class='ocrx_word' id='word_1_316' title='bbox 661 4174 837 4228; x_wconf 83' lang='lat' dir='ltr'><strong>neque</strong></span> <span class='ocrx_word' id='word_1_317' title='bbox 868 4157 1033 4211; x_wconf 89' lang='lat' dir='ltr'><strong>etiam</strong></span> <span class='ocrx_word' id='word_1_318' title='bbox 1067 4154 1190 4210; x_wconf 91' lang='lat' dir='ltr'><strong>talis</strong></span> <span class='ocrx_word' id='word_1_319' title='bbox 1213 4153 1483 4208; x_wconf 89' lang='lat' dir='ltr'><strong>nominari</strong></span> <span class='ocrx_word' id='word_1_320' title='bbox 1515 4154 1711 4222; x_wconf 88' lang='lat' dir='ltr'><strong>possit.</strong></span> 
     </span>
    </p>
   </div>
   <div class='ocr_carea' id='block_1_47' title="bbox 490 4245 1994 4319">
    <p class='ocr_par' dir='ltr' id='par_1_47' title="bbox 490 4245 1994 4319">
     <span class='ocr_line' id='line_1_47' title="bbox 490 4245 1994 4319; baseline -0.006 -10"><span class='ocrx_word' id='word_1_321' title='bbox 490 4251 804 4309; x_wconf 84' lang='lat' dir='ltr'><strong>Secundum</strong></span> <span class='ocrx_word' id='word_1_322' title='bbox 851 4263 980 4319; x_wconf 75' lang='lat' dir='ltr'><strong>ergo</strong></span> <span class='ocrx_word' id='word_1_323' title='bbox 1038 4245 1415 4316; x_wconf 89' lang='lat' dir='ltr'><strong>responsionis</strong></span> <span class='ocrx_word' id='word_1_324' title='bbox 1465 4261 1637 4316; x_wconf 76' lang='lat' dir='ltr'><strong>genus</strong></span> <span class='ocrx_word' id='word_1_325' title='bbox 1693 4254 1796 4310; x_wconf 89' lang='lat' dir='ltr'><strong>est,</strong></span> <span class='ocrx_word' id='word_1_326' title='bbox 1848 4245 1994 4316; x_wconf 90' lang='lat' dir='ltr'><strong>quod</strong></span> 
     </span>
    </p>
   </div>
   <div class='ocr_carea' id='block_1_48' title="bbox 416 4337 1996 4413">
    <p class='ocr_par' dir='ltr' id='par_1_48' title="bbox 416 4337 1996 4413">
     <span class='ocr_line' id='line_1_48' title="bbox 416 4337 1996 4413; baseline -0.005 -13"><span class='ocrx_word' id='word_1_327' title='bbox 416 4345 658 4401; x_wconf 79' lang='lat' dir='ltr'><strong>diximus</strong></span> <span class='ocrx_word' id='word_1_328' title='bbox 687 4342 822 4413; x_wconf 82' lang='lat'><strong>(57),</strong></span> <span class='ocrx_word' id='word_1_329' title='bbox 857 4355 963 4395; x_wconf 90' lang='lat' dir='ltr'><strong>non</strong></span> <span class='ocrx_word' id='word_1_330' title='bbox 997 4347 1250 4408; x_wconf 88' lang='lat' dir='ltr'><strong>oportere</strong></span> <span class='ocrx_word' id='word_1_331' title='bbox 1294 4337 1476 4393; x_wconf 87' lang='lat' dir='ltr'><strong>dicere</strong></span> <span class='ocrx_word' id='word_1_332' title='bbox 1531 4353 1653 4393; x_wconf 90' lang='lat' dir='ltr'><strong>esse</strong></span> <span class='ocrx_word' id='word_1_333' title='bbox 1695 4338 1748 4391; x_wconf 89' lang='lat' dir='ltr'><strong>in</strong></span> <span class='ocrx_word' id='word_1_334' title='bbox 1773 4337 1996 4397; x_wconf 90' lang='lat' dir='ltr'><strong>Christo</strong></span> 
     </span>
    </p>
   </div>
   <div class='ocr_carea' id='block_1_49' title="bbox 2098 481 3665 553">
    <p class='ocr_par' dir='ltr' id='par_1_49' title="bbox 2098 481 3665 553">
     <span class='ocr_line' id='line_1_49' title="bbox 2098 481 3665 553; baseline 0 -16"><span class='ocrx_word' id='word_1_335' title='bbox 2098 486 2126 537; x_wconf 89' lang='grc' dir='ltr'><strong>ό</strong></span> <span class='ocrx_word' id='word_1_336' title='bbox 2153 484 2213 537; x_wconf 88' lang='grc' dir='ltr'><strong>τὸ</strong></span> <span class='ocrx_word' id='word_1_337' title='bbox 2253 483 2489 553; x_wconf 81' lang='grc' dir='ltr'>ὀμοφυὲς</span> <span class='ocrx_word' id='word_1_338' title='bbox 2511 483 2713 552; x_wconf 82' lang='grc' dir='ltr'>ἄτομον</span> <span class='ocrx_word' id='word_1_339' title='bbox 2734 481 2843 535; x_wconf 85' lang='grc' dir='ltr'><strong>τῶν</strong></span> <span class='ocrx_word' id='word_1_340' title='bbox 2861 482 3037 536; x_wconf 81' lang='grc' dir='ltr'>ἄλλων</span> <span class='ocrx_word' id='word_1_341' title='bbox 3060 482 3183 536; x_wconf 77' lang='grc' dir='ltr'>καθ’</span> <span class='ocrx_word' id='word_1_342' title='bbox 3206 483 3416 536; x_wconf 68' lang='grc' dir='ltr'>ἕκαστα</span> <span class='ocrx_word' id='word_1_343' title='bbox 3434 482 3665 537; x_wconf 76' lang='grc' dir='ltr'>διαστέλ·</span> 
     </span>
    </p>
   </div>
   <div class='ocr_carea' id='block_1_50' title="bbox 2097 575 3663 646">
    <p class='ocr_par' dir='ltr' id='par_1_50' title="bbox 2097 575 3663 646">
     <span class='ocr_line' id='line_1_50' title="bbox 2097 575 3663 646; baseline 0.001 -19"><span class='ocrx_word' id='word_1_344' title='bbox 2097 575 2226 630; x_wconf 80' lang='grc' dir='ltr'>λων.</span> <span class='ocrx_word' id='word_1_345' title='bbox 2257 577 2365 629; x_wconf 79' lang='grc' dir='ltr'><strong>Καὶ</strong></span> <span class='ocrx_word' id='word_1_346' title='bbox 2398 577 2462 629; x_wconf 81' lang='grc' dir='ltr'>ὲκ</span> <span class='ocrx_word' id='word_1_347' title='bbox 2509 577 2603 628; x_wconf 87' lang='grc' dir='ltr'><strong>τοῦ</strong></span> <span class='ocrx_word' id='word_1_348' title='bbox 2646 577 3029 646; x_wconf 74' lang='grc' dir='ltr'><strong>συνομολογεῖν</strong></span> <span class='ocrx_word' id='word_1_349' title='bbox 3089 577 3279 646; x_wconf 73' lang='grc' dir='ltr'>μηδενὶ</span> <span class='ocrx_word' id='word_1_350' title='bbox 3337 576 3454 627; x_wconf 79' lang='grc' dir='ltr'><strong>τῶν</strong></span> <span class='ocrx_word' id='word_1_351' title='bbox 3503 577 3663 630; x_wconf 67' lang='grc' dir='ltr'>ἄλλων</span> 
     </span>
    </p>
   </div>
   <div class='ocr_carea' id='block_1_51' title="bbox 2097 661 3664 736">
    <p class='ocr_par' dir='ltr' id='par_1_51' title="bbox 2097 661 3664 736">
     <span class='ocr_line' id='line_1_51' title="bbox 2097 661 3664 736; baseline -0.001 -18"><span class='ocrx_word' id='word_1_352' title='bbox 2097 664 2316 734; x_wconf 81' lang='grc' dir='ltr'><strong>ἀτόμων</strong></span> <span class='ocrx_word' id='word_1_353' title='bbox 2349 665 2546 717; x_wconf 77' lang='grc' dir='ltr'>ταύτὸν</span> <span class='ocrx_word' id='word_1_354' title='bbox 2575 661 2714 718; x_wconf 75' lang='grc' dir='ltr'>εἶναι</span> <span class='ocrx_word' id='word_1_355' title='bbox 2743 669 2808 736; x_wconf 84' lang='grc' dir='ltr'>τῇ</span> <span class='ocrx_word' id='word_1_356' title='bbox 2851 665 3149 718; x_wconf 75' lang='grc' dir='ltr'>ὑποστάσει</span> <span class='ocrx_word' id='word_1_357' title='bbox 3187 665 3318 735; x_wconf 82' lang='grc' dir='ltr'>μηδὲ</span> <span class='ocrx_word' id='word_1_358' title='bbox 3349 667 3463 726; x_wconf 74' lang='grc' dir='ltr'>τοῖς</span> <span class='ocrx_word' id='word_1_359' title='bbox 3499 665 3664 728; x_wconf 62' lang='grc' dir='ltr'>ἄλλοις</span> 
     </span>
    </p>
   </div>
   <div class='ocr_carea' id='block_1_52' title="bbox 2102 753 3657 826">
    <p class='ocr_par' dir='ltr' id='par_1_52' title="bbox 2102 753 3657 826">
     <span class='ocr_line' id='line_1_52' title="bbox 2102 753 3657 826; baseline 0.001 -20"><span class='ocrx_word' id='word_1_360' title='bbox 2102 753 2357 822; x_wconf 81' lang='grc' dir='ltr'>ἱδιώμασι</span> <span class='ocrx_word' id='word_1_361' title='bbox 2386 755 2478 806; x_wconf 84' lang='grc' dir='ltr'><strong>τὸν</strong></span> <span class='ocrx_word' id='word_1_362' title='bbox 2508 755 2891 825; x_wconf 75' lang='grc' dir='ltr'>προκείμενον.</span> <span class='ocrx_word' id='word_1_363' title='bbox 2937 757 3032 809; x_wconf 87' lang='grc' dir='ltr'>Ἐκ</span> <span class='ocrx_word' id='word_1_364' title='bbox 3071 754 3264 808; x_wconf 87' lang='grc' dir='ltr'>τούτου</span> <span class='ocrx_word' id='word_1_365' title='bbox 3307 757 3406 808; x_wconf 68' lang='grc' dir='ltr'><strong>καὶ</strong></span> <span class='ocrx_word' id='word_1_366' title='bbox 3429 756 3525 826; x_wconf 81' lang='grc' dir='ltr'>τῆς</span> <span class='ocrx_word' id='word_1_367' title='bbox 3558 773 3657 808; x_wconf 87' lang='grc' dir='ltr'>κοι-</span> 
     </span>
    </p>
   </div>
   <div class='ocr_carea' id='block_1_53' title="bbox 2097 845 3663 916">
    <p class='ocr_par' dir='ltr' id='par_1_53' title="bbox 2097 845 3663 916">
     <span class='ocr_line' id='line_1_53' title="bbox 2097 845 3663 916; baseline -0.001 -16"><span class='ocrx_word' id='word_1_368' title='bbox 2097 846 2195 915; x_wconf 81' lang='grc' dir='ltr'><strong>νῆς</strong></span> <span class='ocrx_word' id='word_1_369' title='bbox 2230 847 2244 885; x_wconf 79' lang='grc' dir='ltr'><strong>ί</strong></span> <span class='ocrx_word' id='word_1_370' title='bbox 2277 845 2456 898; x_wconf 81' lang='grc' dir='ltr'>αὐτῶν</span> <span class='ocrx_word' id='word_1_371' title='bbox 2486 847 2806 916; x_wconf 78' lang='grc' dir='ltr'>ἀποστερεῖν</span> <span class='ocrx_word' id='word_1_372' title='bbox 2825 845 3060 916; x_wconf 79' lang='grc' dir='ltr'>φύσεως,</span> <span class='ocrx_word' id='word_1_373' title='bbox 3086 847 3181 898; x_wconf 78' lang='grc' dir='ltr'>καὶ</span> <span class='ocrx_word' id='word_1_374' title='bbox 3203 845 3262 899; x_wconf 81' lang='grc' dir='ltr'><strong>τὸ</strong></span> <span class='ocrx_word' id='word_1_375' title='bbox 3279 847 3558 916; x_wconf 75' lang='grc' dir='ltr'>γνωμικὸν</span> <span class='ocrx_word' id='word_1_376' title='bbox 3579 849 3663 899; x_wconf 65' lang='grc' dir='ltr'><strong>αὖα</strong></span> 
     </span>
    </p>
   </div>
   <div class='ocr_carea' id='block_1_54' title="bbox 2096 933 3662 1008">
    <p class='ocr_par' dir='ltr' id='par_1_54' title="bbox 2096 933 3662 1008">
     <span class='ocr_line' id='line_1_54' title="bbox 2096 933 3662 1008; baseline 0.001 -18"><span class='ocrx_word' id='word_1_377' title='bbox 2096 936 2190 990; x_wconf 91' lang='grc' dir='ltr'><strong>τοῦ</strong></span> <span class='ocrx_word' id='word_1_378' title='bbox 2217 935 2428 1007; x_wconf 82' lang='grc' dir='ltr'>θέλημα</span> <span class='ocrx_word' id='word_1_379' title='bbox 2459 935 2534 1007; x_wconf 86' lang='grc' dir='ltr'>μὴ</span> <span class='ocrx_word' id='word_1_380' title='bbox 2561 937 2740 1005; x_wconf 84' lang='grc' dir='ltr'>λέγειν</span> <span class='ocrx_word' id='word_1_381' title='bbox 2771 937 3110 1008; x_wconf 82' lang='grc' dir='ltr'>ἀνθρώπινον</span> <span class='ocrx_word' id='word_1_382' title='bbox 3139 933 3300 991; x_wconf 83' lang='grc' dir='ltr'>εἶναι.</span> <span class='ocrx_word' id='word_1_383' title='bbox 3345 939 3444 990; x_wconf 81' lang='grc' dir='ltr'>Ἐκ</span> <span class='ocrx_word' id='word_1_384' title='bbox 3468 938 3662 992; x_wconf 79' lang='grc' dir='ltr'>πολλῶν</span> 
     </span>
    </p>
   </div>
   <div class='ocr_carea' id='block_1_55' title="bbox 2097 1021 3663 1100">
    <p class='ocr_par' dir='ltr' id='par_1_55' title="bbox 2097 1021 3663 1100">
     <span class='ocr_line' id='line_1_55' title="bbox 2097 1021 3663 1100; baseline 0.002 -19"><span class='ocrx_word' id='word_1_385' title='bbox 2097 1027 2206 1100; x_wconf 81' lang='grc' dir='ltr'>γὰρ</span> <span class='ocrx_word' id='word_1_386' title='bbox 2226 1027 2490 1098; x_wconf 81' lang='grc' dir='ltr'><strong>ἀφορμῶν</strong></span> <span class='ocrx_word' id='word_1_387' title='bbox 2527 1029 2557 1080; x_wconf 85' lang='grc' dir='ltr'>ὁ</span> <span class='ocrx_word' id='word_1_388' title='bbox 2587 1027 3002 1099; x_wconf 80' lang='grc' dir='ltr'>παραλογισμὸς</span> <span class='ocrx_word' id='word_1_389' title='bbox 3029 1021 3183 1093; x_wconf 71' lang='grc' dir='ltr'>οὗτος</span> <span class='ocrx_word' id='word_1_390' title='bbox 3222 1030 3322 1099; x_wconf 79' lang='grc' dir='ltr'><strong>τὴν</strong></span> <span class='ocrx_word' id='word_1_391' title='bbox 3353 1031 3542 1100; x_wconf 78' lang='grc' dir='ltr'>κοινὴν</span> <span class='ocrx_word' id='word_1_392' title='bbox 3571 1032 3663 1099; x_wconf 69' lang='grc' dir='ltr'><strong>φύε</strong></span> 
     </span>
    </p>
   </div>
   <div class='ocr_carea' id='block_1_56' title="bbox 2099 1120 3662 1193">
    <p class='ocr_par' dir='ltr' id='par_1_56' title="bbox 2099 1120 3662 1193">
     <span class='ocr_line' id='line_1_56' title="bbox 2099 1120 3662 1193; baseline 0.001 -20"><span class='ocrx_word' id='word_1_393' title='bbox 2099 1137 2183 1174; x_wconf 89' lang='grc' dir='ltr'><strong>σιν</strong></span> <span class='ocrx_word' id='word_1_394' title='bbox 2215 1121 2515 1191; x_wconf 79' lang='grc' dir='ltr'>ἀποστήσει</span> <span class='ocrx_word' id='word_1_395' title='bbox 2546 1121 2642 1174; x_wconf 68' lang='grc' dir='ltr'><strong>κα)⁸</strong></span> <span class='ocrx_word' id='word_1_396' title='bbox 2667 1120 2959 1191; x_wconf 82' lang='grc' dir='ltr'>διαχωρίσε</span> <span class='ocrx_word' id='word_1_397' title='bbox 2971 1138 3012 1184; x_wconf 82' lang='grc' dir='ltr'>ι,</span> <span class='ocrx_word' id='word_1_398' title='bbox 3039 1122 3148 1174; x_wconf 85' lang='grc' dir='ltr'><strong>τῶν</strong></span> <span class='ocrx_word' id='word_1_399' title='bbox 3180 1122 3433 1193; x_wconf 78' lang='grc' dir='ltr'>ὑπἀὑτῇ</span> <span class='ocrx_word' id='word_1_400' title='bbox 3459 1121 3662 1174; x_wconf 84' lang='grc' dir='ltr'>τελούν-</span> 
     </span>
    </p>
   </div>
   <div class='ocr_carea' id='block_1_57' title="bbox 2096 1213 3664 1285">
    <p class='ocr_par' dir='ltr' id='par_1_57' title="bbox 2096 1213 3664 1285">
     <span class='ocr_line' id='line_1_57' title="bbox 2096 1213 3664 1285; baseline 0 -20"><span class='ocrx_word' id='word_1_401' title='bbox 2096 1229 2204 1266; x_wconf 85' lang='grc' dir='ltr'><strong>των</strong></span> <span class='ocrx_word' id='word_1_402' title='bbox 2236 1213 2329 1266; x_wconf 72' lang='grc' dir='ltr'><strong>καὶ</strong></span> <span class='ocrx_word' id='word_1_403' title='bbox 2356 1213 2834 1284; x_wconf 76' lang='grc' dir='ltr'>ἐμπεριεχομένων</span> <span class='ocrx_word' id='word_1_404' title='bbox 2859 1215 3078 1285; x_wconf 80' lang='grc' dir='ltr'>ἀτόμων</span> <span class='ocrx_word' id='word_1_405' title='bbox 3108 1213 3280 1284; x_wconf 78' lang='grc' dir='ltr'>αὐτῆς</span> <span class='ocrx_word' id='word_1_406' title='bbox 3317 1213 3400 1284; x_wconf 82' lang='grc' dir='ltr'>τῷ</span> <span class='ocrx_word' id='word_1_407' title='bbox 3441 1218 3664 1284; x_wconf 70' lang='grc' dir='ltr'>προσρή-</span> 
     </span>
    </p>
   </div>
   <div class='ocr_carea' id='block_1_58' title="bbox 2101 1302 3664 1376">
    <p class='ocr_par' dir='ltr' id='par_1_58' title="bbox 2101 1302 3664 1376">
     <span class='ocr_line' id='line_1_58' title="bbox 2101 1302 3664 1376; baseline 0.002 -19"><span class='ocrx_word' id='word_1_408' title='bbox 2101 1321 2255 1375; x_wconf 90' lang='grc' dir='ltr'>ματι.</span> <span class='ocrx_word' id='word_1_409' title='bbox 2281 1306 2358 1357; x_wconf 80' lang='grc' dir='ltr'><strong>Δι’</strong></span> <span class='ocrx_word' id='word_1_410' title='bbox 2387 1305 2526 1375; x_wconf 82' lang='grc' dir='ltr'>ὅπερ</span> <span class='ocrx_word' id='word_1_411' title='bbox 2573 1306 2671 1376; x_wconf 82' lang='grc' dir='ltr'>οὐχ</span> <span class='ocrx_word' id='word_1_412' title='bbox 2713 1306 2916 1376; x_wconf 73' lang='grc' dir='ltr'>ὁμοίως</span> <span class='ocrx_word' id='word_1_413' title='bbox 2949 1308 2977 1359; x_wconf 88' lang='grc' dir='ltr'><strong>ὁ</strong></span> <span class='ocrx_word' id='word_1_414' title='bbox 3014 1307 3172 1375; x_wconf 80' lang='grc' dir='ltr'>λόγος</span> <span class='ocrx_word' id='word_1_415' title='bbox 3201 1302 3358 1370; x_wconf 75' lang='grc' dir='ltr'>οὗτος</span> <span class='ocrx_word' id='word_1_416' title='bbox 3385 1307 3498 1376; x_wconf 77' lang='grc' dir='ltr'>ἔχει</span> <span class='ocrx_word' id='word_1_417' title='bbox 3528 1310 3614 1360; x_wconf 75' lang='grc' dir='ltr'><strong>καὶ</strong></span> <span class='ocrx_word' id='word_1_418' title='bbox 3640 1310 3664 1359; x_wconf 77' lang='grc'>6</span> 
     </span>
    </p>
   </div>
   <div class='ocr_carea' id='block_1_59' title="bbox 2097 1396 3664 1469">
    <p class='ocr_par' dir='ltr' id='par_1_59' title="bbox 2097 1396 3664 1469">
     <span class='ocr_line' id='line_1_59' title="bbox 2097 1396 3664 1469; baseline 0.001 -21"><span class='ocrx_word' id='word_1_419' title='bbox 2097 1396 2159 1449; x_wconf 87' lang='grc' dir='ltr'><strong>τὸ</strong></span> <span class='ocrx_word' id='word_1_420' title='bbox 2183 1397 2199 1446; x_wconf 79' lang='grc' dir='ltr'><strong>ι</strong></span> <span class='ocrx_word' id='word_1_421' title='bbox 2230 1397 2531 1465; x_wconf 84' lang='grc' dir='ltr'>γνωστικὸν</span> <span class='ocrx_word' id='word_1_422' title='bbox 2566 1396 2659 1449; x_wconf 79' lang='grc' dir='ltr'>ἐπὶ</span> <span class='ocrx_word' id='word_1_423' title='bbox 2688 1398 2925 1468; x_wconf 81' lang='grc' dir='ltr'>Χριστοῦ</span> <span class='ocrx_word' id='word_1_424' title='bbox 2959 1399 3033 1469; x_wconf 81' lang='grc' dir='ltr'>μὴ</span> <span class='ocrx_word' id='word_1_425' title='bbox 3057 1397 3501 1467; x_wconf 80' lang='grc' dir='ltr'>παραδεχόμενος</span> <span class='ocrx_word' id='word_1_426' title='bbox 3521 1397 3664 1466; x_wconf 80' lang='grc' dir='ltr'><strong>θέλη·</strong></span> 
     </span>
    </p>
   </div>
   <div class='ocr_carea' id='block_1_60' title="bbox 2102 1488 3666 1560">
    <p class='ocr_par' dir='ltr' id='par_1_60' title="bbox 2102 1488 3666 1560">
     <span class='ocr_line' id='line_1_60' title="bbox 2102 1488 3666 1560; baseline 0.001 -19"><span class='ocrx_word' id='word_1_427' title='bbox 2102 1506 2200 1560; x_wconf 90' lang='grc' dir='ltr'><strong>μα.</strong></span> <span class='ocrx_word' id='word_1_428' title='bbox 2235 1490 2362 1543; x_wconf 70' lang='grc' dir='ltr'><strong>Ἑπῖ⁵</strong></span> <span class='ocrx_word' id='word_1_429' title='bbox 2388 1489 2489 1559; x_wconf 79' lang='grc' dir='ltr'><strong>μὲν</strong></span> <span class='ocrx_word' id='word_1_430' title='bbox 2522 1490 2632 1560; x_wconf 81' lang='grc' dir='ltr'>γὰρ</span> <span class='ocrx_word' id='word_1_431' title='bbox 2667 1489 2777 1543; x_wconf 82' lang='grc' dir='ltr'><strong>τῶν</strong></span> <span class='ocrx_word' id='word_1_432' title='bbox 2808 1488 3112 1560; x_wconf 80' lang='grc' dir='ltr'>ἀνθρώπων</span> <span class='ocrx_word' id='word_1_433' title='bbox 3141 1491 3236 1543; x_wconf 71' lang='grc' dir='ltr'><strong>ἕνα</strong></span> <span class='ocrx_word' id='word_1_434' title='bbox 3271 1488 3460 1542; x_wconf 78' lang='grc' dir='ltr'>λαϐὼν</span> <span class='ocrx_word' id='word_1_435' title='bbox 3491 1489 3666 1558; x_wconf 81' lang='grc' dir='ltr'>ὁμολο-</span> 
     </span>
    </p>
   </div>
   <div class='ocr_carea' id='block_1_61' title="bbox 2097 1582 3662 1654">
    <p class='ocr_par' dir='ltr' id='par_1_61' title="bbox 2097 1582 3662 1654">
     <span class='ocr_line' id='line_1_61' title="bbox 2097 1582 3662 1654; baseline 0 -18"><span class='ocrx_word' id='word_1_436' title='bbox 2097 1584 2380 1654; x_wconf 76' lang='grc' dir='ltr'>γουμένως</span> <span class='ocrx_word' id='word_1_437' title='bbox 2400 1583 2510 1636; x_wconf 88' lang='grc' dir='ltr'><strong>τῶν</strong></span> <span class='ocrx_word' id='word_1_438' title='bbox 2541 1583 2664 1637; x_wconf 86' lang='grc' dir='ltr'>καθ’</span> <span class='ocrx_word' id='word_1_439' title='bbox 2693 1583 2926 1636; x_wconf 72' lang='grc' dir='ltr'>ἕκαστον</span> <span class='ocrx_word' id='word_1_440' title='bbox 2955 1583 3233 1654; x_wconf 72' lang='grc' dir='ltr'>γνωμικὸν</span> <span class='ocrx_word' id='word_1_441' title='bbox 3267 1582 3422 1653; x_wconf 73' lang='grc' dir='ltr'>ἔχειν</span> <span class='ocrx_word' id='word_1_442' title='bbox 3463 1583 3662 1652; x_wconf 82' lang='grc' dir='ltr'>θέλημα</span> 
     </span>
    </p>
   </div>
   <div class='ocr_carea' id='block_1_62' title="bbox 2101 1678 3662 1751">
    <p class='ocr_par' dir='ltr' id='par_1_62' title="bbox 2101 1678 3662 1751">
     <span class='ocr_line' id='line_1_62' title="bbox 2101 1678 3662 1751; baseline -0.003 -18"><span class='ocrx_word' id='word_1_443' title='bbox 2101 1681 2164 1734; x_wconf 73' lang='grc' dir='ltr'>ἐκ</span> <span class='ocrx_word' id='word_1_444' title='bbox 2187 1681 2288 1750; x_wconf 72' lang='grc' dir='ltr'><strong>τῆς</strong></span> <span class='ocrx_word' id='word_1_445' title='bbox 2325 1681 2462 1751; x_wconf 84' lang='grc' dir='ltr'>πρὸς</span> <span class='ocrx_word' id='word_1_446' title='bbox 2495 1681 2562 1734; x_wconf 82' lang='grc' dir='ltr'>τὰ</span> <span class='ocrx_word' id='word_1_447' title='bbox 2599 1679 2760 1734; x_wconf 83' lang='grc' dir='ltr'>λοιπὰ</span> <span class='ocrx_word' id='word_1_448' title='bbox 2784 1678 2892 1733; x_wconf 84' lang='grc' dir='ltr'>τῶν</span> <span class='ocrx_word' id='word_1_449' title='bbox 2921 1679 3182 1749; x_wconf 83' lang='grc' dir='ltr'>ὁμοειδῶν</span> <span class='ocrx_word' id='word_1_450' title='bbox 3208 1678 3550 1750; x_wconf 79' lang='grc' dir='ltr'>ἑτερότητος,</span> <span class='ocrx_word' id='word_1_451' title='bbox 3572 1679 3662 1747; x_wconf 77' lang='grc' dir='ltr'><strong>τὴν</strong></span> 
     </span>
    </p>
   </div>
   <div class='ocr_carea' id='block_1_63' title="bbox 2099 1772 3663 1844">
    <p class='ocr_par' dir='ltr' id='par_1_63' title="bbox 2099 1772 3663 1844">
     <span class='ocr_line' id='line_1_63' title="bbox 2099 1772 3663 1844; baseline -0.004 -16"><span class='ocrx_word' id='word_1_452' title='bbox 2099 1775 2286 1843; x_wconf 83' lang='grc' dir='ltr'>κοινὴν</span> <span class='ocrx_word' id='word_1_453' title='bbox 2328 1774 2490 1842; x_wconf 73' lang='grc' dir='ltr'>φύσιν</span> <span class='ocrx_word' id='word_1_454' title='bbox 2523 1773 2950 1844; x_wconf 67' lang='grc' dir='ltr'>παραγράφεται</span> <span class='ocrx_word' id='word_1_455' title='bbox 2975 1789 2990 1802; x_wconf 75' lang='grc' dir='ltr'><strong>ο</strong></span> <span class='ocrx_word' id='word_1_456' title='bbox 3025 1772 3162 1841; x_wconf 79' lang='grc' dir='ltr'>ὅπερ</span> <span class='ocrx_word' id='word_1_457' title='bbox 3193 1772 3312 1825; x_wconf 78' lang='grc' dir='ltr'>ἐστὶ</span> <span class='ocrx_word' id='word_1_458' title='bbox 3349 1773 3663 1840; x_wconf 77' lang='grc' dir='ltr'>σεσοφισμέο</span> 
     </span>
    </p>
   </div>
   <div class='ocr_carea' id='block_1_64' title="bbox 2097 1863 3666 1933">
    <p class='ocr_par' dir='ltr' id='par_1_64' title="bbox 2097 1863 3666 1933">
     <span class='ocr_line' id='line_1_64' title="bbox 2097 1863 3666 1933; baseline -0.003 -13"><span class='ocrx_word' id='word_1_459' title='bbox 2097 1885 2206 1932; x_wconf 91' lang='grc' dir='ltr'>νον,</span> <span class='ocrx_word' id='word_1_460' title='bbox 2230 1865 2326 1920; x_wconf 75' lang='grc' dir='ltr'>καὶ</span> <span class='ocrx_word' id='word_1_461' title='bbox 2347 1865 2710 1920; x_wconf 77' lang='grc' dir='ltr'>ἀνακόλουθον</span> <span class='ocrx_word' id='word_1_462' title='bbox 2731 1864 3172 1933; x_wconf 73' lang='grc' dir='ltr'>συλλογίσασθαι.</span> <span class='ocrx_word' id='word_1_463' title='bbox 3205 1865 3330 1917; x_wconf 72' lang='grc' dir='ltr'><strong>Ἐπὶ</strong></span> <span class='ocrx_word' id='word_1_464' title='bbox 3356 1863 3415 1916; x_wconf 85' lang='grc' dir='ltr'>δὲ</span> <span class='ocrx_word' id='word_1_465' title='bbox 3440 1863 3535 1916; x_wconf 85' lang='grc' dir='ltr'><strong>τοῦ</strong></span> <span class='ocrx_word' id='word_1_466' title='bbox 3565 1865 3666 1916; x_wconf 84' lang='grc' dir='ltr'><strong>Κυ-</strong></span> 
     </span>
    </p>
   </div>
   <div class='ocr_carea' id='block_1_65' title="bbox 2101 1950 3666 2030">
    <p class='ocr_par' dir='ltr' id='par_1_65' title="bbox 2101 1950 3666 2030">
     <span class='ocr_line' id='line_1_65' title="bbox 2101 1950 3666 2030; baseline -0.001 -22"><span class='ocrx_word' id='word_1_467' title='bbox 2101 1957 2222 2030; x_wconf 82' lang='grc' dir='ltr'>ρίου</span> <span class='ocrx_word' id='word_1_468' title='bbox 2257 1955 2415 2028; x_wconf 78' lang='grc' dir='ltr'>ἡμῶν</span> <span class='ocrx_word' id='word_1_469' title='bbox 2459 1954 2633 2023; x_wconf 80' lang='grc' dir='ltr'>Ἰησοῦ</span> <span class='ocrx_word' id='word_1_470' title='bbox 2682 1953 2922 2025; x_wconf 77' lang='grc' dir='ltr'>Χριστοῦ</span> <span class='ocrx_word' id='word_1_471' title='bbox 2979 1953 3196 2025; x_wconf 70' lang='grc' dir='ltr'>πρῶτον</span> <span class='ocrx_word' id='word_1_472' title='bbox 3250 1952 3353 2022; x_wconf 83' lang='grc' dir='ltr'>μὲν</span> <span class='ocrx_word' id='word_1_473' title='bbox 3409 1950 3666 2023; x_wconf 78' lang='grc' dir='ltr'>ζητοῦμεν</span> 
     </span>
    </p>
   </div>
   <div class='ocr_carea' id='block_1_66' title="bbox 2097 2045 3667 2116">
    <p class='ocr_par' dir='ltr' id='par_1_66' title="bbox 2097 2045 3667 2116">
     <span class='ocr_line' id='line_1_66' title="bbox 2097 2045 3667 2116; baseline -0.004 -14"><span class='ocrx_word' id='word_1_474' title='bbox 2097 2049 2234 2113; x_wconf 83' lang='grc' dir='ltr'>τέως</span> <span class='ocrx_word' id='word_1_475' title='bbox 2259 2047 2472 2108; x_wconf 73' lang='grc' dir='ltr'>εἰὸλως</span> <span class='ocrx_word' id='word_1_476' title='bbox 2520 2046 2600 2099; x_wconf 88' lang='grc' dir='ltr'>δεῖ</span> <span class='ocrx_word' id='word_1_477' title='bbox 2648 2047 2824 2115; x_wconf 83' lang='grc' dir='ltr'>λέγειν</span> <span class='ocrx_word' id='word_1_478' title='bbox 2867 2046 3146 2116; x_wconf 72' lang='grc' dir='ltr'>γνωμικὸν</span> <span class='ocrx_word' id='word_1_479' title='bbox 3195 2045 3348 2116; x_wconf 83' lang='grc' dir='ltr'>αὐτῷ</span> <span class='ocrx_word' id='word_1_480' title='bbox 3398 2047 3667 2115; x_wconf 75' lang='grc' dir='ltr'>προσεῖναι</span> 
     </span>
    </p>
   </div>
   <div class='ocr_carea' id='block_1_67' title="bbox 2097 2136 3665 2211">
    <p class='ocr_par' dir='ltr' id='par_1_67' title="bbox 2097 2136 3665 2211">
     <span class='ocr_line' id='line_1_67' title="bbox 2097 2136 3665 2211; baseline -0.004 -16"><span class='ocrx_word' id='word_1_481' title='bbox 2097 2141 2333 2211; x_wconf 83' lang='grc' dir='ltr'>θέλημα,</span> <span class='ocrx_word' id='word_1_482' title='bbox 2362 2141 2458 2194; x_wconf 76' lang='grc' dir='ltr'><strong>καὶ</strong></span> <span class='ocrx_word' id='word_1_483' title='bbox 2488 2139 2588 2194; x_wconf 83' lang='grc' dir='ltr'><strong>οὐκ</strong></span> <span class='ocrx_word' id='word_1_484' title='bbox 2621 2139 2738 2193; x_wconf 80' lang='grc' dir='ltr'>ἐστι</span> <span class='ocrx_word' id='word_1_485' title='bbox 2762 2139 2946 2194; x_wconf 71' lang='grc' dir='ltr'>λαϐεῖν</span> <span class='ocrx_word' id='word_1_486' title='bbox 2975 2139 3303 2202; x_wconf 70' lang='grc' dir='ltr'>ὑποστάσεις</span> <span class='ocrx_word' id='word_1_487' title='bbox 3322 2137 3401 2209; x_wconf 79' lang='grc' dir='ltr'><strong>τῷ</strong></span> <span class='ocrx_word' id='word_1_488' title='bbox 3426 2136 3521 2190; x_wconf 86' lang='grc' dir='ltr'><strong>τοῦ</strong></span> <span class='ocrx_word' id='word_1_489' title='bbox 3542 2138 3665 2208; x_wconf 65' lang='grc' dir='ltr'>Χριέ</span> 
     </span>
    </p>
   </div>
   <div class='ocr_carea' id='block_1_68' title="bbox 2098 2233 2924 2306">
    <p class='ocr_par' dir='ltr' id='par_1_68' title="bbox 2098 2233 2924 2306">
     <span class='ocr_line' id='line_1_68' title="bbox 2098 2233 2924 2306; baseline 0 -18"><span class='ocrx_word' id='word_1_490' title='bbox 2098 2235 2224 2290; x_wconf 89' lang='grc' dir='ltr'>στοῦ</span> <span class='ocrx_word' id='word_1_491' title='bbox 2254 2233 2648 2306; x_wconf 77' lang='grc' dir='ltr'>περιεχομένας</span> <span class='ocrx_word' id='word_1_492' title='bbox 2676 2233 2924 2304; x_wconf 84' lang='grc' dir='ltr'>ὀνόματι.</span> 
     </span>
    </p>
   </div>
   <div class='ocr_carea' id='block_1_69' title="bbox 2171 2409 3666 2483">
    <p class='ocr_par' dir='ltr' id='par_1_69' title="bbox 2171 2409 3666 2483">
     <span class='ocr_line' id='line_1_69' title="bbox 2171 2409 3666 2483; baseline -0.005 -15"><span class='ocrx_word' id='word_1_493' title='bbox 2171 2415 2296 2468; x_wconf 86' lang='grc' dir='ltr'><strong>Ἔτι</strong></span> <span class='ocrx_word' id='word_1_494' title='bbox 2321 2414 2377 2467; x_wconf 76' lang='grc' dir='ltr'>δὲ</span> <span class='ocrx_word' id='word_1_495' title='bbox 2405 2414 2498 2468; x_wconf 74' lang='grc' dir='ltr'><strong>ἐπὶ</strong></span> <span class='ocrx_word' id='word_1_496' title='bbox 2536 2415 2636 2483; x_wconf 75' lang='grc' dir='ltr'>μὲν</span> <span class='ocrx_word' id='word_1_497' title='bbox 2677 2413 2788 2467; x_wconf 84' lang='grc' dir='ltr'>τῶν</span> <span class='ocrx_word' id='word_1_498' title='bbox 2829 2411 3133 2483; x_wconf 80' lang='grc' dir='ltr'>ἀνθρώπων</span> <span class='ocrx_word' id='word_1_499' title='bbox 3181 2409 3332 2464; x_wconf 79' lang='grc' dir='ltr'>ἔστιν</span> <span class='ocrx_word' id='word_1_500' title='bbox 3376 2410 3548 2463; x_wconf 71' lang='grc' dir='ltr'>εἰπεῖν</span> <span class='ocrx_word' id='word_1_501' title='bbox 3590 2409 3666 2462; x_wconf 82' lang='grc' dir='ltr'>ὅτι</span> 
     </span>
    </p>
   </div>
   <div class='ocr_carea' id='block_1_70' title="bbox 2094 2502 3665 2576">
    <p class='ocr_par' dir='ltr' id='par_1_70' title="bbox 2094 2502 3665 2576">
     <span class='ocr_line' id='line_1_70' title="bbox 2094 2502 3665 2576; baseline -0.004 -17"><span class='ocrx_word' id='word_1_502' title='bbox 2094 2506 2157 2560; x_wconf 86' lang='grc' dir='ltr'><strong>τὸ</strong></span> <span class='ocrx_word' id='word_1_503' title='bbox 2182 2505 2495 2576; x_wconf 75' lang='grc' dir='ltr'>ἐνυπάρχον</span> <span class='ocrx_word' id='word_1_504' title='bbox 2517 2505 2702 2568; x_wconf 75' lang='grc' dir='ltr'>αὐτοῖς</span> <span class='ocrx_word' id='word_1_505' title='bbox 2728 2504 3008 2576; x_wconf 78' lang='grc' dir='ltr'>γνωμικὸν</span> <span class='ocrx_word' id='word_1_506' title='bbox 3028 2503 3240 2573; x_wconf 85' lang='grc' dir='ltr'>θέλημα</span> <span class='ocrx_word' id='word_1_507' title='bbox 3267 2502 3408 2555; x_wconf 87' lang='grc' dir='ltr'>καθὸ</span> <span class='ocrx_word' id='word_1_508' title='bbox 3434 2503 3532 2572; x_wconf 79' lang='grc' dir='ltr'>μὲν</span> <span class='ocrx_word' id='word_1_509' title='bbox 3556 2504 3665 2562; x_wconf 73' lang='grc' dir='ltr'>ταῖς</span> 
     </span>
    </p>
   </div>
   <div class='ocr_carea' id='block_1_71' title="bbox 2097 2591 3667 2666">
    <p class='ocr_par' dir='ltr' id='par_1_71' title="bbox 2097 2591 3667 2666">
     <span class='ocr_line' id='line_1_71' title="bbox 2097 2591 3667 2666; baseline -0.005 -14"><span class='ocrx_word' id='word_1_510' title='bbox 2097 2597 2462 2652; x_wconf 82' lang='grc' dir='ltr'>ὑποστάσεσιν</span> <span class='ocrx_word' id='word_1_511' title='bbox 2517 2595 2894 2666; x_wconf 80' lang='grc' dir='ltr'>διακέκριται,</span> <span class='ocrx_word' id='word_1_512' title='bbox 2932 2594 3033 2649; x_wconf 80' lang='grc' dir='ltr'><strong>οὐκ</strong></span> <span class='ocrx_word' id='word_1_513' title='bbox 3090 2593 3238 2646; x_wconf 83' lang='grc' dir='ltr'>ἔστιν</span> <span class='ocrx_word' id='word_1_514' title='bbox 3271 2592 3462 2663; x_wconf 67' lang='grc' dir='ltr'>ἕτερον</span> <span class='ocrx_word' id='word_1_515' title='bbox 3507 2591 3667 2661; x_wconf 76' lang='grc' dir='ltr'>ἑτέρῳ</span> 
     </span>
    </p>
   </div>
   <div class='ocr_carea' id='block_1_72' title="bbox 2094 2683 3668 2757">
    <p class='ocr_par' dir='ltr' id='par_1_72' title="bbox 2094 2683 3668 2757">
     <span class='ocr_line' id='line_1_72' title="bbox 2094 2683 3668 2757; baseline -0.006 -13"><span class='ocrx_word' id='word_1_516' title='bbox 2094 2689 2313 2757; x_wconf 83' lang='grc' dir='ltr'>ταυτὸν,</span> <span class='ocrx_word' id='word_1_517' title='bbox 2348 2687 2486 2743; x_wconf 85' lang='grc' dir='ltr'>καθὸ</span> <span class='ocrx_word' id='word_1_518' title='bbox 2510 2688 2566 2742; x_wconf 78' lang='grc' dir='ltr'>δὲ</span> <span class='ocrx_word' id='word_1_519' title='bbox 2595 2689 2675 2750; x_wconf 79' lang='grc' dir='ltr'><strong>εις</strong></span> <span class='ocrx_word' id='word_1_520' title='bbox 2715 2686 2848 2753; x_wconf 75' lang='grc' dir='ltr'>μίαν</span> <span class='ocrx_word' id='word_1_521' title='bbox 2881 2685 3045 2756; x_wconf 80' lang='grc' dir='ltr'>φύσιν</span> <span class='ocrx_word' id='word_1_522' title='bbox 3089 2684 3502 2752; x_wconf 83' lang='grc' dir='ltr'>συνεισάγεται,</span> <span class='ocrx_word' id='word_1_523' title='bbox 3527 2683 3668 2736; x_wconf 76' lang='grc' dir='ltr'>οὐδὲν</span> 
     </span>
    </p>
   </div>
   <div class='ocr_carea' id='block_1_73' title="bbox 2095 2775 3666 2850">
    <p class='ocr_par' dir='ltr' id='par_1_73' title="bbox 2095 2775 3666 2850">
     <span class='ocr_line' id='line_1_73' title="bbox 2095 2775 3666 2850; baseline -0.004 -16"><span class='ocrx_word' id='word_1_524' title='bbox 2095 2780 2348 2850; x_wconf 83' lang='grc' dir='ltr'>λέγεσθαι</span> <span class='ocrx_word' id='word_1_525' title='bbox 2401 2779 2498 2833; x_wconf 75' lang='grc' dir='ltr'><strong>καὶ</strong></span> <span class='ocrx_word' id='word_1_526' title='bbox 2554 2777 2894 2850; x_wconf 84' lang='grc' dir='ltr'>ἀνθρώπινον</span> <span class='ocrx_word' id='word_1_527' title='bbox 2934 2779 3026 2830; x_wconf 82' lang='grc' dir='ltr'><strong>καὶ</strong></span> <span class='ocrx_word' id='word_1_528' title='bbox 3076 2777 3294 2832; x_wconf 71' lang='grc' dir='ltr'>ταύτόν.</span> <span class='ocrx_word' id='word_1_529' title='bbox 3345 2776 3476 2830; x_wconf 76' lang='grc' dir='ltr'><strong>Ἐπὶ</strong></span> <span class='ocrx_word' id='word_1_530' title='bbox 3503 2777 3555 2829; x_wconf 78' lang='grc' dir='ltr'>δὲ</span> <span class='ocrx_word' id='word_1_531' title='bbox 3581 2775 3666 2828; x_wconf 76' lang='grc' dir='ltr'><strong>τοῦ</strong></span> 
     </span>
    </p>
   </div>
   <div class='ocr_carea' id='block_1_74' title="bbox 2095 2870 3665 2944">
    <p class='ocr_par' dir='ltr' id='par_1_74' title="bbox 2095 2870 3665 2944">
     <span class='ocr_line' id='line_1_74' title="bbox 2095 2870 3665 2944; baseline -0.004 -18"><span class='ocrx_word' id='word_1_532' title='bbox 2095 2871 2334 2944; x_wconf 86' lang='grc' dir='ltr'>Χριστοῦ</span> <span class='ocrx_word' id='word_1_533' title='bbox 2363 2872 2463 2943; x_wconf 74' lang='grc' dir='ltr'>οὐχ</span> <span class='ocrx_word' id='word_1_534' title='bbox 2493 2871 2606 2936; x_wconf 72' lang='grc' dir='ltr'>ἕξει</span> <span class='ocrx_word' id='word_1_535' title='bbox 2634 2887 2718 2935; x_wconf 85' lang='grc' dir='ltr'><strong>τις</strong></span> <span class='ocrx_word' id='word_1_536' title='bbox 2761 2871 2822 2925; x_wconf 88' lang='grc' dir='ltr'><strong>τὸ</strong></span> <span class='ocrx_word' id='word_1_537' title='bbox 2849 2872 3033 2942; x_wconf 78' lang='grc' dir='ltr'>ὅμοιον</span> <span class='ocrx_word' id='word_1_538' title='bbox 3070 2872 3264 2936; x_wconf 77' lang='grc' dir='ltr'>εἰπεῖν,</span> <span class='ocrx_word' id='word_1_539' title='bbox 3300 2870 3366 2923; x_wconf 77' lang='grc' dir='ltr'>οὐ</span> <span class='ocrx_word' id='word_1_540' title='bbox 3402 2871 3510 2941; x_wconf 79' lang='grc' dir='ltr'>γάρ</span> <span class='ocrx_word' id='word_1_541' title='bbox 3531 2871 3665 2922; x_wconf 78' lang='grc' dir='ltr'>ἐστιν</span> 
     </span>
    </p>
   </div>
   <div class='ocr_carea' id='block_1_75' title="bbox 2097 2961 3666 3035">
    <p class='ocr_par' dir='ltr' id='par_1_75' title="bbox 2097 2961 3666 3035">
     <span class='ocr_line' id='line_1_75' title="bbox 2097 2961 3666 3035; baseline -0.004 -16"><span class='ocrx_word' id='word_1_542' title='bbox 2097 2965 2156 3019; x_wconf 75' lang='grc' dir='ltr'>ἓν</span> <span class='ocrx_word' id='word_1_543' title='bbox 2185 2983 2239 3019; x_wconf 90' lang='grc' dir='ltr'><strong>τι</strong></span> <span class='ocrx_word' id='word_1_544' title='bbox 2269 2964 2448 3019; x_wconf 88' lang='grc' dir='ltr'>κοινὸν</span> <span class='ocrx_word' id='word_1_545' title='bbox 2475 2964 2666 3018; x_wconf 79' lang='grc' dir='ltr'>λαδεῖν</span> <span class='ocrx_word' id='word_1_546' title='bbox 2690 2965 2783 3017; x_wconf 76' lang='grc' dir='ltr'>ἐπὶ</span> <span class='ocrx_word' id='word_1_547' title='bbox 2814 2961 3074 3035; x_wconf 83' lang='grc' dir='ltr'>Χριστοῦ,</span> <span class='ocrx_word' id='word_1_548' title='bbox 3104 2962 3199 3016; x_wconf 80' lang='grc' dir='ltr'><strong>δύο</strong></span> <span class='ocrx_word' id='word_1_549' title='bbox 3241 2962 3356 3034; x_wconf 80' lang='grc' dir='ltr'><strong>γὰρ</strong></span> <span class='ocrx_word' id='word_1_550' title='bbox 3388 2961 3666 3016; x_wconf 85' lang='grc' dir='ltr'>συνιστῶσι</span> 
     </span>
    </p>
   </div>
   <div class='ocr_carea' id='block_1_76' title="bbox 2097 3050 3665 3129">
    <p class='ocr_par' dir='ltr' id='par_1_76' title="bbox 2097 3050 3665 3129">
     <span class='ocr_line' id='line_1_76' title="bbox 2097 3050 3665 3129; baseline -0.008 -18"><span class='ocrx_word' id='word_1_551' title='bbox 2097 3056 2195 3129; x_wconf 85' lang='grc' dir='ltr'>τὴν</span> <span class='ocrx_word' id='word_1_552' title='bbox 2227 3057 2526 3110; x_wconf 83' lang='grc' dir='ltr'>ὑπόστασιν</span> <span class='ocrx_word' id='word_1_553' title='bbox 2564 3054 2777 3124; x_wconf 72' lang='grc' dir='ltr'>φύσεις,</span> <span class='ocrx_word' id='word_1_554' title='bbox 2822 3053 2937 3107; x_wconf 85' lang='grc' dir='ltr'>ἀλλ’</span> <span class='ocrx_word' id='word_1_555' title='bbox 2985 3051 3044 3104; x_wconf 79' lang='grc' dir='ltr'>οὐ</span> <span class='ocrx_word' id='word_1_556' title='bbox 3097 3050 3215 3122; x_wconf 82' lang='grc' dir='ltr'>μεα.</span> <span class='ocrx_word' id='word_1_557' title='bbox 3257 3052 3373 3104; x_wconf 72' lang='grc' dir='ltr'>Καὶ</span> <span class='ocrx_word' id='word_1_558' title='bbox 3411 3052 3510 3105; x_wconf 86' lang='grc' dir='ltr'><strong>οὐκ</strong></span> <span class='ocrx_word' id='word_1_559' title='bbox 3535 3051 3665 3102; x_wconf 77' lang='grc' dir='ltr'>ἐστιν</span> 
     </span>
    </p>
   </div>
   <div class='ocr_carea' id='block_1_77' title="bbox 2101 3141 3665 3216">
    <p class='ocr_par' dir='ltr' id='par_1_77' title="bbox 2101 3141 3665 3216">
     <span class='ocr_line' id='line_1_77' title="bbox 2101 3141 3665 3216; baseline -0.005 -15"><span class='ocrx_word' id='word_1_560' title='bbox 2101 3150 2275 3201; x_wconf 76' lang='grc' dir='ltr'>εἰπεῖν</span> <span class='ocrx_word' id='word_1_561' title='bbox 2306 3147 2366 3200; x_wconf 89' lang='grc' dir='ltr'><strong>τὸ</strong></span> <span class='ocrx_word' id='word_1_562' title='bbox 2396 3145 2672 3216; x_wconf 77' lang='grc' dir='ltr'>γνωμικὸν</span> <span class='ocrx_word' id='word_1_563' title='bbox 2701 3144 2944 3214; x_wconf 42' lang='grc' dir='ltr'>θέλημα)</span> <span class='ocrx_word' id='word_1_564' title='bbox 2977 3141 3118 3196; x_wconf 81' lang='grc' dir='ltr'>καθὸ</span> <span class='ocrx_word' id='word_1_565' title='bbox 3155 3142 3254 3212; x_wconf 78' lang='grc' dir='ltr'>μὲν</span> <span class='ocrx_word' id='word_1_566' title='bbox 3287 3143 3411 3195; x_wconf 85' lang='grc' dir='ltr'>τόδε</span> <span class='ocrx_word' id='word_1_567' title='bbox 3443 3143 3539 3195; x_wconf 79' lang='grc' dir='ltr'><strong>οὐκ</strong></span> <span class='ocrx_word' id='word_1_568' title='bbox 3563 3141 3665 3194; x_wconf 61' lang='grc' dir='ltr'>ἐστι</span> 
     </span>
    </p>
   </div>
   <div class='ocr_carea' id='block_1_78' title="bbox 2099 3232 3662 3308">
    <p class='ocr_par' dir='ltr' id='par_1_78' title="bbox 2099 3232 3662 3308">
     <span class='ocr_line' id='line_1_78' title="bbox 2099 3232 3662 3308; baseline -0.006 -16"><span class='ocrx_word' id='word_1_569' title='bbox 2099 3239 2314 3294; x_wconf 81' lang='grc' dir='ltr'>ταύτόν,</span> <span class='ocrx_word' id='word_1_570' title='bbox 2345 3232 2442 3302; x_wconf 73' lang='grc' dir='ltr'><strong>Εἷς</strong></span> <span class='ocrx_word' id='word_1_571' title='bbox 2465 3238 2574 3308; x_wconf 83' lang='grc' dir='ltr'>γὰρ</span> <span class='ocrx_word' id='word_1_572' title='bbox 2608 3239 2636 3290; x_wconf 87' lang='grc' dir='ltr'><em>ὁ</em></span> <span class='ocrx_word' id='word_1_573' title='bbox 2677 3235 2931 3307; x_wconf 85' lang='grc' dir='ltr'>Χριστὸς,</span> <span class='ocrx_word' id='word_1_574' title='bbox 2993 3236 3086 3289; x_wconf 78' lang='grc' dir='ltr'><strong>καὶ</strong></span> <span class='ocrx_word' id='word_1_575' title='bbox 3116 3234 3174 3287; x_wconf 86' lang='grc' dir='ltr'>ἒν</span> <span class='ocrx_word' id='word_1_576' title='bbox 3224 3234 3396 3290; x_wconf 82' lang='grc' dir='ltr'>αὑτοῦ</span> <span class='ocrx_word' id='word_1_577' title='bbox 3429 3234 3490 3288; x_wconf 88' lang='grc' dir='ltr'><strong>τὸ</strong></span> <span class='ocrx_word' id='word_1_578' title='bbox 3511 3233 3662 3305; x_wconf 68' lang='grc' dir='ltr'>πρόιτε</span> 
     </span>
    </p>
   </div>
   <div class='ocr_carea' id='block_1_79' title="bbox 2100 3327 3667 3401">
    <p class='ocr_par' dir='ltr' id='par_1_79' title="bbox 2100 3327 3667 3401">
     <span class='ocr_line' id='line_1_79' title="bbox 2100 3327 3667 3401; baseline -0.006 -15"><span class='ocrx_word' id='word_1_579' title='bbox 2100 3349 2269 3397; x_wconf 87' lang='grc' dir='ltr'>ωπον,</span> <span class='ocrx_word' id='word_1_580' title='bbox 2305 3332 2398 3385; x_wconf 76' lang='grc' dir='ltr'>καὶ</span> <span class='ocrx_word' id='word_1_581' title='bbox 2448 3330 2547 3401; x_wconf 81' lang='grc' dir='ltr'>μία</span> <span class='ocrx_word' id='word_1_582' title='bbox 2585 3331 2618 3398; x_wconf 81' lang='grc' dir='ltr'>ἡ</span> <span class='ocrx_word' id='word_1_583' title='bbox 2659 3328 2992 3394; x_wconf 83' lang='grc' dir='ltr'>ὑπόστασις,</span> <span class='ocrx_word' id='word_1_584' title='bbox 3043 3328 3181 3398; x_wconf 86' lang='grc' dir='ltr'>μήτε</span> <span class='ocrx_word' id='word_1_585' title='bbox 3223 3328 3521 3398; x_wconf 81' lang='grc' dir='ltr'>όμοταγεῖς</span> <span class='ocrx_word' id='word_1_586' title='bbox 3580 3327 3667 3378; x_wconf 73' lang='grc' dir='ltr'>κα).</span> 
     </span>
    </p>
   </div>
   <div class='ocr_carea' id='block_1_80' title="bbox 2102 3419 3665 3494">
    <p class='ocr_par' dir='ltr' id='par_1_80' title="bbox 2102 3419 3665 3494">
     <span class='ocr_line' id='line_1_80' title="bbox 2102 3419 3665 3494; baseline -0.005 -16"><span class='ocrx_word' id='word_1_587' title='bbox 2102 3423 2452 3494; x_wconf 86' lang='grc' dir='ltr'>συνωνύμους</span> <span class='ocrx_word' id='word_1_588' title='bbox 2502 3421 2639 3492; x_wconf 71' lang='grc' dir='ltr'>ἔχων</span> <span class='ocrx_word' id='word_1_589' title='bbox 2691 3421 2767 3484; x_wconf 82' lang='grc' dir='ltr'>ὼς</span> <span class='ocrx_word' id='word_1_590' title='bbox 2800 3419 3022 3492; x_wconf 82' lang='grc' dir='ltr'>Χριστῷ</span> <span class='ocrx_word' id='word_1_591' title='bbox 3068 3419 3514 3491; x_wconf 82' lang='grc' dir='ltr'>συντεταγμένας</span> <span class='ocrx_word' id='word_1_592' title='bbox 3545 3420 3665 3472; x_wconf 65' lang='lat'><strong>01:0-</strong></span> 
     </span>
    </p>
   </div>
   <div class='ocr_carea' id='block_1_81' title="bbox 2104 3510 3667 3585">
    <p class='ocr_par' dir='ltr' id='par_1_81' title="bbox 2104 3510 3667 3585">
     <span class='ocr_line' id='line_1_81' title="bbox 2104 3510 3667 3585; baseline -0.003 -18"><span class='ocrx_word' id='word_1_593' title='bbox 2104 3515 2363 3578; x_wconf 75' lang='grc' dir='ltr'>στάσειςο</span> <span class='ocrx_word' id='word_1_594' title='bbox 2399 3515 2536 3585; x_wconf 87' lang='grc' dir='ltr'>μήτε</span> <span class='ocrx_word' id='word_1_595' title='bbox 2585 3530 2638 3566; x_wconf 86' lang='grc' dir='ltr'><strong>τι</strong></span> <span class='ocrx_word' id='word_1_596' title='bbox 2703 3511 2896 3574; x_wconf 85' lang='grc' dir='ltr'>κοινῶς</span> <span class='ocrx_word' id='word_1_597' title='bbox 2950 3510 3039 3564; x_wconf 77' lang='grc' dir='ltr'><strong>ἐπ’</strong></span> <span class='ocrx_word' id='word_1_598' title='bbox 3084 3510 3252 3564; x_wconf 86' lang='grc' dir='ltr'>αὐτοῦ</span> <span class='ocrx_word' id='word_1_599' title='bbox 3300 3510 3610 3581; x_wconf 85' lang='grc' dir='ltr'>λεγόμενον,</span> <span class='ocrx_word' id='word_1_600' title='bbox 3640 3510 3667 3562; x_wconf 80' lang='grc' dir='ltr'><strong><em>ὅ</em></strong></span> 
     </span>
    </p>
   </div>
   <div class='ocr_carea' id='block_1_82' title="bbox 2099 3602 3662 3676">
    <p class='ocr_par' dir='ltr' id='par_1_82' title="bbox 2099 3602 3662 3676">
     <span class='ocr_line' id='line_1_82' title="bbox 2099 3602 3662 3676; baseline -0.005 -15"><span class='ocrx_word' id='word_1_601' title='bbox 2099 3607 2302 3661; x_wconf 81' lang='grc' dir='ltr'>δύναιτ’</span> <span class='ocrx_word' id='word_1_602' title='bbox 2327 3606 2390 3660; x_wconf 83' lang='grc' dir='ltr'><strong>ἂν</strong></span> <span class='ocrx_word' id='word_1_603' title='bbox 2432 3607 2529 3660; x_wconf 77' lang='grc' dir='ltr'><strong>καὶ</strong></span> <span class='ocrx_word' id='word_1_604' title='bbox 2577 3605 2786 3676; x_wconf 79' lang='grc' dir='ltr'>ἑτέροις</span> <span class='ocrx_word' id='word_1_605' title='bbox 2824 3603 3243 3675; x_wconf 75' lang='grc' dir='ltr'>ἐναρμόζεσθαι.</span> <span class='ocrx_word' id='word_1_606' title='bbox 3272 3602 3374 3664; x_wconf 79' lang='grc' dir='ltr'>Ὠς</span> <span class='ocrx_word' id='word_1_607' title='bbox 3399 3621 3458 3656; x_wconf 89' lang='grc' dir='ltr'><strong>τε</strong></span> <span class='ocrx_word' id='word_1_608' title='bbox 3488 3602 3662 3672; x_wconf 71' lang='grc' dir='ltr'>διαμέ’⁴</span> 
     </span>
    </p>
   </div>
   <div class='ocr_carea' id='block_1_83' title="bbox 2101 3684 3664 3768">
    <p class='ocr_par' dir='ltr' id='par_1_83' title="bbox 2101 3684 3664 3768">
     <span class='ocr_line' id='line_1_83' title="bbox 2101 3684 3664 3768; baseline -0.006 -14"><span class='ocrx_word' id='word_1_609' title='bbox 2101 3719 2180 3755; x_wconf 88' lang='grc' dir='ltr'><strong>νει</strong></span> <span class='ocrx_word' id='word_1_610' title='bbox 2232 3699 2292 3753; x_wconf 83' lang='grc' dir='ltr'><strong>τὸ</strong></span> <span class='ocrx_word' id='word_1_611' title='bbox 2346 3698 2611 3768; x_wconf 76' lang='grc' dir='ltr'>ἑπόμενον</span> <span class='ocrx_word' id='word_1_612' title='bbox 2668 3697 2873 3768; x_wconf 81' lang='grc' dir='ltr'>ἄπορον</span> <span class='ocrx_word' id='word_1_613' title='bbox 2913 3697 3108 3750; x_wconf 81' lang='grc' dir='ltr'>ἄλυτον</span> <span class='ocrx_word' id='word_1_614' title='bbox 3132 3738 3147 3762; x_wconf 85' lang='grc'><em>,</em></span> <span class='ocrx_word' id='word_1_615' title='bbox 3188 3684 3426 3767; x_wconf 79' lang='grc' dir='ltr'>ὅπερτε</span> <span class='ocrx_word' id='word_1_616' title='bbox 3461 3697 3575 3748; x_wconf 79' lang='grc' dir='ltr'>ποτ’</span> <span class='ocrx_word' id='word_1_617' title='bbox 3609 3696 3664 3746; x_wconf 69' lang='grc' dir='ltr'>ἂν</span> 
     </span>
    </p>
   </div>
   <div class='ocr_carea' id='block_1_84' title="bbox 2101 3785 3664 3863">
    <p class='ocr_par' dir='ltr' id='par_1_84' title="bbox 2101 3785 3664 3863">
     <span class='ocr_line' id='line_1_84' title="bbox 2101 3785 3664 3863; baseline -0.007 -17"><span class='ocrx_word' id='word_1_618' title='bbox 2101 3793 2185 3863; x_wconf 81' lang='grc' dir='ltr'><strong>εἴη</strong></span> <span class='ocrx_word' id='word_1_619' title='bbox 2212 3792 2460 3861; x_wconf 86' lang='grc' dir='ltr'>διηπόρει</span> <span class='ocrx_word' id='word_1_620' title='bbox 2521 3791 2580 3842; x_wconf 88' lang='grc' dir='ltr'><strong>τὸ</strong></span> <span class='ocrx_word' id='word_1_621' title='bbox 2618 3791 2897 3859; x_wconf 84' lang='grc' dir='ltr'>γνωμικὸν</span> <span class='ocrx_word' id='word_1_622' title='bbox 2945 3789 3177 3859; x_wconf 75' lang='grc' dir='ltr'>θέλημα,</span> <span class='ocrx_word' id='word_1_623' title='bbox 3211 3790 3350 3860; x_wconf 86' lang='grc' dir='ltr'>μήτε</span> <span class='ocrx_word' id='word_1_624' title='bbox 3403 3785 3664 3857; x_wconf 78' lang='grc' dir='ltr'>ἀνθρώπι-</span> 
     </span>
    </p>
   </div>
   <div class='ocr_carea' id='block_1_85' title="bbox 2101 3874 3666 3952">
    <p class='ocr_par' dir='ltr' id='par_1_85' title="bbox 2101 3874 3666 3952">
     <span class='ocr_line' id='line_1_85' title="bbox 2101 3874 3666 3952; baseline -0.006 -17"><span class='ocrx_word' id='word_1_625' title='bbox 2101 3898 2192 3936; x_wconf 87' lang='grc' dir='ltr'><strong>νον</strong></span> <span class='ocrx_word' id='word_1_626' title='bbox 2260 3882 2396 3952; x_wconf 87' lang='grc' dir='ltr'>μήτε</span> <span class='ocrx_word' id='word_1_627' title='bbox 2457 3879 2599 3934; x_wconf 90' lang='grc' dir='ltr'>θεῖον</span> <span class='ocrx_word' id='word_1_628' title='bbox 2631 3874 2930 3948; x_wconf 75' lang='grc' dir='ltr'>δυνάμενον</span> <span class='ocrx_word' id='word_1_629' title='bbox 2983 3875 3177 3943; x_wconf 79' lang='grc' dir='ltr'>εἶναι..</span> <span class='ocrx_word' id='word_1_630' title='bbox 3217 3882 3357 3950; x_wconf 72' lang='grc' dir='ltr'>μήτε</span> <span class='ocrx_word' id='word_1_631' title='bbox 3416 3877 3666 3948; x_wconf 70' lang='grc' dir='ltr'>ὀνομάξε-</span> 
     </span>
    </p>
   </div>
   <div class='ocr_carea' id='block_1_86' title="bbox 2103 3977 2245 4032">
    <p class='ocr_par' dir='ltr' id='par_1_86' title="bbox 2103 3977 2245 4032">
     <span class='ocr_line' id='line_1_86' title="bbox 2103 3977 2245 4032; baseline 0.014 -2"><span class='ocrx_word' id='word_1_632' title='bbox 2103 3977 2245 4032; x_wconf 87' lang='grc' dir='ltr'>σθαι.</span> 
     </span>
    </p>
   </div>
   <div class='ocr_carea' id='block_1_87' title="bbox 2173 4242 3664 4320">
    <p class='ocr_par' dir='ltr' id='par_1_87' title="bbox 2173 4242 3664 4320">
     <span class='ocr_line' id='line_1_87' title="bbox 2173 4242 3664 4320; baseline -0.003 -19"><span class='ocrx_word' id='word_1_633' title='bbox 2173 4247 2438 4320; x_wconf 76' lang='grc' dir='ltr'>Δεύτερον</span> <span class='ocrx_word' id='word_1_634' title='bbox 2479 4249 2577 4319; x_wconf 63' lang='lat' dir='ltr'><strong>pia</strong></span> <span class='ocrx_word' id='word_1_635' title='bbox 2603 4242 2696 4302; x_wconf 82' lang='grc' dir='ltr'>οὗν</span> <span class='ocrx_word' id='word_1_636' title='bbox 2735 4247 2853 4301; x_wconf 83' lang='grc' dir='ltr'>ἐστι</span> <span class='ocrx_word' id='word_1_637' title='bbox 2885 4246 2947 4300; x_wconf 90' lang='grc' dir='ltr'><strong>τὸ</strong></span> <span class='ocrx_word' id='word_1_638' title='bbox 2981 4245 3276 4318; x_wconf 75' lang='grc' dir='ltr'>εἵρημένον</span> <span class='ocrx_word' id='word_1_639' title='bbox 3315 4244 3664 4316; x_wconf 78' lang='grc' dir='ltr'>ἐπιχείρημα,</span> 
     </span>
    </p>
   </div>
   <div class='ocr_carea' id='block_1_88' title="bbox 2107 4336 3660 4411">
    <p class='ocr_par' dir='ltr' id='par_1_88' title="bbox 2107 4336 3660 4411">
     <span class='ocr_line' id='line_1_88' title="bbox 2107 4336 3660 4411; baseline -0.005 -16"><span class='ocrx_word' id='word_1_640' title='bbox 2107 4342 2180 4411; x_wconf 76' lang='grc' dir='ltr'>μὴ</span> <span class='ocrx_word' id='word_1_641' title='bbox 2219 4340 2329 4394; x_wconf 86' lang='grc' dir='ltr'>δεῖν</span> <span class='ocrx_word' id='word_1_642' title='bbox 2377 4341 2468 4394; x_wconf 74' lang='grc' dir='ltr'>ἐπὶ</span> <span class='ocrx_word' id='word_1_643' title='bbox 2523 4337 2758 4411; x_wconf 83' lang='grc' dir='ltr'>Χριστοῦ</span> <span class='ocrx_word' id='word_1_644' title='bbox 2797 4339 2976 4408; x_wconf 76' lang='grc' dir='ltr'>λέγειν</span> <span class='ocrx_word' id='word_1_645' title='bbox 3005 4338 3281 4408; x_wconf 82' lang='grc' dir='ltr'>γνωμικὸν</span> <span class='ocrx_word' id='word_1_646' title='bbox 3323 4336 3660 4409; x_wconf 77' lang='grc' dir='ltr'>ὑπάρχειν,ἦ</span> 
     </span>
    </p>
   </div>
   <div class='ocr_carea' id='block_1_89' title="bbox 419 4429 1996 4516">
    <p class='ocr_par' dir='ltr' id='par_1_89' title="bbox 419 4429 1994 4506">
     <span class='ocr_line' id='line_1_89' title="bbox 419 4429 1994 4506; baseline -0.005 -14"><span class='ocrx_word' id='word_1_647' title='bbox 419 4441 754 4506; x_wconf 69' lang='grc' dir='ltr'>ιιηοιηὶριιηι,</span> <span class='ocrx_word' id='word_1_648' title='bbox 798 4435 850 4489; x_wconf 88' lang='lat' dir='ltr'><strong>id</strong></span> <span class='ocrx_word' id='word_1_649' title='bbox 893 4442 998 4498; x_wconf 74' lang='grc' dir='ltr'>ρει,</span> <span class='ocrx_word' id='word_1_650' title='bbox 1045 4431 1344 4486; x_wconf 82' lang='lat' dir='ltr'><strong>humanam</strong></span> <span class='ocrx_word' id='word_1_651' title='bbox 1376 4430 1768 4501; x_wconf 82' lang='lat' dir='ltr'><strong>hypostatieam</strong></span> <span class='ocrx_word' id='word_1_652' title='bbox 1801 4429 1994 4485; x_wconf 90' lang='lat' dir='ltr'><strong>volun-</strong></span> 
     </span>
    </p>
   </div>
   <div class='ocr_carea' id='block_1_90' title="bbox 2102 4429 3100 4516">
    <p class='ocr_par' dir='ltr' id='par_1_90' title="bbox 2108 4430 3100 4504">
     <span class='ocr_line' id='line_1_90' title="bbox 2108 4430 3100 4504; baseline -0.002 -18"><span class='ocrx_word' id='word_1_653' title='bbox 2108 4431 2450 4504; x_wconf 71' lang='grc' dir='ltr'>ἀνθρώπινον</span> <span class='ocrx_word' id='word_1_654' title='bbox 2479 4431 2841 4485; x_wconf 75' lang='grc' dir='ltr'>ὕποστατικὸν</span> <span class='ocrx_word' id='word_1_655' title='bbox 2869 4430 3100 4500; x_wconf 83' lang='grc' dir='ltr'>θέλημα.</span> 
     </span>
    </p>
   </div>
   <div class='ocr_carea' id='block_1_91' title="bbox 421 4541 1997 4694">
    <p class='ocr_par' dir='ltr' id='par_1_91' title="bbox 421 4541 1997 4694">
     <span class='ocr_line' id='line_1_91' title="bbox 421 4541 1997 4694; baseline -0.006 -18"><span class='ocrx_word' id='word_1_656' title='bbox 421 4541 665 4679; x_wconf 40' lang='lat' dir='ltr'><strong>ta31“%&lt;‘elil&#39;t.io</strong></span> <span class='ocrx_word' id='word_1_657' title='bbox 680 4621 793 4694; x_wconf 82' lang='lat'><strong>(58)</strong></span> <span class='ocrx_word' id='word_1_658' title='bbox 813 4621 941 4676; x_wconf 86' lang='lat' dir='ltr'><strong>licet</strong></span> <span class='ocrx_word' id='word_1_659' title='bbox 962 4619 1146 4675; x_wconf 84' lang='lat' dir='ltr'><strong>dicere</strong></span> <span class='ocrx_word' id='word_1_660' title='bbox 1161 4619 1213 4674; x_wconf 91' lang='lat' dir='ltr'><strong>in</strong></span> <span class='ocrx_word' id='word_1_661' title='bbox 1227 4617 1446 4674; x_wconf 86' lang='lat' dir='ltr'><strong>Christo</strong></span> <span class='ocrx_word' id='word_1_662' title='bbox 1465 4617 1762 4672; x_wconf 87' lang='lat' dir='ltr'><strong>humanam</strong></span> <span class='ocrx_word' id='word_1_663' title='bbox 1783 4613 1844 4687; x_wconf 81' lang='lat' dir='ltr'><strong>[f.</strong></span> <span class='ocrx_word' id='word_1_664' title='bbox 1864 4627 1997 4685; x_wconf 80' lang='lat' dir='ltr'><strong>gno-</strong></span> 
     </span>
    </p>
   </div>
   <div class='ocr_carea' id='block_1_92' title="bbox 2103 4601 3662 4682">
    <p class='ocr_par' dir='ltr' id='par_1_92' title="bbox 2103 4601 3662 4682">
     <span class='ocr_line' id='line_1_92' title="bbox 2103 4601 3662 4682; baseline -0.008 -18"><span class='ocrx_word' id='word_1_665' title='bbox 2103 4611 2301 4682; x_wconf 71' lang='grc' dir='ltr'>Τρίτον</span> <span class='ocrx_word' id='word_1_666' title='bbox 2329 4608 2385 4664; x_wconf 81' lang='grc' dir='ltr'>δὲ</span> <span class='ocrx_word' id='word_1_667' title='bbox 2415 4610 2463 4663; x_wconf 71' lang='grc' dir='ltr'>εἰ</span> <span class='ocrx_word' id='word_1_668' title='bbox 2487 4609 2706 4678; x_wconf 75' lang='grc' dir='ltr'>λέγεται</span> <span class='ocrx_word' id='word_1_669' title='bbox 2728 4607 2820 4660; x_wconf 71' lang='grc' dir='ltr'>ἐπὶ</span> <span class='ocrx_word' id='word_1_670' title='bbox 2839 4605 3076 4678; x_wconf 75' lang='grc' dir='ltr'>Χριστοῦ</span> <span class='ocrx_word' id='word_1_671' title='bbox 3103 4603 3446 4676; x_wconf 80' lang='grc' dir='ltr'>ἀνθρώπινον</span> <span class='ocrx_word' id='word_1_672' title='bbox 3467 4601 3662 4668; x_wconf 70' lang='grc' dir='ltr'>θέλημα</span> 
     </span>
    </p>
   </div>
   <div class='ocr_carea' id='block_1_93' title="bbox 1731 4791 2406 4852">
    <p class='ocr_par' dir='ltr' id='par_1_93' title="bbox 1731 4791 2406 4852">
     <span class='ocr_line' id='line_1_93' title="bbox 1731 4791 2406 4852; baseline -0.006 -2"><span class='ocrx_word' id='word_1_673' title='bbox 1731 4798 1818 4852; x_wconf 83' lang='lat' dir='ltr'><strong>VA</strong></span> <span class='ocrx_word' id='word_1_674' title='bbox 1829 4796 1968 4852; x_wconf 68' lang='lat' dir='ltr'><strong>BHE</strong></span> <span class='ocrx_word' id='word_1_675' title='bbox 2003 4791 2406 4851; x_wconf 84' lang='lat' dir='ltr'><strong>LECTIONES.</strong></span> 
     </span>
    </p>
   </div>
   <div class='ocr_carea' id='block_1_94' title="bbox 501 4917 1256 4989">
    <p class='ocr_par' dir='ltr' id='par_1_94' title="bbox 501 4917 1256 4989">
     <span class='ocr_line' id='line_1_94' title="bbox 501 4917 1256 4989; baseline -0.007 -12"><span class='ocrx_word' id='word_1_676' title='bbox 501 4922 590 4978; x_wconf 70' lang='grc'>⁸1.</span> <span class='ocrx_word' id='word_1_677' title='bbox 649 4921 830 4974; x_wconf 76' lang='grc' dir='ltr'>αὐτόν.</span> <span class='ocrx_word' id='word_1_678' title='bbox 910 4917 1256 4989; x_wconf 69' lang='grc' dir='ltr'>ἱγνωμικόν.</span> 
     </span>
    </p>
   </div>
   <div class='ocr_carea' id='block_1_95' title="bbox 1945 5018 2176 5077">
    <p class='ocr_par' dir='ltr' id='par_1_95' title="bbox 1945 5018 2176 5077">
     <span class='ocr_line' id='line_1_95' title="bbox 1945 5018 2176 5077; baseline -0.017 0"><span class='ocrx_word' id='word_1_679' title='bbox 1945 5018 2176 5077; x_wconf 64' lang='lat' dir='ltr'><strong>NOTAE.</strong></span> 
     </span>
    </p>
   </div>
   <div class='ocr_carea' id='block_1_96' title="bbox 495 5139 1995 5215">
    <p class='ocr_par' dir='ltr' id='par_1_96' title="bbox 495 5139 1995 5215">
     <span class='ocr_line' id='line_1_96' title="bbox 495 5139 1995 5215; baseline -0.005 -17"><span class='ocrx_word' id='word_1_680' title='bbox 495 5148 608 5215; x_wconf 73' lang='lat'><strong>(56)</strong></span> <span class='ocrx_word' id='word_1_681' title='bbox 641 5143 1126 5215; x_wconf 15' lang='lat' dir='ltr'><strong>Quamobreminon</strong></span> <span class='ocrx_word' id='word_1_682' title='bbox 1149 5154 1223 5197; x_wconf 84' lang='lat' dir='ltr'><strong>est</strong></span> <span class='ocrx_word' id='word_1_683' title='bbox 1252 5141 1424 5196; x_wconf 77' lang='lat' dir='ltr'><strong>simile</strong></span> <span class='ocrx_word' id='word_1_684' title='bbox 1445 5140 1586 5210; x_wconf 87' lang='lat' dir='ltr'><strong>quod</strong></span> <span class='ocrx_word' id='word_1_685' title='bbox 1617 5139 1845 5215; x_wconf 73' lang='lat' dir='ltr'><strong>dicimus</strong></span> <span class='ocrx_word' id='word_1_686' title='bbox 1889 5153 1995 5215; x_wconf 71' lang='lat' dir='ltr'><strong>non</strong></span> 
     </span>
    </p>
   </div>
   <div class='ocr_carea' id='block_1_97' title="bbox 423 5207 2001 5282">
    <p class='ocr_par' dir='ltr' id='par_1_97' title="bbox 423 5207 2001 5282">
     <span class='ocr_line' id='line_1_97' title="bbox 423 5207 2001 5282; baseline -0.012 -4"><span class='ocrx_word' id='word_1_687' title='bbox 423 5237 532 5277; x_wconf 76' lang='lat' dir='ltr'><strong>esse</strong></span> <span class='ocrx_word' id='word_1_688' title='bbox 563 5207 853 5282; x_wconf 64' lang='lat' dir='ltr'><strong>ponendam</strong></span> <span class='ocrx_word' id='word_1_689' title='bbox 882 5217 938 5268; x_wconf 79' lang='lat' dir='ltr'><strong>in</strong></span> <span class='ocrx_word' id='word_1_690' title='bbox 967 5207 1514 5282; x_wconf 72' lang='lat' dir='ltr'><strong>Cltristqvaluntatem</strong></span> <span class='ocrx_word' id='word_1_691' title='bbox 1536 5211 1852 5282; x_wconf 80' lang='lat' dir='ltr'><strong>gnomicam.</strong></span> <span class='ocrx_word' id='word_1_692' title='bbox 1880 5207 2001 5260; x_wconf 84' lang='grc' dir='ltr'>Διό-</span> 
     </span>
    </p>
   </div>
   <div class='ocr_carea' id='block_1_98' title="bbox 424 5279 2004 5361">
    <p class='ocr_par' dir='ltr' id='par_1_98' title="bbox 424 5279 2004 5361">
     <span class='ocr_line' id='line_1_98' title="bbox 424 5279 2004 5361; baseline -0.009 -17"><span class='ocrx_word' id='word_1_693' title='bbox 424 5309 532 5361; x_wconf 84' lang='grc' dir='ltr'><strong>περ</strong></span> <span class='ocrx_word' id='word_1_694' title='bbox 551 5279 653 5361; x_wconf 71' lang='grc' dir='ltr'><strong>οὐχ</strong></span> <span class='ocrx_word' id='word_1_695' title='bbox 676 5287 874 5356; x_wconf 83' lang='grc' dir='ltr'>ὁμοίως</span> <span class='ocrx_word' id='word_1_696' title='bbox 897 5284 1109 5361; x_wconf 20' lang='grc' dir='ltr'>ὸμλόγος</span> <span class='ocrx_word' id='word_1_697' title='bbox 1129 5280 1290 5361; x_wconf 57' lang='grc' dir='ltr'><strong>⁸οῦτος</strong></span> <span class='ocrx_word' id='word_1_698' title='bbox 1321 5282 1432 5358; x_wconf 69' lang='grc' dir='ltr'>ἔχει</span> <span class='ocrx_word' id='word_1_699' title='bbox 1484 5281 1578 5361; x_wconf 74' lang='grc' dir='ltr'>καὶ</span> <span class='ocrx_word' id='word_1_700' title='bbox 1602 5281 1628 5332; x_wconf 89' lang='grc' dir='ltr'><strong>ό</strong></span> <span class='ocrx_word' id='word_1_701' title='bbox 1657 5279 1741 5361; x_wconf 49' lang='grc' dir='ltr'>τὸ-</span> <span class='ocrx_word' id='word_1_702' title='bbox 1771 5295 2004 5361; x_wconf 76' lang='grc' dir='ltr'>γνωστι-</span> 
     </span>
    </p>
   </div>
   <div class='ocr_carea' id='block_1_99' title="bbox 422 5349 1998 5432">
    <p class='ocr_par' dir='ltr' id='par_1_99' title="bbox 422 5349 1998 5432">
     <span class='ocr_line' id='line_1_99' title="bbox 422 5349 1998 5432; baseline -0.012 -15"><span class='ocrx_word' id='word_1_703' title='bbox 422 5349 520 5417; x_wconf 73' lang='grc' dir='ltr'><strong>κὸν</strong></span> <span class='ocrx_word' id='word_1_704' title='bbox 549 5349 1035 5432; x_wconf 41' lang='grc' dir='ltr'>μέμυ-γνωμικὸν]</span> <span class='ocrx_word' id='word_1_705' title='bbox 1056 5354 1149 5432; x_wconf 57' lang='grc' dir='ltr'><strong>ἐπι</strong></span> <span class='ocrx_word' id='word_1_706' title='bbox 1176 5349 1413 5432; x_wconf 77' lang='grc' dir='ltr'>Χριστοῦ</span> <span class='ocrx_word' id='word_1_707' title='bbox 1448 5349 1521 5419; x_wconf 85' lang='grc' dir='ltr'>μὴ</span> <span class='ocrx_word' id='word_1_708' title='bbox 1561 5349 1998 5432; x_wconf 67' lang='grc' dir='ltr'>παραδεχόμενος</span> 
     </span>
    </p>
   </div>
   <div class='ocr_carea' id='block_1_100' title="bbox 425 5419 1997 5500">
    <p class='ocr_par' dir='ltr' id='par_1_100' title="bbox 425 5419 1997 5500">
     <span class='ocr_line' id='line_1_100' title="bbox 425 5419 1997 5500; baseline -0.011 -13"><span class='ocrx_word' id='word_1_709' title='bbox 425 5419 660 5500; x_wconf 60' lang='grc' dir='ltr'>θέλημα.</span> <span class='ocrx_word' id='word_1_710' title='bbox 696 5419 749 5481; x_wconf 86' lang='lat' dir='ltr'><strong>Id</strong></span> <span class='ocrx_word' id='word_1_711' title='bbox 776 5419 890 5500; x_wconf 67' lang='lat' dir='ltr'><strong>est:</strong></span> <span class='ocrx_word' id='word_1_712' title='bbox 919 5419 1284 5490; x_wconf 70' lang='lat' dir='ltr'><strong>Quamobrem</strong></span> <span class='ocrx_word' id='word_1_713' title='bbox 1325 5423 1438 5473; x_wconf 68' lang='lat' dir='ltr'><strong>haec</strong></span> <span class='ocrx_word' id='word_1_714' title='bbox 1491 5419 1837 5500; x_wconf 69' lang='lat' dir='ltr'><strong>ratiocinatio</strong></span> <span class='ocrx_word' id='word_1_715' title='bbox 1887 5433 1997 5498; x_wconf 73' lang='lat' dir='ltr'><strong>non</strong></span> 
     </span>
    </p>
   </div>
   <div class='ocr_carea' id='block_1_101' title="bbox 427 5488 1996 5572">
    <p class='ocr_par' dir='ltr' id='par_1_101' title="bbox 427 5488 1996 5572">
     <span class='ocr_line' id='line_1_101' title="bbox 427 5488 1996 5572; baseline -0.009 -18"><span class='ocrx_word' id='word_1_716' title='bbox 427 5488 655 5572; x_wconf 61' lang='lat' dir='ltr'><strong>perinde</strong></span> <span class='ocrx_word' id='word_1_717' title='bbox 691 5515 747 5553; x_wconf 87' lang='lat' dir='ltr'><strong>se</strong></span> <span class='ocrx_word' id='word_1_718' title='bbox 779 5488 1039 5572; x_wconf 44' lang='lat' dir='ltr'><strong>habet—ac</strong></span> <span class='ocrx_word' id='word_1_719' title='bbox 1061 5509 1141 5572; x_wconf 33' lang='grc' dir='ltr'><strong>,ρει</strong></span> <span class='ocrx_word' id='word_1_720' title='bbox 1174 5508 1293 5556; x_wconf 72' lang='lat' dir='ltr'><strong>qua:</strong></span> <span class='ocrx_word' id='word_1_721' title='bbox 1323 5490 1628 5559; x_wconf 76' lang='lat' dir='ltr'><strong>gnomieam</strong></span> <span class='ocrx_word' id='word_1_722' title='bbox 1659 5491 1716 5542; x_wconf 89' lang='lat' dir='ltr'><strong>in</strong></span> <span class='ocrx_word' id='word_1_723' title='bbox 1776 5488 1996 5542; x_wconf 82' lang='lat' dir='ltr'><strong>Christo</strong></span> 
     </span>
    </p>
   </div>
   <div class='ocr_carea' id='block_1_102' title="bbox 425 5563 1185 5626">
    <p class='ocr_par' dir='ltr' id='par_1_102' title="bbox 425 5563 1185 5626">
     <span class='ocr_line' id='line_1_102' title="bbox 425 5563 1185 5626; baseline -0.013 0"><span class='ocrx_word' id='word_1_724' title='bbox 425 5563 765 5626; x_wconf 57' lang='lat' dir='ltr'><strong>voluntatem</strong></span> <span class='ocrx_word' id='word_1_725' title='bbox 799 5582 905 5620; x_wconf 86' lang='lat' dir='ltr'><strong>non</strong></span> <span class='ocrx_word' id='word_1_726' title='bbox 931 5563 1185 5618; x_wconf 83' lang='lat' dir='ltr'><strong>admittit.</strong></span> 
     </span>
    </p>
   </div>
   <div class='ocr_carea' id='block_1_103' title="bbox 500 5627 1999 5708">
    <p class='ocr_par' dir='ltr' id='par_1_103' title="bbox 500 5627 1999 5708">
     <span class='ocr_line' id='line_1_103' title="bbox 500 5627 1999 5708; baseline -0.008 -17"><span class='ocrx_word' id='word_1_727' title='bbox 500 5639 1082 5708; x_wconf 57' lang='lat' dir='ltr'><strong>(5)7)Setundnmergo</strong></span> <span class='ocrx_word' id='word_1_728' title='bbox 1134 5632 1486 5708; x_wconf 47' lang='lat' dir='ltr'><strong>responsionis</strong></span> <span class='ocrx_word' id='word_1_729' title='bbox 1545 5637 1816 5708; x_wconf 52' lang='lat' dir='ltr'><strong>geuusest</strong></span> <span class='ocrx_word' id='word_1_730' title='bbox 1860 5627 1999 5697; x_wconf 85' lang='lat' dir='ltr'><strong>quod</strong></span> 
     </span>
    </p>
   </div>
   <div class='ocr_carea' id='block_1_104' title="bbox 429 5699 1998 5776">
    <p class='ocr_par' dir='ltr' id='par_1_104' title="bbox 429 5699 1998 5776">
     <span class='ocr_line' id='line_1_104' title="bbox 429 5699 1998 5776; baseline -0.01 -11"><span class='ocrx_word' id='word_1_731' title='bbox 429 5699 658 5766; x_wconf 49' lang='lat' dir='ltr'><strong>diiiut&#39;us</strong></span> <span class='ocrx_word' id='word_1_732' title='bbox 686 5723 703 5761; x_wconf 90' lang='lat'><strong><em>:</em></strong></span> <span class='ocrx_word' id='word_1_733' title='bbox 733 5706 995 5776; x_wconf 84' lang='grc' dir='ltr'>Δεύτερον</span> <span class='ocrx_word' id='word_1_734' title='bbox 1020 5699 1126 5774; x_wconf 72' lang='grc' dir='ltr'><strong>μὲν</strong></span> <span class='ocrx_word' id='word_1_735' title='bbox 1151 5699 1243 5756; x_wconf 74' lang='grc' dir='ltr'><strong>οὖν</strong></span> <span class='ocrx_word' id='word_1_736' title='bbox 1278 5705 1395 5757; x_wconf 77' lang='grc' dir='ltr'>ἐστι</span> <span class='ocrx_word' id='word_1_737' title='bbox 1418 5703 1477 5755; x_wconf 77' lang='grc' dir='ltr'><strong>τὸ</strong></span> <span class='ocrx_word' id='word_1_738' title='bbox 1537 5699 1827 5770; x_wconf 79' lang='grc' dir='ltr'>εἰρημένον</span> <span class='ocrx_word' id='word_1_739' title='bbox 1875 5713 1998 5750; x_wconf 86' lang='grc' dir='ltr'>επι-</span> 
     </span>
    </p>
   </div>
   <div class='ocr_carea' id='block_1_105' title="bbox 2107 5121 3660 5206">
    <p class='ocr_par' dir='ltr' id='par_1_105' title="bbox 2107 5121 3660 5206">
     <span class='ocr_line' id='line_1_105' title="bbox 2107 5121 3660 5206; baseline -0.012 -18"><span class='ocrx_word' id='word_1_740' title='bbox 2107 5135 2372 5206; x_wconf 77' lang='grc' dir='ltr'>χείρημα.</span> <span class='ocrx_word' id='word_1_741' title='bbox 2405 5132 2458 5187; x_wconf 90' lang='lat' dir='ltr'><strong>Id</strong></span> <span class='ocrx_word' id='word_1_742' title='bbox 2489 5143 2619 5188; x_wconf 85' lang='lat' dir='ltr'><strong>est:</strong></span> <span class='ocrx_word' id='word_1_743' title='bbox 2676 5130 2987 5186; x_wconf 85' lang='lat' dir='ltr'><strong>Secundum</strong></span> <span class='ocrx_word' id='word_1_744' title='bbox 3045 5139 3176 5197; x_wconf 79' lang='lat' dir='ltr'><strong>ergo</strong></span> <span class='ocrx_word' id='word_1_745' title='bbox 3229 5126 3360 5206; x_wconf 79' lang='lat' dir='ltr'><strong>illud</strong></span> <span class='ocrx_word' id='word_1_746' title='bbox 3402 5133 3486 5179; x_wconf 77' lang='lat' dir='ltr'><strong>est</strong></span> <span class='ocrx_word' id='word_1_747' title='bbox 3531 5121 3660 5191; x_wconf 52' lang='lat' dir='ltr'><strong>quod</strong></span> 
     </span>
    </p>
   </div>
   <div class='ocr_carea' id='block_1_106' title="bbox 2105 5199 3534 5276">
    <p class='ocr_par' dir='ltr' id='par_1_106' title="bbox 2105 5199 3534 5276">
     <span class='ocr_line' id='line_1_106' title="bbox 2105 5199 3534 5276; baseline -0.008 -18"><span class='ocrx_word' id='word_1_748' title='bbox 2105 5199 2431 5276; x_wconf 74' lang='lat' dir='ltr'><strong>protulimus</strong></span> <span class='ocrx_word' id='word_1_749' title='bbox 2459 5213 2869 5276; x_wconf 73' lang='lat' dir='ltr'><strong>argumentum,</strong></span> <span class='ocrx_word' id='word_1_750' title='bbox 2897 5216 2992 5276; x_wconf 84' lang='lat' dir='ltr'><strong>seu</strong></span> <span class='ocrx_word' id='word_1_751' title='bbox 3019 5199 3319 5266; x_wconf 77' lang='lat' dir='ltr'><strong>argumenti</strong></span> <span class='ocrx_word' id='word_1_752' title='bbox 3347 5212 3534 5276; x_wconf 79' lang='lat' dir='ltr'><strong>genus.</strong></span> 
     </span>
    </p>
   </div>
   <div class='ocr_carea' id='block_1_107' title="bbox 2193 5269 3662 5344">
    <p class='ocr_par' dir='ltr' id='par_1_107' title="bbox 2193 5269 3662 5344">
     <span class='ocr_line' id='line_1_107' title="bbox 2193 5269 3662 5344; baseline -0.009 -16"><span class='ocrx_word' id='word_1_753' title='bbox 2193 5269 2559 5344; x_wconf 74' lang='grc' dir='ltr'>Ἐπιχειρημᾶ</span> <span class='ocrx_word' id='word_1_754' title='bbox 2589 5289 2694 5328; x_wconf 87' lang='lat' dir='ltr'><strong>non</strong></span> <span class='ocrx_word' id='word_1_755' title='bbox 2735 5273 3004 5341; x_wconf 76' lang='lat' dir='ltr'><strong>signiﬁcat</strong></span> <span class='ocrx_word' id='word_1_756' title='bbox 3033 5283 3360 5344; x_wconf 74' lang='lat' dir='ltr'><strong>responsum,</strong></span> <span class='ocrx_word' id='word_1_757' title='bbox 3396 5269 3488 5319; x_wconf 74' lang='lat' dir='ltr'><strong>sed</strong></span> <span class='ocrx_word' id='word_1_758' title='bbox 3518 5280 3662 5331; x_wconf 75' lang='lat' dir='ltr'><strong>argit-</strong></span> 
     </span>
    </p>
   </div>
   <div class='ocr_carea' id='block_1_108' title="bbox 2105 5341 3636 5411">
    <p class='ocr_par' dir='ltr' id='par_1_108' title="bbox 2105 5341 3636 5411">
     <span class='ocr_line' id='line_1_108' title="bbox 2105 5341 3636 5411; baseline -0.008 -12"><span class='ocrx_word' id='word_1_759' title='bbox 2105 5341 2358 5408; x_wconf 72' lang='lat' dir='ltr'><strong>mentunt,</strong></span> <span class='ocrx_word' id='word_1_760' title='bbox 2399 5341 2728 5411; x_wconf 20' lang='lat' dir='ltr'><strong>ve&#39;l’speciem</strong></span> <span class='ocrx_word' id='word_1_761' title='bbox 2759 5341 3075 5411; x_wconf 77' lang='lat' dir='ltr'><strong>argumenti.</strong></span> <span class='ocrx_word' id='word_1_762' title='bbox 3549 5401 3586 5411; x_wconf 43' lang='grc' dir='ltr'><strong>η</strong></span> <span class='ocrx_word' id='word_1_763' title='bbox 3629 5401 3636 5410; x_wconf 34' lang='grc' dir='ltr'>ν</span> 
     </span>
    </p>
   </div>
   <div class='ocr_carea' id='block_1_109' title="bbox 2179 5401 3656 5485">
    <p class='ocr_par' dir='ltr' id='par_1_109' title="bbox 2179 5401 3656 5485">
     <span class='ocr_line' id='line_1_109' title="bbox 2179 5401 3656 5485; baseline -0.009 -17"><span class='ocrx_word' id='word_1_764' title='bbox 2179 5416 2288 5485; x_wconf 33' lang='lat'><strong>(58.)</strong></span> <span class='ocrx_word' id='word_1_765' title='bbox 2324 5401 2498 5468; x_wconf 82' lang='lat' dir='ltr'><strong>Tertio</strong></span> <span class='ocrx_word' id='word_1_766' title='bbox 2527 5401 2645 5466; x_wconf 65' lang='lat' dir='ltr'><strong>licet</strong></span> <span class='ocrx_word' id='word_1_767' title='bbox 2675 5401 2845 5466; x_wconf 66' lang='lat' dir='ltr'><strong>dicere</strong></span> <span class='ocrx_word' id='word_1_768' title='bbox 2908 5413 2960 5463; x_wconf 85' lang='lat' dir='ltr'><strong>in</strong></span> <span class='ocrx_word' id='word_1_769' title='bbox 2977 5410 3200 5485; x_wconf 59' lang='lat' dir='ltr'><strong>Christo</strong></span> <span class='ocrx_word' id='word_1_770' title='bbox 3236 5446 3251 5460; x_wconf 99' lang='lat'><strong>.</strong></span> <span class='ocrx_word' id='word_1_771' title='bbox 3285 5446 3298 5460; x_wconf 97' lang='lat'><strong>.</strong></span> <span class='ocrx_word' id='word_1_772' title='bbox 3336 5419 3520 5485; x_wconf 31' lang='grc' dir='ltr'>ἔδεε..</span> <span class='ocrx_word' id='word_1_773' title='bbox 3549 5401 3656 5476; x_wconf 61' lang='grc' dir='ltr'><strong>Τρὲή</strong></span> 
     </span>
    </p>
   </div>
   <div class='ocr_carea' id='block_1_110' title="bbox 2106 5476 3660 5554">
    <p class='ocr_par' dir='ltr' id='par_1_110' title="bbox 2106 5476 3660 5554">
     <span class='ocr_line' id='line_1_110' title="bbox 2106 5476 3660 5554; baseline -0.011 -17"><span class='ocrx_word' id='word_1_774' title='bbox 2106 5476 2197 5538; x_wconf 65' lang='grc' dir='ltr'>τοι)</span> <span class='ocrx_word' id='word_1_775' title='bbox 2231 5477 2307 5546; x_wconf 69' lang='grc' dir='ltr'>δὲ,</span> <span class='ocrx_word' id='word_1_776' title='bbox 2330 5487 2376 5537; x_wconf 86' lang='grc' dir='ltr'>εἰ</span> <span class='ocrx_word' id='word_1_777' title='bbox 2404 5485 2620 5550; x_wconf 68' lang='grc' dir='ltr'>λέγεται</span> <span class='ocrx_word' id='word_1_778' title='bbox 2650 5485 2741 5535; x_wconf 68' lang='grc' dir='ltr'><strong>ἐπὶ</strong></span> <span class='ocrx_word' id='word_1_779' title='bbox 2765 5481 3026 5554; x_wconf 79' lang='grc' dir='ltr'>Χριστοῦ.</span> <span class='ocrx_word' id='word_1_780' title='bbox 3065 5479 3121 5533; x_wconf 92' lang='lat' dir='ltr'><strong>Id</strong></span> <span class='ocrx_word' id='word_1_781' title='bbox 3151 5487 3236 5533; x_wconf 87' lang='lat' dir='ltr'><strong>est</strong></span> <span class='ocrx_word' id='word_1_782' title='bbox 3263 5493 3277 5530; x_wconf 89' lang='lat'><strong>:</strong></span> <span class='ocrx_word' id='word_1_783' title='bbox 3345 5476 3527 5528; x_wconf 87' lang='lat' dir='ltr'><strong>Tertio</strong></span> <span class='ocrx_word' id='word_1_784' title='bbox 3550 5513 3562 5532; x_wconf 89' lang='lat'><strong>,</strong></span> <span class='ocrx_word' id='word_1_785' title='bbox 3624 5487 3660 5520; x_wconf 75' lang='lat' dir='ltr'><strong>st</strong></span> 
     </span>
    </p>
   </div>
   <div class='ocr_carea' id='block_1_111' title="bbox 2112 5555 3430 5623">
    <p class='ocr_par' dir='ltr' id='par_1_111' title="bbox 2112 5555 3430 5623">
     <span class='ocr_line' id='line_1_111' title="bbox 2112 5555 3430 5623; baseline -0.007 -13"><span class='ocrx_word' id='word_1_786' title='bbox 2112 5557 2326 5610; x_wconf 84' lang='lat' dir='ltr'><strong>dicatur</strong></span> <span class='ocrx_word' id='word_1_787' title='bbox 2357 5557 2406 5607; x_wconf 91' lang='lat' dir='ltr'><strong>in</strong></span> <span class='ocrx_word' id='word_1_788' title='bbox 2438 5555 2661 5608; x_wconf 83' lang='lat' dir='ltr'><strong>Christo</strong></span> <span class='ocrx_word' id='word_1_789' title='bbox 2690 5593 2703 5606; x_wconf 96' lang='lat'><strong>.</strong></span> <span class='ocrx_word' id='word_1_790' title='bbox 2733 5591 2746 5606; x_wconf 92' lang='lat'><strong>.</strong></span> <span class='ocrx_word' id='word_1_791' title='bbox 2786 5591 2800 5604; x_wconf 94' lang='lat'><strong>.</strong></span> <span class='ocrx_word' id='word_1_792' title='bbox 2832 5568 2972 5606; x_wconf 86' lang='lat' dir='ltr'><strong>esse.</strong></span> <span class='ocrx_word' id='word_1_793' title='bbox 3047 5620 3056 5623; x_wconf 25' lang='grc' dir='ltr'><strong>Α</strong></span> <span class='ocrx_word' id='word_1_794' title='bbox 3140 5619 3150 5623; x_wconf 23' lang='grc' dir='ltr'><strong>Α</strong></span> <span class='ocrx_word' id='word_1_795' title='bbox 3311 5617 3324 5623; x_wconf 85' lang='lat'><strong>_</strong></span> <span class='ocrx_word' id='word_1_796' title='bbox 3419 5613 3430 5623; x_wconf 84' lang='lat'><strong>_</strong></span> 
     </span>
    </p>
   </div>
   <div class='ocr_carea' id='block_1_112' title="bbox 2181 5617 3660 5692">
    <p class='ocr_par' dir='ltr' id='par_1_112' title="bbox 2181 5617 3660 5692">
     <span class='ocr_line' id='line_1_112' title="bbox 2181 5617 3660 5692; baseline -0.011 -14"><span class='ocrx_word' id='word_1_797' title='bbox 2181 5626 2481 5678; x_wconf 86' lang='lat' dir='ltr'><strong>Turrianus</strong></span> <span class='ocrx_word' id='word_1_798' title='bbox 2523 5639 2629 5677; x_wconf 90' lang='lat' dir='ltr'><strong>non</strong></span> <span class='ocrx_word' id='word_1_799' title='bbox 2666 5623 2900 5676; x_wconf 79' lang='lat' dir='ltr'><strong>reddidit</strong></span> <span class='ocrx_word' id='word_1_800' title='bbox 2922 5619 3246 5692; x_wconf 84' lang='lat' dir='ltr'><strong>particulam</strong></span> <span class='ocrx_word' id='word_1_801' title='bbox 3263 5617 3356 5692; x_wconf 58' lang='grc' dir='ltr'><strong>ἐὶ,</strong></span> <span class='ocrx_word' id='word_1_802' title='bbox 3377 5617 3452 5692; x_wconf 46' lang='grc' dir='ltr'><strong>ἐξ,</strong></span> <span class='ocrx_word' id='word_1_803' title='bbox 3471 5625 3660 5692; x_wconf 38' lang='lat' dir='ltr'><strong>&#39;neccs-</strong></span> 
     </span>
    </p>
   </div>
   <div class='ocr_carea' id='block_1_113' title="bbox 2107 5685 3504 5764">
    <p class='ocr_par' dir='ltr' id='par_1_113' title="bbox 2107 5685 3504 5764">
     <span class='ocr_line' id='line_1_113' title="bbox 2107 5685 3504 5764; baseline -0.013 -11"><span class='ocrx_word' id='word_1_804' title='bbox 2107 5698 2308 5753; x_wconf 85' lang='lat' dir='ltr'><strong>sariam</strong></span> <span class='ocrx_word' id='word_1_805' title='bbox 2336 5705 2394 5751; x_wconf 89' lang='lat' dir='ltr'><strong>ut</strong></span> <span class='ocrx_word' id='word_1_806' title='bbox 2439 5694 2616 5750; x_wconf 83' lang='lat' dir='ltr'><strong>Photii</strong></span> <span class='ocrx_word' id='word_1_807' title='bbox 2649 5685 3028 5764; x_wconf 75' lang='lat' dir='ltr'><strong>argumentum</strong></span> <span class='ocrx_word' id='word_1_808' title='bbox 3065 5688 3238 5760; x_wconf 85' lang='lat' dir='ltr'><strong>possit</strong></span> <span class='ocrx_word' id='word_1_809' title='bbox 3263 5685 3504 5753; x_wconf 77' lang='lat' dir='ltr'><strong>intelligi.</strong></span> 
     </span>
    </p>
   </div>
  </div>
