3864 6208
217 282 300 342 hl'i
1134 277 1232 336 AD
1271 277 1859 339 AMPHILOCHIUM
1887 277 2230 358 QUIESTIO
2271 279 2496 338 LXXX.
3324 280 3429 346 518

217 359 562 423 ὖᾶτὸστατικόν.
592 365 666 418 Τὸ
701 365 756 419 δὲ
785 361 994 436 θέλημα
1035 366 1096 420 τὸ
1127 368 1488 422 ὑποστατικὸν
1520 368 1758 439 Οελήμά-

1888 367 2028 439 nica]
2058 361 2390 422 voluntatem
2411 370 2804 439 hypostaticam
2826 386 2984 427 esse:
3015 371 3268 427 voluntas
3300 370 3428 424 t't't’u

216 479 290 520 to:
319 460 522 529 εἴρηται
558 459 652 511 τοῦ
683 447 946 526 φυᾶικοῦλ
974 461 1108 514 τὸδὲ
1141 460 1350 530 Θέλημα
1385 461 1493 533 γάρ
1529 448 1756 530 τὸγνω·

1895 457 2196 530 ypostatiCa
2250 454 2364 514 siv'e
2395 462 2642 528 personaé
2688 477 2718 514 a
2765 463 3043 518 vdluntat‘e
3089 464 3429 534 hypostat'u-a

217 553 352 624 μικὸν
381 551 526 602 ποιόν
553 552 665 603 ἐστι
694 551 904 622 θέλημα
927 554 1171 620 φυσικόν.
1197 553 1432 606 Φυσικοῦ
1462 555 1569 624 ἄρα.
1601 554 1754 623 θελήι

1888 553 2055 604 ωηιυι
2115 544 2255 621 ἷ59)
2288 570 2300 604 :
2335 552 2586 606 voluntas
2627 550 2770 608 enim
2820 555 3069 624 gnomi'ca
3129 549 3280 611 ποῖόν
3314 557 3429 611 ἐστι

214 660 362 713 ματος
386 643 476 694 καὶ
507 641 568 693 τὸ
599 643 690 694 ἐπὶ
735 643 975 713 Χριστοῦ
1023 645 1302 714 γνωμικὸν
1343 639 1652 715 ἠρτημένον
1689 645 1756 698 ἂν

1893 641 2069 711 ἐλημα
2103 641 2348 708 φυσικὸν,
2394 642 2443 696 id
2493 651 2594 706 est,
2630 644 2884 714 aliqualis
2934 647 3028 699 "sou
3061 648 3322 715 qualitate
3351 647 3432 698 af-

214 739 294 787 καὶ
355 734 786 804 προϐεϐλημένον
824 735 910 805 εἴη
969 749 982 764 ·
1028 735 1262 804 φυσικοῦ
1308 736 1364 790 δὲ
1416 737 1514 806 οὐχ
1563 736 1754 800 ἁπλοῦ,

1888 742 1997 786 ecta
2028 733 2281 787 Voluntas
2314 735 2581 788 naturalis
2615 744 2731 802 est;
2764 736 3013 790 voluntas
3043 735 3205 804 igitur
3225 737 3429 792 Christi

214 828 328 881 am
360 826 607 878 συνθέτου
653 827 748 878 καὶ
785 827 1232 897 συγκεκραμένον
1283 827 1608 898 θελήματος,
1646 830 1757 898 Τῆς

1893 823 2110 877 uomica
2144 824 2441 877 anaturali
2475 813 2654 878 autem
2686 839 2793 878 non
2833 827 3104 896 simplici;
3142 827 3232 881 sed
3278 842 3431 880 com-

215 916 308 986 γὰρ
346 915 594 968 συνθέτου
645 917 994 982 ὑποστάσεως
1046 919 1140 972 καὶ
1179 918 1239 971 τὸ
1285 919 1641 974 ὑποστατικὸν
1691 921 1757 974 ἂν

1888 912 2034 965 ιοείιει
2061 912 2116 965 et
2144 913 2434 966 commista
2467 914 2763 969 voluntate.
2794 915 3123 984 Composita:
3159 917 3302 969 enim
3335 917 3434 987 hy—

214 1009 304 1076 ἄρα
338 1024 416 1068 τις
446 1006 582 1070 ὅλως
616 1007 862 1061 ύποθοῖτο
899 1012 1180 1079 προσεῖναι
1227 1009 1440 1080 Θέλημα
1485 1013 1757 1082 γνωμικὸν

1888 1003 2098 1057 ιόεῑαείε
2149 1004 2253 1057 erit
2301 1003 2553 1058 voluntas
2605 1004 2970 1074 hypostatica;
3029 1005 3074 1060 si
3129 1005 3254 1074 quis
3311 1021 3430 1058 eam

214 1097 446 1148 συνθέτου
478 1096 544 1150 ἂν
589 1098 676 1168 εἴη
717 1099 951 1169 φυσικοῦ
1003 1103 1476 1172 προενηνεγμένου
1521 1104 1761 1174 θελήμα-

1888 1092 2083 1146 ιηπιίηο
2107 1103 2274 1164 ponat
2299 1095 2509 1160 inesse;
2545 1095 2795 1149 voluntas
2818 1095 2962 1148 enim
2997 1096 3247 1165 guomica
3281 1111 3433 1147 com-

213 1203 308 1248 τος.
341 1185 499 1238 Ὠστε
570 1187 724 1241 ἔσται
761 1189 1013 1252 σύνθετος
1044 1190 1204 1259 φύσις
1221 1191 1313 1244 ἐπὶ
1334 1193 1592 1262 Χριστοῦ,
1623 1195 1759 1265 ὅπερ

1888 1185 2038 1238 tosita
2089 1195 2236 1240 esset
2292 1201 2357 1240 cx
2417 1187 2651 1240 naturali
2685 1187 2969 1241 voluntate
3022 1185 3262 1255 profecta
3296 1186 3431 1256 (60),

214 1275 427 1338 ἁπάσαις
447 1277 652 1347 ψήφοις
688 1277 1154 1348 διακατέγνωσται
1182 1280 1293 1334 τῶν
1325 1282 1416 1336 δύο
1462 1283 1678 1352 φύσεων
1698 1285 1762 1339 τδ

1888 1291 2033 1346 [uare
2061 1278 2165 1331 erit
2196 1278 2246 1330 in
2278 1276 2501 1332 Christo
2531 1279 2836 1347 composita
2886 1287 3105 1341 natura,
3137 1279 3282 1347 quod
3315 1285 3435 1331 om;

216 1364 380 1435 κῦρος,
415 1367 627 1438 ἄμαχον
667 1368 1104 1441 ἀναδεξαμένων.

1861 1367 2013 1420 niam
2079 1368 2345 1421 sententia
2403 1367 2720 1422 damnatum
2786 1372 2905 1433 est,
2960 1370 3171 1424 duabus
3226 1370 3434 1424 naturis

1760 1449 1764 1452 ’
1864 1457 2270 1527 inexpugnabili
2294 1458 2552 1513 ﬁrmitate
2581 1459 2807 1514 sancitis
2830 1469 2884 1514 et
2915 1460 3204 1514 r'dboratis.

273 1542 381 1593 Ἐτι
411 1544 459 1594 εἱ
506 1544 568 1596 τὸ
610 1546 889 1616 γνωμικὸν
941 1535 1151 1620 θέλημα
1196 1548 1615 1626 προηγουμένην
1651 1556 1762 1628 ἔχει

211 1631 295 1700 τὴν
321 1634 503 1702 σκέψιν
532 1637 628 1687 καὶ
663 1636 762 1706 τὴν
808 1638 944 1707 πρὸς
985 1639 1045 1692 τὸ
1083 1641 1400 1711 κρινόμενον
1439 1644 1675 1699 διάθεσίν
1703 1663 1761 1699 τε

1929 1549 2008 1601 Ad
2051 1549 2164 1602 haec
2193 1549 2237 1601 si
2270 1549 2523 1604 voluntas
2553 1550 2804 1618 guomica
2853 1550 3014 1605 habet
3061 1559 3435 1619 antegressam

1865 1638 2384 1705 censiderationem,
2423 1648 2477 1694 et
2505 1639 2844 1695 affectionem
2873 1650 3039 1710 atque
3067 1643 3433 1696 assentioncm

214 1722 293 1772 καὶ
318 1724 729 1788 συγκατάθεσιν.
767 1727 987 1780 Τούτων
1017 1730 1072 1782 δὲ
1107 1731 1305 1784 ἔστιτὸ
1331 1733 1430 1801 μὲν
1458 1735 1516 1800 ἐξ
1537 1736 1761 1802 ἀγνοίας

1888 1728 1930 1782 id
1962 1743 2025 1784 ea
2051 1745 2172 1796 qua:
2195 1728 2536 1798 judicantur,
2570 1730 2622 1783 in
2651 1731 2734 1785 his
2763 1741 2942 1785 autem
2973 1737 3056 1786 est
3077 1733 3338 1787 transitus
3367 1738 3435 1785 at)

213 1814 281 1876 ei;
316 1814 510 1881 γνῶσιν
545 1818 642 1869 καὶ
685 1817 959 1887 διάκρισιν
1013 1823 1310 1891 μετάϐασις
1338 1842 1352 1856 ο
1397 1826 1457 1878 τὸ
1489 1826 1545 1879 δὲ
1584 1828 1760 1901 τροπή

212 1920 283 1969 τις
316 1907 405 1960 καὶ
429 1910 708 1982 μεταϐολὴ
736 1913 1058 1978 διαθέσεωςο
1087 1918 1298 1990 ἐτράπη
1335 1920 1444 1990 γὰρ
1494 1923 1574 1984 εἰς
1609 1939 1766 1994 στορ-

214 1997 303 2068 γήν
325 1999 384 2050 ὲκ
417 2000 508 2052 τοῦ
553 2001 629 2073 μὴ
658 2003 980 2072 στέργοντος
1001 2008 1034 2076 ἡ
1069 2007 1303 2073 διάθεσις
1325 2027 1339 2040 ·
1367 2012 1520 2066 οὐδὲν
1559 2013 1614 2065 δὲ
1643 2013 1767 2066 τού-

213 2096 305 2140 των
327 2090 416 2143 ἐπὶ
440 2092 685 2162 Χριστοῦ
742 2099 960 2166 φρονεῖν
1009 2101 1449 2172 συγκεχώρηται.
1502 2105 1614 2157 Οὔκ
1657 2101 1766 2175 ἆρά

215 2179 341 2232 ἐστιν
363 2181 586 2235 ἀνεκτὸν
617 2184 962 2256 ἀνθρώπινον
985 2191 1262 2261 γνωμικὸν
1303 2195 1361 2246 ἐν
1401 2194 1551 2266 diu}:
1587 2196 1766 2265 λέγειν

219 2269 458 2340 ἃπάρχειν
490 2273 730 2344 θέλημα.

276 2358 444 2452 Χωρὶς
470 2362 526 2414 δὲ
549 2364 659 2417 τῶν
690 2366 998 2438 εἰρημένων
1032 2373 1082 2424 ει
1107 2371 1158 2425 οἱ
1197 2374 1274 2445 τῷ
1312 2355 1577 2449 γνωμικῷ
1604 2378 1765 2452 θελή-

218 2459 326 2516 ματι
347 2449 616 2522 χρώμενοι
644 2454 720 2525 τῷ
745 2455 1073 2531 ἀνθρωπίνῳ
1095 2462 1318 2516 εἰώθασι
1363 2465 1440 2537 τῷ
1461 2467 1590 2538 θείῳ
1623 2449 1772 2541 θελῆ·

219 2552 330 2606 ματι
366 2542 757 2614 διαμάχεσθαι,
789 2548 907 2612 πῶς
949 2551 1085 2616 ὅλως
1116 2548 1228 2607 οἷόν
1267 2555 1326 2608 τέ
1379 2559 1498 2610 ἐστι
1531 2560 1770 2615 ἐπινοεῖν

218 2632 296 2682 ἐπὶ
317 2633 548 2704 Χριστοῦ
584 2639 864 2708 γνωμικὸν
897 2640 1108 2713 Θέλημα
1135 2661 1149 2711 ;
1181 2647 1487 2718 κοινότερον
1524 2651 1582 2704 δὲ
1606 2652 1770 2720 φάναι

217 2725 261 2814 εἰν
295 2727 348 2777 τὸ
375 2728 652 2798 γνωμικὸν
681 2731 891 2802 θέλημα
923 2728 1061 2806 τὶρὸς
1079 2738 1346 2809 ἑκατέραν
1372 2742 1571 2811 ὁμοίως,
1615 2743 1771 2814 ρἐἐι

217 2813 311 2867 τῶν
354 2818 604 2886 πράξεων
636 2822 735 2891 τήν
771 2840 828 2876 τε
867 2825 1078 2897 φαύλην
1127 2829 1270 2899 φημὶ
1303 2831 1395 2882 καὶ
1441 2834 1541 2903 τὴν
1599 2813 1774 2905 κρείτ-

217 2917 351 2968 τονα,
402 2908 516 2972 πῶς
562 2911 626 2962 οὐ
661 2913 931 2984 τολμηρὸν
961 2918 1052 2969 ἐπὶ
1077 2918 1315 2988 Χριστοῦ
1345 2923 1618 2991 γνωμικὸν
1649 2926 1774 2978 εἰσ-

220 2993 355 3063 άγειν
378 2999 584 3071 Θέλημα
605 3006 849 3075 καὶπρὸς
874 3007 942 3059 τὰ
965 3009 1132 3079 χείρω
1160 3011 1254 3064 καὶ
1280 3014 1538 3084 ἀμείνονα
1554 3016 1650 3086 τὴν
1683 3019 1773 3089 ρο-

219 3089 311 3157 πὴν
337 3090 472 3161 ἔχειν
497 3096 866 3152 ἀναπλάττειν
896 3101 1290 3170 ὲφάμιλλον,τὸ
1319 3106 1606 3176 μονοειδῶς
1633 3109 1770 3175 ἀγα-

223 3178 428 3250 θουργὸν
477 3187 571 3238 καὶ
614 3189 819 3258 κυρίως
850 3191 1354 3259 ἀγαθοειδέστατον.

292 3377 417 3470 Ἀλλ’
449 3379 530 3434 ὅτι
566 3382 668 3453 μὲν
692 3385 750 3436 τὸ
775 3384 1112 3458 ἀνθρώπινον
1142 3392 1420 3462 γνωμικὸν
1453 3393 1666 3466 θέλημα
1699 3396 1774 3470 μὴ

219 3464 417 3523 δύναται
439 3475 803 3545 ἐφαρμόττειν
827 3480 1081 3550 καῢαρῶς
1104 3484 1344 3555 Χριστῷ,
1372 3486 1610 3541 τοσαῦτα
1636 3490 1774 3554 τέως

223 3556 460 3632 ὲῑρήσθω.

278 3657 534 3728 Ζητητέόν
561 3661 647 3727 δὲ,
677 3663 905 3734 πότερον
921 3664 1042 3738 οὐδὲ
1061 3665 1200 3721 θεῖον
1227 3659 1306 3720 δεῖ
1324 3663 1502 3737 λέγειν
1527 3669 1620 3722 ἐπὶ
1643 3671 1685 3722 Χ
1693 3688 1775 3740 ρι-

224 3744 332 3797 στοῦ
356 3751 630 3817 γνωμικὸν
655 3744 888 3824 θέλημα,
914 3750 1103 3828 ὥσπερ
1124 3758 1246 3811 ούδέ
1271 3755 1610 3830 ἀνθρώπινον
1641 3777 1777 3828 γνωο

225 3838 398 3906 μικόν’
433 3841 464 3910 ἢ
495 3843 674 3896 ἐκεῖνο
710 3840 809 3914 μὲν
842 3847 902 3898 ού
944 3846 1384 3919 συγκεχώρηται,
1413 3843 1572 3902 τοῦτο
1613 3849 1669 3902 δὲ
1715 3852 1774 3904 οὐ

223 3920 523 3989 κεκώλυται.
555 3937 679 3990 Τῶν
707 3939 813 4011 γὰρ
838 3941 895 3994 ἐν
928 3927 1157 4007 ἐκείνοις
1193 3943 1468 4014 ῥηθέντων
1498 3947 1779 4018 ἐπιχειρη-

229 4023 393 4090 μάτων
424 4026 484 4079 τὸ
527 4029 710 4099 τρίτον
752 4032 988 4100 μάλιστα
1017 4036 1110 4087 καὶ
1138 4036 1198 4088 τὸ
1221 4035 1477 4106 τέταρτον
1519 4041 1661 4092 κατὰ
1686 4039 1779 4091 τὸν

224 4114 386 4184 ὅμοιον
425 4113 624 4189 τρόπον
671 4123 764 4175 ἐπὶ
807 4125 918 4178 τῶν
957 4126 1136 4180 αὐτῶν
1184 4127 1277 4198 τὴν
1314 4129 1468 4199 ἰσχὺν
1507 4127 1642 4200 ἔχει.
1680 4131 1780 4184 Διὰ

226 4202 484 4280 τῆςαὺτῆς
513 4213 623 4284 γὰρ
648 4211 859 4284 ἐφόδου,
892 4210 955 4270 τό
977 4236 1034 4271 τε
1066 4221 1206 4272 θεῖον
1233 4221 1328 4273 κα)⁵
1357 4221 1418 4273 τὸ
1439 4221 1779 4292 ἀνθρώπινον

227 4302 479 4368 γνωμικὸν
513 4301 726 4375 θέλημα
764 4304 792 4360 ὁ
840 4309 937 4377 τῆς
963 4300 1220 4379 ἀληθείας
1242 4310 1544 4362 διαστέλλει
1589 4329 1646 4362 τε
1683 4300 1779 4364 καὶ

1864 1822 2172 1890 ignorantia
2204 1821 2271 1874 ad
2293 1822 2682 1891 cognitionem,
2721 1827 2776 1877 et
2807 1824 3039 1877 mutatio
3068 1834 3171 1878 non
3200 1825 3435 1879 amantis

1864 1913 1932 1966 ad
1983 1927 2249 1978 amorem,
2286 1928 2406 1982 qua:
2435 1921 2519 1968 est
2547 1913 2807 1969 all‘eetio’:
2843 1913 2976 1968 nihil
3026 1923 3207 1968 autem
3240 1915 3434 1967 horum

1864 2003 1993 2058 licet
2039 2005 2106 2060 de
2150 2005 2371 2060 Christo
2415 2007 2654 2071 sentire;
2702 2022 2807 2060 non
2849 2007 3015 2077 igitur
3046 2007 3306 2061 sostineri
3340 2022 3439 2076 po-

1865 2104 1990 2161 test,
2042 2107 2100 2151 ut
2146 2097 2386 2152 humana
2436 2098 2691 2153 voluntas
2740 2101 2992 2169 gnomica
3037 2099 3090 2153 in
3127 2101 3192 2154 'e'o
3227 2099 3440 2153 dicatur

1865 2202 2004 2243 esse.

1939 2371 2205 2427 Prarterea
2247 2373 2292 2429 si
2335 2374 2583 2430 homines
2620 2359 2832 2431 utentes
2873 2376 3150 2431 voluntate
3184 2373 3439 2444 gnomica

1868 2477 2276 2520 consueverunt
2302 2483 2607 2538 repugnare
2637 2468 2768 2535 Deo,
2795 2470 3069 2540 quomodo
3094 2472 3208 2524 ticri
3239 2479 3438 2541 potest,

1871 2567 1930 2612 ut
1958 2559 2100 2613 hanc
2132 2561 2469 2614 voluntatem
2503 2562 2810 2632 gnomicam
2846 2563 2899 2616 in
2925 2562 3143 2617 Christo
3175 2578 3296 2618 esse
3343 2577 3442 2618 co-

1871 2651 2144 2720 gitemus?
2184 2664 2239 2707 et
2271 2661 2346 2717 ut,
2378 2653 2524 2720 quod
2569 2654 2742 2724 magis
2783 2661 3074 2710 commune
3102 2665 3206 2718 est,
3239 2655 3439 2722 dicam,

1871 2745 1917 2797 si
1946 2744 2201 2800 voluntas
2234 2746 2486 2815 guomica
2515 2761 2784 2816 propensa
2812 2757 2896 2801 est
2925 2747 2992 2802 ad
3034 2753 3318 2818 utramque
3351 2757 3444 2802 ac-

1873 2837 2097 2900 tionem,
2159 2838 2440 2891 honestam
2483 2839 2605 2892 dic‘o
2646 2848 2700 2891 'et
2746 2849 2987 2908 pravam;
3021 2842 3298 2908 quomodo
3333 2843 3440 2895 no‘n

1871 2937 1956 2982 est
1985 2930 2231 2993 audacis,
2260 2931 2516 2985 inducere
2543 2931 2595 2984 in
2627 2931 2907 2986 Cltristum
2943 2933 3275 2986 voluntatem
3309 2947 3446 3002 gno-

1800 3057 1845 3117 Β
1879 3020 2096 3086 micam,
2133 3030 2186 3074 ct
2217 3021 2437 3091 tingere,
2488 3023 2690 3076 habere
2715 3039 2838 3076 eum
2873 3038 3054 3092 parem
3088 3024 3154 3077 ad
3182 3024 3360 3092 turpia
3391 3032 3447 3076 et

1877 3112 2103 3168 honesta
2140 3114 2589 3169 inclinationem?
2620 3130 2747 3168 cum
2774 3115 2844 3169 sit
2866 3116 3070 3185 atioqui
3102 3114 3446 3170 unil‘ormiter

1872 3215 2062 3258 aut-tor
2115 3205 2381 3260 bonorum
2426 3216 2482 3261 et
2534 3209 2750 3276 proprie
2783 3207 3286 3274 ἁγαθοειδέστατος,
3323 3206 3446 3263 fons

1873 3297 2055 3351 omnis
2098 3296 2250 3352 boni.

1942 3387 2046 3442 Sed
2100 3390 2246 3459 quod
2299 3391 2538 3446 humana
2577 3391 2831 3448 voluntas
2878 3393 3129 3464 guomica
3188 3409 3295 3448 non
3351 3408 3448 3462 po-

1877 3488 1980 3534 test
2033 3496 2166 3548 pure
2225 3484 2518 3538 convenire
2554 3483 2796 3550 Clu-isto,
2842 3485 2955 3541 haec
2994 3487 3258 3542 h’act‘enus
3304 3487 3449 3542 dicta

1878 3580 2028 3625 δυηι.

1944 3657 2306 3724 ριιωτθηιΙιιιη
2334 3670 2465 3718 vero
2490 3672 2590 3730 est,
2623 3661 2808 3720 utrum
2841 3661 3018 3736 neque
3047 3662 3283 3722 divinam
3315 3661 3449 3738 ‘gno-L

1877 3751 2074 3806 micani
2109 3754 2440 3810 voluntatem
2467 3757 2648 3812 dicere
2677 3758 2729 3811 in
2761 3757 2980 3813 Christo
3004 3772 3274 3828 oporteat,
3307 3763 3449 3815 sicut

1877 3840 2053 3912 hcque
2109 3846 2403 3900 liurnanam
2437 3851 2768 3916 gnomicam.
2807 3850 2886 3903 An
2919 3849 3048 3905 vero
3083 3853 3186 3907 hoc
3228 3853 3448 3923 quidun

1879 3950 1986 3986 non
2017 3935 2194 4000 liceat,
2229 3936 2360 3990 illud
2393 3953 2519 3989 vero
2548 3954 2652 3990 non
2686 3940 2754 3991 sit
2779 3939 3135 4006 prohibitum.
3177 3941 3284 3995 Sed
3312 3959 3451 4011 quo-

1880 4026 2041 4079 modo
2089 4041 2193 4078 non
2245 4034 2328 4081 est
2374 4027 2748 4096 prohibitum?
2799 4031 2926 4098 quia
2977 4047 3042 4084 ex
3092 4034 3450 4102 argumentis“,

1879 4133 2002 4186 qua:
2032 4117 2193 4172 allata
2247 4121 2376 4173 sunt
2419 4128 2606 4173 contra
2643 4123 2953 4188 gnomicam
3005 4123 3342 4178 voluntatem
3401 4128 3452 4178 in

1879 4209 2124 4273 Christo,
2153 4211 2372 4265 tertium
2401 4219 2456 4265 et
2487 4212 2723 4281 primum
2777 4214 2956 4267 valent
3006 4215 3058 4268 in
3110 4217 3339 4282 eis‘dem,
3387 4215 3457 4273 a'd

1881 4301 2131 4355 eumdem
2165 4303 2384 4356 modum
2437 4314 2624 4356 contra
2668 4305 2907 4358 divinum
2954 4307 3288 4362 voluntatem
3321 4325 3457 4379 gno-

228 4390 530 4456 συμϐιϐάζει
562 4395 740 4463 λόγος.
765 4399 871 4450 Καὶ
902 4401 1140 4468 χωρὶςδέ
1168 4402 1274 4453 τῶν
1298 4401 1602 4470 εἰρημένων
1631 4404 1681 4455 εῐ
1696 4419 1774 4464 τις

1888 4395 2122 4463 micam;
2153 4395 2340 4449 eodem
2374 4396 2520 4450 enim
2574 4397 2719 4450 aditu
2755 4395 3041 4468 distinguit
3085 4399 3195 4470 (61)
3240 4409 3292 4454 et
3323 4416 3458 4454 con-

227 4475 457 4536 ὑπόϐοιτο
507 4488 568 4538 τὸ
599 4487 740 4541 οείον
779 4491 874 4542 ἐπὶ
911 4491 1149 4559 Χριστοῦ
1198 4493 1475 4561 γνωμικὸν
1528 4493 1780 4559 λέγεσθαι

230 4569 438 4643 θέλημα,
459 4577 664 4645 λεγέτω
695 4583 928 4653 πότερον
959 4585 1151 4638 ταυτὸν
1179 4585 1390 4655 νομίζει
1424 4586 1583 4640 τοῦτο
1617 4587 1782 4657 θεῖκῷ

231 4669 420 4738 φυσικῷ
455 4670 742 4742 Θελήματι,
771 4675 803 4744 ἢ
835 4675 1044 4746 ἕτερον.
1079 4678 1141 4729 Εἰ
1177 4679 1276 4746 μὲν
1322 4677 1429 4748 γὰρ
1453 4678 1666 4744 ταυτὸν,
1699 4680 1782 4743 τίς

231 4755 259 4822 ἡ
301 4762 536 4829 περίνοια
579 4766 672 4819 τοῦ
706 4766 992 4837 ὀνόματος,
1049 4768 1350 4838 φαντασίαν
1395 4771 1678 4840 νοημάτων
1712 4773 1792 4835 εἰς

1884 4490 2034 4545 ciliat
2068 4491 2204 4544 ratio
2251 4489 2498 4543 veritatis
2526 4489 2765 4543 divinam
2802 4498 2856 4544 et
2884 4492 3174 4545 humanam
3203 4491 3459 4546 volunta-

1889 4591 1996 4636 tem
2028 4582 2366 4654 gnomicam.
2401 4581 2479 4636 Ac
2520 4591 2717 4650 pra-ter
2774 4598 2858 4645 ea,
2889 4575 3011 4650 quae
3054 4584 3195 4638 dicta
3234 4593 3380 4649 sunt,
3412 4587 3458 4639 si

1886 4675 2010 4744 quis
2038 4682 2207 4744 ponat
2238 4673 2343 4727 dici
2374 4674 2426 4727 in
2455 4673 2674 4729 Christo
2696 4674 2935 4729 divinam
2964 4677 3296 4730 voluntatem
3322 4693 3458 4748 gno-

1901 4767 2095 4820 micam
2138 4768 2301 4833 dicat,
2349 4783 2415 4820 an
2473 4752 2746 4824 existimet
2774 4769 3018 4824 eamdem
3049 4785 3170 4824 esse
3202 4784 3326 4824 cum
3372 4769 3457 4822 di-

1718 4925 1950 4980 NOTAﬂ.

292 5078 397 5152 (59)
443 5078 699 5136 Voluntas
733 5099 850 5136 vero
877 5083 1206 5152 [typosta'tica
1247 5101 1278 5136 a
1307 5083 1574 5137 voluntate
1622 5083 1783 5151 hypo-

236 5151 634 5234 tfatica-pettdel.
666 5153 826 5232 Τὸ.δὲ
879 5151 1175 5234 θέλημαιτὸ
1211 5153 1567 5234 ὗτιοσξατικὸν
1623 5153 1783 5220 θελή-

239 5221 387 5292 ματος
413 5221 643 5288 ἤρτηται
671 5223 763 5275 τοῦ
794 5221 1046 5292 φυσικοῦ.
1085 5222 1136 5275 Μ
1178 5231 1258 5276 est
1291 5241 1304 5277 :
1341 5221 1605 5277 Volttntas
1655 5237 1785 5277 vero

239 5288 549 5358 hypostatica
582 5293 774 5358 pendet
800 5288 828 5346 ἐι
868 5294 1147 5346 voluntate
1175 5292 1426 5346 naturali.

298 5356 593 5431 'l‘urrianus
613 5361 894 5431 confundit
921 5363 1307 5431 hypos‘taticum
1339 5368 1460 5414 cum
1505 5361 1782 5424 naturali;

238 5423 409 5502 nititur
437 5429 579 5502 enim
613 5429 790 5484 Photii
832 5423 1208 5502 argniitentum
1251 5433 1302 5485 in
1330 5432 1647 5486 discrimine
1677 5423 1776 5484 na?

229 5497 409 5569 torulis
432 5499 498 5569 ab
528 5497 919 5569 hypostatico.‘
1258 5525 1264 5531 ·

303 5564 402 5640 ((ξΟ)
434 5564 746 5633 Composita!
781 5573 914 5624 enim
981 5571 1295 5640 Ιιῃροειαεὶδ,
1356 5581 1460 5625 ctc.
1514 5571 1781 5623 voluntate

243 5634 452 5710 protecta
483 5653 499 5690 :
535 5639 607 5710 [Τὸ
629 5642 736 5710 γὰρ
770 5634 1036 5693 συνθέτου]
1051 5634 1405 5703 ’ὑποστάσεως
1433 5643 1526 5694 καὶ
1558 5642 1619 5692 τὸ
1646 5642 1779 5693 ὑπο-

246 5705 492 5772 στατικὸν,
533 5707 596 5760 ἂν
636 5705 740 5778 ἄρα
766 5727 847 5775 τις
878 5711 1013 5774 ὅλως
1069 5711 1319 5765 ὑποθοϊτο
1350 5715 1655 5781 προσεῖναι,
1689 5711 1780 5762 Οέ-

1892 5082 2040 5150 λημα
2079 5080 2358 5153 γνωμικὸν
2389 5079 2644 5153 συνθέτου
2675 5078 2758 5153 ἂν-
2795 5080 2881 5148 εἴη
2939 5080 3169 5146 φυσικοῦ
3219 5083 3453 5153 ἀτροενηέ-

1888 5146 1982 5218 νεγ
1991 5146 2153 5220 μένου
2170 5146 2491 5222 θελήματος.
2513 5150 2563 5201 Id
2580 5157 2690 5203 est:
2714 5146 3181 5222 Namcompositze
3201 5146 3450 5222 hyposta-

1891 5218 2012 5292 seos
2064 5218 2397 5292 hyposta‘tica
2439 5218 2927 5292 quoque‘gnomica
2956 5221 3021 5290 (si
3047 5222 3170 5288 quis
3199 5218 3316 5292 eam
3339 5239 3450 5275 0m-

1894 5291 2025 5344 nino
2068 5289 2246 5343 inesse
2276 5291 2460 5358 ponat)
2494 5289 2932 5358 proﬁcisceretur
2959 5304 2988 5343 a
3017 5291 3317 5359 composita
3352 5306 3450 5342 v0-

1890 5359 2097 5413 luntate
2119 5360 2370 5413 naturali.

1957 5429 2228 5483 Particula
2264 5429 2422 5493 enim,
2452 5427 2624 5496 posita
2654 5437 2775 5497 post
2799 5428 3037 5481 voluntas
3067 5427 3134 5480 ab
3162 5426 3317 5480 initio
3352 5444 3450 5481 no-

1895 5515 1974 5552 vat
2002 5500 2410 5568 propositioois.
2437 5499 2793 5565 abrumpebat
2826 5506 3204 5568 argumentum
3229 5497 3446 5568 APhoti-i.

1960 5565 2072 5638 (Gl)
2104 5565 2309 5621 Eadem
2344 5567 2492 5621 aditu
2520 5569 2794 5638 distinguit
2825 5585 2841 5621 :
2873 5565 2969 5619 Ᾱιὰ
2995 5565 3092 5636 τῆς
3119 5566 3285 5632 αὐτῆς
3318 5569 3447 5632 ἐφό-

1885 5637 1974 5692 600
2007 5681 2020 5693 .
2056 5637 2068 5692 .
2103 5677 2115 5692 .
2151 5639 2468 5692 διαστέλλει.
2503 5639 2555 5692 id
2594 5649 2677 5693 est
2711 5655 2724 5692 :
2777 5637 2975 5692 Eodem
3017 5639 3138 5690 uisu
3199 5649 3294 5689 seu
3349 5644 3446 5691 ωέ

1887 5724 2011 5764 natu
2047 5710 2347 5778 distinguit.
