3820 6212
425 299 529 365 519
1570 295 1801 355 ΡΠΟΤΙ
1810 296 1834 353 Ι
1874 294 1984 353 ΡΑἿ

2090 290 2383 352 maenaa
2421 290 2528 350 cr.
3535 307 3612 373 ειη

427 414 545 466 vina
586 408 822 463 naturali
854 407 1151 473 voluntate,
1200 420 1268 459 an
1300 405 1499 459 aliam?
1528 403 1583 457 Si
1619 406 1765 458 cnim
1796 404 1984 457 eadem

2091 400 2387 471 ἑτερότητα
2420 400 2755 471 σχιζομένων
2814 404 3268 474 παρεισάγοντος;
3302 409 3348 461 εἱ
3376 409 3423 463 δὲ
3448 412 3595 485 ἕτερον

418 513 519 566 est,
546 516 667 571 quae
707 501 820 569 ipsa
846 497 1117 569 περίνοια,
1150 496 1203 551 id
1242 505 1328 551 est
1357 496 1501 551 acris
1529 494 1856 563 excogitatio
1890 511 1980 547 no-

2091 491 2207 553 πῶς
2233 492 2333 543 οὐκ
2354 490 2419 543 ἂν
2446 491 2554 561 εἴη,
2580 491 2674 543 καὶ
2698 492 2792 544 τοῦ
2818 493 2874 544 ἐν
2906 495 3079 565 Πατρὶ
3111 498 3204 549 καὶ
3231 500 3486 570 Πνεύματι
3508 475 3612 561 0'51...

419 594 605 659 minis,
652 592 798 662 quod
829 590 1039 645 inducit
1069 590 1261 644 falsam
1309 588 1547 657 speciem
1592 586 1873 641 notionum
1910 585 1984 638 di-

2094 582 2353 652 ρουμένου
2397 581 2732 651 θελήματος;
2779 586 2915 655 ὅπερ
2952 587 3150 641 ἄτοπον
3190 591 3390 662 ἕτερον,
3430 599 3615 671 καὶγὰρ

419 685 745 740 versarum?
799 686 883 738 sin
942 697 1072 737 vero
1124 681 1230 735 alia
1282 688 1388 743 est,
1444 677 1720 748 quomodo
1754 691 1862 730 non
1892 675 1984 730 erit

2090 672 2151 724 τὸ
2178 671 2408 738 φυσικὸν
2434 673 2527 724 ἐπὶ
2560 673 2694 725 Θεοῦ
2721 674 2932 744 θέλημα
2963 679 3140 731 κοινὸν
3170 681 3404 752 ὑπάρχον
3428 690 3506 740 xa‘l
3526 692 3614 742 ἁδι-

418 777 525 831 alia
566 786 761 845 praeter
789 774 1147 837 voluntatem,
1191 785 1314 840 qua:
1355 771 1408 823 in
1464 768 1624 823 Patre
1682 775 1737 821 et
1787 764 1984 835 Spiritu

2094 762 2311 834 αίρετον
2340 763 2450 815 τῶν
2480 764 2649 834 τριῶν
2682 764 2988 837 θεαρχικῶν
3016 771 3363 827 ὑποστάσεων
3391 779 3614 849 ὁμοτίμων

419 878 610 923 sancto
638 863 1121 936 spectatur?quod
1152 871 1236 916 est
1264 861 1411 915 aliud
1443 860 1739 913 absurdum
1774 876 1786 911 :
1822 856 1984 925 siqui-

2095 868 2155 904 τε
2201 852 2296 905 καὶ
2330 853 2762 924 ἀπαραλλάκτως
2804 858 2991 920 αὑταῖς
3036 861 3227 931 ὁρᾶται
3260 869 3615 939 συναρμοζόμε-

418 956 540 1008 dem
572 952 842 1007 naturalis
884 952 938 1005 in
975 950 1085 1004 Deo
1109 950 1361 1002 voluntas
1390 961 1515 1000 cum
1557 947 1627 1000 sit
1657 945 1984 1008 communis,

2097 961 2206 997 νον.
2244 946 2307 997 Ὃ
2332 945 2438 1014 γὰρ
2467 944 2559 997 ἐπὶ
2587 945 2686 1014 τῆς
2716 946 2825 999 τῶν
2855 948 3158 1021 ἀνθρὼταον
3192 953 3403 1022 φύσεως
3423 960 3510 1013 οὐκ
3532 962 3616 1017 ἐστι

418 1056 471 1101 et
494 1043 878 1113 inseparabilis
908 1056 939 1095 a
970 1040 1143 1095 tribus
1180 1037 1429 1109 personis
1453 1037 1685 1102 divinis;
1713 1049 1868 1103 teque
1900 1035 1984 1088 ho-

2094 1035 2320 1088 δυνατὸν
2358 1034 2560 1099 λαὸεἶν,
2606 1036 2764 1091 τοῦτο
2815 1039 2879 1108 δὴ
2925 1043 3065 1096 κατὰ
3108 1043 3209 1113 τὴν
3258 1046 3505 1116 ὁπέρθεον
3546 1056 3618 1108 καὶ

417 1148 610 1192 norate
662 1144 719 1192 et
766 1135 884 1191 sine
932 1133 1042 1188 ulla
1098 1130 1407 1185 variatione
1452 1129 1564 1198 (62)
1608 1129 1689 1183 eis
1719 1128 1984 1197 congruit.

2096 1127 2415 1198 ὑπερούσιον
2456 1127 2641 1181 οὐσίαν
2679 1130 2795 1183 ἐστὶ
2837 1136 3119 1186 κατανοεῖν
3143 1150 3159 1165 ο
3201 1136 3263 1188 τὸ
3307 1138 3409 1209 γὰρ
3438 1146 3618 1209 φυσικὸν

414 1227 573 1294 Quod
617 1227 763 1281 enim
799 1226 853 1279 in
887 1233 1079 1278 natura
1106 1222 1390 1276 hominum
1427 1236 1533 1275 non
1569 1234 1867 1289 possumus
1908 1218 1984 1271 in.

2094 1220 2265 1289 αὐτῆς
2292 1220 2388 1273 καὶ
2418 1220 2686 1291 ὑπέρθεον
2720 1223 2863 1276 θεῖον
2891 1223 3103 1294 θέλημα
3129 1229 3417 1299 ταυτότητι
3442 1235 3618 1305 γνώμης

416 1318 684 1387 tclligere.
723 1316 827 1370 hoc
874 1315 929 1367 in
986 1313 1292 1369 substantia
1324 1327 1450 1381 qua:
1484 1326 1649 1380 supra
1700 1325 1864 1379 quam
1905 1310 1984 1363 di-

2094 1312 2189 1365 καὶ
2222 1313 2523 1402 συμπχοίας
2555 1316 2764 1383 ἑνότητι
2807 1316 2899 1368 καὶ
2926 1315 3004 1384 τῷ
3043 1318 3443 1393 ἀπαραλλάκτῳ
3482 1344 3617 1397 χαρα-

418 1410 541 1463 vina
577 1418 682 1473 est,
706 1416 761 1463 et
790 1421 957 1476 supra
999 1420 1162 1475 quam
1197 1404 1529 1467 substantia,
1563 1402 1762 1457 mentis
1792 1401 1984 1455 intelli-

2094 1401 2415 1471 κτηρίζεται
2465 1403 2565 1472 τῆς
2610 1405 2910 1464 σννεύσεως
2934 1405 2983 1459 ιι.
3020 1408 3146 1471 Πῶς
3179 1410 3246 1462 ἂν
3293 1407 3385 1465 οὖν
3421 1414 3537 1478 ὅλως
3573 1419 3619 1470 vi

413 1500 594 1570 gentia
614 1498 875 1567 consequi
912 1497 1035 1551 licet
1066 1511 1079 1548 :
1116 1495 1383 1550 naturalis
1410 1495 1557 1549 enim
1592 1493 1713 1563 ejus
1744 1500 1799 1547 et
1828 1508 1984 1563 supra

2093 1494 2271 1547 κοινὸν
2319 1497 2419 1564 τῆς
2461 1500 2677 1563 φύσεως
2723 1498 2817 1550 καὶ
2864 1499 3289 1569 ἀπαράλλακτον
3338 1505 3529 1577 θέλημα
3561 1512 3619 1573 είς

413 1604 576 1657 quam
606 1588 790 1642 divina
823 1587 1097 1650 voluntas,
1136 1587 1343 1641 unitate
1371 1585 1619 1655 ejusdem
1650 1582 1897 1655 γνώμης,
1934 1584 1984 1637 id

2094 1583 2452 1638 ὕποστατικὸν
2472 1586 2747 1654 γνωμικὸν
2775 1587 3090 1660 συσταλεξη.

410 1688 515 1746 est,
556 1681 838 1735 sententia:
866 1689 921 1735 et
951 1679 1399 1749 conspirationis,
1432 1695 1495 1734 ac
1544 1688 1710 1734 nutus
1737 1679 2078 1734 invariabilis
2143 1681 2394 1748 signatur
2462 1681 2599 1749 (65).
2637 1681 2922 1747 Quomodo
2953 1685 3120 1753 igitur
3180 1688 3410 1743 omnin
3463 1693 3620 1747 volun-

418 1779 502 1825 tas
542 1769 855 1824 communis
914 1784 1041 1826 cum
1091 1778 1308 1832 natura,
1374 1777 1430 1823 et
1497 1769 1858 1833 invariahilis,
1898 1769 1955 1823 in
2001 1768 2398 1839 hypostaticam
2462 1775 2775 1840 gnomicam
2826 1775 3251 1832 contraheretur
3293 1784 3618 1838 etconclude-

413 1861 602 1920 retur?

488 1951 655 2021 Igitur
684 1951 905 2021 proprie
931 1949 1152 2021 quidem
1207 1966 1553 2022 nequaquam
1585 1951 1766 2007 divina
1796 1952 1984 2006 volun-

2172 1944 2393 2015 κυρίως
2433 1945 2532 2017 μὲν
2560 1946 2659 1999 οὐκ
2686 1946 2751 1999 ἂν
2778 1946 3026 2018 οὐδαμῶς
3057 1949 3252 2021 ῥηθείη
3290 1952 3427 2005 θεῖον
3456 1971 3619 2025 γνωμι-

414 2052 498 2098 tas
529 2044 779 2111 gnomiea
807 2044 859 2097 in
890 2041 1110 2097 Christo
1153 2041 1389 2108 dicetur,
1418 2043 1546 2112 quia
1582 2058 1682 2098 nec
1718 2043 1771 2096 in
1802 2042 1983 2107 Patre,

413 2150 512 2188 nec
541 2134 592 2187 in
627 2132 832 2202 Spiritu
858 2145 1046 2190 sancto
1071 2135 1290 2205 proprie
1322 2135 1593 2204 loquendo
1618 2134 1837 2188 audebit
1860 2134 1987 2203 quis

412 2231 616 2285 dicere.
650 2230 707 2284 Si
733 2232 858 2300 quis
884 2246 1013 2285 vero
1042 2231 1299 2285 abutatur
1322 2246 1475 2292 voce,
1499 2231 1707 2285 ducens
1738 2244 1859 2284 eam
1891 2243 1987 2298 per

414 2321 821 2375 translationem
852 2335 882 2373 a
918 2320 1166 2389 personis
1205 2320 1485 2384 humanis,
1524 2333 1869 2387 nequaquam
1899 2317 1986 2370 in-

413 2413 793 2481 telligentiam,
820 2427 942 2482 quae
979 2411 1150 2467 Deum
1179 2412 1355 2473 decet,
1396 2412 1721 2480 depravatis,
1754 2408 1988 2463 fortasse

417 2522 528 2560 non
556 2504 786 2575 privahit
814 2520 872 2560 se
894 2505 1053 2559 venia
1087 2505 1143 2560 in
1172 2504 1373 2568 verbis,
1406 2503 1671 2557 adhibens
1697 2502 1987 2557 verborum

414 2594 807 2659 correctiones,
855 2608 919 2647 ac
965 2608 1072 2648 non
1117 2593 1299 2663 potius
1348 2592 1615 2647 inducens
1669 2593 1844 2648 aliena
1884 2593 1987 2646 do-

412 2695 592 2755 gmata
628 2685 778 2754 (64);
814 2700 921 2738 non
948 2685 1054 2738 erit
1092 2685 1333 2739 alienum
1373 2684 1625 2755 deinceps
1658 2698 1861 2754 ponere
1898 2697 1985 2748 ea,

411 2778 612 2849 quibus
657 2777 824 2847 aliQui
874 2778 1149 2845 nituntur,
1192 2790 1251 2833 ut
1286 2787 1502 2850 putent,
1550 2792 1610 2833 se
1661 2776 1987 2832 confirmare

409 2871 741 2925 voluntatem
761 2872 1091 2924 contrariam
1116 2873 1322 2926 sanctis
1344 2871 1525 2927 verbis
1542 2869 1655 2940 (65)
1679 2887 1696 2935 ;
1715 2878 1767 2923 et
1789 2867 1980 2921 distino

411 2961 601 3027 etioni,
630 2977 695 3016 ac
739 2970 903 3016 recta:
932 2960 1305 3033 intelligentia:
1348 2979 1411 3019 ea
1436 2964 1553 3033 ipsa
1589 2962 1881 3029 subjicere,
1924 2968 1986 3014 ut

412 3055 852 3108 demonstremus
899 3052 1044 3107 hanc
1077 3053 1318 3123 ipsorum
1367 3052 1779 3110 excusationem
1831 3049 1985 3105 abla-

411 3153 521 3198 tatn
557 3158 701 3199 esse.

2092 2040 2187 2093 κον
2231 2038 2325 2091 ἐπὶ
2370 2038 2611 2107 Χριστοῦ
2654 2038 2888 2109 θέλημα,
2922 2041 3004 2093 ὅτι
3057 2042 3181 2111 μηδ’
3237 2044 3332 2096 ἐπὶ
3380 2044 3465 2098 τοῦ
3502 2048 3622 2114 ἁγίου

2092 2129 2413 2199 Πνεύματος
2441 2128 2773 2198 κυριολογῶν
2805 2148 2887 2193 τις
2916 2133 3089 2184 εἰπεῖν
3117 2133 3461 2206 θαρῤήσὲιεν.
3483 2140 3622 2211 Ὅπερ

2092 2223 2199 2294 γάρ
2250 2224 2367 2275 ἐστι
2417 2221 2615 2283 κοινὸν,
2657 2220 2775 2283 πῶς
2804 2222 2870 2273 ἂν
2906 2222 3271 2279 ὑποστατικὺν
3303 2230 3409 2297 εἴη,
3439 2231 3540 2283 οὐδὲ
3560 2250 3620 2294 τις,

2092 2311 2415 2382 καταχρῷτο
2435 2314 2499 2381 τῇ
2528 2313 2676 2382 φωνῇ
2708 2310 2847 2364 κατὰ
2880 2317 3196 2385 μεταφορὰν
3224 2318 3396 2387 αὐτὴν
3421 2321 3517 2373 ἀπὸ
3538 2322 3622 2375 τῶν

2091 2404 2448 2476 ἀνθρωπίνων
2474 2402 2768 2473 λαμϐάνων
2800 2404 3151 2471 ὑποστάσεως
3183 2407 3229 2474 1,
3267 2413 3516 2483 μηδαμῶς
3549 2416 3623 2485 τὴν

2093 2496 2372 2568 θεοπρεπῆ
2408 2495 2736 2567 διαφθείρων
2776 2496 3040 2561 διάνοιαν,
3074 2498 3208 2564 ἴσως
3239 2502 3307 2554 ἂν
3350 2505 3522 2557 ἑαυτὸν
3550 2507 3622 2573 τῆς

2092 2590 2150 2641 ὲν
2179 2588 2357 2655 λόγοις
2384 2588 2485 2640 οὐκ
2513 2588 2875 2658 ὑποστερήσει
2902 2592 3261 2662 συγγνώμης,
3291 2597 3534 2667 ῥημάτων
3554 2598 3622 2650 εὖ-

2093 2678 2259 2741 θύνας
2300 2677 2530 2746 ίώμενος
2551 2688 2611 2741 ω,
2661 2677 2776 2730 ἀλλ’
2809 2680 2867 2731 οὑ
2914 2680 3202 2751 δογμάτων
3252 2688 3625 2754 εἰσπράττεσθαι

2090 2767 2500 2837 ἀλλοτριότητα,
2529 2769 2729 2821 οἰκεῖον
2762 2768 2807 2822 δ’
2847 2770 2914 2823 ἂν
2956 2772 3064 2840 εἰη,
3106 2774 3201 2825 καὶ
3232 2772 3317 2838 οἷς
3358 2777 3459 2829 τῶν
3501 2777 3625 2848 ιερῶν

2093 2862 2354 2933 ῥημάτων
2401 2864 2811 2935 ἐπερειδόμεναι
2844 2867 2906 2919 τὸ
2938 2869 3182 2922 ἐναντίον
3214 2872 3486 2942 νομίζουσι
3523 2891 3625 2946 κρα.

2091 2954 2270 3008 τύνειν
2323 2954 2534 3026 θέλημα
2592 2958 2687 3009 καὶ
2744 2957 2915 3011 ταῦτα
2960 2962 3331 3031 παραθέσθαι,
3388 2967 3474 3018 καὶ
3522 2967 3624 3019 ὑπο-

2089 3044 2389 3109 ϐάλλοντας
2472 3047 2758 3119 εὐκρινείᾳ
2793 3087 2808 3113 ,
2883 3053 2977 3103 καὶ
3044 3053 3291 3119 διανοίας
3387 3058 3625 3127 ὀρθότητι,

2091 3139 2185 3189 καὶ
2246 3135 2450 3207 ταύτην
2508 3138 2686 3191 αὐτῶν
2738 3140 3102 3212 ἀφῃρημένην
3154 3144 3329 3208 δεῖξαι
3381 3146 3473 3217 τὴν
3522 3148 3624 3216 πρό-

2091 3245 2278 3297 φασιν.

483 3323 652 3378 Aiunt
682 3323 866 3394 igitur,
897 3324 1103 3379 dictum
1140 3340 1262 3382 esse
1295 3344 1307 3381 :
1348 3344 1366 3378 ι
1404 3325 1523 3382 Non
1547 3326 1669 3382 veni
1706 3335 1764 3380 ut
1787 3325 1978 3379 faciam

2151 3319 2319 3372 Φασὶν
2337 3318 2431 3373 οὖν
2448 3318 2719 3391 είρῆσθαι,
2742 3340 2760 3372 ο
2782 3322 2895 3376 Οὐκ
2918 3318 3082 3394 ἦλθον
3104 3324 3193 3379 ἵνα
3217 3327 3362 3380 ποιῶ
3379 3328 3435 3381 τὸ
3459 3329 3626 3399 θέλημα

411 3416 746 3469 voluntatem
776 3430 976 3480 meam,
1008 3416 1101 3472 sed
1144 3417 1264 3487 ejus
1294 3420 1384 3487 qui
1422 3418 1572 3473 misit
1604 3433 1691 3472 me
1723 3417 1921 3479 Patris,
1963 3434 1979 3464 ι

413 3504 874 3574 manifestumque
894 3521 1035 3572 esse,
1062 3507 1356 3576 significari
1386 3510 1474 3564 hic
1497 3509 1831 3563 voluntatem
1854 3521 1961 3576 gno
1977 3534 1993 3549 -

2088 3409 2149 3460 τὸ
2177 3408 2477 3478 ὲμδν,ἀλλὰ
2508 3409 2569 3463 τὸ
2592 3410 2803 3480 θέλημα
2832 3411 2927 3464 τοῦ
2956 3413 3278 3482 πέμψαντός
3306 3434 3372 3486 με
3403 3417 3621 3487 Πατρός.»

2092 3500 2201 3554 Kal.
2228 3500 2474 3571 δηλονότι
2497 3502 2559 3555 τὸ
2587 3503 2889 3570 γνωστικὸν
2924 3511 2950 3538 ⁸
2975 3504 3211 3559 ἐνταῦθα
3234 3510 3542 3577 σημαίνεται
3563 3508 3627 3560 θέ-

414 3600 634 3654 micam.
668 3598 848 3655 Facile
862 3608 1245 3656 estoccurrere
1266 3602 1392 3656 huic
1417 3601 1709 3671 objectioni
1735 3600 1815 3654 :si
1847 3599 1984 3654 enim

2090 3592 2255 3661 λημα’
2280 3591 2415 3662 πρὸς
2440 3591 2469 3644 ὃ
2501 3591 2629 3662 ῥᾷόν
2645 3593 2793 3645 ἐστιν
2822 3593 3155 3663 ἀπαντῆσαι,
3180 3596 3260 3659 ὡς
3285 3600 3334 3650 εί
3364 3617 3381 3649 ί
3412 3599 3478 3650 Τὸ
3503 3598 3627 3665 θέλη-

414 3707 539 3745 cum
576 3691 735 3755 dixit,
796 3712 813 3744 ι
851 3693 1187 3750 voluntatem
1228 3692 1431 3759 Patris,
1470 3713 1488 3745 ι
1542 3708 1648 3747 non
1693 3691 1984 3747 declaravit

2092 3702 2165 3754 μα
2197 3683 2290 3737 τοῦ
2330 3683 2567 3755 Πατρδς,
2600 3703 2618 3736 ι
2640 3684 2701 3737 οὐ
2745 3684 2807 3737 τὸ
2849 3684 3131 3756 γνωμικὸν
3178 3687 3447 3760 ἐδήλωσεν
3474 3686 3623 3740 εἰπών.

414 3782 765 3852 gnomicam;
800 3797 909 3838 non
944 3785 1087 3839 enim
1123 3784 1302 3839 tribus
1330 3784 1582 3854 personis
1602 3782 1802 3838 divinis
1831 3784 1982 3853 pium

410 3880 495 3925 est
544 3871 726 3927 dicere
764 3874 1071 3943 guomicam
1110 3874 1444 3929 voluntatem
1489 3888 1630 3941 esse,
1659 3874 1833 3944 liquet
1857 3888 1980 3927 cum

410 3961 571 4028 dixit,
619 3982 638 4015 ‹
687 3965 1024 4019 voluntatem
1077 3980 1275 4031 meam,
1316 3984 1337 4017 ι
1372 3982 1479 4021 non
1532 3963 1981 4036 gnomicam,sed

412 4053 714 4110 naturalem
744 4054 1054 4113 declarasse
1084 4074 1100 4124 ;
1151 4072 1322 4127 quare
1366 4074 1471 4111 non
1505 4057 1680 4113 solum
1719 4056 1865 4125 quod
1893 4056 1982 4109 hic

411 4142 467 4194 in
505 4142 783 4212 Scriptura
809 4143 1014 4200 dictum
1045 4157 1151 4213 est,
1176 4162 1282 4201 non
1312 4148 1619 4217 gnonticam
1646 4147 1981 4200 voluntatem

410 4233 626 4303 probat,
652 4235 747 4292 sed
774 4238 961 4305 potius
993 4237 1134 4293 hanc
1157 4239 1467 4308 opinionem
1500 4238 1695 4294 evertit
1732 4245 1787 4292 et
1819 4236 1980 4291 tollit.

2091 3778 2171 3848 (οὐ
2204 3777 2311 3847 γάρ
2340 3778 2488 3830 ἐστιν
2517 3776 2614 3830 ἐπὶ
2646 3776 2754 3830 τῶν
2782 3776 3087 3849 θεαρχικῶν
3115 3782 3289 3849 τριῶν
3322 3782 3627 3835 ὑποστάσεων

2089 3866 2302 3937 θέλημα
2315 3866 2591 3936 γνωμικὸν
2619 3866 2983 3920 εὐσεϐούντων
3006 3868 3420 3940 ἀποφήνασθαι)
3440 3888 3453 3901 ·
3472 3870 3623 3939 δηλον-

2086 3959 2171 4011 ότι
2198 3959 2291 4010 καὶ
2316 3977 2335 4008 ι
2363 3957 2422 4009 τὸ
2438 3957 2648 4029 θέλημα
2663 3958 2724 4010 τὸ
2744 3958 2875 4028 ἐμὸν
2893 3977 2912 4009 ι
2937 3959 3274 4029 προσειπὼν,
3295 3964 3359 4016 οὑ
3374 3962 3432 4015 τὸ
3461 3977 3626 4031 γνωμι-

2088 4051 2204 4115 κὸν,
2235 4050 2369 4103 ἀλλὰ
2411 4050 2473 4101 τὸ
2501 4050 2732 4117 φυσικὸν
2770 4051 3161 4119 συνεδήλωσεν,
3198 4052 3277 4118 ὥς
3308 4072 3368 4107 τε
3401 4056 3458 4107 οὐ
3502 4052 3630 4123 μόνον

2084 4143 2146 4195 τὸ
2198 4145 2360 4213 ρητον
2404 4142 2465 4195 τὸ
2498 4151 2526 4191 P
2562 4142 2840 4212 γνωμικὸν
2885 4142 3051 4196 ποθὲν
3096 4146 3384 4216 συνίστησι
3433 4146 3627 4214 θέλημα,

2085 4232 2201 4286 ἀλλ’
2225 4233 2572 4304 ἀναιρετικὸν
2617 4234 2733 4287 ἐστι
2780 4233 2979 4303 μᾶλλον
3020 4235 3119 4303 τῆς
3167 4240 3431 4307 τοιαύτης
3466 4235 3629 4302 limini.

1682 4366 1915 4423 VARUS
1946 4362 2346 4421 LECTIONES.

474 4458 500 4501 ⁸
534 4460 574 4515 Ι.
629 4462 987 4527 συννεύσεως.
1074 4468 1087 4500 ι
1146 4464 1515 4517 ὑποστάσεων.
1584 4463 1697 4517 '1.
1754 4462 2015 4532 οἰόμενος.
2098 4465 2181 4497 που
2215 4456 2318 4511 An.
2369 4455 2670 4525 γνωμικόν.
2764 4455 3064 4512 r'i‘nrrian.
3103 4459 3250 4531 legit.
3282 4462 3346 4515 οὐ
3375 4462 3455 4516 τό.

1911 4570 2144 4628 ΝΟΤᾸΞ.

488 4682 605 4754 (62)
637 4682 802 4754 Sine”
826 4682 976 4754 ullaﬂ
990 4684 1303 4737 variatione.
1350 4682 1854 4754 κἈπαραλλάκαι-ως.
1927 4680 1981 4737 Id
2017 4686 2060 4739 D
2090 4692 2142 4736 et
2176 4681 2571 4754 iniliversaseu
2606 4680 2945 4754 indistincta.

408 4750 539 4809 est:
575 4750 705 4805 Sine
736 4752 843 4803 ulla
877 4751 1178 4807 differentia
1210 4769 1305 4807 seu
1331 4750 1666 4807 diversitate.

484 4821 744 4888 Equidem
784 4836 907 4874 cum
941 4822 1193 4877 voluntas
1236 4823 1418 4877 divina
1445 4823 1647 4878 dicitur
1702 4837 1824 4878 esse
1873 4823 1985 4877 sine

411 4892 523 4944 ulla
548 4891 861 4951 variatione,
881 4891 999 4955 ejus
1027 4892 1297 4945 indicatur
1320 4893 1754 4956 immutabilitas,
1784 4892 1852 4947 de
1877 4908 1983 4960 qua

412 4968 520 5014 non
572 4962 770 5026 agitur.
804 4960 1029 5013 Photins
1082 4961 1417 5015 identitatem
1470 4972 1623 5016 notat
1680 4964 1978 5015 voluntatis

408 5033 575 5085 trium
608 5044 986 5100 personarum.
1063 5027 1499 5100 Utuntursa-pe
1556 5032 1728 5087 Graeci
1787 5033 1975 5087 Patres

408 5115 544 5153 voce
574 5098 1011 5169 ἀπαράλλακτον,
1038 5099 1181 5165 quod
1205 5098 1449 5169 plerique
1489 5102 1808 5169 interpretes
1852 5103 1975 5155 red-

410 5172 546 5224 dunt
575 5171 687 5222 sine
719 5168 1033 5231 variatione,
1065 5168 1406 5235 invariabilé;
1440 5171 1532 5223 sed
1563 5168 1643 5224 illi
1689 5172 1977 5226 debilitant

409 5249 733 5307 nurtantque
781 5239 1105 5307 svntcntiant
1142 5238 1402 5294 Patrum:
1471 5239 1561 5294 Sic
1619 5243 1763 5295 enim
1820 5242 1974 5296 reddi

407 5311 588 5370 debet,
631 5310 740 5360 sine
771 5306 1097 5375 differentia,
1129 5311 1242 5361 sine
1273 5310 1599 5374 diversitate,
1632 5321 1735 5365 etc.

479 5382 589 5449 ((55)
619 5379 865 5449 Aenum:
894 5377 1247 5442 invariabilis,
1266 5388 1369 5434 etc.
1394 5390 1441 5433 et
1472 5381 1798 5434 invariabilis
1821 5397 1839 5433 :
1870 5379 1981 5433 Kal.

404 5447 496 5518 τῷ
546 5447 949 5520 ἁπαραλλάκτῳ
995 5450 1465 5520 χαρακτηρίζεται
1519 5453 1618 5520 τῆς
1684 5450 1984 5512 συνεύσεως

407 5467 484 5518 τῳ
546 5465 900 5518 απαραλι.ακτ
934 5466 949 5497 ›
1002 5465 1465 5519 χαρακτηριςεται
1519 5469 1618 5520 της
1684 5467 1983 5512 συνευσεως

407 5520 539 5591 [lege
572 5465 1113 5591 auvvstia_aw;?.__llcb;
1148 5519 1214 5570 ἂν
1241 5518 1342 5591 οὖν
1379 5521 1515 5581 ὅλως
1562 5521 1621 5574 τὸ
1653 5522 1827 5591 κοινὸν
1882 5520 1983 5587 τῆς

407 5587 622 5659 φύσεως
661 5588 757 5640 καὶ
783 5587 1202 5659 ἀπαράλλακτον
1237 5588 1467 5659 θέλημα.
1500 5591 1551 5643 Id
1588 5600 1671 5645 est
1700 5609 1712 5644 :
1749 5590 1814 5645 Et
1852 5605 1982 5659 inu-

405 5668 494 5712 tus
532 5658 583 5711 in
604 5658 935 5719 diversitate,
957 5673 1051 5712 seu
1074 5668 1239 5712 nutus
1269 5658 1513 5727 ejuSdem
1538 5661 1805 5727 signatur.
1836 5658 1980 5724 Quo-

408 5727 574 5781 modo
608 5728 770 5796 igitur
804 5728 1028 5782 omnino
1088 5732 1395 5785 communis
1466 5732 1715 5785 voluntas
1768 5740 1975 5783 natura:

2157 4750 2269 4829 (δέ)
2300 4751 2878 4829 Adhibensverbornm
2907 4752 3289 4829 cenationes,
3334 4774 3402 4812 ac
3435 4777 3527 4813 non
3554 4777 3626 4829 po-

2084 4823 2188 4876 tius
2219 4821 2465 4890 indurens
2515 4821 2692 4873 aliena
2750 4823 3025 4890 dogmata.
3088 4821 3384 4890 Ῥημάτων
3440 4821 3628 4889 εὐθύνας

2084 4888 2481 4970 ίώμξνοςλιρςε
2503 4888 2781 4970 οἰόμενοςὶ
2806 4889 2923 4970 αλλ’
2973 4889 3054 4970 οὔῆ
3073 4888 3370 4970 δογμάτων
3414 4888 3625 4970 εἰσπράτζ

2079 4958 2266 5040 τεσθαι
2317 4958 2727 5040 ἀλλοτριότητα.
2754 4958 2817 5014 id
2854 4970 2935 5013 est
2967 4978 2979 5013 :
3022 4958 3469 5040 Suus'loquendi
3533 4958 3628 5023 in».

2081 5034 2181 5086 dos
2213 5030 2490 5106 emendari
2524 5030 2869 5106 existimans,
2891 5045 3010 5106 non
3047 5047 3178 5085 vero
3213 5030 3521 5106 dogmatunt
3566 5040 3631 5093 di-

2081 5100 2399 5156 versitatem
2431 5101 2676 5153 accusari
2705 5109 2796 5153 aut
2825 5099 3020 5153 refelli.

2154 5170 2270 5246 (65)
2306 5169 2430 5246 Non
2462 5171 2561 5221 crit
2590 5169 2817 5222 alienant
2853 5171 3318 5246 deinceps_ponere
3356 5193 3419 5229 ea
3470 5178 3623 5246 quibus

2084 5241 2247 5310 aliqui
2284 5240 2543 5303 nituntur,
2578 5250 2634 5310 ut
2681 5248 2862 5310 putent
2892 5256 2946 5310 se
2982 5241 3296 5308 confirmare
3351 5240 3627 5299 volantem:

2086 5309 2638 5383 contrariamgsanctis
2677 5309 2845 5383 verbis
2872 5322 2889 5359 :
2919 5309 3135 5383 ρίκείον
3164 5312 3313 5383 δ’μᾶν
3341 5318 3429 5383 εἴη
3459 5321 3540 5368 καὶ
3566 5312 3628 5375 ο”;

2088 5380 2195 5432 τῶν
2224 5380 2382 5449 ἱερῶν
2411 5380 2672 5449 ρημᾲτων
2714 5378 3127 5449 Δἐπερειδόμενοι
3188 5381 3249 5433 τὸ
3286 5378 3523 5439 ἐναντίον
3562 5402 3625 5435 νο-

2096 5446 2345 5518 μίζουσιν
2375 5446 2666 5518 κρατύνειν
2707 5446 2941 5516 θέλημα.
2978 5448 3032 5501 Id
3068 5457 3189 5503 est:
3221 5450 3338 5505 Non
3360 5455 3471 5508 'erit
3520 5454 3627 5506 ali--

2091 5536 2220 5572 num
2251 5534 2314 5573 ea
2346 5534 2375 5571 e
2403 5520 2573 5571 sacris
2611 5518 2790 5571 verbis
2820 5532 3116 5586 apponere,
3149 5522 3352 5588 quibus
3376 5525 3627 5577 innitentes

2088 5589 2163 5660 illi
2196 5588 2542 5660 contrariam
2562 5590 2898 5660 voluntatem
2934 5590 3261 5660 confirmare
3286 5608 3347 5645 se
3376 5610 3528 5660 posse
3552 5609 3623 5646 ar-

2083 5659 2379 5711 bitrantur.
2405 5687 2474 5727 i—
2504 5657 2634 5710 Erat
2653 5658 2972 5727 ambiguum
3013 5658 3145 5713 illud
3173 5657 3496 5716 contrariam
3518 5678 3621 5715 tan-

2081 5730 2179 5781 rtis
2218 5728 2380 5781 verbis
2406 5726 2681 5783 Turriani-
