3864 6208
232 216 320 281 521

1160 226 1256 285 AD
1290 207 1878 293 AMPIIILOCIIIUM
1911 233 2254 304 QUEESTIO
2289 224 2544 298 LXXX.‘

3349 237 3456 300 522

231 329 381 396 ψεως.
432 326 504 379 Τὸ
541 327 648 398 γὰρ
693 327 920 396 φυσικὸν
951 332 1219 400 ὁμοταγές
1251 335 1386 400 ἐστι,
1421 336 1514 387 καὶ
1544 337 1778 388 ἀνταπο-

1907 341 2139 396 laturale
2161 342 2306 397 enim
2329 353 2382 399 et
2409 345 2658 400 naturale
2701 347 2943 415 ejusdem
2972 345 3183 402 ordinis
3212 357 3363 412 sunt,
3394 357 3450 403 et

231 417 487 485 διδόμενον
509 417 582 486 τῷ
607 419 842 487 φυσικῷ,
866 419 1054 492 ὥσπερ
1079 423 1139 475 τὸ
1166 426 1442 496 γνωμικὸν
1469 427 1783 497 ὀμόστοιχον

234 506 312 557 καὶ
342 506 610 560 συνδιακεί
617 526 777 578 μενον
805 509 880 580 τῷ
903 513 1188 585 γνωμικῷ.

297 600 399 652 Καὶ
426 600 602 664 ἄλλως
631 602 685 654 δὲ
719 603 1045 676 οἰκειότερον
1093 605 1157 659 ἂν
1203 605 1236 675 ἦ
1279 607 1479 659 ἐκεῖνοι
1527 610 1705 676 φαῖεν,
1737 611 1785 664 εἰ

233 690 522 759 ἀρνητικῶς
547 693 837 765 ὲκληφθείη
860 695 969 749 τῶν
996 696 1274 766 ὀνομάτων
1305 699 1337 768 ἡ
1362 697 1618 769 δύναμις;
1650 694 1784 763 οἷον,

239 802 255 834 ι
287 781 393 834 Οὐκ
419 776 581 850 ἦλθον
629 784 715 838 ἵνα
766 785 906 838 ποιῶ
954 787 1014 841 τὸ
1052 788 1260 859 θέλημα
1279 789 1340 842 τὸ
1359 789 1511 860 ἐμὸν,
1538 808 1557 842 ›
1592 792 1652 845 οὐ
1680 794 1786 863 γάρ

233 877 365 928 ἐστιν
390 875 524 939 ὅλως
557 876 744 946 ἕτερον
777 877 989 947 θέλημα
1022 879 1171 950 παρὰ
1205 879 1299 932 τοῦ
1327 890 1356 931 σι
1404 884 1460 934 ὲν
1489 882 1665 953 Πατρὶ
1697 885 1790 937 καὶ

237 968 503 1036 Πνεῦματι
539 966 913 1038 θεωρούμενον
938 969 998 1022 τὸ
1032 969 1180 1038 ἐμόν.
1210 971 1272 1022 Ei
1311 971 1366 1024 δὲ
1409 972 1530 1042 μηδ’
1561 973 1788 1042 ἀρνητι-

235 1055 334 1118 κῶς
365 1073 446 1118 τις
479 1056 615 1109 ἀλλὰ
647 1058 1012 1129 συγκριτικῶς
1044 1058 1142 1130 τὴν
1172 1061 1352 1129 φωνὴν
1388 1057 1528 1115 εἶναι
1567 1063 1786 1134 νομίσῃ,

235 1147 356 1217 ὅπερ
387 1145 482 1200 καὶ
517 1147 718 1217 μᾶλλον
750 1147 810 1200 τὸ
847 1151 946 1218 τῆς
984 1148 1181 1212 λέξεως
1227 1149 1520 1202 ὐποὸάλλει
1569 1151 1790 1221 πρόχει-

235 1257 319 1310 ρον
341 1255 356 1270 θ
383 1238 601 1308 νοηθείη
658 1238 724 1291 ἂν
761 1239 987 1302 εἰκότως
1016 1240 1092 1303 ὡς
1136 1241 1236 1293 οὐκ
1269 1237 1430 1311 ἦλθον
1466 1243 1687 1312 ποιῆσαι
1730 1244 1791 1295 τὸ

237 1330 446 1397 φυσικὸν
494 1329 708 1400 θέλημα
759 1330 860 1400 τῆς
905 1331 1250 1402 ἀνθρωπίνης
1284 1332 1519 1402 φύσεως,
1557 1334 1694 1388 ἀλλά
1729 1334 1792 1387 τὸ

235 1423 418 1475 θεῐκόν·
446 1423 585 1492 ὅπερ
647 1424 765 1476 ἐστὶ
812 1423 909 1476 καὶ
935 1423 996 1476 οὐ
1023 1424 1318 1494 γνωμικὸν,
1349 1424 1465 1478 ἀλλ’
1498 1425 1698 1478 ἑνιαῖόν
1729 1442 1791 1479 τε

235 1515 317 1567 καὶ
342 1513 777 1586 ἀπαραλλάκτως
834 1517 893 1568 ὲν
939 1516 1057 1577 ταῖς
1106 1516 1256 1586 τρισὶ
1294 1515 1611 1587 θεαρχικαίς
1657 1517 1792 1571 61:0-

240 1607 442 1660 στάσεσι
501 1606 902 1676 θεωρούμενον,
951 1608 1000 1659 εί
1045 1607 1137 1660 καὶ
1181 1607 1275 1660 ἐπὶ
1318 1607 1418 1678 τῆς
1446 1609 1793 1680 ἀνθρωπίνης

236 1699 436 1766 φύσεως
494 1698 593 1750 καὶ
633 1697 741 1750 τῶν
773 1697 950 1752 ἄλλων
981 1698 1238 1753 ἁπάντων
1282 1698 1382 1751 ὅσα
1422 1699 1788 1773 δημιουργικῇ

239 1790 382 1862 σοφίᾳ
447 1789 790 1859 ὐπέστησεν,
851 1790 951 1843 οὐκ
1019 1789 1086 1844 ἂν
1143 1791 1394 1863 οὐδαμῶς
1462 1791 1790 1863 θεωρηθείη,

236 1883 333 1935 οὐδ’
371 1882 538 1951 ἐγγὺς
577 1882 867 1953 γενόμενον
913 1883 1014 1952 τῆς
1041 1881 1193 1947 θείας
1223 1883 1317 1936 καὶ
1352 1883 1619 1955 ὑπερθέου
1665 1883 1792 1938 ἰδιό-

239 1991 404 2041 τητος.

223 2057 229 2062 ’
300 2067 356 2119 Εἰ
383 2065 437 2118 δέ
463 2082 550 2128 τις
584 2063 968 2135 προστετηκὼς
997 2064 1083 2137 εἴη
1113 2064 1192 2135 τῷ
1212 2064 1304 2118 τοῦ
1335 2065 1614 2136 γνωμικοῦ
1641 2065 1796 2137 θελή-

241 2175 392 2229 ματος
439 2159 670 2228 ῥήματι,
730 2158 824 2212 καί
883 2159 1018 2230 πρὸς
1075 2159 1331 2230 οὐδεμίαν
1374 2159 1541 2230 ἀλλην
1584 2160 1796 2232 ἁφορᾷν

237 2250 382 2325 ἐθέλῃ
414 2249 521 2305 τῶν
557 2251 862 2321 εἰρημένων
901 2251 1204 2304 ὲπιλύσεων
1250 2252 1420 2323 ἐχέτω
1455 2255 1796 2325 παραμύθιον

237 2345 326 2412 τὴν
356 2340 642 2413 παροῦσαν
671 2342 970 2406 ἀνάπτυξιν
993 2360 1006 2374 ·
1035 2343 1252 2396 δύναιτο
1281 2344 1388 2415 γάρ
1434 2343 1500 2398 ἂν
1536 2343 1797 2416 νοηθῆναι

237 2432 292 2484 τὸ
339 2432 667 2504 δηλούμενον
705 2432 799 2486 νῦν
845 2434 952 2486 ὐπὸ
998 2435 1096 2505 τῆς
1141 2435 1466 2504 δεσποτικῆς
1512 2434 1698 2504 φωνῆς
1736 2434 1798 2488 τὸ

239 2525 498 2596 γνωμικὸν
548 2525 786 2597 Χριστοῦ
827 2526 1037 2598 θέλημα
1084 2527 1144 2580 οὐ
1173 2527 1265 2579 τοῦ
1298 2527 1439 2580 κατά
1467 2527 1560 2580 τὸν
1588 2527 1801 2597 ἄνθρω-

244 2635 332 2670 πον
355 2619 407 2671 δὲ
429 2619 750 2688 νοουμένου,
802 2619 940 2672 ἀλλὰ
979 2618 1071 2672 τοῦ
1119 2619 1260 2672 κατά
1294 2617 1529 2688 Χριστὸν
1563 2618 1800 2688 θεωρου·

247 2709 413 2779 μένου.
450 2712 514 2764 ’0
548 2711 616 2782 δὴ
651 2715 746 2764 καὶ
773 2712 873 2780 τῆς
903 2711 1155 2781 θεότητος
1194 2711 1314 2765 ὅλον
1366 2712 1587 2780 γεγονὸς
1633 2712 1714 2775 είς
1743 2709 1801 2764 τὸ

245 2801 374 2855 θεῖον
402 2804 493 2856 καὶ
514 2803 795 2872 ὐπεριβὲς
819 2802 920 2872 τῆς
948 2803 1200 2873 ἀπειρίας
1222 2802 1322 2874 τὴν
1357 2804 1565 2856 οἰκείαν
1595 2802 1801 2872 ἀναφέ-

248 2910 322 2962 ρει
353 2893 703 2964 περιγραφὴν
734 2892 1147 2964 τελειούμενονο
1190 2895 1282 2948 καὶ
1321 2894 1382 2948 οὐ
1429 2893 1601 2966 δήπου
1641 2895 1803 2949 πάλιν

249 2985 368 3051 ἡμῖν
425 2984 518 3037 δύο
573 2984 831 3055 γνωμικά
876 2983 1214 3055 προσακύψει
1244 2989 1267 3018 ³
1307 2985 1612 3057 θελήματα.
1643 2986 1805 3040 Ἀλλο
1830 3022 1876 3085 C

248 3075 345 3145 γὰρ
373 3077 464 3129 καὶ
495 3076 627 3131 άλλο
654 3077 828 3130 εἰπεῖν
854 3075 1073 3130 διπλοῦν
1107 3076 1316 3146 εἰσάγει
1339 3077 1400 3130 τὸ
1426 3077 1804 3148 προκείμενον.

255 3167 444 3230 Ἄλλως
463 3186 522 3220 τε
557 3168 617 3221 δὲ
647 3168 742 3221 καὶ
774 3166 950 3231 ἄλλως
979 3167 1039 3220 τὸ
1062 3169 1193 3221 αὐτὸ
1222 3169 1410 3239 φάναι,
1438 3169 1677 3238 σχέσεων
1710 3170 1808 3240 μὲν

252 3259 442 3327 εἰσάγει
473 3258 836 3330 παραλλαγὴν
858 3260 952 3313 καὶ
971 3260 1257 3314 ἀλλοίωσιν
1275 3278 1289 3292 ·
1313 3262 1487 3332 τομὴν
1515 3261 1570 3315 δὲ
1597 3261 1691 3314 καὶ
1716 3279 1809 3331 με·

255 3351 430 3420 ρισμὸν
454 3351 548 3405 τοῦ
581 3353 841 3422 ἀπαρχῆς
873 3353 1009 3417 ἑνὸς,
1041 3352 1310 3423 οὐδαμῶς.
1344 3355 1453 3406 Καὶ
1477 3353 1537 3407 τὸ
1570 3355 1666 3423 μὲν
1688 3353 1809 3407 οὐδὲ

253 3439 349 3493 τῶν
386 3441 596 3495 πολλῶν
641 3443 792 3496 εἴασε
838 3443 936 3513 τὴν
985 3443 1159 3514 θήραν
1211 3443 1525 3512 διαφυγεῖν·
1575 3443 1638 3496 τὸ
1673 3446 1692 3480 ί
1751 3444 1810 3496 δὲ

256 3535 437 3606 σχολῆς
493 3537 668 3608 χωρὶς
715 3538 810 3590 καὶ
855 3537 1269 3607 συγγυμνασίας
1322 3537 1420 3608 τῆς
1468 3537 1526 3590 ἐν
1562 3537 1686 3599 ,τοῖς
1725 3535 1812 3588 λό-

256 3644 381 3693 γοις,
411 3630 532 3683 οὐδὲ
569 3631 683 3693 τοῖς
713 3629 822 3684 τῶν
854 3629 1185 3700 θηραμάτων
1214 3627 1415 3698 ἴχνεσιν
1451 3626 1629 3698 ὀρθῶς
1663 3629 1812 3680 ἐστιν

257 3721 556 3791 ἐπιστῆσαι.

318 3810 422 3880 Τῆς
445 3810 618 3881 αὐτῆς
646 3809 689 3863 δ’
724 3810 790 3863 ἂν
827 3811 911 3880 είη
955 3808 1190 3873 διανοίας
1222 3809 1314 3861 καὶ
1361 3808 1440 3860 τό·
1472 3827 1491 3859 ι
1531 3807 1734 3877 Πάτερ,
1764 3807 1814 3860 εί

263 3899 472 3955 δυνατὸν
496 3943 512 3968 ,
550 3901 866 3973 παρελθέτω
909 3901 970 3955 τὸ
999 3903 1255 3971 ποτήριον
1291 3899 1446 3958 τοῦτο
1491 3899 1585 3952 ἀπ’
1637 3899 1770 3970 ἐμοῦ
1799 3915 1814 3930 ο

260 3988 387 4060 πλὴν
408 3989 503 4059 οὐχ
533 3989 614 4053 ὡς
658 3989 769 4058 ἐγὼ
797 3988 957 4052 θέλω,
987 3989 1100 4042 ἀλλ’
1140 3989 1216 4053 ὡς
1247 3988 1332 4042 σύ.
1371 4009 1387 4040 ι
1421 3989 1538 4058 Τῆς
1582 3989 1681 4059 μὲν
1710 3989 1818 4058 γὰρ

261 4079 594 4150 ἀνθρωπίνης
614 4077 684 4152 ἦν
723 4080 936 4150 φύσεως
968 4081 1028 4133 τὸ
1054 4081 1255 4150 δειλιᾷν
1292 4080 1383 4133 τὸν
1423 4079 1683 4134 θάνατον·
1719 4080 1820 4148 τῆς

261 4167 396 4234 θείας
427 4171 484 4225 δὲ
518 4173 585 4226 τὸ
625 4172 701 4243 μὴ
737 4174 894 4242 μόνον
942 4174 1108 4243 μηδὲν
1139 4174 1404 4242 παρόντος
1459 4173 1820 4243 ἐπιταράττε-

265 4259 393 4325 σθαι,
427 4263 562 4317 ἀλλὰ
590 4265 683 4318 καὶ
708 4264 957 4319 εὐδοκίαν
986 4265 1190 4318 τούτων
1217 4267 1490 4318 ποιεῖσθαι
1519 4266 1620 4336 τῆς
1647 4279 1822 4334 σωτη-

325 4371 366 4406 ⁹⁸
389 4373 575 4430 Matth.
608 4377 850 4435 xxvt.59.

1819 1673 1868 1734 B

1886 433 1990 488 sibi
2025 434 2432 504 respondentia,
2464 436 2607 490 sicut
2638 438 2946 506 gnomicum
2975 438 3360 508 etgnomicum
3397 441 3450 493 in

1885 525 2073 580 eadem
2107 527 2249 581 serie
2288 535 2435 582 sunt.

1958 615 2126 670 Aliter
2157 618 2320 670 etiam
2340 626 2402 696 et
2431 617 2872 684 convenientius,
2900 619 3161 688 quamilli
3188 621 3453 686 dicerent,

1885 707 1988 762 diei
2024 718 2223 778 potest,
2257 709 2302 764 si
2350 710 2652 778 accipiatur
2694 710 2776 764 vis
2827 711 3104 764 nominum
3177 725 3457 783 tteganter,

1886 814 1984 870 pro
2010 815 2096 863 eo,
2143 809 2202 853 ut
2229 799 2481 856 dicatur:
2519 819 2538 851 ι
2567 800 2686 854 Non
2717 801 2840 855 veni
2872 811 2930 855 ut
2978 802 3170 855 faciam
3202 804 3457 858 volunta-

1889 899 1995 945 tem
2028 907 2225 958 meam,
2271 911 2290 943 ι
2328 907 2433 946 non
2467 891 2610 946 enim
2665 892 2890 946 omnino
2919 893 3022 946 alia
3049 894 3299 949 voluntas
3337 909 3458 948 mea

1888 990 1972 1036 est
2003 990 2198 1051 praeter
2259 997 2380 1035 eam
2438 998 2559 1051 qtue
2619 983 2671 1036 in
2707 983 2865 1039 Patre
2888 991 2945 1037 et
2992 980 3203 1053 Spiritu
3266 994 3457 1038 sancto

1890 1082 2188 1142 spectatur.
2223 1072 2281 1127 Si
2309 1074 2433 1144 quis
2461 1091 2591 1130 vero
2623 1089 2729 1129 non
2775 1075 3043 1144 negative,
3085 1078 3179 1130 sed
3234 1091 3457 1144 compa—

1892 1165 2064 1220 rative
2093 1181 2280 1220 vocem
2309 1165 2511 1222 dictam
2551 1182 2674 1224 esse
2719 1168 3016 1230 existimet,
3059 1169 3110 1222 id
3141 1169 3288 1238 quod
3324 1169 3459 1224 faci-

1889 1257 1998 1310 lius
2030 1265 2084 1311 et
2117 1259 2288 1325 magis
2318 1268 2628 1328 promptum
2657 1269 2740 1314 est
2764 1260 2819 1313 in
2846 1261 2961 1330 ipsa
2996 1275 3124 1316 voce
3163 1261 3229 1314 ad
3262 1261 3465 1315 intelli~

1889 1347 2147 1418 gendum,
2178 1350 2376 1418 poterit
2401 1349 2480 1405 sic
2508 1359 2874 1406 consentanee
2900 1351 3160 1422 intelligi:
3191 1351 3310 1406 Non
3339 1353 3462 1404 veni

1892 1447 1953 1494 ut
1974 1437 2170 1495 faciam
2217 1441 2551 1496 voluntatem
2599 1440 2900 1495 naturalem
2934 1442 3185 1496 humana:
3221 1453 3456 1504 naturae,

1893 1531 1987 1584 sed
2027 1529 2358 1584 voluntatem
2410 1529 2674 1596 divinam,
2705 1545 2825 1600 quae
2856 1540 2942 1586 est
2987 1532 3201 1597 eadem,
3259 1542 3314 1586 et
3352 1547 3462 1586 non

1894 1619 2168 1690 gnomica,
2201 1618 2296 1674 sed
2327 1619 2643 1690 singularis,
2673 1636 2734 1675 ac
2755 1621 2874 1677 sine
2905 1621 3012 1676 ulla
3052 1623 3356 1678 variatione
3405 1623 3463 1676 in

1899 1713 2074 1768 tribus
2116 1713 2366 1782 personis
2405 1713 2604 1768 divinis
2644 1711 2755 1783 (66)
2781 1729 2798 1780 ;
2829 1712 2935 1768 etsi
2985 1712 3040 1767 in
3076 1713 3316 1768 humana
3367 1728 3466 1767 na-

1900 1812 2023 1859 tura
2059 1812 2114 1858 et
2166 1803 2221 1858 in
2279 1803 2403 1858 aliis
2434 1803 2689 1858 omnibus
2711 1845 2726 1864 .
2780 1819 3121 1874 quascunque
3157 1803 3341 1857 divina
3376 1818 3465 1858 sa-

1899 1895 2102 1966 pientia
2133 1894 2358 1959 creavit,
2417 1883 2771 1965 nequaquam
2801 1896 2903 1950 hoc
2928 1903 3208 1965 spectatur
3237 1892 3464 1959 factum,

1900 1996 2078 2052 neque
2104 1983 2251 2053 quod
2275 1983 2347 2038 sit
2365 1998 2531 2052 prope
2545 1982 2784 2036 divinam
2819 1981 3307 2050 sempiternitatem
3329 1979 3464 2050 (67).

1972 2073 2031 2130 Si
2096 2077 2219 2145 quis
2251 2089 2382 2130 vero
2424 2075 2497 2130 sit
2556 2073 2749 2129 afﬁxus
2799 2074 2928 2127 huic
2999 2072 3166 2127 verbo
3205 2089 3224 2122 ι
3272 2072 3467 2125 volun-

1901 2167 2030 2222 tatis
2109 2167 2417 2238 gnomicaa.
2469 2184 2489 2218 ι
2555 2177 2611 2221 et
2683 2166 2748 2220 ad
2833 2165 3041 2218 nul’am
3115 2163 3278 2216 aliam
3372 2177 3467 2216 so-

1901 2259 2162 2314 lutionem
2209 2274 2274 2313 ex
2325 2259 2414 2321 iis,
2457 2273 2594 2328 quas
2645 2259 2948 2321 attulimus,
2999 2255 3271 2324 respicere
3323 2255 3461 2317 vult,

1901 2359 2110 2406 recreet
2151 2365 2211 2406 se
2257 2350 2360 2404 hac
2392 2350 2780 2418 explicatione,
2823 2356 3009 2415 posset
3033 2347 3180 2399 enim
3220 2344 3470 2413 intelligi,

1903 2439 2235 2494 declaratam
2303 2453 2452 2492 nunc
2505 2453 2628 2494 esse
2683 2452 2818 2492 voce
2871 2436 3088 2490 Domini
3135 2435 3472 2488 voluntatem

1905 2528 2108 2584 Christi
2134 2529 2462 2598 gnomicam,
2495 2543 2600 2582 non
2623 2526 2920 2598 Spectando
2941 2524 3084 2596 quod
3103 2524 3171 2578 ad
3198 2523 3473 2577 hominem

1905 2617 2083 2672 solum
2135 2615 2388 2685 pertinet,
2421 2615 2514 2670 sed
2544 2615 2689 2683 quod
2731 2613 2798 2666 ad
2827 2611 3127 2676 Christum,
3173 2609 3318 2680 quod
3347 2606 3473 2678 quia

1907 2706 2028 2761 dem
2073 2719 2198 2760 eum
2249 2712 2421 2757 totum
2469 2708 2616 2757 esset
2656 2699 2980 2762 divinitatis,
3029 2711 3190 2752 suam
3241 2694 3475 2750 circum-

1907 2796 2257 2866 scriptionem
2300 2795 2366 2848 ad
2395 2793 2720 2848 infinitatem
2766 2792 3009 2845 divinam
3053 2787 3254 2853 refert;
3301 2801 3476 2854 neque

1910 2904 2102 2943 rursus
2150 2886 2308 2941 nobis
2342 2885 2659 2939 exorientur
2688 2883 2810 2938 dua:
2850 2882 3155 2934 voluntates
3187 2877 3474 2949 gnomicm,

1909 2979 2036 3049 quia
2068 2978 2213 3031 aliud
2242 2987 2292 3030 et
2322 2974 2470 3030 aliud
2501 2973 2702 3039 dicere,
2732 2971 2896 3026 infert
2925 2968 3120 3038 duplex
3157 2980 3299 3030 esse,
3329 2966 3476 3034 quod

1908 3078 2189 3135 movetur;
2227 3069 2380 3122 aliter
2437 3081 2566 3121 vero
2617 3073 2671 3119 et
2717 3064 2892 3129 aliter,
2923 3062 3087 3116 infert
3114 3057 3474 3114 variationem

1908 3170 1962 3216 et
1995 3159 2368 3215 diversitatem
2428 3155 2840 3217 habitudinum,
2880 3165 3241 3232 nequaquam
3294 3159 3475 3204 tamen

1908 3251 2230 3308 divisionem
2261 3258 2316 3303 et
2349 3247 2750 3318 separationen:
2775 3246 2916 3313 ejus,
2945 3243 3089 3313 quod
3113 3250 3197 3297 est
3221 3256 3286 3294 ex
3314 3247 3473 3294 aeter-

1908 3346 2078 3399 nitate
2115 3344 2250 3412 (68),
2280 3354 2334 3397 et
2364 3342 2466 3397 hoc
2485 3340 2705 3411 quidem
2742 3339 2904 3392 etiam
2943 3336 3030 3402 iis,
3099 3334 3192 3404 qui
3225 3333 3292 3388 de
3317 3333 3481 3400 vulgo

1909 3447 2060 3501 sunt,
2086 3439 2328 3500 obvium,
2356 3444 2410 3491 et
2436 3435 2762 3503 investigata
2812 3432 2973 3487 facile
3012 3438 3114 3484 est.
3147 3431 3213 3482 At
3247 3426 3480 3480 alterum

1910 3544 2020 3581 non
2072 3528 2278 3596 alisque
2309 3525 2514 3592 studio,
2561 3523 2862 3594 diligentia,
2908 3529 2962 3576 et
3005 3517 3394 3575 exercitatione
3427 3515 3480 3567 in

1911 3619 2374 3688 disputationibus
2404 3619 2776 3688 cognoscitur,
2814 3616 2934 3670 sine
2978 3629 3086 3683 qua
3127 3626 3194 3666 ne
3238 3610 3483 3679 vestigiis

1913 3713 2130 3781 quidem
2159 3712 2299 3780 ejus,
2323 3725 2487 3779 quam
2510 3710 2749 3774 venaris,
2778 3706 3050 3767 veritatis,
3077 3705 3317 3757 insistes.

1987 3803 2245 3870 Ejusdem
2292 3802 2579 3856 sententiae
2621 3808 2706 3856 est
2753 3800 2888 3854 illud
2916 3817 2930 3852 :
2963 3816 2982 3849 ι
3010 3797 3196 3861 Pater,
3229 3797 3272 3849 si
3304 3793 3484 3864 possi-

1915 3894 2042 3958 bile,
2071 3903 2154 3949 est
2182 3903 2422 3948 transeat
2446 3909 2474 3946 a
2508 3909 2594 3946 me
2629 3893 2770 3946 calix
2801 3893 2932 3957 iste;
2963 3898 3334 3943 verumtamen
3378 3899 3487 3937 non

1917 3987 2062 4042 sicut
2105 4000 2206 4054 ego
2259 3985 2404 4049 volo,
2464 3984 2556 4039 sed
2606 3985 2753 4038 sicut
2811 3991 2865 4037 tu
2891 3981 2959 4034 ⁸⁵.
2996 3999 3014 4031 ι
3079 3977 3292 4032 Naturae
3342 3977 3486 4028 enim

1919 4078 2170 4132 humana:
2194 4085 2330 4141 erat,
2367 4077 2662 4131 formidare
2696 4083 2950 4135 mortem,
2981 4071 3180 4125 divinae.
3210 4083 3340 4122 vero
3378 4081 3486 4120 non

1920 4170 2121 4232 solum,
2156 4185 2331 4238 neque
2368 4184 2491 4224 cum
2542 4183 2693 4222 mors
2728 4167 2966 4227 adesset,
2997 4159 3311 4217 conturbari
3341 4177 3355 4226 ;
3393 4158 3489 4212 sed

1919 4265 2083 4319 etiam
2131 4271 2410 4317 auctorem
2461 4261 2581 4332 ejus
2625 4275 2746 4316 esse
2788 4258 2923 4329 (69),
2976 4255 3247 4312 desiderio
3297 4251 3490 4308 salutis

1516 4465 1752 4522 VARIIE
1795 4467 2203 4524 LECTIONES.

318 4591 347 4632 ς
381 4585 414 4636 l.
472 4586 626 4654 παρά
661 4587 720 4639 τὸ
767 4587 882 4640 τοῦ.
946 4594 968 4623 ³
1004 4585 1426 4659 προσανάκυψει,
1455 4597 1512 4638 ut
1573 4585 1730 4638 habet
1760 4585 1923 4639 codex
1945 4587 2182 4643 Colbert.
2243 4588 2258 4623 ι
2292 4586 2394 4657 leg.
2418 4585 2515 4656 τῷ.

1768 4703 1999 4760 NOTAE.

1768 4705 1999 4760 NOTAE.

471 4793 739 4887 Sine‘ulla
756 4796 1064 4887 επινίιιιὶρηιιε
1082 4797 1136 4849 in
1173 4794 1353 4887 tribua-
1372 4795 1627 4887 personis.
1656 4794 1821 4887 ’.Ἐπαί-
1847 4800 1899 4858 Ι)
1925 4795 2662 4887 είσόιγειὶπαρααλλαγηνκιιλν
2682 4792 3238 4887 facientium-ir)th
3283 4788 3361 4887 ff.

275 4865 572 4934 ραλλάκτως
601 4867 658 4918 ὲν
686 4869 804 4926 ταῖς
837 4867 1014 4934 τρισὶν
1045 4866 1395 4918 ὑποστάσεσι.
1421 4863 1474 4916 Id
1504 4877 1588 4917 est
1621 4883 1634 4918 :
1693 4864 1824 4919 Sine

275 4935 366 5004 ulla
393 4935 690 4997 differentia
724 4950 820 4990 seu
850 4935 1166 4990 diversitate
1201 4937 1256 4990 in
1305 4935 1479 4988 tribus
1547 4936 1820 5004 personis.

278 5002 540 5074 Videinot.
573 5020 696 5074 pag.
722 5005 957 5073 pra‘ccd.

339 5073 441 5140 (67)
471 5072 668 5144 Neque“
689 5072 824 5142 quod
859 5077 929 5127 sit
984 5089 1142 5143 prope
1171 5075 1402 5128 divinam
1429 5074 1822 5143 sempiternita-

278 5149 386 5213 tem.
418 5143 744 5210 Οὐδὲὲγγύς
783 5145 1072 5211 γενόμενον
1103 5148 1203 5212 τῆς
1237 5145 1386 5206 θείας
1418 5146 1512 5198 καὶ
1558 5145 1822 5213 ὑπερθέου

281 5211 542 5283 ἰδιότητος.
575 5214 629 5267 Id
663 5224 747 5267 est
776 5231 789 5267 :
823 5214 1005 5282 Neque
1032 5211 1175 5283 quod
1213 5215 1283 5267 sit
1306 5229 1471 5283 prone
1505 5211 1740 5283 divinant
1761 5231 1825 5268 ac

280 5281 550 5349 plusquam
579 5284 816 5338 divinam
855 5281 1264 5352 preprietatem.
1287 5281 1356 5323 -ἑ-
1395 5283 1630 5351 Legehat
1685 5282 1823 5336 Tur-

283 5352 455 5423 rianus
487 5353 806 5422 ἀῖδιότητος,
830 5358 924 5408 sed
963 5354 1050 5407 hic
1081 5371 1185 5406 non
1216 5355 1395 5423 agitur
1421 5355 1487 5406 de
1515 5353 1824 5406 aeternitate

187 5421 197 5431 '
286 5417 390 5481 Dei,
420 5424 510 5475 sed
538 5425 603 5477 de
643 5417 849 5476 unitate
878 5424 1173 5476 voluntatis
1224 5417 1277 5476 ἰιῖ
1318 5423 1493 5476 tribus
1552 5423 1820 5490 personis.

347 5489 451 5559 (68)
483 5491 636 5546 Aliud
661 5501 709 5545 et
739 5493 886 5546 aliud
911 5493 1104 5554 dicere,
1159 5502 1265 5548 etc.
1293 5489 1604 5547 wterrtitate.
1664 5492 1826 5545 ’Λλλο

285 5558 372 5630 ζα).
390 5558 512 5613 ἄλλο
541 5565 715 5615 εἰπεῖν
767 5562 988 5614 διπλοῦν
1042 5565 1252 5630 εἰσάγει
1303 5565 1364 5614 τὸ
1417 5560 1777 5630 προκείμενον
1807 5580 1821 5593 ο

289 5625 443 5691 ἄλλως
475 5648 527 5683 τε
557 5631 610 5684 δὲ
641 5632 732 5684 καὶ
751 5633 922 5696 ἄλλως
953 5632 1012 5684 τὸ
1037 5625 1189 5686 αὐτὸ
1211 5633 1396 5702 φάναι,
1438 5625 1677 5701 σχέσεων
1727 5633 1825 5700 μὲν

1933 4861 2201 4938 μερισμὸν
2225 4861 2319 4938 τδῦ
2351 4861 2453 4938 diu"
2473 4861 2648 4938 ἀρχῆς
2677 4865 2817 4938 ἑνὸς,
2845 4861 3114 4938 οὐδαμῶς.
3171 4861 3256 4938 Ιιί-
3281 4868 3400 4913 est:
3431 4861 3489 4914 Si

1923 4930 2047 5006 quis
2071 4930 2216 4990 dicat
2245 4937 2386 4990 aliud
2419 4945 2472 4990 et
2498 4930 2666 5000 aliud,
2684 4937 2882 5006 duplex
2909 4930 3116 5006 inducit
3137 4930 3484 5006 subjectum;

1922 5000 1977 5061 at
1998 5010 2040 5062 si
2073 5022 2184 5059 rem
2211 5006 2452 5060 eamdem
2505 5006 2662 5060 aliter
2688 5000 2928 5060 etaliter
2993 5003 3156 5068 dir-at,
3212 5000 3491 5054 habitudi~

1926 5092 2058 5130 num
2108 5077 2327 5144 quidem
2361 5076 2716 5129 differentiam
2749 5083 2802 5128 et
2833 5073 3212 5144 alterationem
3265 5070 3493 5144 inducit,

1924 5163 2030 5200 non
2056 5131 2182 5200 vero
2209 5146 2508 5201 sectionem
2547 5159 2600 5200 et
2626 5145 2954 5201 divisionem
3024 5143 3170 5197 illius
3225 5141 3369 5210 quod
3427 5131 3531 5210 ab]

1921 5217 2080 5271 initio
2119 5231 2282 5269 llllllﬂl
2315 5226 2450 5271 erat.

1994 5285 2145 5350 Quod
2177 5295 2410 5340 movetur
2440 5284 2694 5338 Turriani
2728 5284 2937 5340 nullum
2967 5281 3225 5337 atferebat
3250 5292 3492 5341 sensum,

1922 5356 2363 5431 necreililiderat
2391 5355 2484 5408 τοῦ
2512 5355 2652 5417 ἑνός.
2793 5425 2804 5431 _
3077 5418 3186 5431 un
3210 5418 3222 5431 ι
3339 5417 3351 5431 ι
3442 5414 3455 5431 ν

1993 5427 2103 5495 (69)
2133 5423 2235 5495 Sed
2272 5425 2435 5495 etiam,
2463 5435 2727 5478 auctorem
2753 5425 2866 5493 ejus
2894 5439 3031 5495 esse.
3077 5418 3236 5495 Ἀλλὰ
3268 5417 3360 5495 καὶ
3382 5417 3490 5495 Λεύ-

1926 5484 2110 5565 δοκίαν
2137 5494 2340 5565 τούτων
2394 5493 2531 5565 [lego
2569 5484 2892 5565 emito-{vel
2942 5489 3156 5565 τοῦτον]
3198 5484 3488 5565 ποιεῖσθαι.

1923 5564 1976 5619 id
2005 5575 2086 5620 est
2131 5583 2142 5619 :
2176 5563 2279 5621 Sed
2319 5557 2489 5619 etiam
2517 5566 2650 5620 inea
2685 5562 2902 5634 (morte)
2955 5560 3058 5616 sibi
3129 5557 3484 5623 complevere.

3516 5231 3527 5257 ἱ
