3798 6210
141 312 244 377 537

1105 315 1205 374 AD
1243 307 1837 373 AMPIIILOCHIUM
1869 302 2213 377 QUAESTIO
2246 300 2477 362 LXXX.

3317 298 3425 366 538

137 423 443 495 ὑποδληθῆ
505 424 700 497 ἐρεύνῃ
751 422 937 487 ἁπλῶς
976 442 1034 477 τε
1062 424 1299 491 λέγεται,
1352 426 1446 476 καὶ
1470 423 1532 475 τὸ
1564 422 1719 491 ὄνομα

1900 414 2081 470 ιεεὶοηί
2114 430 2208 469 seu
2256 411 2466 466 notioni
2520 406 2908 478 subjiciantur,
2962 410 3287 482 simpliciter
3324 415 3413 468 di-

134 518 276 568 πᾶσι
342 514 520 585 δῆλον
579 516 894 585 παρέχεται.
970 515 1443 585 Ἀναςττισσὸμενα
1522 513 1579 565 δὲ
1638 512 1735 565 καὶ

132 607 629 679 λεπτολογούμενα
690 608 1007 680 συμπλοκὴν
1036 626 1160 663 τινα
1201 597 1587 679 προϐάλλεται.
1623 606 1735 660 Καὶ

134 703 335 770 κλῆσιν
377 700 637 772 ἐπιζητεῖ
689 701 1020 772 κατάλληλον
1071 700 1165 754 τοῦ
1192 702 1485 771 νοήματος.
1527 698 1734 752 Αὐτίκα

132 792 196 844 τὸ
217 792 470 859 φυσικὸν
527 791 867 861 ἀνθρώπινον
928 793 1023 845 καὶ
1052 790 1485 862 ὁμολογούμενον
1520 789 1732 860 θέλημα

135 883 807 952 πολυπραγμονούμενον,
847 883 1109 954 διαφοράς
1151 885 1217 937 ἂν
1244 883 1437 953 ὀφθείη
1472 882 1731 953 προϊσχὸ-

138 990 324 1043 μενον.
368 974 443 1026 Δῖ
503 976 595 1028 καὶ
644 976 743 1045 τὴν
787 976 1081 1046 ἑτερότητα
1145 975 1471 1037 συνιστῶσι,
1522 976 1615 1028 καὶ
1670 975 1731 1027 τὸ

135 1063 318 1115 κοινὸν
344 1058 500 1126 εἶδος
523 1066 602 1127 εἰς
634 1065 828 1134 ἐτέρας
855 1066 1181 1133 καινότητας
1204 1078 1231 1105 ι
1248 1066 1309 1118 οὐ
1330 1065 1729 1134 διατέμνουσιν,

132 1149 245 1207 οἷον
282 1154 439 1208 θέλει
475 1172 560 1219 τις
594 1160 788 1224 φαγεῖν
822 1158 916 1211 καὶ
955 1161 1096 1210 πιεῖν
1118 1173 1131 1186 ·
1157 1157 1273 1209 ἀλλ’
1299 1158 1327 1209 ὁ
1360 1156 1458 1224 μὲν
1508 1156 1730 1226 μᾶλλον,

134 1249 161 1299 ὁ
185 1248 242 1300 δὲ
273 1242 452 1319 ἦττον
484 1247 582 1319 τὴν
636 1250 893 1317 τοιαύτην
946 1249 1133 1317 ἐερεσιν
1183 1249 1271 1303 διὰ
1301 1250 1417 1318 βίου
1446 1250 1727 1318 κέκτηται.

135 1340 247 1391 Καὶ
295 1339 361 1390 τὸ
397 1339 608 1408 μᾶλλον
642 1341 736 1393 καὶ
774 1341 835 1393 τὸ
861 1334 1021 1408 ἦττον
1052 1340 1113 1393 τὸ
1168 1342 1398 1409 φυσικὸν
1431 1341 1492 1394 οὐ
1521 1340 1730 1413 μερίζει

137 1430 232 1483 καὶ
268 1430 564 1484 συστέλλει
602 1430 739 1503 πρὸς
769 1432 1116 1501 ετδικὼτερον
1143 1432 1378 1502 θέλημα.
1415 1432 1562 1485 Διότι
1594 1432 1730 1503 μηδὲ

137 1522 352 1588 πέφυκε
383 1523 450 1575 τὸ
483 1524 683 1592 μᾶλλον
742 1524 837 1577 καὶ
861 1518 1023 1594 ἦττον
1045 1524 1217 1586 εἴδους
1243 1524 1388 1588 τινὸς
1421 1524 1455 1595 ἢ
1483 1524 1729 1594 κοινότη-

135 1630 225 1677 τος
259 1614 559 1684 σύμφυτον
590 1616 891 1688 ἐξαλλαγὴν
919 1616 1348 1688 ἀπεργάζεσθαι.

214 1815 375 1883 Ἑρεῖ
416 1811 519 1869 οὖν
569 1833 655 1879 τις
700 1815 833 1888 ὀρθῇ
889 1817 1364 1888 διακοπτόμενοςῐ
1406 1817 1609 1887 κρίσει,
1651 1816 1726 1880 ὡς

135 1905 295 1959 τοῦτο
317 1907 387 1978 δὴ
423 1908 490 1961 τὸ
522 1909 750 1977 φυσικὸν
809 1909 1039 1979 θέλημα,
1094 1909 1230 1963 καθὸ
1263 1910 1362 1980 μὲν
1394 1911 1483 1963 ἐπὶ
1515 1910 1725 1972 πάντας

137 1996 473 2068 ἀνθρώπους
541 1999 817 2069 ὀμοτίμως
865 2001 1149 2065 διαϐαίνει,
1210 2005 1290 2066 εἰς
1346 2000 1727 2071 ὑποδεδηκότα

139 2088 221 2159 εἴη
243 2099 265 2125 ι
292 2091 357 2143 οὑ
382 2092 670 2159 τέμνεται·
706 2091 840 2146 καθὸ
872 2092 928 2145 δὲ
959 2094 1059 2157 τὰς
1115 2094 1223 2147 ἀπὸ
1270 2094 1365 2146 τοῦ
1401 2094 1601 2163 μᾶλλον
1631 2094 1726 2146 καὶ

137 2175 299 2251 ἦττον
331 2183 653 2253 ἐπιδέχεται
702 2186 1072 2256 παραλλαγὰς,
1104 2186 1393 2255 ἀναλογίαν
1413 2187 1535 2239 τινὰ
1565 2184 1726 2250 σώζει

143 2273 277 2343 πρὸς
306 2273 378 2326 τὰ
403 2275 763 2347 διαιρούμενα
821 2279 915 2331 καὶ
966 2279 1067 2349 τὴν
1130 2279 1393 2347 διαίρεσιν
1446 2278 1522 2340 είς
1549 2277 1726 2340 εἴδους

140 2360 417 2431 προϐολὴν
469 2363 572 2415 οὐκ
623 2365 950 2435 ἐπιδέχεται.
1017 2366 1182 2419 Οὐδὲν
1244 2364 1335 2419 οὖν
1362 2366 1600 2419 ἐκώλυσε
1630 2365 1725 2419 καὶ

141 2451 200 2502 το
226 2453 462 2519 φυσικὸν
509 2453 698 2519 ἁπλῶς
733 2456 1010 2525 ὁμολογεῖν
1042 2456 1330 2527 ἀνθρώπου
1361 2458 1595 2528 θέλημα,
1623 2460 1717 2512 καὶ

141 2542 295 2595 τοῦτο
362 2543 991 2617 πολυπραγμονούμενον
1062 2550 1154 2603 καὶ
1201 2549 1485 2618 διαφοραῖς
1535 2548 1724 2621 ὥσπερ

144 2633 272 2686 αὐτὸ
318 2636 770 2709 διαστελλόμενον
826 2640 1193 2711 ’ποικιλωτέρᾳ⁹
1240 2641 1450 2711 διανοίᾳ
1476 2643 1571 2693 καὶ
1599 2657 1722 2693 ποι-

143 2723 462 2797 κιλωτέροις
521 2728 779 2799 ὀνόμασιν
828 2731 1246 2785 ὐποϐάλλεσθαι·
1286 2733 1348 2783 τὸ
1377 2732 1508 2783 αὐτὸ
1538 2732 1594 2783 δὲ
1627 2731 1722 2785 καὶ

143 2812 225 2865 ἐπ’
250 2814 430 2869 ἄλλων
489 2818 697 2888 μυρίων
743 2819 1146 2891 προϐλημάτων
1202 2821 1429 2891 εὑρήσει
1462 2838 1547 2884 τις
1582 2819 1721 2873 θεω-

148 2906 236 2973 ρού
245 2924 432 2976 μενον.

222 2998 384 3052 Ἀλλὰ
413 2999 493 3053 τὰ
511 3002 848 3074 πορρωτέρω
908 3005 1073 3073 λέγω,
1142 3007 1260 3058 ὲνδν
1317 3006 1598 3077 ἐγγυτέρω
1624 3006 1716 3059 τὸν

1836 514 2076 569 cuntur;
2107 512 2161 558 et
2189 519 2385 559 nomen
2420 502 2677 557 omnibus
2738 500 3089 556 manifestum
3133 505 3419 562 tribuitur.

1834 593 2112 663 Explicata
2140 608 2267 667 vero
2296 601 2349 647 et
2371 592 2640 647 subtiliter
2657 607 2910 652 excussa,
2943 595 3417 663 complicationem

1841 685 2131 754 quamdam
2153 700 2262 754 prae
2284 701 2341 738 se
2357 683 2562 750 ferunt,
2594 691 2648 738 et
2683 683 2968 751 requirunt
2997 686 3419 754 appellationem
3466 670 3489 682 hi

1834 778 2045 831 notioni
2089 778 2540 843 convenientem;
2592 786 2646 832 et
2691 788 2751 833 ut
2798 780 2978 832 statim
3027 779 3092 832 de
3140 781 3427 835 voluntate

1834 870 2104 932 dicamus,
2134 869 2405 923 naturalis
2435 870 2690 924 voluntas
2713 871 2975 936 hominis,
3020 886 3185 939 quam
3223 886 3418 925 omnes

1833 963 2162 1027 concedunt,
2185 962 2228 1017 si
2254 972 2503 1016 accurate
2524 962 2855 1031 inquiratur,
2892 964 3195 1032 reperietur
3216 964 3419 1018 habere

1834 1055 2195 1121 differentias,
2234 1071 2356 1126 qua:
2385 1064 2440 1110 et
2510 1056 2886 1111 diversitatem
2944 1057 3311 1123 constituunt,
3363 1066 3420 1112 et

1840 1162 2194 1202 communem
2231 1147 2468 1217 speciem
2530 1146 2584 1201 in
2618 1148 2753 1202 alias
2808 1150 3231 1205 communitates
3276 1148 3419 1203 divi-

1832 1239 1969 1292 dunt
1988 1238 2087 1308 (l),
2123 1254 2174 1292 v.
2202 1256 2284 1308 gr.
2323 1240 2436 1291 vult
2465 1240 2748 1293 comedere
2764 1250 2815 1294 ct
2836 1241 3021 1294 bibere
3044 1258 3060 1306 ;
3080 1242 3173 1296 sed
3191 1242 3278 1296 hic
3301 1256 3418 1296 ma-

1832 1330 1936 1399 gis,
1968 1330 2058 1383 ille
2088 1329 2269 1385 minus
2293 1329 2563 1399 ejusmodi
2617 1331 2948 1385 desiderium
2975 1332 3159 1397 habet,
3196 1333 3324 1387 dum
3359 1334 3414 1387 in

1832 1422 1942 1475 vita
1990 1428 2094 1484 est,
2128 1430 2183 1474 et
2219 1422 2391 1492 magis
2422 1434 2475 1476 et
2500 1424 2683 1478 minus
2725 1424 3029 1477 naturalem
3074 1426 3412 1479 voluntatem

1830 1527 1940 1566 non
1969 1513 2223 1581 partitur,
2256 1525 2312 1568 et
2337 1516 2614 1570 contrahit
2662 1516 2726 1569 ad
2780 1517 2955 1585 magis
2991 1517 3411 1585 partienlarem,

1830 1605 1956 1670 quia
1982 1605 2156 1674 magis
2179 1614 2233 1659 et
2264 1606 2443 1660 minus
2478 1621 2586 1659 non
2620 1615 2798 1676 potest
2833 1615 3027 1662 natura
3052 1609 3412 1664 variationem

1833 1697 2136 1750 naturalem
2171 1697 2377 1764 speciei
2410 1697 2491 1750 vel
2518 1698 2930 1753 communitatis
2963 1698 3199 1754 ellieere.

1761 1762 1799 1816 θ
1899 1785 2052 1840 Dicet
2084 1762 2222 1858 ergo
2248 1788 2446 1859 aliquis
2486 1797 2633 1843 recto
2657 1789 2863 1858 judicio
2903 1805 3015 1843 rem
3047 1790 3407 1860 perpendens,

1830 1880 1974 1934 hanc
2001 1880 2331 1935 voluntatem
2367 1882 2671 1937 naturalem
2702 1890 2974 1952 quatenus
3002 1883 3069 1936 ad
3097 1899 3287 1938 omnes
3314 1884 3415 1937 ho-

1828 1971 2005 2026 mines
2034 1973 2317 2042 aequaliter
2346 1982 2550 2037 manat,
2579 1983 2633 2027 et
2682 1974 2933 2042 pertinet,
2992 1989 3098 2027 non
3138 1975 3304 2028 dividi
3354 1977 3407 2029 in

1829 2067 2036 2134 species
2067 2066 2375 2135 subjectas;
2404 2077 2673 2136 quatenus
2693 2080 2823 2119 vero
2864 2067 3199 2121 variationes
3226 2082 3289 2122 ex
3321 2083 3409 2132 eo,

1828 2158 1973 2229 quod
2008 2158 2180 2227 magis
2214 2166 2307 2212 aut
2334 2161 2518 2215 minus
2549 2162 2709 2223 inest,
2756 2161 2970 2227 recipit,
3007 2176 3225 2215 servare
3280 2177 3412 2231 pro-

1828 2249 2133 2318 portionem
2164 2238 2455 2319 quamdam
2485 2252 2551 2304 ad
2582 2251 2754 2305 divisa
2786 2254 3164 2319 pertinentem,
3194 2262 3248 2306 et
3271 2253 3412 2307 divi-

1827 2341 2035 2396 sionem
2091 2339 2160 2392 ad
2215 2342 2617 2408 producendam
2654 2345 2889 2411 Speciem
2936 2359 3043 2396 non
3104 2345 3408 2412 suscipere.

1827 2433 1973 2487 Nihil
2027 2434 2192 2505 igitur
2240 2433 2517 2503 prohibuit
2545 2433 2791 2488 conliteri
2824 2434 3151 2504 simpliciter
3185 2447 3410 2491 natura-

1826 2526 1930 2579 lem
1974 2529 2308 2581 voluntatem
2345 2525 2603 2589 hominis,
2634 2534 2687 2579 et
2733 2527 2873 2582 hanc
2921 2539 3175 2583 accurate
3212 2544 3414 2584 excus-

1829 2632 1969 2683 sam,
1999 2628 2053 2672 et
2075 2617 2403 2672 dillerentiis
2432 2617 2599 2671 veluti
2627 2618 2963 2684 distinctam,
3006 2621 3170 2674 varia:
3196 2618 3417 2673 notioni

1825 2719 1879 2764 et
1910 2710 2078 2764 variis
2109 2710 2424 2764 nominibus
2457 2708 2761 2777 subjicere;
2794 2710 2935 2764 idem
2976 2715 3139 2763 ctiam
3197 2711 3251 2763 in
3287 2710 3415 2764 inll-'

1826 2802 1956 2858 nilis
1992 2802 2113 2857 aliis
2138 2800 2534 2873 quaestionibus
2562 2802 2898 2870 reperiemus
2932 2801 3190 2871 spectari.

1900 3003 2003 3058 Sed
2036 3003 2167 3073 quid
2197 3017 2332 3072 opus
2370 3013 2454 3059 est
2481 3016 2910 3058 commemorare
2932 3002 3255 3072 longinqua,
3281 3019 3405 3057 cum

142 3087 295 3157 λόγον
344 3090 734 3147 πιστώσασθαι
766 3095 1170 3166 παραδείγματι
1202 3114 1217 3164 ;
1248 3096 1458 3162 Παῦλος
1486 3098 1717 3171 ξυρᾶται

1900 3111 1995 3166 ope
2020 3096 2337 3163 habeamus,
2358 3097 2502 3152 unde
2519 3096 2661 3166 quod
2694 3094 2949 3161 dicimus,
2981 3094 3411 3151 conlirmemus?

145 3184 236 3235 xui
294 3187 583 3253 ἁγνίζεται
616 3229 630 3253 ,
695 3190 788 3242 καὶ
855 3194 1173 3262 περιτέμνει
1234 3193 1518 3263 Τιμόθεον.
1570 3193 1720 3265 *Λροι

147 3274 399 3346 καθαρῶς
434 3282 534 3332 καὶ
576 3281 791 3350 ἀμιγῶς
824 3281 994 3335 θέλων
1026 3286 1119 3336 καὶ
1150 3284 1318 3355 μηδὲν
1358 3286 1722 3354 ἐφιστάμενος

147 3365 249 3418 τῶν
299 3370 585 3441 ἀθελήτων
646 3373 1112 3444 ἐπιπλεκόμενοια
1156 3378 1232 3445 τῷ
1267 3378 1531 3448 θελήματι
1567 3395 1580 3441 ;
1617 3378 1725 3430 Καὶ

150 3457 258 3520 πῶς
299 3462 509 3530 ζημίαν
569 3463 784 3533 ἡγεῖται
814 3468 885 3518 τὰ.
914 3468 1009 3520 τοῦ
1034 3468 1198 3537 νόμου
1228 3470 1320 3522 xai.
1360 3468 1604 3522 σκύϐαλα
1629 3471 1723 3523 καὶ

148 3549 204 3600 τὸ
268 3554 823 3633 περιτέμνεσθαιὶτῷ
878 3559 971 3611 τοῦ
1027 3559 1262 3628 Χριστοῦ
1327 3559 1721 3629 καταργεῖσθαι

149 3643 402 3716 ’κήρυγμα
422 3666 437 3711 ;
460 3648 575 3701 Οὐκ
597 3644 690 3701 οὖν
715 3650 946 3703 ἀκούσια
971 3651 1142 3704 ταῦτα
1175 3654 1270 3705 καὶ
1296 3651 1535 3720 ἀθέλητα
1566 3649 1720 3718 λόγος

148 3736 311 3800 ουδεὶς
375 3740 787 3810 ἀντιφθέγξοιτο
847 3745 940 3796 καὶ
1003 3746 1201 3814 τρόπος
1269 3744 1583 3813 οἰκονομίας
1642 3744 1721 3814 τῷ

150 3827 379 3898 ἀπρεπεῖ
440 3833 675 3904 μάλιστα
721 3836 813 3889 καὶ
839 3837 1085 3908 ἀθελήτῳ
1114 3837 1504 3908 στηριζόμενές
1532 3855 1589 3889 τε
1625 3839 1718 3890 καὶ

151 3918 579 3993 ἐπιπλεκόμενος
608 3925 685 3995 τῷ
708 3926 991 3996 θελήματι.
1031 3925 1098 3981 Ἀ
1110 3928 1157 3998 ρ’
1187 3928 1280 3982 οὖν
1313 3946 1396 3992 τις
1427 3931 1556 3999 ἡμῖν
1597 3928 1719 3998 φθο-

154 4011 298 4078 νήσει
355 4016 467 4069 τῶν
518 4017 794 4087 ὀνομάτων
821 4057 837 4081 ,
895 4018 1036 4088 ὀρῶν
1085 4020 1155 4072 τὰ
1210 4023 1352 4074 κατὰ
1399 4022 1719 4091 συμπλοκὴν

153 4102 442 4173 πράγματα
463 4108 761 4178 προσφυῶν
810 4111 903 4163 καὶ
938 4111 1290 4181 καταλλήλων
1316 4113 1577 4184 ῥημάτων
1606 4113 1720 4167 δεό-

156 4209 318 4260 μενας
350 4199 417 4251 Τί
464 4201 553 4253 δαὶ
579 4202 796 4267 ἄτοπον,
834 4204 1035 4273 μᾶλλον
1058 4204 1116 4256 δὲ
1148 4205 1264 4266 πῶς
1283 4205 1385 4257 οὑκ
1420 4207 1718 4274 ἀναγκαῖον

151 4281 426 4352 ὀνομάζειν
472 4292 703 4363 ἐπείπερ
763 4295 1006 4363 ὑπάρχον
1060 4296 1252 4365 ὁρᾶται
1315 4296 1413 4349 καὶ
1454 4296 1717 4367 ἀθέλητον

154 4372 373 4449 θέλημα,
431 4384 528 4436 καὶ
562 4384 653 4454 βίᾳ
685 4386 1024 4457 ὑποδυομένη
1056 4387 1114 4439 τὸ
1141 4388 1428 4452 ὲκούσιον;
1462 4389 1572 4442 Καὶ
1600 4392 1714 4453 τοῖς

1828 3188 2029 3243 Paulus
2058 3189 2335 3253 tondetur,
2378 3203 2429 3242 et
2461 3189 2801 3258 puriﬁeatur,
2836 3202 2901 3241 ac
2931 3188 3276 3242 circumcidit
3309 3186 3405 3241 Ti-

1828 3282 2131 3336 motheum.
2179 3279 2435 3351 Nunquid
2468 3296 2604 3351 pure
2644 3288 2699 3336 et
2741 3280 3086 3348 impermixte
3114 3280 3323 3343 volens,
3354 3288 3411 3335 et

1826 3375 1959 3428 nihil
1990 3390 2202 3439 eorum,
2234 3390 2356 3444 quae
2379 3374 2585 3428 volebat
2623 3372 2723 3445 (Ξ),
2756 3389 2879 3426 cum
2910 3374 3192 3427 voluntate
3221 3373 3407 3443 impli-

1824 3479 2003 3522 catum
2037 3466 2352 3522 sustinens?
2377 3474 2431 3518 et
2454 3465 2729 3535 quomodo
2759 3480 2880 3532 quae
2912 3463 3047 3534 legis
3080 3472 3207 3517 sunt
3235 3464 3408 3517 detri-

1824 3572 2067 3617 mentum
2128 3572 2339 3632 reputat
2390 3562 2488 3632 (5),
2529 3570 2583 3616 et
2636 3560 2921 3614 stercora?
2964 3568 3017 3613 et
3062 3559 3407 3625 circumcidi,

1822 3655 2075 3710 evacuari
2102 3654 2303 3710 Christi
2331 3651 2812 3723 praedicationem?
2840 3651 3030 3707 Nullus
3072 3651 3241 3721 igitur
3270 3665 3406 3706 con-

1826 3748 2073 3810 tradicet,
2107 3746 2239 3816 quin
2263 3748 2378 3800 haec
2406 3756 2641 3800 essenta
2666 3745 2942 3799 voluntate
2966 3744 3086 3813 ejus
3109 3745 3283 3799 aliena
3304 3744 3403 3816 (4),

1821 3848 2049 3909 eratque
2106 3838 2303 3893 modus
2343 3838 2685 3901 oeconomiae,
2734 3837 2784 3889 id
2819 3845 2921 3900 est,
2967 3836 3397 3907 gubernationis.

1821 3933 1876 3987 in
1903 3932 2183 3985 voluntate
2210 3929 2452 3984 maxime
2476 3930 2654 3983 aliena
2686 3937 2741 3982 et
2765 3929 2933 3981 invita
2963 3928 3187 3982 fulcitus
3215 3938 3267 3981 et
3295 3928 3405 3982 im-

1820 4024 2073 4094 plicatus.
2119 4020 2258 4074 Num
2293 4020 2457 4091 igitur
2500 4019 2700 4088 aliquis
2732 4019 3032 4073 .invidebat
3087 4020 3246 4073 nobis
3303 4035 3402 4074 no-

1820 4118 1967 4171 mina
2000 4115 2100 4185 (5),
2137 4114 2183 4169 si
2216 4113 2396 4167 videat
2438 4128 2527 4167 res
2560 4112 2871 4181 implicatas
2908 4111 3087 4166 verbis
3136 4112 3300 4180 aptis,
3346 4120 3403 4166 et

1820 4207 2248 4279 congruentibus
2283 4205 2555 4275 indigere?
2599 4204 2741 4269 Quid
2790 4215 2970 4258 autem
3021 4203 3246 4258 absurdi
3290 4210 3399 4268 est,

1821 4302 1952 4371 quin
2001 4299 2186 4370 potius
2229 4297 2506 4368 quomodo
2552 4311 2660 4349 non
2697 4296 3065 4350 necessarium
3103 4304 3187 4349 est
3222 4294 3400 4349 nomi-

1820 4393 1986 4448 nare?
2015 4391 2309 4464 (siquidem
2338 4389 2582 4446 cernitur
2604 4406 2726 4446 esse
2746 4400 2800 4446 et
2829 4388 3084 4444 voluntas
3121 4386 3311 4451 invita,
3345 4394 3399 4441 et

1416 4568 1649 4627 VAIUAS
1684 4572 1980 4630 LECTION
1990 4573 2091 4629 ES.

209 4687 611 4761 κξκοινοτὴτας.
684 4699 711 4738 1
749 4691 785 4745 Ι.
822 4691 1306 4763 διασκεπτόμενος.
1372 4701 1396 4728 ι
1426 4692 1564 4762 εῐδη.
1640 4703 1667 4732 ι
1696 4692 1778 4745 An
1832 4692 2317 4763 ἐπιπλεκόμενονῗ

1647 4808 1880 4866 NOTAE.

220 4890 389 4970 (|)_Et
424 4914 753 4970 communem
784 4902 1008 4969 speciem
1028 4900 1272 4955 dividunt
1303 4917 1322 4955 :
1356 4902 1467 4955 Καὶ
1498 4902 1561 4955 τὸ
1591 4919 1708 4956 κοι-
1741 4903 1786 4958 D
1816 4911 2053 4970 reputat,
2081 4907 2134 4953 et
2165 4898 2600 4970 circumcisione
2630 4913 2724 4970 seu
2780 4913 2877 4967 per
2910 4898 3394 4970 circumcisionem

158 4958 486 5043 εἶδος...
516 4965 573 5043 Id
625 4977 710 5023 est
749 4988 777 5043 :_
802 4958 1270 5043 Eticommunem
1309 4972 1560 5043 speciem
1603 4989 1711 5043 non

160 5030 411 5112 diridunt.
440 5067 510 5076 —
539 5036 813 5093 Particula
845 5030 908 5093 οὐ
936 5041 1122 5096 deerat
1153 5042 1207 5094 in
1226 5030 1414 5112 codice
1440 5058 1544 5097 ms.
1575 5042 1712 5096 Tur-

159 5112 308 5183 ζιθξιι.
349 5115 602 5183 attamen
621 5118 704 5162 est
750 5112 1084 5183 necessaria,
1147 5111 1599 5183 quippelegitnr
1629 5113 1715 5166 in-

162 5164 319 5253 ferius
348 5176 405 5227 οὐ
440 5177 721 5247 μερίζει...
760 5180 897 5250 μηδὲ
934 5164 1587 5254 πέφυκενπίέξαλλάΰγῆν
1611 5164 1718 5236 ἀπ-

160 5241 486 5301 εργαζεσθαι.

190 5251 486 5303 ργαςεσθαι.

227 5309 297 5378 (ἓῆ
315 5312 490 5392 _I_\"ihil
516 5334 696 5392 eorum
714 5335 830 5388 qua:
862 5320 1065 5374 volebat
1094 5337 1112 5374 :
1146 5321 1331 5392 Μηδὲν
1382 5321 1495 5375 τῶν
1518 5320 1716 5392 ἀθελή-

163 5385 292 5459 τωγζ.
315 5378 365 5459 Id
388 5397 470 5441 est
499 5404 511 5441 :
544 5387 687 5459 Nihil
720 5378 907 5443 eorum
939 5406 1064 5459 qum
1110 5378 1355 5445 nolebat.

226 5445 297 5528 (ξ)
328 5452 594 5516 Quomodo
615 5474 730 5527 quae
756 5460 881 5527 legis
909 5445 1051 5524 stitit,
1084 5462 1455 5514 detrimentum
1474 5471 1707 5526 reputat,

163 5520 551 5599 circumcidi,
586 5520 834 5582 concitari
856 5520 1055 5583 Christi
1077 5520 1551 5599 prwdicationem?
1585 5520 1710 5593 Πῶς

168 5578 350 5671 Statuit
421 5578 634 5671 ήῇῐτοὶζ
649 5578 905 5671 editos
917 5578 1126 5671 ’ἐξιὶῷ
1144 5578 1573 5671 ξςᾶιῖῖὲῖἱῆἶᾶιῖἱη
1585 5578 1709 5671 Teia}

167 5661 560 5741 ξξξριτέμνεσθαι
591 5668 651 5721 τὸ
668 5669 787 5741 στοβ
843 5661 1081 5741 Χρισέοῦ
1110 5661 1505 5738 καταργεΐσθαι
1529 5661 1708 5741 κήρύλ

166 5732 284 5788 Tt“-
316 5727 365 5786 ιθ
381 5745 461 5791 est
487 5737 810 5804 :Quomodo
833 5727 953 5810 qn'ze
978 5740 1112 5812 legis
1146 5727 1708 5805 sunt,Idelt'imcn't'um

1822 4967 2073 5025 evaenari
2138 4969 2341 5038 Christi
2413 4969 2857 5038 praedicationem
2906 4968 2930 5020 ?
2979 4998 3049 5009 —
3092 4967 3395 5027 Turrianus

1819 5040 2098 5095 reddendo
2118 5037 2195 5108 τῷ
2216 5038 2638 5107 περιτέμνεσθαι
2678 5054 2772 5106 per
2791 5040 3117 5099 circumcidi,
3144 5040 3392 5094 inserue-

1823 5121 1908 5164 rat
1961 5107 2203 5163 versioni
2245 5107 2449 5161 Latinte
2492 5108 2889 5177 Graecismum,
2932 5110 3025 5177 qui
3088 5126 3193 5164 non
3234 5111 3396 5165 intel-

1824 5180 1916 5250 ligi
1944 5180 2120 5248 potuit
2159 5179 2236 5250 ab
2259 5179 2326 5231 iis
2365 5177 2461 5250 qui
2496 5176 2686 5250 Latine
2723 5176 2973 5250 “tantunr
3001 5181 3243 5249 sapiunt,
3292 5198 3392 5235 nec

1822 5246 2053 5319 possunt
2085 5248 2337 5318 supplere
2361 5248 2654 5303 articulum
2679 5246 2757 5318 τῷ
2777 5264 2937 5317 quem
2965 5246 3233 5319 interpres
3253 5252 3394 5304 omi-

1820 5330 1985 5374 serat.

1879 5390 1958 5457 (4)
1991 5386 2058 5469 In
2075 5387 2807 5469 ιιοίιιηιαιειιςιαίτίιηε,ᾳίίεηα
2842 5404 2860 5441 ;
2892 5388 2982 5456 Τῷ
3014 5389 3255 5469 ἀπρεπεῖ
3283 5389 3392 5469 μὰρ

1816 5456 1973 5530 λιστα
2027 5458 2316 5530 θελήματι.
2350 5456 2403 5508 ld
2438 5469 2523 5513 est
2560 5480 2573 5515 ;
2615 5458 2905 5515 Voluntate
2962 5456 3200 5512 maxime
3228 5457 3388 5510 inde-

1817 5529 1958 5584 centi
1972 5569 1984 5582 .

1872 5599 1948 5670 (ὃ)
1968 5598 2112 5652 Num
2136 5598 2298 5667 igitur
2322 5599 2791 5670 aliquisinvidebat
2815 5597 2959 5670 nobis
2988 5596 3198 5670 neruine
3215 5589 3392 5670 ?_:Ap’

1817 5662 2021 5734 οὖν’τις
2043 5662 2178 5739 ἡμῖν
2222 5662 2479 5739 φθονήσει
2524 5669 2633 5723 τῶν
2654 5666 3049 5739 ὀνομάτωνκιιι
3076 5674 3159 5720 est
3196 5683 3210 5720 :
3244 5662 3387 5719 Nutu

1817 5740 1984 5808 igitur
2018 5736 2214 5808 aliquis
2236 5736 2513 5796 invidebit
2537 5738 2694 5795 nobis
2735 5736 3003 5791 nomina?
