3846 6188
341 305 447 373 5ε3
1491 287 1757 351 ΡΗΟΤΙΙ
1795 286 2075 348 ΡΑΤΒΙΛ
2084 283 2302 344 ΒΟΗῈ
2329 281 2434 341 CP.
3489 259 3624 328 SH

1419 441 2020 505 DISSERTATIUNCU
2029 441 2113 497 LA
2156 436 2550 496 STEWARTH
3451 419 3453 421 ’

459 613 535 669 De
568 612 851 683 scriptione
877 606 1145 661 Pltotiana
1175 613 1223 660 et
1251 604 1437 676 quanti
1464 603 1712 674 ponderis
1743 600 1849 655 sint
1885 606 2220 669 argumenta,
2249 613 2366 668 qua:
2402 596 2557 665 aﬁ'ert
2591 610 2688 665 pro
2723 609 2820 646 sua
2851 592 3127 683 sententia‘
3147 588 3492 644 stabilienda.

420 704 462 760 Δ
486 679 716 758 diversis
741 699 952 755 actibus
980 694 1280 750 voluntatis
1312 693 1565 748 dividunt
1604 690 1823 761 quidam
1865 688 2036 744 Graaci
2067 686 2424 747 voluntatem,
2469 685 2520 736 in
2550 683 2885 736 voluntatem
2916 679 3243 742 naturalem,
3287 690 3378 731 seu
3410 690 3630 730 essen-

352 795 582 858 tialem;
641 799 694 844 et
722 791 774 843 in
819 788 1156 841 voluntatem
1216 781 1548 852 gnomicam,
1611 780 1880 834 divisione
1943 775 2174 840 Latinis,
2214 784 2272 828 ut
2309 773 2526 844 opinor,
2567 772 2846 837 inusitata,
2880 780 2932 824 et
2984 764 3624 858 inauditaiiaturalem

351 851 581 942 vocant,
625 893 747 948 qua
776 876 981 930 homini
1016 851 1270 930 convenit
1328 870 1556 942 praecise
1583 869 1795 923 ratione
1825 875 2036 921 naturae
2068 863 2332 934 specilicae
2369 880 2383 917 :
2419 873 2473 914 et
2508 875 2630 928 qua!
2683 860 2737 914 in
2775 858 3033 948 omnibus
3065 855 3381 948 hominibus
3402 851 3627 948 eadem

353 977 458 1034 est,
496 943 730 1022 sicut-et
756 964 875 1034 ipsa
909 960 1120 1031 species
1152 960 1394 1014 humana
1433 956 1622 1011 eadem
1672 965 1754 1011 cst
1783 955 2009 1025 praecise
2036 961 2300 1024 spectata,
2342 961 2397 1008 et
2422 953 2492 1007 ab
2517 951 2777 1007 omnibus
2806 946 3214 1003 conditionibus
3249 943 3626 1034 individual:-

355 1029 504 1112 tibus
527 1029 826 1108 abstracta.
867 1068 889 1102 ‹
927 1029 1204 1103 Naturalis
1227 1047 1482 1102 voluntas
1516 1044 1757 1101 hominis
1783 1053 1888 1110 est,
1918 1060 1938 1097 ι
1977 1040 2236 1112 inquitex
2269 1038 2371 1094 SS.
2403 1038 2622 1103 Basilio,
2657 1049 2713 1093 et
2739 1035 2969 1108 Cyrillo,
3014 1033 3335 1089 Anastasius
3369 1029 3628 1089 Sinaila.

357 1151 551 1200 contra
586 1137 939 1201 Severianos,
976 1153 995 1186 ι
1040 1148 1227 1188 amare
1257 1133 1448 1196 vitam,
1477 1140 1532 1186 et
1562 1147 1685 1201 quae
1715 1134 2027 1187 necessario
2058 1131 2124 1185 ad
2155 1132 2316 1186 vitam
2355 1131 2648 1200 pertinent.
2689 1125 2880 1182 Omnis
2935 1125 3081 1180 enim
3111 1124 3298 1185 homo,
3323 1121 3429 1174 hoc
3462 1120 3626 1188 ipso,

359 1230 504 1299 quod
538 1226 661 1281 talis
686 1233 788 1289 est,
844 1222 1163 1276 naturaliter
1191 1230 1341 1274 amat
1372 1222 1561 1275 vitam.
1604 1240 1622 1272 ι
1661 1219 1923 1275 Gnomica
1979 1221 2230 1275 voluntas
2279 1226 2505 1273 vocatur
2539 1216 2900 1288 hypostatica,
2970 1212 3297 1283 personalis,
3347 1207 3627 1299 electiva.

364 1297 708 1372 {Gnomicas
741 1313 1068 1374 voluntates,
1105 1329 1124 1363 ι
1159 1311 1341 1380 inquit
1377 1310 1518 1364 idem
1553 1311 1900 1375 Anastasius,
1935 1310 2056 1364 loco
2079 1309 2269 1372 citato,
2303 1325 2322 1359 ι
2360 1307 2544 1362 varias
2597 1305 2760 1359 habet
2787 1313 2972 1359 nostra
3025 1312 3245 1357 natura.
3277 1299 3433 1354 Alius
3457 1297 3630 1350 enim

360 1408 478 1462 vult
507 1405 752 1474 privatus
775 1415 916 1466 esse,
967 1400 1111 1454 alius
1169 1399 1463 1461 aediﬁcare,
1527 1398 1670 1452 alius
1727 1397 2114 1468 agriculturam
2172 1411 2446 1459 exercere,
2489 1394 2630 1448 alius
2659 1393 2809 1449 aliud
2847 1406 3027 1463 agere,
3070 1396 3231 1460 prout
3260 1394 3391 1442 sunt
3420 1385 3631 1448 variae,

363 1493 685 1566 peculiares,
720 1497 774 1542 et
803 1487 961 1555 quasi
987 1486 1348 1541 individuales
1373 1502 1605 1556 gnomae,
1646 1488 1760 1540 sive
1790 1486 2090 1545 sententiae.
2127 1499 2222 1541 seu
2251 1485 2486 1540 decreta.

435 1581 672 1635 Sanctus
702 1577 974 1632 Maximus
1008 1577 1059 1630 in
1101 1576 1216 1630 suis
1248 1575 1660 1629 deﬁnitionibus
1696 1576 1769 1629 ita
1798 1575 1990 1629 deﬁnit
2025 1592 2037 1628 :
2079 1573 2342 1630 Voluntas
2396 1578 2646 1647 gnomica
2686 1593 2705 1626 ι
2737 1580 2821 1628 est
2852 1570 3192 1626 voluntarius
3234 1563 3469 1620 rationis
3513 1561 3635 1614 im-

364 1679 545 1739 petus,
577 1679 632 1722 et
664 1675 846 1722 motus
875 1664 927 1718 in
953 1673 1247 1732 utramque
1278 1671 1485 1732 partem
1521 1663 1775 1717 rationis.
1811 1681 1830 1714 ι
1873 1661 1994 1726 Qua
2024 1663 2340 1718 deﬁnitione
2377 1663 2636 1720 describit
2673 1671 2925 1717 naturam
2967 1659 3085 1728 ejus
3118 1664 3297 1719 actus,
3338 1653 3436 1724 qui
3475 1649 3636 1706 dici-

365 1767 455 1812 tur
481 1755 698 1818 electio,
728 1755 813 1807 vel
849 1753 1031 1821 potius
1057 1753 1234 1816 illum,
1271 1753 1362 1819 qui
1402 1765 1470 1804 ex
1509 1759 1663 1819 parte
1695 1750 1924 1804 rationis
1967 1752 2022 1806 in
2061 1752 2427 1818 discussione,
2461 1763 2516 1808 et
2543 1752 2796 1806 examine
2838 1763 3019 1802 rerum
3055 1747 3230 1816 ipsam
3283 1741 3634 1796 electionem

366 1844 652 1900 antecedit.
690 1842 834 1896 idem
868 1850 1048 1894 tamen
1093 1841 1144 1893 in
1188 1839 1417 1909 epistola
1472 1841 1538 1893 ad
1577 1837 1868 1901 Marinum,
1903 1849 2065 1910 negat
2101 1857 2343 1910 gnomen.
2377 1857 2470 1896 seu
2516 1840 2832 1896 sententiam
2864 1851 2986 1891 esse
3037 1835 3210 1903 ipsam
3261 1829 3634 1888 electionem,

368 1933 462 1988 sed
493 1932 626 1986 dicit
653 1930 974 1984 electionem
1022 1927 1201 1997 potius
1256 1942 1376 1983 esse
1413 1926 1664 1982 elleetum
1713 1943 1965 1997 gnomzc,
2005 1929 2309 1984 sententize.
2344 1927 2408 1983 Et
2461 1929 2566 1983 hoc
2610 1927 2847 1982 maxime
2875 1922 3131 1980 convenit
3163 1936 3285 1975 cum
3325 1918 3462 1978 illis,
3502 1929 3640 1986 qua

366 2021 660 2075 traduntur
691 2016 807 2079 1-2,
841 2032 896 2086 q.
929 2016 1017 2078 13,
1041 2024 1146 2070 art.
1171 2015 1224 2082 l,
1257 2015 1347 2070 ubi
1371 2015 1619 2080 docetur,
1649 2031 1748 2072 nos
1771 2025 1899 2072 tunc
1925 2016 2148 2086 eligere,
2180 2031 2305 2071 cum
2333 2015 2730 2070 animadversis
2759 2011 2923 2065 variis
2949 2009 3162 2072 mediis,
3189 2007 3256 2061 ad
3281 2007 3448 2060 ﬁnem
3472 2003 3638 2073 judi-

369 2110 456 2164 cio
486 2104 716 2160 rationis
739 2104 1122 2160 concludimus
1158 2118 1326 2157 unum
1355 2119 1464 2173 prae
1493 2103 1615 2158 aliis
1645 2119 1766 2159 esse
1799 2104 2261 2174 amplecteudum,
2294 2114 2456 2174 atque
2494 2103 2632 2157 adeo
2660 2101 2936 2155 voluntate
2965 2096 3096 2152 illud
3123 2093 3573 2163 cornplcctimur.

441 2192 716 2260 Quaeritur
741 2199 948 2253 autem,
978 2200 1100 2244 uter
1147 2191 1331 2260 potius
1360 2199 1520 2246 actus
1565 2189 1871 2245 formaliter
1900 2192 1974 2246 sit
2027 2191 2266 2246 electio?
2297 2189 2456 2244 Prior
2489 2205 2557 2244 ne
2599 2189 2689 2243 ille
2718 2187 2964 2246 rationis,
3003 2199 3164 2254 quem
3191 2193 3418 2236 sanctus
3451 2176 3640 2232 “axi-

373 2298 494 2336 mus
519 2281 586 2335 ad
618 2278 887 2334 Marinum
918 2279 1130 2334 videtur
1158 2295 1355 2335 vocare
1393 2294 1626 2348 gnomen
1652 2297 1667 2347 ;
1705 2295 1774 2334 an
1807 2279 1896 2334 ille
1925 2280 2194 2350 posmrior
2240 2278 2561 2340 voluntatis,
2590 2291 2701 2347 quo
2731 2290 2896 2328 unum
2935 2271 3172 2327 medium
3210 2285 3318 2338 pne
3343 2267 3473 2322 aliis
3508 2280 3639 2319 am-

373 2367 683 2438 plectimur.
715 2366 781 2421 Et
822 2367 1188 2422 communiter
1231 2367 1612 2435 respondetur,
1663 2365 1718 2420 in
1760 2367 1863 2420 hoc
1912 2367 2215 2435 posteriore
2266 2379 2388 2421 actu
2451 2365 2753 2420 l'ormaliter
2807 2371 2862 2416 et
2913 2359 3281 2416 essentialiter
3320 2354 3640 2411 consistere

371 2454 694 2509 (lectionem
730 2470 744 2508 :
782 2455 1035 2524 quamvis
1057 2453 1224 2508 etiam
1258 2453 1410 2508 illum
1439 2453 1670 2509 alterum
1697 2463 1880 2509 actum
1910 2454 2144 2510 rationis
2193 2462 2600 2526 praesupponat,
2653 2460 2708 2508 et
2756 2455 3033 2505 connotet.
3063 2446 3143 2501 Ita
3174 2445 3346 2500 ferme
3381 2455 3636 2514 gnomen

373 2542 609 2611 explicat
635 2555 856 2611 quoque
885 2540 1136 2607 Photius,
1179 2550 1240 2596 ut
1269 2541 1528 2598 vidimus.
2187 2580 2189 2582 -

446 2629 524 2686 De
546 2631 735 2685 eadem
767 2630 1048 2685 voluntate
1080 2631 1332 2702 gnomica
1372 2631 1445 2686 ita
1477 2639 1703 2687 sanctus
1725 2631 2097 2686 Damascenus
2135 2629 2227 2683 lib.
2255 2645 2314 2683 ιιι
2348 2628 2424 2683 De
2461 2629 2567 2698 ﬁde
2594 2626 2908 2692 orthodoxa,
2940 2640 3061 2694 cap.
3113 2623 3180 2677 Η
3211 2639 3226 2676 :
3262 2639 3281 2672 ι
3327 2617 3640 2674 Sciendum

373 2727 480 2786 est,
511 2733 618 2774 non
649 2719 790 2774 idem
823 2734 964 2784 esse,
995 2719 1151 2783 velle,
1182 2723 1354 2784 θιπῶς
1389 2720 1583 2783 θελεῖν,
1613 2722 1718 2775 hoc
1747 2730 1850 2785 est,
1882 2735 2005 2775 cum
2053 2720 2237 2784 modo,
2279 2735 2371 2772 seu
2417 2719 2703 2772 modaliter
2745 2717 2901 2770 velle.
2939 2712 3072 2768 Nam
3104 2712 3241 2767 velle
3276 2719 3492 2764 natura:
3529 2718 3638 2770 est,

376 2808 522 2864 sicut
550 2818 607 2863 et
637 2808 844 2864 videre.
887 2809 1155 2864 Omnibus
1181 2811 1329 2863 enim
1359 2811 1674 2866 hominibus
1699 2811 1864 2866 inest.
1921 2811 1991 2863 At
2021 2825 2175 2876 vero,
2221 2809 2323 2863 hoc
2354 2809 2437 2863 vel
2476 2807 2570 2862 illo
2611 2807 2772 2861 modo
2809 2806 2966 2871 velle,
3001 2819 3107 2858 non
3139 2812 3222 2858 est
3263 2812 3502 2860 natura.
3536 2799 3639 2852 sed

377 2905 585 2951 nostrae
611 2911 848 2966 gnomae,
875 2911 976 2950 seu
1009 2898 1294 2952 sententiae
1324 2915 1336 2951 :
1371 2899 1515 2953 sicut
1541 2898 1727 2962 etiam,
1753 2899 1879 2963 hoc,
1918 2899 2004 2953 vel
2030 2899 2122 2953 illo
2173 2899 2334 2952 modo
2374 2898 2578 2959 videre,
2631 2905 2759 2965 puta
2810 2899 2968 2962 bene,
2991 2905 3085 2949 aut
3123 2893 3285 2946 male.
3330 2888 3452 2943 Non
3483 2888 3640 2943 enim

376 2999 572 3038 omnes
600 2985 848 3039 homines
874 2984 1068 3038 eodem
1107 2987 1266 3038 modo
1292 2987 1502 3039 volunt.
1530 2984 1715 3056 Neque
1742 2986 1931 3041 eodem
1959 2986 2120 3040 modo
2148 2986 2354 3051 vident,
2383 2987 2529 3056 quod
2563 2989 2728 3039 etiam
2783 2985 2837 3037 in
2871 2983 3184 3037 actionibus
3215 2987 3467 3048 apparet.
3499 2973 3638 3028 Nam

379 3071 508 3135 hoc,
533 3071 616 3124 vel
641 3071 734 3124 illo
762 3071 925 3124 modo
963 3071 1120 3136 velle,
1147 3072 1360 3135 videre,
1391 3073 1634 3142 operari,
1666 3082 1751 3127 est
1792 3072 2030 3140 aﬂ'ectio,
2062 3083 2116 3128 et
2142 3073 2475 3127 modiﬁcatio
2541 3087 2674 3127 usus
2721 3071 2950 3126 actualis
3004 3068 3238 3133 volendl,
3289 3064 3542 3138 videndi,
3591 3070 3644 3114 et

375 3158 662 3228 cperandi,
692 3158 744 3212 in
781 3158 901 3211 solo
939 3165 1125 3212 utente
1164 3160 1458 3222 exsisteus,
1493 3176 1731 3230 eumque
1762 3161 1830 3214 ab
1859 3160 1983 3216 aliis
2015 3175 2300 3231 separatis.
2349 3161 2686 3230 Simpliciter
2732 3159 2897 3230 igitur
2940 3156 3144 3226 aliquid
3170 3156 3323 3217 velle,
3367 3153 3643 3207 nimirum

379 3247 748 3300 abstrahendo
790 3246 860 3300 ab
896 3245 1043 3300 omni
1082 3247 1267 3310 modo,
1299 3256 1385 3300 est
1409 3248 1685 3314 voluntas,
1719 3249 1803 3302 vel
1839 3251 2080 3317 potentia
2118 3250 2333 3304 volendi
2365 3268 2378 3304 :
2423 3265 2544 3318 quae
2574 3248 2647 3302 nil
2690 3255 2775 3302 est
2806 3245 2977 3311 aliud,
3022 3259 3184 3314 quam
3217 3239 3509 3298 ratiouaﬁs
3551 3254 3646 3308 apo

380 3335 591 3404 petitio,
621 3345 678 3390 et
708 3333 963 3388 voluntas
1004 3335 1292 3388 naturalis.
1335 3334 1406 3388 At.
1432 3351 1584 3398 vero.
1648 3337 1752 3391 hoc
1802 3337 1886 3392 vel
1942 3337 2036 3392 illo
2090 3337 2255 3392 modo
2301 3338 2458 3401 velle,
2511 3350 2595 3391 est
2634 3336 2888 3390 voluntas
2932 3335 3218 3405 gnomica;
3271 3339 3326 3386 et
3358 3329 3642 3408 objct-tum

383 3421 550 3491 hujus
581 3423 880 3477 voluntatis
910 3431 994 3476 est
1027 3421 1256 3498 volitum
1306 3425 1642 3493 gnomicum.
1683 3443 1701 3475 ι
1753 3424 1816 3478 Ει
1855 3435 1908 3478 ιιι
1940 3441 2026 3481 res
2057 3427 2308 3496 exemplo
2352 3426 2662 3480 declaretur
2691 3443 2705 3480 :
2756 3425 3018 3480 Voluntas
3047 3421 3364 3478 comedendi
3424 3417 3644 3488 simpli-

382 3509 539 3574 citer,
571 3520 653 3564 est
685 3499 938 3566 voluntas
969 3512 1240 3565 naturalis
1280 3513 1333 3565 in
1370 3514 1603 3583 singulis
1631 3515 1845 3568 ratione
1869 3515 2090 3584 Speciali
2125 3516 2386 3569 existens.
2421 3517 2490 3569 At
2521 3515 2772 3569 voluntas
2800 3513 3114 3570 comedendi
3159 3510 3362 3582 aliquid
3420 3510 3532 3563 hac
3563 3506 3646 3562 vel

384 3595 476 3650 illa
507 3597 773 3666 qualitate
811 3598 1086 3663 allectum,
1128 3609 1187 3653 ut
1213 3600 1393 3666 dulce,
1427 3602 1713 3665 acerbum,
1747 3603 2004 3668 multum,
2043 3620 2261 3672 parum,
2302 3605 2505 3660 dicitur
2561 3604 2818 3659 voluntas
2858 3604 3132 3674 guomica,
3171 3618 3266 3656 seu
3328 3600 3485 3668 ποιὰ,
3547 3613 3643 3654 seu

385 3683 527 3750 πῶς,
570 3685 622 3740 id
655 3695 762 3750 est,
793 3687 1050 3740 voluntas
1080 3687 1268 3742 aﬂ'ecta
1300 3690 1481 3760 aliqua
1515 3691 1799 3762 qualitate.
1844 3703 1942 3747 aut
1994 3693 2336 3761 conditione;
2389 3704 2443 3749 et
2484 3709 2592 3749 non
2617 3703 2702 3750 est
2731 3705 2958 3760 natura},
2991 3700 3051 3746 ut
3093 3691 3283 3746 dicunt
3309 3687 3513 3754 Grzeci,
3552 3686 3645 3743 sed

387 3788 651 3838 personas.
689 3772 758 3826 Et
793 3775 920 3844 quia
957 3791 1206 3844 persona:
1242 3780 1404 3832 variae
1436 3788 1586 3845 sunt,
1617 3779 1737 3834 ideo
1767 3792 1822 3836 et
1845 3782 1961 3836 haec
1991 3783 2244 3838 voluntas
2265 3793 2349 3838 est
2377 3784 2550 3837 varia.

461 3860 554 3913 Sic
588 3859 857 3929 explicata
888 3863 1170 3917 voluntate
1199 3866 1474 3934 gnomica,
1521 3869 1747 3936 quaastio
1790 3878 1893 3934 est,
1930 3879 2111 3923 utrum
2154 3872 2407 3928 voluntas
2447 3873 2698 3941 gnomica
2732 3873 2897 3929 fuerit
2928 3874 2981 3928 in
3030 3871 3288 3930 Christo?
3312 3871 3376 3924 Et
3409 3867 3645 3923 Photius

386 3945 605 4016 quidem
637 3963 802 4018 supra
850 3949 1058 4005 diserte
1092 3965 1271 4021 negat.
1299 3953 1452 4008 .ldem
1494 3955 1750 4011 videntur
1787 3973 1986 4026 negare
2035 3958 2428 4027 Damascenus,
2460 3970 2515 4015 et
2569 3961 2841 4018 Maximus
2877 3977 3065 4031 supra.
3100 3962 3438 4030 Argumenta
3469 3957 3644 4010 multa

385 4037 542 4092 aﬂert
570 4037 822 4103 Photius,
859 4047 916 4093 ut
945 4039 1202 4096 vidimus.
1229 4041 1505 4114 Praecipua
1532 4055 1744 4100 tantum
1773 4047 1862 4101 hic
1893 4058 2154 4115 repetam,
2189 4058 2242 4102 et
2264 4049 2466 4105 clarius
2506 4066 2829 4120 proponam.

456 4123 727 4179 Primum.
773 4125 1036 4182 Voluntas
1071 4130 1344 4197 gnomica,
1375 4141 1460 4187 est
1487 4133 1738 4190 voluntas
1792 4151 2040 4204 personae
2099 4138 2350 4191 humanae
2381 4145 2432 4192 et
2468 4151 2683 4193 creatae.
2734 4137 2790 4191 In
2827 4138 3044 4194 Christo
3081 4154 3189 4192 non
3243 4139 3346 4192 fuit
3405 4152 3641 4208 persona

389 4213 629 4266 humana
659 4224 712 4266 et
743 4223 971 4280 creata;
1017 4213 1177 4285 Ergo.
1213 4215 1386 4286 Major
1415 4228 1561 4288 patet
1591 4239 1605 4274 :
1640 4222 1764 4289 quia
1798 4223 1936 4278 velle
1986 4233 2194 4278 tantum
2228 4225 2312 4279 vel
2353 4233 2590 4290 tantum,
2621 4225 2781 4280 dulce
2847 4226 2929 4279 vel
2983 4242 3256 4290 amarum,
3301 4243 3409 4281 non
3461 4233 3643 4295 potest

386 4315 510 4355 esse
539 4309 770 4364 naturze,
800 4301 929 4370 quia
960 4301 1048 4356 illa
1081 4313 1165 4358 est
1198 4305 1387 4360 eadem
1420 4306 1475 4360 in
1511 4309 1768 4364 omnibus
1804 4326 1818 4364 :
1879 4319 1935 4364 et
1964 4321 2360 4382 consequenter
2397 4313 2540 4369 idem
2595 4315 2733 4369 vult.
2772 4315 2911 4385 Ergo
2965 4315 3218 4372 voluntas
3262 4315 3523 4383 gnomica
3563 4321 3643 4369 est

388 4401 677 4455 personae:
709 4402 852 4456 quae,
887 4403 1012 4442 cum
1041 4391 1452 4461 multiplicetur,
1487 4409 1593 4449 non
1628 4406 1716 4451 est
1745 4396 1965 4461 mirum,
1997 4401 2142 4468 quod
2164 4401 2328 4455 etiam
2365 4411 2524 4457 actus
2558 4402 2773 4456 volendi
2815 4402 3228 4472 multiplicetur,
3273 4403 3348 4457 ita
3385 4413 3446 4456 ιιι
3499 4403 3641 4456 alios

390 4475 496 4528 hoc
522 4475 674 4540 velit,
707 4476 848 4531 alius
882 4477 1036 4532 illud.

460 4560 774 4650 Secundum
817 4577 1226 4634 argumentum.
1257 4567 1465 4625 Electio
1494 4586 1602 4626 non
1627 4573 1790 4628 estin
1846 4571 2089 4641 Christo,
2141 4591 2272 4647 ergo
2314 4587 2416 4634 nec
2457 4577 2712 4634 voluntas
2747 4580 3020 4649 gnomica.
3072 4579 3414 4635 Antecedens
3441 4585 3638 4650 patet:

389 4649 518 4718 quia
548 4650 743 4705 electio
772 4662 858 4707 est
885 4669 1103 4720 eorum,
1132 4672 1256 4726 qua:
1285 4659 1336 4712 in
1377 4669 1667 4730 utramque
1700 4671 1908 4731 partem
1936 4671 2176 4725 movent,
2206 4663 2311 4719 hoc
2339 4674 2447 4732 est,
2471 4665 2537 4719 ad
2568 4665 2710 4720 bona
2743 4675 2797 4720 et
2819 4666 2884 4720 ad
2915 4667 3080 4735 mala,
3111 4677 3167 4722 ut
3202 4666 3380 4737 inquit
3415 4649 3641 4722 Photius

388 4748 675 4823 exsancto
710 4737 968 4795 Maximo.
999 4741 1267 4799 Probatur
1294 4751 1712 4818 consequentia.
1751 4749 1889 4816 Quia
1921 4751 2177 4806 voluntas
2209 4752 2462 4823 gnomica
2492 4761 2548 4807 et
2572 4753 2804 4809 clectiva
2847 4763 2932 4809 est
2963 4771 3071 4808 una
3097 4763 3153 4809 et
3185 4757 3401 4809 eadem.

461 4820 706 4921 Tertium
739 4837 1146 4921 argumentum.
1182 4831 1239 4886 Si
1270 4835 1322 4887 in
1355 4836 1574 4892 Christo
1604 4847 1754 4892 esset
1781 4838 2033 4893 voluntas
2062 4820 2336 4908 gnoniica,
2371 4851 2501 4895 tunc
2526 4839 2773 4896 diﬂ'erret
2833 4858 2863 4896 a
2915 4843 3290 4899 voluntatibus
3348 4843 3636 4908 gnomicis.

389 4925 514 4979 quae
545 4917 600 4965 in
636 4928 973 5000 unoquoque
1006 4917 1228 4974 homine
1274 4932 1610 4992 spectantur.
1639 4923 1894 4981 Dillerret
1936 4927 2102 4981 etiam
2155 4940 2184 4980 a
2213 4926 2495 4982 voluntate
2521 4926 2760 4997 Spiritus
2790 4929 2988 4995 sancti,
3028 4939 3081 4983 et
3113 4927 3316 4984 Patris.
3353 4928 3462 4984 Sed
3490 4946 3638 5000 qua:-

395 5011 522 5087 nam
550 5007 634 5051 est
662 4999 770 5087 ista
813 5001 1086 5068 voluntas,
1121 5022 1364 5074 quaenec
1397 5020 1480 5064 est
1510 5011 1748 5066 lmmana
1785 5013 2060 5082 gnomica,
2118 5027 2219 5068 nec
2268 5015 2493 5069 omnino
2543 5016 2744 5070 dicitur
2791 5017 3087 5071 voluntas?
3123 5015 3234 5072 Nec
3283 5017 3394 5073 dici
3445 4999 3636 5087 potest.

391 5085 550 5138 istam
594 5086 927 5186 voluntatem
953 5095 1266 5162 gnomicam
1295 5095 1348 5150 in
1379 5098 1623 5161 Christo,
1657 5115 1782 5154 esse
1819 5101 2180 5169 compositam
2214 5105 2409 5173 partim
2440 5120 2508 5160 ex
2553 5105 2760 5171 divina,
2797 5108 2993 5175 partim
3048 5123 3114 5161 ex
3174 5108 3416 5162 humana
3446 5085 3637 5162 volun-

389 5181 498 5269 tate
528 5191 543 5227 :
573 5177 728 5269 quia,
757 5185 816 5230 ut
838 5177 914 5232 ait
948 5180 1202 5269 Photius,
1239 5199 1307 5238 ne
1337 5187 1569 5254 cogitari
1600 5187 1821 5256 quidem
1849 5197 2028 5258 potest
2054 5192 2384 5262 compositio
2435 5193 2758 5261 voluntatis,
2792 5194 2935 5250 sicut
2990 5211 3285 5265 possumus
3337 5197 3635 5269 Intelligere

390 5260 712 5330 hypostasin
741 5267 1106 5335 compositam
1135 5285 1200 5324 cx
1242 5282 1436 5325 natura
1478 5274 1722 5328 humana
1741 5283 1797 5331 et
1820 5275 2028 5333 divina.

459 5346 726 5442 Quartum
761 5365 1192 5442 argumentum.
1229 5356 1284 5410 Si
1313 5359 1470 5412 detur
1503 5360 1554 5412 iu
1588 5361 1812 5418 Christo
1868 5365 2120 5423 voluntas
2173 5370 2450 5438 gnomica.
2504 5369 2670 5426 faciet
2703 5373 3154 5442 compositionem
3198 5389 3326 5430 cum
3361 5374 3634 5429 voluntate

389 5437 622 5532 naturali
641 5438 1012 5532 Christialloc
1029 5444 1134 5528 dici
1157 5461 1261 5500 non
1295 5455 1503 5514 potest:
1529 5449 1657 5518 quia
1691 5450 1738 5505 si
1762 5452 2016 5508 voluntas
2033 5437 2236 5510 Christi
2265 5467 2414 5513 esset
2441 5460 2769 5529 composita,
2793 5437 2956 5515 citam
2982 5470 3178 5516 natura
3195 5462 3318 5532 ejus
3337 5461 3633 5531 composita

388 5525 689 5622 esse-LJSed
858 5529 964 5584 dici
1003 5525 1108 5585 non
1166 5543 1364 5602 potest.
1403 5535 1518 5590 Una
1553 5539 1698 5592 enim
1736 5547 1823 5594 est
1874 5551 2071 5598 natura
2117 5545 2355 5600 humana
2416 5546 2468 5600 iu
2525 5525 2745 5603 Christo
2793 5548 3020 5618 simplex
3054 5566 3067 5602 :
3101 5557 3154 5604 et
3177 5525 3319 5605 in'tcr
3345 5525 3660 5604 hum-auauil

386 5610 616 5699 Christi,
643 5624 698 5668 et
725 5616 970 5671 divinam
1008 5631 1286 5677 ruituram.
1321 5639 1429 5677 non
1464 5623 1630 5680 datur
1664 5627 1771 5680 ulla
1809 5632 2131 5699 compositio
2166 5634 2220 5688 in
2255 5645 2469 5690 natura.

461 5696 723 5763 Quintum
767 5713 1174 5772 argumentum.
1243 5707 1298 5762 Si
1347 5710 1599 5768 voluntas
1653 5714 1907 5786 gnomica
1937 5696 1980 5772 -ι

2116 5721 2216 5776 itur
2271 5737 2334 5776 cx
2384 5723 2618 5782 consilio
2642 5724 2942 5797 etjudicio,
2979 5737 3074 5784 seu
3105 5742 3168 5784 cx
3195 5725 3635 5786 dctermlnationc
