3846 6188
176 288 261 351 5:5
666 244 671 248 ἱ
1051 286 1151 344 AD
1191 282 1695 346 AMPHILOCIIII

1860 282 2174 354 lU/ESTIO
2206 283 2433 343 LXXX.
3275 277 3379 341 546

174 398 364 458 rationis
390 397 450 452 ad
494 414 686 464 unum,
719 398 803 453 vel
861 397 1015 468 plura
1050 397 1228 451 media
1259 413 1323 451 ex
1360 396 1485 451 aliis
1534 396 1804 465 eligenda,
1865 396 2114 466 sequitur
2168 410 2290 449 eam
2333 396 2385 447 in
2424 392 2641 446 Christo
2668 407 2775 445 non
2808 390 3008 446 habere
3039 392 3251 459 locum;
3282 393 3378 447 sed

176 491 381 544 nascitur
407 486 568 541 inde:
608 485 774 557 Ergo.
811 485 1086 539 Probatur
1121 485 1339 554 seque-la
1373 502 1386 539 :
1415 484 1544 553 quia
1578 483 1886 554 ignorantia
1923 499 2029 537 non
2088 484 2252 536 habet
2308 470 2501 535 locum
2538 481 2592 534 in
2643 480 2883 544 Christo,
2934 497 3033 535 nec
3082 481 3376 537 dubitatio.

170 577 367 631 Haheret
400 584 599 635 autem,
629 574 675 628 si
713 582 860 628 esset
899 573 953 626 in
994 573 1088 626 illo
1121 573 1375 626 voluntas
1405 573 1678 641 gnomica,
1729 572 1937 640 inqua,
1968 586 2063 640 per
2118 570 2413 625 consilium
2464 577 2519 623 et
2569 568 3083 622 determinationem
3122 568 3377 630 rationis,

171 675 238 719 est
286 664 530 719 transitus
592 663 662 717 ab
712 662 1022 734 ignorantia
1082 662 1148 716 ad
1204 661 1596 730 cognitionem,
1652 670 1707 715 et
1756 662 1826 716 ab
1872 662 2087 715 incerto
2146 659 2213 713 ad
2252 670 2486 723 certum,
2524 664 2579 711 ct
2632 654 2863 709 mutatio
2901 670 3006 707 non
3043 656 3277 709 amantis
3314 658 3378 708 ad

169 767 396 807 amorem.

226 838 423 891 Sextum
487 844 899 907 argumentum.
962 835 1225 891 Homines
1278 843 1494 892 utentes
1550 837 1831 891 voluntate
1889 836 2168 907 gnomica,
2237 842 2545 905 repugnant
2593 833 2701 887 Deo
2754 850 2767 885 :
2826 845 2960 898 ergo
3015 846 3123 884 non
3182 838 3266 885 est
3324 831 3378 884 in

166 924 369 980 Christo.

226 1012 502 1083 Septimum
536 1020 940 1083 argumentum.
978 1008 1241 1066 Voluntas
1275 1013 1528 1081 gnomica
1565 1025 1648 1068 e5t
1677 1029 1945 1085 propensa
1978 1014 2044 1068 ad
2071 1023 2363 1082 utramque
2388 1010 2700 1073 actionem,
2739 1006 3025 1060 honestam
3066 1004 3293 1068 scilicet,
3320 1017 3384 1060 ac

168 1116 357 1172 pravam
378 1117 393 1166 ;
439 1116 593 1171 ergo.

218 1186 423 1258 Propter
449 1189 563 1243 hac
598 1197 946 1259 argumenta,
980 1187 1210 1243 Photius
1267 1198 1321 1242 et
1346 1188 1440 1243 alii
1500 1204 1567 1243 ne
1598 1190 1911 1260 gnomicam
1947 1192 2168 1262 quidem
2200 1192 2439 1246 divinam
2482 1190 2820 1245 voluntatem
2866 1196 3115 1243 statuunt
3143 1186 3194 1240 in
3221 1182 3386 1241 Chri-

162 1288 250 1331 sto.
279 1275 422 1343 Nam,
454 1277 499 1333 si
529 1278 651 1333 talis
683 1287 765 1333 est
796 1278 850 1331 in
879 1277 1123 1341 Christo,
1152 1277 1239 1331 illa
1264 1286 1357 1330 aut
1378 1278 1563 1331 eadem
1593 1285 1676 1333 est
1713 1295 1836 1333 cum
1873 1282 2150 1335 voluntate
2182 1281 2361 1335 divina
2393 1278 2653 1342 naturali,
2685 1286 2779 1331 aut
2805 1276 3043 1331 diversa.
3077 1276 3132 1329 Si
3166 1275 3382 1333 cadent.

164 1365 392 1421 habemus
422 1379 552 1434 ergo
593 1365 886 1427 intentum,
918 1379 1026 1418 non
1054 1380 1173 1418 esse
1201 1364 1415 1418 scilicet
1480 1365 1641 1417 aliam
1673 1365 1913 1421 divinam
1945 1368 2304 1431 voluntatem,
2328 1376 2525 1436 praeter
2548 1366 2696 1419 illam
2732 1366 3060 1430 naturalem,
3090 1364 3380 1432 tribusque

162 1453 379 1521 personis
409 1468 784 1507 communem.
827 1452 883 1507 Si
916 1467 1050 1506 vero
1103 1452 1287 1506 divina
1311 1451 1566 1505 voluntas
1608 1453 1861 1523 gnomica
1895 1454 1948 1509 in
1983 1456 2203 1510 Christo
2252 1464 2335 1509 est
2366 1454 2470 1507 alia
2510 1468 2539 1506 a
2568 1452 2807 1506 naturali
2835 1452 3019 1505 divina
3055 1452 3381 1517 voluntate;

160 1551 268 1597 tunc
290 1543 386 1597 erit
410 1542 651 1608 diversa,
688 1558 811 1612 qua:
839 1550 924 1597 est
954 1541 1009 1595 in
1041 1541 1217 1604 Patre,
1255 1550 1310 1595 et
1335 1540 1541 1611 Spiritu
1576 1551 1794 1597 sancto.
1828 1542 1935 1599 Sed
1971 1544 2075 1598 hoc
2104 1552 2187 1598 est
2217 1543 2538 1601 absurdum,
2578 1541 2705 1610 quia
2744 1541 2989 1594 omnium
3024 1556 3381 1610 personarum

160 1631 427 1684 divinarum
458 1639 541 1685 est
566 1631 760 1685 eadem
796 1630 1071 1684 voluntas.
1098 1628 1365 1684 Gnomica
1415 1640 1599 1683 autem
1684 1646 1789 1684 non
1854 1638 1941 1685 est
1973 1631 2186 1696 eadem,
2231 1630 2328 1684 sed
2361 1628 2575 1683 diversa
2608 1628 2660 1680 itt
2710 1627 2943 1682 diversis
2970 1628 3381 1698 hypostasibus.

158 1718 309 1785 Quare
333 1719 415 1773 isti
454 1728 707 1774 auctores
754 1710 856 1773 nec
881 1719 934 1772 in
965 1716 1236 1772 Trinitate
1266 1717 1580 1787 gnomicam
1620 1718 1957 1773 voluntatem
1986 1725 2221 1787 ponunt,
2263 1716 2504 1770 maxime
2549 1726 2774 1784 propter
2826 1726 3215 1785 argumentum
3253 1718 3306 1781 5,
3341 1718 3375 1771 6

154 1819 198 1861 et
248 1807 292 1862 7.
349 1807 404 1863 ln
452 1806 726 1862 Trinitate
788 1809 934 1862 enim
1003 1807 1132 1862 licet
1188 1807 1300 1861 sint
1356 1817 1466 1861 tres
1514 1822 1784 1877 personat,
1839 1816 1924 1861 est
1982 1814 2164 1860 tamen
2216 1804 2541 1875 simpliciter
2591 1818 2761 1857 unum
2812 1812 2865 1858 et
2921 1803 3066 1859 idem
3133 1808 3269 1861 velle
3318 1822 3385 1863 ac

153 1894 291 1950 nolle.
2686 1899 2692 1909 '

212 1982 602 2036 Observationes
645 1982 1039 2037 Stewartii.—-—
1096 1981 1224 2037 Huic
1255 1994 1436 2038 tamen
1498 1990 1554 2036 et
1589 1982 1715 2057 alia,
1767 1998 1891 2053 qua:
1945 1981 2177 2037 Photius
2231 1980 2498 2050 disputat,
2552 1995 2662 2035 non
2715 1978 2973 2034 videntur
3037 1981 3384 2036 concludere.

153 2067 297 2136 Cujus
353 2081 670 2140 argumenta
744 2080 803 2125 ut
886 2072 1197 2139 solvantur,
1274 2072 1556 2125 fatendum
1614 2080 1719 2136 est,
1791 2070 1843 2124 in
1903 2070 2123 2126 Christo
2180 2087 2289 2125 non
2358 2070 2528 2124 fuisse
2603 2069 2961 2133 voluntatem,
3050 2071 3133 2125 vel
3204 2081 3388 2125 aetum

153 2160 443 2222 voluntatis,
478 2176 603 2229 quae
639 2160 801 2214 fuerit
832 2171 1009 2222 actus,
1044 2162 1127 2215 vel
1156 2161 1395 2231 potentia
1430 2175 1682 2230 personae
1722 2170 1935 2213 creatae.
1991 2159 2209 2214 Ciarum
2245 2159 2391 2212 enim
2439 2167 2521 2212 est
2571 2158 2623 2211 in
2656 2157 2876 2213 Christo
2915 2173 3203 2227 personam
3232 2174 3392 2213 crea-

153 2254 241 2296 tam
272 2262 368 2297 non
404 2246 603 2301 fuisse.
644 2245 864 2301 Interim
895 2255 1076 2301 tamen
1115 2247 1297 2318 negari
1349 2265 1454 2302 non
1498 2259 1674 2319 potest
1705 2248 1757 2301 in
1788 2247 2009 2303 Christo
2040 2249 2205 2302 fuisse
2222 2249 2564 2301 voluntatem
2618 2246 3030 2300 individualiter
3075 2247 3387 2301 distinctam

148 2333 455 2387 avoluntate
506 2335 831 2388 individuali
875 2334 1259 2405 cujuscunque
1290 2336 1517 2390 alterius
1552 2336 1809 2401 hominis,
1852 2337 2218 2391 abstrahetnlo
2255 2337 2322 2389 ab
2367 2336 2706 2405 hypnstatica
2758 2336 3171 2404 personalitate.
3229 2338 3391 2391 Sicut

147 2421 289 2475 etiam
319 2422 695 2478 abstrahendo
725 2424 795 2478 ab
821 2424 1035 2488 eadem,
1062 2425 1116 2478 in
1145 2424 1364 2479 Christo
1394 2435 1477 2480 est
1511 2422 1862 2479 iudividualis
1894 2432 2084 2475 natura
2138 2421 2399 2483 humana,
2448 2418 2708 2473 distincta
2744 2422 2813 2473 ab
2847 2420 2994 2472 omni
3041 2418 3167 2483 alia,
3199 2427 3253 2472 et
3284 2419 3389 2473 sub

148 2507 226 2562 illa
275 2509 326 2564 in
373 2514 655 2565 communi
689 2513 1109 2581 comprehensa,
1151 2521 1408 2584 tanquam
1446 2513 1719 2581 quoddam
1772 2510 1921 2565 illius
1969 2507 2311 2562 individuum
2361 2525 2375 2561 :
2425 2506 2587 2576 cujus
2627 2506 2979 2561 individualis
3040 2516 3253 2559 natura:
3284 2514 3389 2573 est,

149 2597 486 2654 individualcs
518 2609 572 2653 et
623 2600 931 2669 singulares
959 2601 1205 2656 actiones
1232 2601 1556 2670 producere,
1594 2612 1703 2655 tam
1734 2597 2063 2658 intellectus,
2108 2611 2273 2664 quant
2323 2595 2643 2658 voluntatis,
2693 2611 2815 2663 qua:
2848 2595 2901 2647 in
2941 2594 3226 2647 individuo
3278 2594 3392 2649 dis-

145 2684 443 2753 tinguuntur
474 2688 546 2740 ab
578 2687 887 2741 actionibus
936 2688 1168 2741 aliarum
1196 2698 1522 2743 naturarum
1577 2685 2014 2741 individualium.
2063 2683 2329 2749 Quamvis
2357 2690 2549 2736 natura
2580 2682 2926 2735 individualis
2961 2684 3226 2749 producat
3259 2683 3393 2738 istas

145 2770 362 2826 actiones
394 2774 448 2826 iu
481 2774 606 2828 aliis
633 2774 853 2842 quidem
893 2775 1229 2839 hominibus,
1266 2785 1326 2831 ut
1363 2786 1573 2830 naturae
1603 2774 1966 2829 individuales
2000 2772 2309 2826 subsistunt
2338 2771 2389 2824 in
2428 2771 2820 2840 personalitate
2844 2782 3051 2825 creata.
3082 2772 3136 2824 In
3168 2771 3394 2825 Christo

144 2870 252 2909 vero
274 2868 329 2913 ut
358 2871 558 2915 natura
590 2861 711 2930 ejus
743 2862 980 2916 humana
1014 2864 1265 2919 subsistit
1302 2865 1355 2918 in
1388 2866 1573 2920 divino
1618 2863 1945 2933 supposito;
1981 2860 2125 2929 quod
2159 2867 2343 2912 tamen
2378 2858 2722 2928 suppositum
2756 2873 2853 2926 per
2882 2872 2940 2912 se
2987 2873 3091 2912 non
3125 2858 3300 2912 inﬂuit
3336 2861 3391 2913 in

144 2945 389 3000 actionem
420 2948 572 3001 illam
634 2948 987 3005 individualis
1015 2951 1315 3006 voluntatis
1350 2952 1645 3023 :quamvis
1676 2966 1780 3005 nec
1829 2963 1980 3003 mere
2015 2962 2110 3017 per
2155 2946 2437 3013 accidens,
2483 2955 2537 3000 et
2581 2948 3021 2999 concontitantcr
3069 2961 3191 3001 sese
3226 2947 3394 3001 habet

144 3034 463 3101 suppositum
501 3036 566 3090 ad
604 3036 872 3091 actionem
905 3037 1051 3091 illam
1090 3040 1389 3095 voluntatis
1449 3039 1824 3107 intlividualis,
1883 3036 1977 3091 sed
2027 3043 2113 3090 est
2162 3034 2405 3089 conditio
2456 3034 2835 3104 prserequisita
2888 3035 2955 3087 ad
2994 3034 3267 3103 agendum
3322 3050 3392 3090 ex

142 3128 277 3184 parte
304 3120 516 3187 agentis
552 3130 865 3190 :quatenus
899 3121 1110 3176 nullum
1144 3139 1313 3193 agens
1337 3124 1589 3179 naturale
1611 3138 1774 3193 agerc
1806 3132 1987 3195 potest
2020 3123 2342 3178 naturaliter
2374 3121 2669 3194 loquendo,
2704 3123 2813 3177 nisi
2849 3122 3077 3177 exsistat
3108 3123 3161 3176 in
3185 3138 3393 3193 suppo-s

142 3210 250 3261 aito.
282 3207 354 3262 De
381 3225 496 3280 quo
534 3210 699 3264 latius
725 3209 953 3277 Suarez,
983 3212 1125 3280 disp.
1156 3213 1226 3267 '50
1258 3213 1310 3265 in
1344 3212 1581 3281 Metaplt.
1613 3210 1838 3267 seet.-7.

198 3295 305 3353 1am
353 3315 510 3365 vero,
546 3301 688 3355 sicut
738 3300 954 3367 Petrus,
1001 3301 1154 3359 verbi
1206 3302 1407 3372 gratia,
1446 3317 1542 3372 per
1578 3303 1917 3357 voluntatem
1971 3315 2133 3355 suam
2166 3298 2558 3354 individualem
2592 3299 2943 3354 exsistentem
2990 3298 3043 3352 in
3098 3300 3390 3370 supposito

139 3396 324 3451 Creato,
360 3389 591 3442 tendere
622 3397 803 3457 potest
835 3398 944 3442 tam
986 3389 1041 3443 in
1072 3390 1248 3455 dulce,
1284 3406 1449 3459 quam
1486 3392 1538 3443 in
1574 3404 1846 3452 amarum,
1891 3398 2003 3443 tam
2042 3391 2096 3442 in
2130 3404 2412 3460 magnum,
2453 3404 2618 3458 quam
2648 3389 2701 3441 in
2735 3404 2986 3458 parvum,
3026 3401 3081 3444 et
3107 3389 3161 3443 in
3196 3402 3393 3447 castera

139 3468 331 3537 objecta
364 3471 789 3525 conditionibus
818 3472 1349 3542 aliquibusall‘ecta;
1386 3474 1459 3527 ita
1485 3483 1660 3542 potest
1686 3475 1852 3529 etiam
1879 3477 2057 3541 dulce,
2091 3486 2143 3531 et
2169 3492 2443 3538 amarum,
2476 3486 2619 3542 etc.,
2648 3485 2901 3546 appetere
2928 3493 3021 3547 per
3058 3495 3213 3533 suam
3248 3479 3394 3533 indi-

140 3557 386 3612 vialualem
422 3558 769 3613 voluntatem
806 3560 1027 3627 Paulus,
1061 3570 1167 3616 etc.
1198 3561 1254 3615 Si
1287 3578 1419 3632 ergo
1442 3562 1624 3632 quivis
1674 3564 1841 3618 homo
1890 3565 2187 3634 singularis
2227 3576 2501 3634 quatenus
2534 3565 2698 3619 habet
2733 3564 3067 3631 singularem
3111 3576 3388 3631 naturam,

140 3642 228 3698 hoc
263 3656 461 3714 potest,
498 3648 868 3702 abstrahendo
908 3663 937 3701 a
985 3650 1397 3718 personalitate,
1435 3658 1693 3719 tanquam
1734 3667 1766 3705 a
1808 3650 2080 3720 principio
2121 3650 2381 3705 inﬂuente
2428 3651 2482 3705 in
2537 3650 2805 3704 actionem
2858 3650 3003 3703 illam
3048 3651 3388 3721 voluntatis;

136 3735 367 3800 quamvis
419 3750 536 3789 non
599 3735 970 3790 abstrahentth
1014 3752 1045 3790 a
1096 3738 1505 3807 personalitate,
1554 3747 1614 3792 ut
1664 3745 1748 3794 est
1802 3738 2046 3791 conditio
2089 3739 2282 3809 agendi
2334 3737 2660 3792 naturaliter
2721 3738 2984 3807 requisita
3026 3756 3040 3793 :
3088 3740 3389 3799 absurdum

135 3818 328 3875 videtur
360 3823 551 3877 dicere
631 3822 681 3875 id
724 3822 1005 3877 Christum
1047 3839 1156 3878 non
1190 3826 1458 3895 potuisse,
1498 3835 1552 3879 et
1591 3826 1806 3897 quoties
1855 3825 2060 3895 aliquid
2120 3827 2314 3887 voluit,
2355 3836 2449 3879 aut
2496 3826 2774 3895 appetivit,
2806 3826 2859 3879 id
2895 3836 3105 3879 tantum
3151 3829 3393 3884 voluisse

134 3910 391 3964 communi
428 3911 647 3964 ratione
673 3909 823 3975 boni,
857 3919 912 3965 et
944 3911 998 3965 in
1027 3911 1306 3981 obiectum
1339 3916 1632 3970 tetendisse
1660 3917 1907 3985 praecisis
1936 3915 2197 3970 omnibus
2228 3915 2609 3987 qualitatibus,
2635 3924 2689 3969 et
2708 3914 3119 3970 conditionibus
3141 3919 3389 3987 particu-

135 3994 343 4051 laribus.

192 4082 341 4149 Quod
385 4085 433 4141 si
474 4085 603 4156 quis
638 4085 969 4141 sententiam
994 4086 1309 4144 Grazcorum
1341 4091 1655 4147 accuratius
1689 4092 2021 4157 consideret,
2059 4092 2218 4161 plane
2251 4091 2507 4146 videntur
2537 4092 2680 4147 hanc
2708 4093 3045 4147 voluntatem
3074 4094 3382 4163 gnomicam

132 4168 434 4228 distinxisse
472 4173 695 4227 realiter
733 4188 763 4226 a
791 4174 1030 4242 potentia
1064 4175 1176 4238 illa,
1210 4191 1375 4245 quam
1409 4188 1606 4234 vocant
1640 4180 1742 4250 ipsi
1771 4182 2098 4246 naturalem,
2135 4197 2370 4252 qumque
2393 4181 2570 4235 oritur
2594 4197 2659 4236 ex
2696 4182 2813 4251 ipsa
2862 4192 3056 4236 natura
3095 4183 3376 4253 speciﬁca.

134 4254 382 4315 Videntur
408 4262 579 4316 etiam
615 4260 971 4329 existimasse
1002 4262 1146 4319 hanc
1176 4265 1511 4321 voluntatem
1545 4269 1873 4337 gnomicam,
1907 4278 1962 4324 et
2008 4278 2165 4324 actus
2202 4269 2323 4337 ejus
2374 4268 2622 4323 eil‘ective
2661 4284 2784 4325 esse
2825 4270 2893 4324 ab
2942 4271 3058 4339 ipsa
3108 4287 3368 4341 persona.

131 4344 270 4410 Quod
306 4349 352 4404 si
385 4349 466 4403 ita
498 4358 668 4415 esset,
700 4357 833 4403 tunc
860 4350 1071 4404 clarum
1104 4361 1252 4407 esset
1283 4354 1336 4406 in
1370 4354 1593 4411 Christo
1620 4372 1728 4412 non
1760 4373 1922 4426 posse
1951 4358 2080 4427 poni
2114 4357 2448 4413 voluntatem
2482 4358 2791 4427 gnomicam
2832 4367 3100 4423 creatam,
3141 4375 3266 4415 cum
3315 4362 3373 4415 in

129 4428 236 4499 i950
263 4448 367 4486 ηοη
403 4431 575 4486 me?“
599 4446 830 4500 Persona
850 4442 1056 4497 creat".
1080 4448 1146 4491 εἰ
1172 4451 1276 4505 qua
1309 4437 1620 4507 hujusntodi
1652 4445 1900 4500 voluntas
1927 4446 2167 4499 humana
2204 4446 2454 4515 gnomica
2490 4446 2699 4501 ﬂueret.

191 4516 291 4573 Sed
324 4522 442 4573 hare
473 4518 833 4572 fundamenta
860 4529 988 4574 sunt
1034 4520 1191 4575 falsa.
1240 4523 1376 4589 Quia
1418 4526 1597 4581 omnis
1630 4541 1784 4586 actus
1828 4534 2148 4599 voluntatis,
2193 4534 2593 4603 qualiscunque
2636 4536 2725 4598 sit,
2767 4532 3018 4589 elleclive
3049 4543 3134 4590 est
3180 4535 3249 4590 ab
3283 4536 3371 4591 illa

131 4609 351 4673 potentia
382 4608 607 4661 valendi
639 4623 761 4677 qua:
787 4608 907 4663 ﬂuit
936 4624 999 4663 ex
1044 4611 1360 4669 intrinsecis
1401 4616 1685 4687 principiis
1720 4619 1976 4683 humanae
2015 4630 2244 4676 naturae.
2299 4621 2367 4675 Et
2402 4621 2742 4692 suppositum
2796 4623 2883 4677 hic
2920 4624 2997 4677 nil
3041 4625 3189 4679 aliud
3224 4625 3378 4692 facit,

129 4709 276 4760 quam
317 4695 470 4763 quod
513 4704 599 4749 est
632 4695 895 4759 conditio,
942 4697 1062 4751 sine
1109 4713 1218 4766 qua
1270 4702 1599 4757 naturaliter
1648 4706 1942 4775 loquendo,
1975 4710 2233 4764 voluntas
2264 4709 2473 4763 nullum
2525 4719 2707 4763 actum
2756 4713 2928 4780 possit
2962 4712 3196 4779 elicere,
3233 4716 3380 4769 sicut:

134 4782 443 4872 naturaliter
472 4798 584 4837 non
622 4791 802 4852 potest
829 4783 1094 4839 exsistere
1118 4796 1273 4841 extra
1306 4791 1671 4859 suppositum.
1735 4792 1793 4847 Si
1826 4803 2003 4849 tamen
2050 4807 2203 4850 extra
2253 4810 2396 4852 esset
2421 4812 2518 4865 per
2555 4798 2795 4853 divinam
2833 4800 3158 4868 potentiam,
3212 4817 3377 4872 posse

129 4870 275 4962 etiam
335 4878 497 4927 extra
563 4871 819 4940 cperari,
882 4885 983 4927 nec
1043 4874 1351 4944 requireret
1419 4878 1560 4933 hanc
1615 4882 1987 4936 conditionem
2052 4884 2358 4953 suppositi,
2412 4892 2472 4938 ut
2546 4884 2705 4940 docet
2764 4888 2928 4941 etiam
3003 4870 3228 4944 Suam-—
3267 4891 3389 4947 loco

129 4964 300 5011 ςιιςιιο.

188 5044 261 5097 Ad
286 5044 533 5114 primum
576 5058 961 5112 argumentum
985 5048 1187 5114 Photii,
1215 5061 1442 5123 negatur
1466 5056 1661 5127 major.
1711 5056 1850 5123 Quia
1881 5057 2137 5113 voluntas
2165 5059 2413 5129 goomica
2442 5068 2526 5114 est
2568 5071 2796 5127 naturae,
2832 5078 2939 5118 non
2973 5079 3244 5133 persona,
3278 5065 3386 5124 nisi

129 5140 387 5219 quatenus
425 5147 663 5200 persona
694 5146 779 5187 est
800 5136 1064 5204 conditio,
1102 5139 1223 5195 sine
1262 5156 1370 5211 qua
1412 5143 1668 5199 voluntas
1697 5146 2027 5201 naturaliter
2048 5159 2229 5201 actum
2263 5163 2369 5201 non
2403 5148 2645 5203 eliceret.
2680 5150 2758 5204 Ad
2793 5152 3174 5219 probationem
3217 5154 3383 5209 dico:

127 5214 263 5274 Licet
285 5219 340 5275 in
375 5220 617 5289 singulis
642 5220 955 5278 hominibus
988 5226 1060 5280 sit
1092 5227 1280 5281 eadem
1307 5230 1558 5285 voluntas
1586 5234 1890 5289 secundum
1936 5234 2197 5303 speciem,
2229 5234 2623 5304 multiplicatur
2649 5214 2831 5293 tamen
2872 5240 3284 5296 individualiter
3326 5243 3381 5297 in

128 5306 365 5398 singulis.
412 5306 655 5398 Et,_licet
676 5307 924 5365 voluntas
942 5310 999 5365 in
1039 5316 1317 5369 communi
1339 5319 1623 5373 abstrahat
1660 5323 1689 5373 ὸ
1728 5329 1903 5385 tanto,
1936 5322 2022 5376 vel
2063 5331 2235 5386 tanto,
2275 5332 2407 5386 etc.,
2433 5323 2583 5378 etab
2614 5325 2737 5381 aliis
2773 5329 3184 5385 conditionibus
3214 5329 3385 5398 parti-

126 5393 391 5449 cularihns
426 5394 813 5462 objectorum;
846 5412 952 5451 non
994 5413 1263 5471 repugnat
1292 5414 1471 5461 tamen
1516 5408 1590 5460 illi
1626 5408 1764 5461 velle
1791 5417 2028 5476 tantum,
2058 5410 2137 5463 vel
2170 5417 2405 5475 tantum,
2447 5422 2583 5477 etc.;
2642 5413 2753 5469 imo
2777 5415 2882 5470 hoc
2918 5417 2966 5470 ei
2993 5425 3078 5471 est
3107 5393 3380 5479 naturale,

128 5497 185 5573 eo
209 5485 348 5573 ipso,
383 5485 535 5573 quod
558 5484 745 5540 omnia
773 5484 875 5540 ista
902 5489 1256 5548 continentur
1290 5496 1429 5550 intra
1468 5497 1811 5552 latitudinem
1840 5498 1923 5551 sui
1952 5497 2175 5567 objecti,
2206 5500 2351 5568 quod
2384 5508 2469 5553 est
2496 5499 2700 5555 bonum
2726 5518 2741 5555 :
2778 5503 2921 5557 sicut
2946 5504 3107 5558 etiam
3139 5505 3378 5573 potentia

130 5570 458 5662 intelligendi
490 5587 602 5662 non
631 5580 842 5662 tantum
868 5584 1053 5662 potest
1075 5581 1294 5637 tendere
1321 5584 1375 5639 in
1398 5601 1588 5639 verum
1623 5587 1675 5640 in
1705 5585 2010 5646 communi,
2041 5586 2135 5640 sed
2164 5585 2326 5641 etiam
2356 5586 2409 5641 in
2436 5588 2538 5642 hoc
2564 5590 2647 5643 vel
2666 5589 2795 5645 illud
2822 5608 3008 5646 verum
3029 5570 3376 5662 particularc,

132 5658 223 5750 loc
249 5660 333 5714 vel
362 5659 461 5714 illo
479 5659 592 5715 veri
626 5660 1092 5750 modo‘aﬂectum.
1129 5668 1311 5733 Quare
1341 5674 1505 5727 etiam
1537 5674 1801 5730 voluntati
1831 5678 2104 5739 humanae,
2140 5684 2199 5730 ut
2222 5675 2473 5731 voluntas
2513 5687 2618 5742 est,
2654 5680 2924 5746 convenit,
2960 5658 3214 5750 ill—p085“
3243 5682 3381 5736 velte

136 5746 350 5815 tonum,
387 5753 669 5840 et‘emnes
699 5746 1036 5809 differentias
1073 5755 1197 5811 boni
1229 5775 1241 5811 :
1274 5760 1426 5827 item,
1469 5772 1528 5817 ut
1558 5762 1730 5833 possit
1759 5763 2197 5840 fugeremalum,
2233 5772 2287 5820 ct
2313 5779 2505 5821 omnes
2525 5764 2857 5822 diﬂ‘ercntias
2879 5746 3202 5825 maliuNam
3232 5769 3378 5840 quod

438 5838 711 5899 PATROL.
757 5841 874 5901 Gn.
921 5844 1018 5905 Cl.
1959 5836 1966 5843 ’
2908 5860 2985 5921 18
