3846 6188
387 343 392 348 _
431 253 532 317 547
1602 249 1865 312 PHOTII
1897 244 2402 311 PATRIARCILE
2437 248 2546 313 cr.
3574 257 3662 323 sig

428 376 617 440 postea
646 364 934 420 actualitcr
961 364 1065 421 iste
1090 363 1174 421 vel
1197 364 1298 422 istc
1321 379 1430 421 non
1461 377 1737 430 versatur,
1781 365 1927 420 circa
1959 363 2348 434 appetitionem
2390 365 2554 436 hujus
2584 366 2670 422 vel
2701 366 2847 423 illius
2889 367 2943 423 iii
2993 367 3294 433 individuo,
3324 381 3445 422 cum
3482 372 3565 425 tali
3594 377 3662 430 vel

428 456 523 511 tali
558 455 742 518 modo,
777 468 873 523 per
901 452 1156 510 accidens
1184 461 1310 510 est:
1346 461 1559 524 posset,
1592 453 1639 508 si
1667 453 1846 519 vellet,
1871 459 2140 522 quantum
2170 461 2255 506 est
2287 453 2514 522 praecise
2539 467 2604 507 ex
2650 453 2767 525 ipsa
2809 455 3111 520 voluntate,
3145 471 3267 525 qua:
3307 456 3377 510 ita
3423 468 3504 511 est
3535 475 3662 514 com-

431 551 641 614 parata.
669 551 729 596 ut
754 541 920 596 homo
950 557 1043 610 per
1082 542 1230 597 illam
1260 543 1435 612 possit
1465 541 1688 598 tendere
1716 542 1770 595 in
1801 540 2172 611 quodcunque
2201 540 2532 610 particulare
2580 541 2808 610 bonum,
2857 545 2960 597 sub
2993 558 3322 612 quocunque
3377 545 3550 609 modo,
3586 549 3661 616 qui

428 634 500 688 sit
529 635 671 686 intra
701 631 1049 685 latitudinem
1081 631 1276 698 objecti
1302 630 1604 686 voluntatis
1632 630 1685 684 in
1718 627 2021 685 communi.

499 721 580 776 Ex
618 721 820 790 quibus
844 730 1068 790 apparet
1089 721 1254 774 etiam
1280 720 1332 773 in
1361 718 1582 774 Christo
1615 719 1758 772 hanc
1783 718 2121 771 voluntatem
2155 729 2317 785 posse
2349 715 2498 786 poni,
2531 730 2639 770 non
2671 723 2883 772 tantum
2915 717 2968 770 in
2999 712 3148 782 actu,
3173 720 3326 787 quasi
3353 720 3548 790 primo,
3577 723 3660 776 sed

426 809 589 864 etiam
625 810 676 862 in
705 819 969 864 secundo.
1002 806 1188 876 Neque
1209 806 1356 861 enim
1381 806 1547 860 ullam
1590 805 2064 875 itnperfcctionem
2107 802 2336 858 includit
2381 803 2518 858 velle
2541 813 2755 859 tantum
2800 805 2889 858 vel
2925 814 3159 869 tantum,
3205 807 3363 862 dulce
3414 808 3499 862 vel
3534 825 3663 862 aina-

429 914 574 960 rum,
603 905 709 950 etc.
739 895 804 949 Et
834 911 958 950 cum
985 894 1240 948 voluntas
1271 894 1383 947 haec
1412 893 1665 963 gnomiea
1740 908 1848 947 non
1884 891 1958 947 sit
2005 907 2034 944 a
2065 905 2321 960 persona,
2348 900 2605 959 tanqttatn
2635 907 2662 944 a
2700 893 2974 961 principio
3004 895 3386 956 emanatinnis,
3433 905 3521 948 aut
3551 893 3662 949 eil'e'.

429 986 594 1048 etivo,
629 984 702 1038 nil
734 983 920 1046 refert,
947 998 1077 1036 num
1109 982 1342 1036 exsistat
1377 982 1429 1035 in
1458 981 1736 1053 hypostasi
1770 982 2011 1035 humana
2038 987 2092 1033 et
2115 987 2316 1041 creata,
2356 987 2417 1032 ut
2453 980 2511 1031 lit
2541 979 2592 1032 in
2619 979 2743 1033 aliis
2774 979 3093 1038 hominibus
3127 995 3141 1034 :
3188 997 3255 1035 an
3279 997 3412 1036 vero
3439 983 3489 1034 in
3518 984 3666 1052 hypoa

429 1073 560 1128 stasi
589 1073 852 1136 increata,
887 1080 940 1126 et
968 1070 1172 1134 divina,
1203 1078 1264 1123 ut
1287 1069 1556 1139 contingit
1586 1069 1639 1123 in
1660 1068 1920 1135 Christo;
1957 1081 2082 1121 cum
2117 1066 2423 1138 hypostasis
2461 1066 2535 1121 sit
2582 1066 2842 1122 voluntati
2888 1077 3099 1123 tantum
3157 1071 3399 1124 conditio
3437 1070 3548 1124 sine
3575 1087 3664 1141 qua

429 1173 537 1212 non
568 1155 784 1224 agendi.

499 1243 579 1297 Ad
611 1241 910 1297 secundum
949 1249 1339 1311 argumentum
1366 1238 1545 1293 Photii
1585 1247 1816 1310 negatur
1846 1240 2189 1296 antecedens.
2216 1236 2354 1294 Nam
2385 1239 2709 1296 electionem
2757 1257 2878 1297 esse
2923 1242 2979 1296 in
3029 1241 3257 1298 Christo
3300 1253 3450 1314 patet
3495 1261 3552 1299 ex
3590 1247 3667 1300 illo

430 1329 584 1382 lsaite
615 1328 732 1396 (vti,
776 1326 858 1397 l5)
897 1341 911 1378 :
946 1326 1208 1394 Butyrunt
1239 1334 1289 1378 et
1321 1322 1422 1376 mel
1467 1327 1720 1388 comedet,
1752 1323 1964 1379 utsciat
2006 1328 2288 1396 reprobare
2332 1328 2555 1394 malum,
2589 1339 2636 1382 et
2666 1329 2855 1399 eligere
2891 1330 3102 1384 bonum.
3142 1331 3252 1386 Nec
3280 1344 3358 1386 est
3395 1332 3458 1386 de
3486 1334 3667 1389 ratione

427 1412 732 1477 electionis,
760 1413 824 1464 'ut
849 1411 1016 1481 possit
1047 1413 1210 1465 etiam
1248 1411 1450 1464 malum
1483 1412 1703 1480 eligere.
1737 1407 1882 1465 Satis
1920 1419 2028 1476 est,
2056 1419 2116 1464 nt
2147 1412 2342 1466 habeat
2390 1410 2817 1468 indill'erentiam
2865 1425 3116 1484 respectu
3161 1416 3462 1470 bonorum.
3521 1417 3578 1472 Et
3620 1420 3666 1472 in

427 1502 643 1556 Christo
670 1509 750 1554 est
783 1500 1012 1554 liberum
1048 1498 1360 1562 arbitrium,
1389 1508 1449 1552 ut
1491 1508 1676 1566 postea
1716 1499 2020 1554 videbimus
2052 1518 2063 1551 :
2103 1515 2235 1568 ergo
2269 1501 2433 1554 etiam
2463 1501 2678 1555 electio.

493 1589 574 1642 Ad
610 1589 832 1642 tertium
866 1597 1252 1658 argumentum
1286 1586 1668 1653 respondetur,
1719 1586 2053 1642 voluntatem
2076 1585 2710 1658 ltumanam‘gnomicam
2742 1589 2948 1646 Christi
2979 1591 3370 1646 individualcm
3419 1592 3619 1646 differre
3643 1612 3670 1648 a

424 1673 798 1728 voluntatibus
831 1671 1102 1741 gnomicis
1151 1669 1492 1740 singulorum
1549 1669 1852 1735 hominum,
1890 1677 1944 1724 et
1993 1670 2211 1730 differre
2262 1678 2427 1731 etiam
2489 1675 2708 1731 realiter
2745 1694 2777 1734 a
2817 1678 3096 1734 voluntate
3145 1678 3418 1736 Patris-et
3461 1679 3672 1751 Spit-ius

427 1763 627 1829 sancti,
651 1763 764 1818 sive
789 1769 1064 1830 spectetur
1093 1768 1152 1813 ut
1188 1771 1274 1814 est
1304 1760 1567 1829 potentia,
1606 1759 1722 1816 sive
1752 1769 1811 1813 ttt
1843 1767 2130 1818 est'actus.

497 1852 760 1918 Quartum
790 1856 1176 1918 argumentum
1208 1845 1282 1900 nil
1307 1846 1469 1900 valet.
1500 1843 1636 1900 Nam
1670 1846 1922 1902 voluntas
1948 1849 2198 1917 gnomica
2225 1860 2309 1906 est
2331 1859 2508 1917 actus,
2560 1867 2669 1908 non
2714 1853 2977 1924 potentia.
3011 1853 3075 1909 Et
3118 1856 3163 1909 si
3195 1863 3280 1909 est
3322 1857 3574 1926 potentia,
3603 1865 3673 1912 est

427 1939 615 1993 eadem
647 1937 888 2008 potentia
916 1935 1218 1992 secundum
1241 1935 1526 1990 entitatem
1553 1951 1680 1990 cum
1706 1937 1986 1992 voluntate
2013 1939 2272 2003 naturali,
2303 1950 2357 1996 et
2391 1941 2681 2011 specilica;
2711 1951 2766 1997 et
2793 1942 2874 1998 sic
2901 1942 3052 1997 nulla
3101 1956 3188 1998 est
3221 1947 3546 2014 compositio
3593 1963 3671 1998 vo-

427 2025 704 2079 luntatum
731 2043 746 2080 :
779 2024 872 2078 sed
904 2031 1034 2078 sunt
1066 2033 1274 2076 tantum
1306 2022 1535 2077 diversae
1565 2023 1828 2090 rationes,
1852 2024 2094 2081 fundata
2118 2026 2173 2081 in
2199 2027 2392 2083 eadem
2424 2030 2650 2086 cntitate
2683 2031 3002 2086 voluntatis.
3040 2030 3105 2086 Et
3137 2045 3558 2102 consequenter,
3587 2048 3674 2086 nec

428 2115 528 2169 crit
565 2114 893 2185 compositio
929 2121 1276 2167 naturarum.
1310 2111 1400 2174 Et,
1439 2112 1487 2167 si
1531 2122 1916 2183 argumentum
1957 2113 2180 2179 valeret,
2211 2115 2469 2186 probaret
2498 2117 2663 2172 etiam
2693 2118 2748 2172 in
2777 2118 3012 2188 singulis
3047 2119 3366 2174 hominibus
3398 2135 3518 2174 esse
3542 2136 3668 2174 cotu-

430 2204 662 2274 positam
691 2205 1050 2268 voluntatem,
1084 2212 1140 2256 et
1178 2212 1576 2270 consequenter
1623 2203 1979 2272 compositam
2011 2212 2260 2257 naturam
2286 2219 2350 2259 ex
2380 2204 2594 2262 duabus
2621 2207 2836 2263 naturis
2873 2205 3154 2280 perfectis,
3199 2219 3257 2264 et
3293 2209 3518 2280 integris
3552 2225 3672 2263 :na-

431 2305 608 2346 turam
633 2292 780 2344 enim
804 2307 871 2344 ex
900 2290 1230 2360 imperfectis
1260 2289 1470 2344 naturis
1489 2291 1743 2358 componi
1778 2290 1855 2344 nil
1883 2299 1969 2345 est
1997 2289 2245 2344 absurdi.

501 2377 580 2431 Ad
609 2377 863 2448 quintum
895 2388 1144 2450 negatur,
1181 2380 1248 2434 de
1284 2378 1496 2432 ratione
1517 2377 1733 2432 consilii
1761 2391 1885 2433 esse
1915 2377 2305 2449 ignorantiam,
2353 2377 2438 2434 vel
2469 2379 2888 2437 dubitationem.
2937 2381 3094 2440 Licet
3138 2382 3288 2438 enim
3345 2384 3401 2440 in
3450 2384 3592 2438 nobis
3627 2384 3674 2439 id

431 2469 506 2522 ita
553 2469 788 2531 accidat,
833 2481 898 2521 eo
935 2466 1078 2535 quod
1126 2483 1236 2521 non
1285 2464 1588 2520 habeamus
1637 2465 2009 2536 cognitionem
2057 2468 2304 2523 omnium
2342 2486 2548 2536 rerum,
2597 2473 2740 2528 sicut
2786 2471 3044 2528 Christus
3077 2474 3362 2541 habebat;
3415 2475 3674 2529 consilium

431 2566 610 2610 tamen
647 2571 741 2625 per
765 2571 844 2622 se,
879 2571 986 2610 non
1011 2555 1242 2610 includit
1263 2554 1632 2627 ignorantiam
1675 2562 1731 2608 et
1771 2553 2195 2610 dubitationem.
2240 2557 2396 2625 Quod
2426 2569 2636 2616 eertum
2688 2574 2796 2630 est,
2845 2562 2891 2618 si
2931 2563 3225 2619 consilium
3258 2565 3560 2635 accipiatur
3593 2579 3678 2633 pro

432 2643 550 2714 ipso
577 2643 807 2714 judicio,
835 2657 930 2698 seu
953 2643 1248 2708 sententia,
1278 2657 1386 2713 qua
1421 2656 1516 2712 per
1545 2640 1812 2695 rationem
1856 2645 2222 2710 concluditur,
2256 2647 2387 2716 quid
2415 2648 2488 2702 sit
2526 2649 2816 2719 agendum.
2840 2649 2961 2716 Quo
3003 2661 3159 2720 pacto
3207 2652 3499 2706 consilium
3536 2651 3673 2704 etiam

429 2735 485 2786 in
513 2731 622 2786 Deo
652 2730 777 2801 poni
809 2738 1010 2799 potest.
1044 2729 1099 2784 Si
1137 2744 1268 2784 vero
1297 2727 1590 2784 consilium
1618 2727 1926 2797 accipiatur
1955 2747 2054 2802 pro
2092 2734 2149 2789 in
2163 2736 2464 2805 quisitioue
2508 2738 2575 2792 de
2601 2753 2687 2804 eo,
2724 2738 2868 2807 quod
2909 2751 2992 2793 est
3019 2739 3286 2809 agendum
3330 2756 3345 2793 :
3378 2741 3457 2795 sic
3483 2739 3674 2809 quidem

428 2821 484 2876 in
517 2820 674 2875 nobis
708 2817 952 2890 procedit
980 2817 1274 2873 consilium
1305 2831 1373 2872 ex
1395 2814 1706 2886 ignorantia
1731 2824 1783 2869 et
1811 2817 2186 2892 dubitatione;
2221 2825 2274 2878 in
2312 2824 2535 2881 Christo
2569 2837 2753 2881 tamen
2808 2835 3017 2882 tantum
3062 2829 3400 2883 eonnotabat
3447 2843 3676 2899 progres-

431 2924 553 2964 sum
583 2908 650 2962 ab
677 2922 786 2980 ιιιᾈο
809 2905 875 2960 ad
903 2907 1157 2969 alterum.
1191 2905 1400 2975 absque
1429 2903 1740 2971 ignorantia
1765 2904 1847 2958 vel
1881 2903 2072 2966 dubio.
2100 2911 2212 2968 Nec
2243 2914 2348 2969 hoc
2369 2917 2544 2986 magis
2565 2927 2649 2971 est
2682 2917 2999 2982 absurdum,
3049 2932 3214 2986 quam
3266 2918 3418 2986 quod
3449 2917 3676 2971 Christus

429 2998 786 3052 discurrendo
845 3008 941 3064 per
992 2993 1350 3059 intellectum,
1401 2990 1732 3060 procedebat
1773 3007 1803 3046 a
1851 2996 2152 3063 praemissis
2187 3001 2349 3068 notis,
2393 3003 2460 3057 ad
2513 3003 2925 3059 conclusionem
2971 3014 3199 3068 notam;
3245 3005 3383 3060 licet
3423 3006 3678 3060 discursus

429 3087 638 3144 dicatur
663 3099 786 3138 esse
813 3098 844 3137 a
879 3090 1009 3136 noto
1038 3085 1107 3136 ad
1137 3081 1384 3151 ignotum
1415 3100 1429 3136 :
1483 3081 1578 3137 sed
1617 3081 1724 3137 hoc
1769 3095 1867 3150 per
1912 3084 2186 3153 accidens,
2214 3101 2272 3144 ut
2301 3084 2450 3162 patet
2489 3093 2654 3147 etiam
2696 3093 2750 3147 in
2790 3093 2910 3149 viro
2954 3093 3138 3158 docto,
3185 3110 3313 3149 cum
3362 3096 3677 3167 syllogismos

430 3174 562 3229 facit
600 3173 668 3228 de
713 3170 1068 3227 conclusione
1118 3169 1227 3224 sibi
1287 3184 1395 3222 non
1438 3170 1648 3240 ignota.
1696 3168 1857 3240 Ergo,
1908 3171 2050 3226 sicut
2087 3173 2340 3235 Christus
2381 3179 2485 3235 fuit
2531 3181 2853 3235 discursivus
2905 3181 3024 3236 sine
3060 3181 3442 3251 dubitatione;
3491 3185 3558 3238 ita
3594 3183 3679 3236 fuit

431 3261 593 3318 etiam
623 3258 990 3313 consilialivus
1018 3257 1139 3311 sine
1170 3257 1498 3326 ignorantia,
1549 3268 1656 3313 etc.
1713 3255 1829 3313 Nisi
1877 3259 2002 3328 quis
2033 3265 2335 3320 secundum
2385 3270 2741 3330 sententiam,
2788 3284 2914 3340 quae
2970 3277 3130 3341 negat
3173 3271 3458 3327 Christum
3507 3273 3676 3326 habere

433 3353 722 3408 scientiam
756 3349 1086 3420 acquisitain
1135 3363 1164 3400 a
1209 3348 1386 3417 primo
1432 3346 1657 3403 instanti
1692 3348 2107 3419 incarnationis,
2147 3352 2328 3408 dicere
2371 3355 2518 3416 velit,
2553 3358 2767 3412 ratione
2812 3357 3054 3413 scientiae
3096 3361 3354 3425 praeticze
3407 3363 3675 3431 acquisita,

431 3458 557 3497 eum
591 3439 849 3494 habuisse
889 3436 1180 3493 consilium
1223 3435 1464 3492 secundo
1502 3436 1663 3491 modo
1693 3447 1974 3508 sutnptum
2006 3440 2074 3496 de
2105 3456 2194 3506 eo,
2224 3440 2374 3511 quod
2403 3443 2842 3508 nesciebat,.non
2874 3444 3214 3514 simpliciter,
3257 3449 3356 3502 sed
3405 3465 3499 3518 per
3523 3452 3680 3502 scien-

433 3531 565 3586 tiam
591 3529 940 3599 acquisitam.
976 3528 1090 3582 Etsi
1119 3526 1392 3582 dubitatio
1407 3527 1572 3582 etiam
1599 3527 1688 3584 hic
1719 3528 1990 3585 removeri
2013 3529 2194 3585 debet.
2219 3528 2408 3604 Neque
2444 3547 2592 3589 emm
2623 3531 2678 3586 in
2718 3531 2940 3589 Christo
2973 3533 3119 3588 ullus
3151 3533 3255 3589 fuit
3285 3545 3449 3591 actus
3490 3536 3677 3590 intelle-

433 3618 634 3674 ctualis
663 3616 1022 3672 dubitativus.
1324 3661 1330 3668 .

502 3705 638 3762 Esse
667 3712 847 3759 autem
883 3705 937 3758 in
965 3701 1186 3758 Christo
1224 3701 1542 3772 consilium,
1567 3706 1788 3762 videtur
1833 3707 1997 3762 etiam
2033 3708 2257 3779 planum
2298 3711 2414 3766 fieri
2444 3727 2510 3767 ex
2556 3724 2644 3777 eo,
2675 3709 2822 3782 quod
2856 3711 2927 3767 ab
2961 3711 3108 3767 Isaia
3150 3711 3248 3784 (ix,
3282 3715 3342 3783 6)
3403 3714 3676 3784 appellatur

432 3793 612 3866 magni
642 3791 857 3847 consilii
888 3790 1131 3861 angelus.
1169 3789 1270 3846 Ubi
1303 3808 1504 3849 nomen
1535 3797 1748 3852 consilii
1797 3810 1908 3850 non
1939 3807 2150 3853 tantum
2181 3795 2498 3867 improprie,
2529 3810 2632 3866 pro
2672 3811 2894 3866 gnome,
2927 3811 3025 3851 seu
3063 3800 3364 3862 sententia,
3393 3799 3485 3852 sed
3535 3799 3676 3851 etiam

434 3899 530 3954 pro
563 3884 679 3953 ipsa
712 3879 1071 3950 inquisitione
1099 3882 1434 3952 agendorum
1475 3883 1649 3953 accipi
1677 3891 1880 3955 potest.
1947 3933 1950 3938 .

505 3971 584 4024 Ad
609 3979 822 4024 sextum
848 3980 1230 4039 argumentum
1253 3968 1435 4025 Photii
1465 3972 1849 4040 respondetur,
1900 3969 1974 4024 nil
2009 3971 2156 4026 aliud
2188 3970 2428 4041 probari,
2457 3986 2621 4040 quam
2669 3969 3002 4025 voluntatem
3045 3972 3358 4041 gnomicam
3396 3988 3501 4025 non
3532 3971 3676 4026 fuisse

435 4061 486 4110 in
513 4057 732 4112 Christo
763 4071 889 4110 cum
921 4056 1300 4126 peccabilitate
1334 4074 1496 4127 :qua:
1525 4073 1632 4113 non
1661 4068 1745 4114 est
1777 4057 2062 4128 perfectio,
2094 4056 2188 4111 sed
2217 4054 2578 4124 imperfectio.

501 4146 580 4199 Ad
612 4145 906 4214 septimum
929 4143 1292 4214 respondetur
1313 4148 1505 4200 eodem
1546 4147 1732 4200 modo.
1755 4143 1875 4200 Non
1901 4145 2047 4199 enim
2077 4152 2160 4199 est
2188 4144 2255 4198 de
2282 4145 2494 4198 ratione
2525 4140 2822 4197 voluntatis
2844 4141 3132 4211 guomicae,
3171 4152 3228 4197 ut
3261 4144 3447 4212 possit
3480 4140 3677 4197 tendere

434 4234 488 4288 in
530 4235 731 4287 bonum
764 4233 892 4288 etin
928 4232 1132 4285 malum
1170 4250 1184 4286 :
1223 4233 1369 4287 sicut
1409 4249 1587 4302 neque
1616 4241 1700 4287 est
1731 4234 1797 4287 de
1828 4232 2040 4290 ratione
2066 4231 2221 4284 liberi
2253 4229 2484 4296 arbitrii,
2512 4239 2570 4284 ut
2608 4239 2754 4300 patet
2788 4230 2842 4284 in
2876 4231 3007 4296 Deo,
3038 4240 3144 4285 etc.

503 4323 583 4376 Ad
618 4322 691 4385 id,
719 4322 863 4392 quod
902 4317 1136 4375 Photius
1185 4321 1334 4375 addit
1369 4322 1436 4374 de
1469 4322 1751 4375 voluntate
1801 4319 1994 4372 divina
2046 4319 2319 4389 gnomica,
2369 4319 2733 4388 respondetur
2766 4335 2780 4372 :
2836 4317 3169 4372 voluntatem
3216 4318 3463 4374 divinam
3496 4315 3676 4372 Christi

433 4410 743 4480 gnomicatn
793 4409 1019 4464 entitate
1064 4423 1186 4462 esse
1225 4423 1388 4463 unam
1428 4409 1789 4477 eamdemque
1831 4422 1955 4460 cum
1998 4407 2273 4460 voluntate
2305 4403 2506 4470 Patris,
2547 4414 2604 4460 et
2645 4403 2880 4474 Spiritus
2904 4409 3098 4460 sancti.
3127 4403 3284 4459 Sicut
3317 4407 3483 4460 etiam
3517 4418 3613 4457 una
3632 4413 3677 4456 et

434 4499 624 4552 eadem
657 4506 764 4562 est,
799 4497 978 4566 quoad
1012 4505 1218 4551 actum.
1249 4494 1308 4550 Si
1344 4497 1489 4550 enim
1525 4495 1780 4550 voluntas
1827 4495 2080 4565 guomica
2112 4493 2395 4548 hominum
2432 4507 2539 4546 non
2563 4491 2915 4558 distinguitur
2957 4508 2987 4546 a
3029 4493 3310 4547 voluntate
3336 4493 3564 4547 naturali
3603 4505 3676 4544 sc-

436 4586 673 4639 cundum
708 4587 1017 4648 entitatem,
1054 4583 1226 4638 multo
1260 4583 1444 4639 minus
1464 4583 1834 4653 distinguctur
1867 4582 1922 4636 in
1955 4581 2178 4636 divinis.
2204 4579 2271 4634 Et
2299 4580 2551 4650 quamvis
2579 4579 2633 4633 in
2659 4580 2994 4647 hominibus,
3037 4583 3217 4650 quoad
3250 4591 3461 4645 actum,
3489 4579 3676 4635 dill'etat

434 4673 687 4726 voluntas
780 4671 1054 4742 gnomiea,
1135 4687 1244 4726 non
1295 4671 1484 4739 modo,
1543 4679 1815 4740 quatenus
1885 4657 2234 4724 individualis
2323 4681 2480 4725 actus
2560 4671 2726 4726 unius
2791 4685 2900 4725 non
2965 4681 3045 4727 est
3111 4670 3470 4726 individnalis
3543 4681 3679 4723 acuis

435 4761 701 4814 alterius:
766 4760 860 4814 sed
927 4759 1114 4823 etiam,
1181 4769 1458 4828 quatenus
1524 4774 1666 4813 unus
1739 4757 1876 4820 vult,
1951 4759 2086 4811 alter
2143 4771 2254 4810 non
2325 4757 2460 4820 vult,
2520 4767 2580 4811 ut
2630 4767 2902 4825 quatenus
2960 4761 3063 4813 iste
3118 4761 3234 4813 vult
3325 4761 3510 4823 dulce,
3560 4759 3676 4809 alter

437 4863 711 4912 amarum,
777 4859 834 4902 et
893 4848 973 4902 sic
1021 4849 1123 4902 sibi
1175 4858 1367 4902 mutuo
1422 4848 1496 4902 ob
1563 4848 1743 4902 varias
1772 4849 2074 4900 sententias
2104 4855 2450 4917 repugnant:
2488 4855 2672 4901 tamen
2701 4848 2756 4902 in
2785 4847 2985 4903 divinis
3016 4849 3120 4904 hoc
3143 4864 3250 4903 non
3283 4851 3380 4905 lit:
3421 4849 3514 4903 sed
3542 4855 3677 4901 actus

438 4936 732 4992 voluntatis
761 4936 922 4989 unius
955 4951 1221 5005 personas,
1258 4944 1342 4990 est
1399 4934 1722 5003 simpliciter
1755 4933 1922 4987 etiam
1966 4944 2122 4988 actus
2175 4935 2404 4988 alterius
2463 4935 2770 4989 secundum
2816 4936 3125 4991 entitatem.
3167 4934 3281 4991 Nec
3314 4952 3425 4991 una
3465 4946 3673 5005 persona

438 5026 554 5080 vult
586 5025 707 5088 hoc,
742 5023 848 5077 alia
881 5022 1034 5086 illud,
1066 5031 1290 5092 propter
1321 5021 1567 5092 ejusdem
1612 5037 1844 5079 numero
1870 5035 2100 5085 naturai,
2123 5031 2182 5076 et
2209 5031 2608 5091 consequenter
2631 5023 2928 5080 voluntatis
2958 5026 3514 5080 communicationem
3544 5039 3556 5074 :
3594 5021 3671 5074 sed

436 5113 720 5168 tiutnerica
760 5111 876 5165 haec
913 5108 1192 5164 distinctio
1225 5119 1470 5174 actuum,
1505 5120 1560 5166 et
1590 5113 1948 5182 repugnantia
1983 5109 2129 5165 circa
2159 5103 2398 5172 objecta,
2432 5114 2654 5160 nonest
2686 5107 3011 5175 simpliciter
3040 5108 3110 5162 de
3148 5108 3364 5162 ratione
3397 5106 3675 5162 voluntatis

438 5198 726 5268 gnomicae,
755 5195 820 5249 ad
841 5193 1000 5263 cujus
1031 5195 1298 5248 rationem
1326 5194 1431 5249 hoc
1463 5204 1672 5250 tantum
1707 5197 1963 5264 pertinet,
1989 5201 2048 5246 ut
2073 5192 2144 5248 sit
2169 5189 2406 5260 alicujus
2432 5189 2722 5254 individui,
2755 5202 2811 5247 et
2835 5194 3218 5263 proficiscatur
3248 5211 3313 5249 ex
3347 5209 3562 5264 guome,
3593 5206 3675 5245 seu

437 5287 704 5342 sententia
734 5285 1065 5354 decretoque
1088 5283 1320 5338 rationis
1348 5283 1498 5340 circa
1528 5287 1749 5355 agibile,
1781 5295 1836 5341 et
1865 5294 1925 5340 ut
1951 5291 2202 5339 versetur
2232 5281 2381 5336 circa
2411 5281 2691 5352 ohjectum
2721 5283 3015 5340 voluntatis
3040 5286 3371 5348 conditione,
3409 5284 3490 5337 vel
3516 5281 3672 5351 quali-

439 5385 552 5430 tate
572 5375 752 5446 aliqua
779 5373 1061 5438 allectum,
1103 5381 1164 5427 ut
1189 5381 1274 5427 est
1305 5382 1518 5428 tantum
1553 5374 1635 5429 vel
1660 5384 1894 5438 tantum,
1928 5374 2087 5428 dulce
2112 5369 2197 5424 vel
2230 5383 2502 5423 amarum.
2544 5369 2607 5424 Et
2637 5371 2785 5439 quod
2817 5371 2873 5426 in
2903 5373 3103 5428 divinis
3147 5388 3254 5426 non
3287 5372 3356 5425 sit
3393 5383 3677 5439 repugnan-

437 5464 512 5518 tia
536 5462 858 5528 voluntatis,
892 5475 994 5515 nec
1025 5459 1206 5530 quoad
1246 5467 1452 5527 actum,
1493 5477 1594 5516 nec
1631 5462 1812 5532 quoad
1859 5460 2087 5516 voli’tutn
2127 5458 2380 5523 formale,
2423 5457 2508 5512 vel
2548 5459 2856 5524 tnateriale,
2895 5460 2949 5515 id
2990 5460 3050 5515 lit
3093 5470 3312 5529 propter
3359 5459 3671 5514 identitatem

436 5551 684 5621 ejusdem
713 5557 946 5604 naturae.
976 5546 1045 5601 Et
1073 5546 1119 5602 si
1161 5547 1214 5601 in
1249 5547 1525 5614 humanis,
1561 5549 1708 5602 verbi
1741 5549 1938 5618 gratia,
1975 5558 2084 5604 tres
2121 5561 2368 5619 persona:
2396 5548 2890 5617 communicarent,
2923 5559 2975 5603 et
3000 5550 3411 5618 suppositarent
3447 5544 3672 5600 canitiem

434 5651 708 5706 naturam,
741 5653 849 5693 non
882 5645 1030 5691 esset
1056 5636 1218 5692 etiam
1252 5637 1362 5691 ulla
1395 5637 1693 5692 diversitas
1723 5637 1775 5689 in
1812 5637 2130 5704 voluntate;
2167 5646 2222 5690 et
2253 5644 2434 5689 tamen
2477 5633 2680 5702 Optime
2709 5649 2998 5705 possemus
3028 5634 3102 5691 ibi
3131 5635 3470 5692 constituere
3502 5629 3674 5687 volun-

437 5737 606 5783 tatcu:
635 5726 963 5798 gnomicam,
1001 5741 1068 5785 eo
1093 5724 1277 5794 modo,
1308 5739 1419 5795 quo
1459 5724 1712 5780 voluntas
1735 5723 1840 5779 ista
1873 5723 2139 5781 hactenus
2175 5721 2445 5792 explicata
2479 5730 2583 5776 est.
