3846 6188
187 272 286 344 549

1035 279 1125 339 AD
1167 261 1762 339 AMPHILOCHIUM
1811 258 2159 350 QU.‘ESTIO
2193 281 2455 341 LXXXI.

3332 286 3436 352 .550

253 392 372 447 [iam
404 391 474 448 de
504 391 838 462 argumentis
865 391 1064 455 I’hmii,
1090 392 1185 462 qui
1211 392 1487 460 opinionis
1518 406 1631 445 suae
1671 398 1857 451 tenax.
1885 392 2195 459 gnomicatn
2227 392 2563 447 voluntatem
2613 407 2644 447 a
2680 392 2902 449 Christo
2940 393 3221 451 mordicus
3248 412 3433 452 remo-

194 484 366 537 Vebat.
399 480 668 548 Quocirca
694 481 880 551 plures
918 481 1139 551 reperit,
1166 481 1257 550 qui
1290 495 1348 534 se
1382 488 1755 549 opponerent;
1790 487 1846 533 ut
1882 486 2107 547 apparet
2139 494 2207 559 es
2243 477 2470 549 Epilogo
2501 481 2775 546 opusculi,
2803 490 2857 536 et
2886 496 2953 537 ex
2991 483 3196 539 Graecis
3220 500 3436 554 quoque

186 569 423 633 scholiis,
455 584 580 638 qua!
602 569 810 638 adjecta
842 578 996 622 erant
1029 569 1103 621 ad
1129 564 1631 648 marginemGt-teci
1655 566 2013 637 exemplaris,
2046 580 2157 636 quo
2187 566 2494 623 Turrianus
2524 567 2589 621 ad
2622 570 2927 625 versionem
2963 587 3115 626 suam
3149 588 3283 628 usus
3315 584 3426 630 cst.

186 674 298 711 nam
327 672 356 709 a
392 656 584 710 codice
612 655 871 710 Bavarico
908 656 1158 709 aberant.

741 790 1075 843 ΕΡΩΤΗΣῙΣ
1097 786 1228 845 HA".

188 882 242 936 Τί
267 880 399 951 ἐστι
425 881 499 935 τὸ
527 882 685 951 παρὰ
715 883 794 947 τῷ
822 881 1027 951 Λουκᾷ
1047 899 1063 915 ο
1102 902 1120 933 ι
1150 882 1494 950 Γενομένης
1537 879 1606 931 δὲ
1649 878 1761 945 τῆς

246 950 452 1024 ρῳνῆς
490 950 713 1020 ταύτης
761 950 1037 1022 συνῆλθε
1072 954 1135 1006 τὸ
1168 953 1405 1022 πλῆθος
1452 951 1550 1005 καὶ
1603 965 1759 1004 συν-

247 1024 454 1090 εχύθη,
493 1041 514 1074 ι
549 1040 605 1076 κ.
634 1039 686 1077 τ.
716 1026 802 1089 λ.;

1794 771 1838 826 Α
1940 786 2269 854 QUAESTIO
2320 788 2531 844 LXXXI
2586 790 2777 864 [CoisL
2831 790 2997 845 Taar.
3043 793 3343 867 CCLXIX].

1873 877 2017 943 Quid
2041 891 2119 934 est
2152 880 2288 933 illud
2312 890 2454 949 apud
2486 882 2683 936 Lucam
2714 898 2733 936 :
2768 903 2786 935 ι
2814 884 2977 937 Facta
3005 895 3179 938 autem
3207 888 3304 940 Itac
3328 905 3438 942 vccr

1939 954 2174 1004 convenit
2198 954 2485 1006 ntultitado
2509 964 2558 1007 et
2593 965 2761 1008 metue
2790 955 3018 1025 confusa
3049 966 3124 1009 est
3146 958 3171 1009 ξ’
3196 976 3212 1007 ι
3252 970 3356 1013 etc.

237 1157 378 1209 Edita
402 1163 485 1208 est
510 1172 540 1207 a
561 1159 622 1208 Il.
647 1159 951 1211 Moutacutio
982 1160 1118 1211 inter
1143 1160 1307 1211 Pbotii
1339 1160 1580 1224 epistolas
1604 1159 1681 1209 ed.
1713 1155 1917 1208 Londin.
1946 1155 2062 1205 1651
2098 1155 2130 1205 l'.
2158 1168 2241 1219 ep.
2268 1156 2378 1217 163,
2408 1156 2586 1222 Sergio
2608 1156 2774 1221 fratri,
2800 1168 2849 1224 p.
2874 1161 2983 1222 20%,
3009 1162 3119 1212 203.

249 1265 486 1334 Πότερον
512 1265 565 1318 οἱ
586 1264 938 1335 χλευάζοντες
969 1267 1224 1322 συνίεσαν
1251 1267 1557 1321 λαλούντων
1586 1267 1764 1336 γλώσ-

189 1372 298 1418 σαις
332 1355 442 1408 τῶν
476 1357 816 1422 ἀποστόλων,
846 1358 878 1428 ἢ
915 1358 1012 1424 οὕς
1049 1359 1111 1412 Εἰ
1136 1360 1235 1428 μὲν
1257 1361 1365 1431 γὰρ
1394 1360 1453 1413 οὑ
1488 1359 1761 1424 συνίεσαν,

188 1449 294 1512 πῶς
346 1448 593 1513 άπάσαις
627 1449 873 1523 [ἅπασιν]
906 1451 1131 1506 ἐλάλουν
1175 1454 1221 1505 οἱ
1253 1452 1540 1507 ἀπόστολοι
1570 1471 1584 1519 ;
1627 1455 1676 1506 εἰ
1706 1454 1763 1505 δὲ

188 1540 447 1605 συνίεσαν,
481 1541 601 1604 πῶς
630 1542 940 1615 ἐθάρρησαν
989 1544 1157 1615 μέθην
1212 1544 1585 1611 αἰτιάσασθαι,
1610 1546 1764 1617 παρά

189 1633 342 1696 πόδας
396 1634 492 1686 τὸν
542 1634 764 1704 ἔλεγχον
808 1635 1044 1705 ἔχοντες,
1084 1637 1265 1691 αὐτῶν
1308 1637 1416 1691 τῶν
1456 1637 1763 1691 ἀκουόντων

188 1725 271 1777 καὶ
300 1726 593 1779 συνιέντων
625 1728 723 1799 τὴν
772 1728 1064 1799 αῖσθησιν;
1097 1728 1253 1782 Οὕτω
1285 1729 1385 1800 μὲν
1415 1730 1480 1785 ἄν
1504 1747 1587 1793 τις
1618 1730 1761 1783 εἴποι

188 1817 276 1887 τὴν
324 1816 422 1888 σὴν
469 1818 709 1887 ἀπορίαν
750 1820 830 1883 εἰς
859 1820 918 1873 τὺ
950 1819 1284 1893 δριμύτερον
1312 1821 1763 1894 μεταχειριζόμε-

190 1926 285 1968 νος.
327 1909 469 1977 Ἐγὼ
494 1910 551 1962 δὲ
578 1911 747 1981 φαίην
783 1910 848 1965 ἂν
876 1913 1189 1967 τούναντίον
1214 1929 1227 1943 ⁶
1259 1914 1357 1976 ὡς,
1390 1916 1438 1966 εί
1476 1914 1549 1985 μὴ
1587 1913 1763 1966 συνίε-

193 2018 299 2065 σαν,
322 2000 430 2055 οὐδ’
465 2000 536 2055 ἂν
568 2003 650 2065 είς
684 2004 854 2075 μέθην
885 2004 946 2058 τὸ
989 2004 1177 2075 θαῦμα
1219 2005 1521 2060 διέϐαλλον.
1564 2006 1628 2059 Τί
1657 2009 1765 2076 γάρ

192 2094 250 2146 άν
269 2111 346 2157 τις
384 2096 479 2147 καὶ
504 2095 816 2151 διαϐάλλειν
846 2099 1150 2170 ἐπιχειροίη
1203 2100 1339 2170 ὅπερ
1369 2099 1491 2152 οὑδὲ
1524 2098 1632 2152 τῶν
1675 2099 1767 2151 λυο

194 2186 420 2241 πούντων
474 2190 647 2243 αὑτὸν
705 2192 825 2262 ait};
870 2192 1030 2245 Ἀλλὰ
1097 2193 1348 2247 συνίεσαν
1399 2194 1519 2264 μὲν,
1557 2194 1769 2265 ἀπηρέ-

197 2297 370 2334 σκοντο
406 2282 487 2335 δέ’
519 2282 591 2337 τὰ
622 2284 732 2355 γὰρ
758 2285 1025 2354 μεγαλεῖα
1054 2284 1240 2354 ἔλεγον
1262 2287 1459 2340 ἐκεῖνοι
1483 2285 1578 2341 τοῦ
1602 2285 1764 2341 Θεοῦ’

1946 1261 2137 1319 Utrum
2172 1264 2266 1334 qui
2316 1264 2619 1320 irridebant
2661 1268 2937 1336 apostolos
2981 1269 3179 1340 linguis
3215 1270 3413 1342 loqucn

1873 1364 1974 1421 tes,
2020 1370 2116 1410 eos
2163 1356 2557 1427 intelligehant,
2595 1359 2676 1411 vel
2734 1358 2880 1412 non?
2929 1356 2984 1414 Si
3037 1364 3143 1415 nun
3191 1363 3446 1433 intellige-

1872 1446 2024 1507 bant.
2059 1448 2337 1515 quomodo
2389 1448 2588 1519 linguis
2623 1451 2879 1504 omnibus
2914 1450 3081 1505 locuti
3139 1462 3267 1507 sunt
3316 1470 3438 1524 apo.

1872 1539 1995 1594 stoli
2024 1538 2146 1594 ?sin
2173 1539 2562 1609 iutelligebant,
2587 1542 2729 1594 unde.
2752 1542 3022 1596 audebant
3049 1559 3141 1598 eos
3166 1545 3446 1599 ebrietatis

1872 1646 2156 1696 accusare,
2211 1648 2333 1687 cum
2384 1631 2438 1686 in
2492 1643 2744 1702 promptu
2795 1636 3045 1689 convinci
3100 1648 3323 1706 possent
3377 1641 3446 1691 ab

1875 1722 2235 1794 intelligentia
2283 1724 2660 1788 audientium,
2715 1735 2770 1779 et
2822 1730 3271 1795 cognoscentium
3325 1747 3445 1799 qtae

1872 1817 2275 1886 loquebantur?
2307 1817 2374 1871 Et
2398 1817 2502 1871 hoc
2538 1819 2700 1872 modo
2739 1819 2883 1887 loqui
2926 1821 3122 1889 potuit,
3156 1823 3248 1892 qui
3292 1832 3441 1877 luant

1870 1910 2229 1979 qua'sliouem
2273 1909 2525 1965 acerbius
2566 1919 2823 1965 caicutere
2859 1913 3006 1965 Velit.
3040 1914 3110 1967 At
3148 1914 3278 1970 mihi
3314 1930 3444 1968 con-

1872 2000 2101 2054 trarium
2146 2001 2328 2056 dicere
2374 2002 2551 2056 visum
2584 2019 2598 2068 ;
2631 2003 2889 2055 nimirum
2938 2004 2981 2058 si
3030 2018 3137 2058 non
3173 2006 3441 2072 intellige-

1872 2091 2003 2147 bant
2042 2093 2345 2161 loquentes,
2386 2091 2535 2146 haud
2580 2094 2847 2148 miracula
2882 2103 3134 2148 taxarent
3163 2098 3226 2148 de
3275 2098 3444 2149 ebrie-

1873 2194 2001 2240 tate.
2037 2183 2313 2251 Quorsum
2365 2184 2509 2239 enim
2549 2186 2676 2254 quis
2721 2196 2908 2240 taxare
2953 2187 3077 2241 velit
3112 2187 3263 2251 illud,
3300 2189 3442 2255 quod

1874 2276 1979 2347 ipsi
2008 2277 2315 2331 molestiam
2355 2292 2463 2330 non
2495 2276 2753 2331 lecisset?
2790 2276 2987 2331 Verum
3014 2291 3140 2333 cum
3177 2279 3446 2347 intelligo:-

196 2371 269 2438 ἐφ’
300 2367 398 2436 οἷς,
427 2373 479 2425 οἱ
542 2354 992 2445 ἀγνωμονοῦντες
1040 2376 1381 2447 νυττόμενοι,
1419 2376 1618 2449 χλεύην
1668 2379 1764 2431 ἑπ-

1874 2382 2011 2437 rent,
2055 2371 2340 2441 displicuit
2396 2371 2504 2425 illis
2551 2371 2695 2439 quod
2749 2372 3015 2442 magnalla
3065 2362 3160 2426 Dei
3212 2373 3443 2443 apostoli

198 2464 423 2535 εχείρουν
454 2468 517 2520 τὸ
549 2466 737 2537 θαῦμα
766 2468 1117 2540 ἐργάζεσθαι.
1170 2470 1264 2523 Διὸ
1299 2472 1393 2524 καὶ
1422 2474 1451 2525 ὁ
1492 2473 1763 2544 μακάριος

199 2559 415 2623 Λουκᾶς,
454 2578 473 2611 ι
512 2561 906 2628 Χλευάζοντες,
940 2562 1124 2633 φησὶν,
1158 2562 1370 2631 ἔλεγον·
1409 2582 1427 2615 ι
1467 2564 1630 2617 οἱονεὶ
1651 2564 1765 2617 δια-

202 2648 471 2719 σύροντες,
520 2650 987 2718 ἑνδὶαϐάλλοντες,
1021 2654 1346 2707 ὲπισκιάσαι
1396 2653 1494 2726 τὴν
1520 2654 1767 2725 θαυματ-

202 2742 404 2811 ςυργίαν
458 2743 876 2816 μηχανώμενοι.
932 2746 1056 2810 Πῶς
1098 2745 1191 2800 οὖν
1240 2746 1529 2813 συνιέντες,
1561 2749 1640 2810 εἰς
1671 2747 1765 2816 μέ-

202 2830 289 2898 θην
323 2833 588 2905 ἀνέφερον
620 2834 688 2888 τὰ
725 2834 1034 2905 λεγόμενας
1065 2836 1198 2891 Ἀπὸ
1224 2838 1426 2908 πολλῆς
1472 2837 1730 2902 ἀπονοίας
1749 2854 1762 2867 ⁶

204 2922 255 2986 ἐξ
280 2924 723 2997 ὑπερϐαλλούσης
750 2927 968 2992 ἀνοίας·
995 2926 1118 2993 ἔθος
1162 2929 1270 2999 γὰρ
1318 2930 1430 2992 τοῖς
1479 2927 1763 2994 τοιούτοις,

206 3013 319 3065 ὅταν
410 3017 485 3088 μὴ
517 3017 844 3089 καταθύμια
876 3019 943 3073 τὰ
971 3018 1265 3090 λεγόμενα,
1296 3020 1399 3075 κᾶν
1431 3019 1605 3083 ἄλλως
1630 3020 1765 3073 πολὺ

204 3106 255 3158 τὸ
280 3111 618 3182 σωτηριῶδες
647 3112 747 3184 ἔχῃ
765 3115 858 3166 καὶ
890 3112 1183 3187 ὠφέλιμον,
1208 3116 1537 3187 παραφορὰν
1555 3114 1664 3168 τῶν
1684 3116 1766 3167 εί-

210 3200 455 3268 ρημένων,
477 3203 509 3271 ἢ
528 3202 705 3274 μέθην
726 3204 757 3274 ἢ
780 3204 873 3258 καὶ
891 3205 1167 3277 δαιμόνιον
1197 3206 1577 3260 αἰτιᾶσθαιτοῦ
1590 3206 1770 3274 λέγον-

208 3304 320 3352 τος·
387 3294 479 3346 καὶ
528 3295 672 3365 μήτε
723 3296 885 3349 αὑτὸν
912 3299 1141 3360 ἐκεῖνον,
1183 3296 1219 3351 ἀ
1269 3297 1446 3366 λέγοι,
1486 3298 1766 3351 συνιέναιο

214 3382 330 3448 μήτε
350 3386 452 3456 μὴν
477 3386 571 3439 τὸν
601 3387 894 3452 ἀκούοντα,
920 3388 1013 3442 καί
1040 3406 1122 3443 τοι
1152 3390 1244 3443 καί
1275 3389 1370 3444 τοῦ
1404 3389 1656 3458 λέγοντος
1678 3390 1769 3443 ἐπὶ

212 3472 264 3525 τὸ
296 3475 589 3530 ἄπταιστον
623 3477 1023 3549 φθεγγομένου,
1054 3480 1149 3533 καὶ
1173 3481 1267 3534 τοῦ
1291 3479 1647 3552 χλευάζοντος
1674 3482 1772 3535 καὶ
1800 3464 1803 3467 ’

215 3567 534 3636 αἰτιωμένου,
570 3571 735 3641 μέχρι
763 3571 858 3625 τοῦ
904 3571 1125 3625 ἀκούειν
1160 3573 1257 3626 καὶ
1308 3574 1567 3638 συνιέναι,
1600 3573 1767 3642 ὑγιῶς

1870 2463 2273 2533 praedicarent;
2314 2462 2519 2532 quibus
2553 2478 2678 2517 cum
2721 2464 2973 2519 malevoli
3008 2478 3447 2535 compungeren-

1869 2563 1996 2620 tur,
2039 2554 2224 2609 conati
2276 2562 2405 2610 sunt
2448 2554 2772 2609 miraculum
2820 2555 2933 2611 risu
2975 2556 3282 2611 traducere.
3318 2555 3447 2611 Ideo

1868 2648 2064 2703 beatus
2110 2647 2287 2704 Lucas
2331 2650 2429 2713 ait,
2480 2662 2499 2700 ι
2532 2648 2823 2705 lrridentcs
2866 2650 3117 2705 dicebant
3138 2651 3203 2713 ’⁸,
3240 2668 3257 2701 ι
3314 2662 3445 2712 etc.,

1870 2738 1976 2794 hoc
2009 2749 2091 2795 est
2121 2740 2497 2803 traducentes,
2532 2748 2876 2803 accusantes,
2919 2740 3171 2807 obtegere
3203 2740 3447 2793 volentes

1870 2831 2246 2899 operationem
2294 2831 2707 2887 miraculosam.
2746 2830 3032 2897 Quomodo
3080 2831 3265 2901 igitur,
3322 2840 3443 2885 cum

1871 2922 2245 2993 intelligebant
2287 2938 2409 2993 qua:
2438 2924 2784 2985 dicebantur,
2826 2922 3077 2977 ebrietati
3108 2924 3448 2991 ascripsere?

1869 3013 1952 3068 Ab
1982 3012 2186 3084 ingenti
2216 3012 2423 3080 furore,
2460 3014 2529 3068 ab
2560 3014 2863 3084 ignorantia
2888 3014 3177 3085 suprema;
3215 3015 3268 3068 in
3297 3022 3448 3069 inore

1871 3106 2019 3159 enim
2076 3106 2298 3175 ponitur
2348 3106 2489 3175 apud
2544 3106 2815 3175 ejusmodi
2871 3105 3142 3172 homines,
3209 3116 3268 3161 ut
3320 3114 3445 3162 cum

1874 3199 2061 3252 minus
2116 3198 2254 3267 ipsis
2313 3199 2618 3264 arrideant,
2668 3214 2790 3268 quae
2838 3199 3120 3265 dicuntur,
3171 3208 3447 3270 utcunque

1879 3290 2166 3346 salutifera
2224 3302 2279 3347 et
2324 3292 2580 3362 perutilia
2639 3292 2785 3357 sint,
2842 3292 3101 3358 insaniae,
3161 3293 3447 3349 ebrietatis

1873 3383 2116 3439 dicentes
2146 3394 2443 3451 accusent;
2470 3392 2565 3439 aut
2585 3384 2748 3439 etiam
2781 3385 3124 3454 arreptitium
3153 3399 3276 3441 esse
3297 3400 3446 3451 cum,

1874 3479 1967 3547 qui
2002 3478 2271 3547 loquitur.
2309 3477 2487 3532 solent
2524 3494 2819 3543 accusare;
2862 3494 2960 3533 nec
2987 3480 3165 3548 ipsum
3203 3494 3261 3533 se
3290 3478 3447 3534 intel-

1875 3570 2066 3641 ligere,
2117 3570 2315 3625 nedum
2370 3570 2677 3639 perciperet
2723 3570 2972 3636 auditor;
3026 3580 3303 3639 utcunque
3355 3573 3445 3640 qui

215 3651 424 3759 ἔχοντος.
462 3659 698 3714 Ἐκεῖνοι
721 3661 778 3713 δὲ
800 3662 897 3715 καὶ
918 3662 1118 3733 μᾶλλον
1135 3663 1404 3735 ἐθάρρουν
1421 3665 1594 3736 μέθην
1610 3667 1767 3733 ἐγκα-

1878 3662 2141 3733 loquitur,
2191 3663 2310 3719 sine
2366 3662 2518 3732 lapsu
2559 3662 2846 3733 loquatur;
2891 3672 2939 3717 cl
2981 3663 3072 3731 qui
3107 3670 3351 3717 atreusat
3394 3673 3449 3716 et

216 3742 327 3811 λεῖν,
343 3749 421 3802 ὅτι
446 3754 512 3823 τῇ
547 3751 657 3824 ἰδίᾳ
678 3752 897 3826 γλώσσῃ
916 3755 1368 3820 ἀκούοντες,τοὺς
1386 3756 1575 3821 ἄλλους
1595 3757 1652 3811 δὲ
1679 3757 1768 3811 διὰ

219 3834 268 3887 τὸ
301 3839 689 3917 ἑτερόγλωσσον
720 3843 795 3915 μὴ
823 3845 1060 3898 συνιέναι
1080 3845 1415 3918 νομίζοντες,
1437 3847 1771 3918 οὑδ“ἕ>.εγχον

217 3926 302 3995 τῆς
342 3931 699 4000 συκοφαντίας
747 3935 929 4004 εὑρεῖν
975 3935 1037 3999 ἐξ
1087 3936 1304 4007 ἑτοίμου
1367 3937 1767 4008 ὑπελάμϐανον.

219 4018 359 4072 Αὐτοὶ
391 4022 488 4092 μὲν
513 4025 622 4096 γὰρ
657 4025 913 4079 συνίεσαν
934 4042 949 4057 ⁸
984 4028 1111 4091 τοὺς
1151 4028 1211 4081 δὲ
1264 4029 1677 4101 συμπαρόντας,
1701 4030 1770 4083 δι’

220 4102 297 4167 οὓς
321 4110 406 4161 καὶ
436 4112 570 4182 πρὸς
595 4113 768 4183 μέθην
796 4114 857 4166 τὸ
884 4114 1068 4185 θαῦμα
1096 4117 1420 4190 κατέφερον,
1453 4122 1642 4191 πόρρω
1676 4120 1769 4174 τοῦ

223 4199 432 4254 συνιέναι
479 4204 767 4268 ἐτόπαζον.
823 4206 932 4259 Καὶ
988 4206 1299 4278 θαυμαστὸν
1349 4210 1523 4265 οὐδέν.
1559 4211 1769 4281 Ὥσπερ

222 4290 313 4359 γὰρ
336 4293 426 4361 τῆς
454 4296 793 4366 Δεσποτικῆς
836 4296 1100 4363 ἐξουσίας,
1130 4297 1457 4367 ὲλαυνούσης
1485 4300 1553 4353 τὰ
1582 4300 1773 4368 δαιμό·

225 4394 316 4443 Via,
349 4385 592 4439 συνίεσαν
624 4387 722 4455 μὲν
744 4388 841 4440 καὶ
870 4387 1099 4441 ἔϐλεπον
1125 4390 1193 4441 τὰ
1218 4389 1516 4460 παράδοξα,
1553 4390 1672 4443 δέον
1712 4389 1770 4442 δὲ

228 4470 390 4537 ὑμνεῖν
427 4479 515 4528 καὶ
541 4481 893 4549 προσκυνεῖν,
947 4481 1029 4543 εἰς
1076 4480 1429 4551 βλασφημίας
1457 4482 1733 4550 ἀπήγοντο
1753 4493 1766 4511 ⁹

229 4566 307 4617 καὶ
339 4569 518 4635 νόσους
568 4574 749 4635 πάσας
780 4575 875 4626 καὶ
916 4575 1067 4644 πάθη
1103 4576 1281 4629 πάντα
1329 4575 1565 4646 ὁρῶντες
1596 4588 1770 4643 φυγαί-

231 4652 464 4726 δευόμενα
493 4702 506 4725 ,
562 4663 670 4715 τῶν
704 4663 1001 4734 θαυμάτων
1026 4665 1126 4734 τὴν
1182 4665 1487 4736 ὑπερϐολὴν
1533 4664 1630 4716 καὶ
1669 4666 1770 4735 τῆς

234 4744 532 4816 εὖεργεσίας,
559 4754 752 4821 φθόνου
794 4756 887 4808 καὶ
920 4757 1282 4825 συκοφαντίας
1310 4758 1405 4810 καὶ
1438 4757 1598 4823 φόνου
1634 4755 1770 4827 ὕλην

235 4838 549 4906 εἰργάζοντοο
615 4846 756 4899 οὕτω
798 4848 893 4900 κοιλ⁹
930 4848 1027 4901 νῦν
1066 4849 1165 4901 οὑκ
1206 4848 1420 4918 ἔχοντες
1468 4847 1773 4919 ἐξαρνησα-

238 4928 338 4981 σθαι
372 4934 429 4986 τὸ
484 4936 758 5008 ὑπερφυὲς
811 4937 921 4991 τῶν
973 4938 1238 5006 γλωσσῶν
1286 4940 1379 4992 καὶ
1442 4937 1766 5008 παράδοξον,

1876 3756 2088 3817 irridet.
2125 3757 2270 3827 quod
2299 3757 2543 3810 auditum
2577 3765 2789 3825 spectat
2815 3763 2866 3810 et
2896 3754 3252 3815 intellectum,
3280 3768 3448 3810 sanus

1874 3846 2059 3903 fuerit.
2100 3848 2205 3902 Sed
2236 3847 2323 3901 isti
2349 3848 2670 3901 ebrietatem
2700 3846 2937 3915 dbjicere
2982 3863 3047 3901 co
3078 3848 3251 3916 magis
3280 3846 3447 3899 audes

1872 3938 2026 4002 bant,
2062 3938 2193 4007 quia
2230 3946 2355 3991 cunt
2401 3937 2689 4005 loquentes
2740 3936 2856 3990 suis
2906 3935 3149 4006 ipSorum
3196 3936 3443 3990 dialectis

1874 4028 2260 4097 intelligerent,
2290 4036 2345 4081 et
2378 4027 2516 4081 alios
2549 4027 2952 4081 arbitrarentur
2988 4040 3095 4081 non
3145 4027 3446 4095 intelligere

1875 4127 2095 4189 prOplet‘
2142 4119 2385 4188 linguam
2432 4118 2690 4181 alienam,
2742 4132 2801 4172 se
2845 4123 2951 4172 non
2986 4117 3144 4172 facile
3184 4118 3250 4172 de
3289 4132 3448 4187 syco-

1874 4209 2097 4280 phantia
2140 4210 2423 4265 convictos
2460 4208 2528 4263 iri
2577 4216 2853 4279 putarent.
2898 4207 3274 4277 lntelligebant
3306 4207 3404 4275 lpsi
3430 4250 3443 4270 ,

1871 4302 1969 4357 sed
2021 4302 2183 4368 alios,
2232 4302 2324 4371 qui
2372 4317 2477 4355 una
2528 4302 2772 4363 aderant,
2825 4307 3058 4368 quorum
3115 4314 3279 4353 causa
3332 4314 3443 4351 rem

1874 4394 2335 4463 transcripserant
2361 4392 2638 4449 ebrietati.
2668 4392 2825 4461 longe
2857 4398 3098 4447 remetos
3128 4391 3196 4443 ab
3240 4389 3440 4442 intelli-

1874 4481 2056 4554 gentia
2102 4481 2535 4535 arbitrabantur.
2593 4478 2705 4534 Ncc
2747 4494 2880 4533 sane
2928 4478 3147 4532 mirum.
3184 4476 3450 4544 Quemad-

1877 4574 2103 4628 modum
2133 4573 2279 4627 enitn
2312 4581 2435 4626 ctam
2473 4586 2567 4640 per
2597 4570 2811 4625 Domini
2840 4571 3138 4640 potentiam
3180 4569 3450 4623 daemonia

1876 4666 2232 4733 ejicerentur,
2271 4672 2325 4717 et
2354 4662 2636 4727 videbant,
2670 4672 2725 4715 et
2771 4661 3141 4731 agnoscebant
3178 4676 3294 4714 rem
3344 4662 3448 4713 mi-

1878 4757 2212 4822 raculosam,
2250 4755 2344 4810 sed
2372 4769 2495 4808 cum
2538 4754 2761 4808 laudare
2814 4762 2868 4808 et
2897 4753 3261 4823 depraadicare
3289 4751 3453 4806 debea

1879 4856 2024 4911 rent,
2067 4848 2132 4901 ad
2181 4846 2674 4917 blasphemandum
2728 4846 3179 4908 abducebantur;
3231 4854 3285 4898 et
3326 4856 3449 4898 cum

1882 4940 2107 4993 morbos
2152 4949 2206 4992 et
2249 4938 2607 5008 aegritudines
2650 4936 2833 4992 curari
2863 4937 3130 5002 viderent,
3174 4936 3454 5006 magnitu-

236 5018 401 5086 ὁμοίως
435 5024 650 5101 [ὁμῶς]
699 5032 763 5099 τῇ
798 5030 1066 5101 βασκανίᾳ
1107 5028 1565 5100 ἀνερεθιζόμενοι,
1602 5030 1767 5100 μέθην

1884 5031 2067 5085 dinem
2099 5047 2221 5085 cum
2260 5030 2535 5096 miraculi,
2582 5038 2695 5083 tum
2729 5028 2999 5091 beneﬁcii,
3030 5012 3251 5081 invidiae
3281 5036 3456 5080 mate-

241 5118 619 5181 κατασκεδάζειν
646 5120 739 5173 τοῦ
760 5120 1036 5189 θαύματος
1063 5121 1163 5172 οὑκ
1188 5119 1635 5175 ἐνεκαλύπτοντο.
1661 5121 1772 5173 Καὶ

244 5202 404 5256 σκόπει
447 5212 776 5280 κακουργίας
818 5212 1147 5282 ὑπερϐολὴν,
1198 5214 1255 5264 ὲν
1300 5214 1400 5281 ῖσῳ
1444 5213 1545 5284 τὴν
1579 5213 1767 5267 ἄνοιαν

246 5289 458 5359 ἔχουσαν.
502 5301 650 5353 Ἐπεὶ
679 5303 787 5373 γάρ
803 5303 1067 5357 ἀπίθανον
1099 5300 1189 5375 ἦν,
1220 5304 1341 5356 καθ’
1363 5303 1511 5375 ὥραν
1532 5305 1769 5373 μάλιστα

246 5382 423 5453 τρίτην,
454 5392 583 5461 μέθῃ
644 5393 847 5447 διδόναι
894 5395 1022 5457 τοὺς
1063 5395 1413 5460 ἀποστόλους,
1451 5394 1770 5466 ἀνθρώπους

250 5468 415 5545 ἀρετῆς
447 5497 503 5533 τε
530 5485 793 5553 κήρυκας,
824 5485 920 5539 καὶ
951 5487 1008 5539 ὲν
1036 5485 1221 5557 μέσοις
1271 5488 1459 5557 φόϐοις
1508 5489 1600 5541 καὶ
1653 5504 1771 5540 κιν-

254 5558 396 5630 ὃύνοις
424 5570 937 5646 ἐναπει).ημμένους,
969 5580 1062 5633 ἐπὶ
1093 5580 1153 5633 τὸ
1190 5578 1285 5661 τοῦ
1334 5581 1575 5657 πόματος
1604 5582 1774 5662 πρόσ-

322 5700 359 5736 ²¹
380 5706 484 5761 Act.
516 5728 571 5777 ιι,
608 5715 690 5777 15,

1880 5124 2017 5178 riam
2069 5133 2122 5177 et
2167 5124 2570 5177 calumniarum
2632 5121 2881 5178 fecerunt
2915 5138 2928 5174 :
2960 5120 3034 5174 ita
3088 5131 3266 5182 nunc,
3329 5133 3456 5172 cum

1881 5216 2131 5286 negando
2182 5231 2288 5269 non
2339 5223 2523 5270 essent
2575 5215 2883 5285 linguarum
2932 5212 3351 5282 supernaturale.
3400 5220 3456 5263 ct

1882 5308 2255 5376 predigiosum
2304 5306 2533 5367 donum,
2598 5305 2762 5359 simili
2812 5305 3016 5358 invidia
3066 5302 3290 5366 irritati,
3337 5301 3455 5354 sine

1880 5400 2113 5469 pudore.
2168 5399 2327 5468 pleno
2377 5410 2471 5452 ore
2509 5396 2830 5452 ebrietatem
2893 5394 3158 5449 miraculo
3201 5406 3455 5460 aspersea

1887 5501 2035 5547 runt.
2072 5492 2303 5545 Advcrte
2340 5499 2522 5544 autem
2558 5490 2875 5559 nequitiam,
2924 5495 3224 5541 extremam
3275 5482 3442 5537 stulti-

1887 5586 2018 5639 tiam
2082 5599 2264 5653 parem
2316 5584 2367 5637 in
2439 5598 2498 5637 se
2558 5582 2869 5637 habentem.
2926 5578 3061 5632 Nam
3126 5590 3252 5629 cum
3312 5581 3452 5627 esset
