3846 6188
404 275 498 339 551
1557 264 1817 341 PHO’I‘II
1856 279 2362 340 PATBIARCH/E
2400 281 2509 343 cp.
3559 286 3653 349 552

401 386 737 450 incredibile,
782 387 927 444 circa
979 389 1171 445 horam
1198 390 1442 455 tertiam,
1474 400 1532 445 nt
1567 392 1835 445 ebrietate
1864 405 1979 460 apo‘

2100 402 2267 459 φατον
2288 391 2407 459 (καί
2428 409 2508 445 τοι
2539 391 2649 446 τῶν
2677 392 2919 465 βοτρύων
2946 393 3102 450 οῧπω
3128 395 3261 467 πρὸς
3299 398 3448 469 ὤραν
3474 398 3656 466 ὅντων,

398 482 522 537 stoli
579 491 933 549 tenerentur,
987 484 1243 540 homines
1287 484 1508 540 virtutis
1558 498 1872 554 praecones,
1927 493 1981 538 et

399 577 539 633 inter
589 577 845 633 timorem
899 588 953 634 et
1004 580 1247 648 pericula
1287 580 1552 635 continuo
1601 588 1858 650 agentes;
1911 578 1979 632 ad

398 670 697 739 potationis
748 672 1050 726 novitatem
1101 672 1430 742 confugiunt
1482 674 1635 743 (cum
1680 686 1797 724 uvae
1836 685 1978 725 non-

396 761 529 815 dum
555 772 957 830 maturuerant,
993 765 1086 819 sed
1117 774 1397 820 terrenum
1426 766 1711 819 humorem
1739 763 1791 818 in
1817 762 1979 818 ﬂores

398 854 758 926 eliquarent),
793 866 845 911 et
877 873 907 910 a
947 857 1214 927 qualitate
1247 857 1584 925 complicant
1621 855 1979 921 calumniam,

406 962 424 995 ι
462 944 645 1009 Musti,
682 946 955 1009 dicentes,
996 947 1138 1016 pleni
1180 955 1327 1001 sunt.
1367 965 1385 997 ι
1425 944 1526 1000 Ubi
1585 944 1731 999 enim
1769 943 1980 1000 violens

399 1048 455 1093 et
501 1053 744 1109 praeceps
788 1040 1011 1094 animus
1045 1039 1189 1093 haud
1247 1038 1548 1100 inhibetur,
1600 1037 1651 1091 id
1704 1036 1880 1091 solum
1924 1037 1978 1090 in

399 1129 684 1198 proposito
719 1129 971 1193 habetur,
1012 1144 1120 1183 non
1154 1137 1211 1182 ut
1248 1128 1397 1197 quod
1432 1140 1739 1196 congruum
1768 1133 1852 1180 est
1881 1138 1982 1180 nec

400 1220 761 1275 deridendum
812 1222 1045 1285 dicatur,
1101 1221 1195 1276 sed
1240 1220 1331 1274 illa
1372 1219 1559 1290 potius
1608 1216 1978 1289 proferantur,

401 1326 498 1381 per
526 1328 649 1382 quae
676 1312 845 1366 animi
879 1311 1096 1367 furores
1150 1320 1204 1366 et
1234 1311 1605 1366 absurditates
1644 1310 1984 1380 adimplean-

2088 482 2207 535 ἀλλ’
2239 483 2363 554 ἄρτι
2386 484 2485 555 τὴν
2528 485 2737 557 γεηρὲιν
2765 488 2965 557 ἰκμάδα
2999 489 3077 550 είς
3103 489 3262 550 ἄνθος
3293 489 3662 561 ἀποτριϐομὲνο

2088 574 2214 645 νων)
2278 577 2710 647 καταφεύγουσι,
2732 574 2835 633 ’καὶ
2865 583 2931 651 τῇ
2963 582 3213 652 ποιότητι
3234 582 3330 651 τὴν
3360 582 3520 652 ὓϐριν
3553 600 3662 636 συν-

2091 668 2482 735 διαπλέκουσι,
2516 688 2534 722 ι
2572 671 2841 735 Γλεύκους
2862 713 2877 736 ,
2925 674 3208 741 λέγοντες,
3260 678 3661 745 μεμεστωμένοι

2087 760 2247 813 είσίν.
2285 779 2304 812 ι
2350 761 2439 815 Ἐν
2464 758 2545 827 οἷς
2584 762 2695 835 γὰρ
2748 764 2811 817 τὸ
2841 765 3031 834 ίταμδν
3058 768 3157 835 τῆς
3196 766 3422 836 γνώμης
3472 769 3662 822 ἀκατά-

2090 866 2304 920 σχετον,
2339 853 2499 923 μόνος
2530 857 2823 925 πρόκειται
2876 857 3100 922 σκοπὸς,
3132 859 3229 927 οὐχ
3273 859 3422 922 ὅπως
3466 874 3520 911 τι
3556 860 3661 911 δέον

2085 943 2177 995 καὶ
2207 945 2280 1016 μὴ
2312 946 2721 1014 καταγέλαστον
2740 949 2934 1011 εἰπεῖν,
2961 949 3098 1003 ἀλλὰ
3126 949 3194 1002 δι’
3209 943 3285 1003 ὧν
3310 950 3374 1004 ἄν
3410 968 3496 1013 τις
3523 951 3661 1022 τύχοι

2084 1035 2146 1089 τὸ
2171 1036 2439 1105 μανιῶδες
2505 1038 2601 1091 καὶ
2633 1039 2892 1093 ἀλόκοτον
2921 1040 3202 1112 ἐμπλῆσαι
3220 1043 3319 1112 τῆς
3350 1043 3550 1113 ψυχῆς,
3578 1042 3662 1094 καὶ

2086 1128 2187 1199 τὴν
2236 1128 2334 1182 ἐπὶ
2384 1131 2498 1194 τοῖς
2548 1132 2851 1201 ὁρωμένοις
2884 1133 3203 1203 ἀμηχανίαν
3261 1133 3658 1207 παραμυθήσα-

2091 1219 2251 1272 σθαι.
2286 1220 2377 1273 Διὺ
2409 1222 2503 1277 καὶ
2536 1222 2675 1293 ὅπερ
2701 1222 2885 1289 ἔδοξαν
2920 1225 2985 1277 ὲκ
3042 1227 3320 1295 περινοίας
3373 1227 3569 1293 εἰπεῖν,
3593 1226 3664 1288 ei;

2092 1307 2295 1378 πολλὴν
2326 1309 2507 1363 αὐτῶν
2550 1310 2739 1365 ἄνοιαν
2768 1311 2862 1363 καὶ
2890 1312 3151 1367 ἀπόνοιαν
3178 1313 3428 1385 τελευτᾷ.

400 1416 512 1474 tur,
561 1419 614 1463 et
662 1408 956 1463 dinicnltas
1006 1408 1060 1462 in
1110 1408 1192 1464 eis
1250 1424 1375 1479 quae
1419 1407 1596 1464 oculis
1653 1416 1979 1472 cernuntur,
2016 1406 2332 1461 amoliatur.
2369 1406 2640 1473 Quocirca
2715 1408 2864 1478 quod
2896 1408 3196 1479 prudenter
3241 1407 3455 1462 dixisse
3522 1406 3665 1459 vide-

404 1501 625 1566 bantur,
670 1502 943 1573 insignem
981 1503 1269 1559 stultitiam
1305 1513 1359 1557 et
1388 1503 1695 1557 fatuitatem
1741 1503 1987 1573 ipsorum
2029 1501 2084 1556 in
2122 1500 2229 1557 (inc
2259 1504 2519 1561 ostendit.

396 1635 725 1703 QUESTI‘)
790 1635 1031 1692 LXXXII
1096 1636 1301 1703 fCoisl.
1369 1633 1719 1703 CCXLVIII,
1810 1634 1975 1689 Taur.

996 1658 1308 1762 ἱέαιιῖἳῗὲ
1338 1658 1380 1779 ]“

398 1802 675 1868 Quomodo
706 1818 809 1857 non
845 1810 921 1856 est
947 1802 1274 1855 contrarian:
1311 1816 1514 1853 sumere
1544 1812 1727 1852 nomen
1758 1798 1975 1853 Domini

956 1870 1055 1924 Dei
1098 1872 1151 1923 in
1186 1872 1418 1924 vanum?

2628 1638 2967 1692 ΕΡΩΤΗΣΙΣ
3008 1638 3133 1694 HB’.

2080 1798 2213 1864 Πῶς
2240 1800 2353 1854 οὐκ
2378 1800 2549 1853 ἐστιν
2594 1798 2875 1852 ἐναντίον
2895 1799 2961 1852 τὸ
2994 1798 3203 1852 ,λαϐεῖν
3234 1798 3302 1852 τὸ
3329 1798 3521 1868 ὄνομα
3568 1800 3663 1853 τοῦ

2397 1873 2618 1939 Κυρίου
2633 1870 2729 1923 καί
2773 1870 2918 1923 Θεοῦ
2942 1870 3039 1923 ἐπὶ
3080 1869 3340 1938 ματαίως

705 2014 847 2066 Edita
889 2030 915 2066 a
950 2014 1088 2065 Bich.
1124 2014 1427 2065 Montacutio
1457 2016 1589 2064 inter
1628 2012 1791 2064 Photii
1815 2012 2073 2076 epistolas,
2110 2013 2191 2062 ed.
2228 2012 2441 2071 Londin,
2470 2024 2551 2074 cp.
2588 2011 2696 2073 H7,
2738 2010 2804 2061 ad
2834 2010 3071 2061 Theodol.
3100 2024 3149 2073 p.
3174 2010 3284 2069 2M,
3307 2010 3421 2060 203.

470 2146 711 2201 Sumnnt
740 2162 759 2197 ι
791 2144 884 2200 Dei
914 2159 1110 2200 nomen
1142 2144 1193 2198 in
1228 2160 1427 2198 vanum
1452 2144 1525 2208 ⁸³,
1562 2163 1580 2194 ι
1618 2142 1759 2212 apud
1790 2140 1979 2196 Testa-

2156 2140 2510 2211 Λαμὸἀνουσι
2545 2158 2563 2192 ι
2589 2139 2650 2192 τὸ
2671 2138 2841 2210 ὄνομα
2868 2137 3073 2209 Κυρίου
3103 2138 3197 2191 τοῦ
3215 2139 3352 2193 οι)εοῦ
3381 2139 3555 2194 αὐτῶν
3581 2140 3661 2194 ἐπὶ

398 2246 647 2292 mentum
682 2237 871 2299 Vetus,
914 2237 1007 2306 qui
1057 2235 1222 2290 idolis
1280 2234 1411 2288 illud
1457 2233 1899 2289 transeribebant
1928 2241 1982 2286 et

399 2330 767 2398 adaptabant;
804 2336 918 2381 tum
950 2326 1047 2397 qui
1093 2326 1232 2381 falso
1262 2325 1577 2393 juramento
1606 2325 1977 2388 temerabant;

403 2433 519 2478 tum
553 2424 719 2477 etiam
755 2420 851 2491 qui
897 2420 964 2473 ad
1007 2418 1372 2473 scurrilitates
1419 2425 1514 2470 aut
1545 2430 1678 2469 rana
1707 2414 1980 2483 colloquia

399 2519 451 2571 id
485 2516 815 2571 tractabant.
848 2512 1088 2567 Istorum
1139 2510 1364 2579 singuli,
1412 2508 1600 2563 divino
1633 2507 1876 2568 nomine,
1924 2513 1983 2559 ut

404 2624 463 2664 re
503 2607 813 2662 lrustranea
866 2604 1204 2659 utebantur:
1235 2602 1294 2657 ln
1338 2600 1488 2654 Novo
1533 2600 1605 2653 illi
1654 2600 1978 2659 abutuntur,

400 2715 523 2755 cum
554 2708 745 2755 contra
777 2698 921 2766 quod
951 2695 1194 2751 sancitur
1220 2695 1357 2764 lege,
1384 2691 1747 2763 jurejurando
1781 2704 1979 2743 nomen

399 2792 519 2862 ejus
566 2790 889 2860 subjiciunt.
942 2789 1172 2858 Oportet
1212 2786 1356 2841 enim
1399 2784 1490 2854 qui
1541 2784 1644 2838 sub
1674 2782 1846 2851 gratia
1898 2780 1980 2835 vi-

402 2894 555 2949 vunt,
585 2883 881 2953 perfectius
911 2881 1039 2952 quid
1068 2878 1356 2949 'prioribus
1390 2876 1689 2944 possidere.
1737 2874 1876 2928 Tum
1927 2882 1983 2927 et

400 2978 477 3031 illi
514 2977 603 3047 qui
660 2976 857 3029 Filium
912 2990 943 3027 a
988 2982 1213 3043 paterna
1260 2968 1567 3024 substantia
1612 2966 1872 3028 alienant,
1927 2972 1982 3020 et

399 3086 525 3125 eum
571 3060 841 3123 creaturis
873 3066 1092 3130 locant;
1130 3079 1194 3117 ac
1223 3072 1405 3116 tamen
1449 3060 1598 3115 velut
1629 3059 1978 3129 pmnitentes,

400 3162 557 3217 titulo
586 3158 811 3214 (leitatis
841 3173 966 3210 cum
1019 3156 1342 3224 adoptatum
1402 3159 1604 3205 ornant
1635 3167 1647 3203 :
1677 3148 1780 3215 Qui
1831 3148 1977 3202 enim

401 3257 483 3312 sic
516 3252 785 3309 creaturis
817 3250 908 3305 Dei
942 3262 1147 3303 nomen
1186 3245 1484 3316 applicant,
1515 3241 1826 3312 prodigiose
1874 3258 1893 3291 ι
1925 3239 1978 3293 ἱη

400 3362 603 3401 vanum
638 3364 656 3397 ι
702 3348 947 3398 sumunt.
993 3339 1097 3395 Sed
1133 3346 1188 3392 et
1218 3337 1311 3407 qui
1350 3351 1448 3406 per
1479 3332 1888 3389 controversias
1928 3338 1981 3386 et

399 3433 865 3495 concertationes,
908 3440 1167 3499 tanquam
1216 3442 1247 3481 e
1295 3426 1457 3482 trivio
1501 3424 1634 3495 quid
1673 3432 1977 3493 arreptum,

2086 2231 2335 2301 ματαίῳ·
2383 2251 2401 2282 ›
2435 2232 2483 2284 oi
2512 2230 2610 2302 μὲν
2637 2232 2735 2301 τῆς
2784 2228 3044 2295 Παλαιᾶς,
3082 2230 3321 2293 εἰδώλοις
3371 2231 3504 2284 αύτδ
3523 2248 3661 2303 περι-

2083 2325 2349 2387 άπτοντες
2395 2324 2490 2377 καὶ
2551 2323 2956 2394 περιτιθέντες,
2991 2324 3086 2376 καὶ
3129 2325 3178 2375 ot
3214 2323 3465 2395 ὲπιόρκῳ
3542 2324 3661 2378 καθ-

2083 2416 2401 2487 υϐρίζοντες
2431 2416 2579 2486 ὅρκῳ
2602 2457 2615 2479 ,
2649 2416 2745 2469 καὶ
2794 2415 2859 2486 δὴ
2906 2416 3001 2468 καὶ
3032 2415 3445 2485 εὐτραπελίαις,
3476 2417 3508 2486 ἥ
3537 2433 3660 2468 τισιν

2083 2508 2273 2570 ἄλλαις
2328 2509 2752 2577 συνεφέλκοντες
2814 2507 2948 2560 αὐτὸ
3032 2507 3410 2578 ἀργολογίαις.
3444 2507 3659 2577 (Τούτων

2083 2600 2189 2669 γὰρ
2213 2600 2463 2663 ἕκαστος,
2490 2601 2565 2663 ὡς
2596 2600 2800 2671 ματαίᾳ
2826 2600 3091 2671 κέχρηται
3122 2602 3187 2670 τῇ
3213 2599 3308 2653 τοῦ
3332 2600 3474 2653 Θεοῦ
3504 2616 3658 2670 προσ-

2082 2691 2330 2762 ηγορίᾳ.)
2382 2692 2447 2745 Οί
2476 2692 2532 2745 δὲ
2582 2693 2680 2761 τῆς
2706 2692 2882 2754 Νέας·
2933 2692 3102 2745 ὲπειδ’
3129 2692 3215 2757 ἂν,
3251 2692 3411 2762 ποιρὰ
3464 2692 3546 2744 τὸν
3584 2709 3659 2743 τε·

2084 2781 2245 2836 θέντα
2278 2783 2463 2853 νόμον,
2493 2785 2642 2854 ὅρκῳ
2696 2782 2796 2853 τὴν
2843 2781 3009 2836 αύτοῦ
3062 2782 3517 2835 καθυποόάλλωσι
3544 2783 3660 2850 κλῆο

2084 2892 2190 2928 σιν.
2239 2878 2333 2927 Δεῖ
2374 2877 2484 2946 γάρ
2507 2893 2558 2929 τι
2609 2875 2940 2948 τελειότερον
2973 2877 3099 2939 τοὺς
3128 2877 3185 2928 ὲν
3215 2879 3281 2946 τῇ
3315 2877 3522 2946 χάριτι,
3561 2875 3657 2927 τῶν

2083 2967 2192 3037 πρὸ
2216 2966 2440 3038 ταύτης,
2473 2967 2638 3038 ἔχειν.
2675 2968 2907 3021 Ἔπειτα
2934 2968 3014 3034 δὲ,
3053 2968 3145 3021 καὶ
3174 2969 3223 3021 oi
3254 2969 3350 3021 τὸν
3377 2968 3504 3021 Υίδν
3528 2967 3659 3020 ἀλλο-

2081 3060 2361 3131 τριοῦντες
2393 3061 2492 3130 τῆς
2520 3060 2798 3130 πατρικῆς
2844 3060 3057 3125 οὐσίας,
3088 3060 3185 3113 καὶ
3223 3061 3370 3130 μετὰ
3403 3060 3510 3113 τῶν
3552 3076 3656 3113 κτι-

2086 3152 2308 3221 σμάτων
2335 3151 2597 3215 τιθέντες.
2624 3147 2757 3206 Εἶτα
2785 3153 2975 3217 πάλιν,
3000 3151 3191 3223 ὥσπερ
3212 3154 3275 3205 ὲκ
3310 3153 3655 3223 μεταμελείας

2090 3244 2172 3305 είς
2223 3244 2323 3314 τὴν
2367 3244 2466 3314 τῆς
2513 3243 2766 3313 θεότητος
2808 3238 2971 3298 αὐτὸν
3033 3243 3406 3307 εἰσποιοῦντες
3454 3244 3652 3312 κλῆσιν.

2082 3333 2361 3401 κτίσματι
2410 3333 2519 3404 γὰρ
2573 3328 2721 3388 οὗτοι
2763 3333 2825 3387 τὸ
2867 3333 3010 3388 θεῖον
3046 3333 3220 3404 ὄνομα
3274 3335 3653 3404 περιτιθέντες,

2084 3425 2336 3489 ἐκτόπως
2384 3425 2517 3478 αὐτὸ
2565 3424 3003 3496 ματαιοποιοῢσι.
3054 3427 3166 3479 Καὶ
3195 3427 3280 3498 δὴ,
3313 3429 3411 3481 καὶ
3473 3428 3521 3479 oi
3551 3428 3653 3488 ταῖς

402 3526 531 3587 huc,
563 3523 714 3587 illuc,
750 3531 810 3576 ut
862 3520 996 3575 aleis
1033 3520 1307 3583 ludentes,
1343 3517 1574 3588 agitant,
1626 3524 1680 3569 et
1717 3529 1841 3568 cum
1888 3529 1979 3568 so-

2085 3519 2388 3587 ὲριστικαῖς
2415 3493 2694 3586 ἁμίλλαις,
2741 3516 2933 3589 ὥσπερ
2979 3537 3033 3573 τι
3080 3519 3189 3571 τῶν
3216 3493 3511 3590 τυχόντων,
3537 3519 3654 3572 αὐτὸ

402 3618 518 3670 nitu
557 3612 895 3685 transferunt
922 3630 936 3666 :
968 3612 1072 3665 hoc
1097 3619 1277 3663 autem
1311 3614 1575 3678 praestant
1603 3616 1850 3670 strenue,
1885 3604 1981 3675 qui

404 3706 673 3763 haereticis
725 3705 931 3761 scholis
983 3711 1340 3759 evanescunt.
1394 3686 1703 3754 Etiamnum
1765 3714 1984 3768 quoque

407 3820 425 3852 ι
464 3802 516 3853 in
559 3813 763 3853 vanum
796 3816 814 3848 ι
867 3804 1093 3852 sumunt
1126 3809 1326 3848 nomen
1366 3791 1581 3847 Domini
1631 3790 1834 3861 Deique
1876 3805 1982 3845 no-

399 3892 520 3957 stri,
566 3890 660 3961 qui
694 3890 899 3944 audent
932 3889 1073 3942 tueri
1122 3885 1522 3940 indin‘ercntem
1563 3898 1678 3937 rem
1717 3898 1841 3937 esse
1884 3897 1978 3937 seu

396 3984 624 4047 Christi,
652 3984 769 4038 sive
794 3980 1115 4037 Antichristi
1149 3979 1445 4050 imaginem
1482 3979 1680 4041 facere,
1714 3985 1809 4030 aut
1835 3975 1981 4030 idola

396 4076 623 4146 paganis
674 4074 807 4129 olim
873 4074 1041 4128 culta.
1108 4071 1204 4126 Isti
1276 4085 1491 4134 omnes,
1555 4078 1820 4140 quantum
1883 4083 1981 4139 per

396 4166 686 4220 audaciam
761 4165 1005 4235 ipsorum
1073 4170 1342 4233 possunt,
1408 4161 1619 4215 Domini
1672 4175 1871 4214 nomen
1928 4168 1981 4214 et

396 4258 823 4330 appellationem
878 4258 1247 4313 frnstraneam
1303 4254 1538 4309 reddunt
1598 4260 1653 4307 et
1707 4252 1977 4307 inutilem.

395 4350 504 4406 Par
549 4360 633 4407 est
666 4351 812 4405 enim
853 4348 1080 4407 omnino
1126 4345 1219 4400 Dei
1272 4361 1470 4400 nomen
1506 4343 1877 4398 venerandum
1926 4351 1982 4395 et

396 4445 742 4500 adorandum
765 4441 1109 4503 existimare,
1140 4452 1319 4507 neque
1335 4436 1667 4508 juramentis
1689 4431 1977 4497 obleetari,

396 4554 500 4593 nec
544 4536 807 4608 perjuriis
856 4533 976 4605 (Dei
1018 4536 1240 4601 nomen)
1294 4530 1609 4601 profanare,
1662 4542 1762 4581 nec
1820 4525 1981 4580 idolis

397 4631 702 4701 adaptare:
757 4645 908 4694 non,
973 4636 1032 4682 ut
1090 4624 1352 4681 insanivit
1405 4624 1568 4677 Arius
1600 4662 1615 4685 ,
1670 4632 1977 4676 creaturam

406 4720 662 4775 deiﬁcare
709 4720 764 4774 in
812 4718 1166 4790 opprobrium
1197 4714 1500 4780 Creatoris,
1528 4726 1706 4781 neque
1736 4726 1850 4766 rem
1893 4711 1979 4764 in-

401 4809 747 4865 diﬂerentem
772 4820 985 4879 putare,
1006 4808 1076 4873 ei,
1103 4805 1199 4877 qui
1223 4804 1423 4860 meruit
1440 4804 1545 4859 hoc
1567 4818 1788 4870 nomen,
1810 4812 1860 4856 et
1882 4802 1977 4872 qui

2082 3600 2186 3663 ὦδε
2251 3612 2500 3675 κάκεῖσε,
2545 3607 2636 3664 οἷα
2686 3612 2750 3681 δὴ
2796 3611 2985 3675 κύῦοις
3040 3612 3352 3677 παίζοντες,
3400 3611 3654 3680 περιστρέ-

2083 3718 2278 3769 φοντες
2328 3704 2423 3756 καὶ
2444 3703 2919 3768 διακωδωνιῶντες
2942 3720 2955 3733 ·
2984 3706 3119 3775 ὅπερ
3148 3706 3387 3775 μάλιστα
3429 3704 3651 3758 ποιοῦσιν

2082 3796 2130 3848 ot
2156 3798 2278 3859 ταῖς
2326 3798 2631 3868 αἱρετικαῖς
2702 3799 3139 3867 ὲμματαῖζοντες
3193 3799 3439 3869 λέσχαις.
3477 3798 3653 3851 Ἐτιδὲ

2082 3886 2420 3957 λαμϐάνουσι
2447 3889 2542 3943 καὶ
2570 3888 2665 3942 νῦν
2692 3906 2710 3940 ι
2744 3891 2837 3942 ἐπὶ
2868 3891 3084 3963 ματαίῳ
3113 3911 3131 3943 ›
3166 3891 3227 3944 τὸ
3256 3892 3434 3960 όνομα
3462 3890 3651 3961 Κυρίιυ

2081 3978 2176 4032 τοῦ
2205 3979 2340 4032 Θεοῦ
2372 3980 2552 4050 ἡμῶν,
2582 3980 2946 4051 οίάδιάφορον
2982 3982 3291 4052 τολμῶντες
3341 3983 3517 4051 λέγειν
3565 3982 3651 4050 τήν

2080 4087 2141 4124 τε
2180 4073 2417 4143 Χριστοῦ
2442 4074 2645 4139 εἰκόνα,
2680 4075 2775 4127 καὶ
2802 4074 2901 4145 τὴν
2924 4074 3020 4127 τοῦ
3046 4074 3429 4144 ’Λντιχρίστον
3463 4075 3572 4145 ἦτοι
3592 4072 3651 4125 τὰ

2083 4162 2279 4215 εἴδωλα
2314 4163 2423 4216 τῶν
2463 4164 2795 4235 Ἑλληνικῶν
2828 4165 3212 4236 σεϐασμάτων.
3244 4167 3453 4228 Πάντες
3485 4166 3582 4235 γὰρ
3607 4166 3650 4216 οἱ

2080 4252 2350 4320 τοιοῦτοι,
2417 4255 2652 4322 ματαίαν
2713 4257 2806 4310 καὶ
2850 4257 3108 4328 ἀνωφελῆ
3180 4258 3278 4329 τὴν
3336 4258 3648 4325 Δεσποτικὴν

2083 4349 2477 4417 προσηγορίαν,
2509 4350 2569 4402 τό
2598 4366 2662 4418 γε
2708 4345 2844 4419 ἧκον
2882 4352 2962 4412 είς
3012 4351 3112 4422 τήν
3143 4350 3328 4403 αὐτῶν
3353 4350 3404 4415 ἀ,
3433 4350 3646 4418 ἀποφαί-

2082 4453 2255 4504 νουσι,
2287 4438 2512 4508 τόλμαν.
2550 4443 2643 4492 Δεῖ
2674 4442 2785 4513 γὰρ
2820 4444 2986 4496 παντὶ
3016 4442 3205 4513 τρόπω
3236 4444 3335 4514 τὴν
3366 4444 3513 4497 θείαν
3537 4442 3644 4510 κλῆ-

2084 4545 2188 4593 σιν,
2223 4531 2459 4601 φρικτήν
2488 4548 2545 4585 τε
2579 4533 2673 4586 καὶ
2721 4533 3029 4605 σεδασμίαν
3063 4536 3316 4604 ἡγεῖσθαι
3340 4554 3357 4568 ο
3403 4538 3494 4591 καὶ
3523 4538 3642 4606 μήτε

2080 4622 2265 4693 ὅρκοις
2309 4624 2447 4687 ὅλως
2497 4625 2733 4697 χαίρειν,
2784 4628 2921 4697 μήτε
2973 4628 3331 4700 καθυϐρίζειν
3382 4630 3641 4700 ἐπιορκία*

2082 4713 2219 4768 ἀλλὰ
2277 4715 2418 4785 μηδὲ
2476 4716 2803 4786 περιάπτειν
2856 4719 3102 4779 εἰδώλοις
3127 4737 3141 4752 ο
3187 4722 3324 4790 μηδὲ
3383 4723 3516 4791 μετὰ
3557 4722 3644 4786 τὴν

2095 4806 2304 4878 Ἀρείου
2334 4809 2490 4863 νόσον
2512 4811 2780 4864 θεοποιεῖν
2803 4811 2900 4883 τὴν
2923 4812 3123 4877 κτίσιν,
3147 4812 3289 4867 κατὰ
3310 4812 3406 4866 τοῦ
3440 4811 3644 4865 Κτίσαν-

396 4903 734 4960 contrarium
778 4902 1005 4956 sortitus
1056 4913 1161 4966 est,
1210 4900 1519 4970 applicare;
1552 4911 1658 4952 non
1704 4897 1976 4952 hacreticis

2084 4874 2207 4962 τος⁸
2234 4901 2373 4969 μήτε
2413 4900 2514 4971 μὲν
2538 4902 2835 4972 ἀδιάφορον
2858 4874 3118 4973 ῖἡγεῖσθαι
3148 4905 3212 4957 τὸ
3247 4905 3452 4976 ταύτης
3494 4904 3641 4971 ἠξιω-

394 4994 784 5065 logomachiis,
809 4994 959 5048 velut
986 4993 1126 5055 alea,
1155 4991 1381 5057 ludere;
1412 5005 1519 5045 non
1543 4987 1837 5059 superﬂuis
1868 5003 1983 5044 ma-

397 5087 665 5157 treologiis
701 5084 1039 5155 quibuslibet
1085 5083 1419 5148 immiscere,
1466 5090 1565 5135 aut
1597 5093 1927 5151 componere
1963 5098 1978 5135 :

394 5182 490 5237 sed
525 5179 907 5235 tantummodo
931 5176 1279 5231 salutiferam
1316 5181 1371 5229 et
1404 5173 1744 5229 adorandum
1778 5188 1979 5228 nomen

391 5278 461 5331 ad
495 5286 846 5331 communem
877 5284 1142 5339 usurpare
1174 5268 1489 5332 utilitatem,
1522 5267 1576 5321 in
1602 5266 1779 5321 sacris
1802 5266 1980 5336 preci-

392 5368 520 5432 bus,
576 5363 871 5437 mysteriis,
917 5371 971 5419 et
1002 5360 1260 5432 congruis
1289 5359 1574 5416 doctrinis.
1621 5357 1749 5413 llatc
1800 5368 1875 5425 tu,
1931 5358 1975 5412 si

392 5459 626 5527 caveris,
660 5455 1003 5513 observando
1033 5452 1196 5509 simul
1230 5451 1361 5517 eris,
1415 5461 1559 5507 recte
1607 5452 1679 5506 ita
1726 5459 1976 5506 statuens

2089 4990 2250 5061 μένον
2284 4991 2385 5061 τῆς
2422 4992 2695 5063 κλήσεως,
2720 4995 2894 5048 καὶτὸ
2925 4994 3352 5067 κληρωσάμενον
3379 4997 3478 5069 τὴν
3507 4997 3641 5048 ὲνανο

2083 5082 2235 5137 τίαν·
2290 5083 2414 5153 μηδ’
2447 5084 2750 5156 αίρετικαῖς
2792 5087 3075 5141 πεττεύειν
3118 5089 3254 5142 αὐτὸ
3280 5087 3638 5159 λογομαχίαις⁹

2082 5174 2221 5230 ἀλλὰ
2259 5176 2397 5246 μηδὲ
2437 5181 2723 5250 περιτταῖς
2769 5196 2880 5233 τισι
2915 5181 3320 5251 συνανακιρνᾷν
3380 5178 3477 5231 καὶ
3529 5192 3638 5229 συνο

2086 5267 2392 5339 αναφύρειν
2443 5270 2881 5339 ματαιολογίαις·
2913 5271 2974 5324 ὲν
3007 5271 3199 5342 μόναις
3229 5271 3286 5324 δὲ
3326 5272 3443 5332 ταῖς
3490 5266 3637 5336 ἱεραῖς

2085 5362 2243 5431 ἡμῶν
2272 5363 2461 5431 εὐχαῖς
2487 5378 2546 5415 τε
2579 5363 2673 5418 καὶ
2697 5364 2944 5426 τελεταῖς
2993 5365 3089 5418 καὶ
3109 5366 3231 5428 ταῖς
3258 5360 3637 5435 προσηκούσαις

2081 5452 2452 5518 διδασκαλίαις
2482 5465 2528 5519 ο,
2558 5455 2619 5507 τὸ
2673 5456 2939 5526 σωτήριον
2988 5458 3165 5510 ἐκεῖνο
3217 5456 3309 5511 καὶ
3351 5448 3661 5564 θαυμαστὸν⁸

1656 5585 1893 5641 VARUE
1925 5586 2339 5642 LECTIONES.

498 5711 526 5749 ἀ
554 5711 686 5767 Cod.
716 5709 857 5766 Non.
898 5707 1002 5766 555
1032 5704 1072 5760 ί.
1094 5705 1196 5759 114
1215 5704 1374 5762 habet
1402 5705 1481 5768 είς
1510 5704 1608 5776 τὴν
1643 5703 1835 5773 αὐτήν,

1918 5714 1940 5743 ο
1960 5702 2094 5759 Cod.
2134 5702 2275 5759 Men.
2294 5704 2704 5776 προσηκούσαις
2729 5724 2789 5760 τε
2821 5707 3123 5777 θεολογίαις
3148 5708 3240 5764 καί⁵
3266 5700 3625 5764 διδασκαλίαις⁸
