3846 6188
205 265 295 330 553
931 272 1033 331 AD
1078 273 1672 337 AMPHILOCHIUM
1719 278 2066 350 QUAESTIO
2099 285 2711 356 LXXXII-LXXXIV.
3334 301 3438 366 555.

202 375 372 446 ὄνομα,
419 375 495 438 είς
533 376 718 448 κοινὴν
757 377 1027 448 ὠφέλειαν
1069 386 1544 454 παραλαμΰὰνειν.
1615 389 1656 443 Α
1689 390 1754 444 ci.-

1871 392 1990 448 illud
2019 407 2346 466 praeceptum
2374 401 2721 467 praeclarum,
2753 420 2774 454 ι
2809 403 2926 460 Non
2955 423 3206 467 assumes
3239 431 3436 469 nouth

203 466 752 538 παραφυλαττόμενος,
787 470 1044 539 φυλάξεις
1064 489 1122 526 τε
1149 473 1287 543 ἅμα,
1324 475 1418 529 καὶ
1440 475 1619 542 καλῶς
1637 480 1753 549 νοή-

1871 481 2082 538 Domini
2119 483 2213 540 Dei
2245 487 2320 541 tui
2351 466 2406 540 in
2439 504 2640 545 vanum
2670 493 2737 544 ⁵⁸.
2773 511 2792 544 ι

202 571 319 621 σεις,
336 556 430 626 τὴν
461 557 608 610 θείαν
632 559 847 632 ἐκείνην
861 563 1206 634 νομοθεσίαν,
1231 567 1329 636 τὴν
1343 566 1657 635 λέγουσαν,ι
1682 572 1758 625 Οὐ

200 649 327 719 λήψῃ
344 649 400 700 τὸ
424 648 590 720 ὄνομα
622 651 826 721 Κυρίου
855 654 949 708 τοῦ
972 655 1108 709 Θεοῦ
1160 674 1254 711 σου
1313 659 1407 712 ἐπὶ
1456 661 1694 732 ματαίῳ.
1733 681 1754 716 ι
2007 699 2010 701 λ

705 766 1044 841 sperasti:
1083 770 1208 826 III".

2004 767 2336 835 oues'no
2396 775 2662 831 Lxxxm
2748 777 2950 850 [CoiaL
3009 783 3292 855 ουτω,

2423 845 2589 902 Τααν.
2647 849 2824 905 ccax
2849 852 2884 898 ι.

2468 864 2589 902 aur.
2647 864 2824 905 Lblu't
2853 864 2884 898 ¹ο

2227 934 2369 1000 Quid
2399 946 2477 992 est
2516 940 2737 1008 spiritus
2769 905 3070 1015 Pyltlwm's?

250 1036 382 1086 Edita
404 1052 429 1086 a
459 1039 774 1103 Montacutio,
801 1055 884 1104 ep.
906 1041 1014 1105 151,
1034 1044 1100 1094 ad
1125 1047 1390 1112 Theodot.,
1421 1063 1472 1114 p.
1497 1047 1724 1099 206-207.
1744 1045 1822 1102 De
1841 1049 2232 1113 engastrimytho
2260 1052 2280 1102 Ι
2315 1052 2618 1116 Βθελχνιιι,
2644 1056 2672 1105 7
2693 1071 2829 1121 seq.;.
2849 1061 2943 1113 Act
2973 1078 3073 1126 ΧΠ,
3100 1065 3156 1115 16
3179 1080 3307 1130 seq-

259 1147 326 1199 Τὸ
356 1147 675 1216 ἐμφωλεῦον
708 1151 774 1220 τῇ
803 1150 1124 1226 ἀνθρωπεία
1146 1159 1345 1229 γαστρὶ
1374 1159 1636 1232 πονηρὸν,
1661 1158 1758 1212 καὶ

197 1239 330 1302 ἀξιον
359 1239 458 1309 τὴν
490 1241 825 1312 κοπροδόχον
854 1245 1026 1299 οίκεῖν
1047 1287 1061 1313 ,
1090 1248 1403 1320 ἀκάθαρτον
1435 1252 1677 1324 πνεῦμα,
1705 1255 1757 1309 oi

552 923 614 975 Τί
636 923 773 978 ἐστι
802 926 1042 996 πνεῦμα
1065 928 1381 994 Πύθωνος;

1931 1155 2134 1213 Malum
2164 1159 2315 1219 illum
2337 1167 2428 1233 qui
2459 1168 2726 1228 humanos
2745 1183 2961 1231 ventres
2984 1177 3196 1244 incolit,
3215 1177 3438 1250 dignum

1861 1258 2010 1304 certe
2063 1250 2318 1308 latrinam
2352 1272 2645 1329 occupare,
2699 1265 2973 1336 impurum
3031 1286 3224 1342 nempe
3279 1275 3442 1343 spiri—

200 1334 286 1402 μὲν
312 1335 404 1403 τῆς
436 1335 743 1402 εὐσεόείας,
791 1336 913 1390 λίαν
946 1340 1205 1410 ἐμφερῶς
1257 1347 1756 1418 προσωνομάκασιν

195 1425 687 1496 emam/pudor
713 1428 822 1483 τῶν
854 1430 912 1483 δὲ
942 1433 1074 1504 παρ’
1101 1433 1362 1506 Ἕλλησιν
1392 1442 1441 1494 oi
1477 1443 1579 1513 μὲν
1605 1443 1756 1497 πλεῖ·

1861 1345 1999 1406 tum,
2045 1339 2120 1394 illi
2161 1343 2251 1412 qui
2291 1345 2544 1414 pietatem
2579 1352 2766 1409 colunt
2797 1360 3044 1428 apposite
3083 1339 3442 1420 nominarunt

1862 1432 2378 1503 engastrimytlmm.
2456 1439 2609 1509 Apud
2646 1443 2860 1503 Graecos
2921 1451 3164 1523 plerique
3232 1465 3440 1512 entero-

198 1533 316 1581 στοι,
347 1518 772 1588 ἐντερόμαντιν
791 1540 808 1556 ο
848 1523 1028 1595 ἕτεροι
1075 1525 1130 1578 δὲ
1159 1525 1755 1608 ἐγιγηιιστρίμιιντινῌ)

1871 1531 2092 1596 mantia,
2152 1529 2320 1599 aliqui
2361 1539 2807 1602 engastrimantin
2858 1518 3075 1602 vocant.
3143 1549 3440 1620 Sophocles

195 1608 532 1677 ὀνομάζουσι.
571 1614 850 1685 Σοφοκλῆς
870 1615 933 1668 δὲ
963 1617 1072 1678 ἄρα
1099 1619 1196 1670 καὶ
1230 1623 1632 1700 Πλάτων,ὐπὲρ
1655 1629 1750 1683 τοῦ

1860 1630 1915 1674 et
1947 1620 2099 1675 Plato
2125 1621 2379 1678 dtemOnii
2415 1624 2464 1677 in
2492 1630 2745 1695 gratiam.
2779 1649 2906 1689 cum
2951 1639 3016 1692 de
3045 1643 3250 1697 ventris
3293 1643 3441 1700 illius

193 1699 476 1769 δαιμονίου,
504 1702 610 1774 τῆς
637 1707 873 1777 γαστρὸς
899 1707 996 1777 τὴν
1033 1709 1248 1785 οἴκησιν
1286 1699 1694 1789 αἰσχυνόμενοι,
1729 1724 1758 1776 ὀ

1871 1713 2100 1769 incolatu
2152 1714 2511 1784 pudeﬁerent,
2567 1720 2659 1775 ille
2693 1722 2915 1793 quidem
2947 1727 3158 1799 (utpote
3189 1734 3441 1803 poeticus
3515 1741 3524 1750 '

200 1791 287 1859 μὲν
317 1793 430 1859 (ᾶτε
464 1797 750 1865 ποιητικός
777 1817 862 1864 τις
893 1801 990 1865 ὢν,
1027 1810 1122 1860 καὶ
1161 1807 1295 1862 πολὺ
1340 1809 1400 1862 τὸ
1431 1809 1628 1880 ἄφετον
1664 1814 1758 1868 ἐπὶ

1871 1805 2172 1871 assistens,
2224 1813 2278 1860 et
2328 1806 2526 1877 linguae
2577 1791 2828 1868 libertate
2886 1791 3208 1889 praeditus:
3245 1824 3443 1893 suique

196 1881 282 1950 τῆς
310 1883 562 1956 γλώσσης
592 1887 751 1958 ἔχων,
780 1892 876 1946 καὶ
904 1896 1222 1968 αὐτόνομον)
1253 1900 1375 1953 ἀντὶ
1397 1903 1633 1973 γαστρὸς
1660 1905 1758 1960 αὐ-

195 1973 262 2042 τῷ
286 1975 350 2028 τὰ
386 1977 590 2048 στέρνα
618 1984 1007 2054 χαρισάμενος,
1039 1994 1476 2060 στερνόμαντιν
1517 1997 1758 2065 μετωνό-

198 2083 384 2134 μασεν·
452 2071 481 2124 6
523 2073 604 2135 δὲ,
636 2074 697 2126 τὸ
727 2077 969 2146 ἐμφανὲς
1009 2082 1143 2146 ἴσως
1169 2085 1262 2135 τοῦ
1298 2083 1529 2153 ψεύδους
1575 2089 1761 2143 ἐκκλί-

195 2177 307 2225 νων,
325 2162 488 2234 ἑτέρᾳ
518 2164 576 2218 δὲ
611 2166 821 2240 μεθόδῳ
848 2170 1100 2226 κλέπτων
1125 2175 1226 2245 τὴν
1248 2176 1760 2248 ὓϐριν,Εἰφυκλέα

196 2251 336 2306 καλεῖ
359 2255 422 2306 τὸ
452 2258 823 2327 γαστρίοικον.
857 2261 1038 2329 Οὕτω,
1068 2269 1222 2335 φασὶ,
1256 2269 1552 2340 κληθέντος
1589 2275 1759 2330 πάλαι

196 2345 340 2414 τινος,
364 2348 456 2401 ἐπὶ
484 2349 566 2420 τῷ
591 2352 753 2405 πάθει
777 2357 825 2393 ε·
857 2355 1235 2430 διαόοηθέντος
1255 2380 1269 2393 υ
1300 2365 1394 2430 ἀφ’
1427 2357 1487 2418 οὗ
1520 2367 1616 2420 καὶ
1645 2371 1758 2432 τοῖς

195 2435 376 2506 ἐφεξῆς
413 2439 518 2511 τὴν
565 2446 942 2517 προσηγορίαν
988 2451 1266 2522 νέμουσιν.
1310 2456 1496 2509 Ἐοικε
1544 2457 1651 2530 γὰρ
1697 2460 1759 2513 τὸ

195 2526 452 2596 δαιμόνιον
481 2531 642 2586 τοῦτο
670 2535 856 2605 φῦλον,
889 2541 951 2592 οὐ
987 2545 1227 2610 γυναίων
1265 2547 1456 2615 μόνον,
1490 2549 1628 2604 ἀλλὰ
1665 2553 1760 2607 καὶ

195 2619 388 2689 ἀνδρῶν
416 2625 483 2694 τῇ
514 2625 706 2697 κόπρῳ
729 2628 903 2698 φιλεῖν
931 2634 1412 2705 ὲγγαστρίζεσθαι.
1442 2641 1760 2698 Λαοπλάνον

194 2708 243 2760 δὲ
265 2712 436 2779 τοῦτο,
470 2717 570 2770 καὶ⁹
597 2719 696 2788 τῆς
719 2722 954 2793 ἐσχάτης
985 2727 1281 2792 ἀπωλείας,
1322 2733 1434 2795 τοῖς
1468 2735 1760 2807 προσέχειν

195 2802 330 2872 αὐτῷ
357 2807 859 2881 ἁναπεπεισμένοις
879 2857 892 2881 ,
939 2818 1220 2887 πρόξενον.
1262 2823 1506 2879 Καλοῦσι
1535 2826 1591 2880 δὲ
1625 2829 1758 2883 αὐτὸ

1857 1892 2022 1966 juris)
2061 1893 2182 1948 loco
2215 1895 2422 1951 ventris
2451 1907 2644 1966 pectus
2683 1901 2732 1956 ei
2772 1905 3266 1976 etunassignasset,
3302 1892 3440 1965 ster-

1863 1986 2140 2040 nomantin
2173 1986 2510 2052 nominavit;
2543 1990 2702 2058 alter,
2732 2008 2885 2059 cum,
2921 2007 2979 2052 ut
3005 1999 3305 2057 verisimile
3334 2013 3437 2069 est,

1863 2088 2113 2148 apertum
2165 2085 2390 2149 cuperet
2433 2081 2608 2137 vitare
2661 2087 3031 2154 mendacium,
3065 2091 3233 2146 aliam
3287 2093 3445 2160 inivit

1865 2172 2030 2237 viam,
2060 2181 2114 2229 et
2147 2174 2382 2230 dedecus
2406 2173 2727 2242 declinavit,
2761 2188 2814 2235 et
2842 2182 3238 2240 inbabitantem
3280 2186 3444 2241 Euri-

1862 2263 1974 2318 clea
2009 2267 2274 2321 nominat.
2308 2268 2428 2334 Quo
2456 2269 2699 2335 ιιοιιιίιιρ,
2735 2282 2795 2324 ut
2819 2271 3110 2340 allirmant,
3145 2279 3445 2333 vocabatur

1863 2358 2110 2428 quidam,
2145 2361 2240 2431 qui
2291 2362 2421 2416 olim
2476 2371 2581 2420 hoc
2627 2364 2826 2420 all‘ectu
2882 2368 3235 2437 inclaruerat,
3265 2387 3296 2428 a
3333 2388 3444 2442 quo

1864 2451 2122 2524 deinceps
2153 2453 2275 2508 aliis
2301 2454 2520 2509 titulum
2558 2457 2894 2514 indiderunt.
2943 2459 3096 2517 Solet
3139 2463 3287 2519 enim
3338 2465 3446 2521 hoc

1863 2557 2036 2611 genus
2091 2542 2399 2599 daemonum
2461 2555 2706 2602 stercore
2757 2565 2864 2603 non
2914 2553 3207 2608 mulierum
3259 2557 3442 2621 modo,

1865 2633 1958 2688 sed
1988 2643 2043 2688 et
2068 2635 2309 2689 virorum
2360 2637 2644 2705 obiectari,
2677 2648 2732 2694 et
2783 2641 2908 2697 ideo
2955 2655 3198 2700 ventrem
3231 2647 3440 2703 subire.

1864 2726 1962 2782 Est
2007 2735 2188 2782 autem
2220 2729 2404 2798 populi
2439 2730 2699 2802 deceptor
2731 2736 2981 2804 spiritus,
3013 2745 3068 2793 et
3096 2740 3310 2794 ruinam
3347 2756 3445 2795 ex-

1865 2834 2093 2880 tremam
2149 2831 2404 2890 procurat
2434 2823 2537 2888 eis,
2569 2826 2664 2892 qui
2702 2832 2761 2880 ut
2795 2827 2954 2882 ﬁdem
3000 2829 3052 2883 ei
3093 2829 3330 2885 habeant
3359 2832 3446 2885 in-

198 2894 362 2950 πολλοὶ
389 2901 504 2955 τῶν
550 2903 816 2976 Ἑλλήνων
853 2912 945 2963 καὶ
978 2913 1226 2968 Πύθωνα
1247 2934 1261 2948 ο
1307 2919 1445 2989 ὅπερ
1472 2917 1627 2991 οἶμαι
1659 2925 1755 2978 καὶ

1871 2917 1981 2976 luci
2011 2915 2270 2986 poterint.
2302 2911 2452 2968 Multi
2483 2932 2644 2986 porro
2673 2935 2702 2973 e
2723 2917 2925 2974 GI‘IPCiS
2954 2919 3240 2992 Pythonem
3273 2924 3447 2977 nomi-

195 2989 250 3057 τῇ
279 2990 381 3041 τῶν
407 2993 794 3065 Φιλιππησίων
830 3001 1091 3076 παιδίσκῃ
1118 3005 1633 3081 ὲγγαστριζόμενον,
1661 3015 1756 3069 τὸν

1871 3017 2002 3066 nant.
2025 3027 2039 3062 :
2065 3006 2396 3076 cujusmodi,
2428 3011 2643 3080 Opinor,
2669 3011 2810 3080 apud
2827 2989 3220 3081 Philippenses,
3237 3014 3448 3069 ancilla:

195 3080 250 3132 ἐκ
276 3083 368 3150 τῆς
393 3085 607 3157 πλάνης
635 3088 850 3159 ἔρανον,
878 3097 988 3157 τοῖς
1021 3097 1230 3166 κυρίοις
1254 3101 1445 3170 αὐτῆς,
1466 3099 1553 3156 οἷα
1576 3105 1640 3175 δὴ
1663 3107 1760 3160 καὶ

195 3171 342 3224 τοῦτοῦ
375 3175 441 3226 δι’
478 3176 697 3249 ἐκείνης
729 3181 1052 3245 δεσπόζουσι
1088 3225 1102 3246 ,
1140 3189 1550 3246 κατατίθεσθαι.
1596 3196 1660 3247 Ὃ
1694 3195 1758 3268 δὴ

198 3267 554 3338 κακομηχάνῳ
587 3270 778 3343 γνώμῃ
830 3277 926 3328 καὶ
975 3277 1067 3330 τὸν
1108 3279 1392 3334 θεσπέσιον
1425 3284 1635 3340 Παῦλον
1665 3289 1763 3341 ἐπ-

199 3350 348 3405 αίνων
377 3357 683 3427 ἐγκωμίοις
715 3363 1020 3433 μελετῆσαν
1051 3367 1407 3441 ὑπέρχεσθαι,
1445 3373 1637 3442 μισθὸν
1663 3377 1763 3446 τῆς

200 3443 498 3513 κολακείας,
526 3453 627 3521 τὴν
664 3452 980 3526 ὑπερορίαν,
1015 3453 1159 3530 εὗρε,
1200 3461 1296 3530 τῆς
1331 3463 1516 3516 ἀδίκου
1552 3467 1646 3519 καὶ
1682 3469 1762 3536 cpi-

198 3532 284 3604 λης
315 3539 431 3609 om;
441 3557 603 3605 σεως.

719 3659 1054 3714 ΕΡΩΊἩΣΙΣ
1095 3661 1216 3718 DA'.

1869 3114 2113 3159 ventrem
2178 3097 2452 3170 subierat,
2521 3119 2642 3172 qua:
2718 3118 2813 3172 per
2886 3104 3032 3158 illam
3086 3105 3444 3176 imposturam

1872 3195 2003 3251 baro
2033 3213 2132 3252 suo
2175 3197 2419 3271 symbola
2453 3193 2761 3264 colligebat,
2805 3195 2898 3264 qui
2941 3211 3035 3264 per
3073 3197 3325 3251 ancillam
3350 3201 3450 3253 tto-

1871 3287 2181 3343 minabatur
2217 3288 2510 3344 daemonio.
2543 3285 2636 3340 llle
2681 3285 2906 3354 spiritus
2944 3289 3087 3341 mala
3123 3299 3303 3346 mente
3333 3290 3450 3344 lau-

1869 3380 2033 3434 dabat
2078 3378 2330 3444 Paulum,
2381 3389 2434 3434 ct
2460 3395 2557 3450 per
2590 3379 2841 3435 encomia
2893 3380 3255 3436 meditabatur
3297 3382 3447 3436 illum

1870 3471 2076 3537 subire,
2114 3472 2206 3528 sed
2233 3473 2562 3528 adulationis
2589 3474 2870 3543 praemium
2907 3473 3291 3542 relegationem
3332 3489 3453 3531 nie-

1870 3565 2001 3630 ruit,
2026 3567 2094 3620 ab
2132 3565 2414 3635 injustaet
2445 3566 2639 3621 dilecta
2680 3565 3017 3620 habitatione
3051 3575 3317 3622 semotus.

1872 3677 2203 3744 Qil/ESTIO
2254 3678 2512 3733 LXXXIV
2551 3677 2738 3751 [CoisL
2770 3680 2924 3747 CCL,
2967 3681 3133 3738 Taur.
3175 3678 3450 3753 CCXLH.

891 3799 1032 3850 Edita
1065 3815 1092 3851 a
1119 3803 1432 3867 Montacutio,
1459 3822 1540 3868 cp.
1563 3806 1663 3868 1:52,
1686 3811 1749 3859 ad
1776 3813 1949 3864 Taras.
1978 3831 2024 3879 p.
2052 3818 2162 3877 207,
2189 3817 2298 3879 208,
2322 3821 2372 3867 in
2395 3819 2533 3868 Rom.
2563 3833 2607 3880 ν,
2637 3821 2711 3870 12.

259 3899 344 3966 Τὸ,
380 3921 397 3950 ι
439 3902 562 3971 ‘Ezp’
587 3895 632 3969 ᾧ
661 3903 860 3969 πάντες
897 3907 1166 3979 ἥμαρτον,
1205 3930 1224 3962 ›
1256 3913 1394 3984 ὅπερ
1419 3915 1630 3979 Παῦλθς
1660 3917 1758 3987 μὲν

200 3991 379 4055 ὁθείος
413 3993 608 4063 ἔφησε,
639 3996 702 4046 σὺ
723 3995 779 4049 δὲ
809 3999 1000 4068 μαθειν
1059 4001 1293 4074 ᾔτησας,
1349 4005 1543 4060 τούτου
1571 4008 1638 4078 δὴ
1662 4009 1760 4080 τὴν

1935 3922 2084 3979 Pauli
2140 3927 2272 3982 illud
2326 3929 2570 3993 eilatuut,
2638 3951 2656 3982 ι
2696 3931 2750 3984 1η
2796 3945 2905 4001 quo
2957 3945 3149 3986 omnes
3187 3944 3449 3999 peccare--

1865 4017 2071 4080 runt”,
2109 4035 2126 4068 ι
2172 4019 2302 4086 quid
2343 4021 2446 4074 sibi
2499 4021 2646 4080 velit.
2696 4021 2882 4075 doceri
2913 4019 3090 4088 cupis.
3137 4019 3300 4074 Istius
3345 4020 3450 4074 loci

199 4081 442 4146 διάνοιαν,
487 4088 539 4138 οἱ
574 4087 704 4157 μὲν,
741 4088 830 4159 ἐφ’
871 4085 941 4158 ᾦ,
991 4093 1070 4164 τῷ
1104 4095 1300 4165 Ἀδάμ·
1345 4099 1395 4151 οί
1441 4101 1514 4163 δὲ,
1572 4101 1666 4170 ἐφ’
1715 4095 1762 4169 ᾧ

1874 4081 2442 4177 saltemiamquidam
2476 4109 2548 4162 ita
2586 4109 2839 4175 reddunt,
2869 4118 2928 4164 ut
2958 4109 3112 4174 illud,
3151 4111 3204 4163 in
3234 4126 3357 4181 quo,
3382 4111 3450 4165 ad

202 4173 271 4238 τῷ
299 4177 559 4243 θανάτῳ,
589 4184 1062 4250 συνυπακούοντες
1103 4188 1465 4244 ἀποῖιδόασιν.
1512 4193 1665 4264 Ἐμοὶ
1711 4194 1768 4247 δὲ

200 4266 466 4340 οὐδέτερον
511 4271 682 4326 δοκεῖ.
727 4276 863 4328 Οὐδὲ
916 4279 1026 4348 γάρ
1090 4297 1143 4335 τι
1197 4283 1597 4337 συνυπακούειν
1665 4287 1766 4354 δεῖ,

203 4356 416 4449 αὐτόθεν
462 4361 682 4432 ἔχοντος
711 4365 804 4419 τοῦ
853 4369 1020 4437 ῥητοῦ
1069 4371 1166 4442 τὴν
1196 4375 1490 4430 ὲντέλειαν.
1525 4375 1598 4430 Τὸ
1636 4379 1767 4449 γὰρ,

210 4449 353 4519 ιἙφ’
380 4445 424 4519 ᾧ
455 4454 662 4517 πάντες
695 4457 964 4528 ἥμαρτον,
999 4479 1018 4512 ι
1055 4462 1149 4517 νῦν
1183 4465 1243 4516 οὐ
1275 4465 1571 4535 προσώπου
1600 4469 1767 4536 τινὸς,

203 4539 300 4592 οὐδ’
330 4539 441 4596 οἷον
473 4547 792 4616 προσώπου,
813 4549 1087 4604 ξδεικτικόν
1111 4556 1289 4608 ἐστιν’
1308 4557 1421 4610 ἀλλ’
1458 4559 1634 4622 αίτίας
1662 4560 1769 4631 μά-

205 4632 348 4689 λιστα
397 4643 838 4710 παραστατικόν·
879 4638 1012 4709 οἷον,
1061 4666 1079 4698 ι
1123 4649 1242 4718 Ἐφ’
1270 4642 1315 4717 ᾧ
1351 4651 1552 4716 πάντες
1582 4654 1770 4725 ἥμαρ-

206 4743 305 4792 τον,
340 4751 359 4783 ι
393 4733 530 4786 διότι
557 4735 758 4798 πάντες
782 4739 1048 4812 ἥμαρτον.
1104 4745 1212 4797 Καὶ
1239 4747 1417 4819 μυρία
1441 4745 1461 4785 ί
1511 4747 1630 4816 μὲν,
1675 4747 1770 4801 καὶ

211 4826 347 4893 παρὰ
378 4829 492 4890 τοῖς
535 4826 658 4894 ἔξω,
697 4830 730 4898 ἡ
764 4833 984 4906 τοιαύτη
1022 4837 1260 4908 συνθήκη
1289 4837 1397 4891 τῶν
1426 4837 1632 4905 λόγων·
1667 4841 1770 4911 ἀρ-

210 4912 346 4967 κέσει
375 4917 418 4968 δ’
450 4915 545 4972 οὖν
571 4922 598 4973 ὁ
628 4921 769 4982 θεῖος
791 4921 1019 4991 Παῦλος,
1062 4930 1223 4992 αὐτὸς
1249 4929 1440 4982 ἑαυτοῦ
1470 4932 1569 4994 τὰς
1597 4930 1772 4997 λέξεις

211 5002 538 5076 ἑρμηνεύων.
571 5014 736 5082 Λέγει
769 5021 878 5088 γὰρ
909 5019 1142 5090 ἀλλαχοῦ
1168 5062 1183 5086 ,
1217 5038 1236 5072 ι
1270 5022 1378 5075 Καὶ
1405 5023 1514 5093 γὰρ
1542 5024 1589 5076 οἱ
1620 5024 1773 5088 ὄντες

210 5095 260 5145 ἐν
281 5098 355 5167 τῷ
386 5101 600 5170 σκήνει,
636 5108 968 5179 στενάζομεν
1003 5109 1352 5180 βαρούμενοι,
1384 5131 1402 5162 ι
1435 5107 1573 5176 εἶτα,
1611 5132 1629 5164 ι
1655 5115 1771 5184 Ἐφ’

209 5178 330 5252 ᾧού
379 5191 608 5264 θέλομεν
670 5178 995 5255 ἐνδύσασθαι
1017 5178 1230 5268 nam
1277 5204 1695 5258 ἐπενδύσασθαι.
1727 5178 1765 5256 ⁷ι

213 5280 499 5354 Περεδηλον
531 5287 638 5359 γὰρ
669 5292 734 5345 ὲκ
761 5293 974 5361 τούτου,
999 5293 1074 5359 ὡς
1097 5295 1178 5360 τὸ,
1204 5295 1298 5366 ἐφ’
1328 5289 1394 5362 ᾧ,
1419 5298 1598 5360 αἰτίας
1624 5296 1772 5367 αὐτῷ
1797 5364 1800 5368 γ

213 5382 538 5445 σημαντικὸν
594 5387 972 5459 παρειλήφθηο
1019 5388 1288 5455 τουτέστι,
1324 5389 1422 5443 Διὰ
1456 5388 1615 5442 τοῦτο
1649 5407 1771 5443 στε-

159 5509 185 5550 .‘
276 5493 318 5524 ³³
340 5493 515 5556 Exod.
542 5519 633 5570 xx,
667 5504 720 5558 7.
795 5505 843 5537 ’δ
865 5503 1023 5558 Rom.
1057 5520 1108 5570 ν,
1143 5505 1226 5560 12.
1299 5506 1344 5538 ⁸³
1378 5503 1418 5559 ιι
1448 5504 1574 5562 Cor.
1606 5521 1656 5568 ν,
1685 5506 1738 5559 4.

1870 4196 2141 4252 Adamum
2185 4199 2459 4267 referant;
2495 4201 2585 4268 alii
2628 4203 2692 4256 al
2727 4203 2876 4266 illud,
2909 4221 2928 4254 ι
2960 4201 3014 4255 in
3057 4217 3164 4271 qua
3197 4211 3391 4257 morte.
3425 4222 3446 4255 ι

1870 4287 2000 4341 Mihi
2029 4303 2282 4346 neutrum
2316 4294 2513 4362 placet.
2541 4293 2724 4365 Neque
2751 4295 2897 4350 enim
2934 4293 3232 4364 quidquam
3265 4294 3450 4348 subin-

1872 4381 2219 4451 telligenduni
2272 4386 2529 4450 occurrit,
2562 4401 2686 4441 cum
2721 4402 2816 4456 per
2845 4403 2902 4442 se
2940 4393 3152 4442 constet
3181 4386 3282 4440 sibi
3319 4386 3448 4440 dicti

1872 4472 2017 4528 illius
2070 4475 2306 4545 perfecta
2354 4479 2690 4534 constitutio.
2729 4477 2898 4544 Nam,
2956 4496 2975 4530 ι
3013 4478 3068 4531 In
3112 4493 3220 4548 quo
3260 4494 3487 4531 omnes-

1872 4577 2254 4636 peccaverunt,
2302 4588 2320 4622 ι
2351 4571 2403 4625 in
2433 4572 2685 4641 praesenti
2718 4587 2820 4627 nec
2859 4585 3150 4642 personam
3184 4571 3446 4639 aliquam,
3475 4571 3484 4649 ξ

1872 4672 1973 4714 nec
2024 4668 2281 4730 tanquam
2330 4677 2616 4733 personam
2668 4671 3067 4733 repraesentat:
3115 4662 3209 4716 sed
3268 4661 3449 4729 potius

1877 4763 2101 4804 causam
2132 4751 2356 4817 indit-at,
2381 4755 2535 4823 quasi
2567 4755 2786 4817 diceret,
2829 4772 2848 4806 ι
2878 4753 2932 4807 lu
2972 4769 3084 4824 quo
3112 4769 3301 4810 omnes
3331 4771 3451 4825 pec-

1871 4849 2156 4905 caverunt,
2191 4859 2209 4893 ›
2239 4841 2290 4896 id
2325 4853 2430 4908 est,
2466 4843 2516 4896 in
2544 4852 2807 4912 quantum
2837 4853 3203 4912 peccaverunt
3231 4859 3423 4898 omnes

1871 4932 2046 5002 Atque
2089 4939 2233 4988 certe
2266 4942 2483 4989 exstant
2519 4935 2662 5003 apud
2697 4945 2953 4991 externos
2996 4935 3292 5004 scriptores
3323 4951 3448 4990 sex-

1873 5031 2027 5076 centa
2076 5023 2386 5078 istiusmodi
2439 5025 2730 5082 locutionis
2761 5025 3042 5095 exempla;
3082 5026 3177 5081 sed
3217 5024 3448 5081 subiciet

1874 5116 2031 5170 nobis
2064 5116 2281 5171 divinus
2327 5116 2546 5183 Paulus,
2597 5116 2690 5187 qui
2723 5132 2879 5172 suam
2922 5117 3080 5172 nobis
3126 5117 3452 5173 sententiam

1872 5208 2126 5275 explicet.
2153 5208 2245 5262 Ait
2277 5208 2366 5262 ille
2394 5209 2524 5263 alibi
2557 5224 2570 5261 :
2612 5228 2629 5260 ι
2672 5205 2884 5264 Etenim
2919 5209 3011 5279 qui
3054 5209 3108 5263 in
3146 5210 3248 5264 hoc
3275 5209 3450 5262 taber-

1874 5300 2071 5354 naculo
2109 5316 2337 5366 sumus,
2387 5302 2798 5373 ingemiscimus
2839 5301 3186 5375 praegravazi.
3237 5297 3296 5352 In
3340 5311 3453 5368 quo

1875 5390 2129 5446 nolumus
2193 5393 2441 5459 induere,
2485 5395 2581 5450 sed
2627 5396 3028 5466 Superindui”.
3069 5415 3088 5449 ι
3118 5393 3271 5450 Patet
3302 5390 3440 5450 enitr

1498 5595 1730 5651 VARUE
1775 5593 2179 5652 LECTIONES.

295 5688 336 5724 °'
368 5686 502 5745 Cod.
527 5687 669 5744 Non.
703 5689 806 5745 555
836 5688 872 5744 ί.
898 5689 996 5746 115
1029 5690 1156 5761 legit
1190 5692 1281 5746 ἐπὶ
1310 5691 1370 5747 τὸ
1391 5692 1584 5757 πάθος.
1655 5693 1673 5732 ί
1719 5693 1996 5766 μυριάκις.
2023 5695 2082 5758 (ἶ,
2121 5694 2185 5752 Μ.
2220 5695 2408 5766 μυρία.
2482 5696 2506 5735 ε
2537 5691 2882 5748 ἐκδύσασθαι.
2903 5692 2965 5748 G.
3001 5691 3074 5747 M.
3098 5689 3435 5747 ἐνδῦσασθι,
