3846 6188
315 302 420 367 555

1469 310 1732 372 ΡΗΟΤΙΙ
1773 309 2274 373 PATRIARCH/E
2312 310 2426 372 (ΣΡ.

3463 304 3570 369 556

317 421 371 479 in
406 419 510 474 ltoc
538 418 678 483 loco,
730 419 860 474 illud
897 420 951 474 in
980 435 1105 491 quo,
1155 421 1314 492 quasi
1369 425 1712 479 causativum
1770 424 1900 494 quid

2013 421 2265 492 νάξομεν,
2314 421 2413 490 οὐχ
2461 420 2544 474 ὅτι
2575 416 2940 475 ἐνδύσασθαιῆ
2977 418 3222 497 θέλομεν,
3250 419 3388 473 ἀλλὰ
3433 421 3570 474 διότι

316 506 490 577 accipi
519 507 734 563 debeat.
765 505 858 562 Est
880 507 1025 562 enim
1056 523 1274 570 sensus.
1309 507 1390 564 Ob
1423 510 1554 564 illud
1587 510 1901 580 ingemisci-

318 615 441 654 mus
463 615 568 654 non
595 601 742 670 quod
771 601 920 655 indui
950 601 1225 666 volumus,
1255 603 1350 659 sed
1375 604 1522 674 quod
1549 604 1896 673 superindui.

322 690 394 750 Ut
414 691 735 760 explicatius
771 693 968 759 dicam,
997 693 1100 749 loci
1123 697 1396 750 sententia
1429 696 1530 751 ista
1556 705 1639 751 est
1671 715 1684 750 :
1737 695 1900 766 Inge-

319 783 615 849 miscimm,
640 784 767 838 dum
800 784 853 838 in
878 786 1226 851 tabernaculo
1249 787 1602 842 consistimus
1625 827 1640 852 ,
1673 803 1740 848 eo
1757 788 1902 858 quod

321 890 869 945 superaggravanmr.
924 876 1063 943 Quid
1105 879 1278 945 ergo?
1329 878 1484 933 visne
1525 893 1725 949 corpus
1782 880 1902 936 ideo

324 975 476 1018 tuum
509 981 726 1032 exuere,
759 967 900 1034 quod
941 968 1030 1022 Dei
1085 983 1281 1023 manus
1315 968 1706 1040 eﬂigiavcrunt,
1735 979 1787 1024 et
1813 970 1900 1026 cui

323 1054 563 1108 animam
623 1058 896 1124 coaptarit
960 1056 1199 1110 divinum
1265 1057 1634 1126 spiraculum?
1689 1058 1904 1128 Nequa-

326 1161 518 1214 quam,
551 1146 785 1215 inquies,
825 1147 964 1201 obsit
998 1148 1050 1200 id
1094 1147 1311 1203 faciam.
1345 1146 1529 1218 Neque
1570 1150 1714 1203 enim
1752 1153 1902 1222 iuge-

323 1236 518 1303 misco,
543 1252 603 1290 ea
635 1249 854 1307 propter
880 1239 1025 1306 quod
1056 1255 1160 1293 non
1191 1254 1360 1294 cxuar
1390 1260 1403 1296 :
1437 1241 1531 1297 sed
1557 1243 1905 1313 quandoqui-

325 1329 447 1383 dem
480 1344 586 1383 non
623 1330 836 1385 induar.
867 1329 1021 1385 Indni
1052 1347 1180 1387 vero
1207 1334 1462 1402 appellat,
1497 1334 1904 1391 immortalitate

323 1419 771 1483 circumamiciri,
804 1429 856 1476 et
887 1431 1088 1476 statum
1127 1423 1375 1492 adipisci,
1419 1424 1472 1478 in
1503 1440 1611 1495 quo
1643 1426 1711 1480 ab
1749 1426 1905 1481 initio

324 1510 681 1578 formabatur.
734 1511 1006 1577 Quocirca
1046 1514 1228 1567 statim
1272 1515 1484 1583 infert:
1541 1537 1557 1569 ι
1593 1517 1665 1574 Ut
1715 1518 1902 1573 absor-

319 1601 513 1655 beatur
541 1603 845 1670 mortalitas
873 1620 900 1668 τι
928 1606 1060 1659 vita.
1110 1624 1128 1667 ι
1164 1604 1280 1666 Non
1324 1607 1627 1681 ingemisco
1659 1623 1905 1682 propter-

322 1707 382 1745 ea
424 1692 570 1762 quod
632 1710 833 1764 corpus
889 1696 1035 1753 istud
1067 1713 1172 1760 non
1207 1698 1436 1769 depono,
1473 1701 1564 1755 sed
1595 1703 1740 1773 quod
1772 1718 1906 1771 non-

2003 515 2420 568 ἐπενδύσασθαι.
2443 514 2598 566 Ἐστι
2627 512 2760 582 γὰρ,
2792 511 3125 582 πλατύτερον
3157 515 3354 579 εἰπεῖν,
3389 514 3416 566 ὁ
3446 514 3577 576 νοῦς

2001 604 2096 658 τοῦ
2132 605 2297 676 ῥητοῦ
2323 603 2564 665 τοιοῦτος
2584 619 2597 634 ⁶
2630 600 2991 670 Στενὰζομεν
3017 603 3072 654 ἐν
3102 602 3178 672 τῷ
3215 605 3399 673 σκήνει
3422 604 3576 664 ὅντες

2005 698 2350 770 βαρούμενοι.
2381 697 2448 750 Τί
2473 696 2604 760 οῦν;
2637 693 3013 750 ἀποδύσασθαι
3046 695 3104 747 τὸ
3142 694 3299 766 σῶμα
3329 694 3508 756 θέλεις
3549 695 3577 747 ὃ

2002 795 2184 864 χεῖρες
2212 793 2451 845 ἔπλασαν
2481 788 2642 856 Θεοῦ,
2690 791 2784 842 καὶ
2830 788 3006 859 ψυχὴν
3040 788 3189 858 αύτῴ
3222 789 3366 842 θεῖον
3398 787 3580 859 ἐμφύ-

2005 903 2158 956 σημα
2187 884 2602 956 συνηρμόσατο;
2636 881 2792 952 Οὐχὶ,
2827 882 2979 950 φησί’
3010 881 3084 951 μὴ
3109 881 3344 948 γένοιτο·
3377 883 3438 933 ού
3467 880 3578 950 γάρ

2002 977 2138 1031 διότι
2185 979 2283 1029 οὐκ
2329 974 2638 1044 ἀποδύομαι
2676 973 2936 1040 στενάζω,
2979 973 3114 1027 ἀλλά
3153 973 3286 1026 διότι
3328 973 3429 1026 ούκ
3479 975 3578 1026 ἐπ-

2004 1069 2291 1139 ενδύομαι*
2339 1068 2626 1121 ἐπένόυσιν
2673 1067 2877 1130 καλῶν,
2931 1067 2992 1119 τὸ
3042 1066 3181 1136 μετά
3225 1066 3327 1131 τῆς
3358 1066 3580 1136 ἀφθαρφ

2006 1159 2128 1222 σίας
2161 1157 2350 1229 αὐτῷἱ
2386 1157 2798 1230 περιϐαλέσθαι,
2839 1161 2932 1211 καὶ
2962 1154 3074 1211 οἷον
3109 1159 3365 1229 ἀπαρχῆς
3397 1158 3582 1210 διεπέ-

2001 1250 2228 1305 λαστοὶ.
2265 1250 2356 1305 Διδ
2391 1251 2486 1305 καὶ
2541 1251 2703 1314 εὐθὺς
2737 1251 2964 1325 ὲπάγει’
2999 1270 3018 1302 ι
3059 1251 3175 1304 Ἵνα
3206 1251 3489 1321 καταποθῇ
3520 1250 3583 1302 τὸ

2006 1343 2198 1415 θνητὸν
2237 1344 2342 1397 ὑπὸ
2369 1343 2469 1412 τῆς
2496 1341 2661 1412 ζωῆς.
2695 1363 2713 1396 ›
2746 1345 2819 1398 Οὐ
2849 1344 2982 1398 διότι
3001 1341 3093 1398 οὖν
3122 1345 3221 1396 οὐκ
3241 1344 3576 1413 ἀποτίθεμαι

2003 1435 2065 1488 τὸ
2099 1435 2281 1505 σῶμα,
2313 1434 2574 1500 στενάζω,
2610 1434 2744 1487 ἀλλὰ
2778 1434 2911 1488 διότι
2958 1435 3019 1487 οὐ
3057 1430 3404 1505 περιτίθεμαι
3437 1435 3573 1508 αὐτὸ

2008 1528 2146 1599 μετά
2194 1528 2510 1598 ἀφθαρσίας
2559 1527 2650 1581 καὶ¹
2692 1527 2862 1580 ἀῖδίου
2895 1528 3059 1596 ζωῆς.
3106 1527 3180 1580 Ob
3214 1527 3374 1598 μόνον
3400 1527 3458 1580 δὲ
3494 1509 3587 1578 εἰθ-

2003 1621 2195 1674 τεῦθεν
2245 1620 2428 1690 δῆλον,
2459 1620 2534 1683 ὡς
2569 1619 2648 1685 τὸ,
2714 1618 2807 1688 ἐφ’
2857 1613 2944 1686 ᾧ,
2996 1620 3177 1683 αἰτίας
3229 1621 3376 1672 ἐστὶν
3433 1619 3587 1689 αὐτῷ

2005 1713 2301 1785 δηλωτικόν
2323 1729 2335 1743 ³
2370 1712 2507 1766 ἀλλά
2535 1713 2629 1767 καὶ
2671 1712 2729 1778 ἐξ
2759 1713 2929 1781 αὐτῆς
2965 1714 3063 1781 τῆς
3096 1714 3190 1766 τοῦ
3217 1713 3585 1785 προκειμένου

321 1780 452 1836 dum
511 1798 740 1853 corpore
802 1785 1114 1840 circumdor
1165 1802 1252 1853 eo,
1307 1791 1450 1858 quod
1507 1791 1901 1862 incorruptioni

2013 1780 2170 1875 ῥητοῦ
2197 1802 2455 1870 διανοίας.
2489 1801 2650 1870 Λέγει
2695 1801 2825 1872 γὰρ,
2874 1780 2957 1855 δτι
2983 1801 3077 1856 τοῦ
3115 1780 3284 1872 Ἀδὰμ
3324 1780 3587 1874 ἡμαρτη-

322 1876 706 1947 coniungitur,
757 1888 811 1933 et
845 1879 969 1933 vitae
1016 1891 1253 1936 αξιοι-πω.
1289 1881 1426 1938 llinc
1466 1882 1577 1953 jam
1610 1885 1743 1940 satis
1776 1902 1906 1945 con-

321 1978 453 2036 ttat,
483 1973 633 2035 illud,
663 1973 722 2024 in
768 1989 891 2042 quo,
924 1977 1190 2030 causatiri
1228 1974 1460 2030 formam
1491 1979 1768 2045 obtinere;
1811 1981 1904 2035 sed

323 2061 574 2129 ulterius,
627 2078 658 2118 ε
703 2063 834 2119 dicti
885 2066 1057 2136 ipsius
1110 2082 1308 2135 sensu,
1362 2078 1530 2138 patxt.
1572 2069 1709 2124 Dicit
1758 2071 1904 2125 enim

323 2156 619 2225 Apostolus
664 2159 808 2226 quod
850 2175 972 2213 cum
1024 2171 1267 2229 peccaret
1307 2161 1510 2228 Adam,
1564 2174 1729 2234 atque
1785 2165 1906 2221 ideo

325 2249 489 2303 morti
526 2250 963 2319 adjudicabatur;
1000 2253 1068 2306 ab
1102 2268 1166 2305 eo
1203 2263 1558 2324 propagatum
1601 2255 1901 2310 humanum

325 2355 496 2408 genus
526 2350 755 2396 mortem
795 2358 1016 2412 quoque
1047 2344 1152 2397 sibi
1189 2345 1522 2413 procuravit.
1562 2344 1744 2416 Neque
1773 2346 1902 2401 illud

328 2432 670 2502 simpliciter,
701 2444 754 2490 et
779 2435 896 2491 sine
918 2437 1162 2506 judiciali
1191 2441 1459 2492 sententia
1480 2481 1494 2504 ,
1524 2439 1615 2493 sed
1656 2457 1674 2491 ι
1711 2440 1764 2495 in
1793 2456 1904 2510 quo

326 2539 519 2584 omnes
555 2537 919 2603 peccaverunt
953 2548 966 2583 :
1005 2548 1023 2581 ι
1061 2529 1167 2585 boe
1196 2540 1299 2596 est,
1333 2531 1424 2586 sed
1472 2550 1489 2582 ι
1532 2531 1674 2601 quod
1714 2547 1905 2588 omnes

2003 1896 2181 1961 κότος,
2215 1890 2334 1949 εἶτα
2368 1893 2584 1965 θανάτῳ
2611 1893 3037 1963 καωκριθέντος
3061 1934 3075 1955 ,
3113 1893 3207 1947 καὶ¹
3236 1892 3297 1946 τὸ
3330 1893 3391 1958 ἐξ
3416 1891 3584 1946 αὑτοῦ

2002 1987 2158 2055 γένος
2209 1985 2547 2055 είσεπ-ράχθη
2596 1985 2687 2038 τὸν
2740 1985 2990 2042 θάνατον.
3058 1983 3197 2036 Ἀλλ’
3244 1984 3345 2054 οὐχ
3395 1983 3586 2048 ἁπλῶς

2004 2094 2192 2147 φησιν,
2242 2076 2363 2131 οὐδὲ
2411 2076 2624 2148 ἀκρίτῳ
2671 2075 2848 2145 λόγῳ·
2887 2075 3007 2130 ἀλλ’·
3056 2095 3075 2128 ι
3116 2077 3232 2146 Ἐφ’
3287 2069 3331 2144 ᾧ
3383 2076 3588 2140 πάντες

2004 2169 2258 2240 ἥμαρτον
2284 2183 2295 2197 '
2331 2187 2350 2220 ι
2384 2169 2687 2234 τουτέστιν,
2745 2168 2884 2223 ἀλλά
2937 2187 2954 2220 ι
2990 2169 3136 2222 Διότι
3174 2169 3373 2233 πάντες
3395 2211 3408 2234 ,
3448 2169 3522 2233 ὡς
3557 2170 3589 2222 ὁ

2010 2260 2434 2329 γεννησάμενος,
2465 2258 2734 2330 ἥμαρτον.
2771 2279 2788 2313 ι
2825 2258 2998 2316 Τοῦτο
3021 2259 3128 2330 γὰρ
3161 2260 3358 2321 αὐτοὺς
3390 2276 3589 2312 κοινω-

2011 2352 2135 2416 νοὺς
2158 2352 2250 2405 καὶ
2269 2351 2371 2422 τῆς
2397 2350 2672 2423 τιμωρίας
2700 2351 2969 2422 ἀπέφηνε.
3007 2351 3115 2404 Καὶ
3140 2352 3246 2420 γὰρ
3273 2351 3306 2420 ἡ
3332 2349 3589 2403 κοινωνία

2009 2444 2110 2514 τῆς
2142 2443 2394 2516 πράξεως
2447 2444 2524 2507 εἰς
2572 2442 2669 2515 τὴν
2713 2443 2999 2498 κοινωνίαν
3037 2442 3234 2506 αὐτοὺς
3270 2443 3370 2512 τῆς
3414 2460 3592 2495 κατα-

2012 2535 2168 2606 δίκης
2200 2534 2521 2605 συνήλασεν.

326 2630 712 2695 peccavcrunt,
748 2641 766 2680 ι
847 2640 954 2689 nnp
1005 2625 1158 2690 aliter
1196 2641 1359 2695 quam
1411 2625 1506 2695 qui
1551 2634 1768 2682 creatus
1814 2627 1941 2682 luit.
1981 2626 2135 2683 Hanc
2173 2629 2244 2684 ob
2304 2644 2530 2684 causam
2607 2637 2662 2684 et
2707 2627 2762 2682 in
2809 2626 3076 2698 supplicio
3099 2635 3383 2682 consortes
3428 2624 3588 2687 ﬁunt,

325 2713 530 2782 Agendi
575 2715 700 2768 item
753 2716 1088 2782 conswrtium
1144 2717 1196 2772 in
1223 2717 1466 2772 eamdem
1520 2719 2000 2776 condemnationis
2029 2719 2350 2776 societatem
2386 2720 2600 2790 impulit
2634 2720 2773 2775 illos.

363 2827 690 2907 QU/ESTIO
730 2829 965 2884 LXXXV
1007 2829 1170 2903 [Coit
1199 2831 1374 2895 CCLI,
1409 2830 1862 2902 Taur.CCXLll].

330 2919 470 2994 Quid
500 2923 767 2998 signiﬁcat
802 2924 988 2994 iugum
1027 2941 1129 2983 non
1169 2925 1355 2978 ducere
1394 2940 1511 2978 cum
1554 2922 1903 2991 inﬁdelibus?

2545 2833 2884 2886 ΕΡΩΤΗΣΙΣ
2916 2833 3045 2888 ΠΕ’.

2122 2925 2184 2979 Τί
2204 2923 2487 2994 σημαίνει
2531 2923 2599 2978 τὸ
2627 2924 2714 2994 μὴ
2754 2923 3120 2995 ἐτεροζυγιεῐν
3151 2925 3477 2990 ἁπίστοις;

861 3037 1003 3089 Edita
1029 3053 1058 3089 a
1079 3040 1394 3101 Montacutio,
1415 3053 1495 3102 ep.
1540 3038 1648 3099 155,
1672 3039 1737 3088 ad
1760 3040 1908 3088 Joam

2013 3041 2094 3087 ztr.
2121 3049 2172 3099 p.
2198 3036 2307 3097 209,
2327 3037 2440 3086 210.
2467 3038 2520 3087 In
2559 3037 2602 3088 il
2635 3037 2744 3089 Cor.
2767 3050 2830 3096 γι,
2860 3037 2936 3087 Η.

396 3145 551 3210 Quod
589 3146 894 3217 interrogas
948 3148 1078 3216 quid
1113 3149 1262 3213 velit,
1304 3168 1322 3201 ι
1373 3148 1452 3203 Ne
1495 3149 1686 3219 jugum
1716 3146 1902 3202 ducito
1931 3147 1977 3207 C

328 3256 451 3291 cum
487 3239 796 3293 inﬁdelibus
830 3239 899 3298 θθ,
954 3258 972 3291 ι
1014 3240 1287 3307 duplicem
1341 3240 1598 3304 admittit,
1654 3239 1731 3294 uti
1763 3255 1908 3304 reor,

329 3343 573 3382 sensum.
603 3330 705 3382 Aut
733 3329 878 3397 quod
906 3345 1012 3383 non
1033 3340 1283 3399 oporteat
1306 3331 1371 3385 ad
1399 3330 1646 3386 inlldéles
1673 3344 1913 3404 pr0pen-

329 3419 482 3484 dere,
521 3421 593 3474 ita
627 3429 684 3474 nt
713 3421 778 3474 ad
805 3421 1021 3475 illorum
1061 3422 1273 3477 fabulas
1317 3425 1500 3493 potius
1535 3423 1907 3489 attendamus,

332 3526 497 3580 quam
527 3510 764 3565 ﬁdelium
797 3511 1138 3579 doctrinam;
1188 3524 1283 3569 aut
1328 3514 1476 3584 quod
1519 3531 1630 3569 non
1663 3522 1916 3585 oporteat

331 3614 432 3655 vos
459 3601 616 3670 quasi
652 3599 1012 3657 familiaribus
1059 3611 1114 3657 et
1153 3603 1431 3659 sodalibus
1481 3605 1725 3673 copulari
1785 3619 1911 3659 cum

332 3692 668 3756 inﬁdelibus,
696 3703 750 3750 et
774 3696 1022 3751 eumdem
1055 3697 1265 3752 sulcum
1298 3713 1501 3752 serere.
1533 3695 1648 3752 Hoc
1676 3705 1731 3752 et
1769 3698 1914 3752 anti-

334 3803 440 3855 qua
472 3789 725 3858 prtecepit
771 3789 879 3843 lex.
931 3810 948 3840 ι
1002 3787 1317 3845 Jumentum
1373 3802 1527 3844 tuum
1583 3805 1692 3844 non
1742 3789 1912 3846 facies

333 3881 480 3935 coire
496 3895 618 3934 cum
645 3879 868 3936 alterius
893 3883 1104 3953 generis
1133 3883 1457 3937 animalibus
1488 3901 1500 3936 :
1536 3902 1554 3935 ι
1592 3892 1705 3948 ant,
1733 3900 1753 3934 ι
1793 3880 1909 3936 Νοιι

332 3976 840 4046 adinittesjumenta
858 3987 948 4031 tua
965 3977 1358 4046 alienigenae".
1374 3995 1390 4026 ι
1411 3973 1676 4045 Praecepit
1698 3975 1750 4028 in
1773 3974 1909 4041 istis,

334 4076 393 4121 ut
439 4083 542 4122 nec
589 4068 654 4121 ad
713 4068 950 4123 sobolem
991 4069 1404 4137 procreandam.
1448 4077 1541 4122 aut
1587 4068 1735 4124 aliud
1776 4084 1912 4138 opus

336 4159 758 4222 instituendum,
787 4160 1163 4229 heterogencis
1191 4159 1524 4215 animalibus
1547 4160 1794 4230 jumenta
1813 4175 1913 4214 sua

336 4248 640 4316 subjiciat:
671 4249 772 4303 hoc
815 4251 960 4303 enim
1017 4253 1140 4305 usui
1176 4265 1284 4304 non
1319 4251 1576 4321 expedit;
1615 4251 1749 4305 illud
1786 4265 1916 4305 eon-

338 4349 418 4393 tt'a
471 4341 618 4410 leges
648 4341 925 4395 naturales
987 4340 1045 4395 tit
1076 4359 1090 4396 ι
1127 4342 1306 4411 potius
1354 4359 1448 4412 per
1481 4344 1794 4397 mandatum
1848 4343 1916 4396 de

339 4432 750 4488 irrationalibus
805 4433 1069 4505 insinuat,
1118 4435 1264 4502 quod
1307 4435 1516 4490 ratione
1563 4434 1774 4504 praediti
1813 4434 1916 4487 bo-

339 4523 514 4579 mines
562 4526 1004 4581 communionem
1039 4527 1254 4582 illorum
1303 4529 1476 4583 vitare
1522 4529 1786 4590 debeant,
1821 4527 1912 4596 qui

339 4615 505 4670 alieni
553 4625 610 4670 et
642 4616 960 4686 alienigenae
1004 4629 1133 4672 sunt
1175 4633 1205 4672 a
1244 4619 1379 4684 lide;
1430 4633 1537 4672 non
1593 4618 1916 4674 contrahere

338 4723 460 4762 cum
493 4706 574 4761 eis
604 4709 1042 4775 matrimonium,
1072 4709 1271 4764 nedum
1298 4709 1349 4764 in
1391 4710 1626 4780 negotiis
1653 4710 1914 4778 spiritua-

340 4795 484 4851 libus
507 4813 786 4853 assumere
821 4800 944 4854 illos
973 4803 1342 4870 cooperarios.
1377 4798 1703 4867 Corrnnipet
1737 4801 1917 4868 potius

342 4889 435 4957 qui
468 4890 590 4944 talis
634 4900 716 4943 est
755 4907 893 4956 mos,
940 4908 1106 4962 quam
1163 4893 1460 4962 adaugebit
1500 4901 1624 4947 tuos
1661 4893 1913 4959 labores;

340 4986 394 5032 et
427 4981 784 5048 quamobrem
815 4997 1042 5037 necesse
1082 4990 1185 5046 est,
1233 4991 1296 5036 ut
1343 4982 1559 5052 pietatis
1593 4991 1698 5036 tua:
1723 4981 1922 5036 nobili-

345 5082 507 5126 tatem
546 5073 728 5127 notbis
751 5076 1193 5145 generationibus
1217 5075 1619 5132 commisceas?
1655 5074 1762 5131 Sed
1785 5090 1910 5139 cum

344 5179 544 5218 sirusns
588 5165 749 5234 hujus
777 5167 928 5229 dicti,
965 5175 1020 5222 ut
1050 5167 1353 5232 aiebamus,
1383 5166 1580 5237 duplex
1614 5167 1707 5234 sit,
1757 5183 1916 5221 eum-

2080 3145 2259 3213 Ὅπερ
2303 3144 2596 3216 ἠρώτησας
2646 3144 2699 3196 τί
2732 3146 2904 3210 ἐστιν,
2981 3162 2997 3195 ι
3021 3143 3110 3214 Μὴ
3147 3141 3599 3214 ἑτεροζυγοῦντες

2015 3237 2286 3300 ἀπίστοις,
2313 3255 2330 3288 ι
2367 3235 2570 3303 διττὴν,
2608 3231 2782 3306 οἶμαι,
2818 3234 2916 3305 τὴν
2963 3233 3173 3288 ἔννοιαν
3219 3234 3353 3305 ἔχει.
3389 3235 3482 3294 "ii.
3508 3235 3598 3287 ὅτι.

2013 3331 2075 3384 οὔ
2098 3331 2180 3383 δεῖ
2208 3326 2391 3399 ὑμᾶςιι
2415 3329 2790 3400 ὲτεροῤῥεπῶς
2815 3327 2960 3398 ἔχειν
2993 3327 3130 3399 πρὸς
3151 3327 3278 3391 τοὺς
3306 3328 3536 3382 ἀπίστου
3553 3345 3595 3392 7,

2015 3423 2286 3476 κάκείνων
2350 3422 2548 3492 μᾶλλον
2603 3424 2715 3484 τοῖς
2764 3421 2954 3493 μύθοις
2983 3421 3292 3491 προσέχειν,
3347 3421 3491 3490 ἥπερ
3521 3423 3596 3491 τῇ

2013 3513 2123 3567 τῶν
2192 3514 2398 3567 πιστῶν
2452 3513 2800 3584 διδασκαλίᾳο
2835 3513 2976 3584 ἢὸτι
3024 3513 3083 3564 οὐ
3136 3511 3217 3564 δεῖ
3276 3510 3484 3582 ύμᾶςι,
3516 3511 3603 3576 ὡς

2013 3603 2237 3666 οἰκείοις
2289 3603 2385 3656 καὶ
2418 3603 2626 3672 ἑτέροις
2647 3613 2688 3640 ιιι
2710 3601 2936 3664 ἑαυτοὺς
2966 3603 3078 3664 τοῖς
3112 3603 3362 3666 ἀπίστοις
3400 3599 3601 3664 συζευο

2014 3693 2227 3763 γνύναι,
2261 3693 2357 3747 καὶ
2384 3693 2484 3763 τὴν
2512 3692 2681 3764 αὐτὴν
2706 3693 2806 3757 τῆς
2835 3693 3091 3757 ἀσεϐείας
3113 3692 3322 3746 αὔλακα
3351 3693 3598 3763 τέμνειν.

2014 3788 2186 3842 Τοῦτο
2220 3788 2275 3843 δὲ
2334 3789 2475 3848 καὶό
2513 3788 2740 3852 παλαιὸς
2803 3789 3160 3854 ἀποθεσπίξει
3212 3789 3393 3858 νόμος,
3467 3808 3484 3839 ι
3514 3790 3600 3842 Οὐ

2015 3882 2368 3952 κατοχεύσεις
2397 3883 2465 3936 τὰ
2501 3883 2673 3952 κτήνη
2725 3899 2842 3946 σου,
2875 3882 3072 3950 λέγων,
3110 3880 3415 3952 ἐτεροζύγῳ
3440 3898 3455 3911 ο
3478 3900 3497 3933 ι
3531 3881 3598 3952 ἢ,

2021 3989 2040 4022 ι
2066 3973 2178 4042 Οὐχ
2240 3971 2529 4035 ὑποϐαλεῖς
2553 3971 2623 4024 τὰ
2649 3973 2824 4042 κτήνη
2862 3988 2954 4025 σου
2986 3970 3329 4040 ἀνομοφύλῳ.
3369 3989 3388 4021 ι
3419 3971 3607 4039 Προσ-

2015 4065 2198 4118 τάττει
2262 4064 2360 4135 μὲν
2387 4066 2494 4138 γὰρ
2547 4063 2636 4118 διὰ
2660 4064 2885 4134 τούτων,
2915 4063 3054 4133 μήτε
3082 4067 3161 4127 εἰς
3201 4063 3422 4130 γένεσιν,
3455 4064 3605 4134 μήτε

2016 4158 2097 4220 εἰς
2123 4155 2288 4226 ἄλλην
2318 4155 2440 4209 τινὰ
2469 4156 2752 4226 ἐργασίαν,
2788 4157 2898 4209 δεῖν
2930 4159 3042 4219 τοῖς
3072 4155 3409 4226 ὲτερογενέσι
3435 4155 3608 4220 ζώοις

2018 4247 2086 4301 τὰ
2117 4248 2291 4301 οίκεῖα
2325 4251 2492 4319 κτήνη
2524 4249 2813 4315 συνάπτειν
2837 4265 2850 4279 ο
2886 4248 2947 4300 τὸ
2975 4251 3072 4319 μὲν
3099 4248 3205 4323 γὰρ
3233 4247 3602 4318 δύσχρηστον·

2017 4336 2158 4390 τὸδὲ
2190 4338 2315 4400 τοὺς
2373 4337 2606 4407 θεσμούς
2650 4339 2798 4401 ἐστιν
2848 4339 3177 4412 ἀνατρέπειν
3210 4339 3306 4407 τῆς
3354 4337 3605 4406 φύσεως,

2021 4432 2401 4499 παρεγγυὲιται
2433 4429 2489 4483 δὲ
2516 4430 2737 4500 μᾶλλον,
2797 4430 2886 4494 διὰ
2937 4431 3036 4501 τῆς
3087 4431 3178 4484 ἐπὶ
3223 4432 3332 4484 τῶν
3387 4431 3607 4498 ἀλόγων

2021 4519 2362 4590 νομοθεσίας,
2395 4522 2470 4585 ὡς
2493 4522 2654 4575 παντὶ
2697 4522 2885 4593 τρόπῳ
2936 4523 3202 4594 προσήκει
3264 4525 3391 4586 τοὺς
3448 4523 3605 4591 λογι-

2025 4612 2174 4675 κοὺς,
2231 4612 2452 4681 φεύγειν
2502 4611 2602 4684 τὴν
2665 4613 2798 4684 πρὸς
2854 4613 2983 4676 τοὺς
3021 4614 3164 4677 κατὰ
3197 4614 3380 4674 πίστιν
3409 4615 3604 4685 ἑτερο-

2024 4703 2225 4772 φύλους
2274 4703 2598 4758 κοινωνίανο
2631 4706 2724 4759 καὶ
2787 4705 2926 4775 μήτε
2974 4707 3054 4769 εἰς
3109 4705 3350 4777 γαμικὴν
3382 4706 3609 4775 ὁμιλίαν

2025 4795 2209 4856 αὐτοῖς
2243 4794 2504 4858 συνιέναι,
2557 4795 2697 4865 μήτε
2751 4795 3048 4864 συνεργοὺς
3106 4798 3186 4861 εἰς
3219 4799 3604 4867 πνευματικὴν

2027 4887 2289 4959 ἐργασίαν
2327 4886 2798 4958 παραλαμϐάνειν.
2831 4885 3126 4957 Διαφθερεῖ
3173 4887 3282 4959 γὰρ
3308 4890 3337 4941 ὁ
3362 4890 3608 4952 τοιοῦτος

2027 4979 2122 5032 καὶ
2150 4979 2240 5031 τὸν
2293 4976 2386 5029 σὸν
2446 4976 2606 5030 πόνον
2655 4977 2877 5047 μᾶλλον,
2911 4978 3025 5031 ἀλλ’
3057 4979 3116 5030 οὐ
3144 4978 3417 5043 συναύξει.
3451 4981 3514 5032 Τί
3546 4981 3609 5036 δὲ

2025 5071 2105 5123 δεῖ
2161 5070 2256 5123 καὶ
2280 5069 2339 5122 τὺ
2372 5070 2592 5138 εὐγενὲς
2619 5073 2718 5140 τῆς
2742 5071 2840 5141 σῆς
2874 5071 3156 5134 εὐσεϐείας
3193 5071 3367 5135 νόθοις
3421 5073 3610 5140 γένεσι

2019 5162 2526 5233 συναναφύρεσθαι;
2594 5162 2733 5214 Ἀλλ’
2767 5162 2795 5213 ὁ
2826 5163 2924 5233 μὲν
2953 5161 3097 5226 νοῦς,
3142 5162 3330 5235 ὥσπερ
3365 5163 3606 5234 ἔφημεν,

344 5252 468 5306 dem
527 5258 933 5330 progerminant
992 5259 1247 5313 utilitatis
1310 5258 1574 5312 fructum.
1625 5257 1908 5312 Sententirr

2015 5251 2109 5305 τοῦ
2134 5249 2323 5322 ῥητοῦ,
2362 5250 2533 5314 διττὸς
2559 5250 2654 5315 ὢν,
2704 5250 2795 5303 τὸν
2846 5251 3007 5303 αὐτὸν
3034 5251 3134 5320 τῆς
3169 5251 3435 5321 ὠφελείας
3467 5271 3610 5322 καρι-

343 5360 512 5415 porro
537 5361 658 5416 quae
677 5354 759 5401 est
784 5345 1097 5414 diversitas,
1131 5347 1419 5416 scriptura:
1450 5361 1669 5414 quoque
1708 5344 1916 5414 ﬂagita-

427 5486 472 5517 νε
499 5483 542 5538 ll
569 5486 697 5540 Cor.
734 5458 814 5550 τις
851 5487 937 5541 ιι.
1015 5485 1254 5540 οτιονιι.
1295 5500 1409 5546 χιιι,
1449 5485 1528 5537 ις).

2015 5343 2116 5396 πον
2146 5342 2518 5396 ²ἐκϐλαστιῖινει.
2557 5341 2630 5394 Τὸ
2672 5342 2769 5411 μέν
2801 5359 2883 5396 τοι
2939 5343 3192 5414 διάφορον
3235 5346 3335 5414 τῆς
3371 5344 3606 5419 ἐννοίας,

1613 5619 1842 5676 VAIHIE
1886 5616 2291 5673 LECTEONES.

454 5743 479 5788 tt
518 5737 862 5793 ἐκδύσασθαι.
948 5740 1044 5794 it}.
1184 5737 1334 5792 αὐτὸ.

1417 5749 1429 5787 t
1468 5735 1848 5801 διεπέπλαστο,
1925 5735 1952 5774 τι
1986 5734 2150 5806 ἡμᾶς.
2187 5732 2244 5798 C.
2274 5730 2340 5797 Μ.
2390 5730 2553 5801 ὑμᾳς.
2673 5727 2688 5768 ί
2733 5732 2896 5803 ἡμᾶς.

2753 5732 2896 5803 ξμᾶς.
2977 5739 3012 5762 ¹¹¹
3045 5729 3303 5804 ἑταίροις.
