3798 6210
162 238 263 306 557

906 240 1006 300 ΑΙ)
1033 234 1625 299 AMPHILOCHIUM
1674 232 2026 306 QUIESTIO
2066 228 2699 295 LXXXV-LXXXVII.

3331 231 3435 299 558

157 355 421 425 διάφορον
446 353 682 423 δηλονότι
719 354 813 407 καὶ
854 356 953 422 τὴν
974 352 1195 422 γραφὴν
1222 351 1515 421 ἀπαιτήσει
1533 364 1550 380 °
1578 350 1611 419 ὴ
1650 348 1749 419 μὲν

1899 352 1943 400 ιι
1972 345 2333 399 differentiam
2357 361 2372 409 ;
2409 344 2556 412 prior
2598 344 2741 397 enim
2765 342 3027 414 syllabam
3046 345 3235 415 primze
3255 348 3433 415 prosi.

158 444 282 514 γὰρ,
327 444 599 514 προτέρα,
662 443 920 514 βραχεῖαν
983 442 1082 510 τὴν
1146 442 1282 512 μετὰ
1323 441 1420 511 τὴν
1468 440 1741 510 ἄρχουσαν

162 534 462 603 συλλαϐήν·
495 537 527 602 ή
555 534 610 587 δὲ
639 534 889 603 δευτέρα,
959 532 1347 605 μηκυνομένην
1370 534 1451 596 εἰς
1500 530 1740 600 φθόγγον

157 624 333 687 ἓξειη.
376 627 452 678 Σὺ
474 626 530 678 δέ
566 643 654 695 μοι
679 629 736 678 ἐν
760 627 948 698 Κυρίῳ
982 626 1212 698 ἔρρωσο.
1494 620 1497 621 ν

709 738 1043 791 ararum):
1071 740 1195 804 [ις’.

1849 453 1992 493 mam
2035 438 2254 492 brevem
2301 436 2483 499 habet,
2532 434 2771 489 secunda
2811 444 2989 490 autem
3034 452 3170 491 sono
3218 439 3434 509 longam

1856 532 2133 603 producit.
2161 528 2242 584 Tu
2275 536 2455 582 autem
2484 528 2537 580 in
2571 527 2801 581 Domino
2830 528 2967 582 vale.

1836 727 2178 803 AQUIESTiO
2231 726 2493 782 LXXXVI
2523 728 2712 801 [CoisL
2733 730 2934 794 CCL",
2962 731 3125 786 Taur.
3159 732 3433 805 CCXLll].

404 848 550 899 Edita
572 865 599 900 a
623 850 942 913 Montacutio,
970 866 1047 914 ep.
1077 851 1188 912 156,
1219 850 1283 899 ad
1303 848 1562 913 Georgium
1592 849 1634 899 Ν
1643 848 1725 909 ic.,

1901 846 1950 907 0,
1981 844 2091 893 211.
2138 843 2211 893 De
2242 857 2361 893 voce
2387 846 2781 908 ἐγκομϐώσασθαι
2806 847 2827 897 Ι
2872 845 3008 896 Petri
3038 862 3083 907 ν,
3124 848 3170 898 5.

229 956 515 1025 Θαυμάζω
554 957 805 1026 μάλιστα,
839 957 888 1009 εἰ
914 958 1007 1010 καί
1048 973 1130 1009 σοι
1166 954 1755 1026 γραμματικευομένῳ,

159 1052 253 1106 καὶ
270 1053 390 1112 ταῖς
406 1051 517 1101 τῶν
538 1050 774 1118 ποιητῶν
789 1048 1165 1119 λεσχηνεύοντι
1190 1049 1460 1118 μελέταις,
1477 1046 1538 1100 τὸ
1558 1050 1685 1114 ὲγκο
1694 1066 1759 1117 μ-

158 1142 443 1195 ϐῶσασθαι
475 1142 542 1211 βα
554 1141 754 1213 ρϐἀρου
786 1142 988 1212 φωνῆς,
1012 1141 1125 1195 ἀλλ’
1150 1141 1247 1210 οὐχ
1282 1139 1566 1211 Ἑλληνικὴ
1584 1139 1751 1203 λέξις,

158 1232 358 1297 ἔδοξεν.
400 1233 462 1285 '0
486 1233 585 1302 μὲν
611 1233 717 1302 γὰρ
755 1233 1023 1302 μακάριος
1051 1230 1146 1283 καὶ
1177 1232 1475 1300 κορυφαῖος
1518 1230 1746 1299 Πέτρος,

157 1325 309 1376 ούδὲν
340 1324 474 1392 περὶ
512 1322 611 1393 τὴν
670 1323 897 1392 ἐκλογὴν
948 1322 1056 1375 τῶν
1099 1320 1431 1390 Ἑλληνικῶν
1462 1320 1746 1390 ὀνομάτων

165 1416 507 1479 σπουδάζων,
539 1413 743 1483 ταύτην
775 1418 885 1478 τοῖς
912 1413 1108 1467 ἑαυτοῦ
1140 1413 1444 1484 παρείληφε
1476 1412 1745 1482 γραμμα-

166 1525 267 1559 σιν.
305 1507 380 1558 Ού
414 1506 525 1574 γὰρ
583 1505 700 1575 ἠχώ
748 1522 869 1560 τινα
917 1506 1009 1558 καὶ
1063 1503 1261 1574 τέχνην
1313 1504 1596 1575 ῥημάτων,
1633 1502 1754 1556 οὐδὲ

163 1597 410 1663 λεξιδίων
455 1597 652 1667 ψόφον,
704 1597 797 1649 καὶ
852 1596 1055 1649 κτύπον
1091 1597 1373 1667 ῥημάτων,
1408 1596 1474 1648 δι’
1504 1588 1580 1649 ὧν
1608 1612 1754 1658 τινες

166 1688 233 1741 τὰ
262 1688 372 1740 τῶν
406 1686 713 1758 μειρακίων
743 1686 1272 1758 ύπογαργαλίζουσιν
1293 1681 1428 1750 ὦτα,
1448 1687 1542 1741 καὶ
1561 1686 1754 1756 κρότον

166 1782 375 1842 ἑαυτοῖς
429 1779 744 1849 ἐγείρουσιν
802 1777 1035 1841 ἐκεῖθεν,
1067 1776 1200 1831 ἀλλᾶ
1243 1774 1433 1846 ψυχῶν
1480 1773 1755 1844 σωτηρίαν

167 1875 274 1934 τοῖς
307 1873 611 1942 ἀκροαταῖς
640 1871 872 1923 ἐνθεῖναι
912 1868 1135 1940 φορτίδκ
1158 1873 1211 1905 ιι·
1248 1868 1471 1924 ἐτίθετο.
1504 1868 1571 1920 Σὲ
1594 1866 1638 1919 δ’
1660 1860 1752 1919 οὖν

180 1963 521 2033 Ἐπιχάρμου
580 1961 850 2032 μάλιστα,
907 1962 1000 2015 καὶ
1050 1959 1450 2030 Ἀπολλοδώρου
1492 1958 1588 2012 τοῦ
1640 1958 1752 2010 Κα-

173 2053 412 2123 ρυστίου,
476 2053 583 2107 τῶν
630 2053 756 2119 σῶν,
812 2052 1182 2123 μεμνημένον,
1215 2040 1379 2121 ἐχρῆν
1413 2049 1752 2122 περιπτύσε-

172 2148 290 2200 σθαι
321 2147 554 2217 μᾶλλον,
580 2146 612 2217 ἦ
640 2144 1033 2216 δυσχεραίνειν,
1091 2146 1157 2215 τῇ
1194 2143 1355 2207 λέξει.
1404 2142 1461 2196 '0
1507 2143 1605 2213 μὲν
1644 2141 1754 2212 γὰρ

170 2238 464 2309 πολλαχοῦ,
494 2239 585 2291 καὶ
614 2238 754 2290 κατά
779 2236 1068 2306 διαφόρους
1090 2234 1365 2304 ἐγκλίσεις
1399 2233 1755 2304 σχηματίζων

172 2331 265 2399 τὴν
317 2330 489 2395 λέξιν,
524 2330 796 2400 ἐχρήσατο
844 2329 1041 2401 ταύτῃ.
1100 2327 1552 2398 Ἐγκεκὸμόωται
1619 2329 1752 2397 γὰρ,

172 2420 325 2491 φησι,
358 2420 455 2474 καὶ
486 2419 913 2489 ἀπερεμφάτως,
954 2417 1432 2488 ἐγκομϐώσασθαι.
1469 2418 1528 2471 '0
1560 2418 1614 2471 δὲ
1640 2420 1752 2470 Κα-

181 2512 416 2583 ρύστιος,
473 2512 533 2563 ἐν
604 2508 1052 2577 Ἀπολειπούσῃ
1106 2525 1122 2539 ο
1176 2509 1455 2580 (εἰρήσθω
1508 2509 1616 2579 γὰρ
1675 2509 1756 2571 είς

175 2601 267 2669 τὴν
296 2602 394 2669 σὴν
442 2601 602 2673 χάριν
633 2602 725 2653 καὶ
763 2602 796 2671 ὴ
844 2601 1037 2670 χρῆσις
1065 2600 1104 2657 ⁸)
1142 2599 1239 2670 τὴν
1274 2598 1549 2669 ἐπωμίαν,
1594 2601 1754 2669 φησι,

179 2693 423 2758 πτύξασα
444 2692 665 2762 διπλῆν,
692 2692 900 2746 ἄνωθεν
918 2692 1410 2763 ὲνεκομϐωσάμην.
1443 2690 1550 2755 Οὓς
1588 2694 1756 2763 ἐχρῆν

179 2788 645 2859 ἀναλαμὸἁνοντα,
680 2788 755 2859 μὴ
778 2787 1231 2860 βαρϐαροφωνίας
1246 2789 1336 2841 τὸν
1364 2789 1464 2856 τῆς
1499 2789 1757 2860 ἀληθείας

181 2880 393 2949 κήρυκα
451 2876 765 2931 αἰτιᾶσθαι⁶
814 2877 1260 2947 ύπερθαυμάζειν
1283 2877 1340 2930 δὲ
1393 2877 1613 2948 μᾶλλον,
1675 2879 1754 2931 ὅτι

181 2969 270 3021 καὶ
326 2969 424 3037 τῆς
474 2966 732 3035 τοιαύτης
775 2967 1031 3036 σπουδῆς,
1068 2965 1144 3029 ῶς
1180 2966 1399 3029 παιδιᾶς
1446 2967 1752 3037 ὑπερορῶνο

182 3061 322 3130 ὅμως
376 3059 524 3113 κατὰ
579 3060 703 3121 τοὺς
744 3059 853 3111 τῶν
894 3058 1216 3129 Ἑλληνικῶν
1250 3059 1444 3129 κριτὰς
1472 3060 1754 3127 ὀνομάτων

1933 948 2099 1003 Miror
2127 963 2278 1012 sane,
2308 962 2432 1002 cum
2468 950 2939 1018 grammaticaster
2961 950 3058 1013 sis,
3084 958 3138 1003 et
3159 964 3438 1019 poetarum

1860 1041 2040 1096 studio
2092 1054 2273 1102 vaces,
2342 1039 2437 1093 libi
2489 1042 2967 1112 ἐγκομϐώσασθαι
3021 1042 3189 1097 videri
3250 1059 3440 1096 vocent

1860 1138 2168 1201 barbaram,
2232 1149 2283 1193 et
2350 1153 2457 1190 non
2493 1136 2757 1191 Graecam.
2801 1136 2999 1192 Beatus
3051 1137 3140 1191 ille
3190 1145 3241 1191 ct
3287 1151 3442 1207 Cory—

1854 1232 2045 1291 nhaeus
2091 1230 2308 1293 Petrus,
2366 1229 2458 1299 qui
2503 1229 2713 1283 nullum
2793 1229 2847 1282 in
2896 1229 3209 1283 Graecarum
3248 1242 3442 1281 vocum

1856 1323 2123 1378 electione
2160 1324 2343 1393 posuit
2374 1322 2644 1387 studium,
2673 1322 2814 1375 hanc
2885 1336 2999 1374 sua:
3047 1320 3276 1375 inseruit
3326 1319 3444 1389 rpi-

1854 1414 2028 1469 stolae.
2063 1412 2180 1467 Non
2206 1415 2295 1469 ille
2332 1414 2488 1481 echo,
2531 1422 2624 1467 aut
2662 1413 2954 1467 artificium
2990 1413 3305 1475 verborum,
3338 1425 3442 1465 nec

1858 1504 2192 1577 syllabarum
2227 1521 2451 1572 sonum,
2486 1515 2579 1559 aut
2611 1507 2877 1569 sonitum,
2907 1508 3056 1559 unde
3095 1503 3319 1574 quidam
3354 1503 3442 1571 iu—

1857 1596 2096 1652 ventutis
2132 1597 2518 1652 lenocinantur
2569 1598 2819 1661 auribus,
2876 1606 2930 1650 et
2974 1596 3294 1666 applausum
3336 1594 3441 1650 sibi

1861 1689 2178 1756 concitant,
2231 1689 2326 1743 sed
2370 1689 2603 1743 salutem
2638 1690 2950 1743 animarum
2980 1687 3323 1742 auditoribus
3355 1685 3442 1738 in-

1786 1803 1828 1859 B
1858 1795 2042 1836 serere
2098 1796 2288 1836 curam
2322 1782 2534 1835 habuit.
2568 1781 2644 1835 Te
2678 1790 2864 1835 autem
2905 1781 3087 1835 decuit
3126 1779 3203 1833 tui
3245 1778 3441 1832 memi-

1862 1875 2009 1931 nisse
2040 1873 2377 1944 Epicharmi,
2410 1884 2465 1929 et
2491 1873 2809 1943 Apollodori
2836 1872 3090 1944 Carystii,
3119 1886 3295 1939 eoque
3322 1885 3443 1923 am-

1861 1966 2022 2037 plecti
2053 1966 2232 2036 potius
2259 1966 2571 2031 dictionem,
2598 1981 2759 2034 quam
2791 1965 2885 2018 illa
2920 1963 3145 2018 aliendi.
3174 1964 3269 2017 ille
3299 1964 3441 2018 mul-

1862 2059 2046 2125 totics,
2099 2066 2153 2112 et
2204 2057 2507 2112 secundum
2528 2056 2710 2112 varias
2763 2056 3118 2110 formationes
3166 2054 3442 2109 declinata

1862 2166 1997 2206 voce
2023 2150 2215 2204 utitur.
2243 2148 2335 2203 Ait
2358 2148 2504 2203 enim
2557 2147 3006 2219 ὲγκεκόμϐωται,
3031 2156 3084 2200 ct
3103 2148 3155 2200 in
3176 2147 3446 2200 inlinitim

1862 2243 2340 2316 ἐγκομϐώσασθαι.
2374 2240 2657 2312 Carystius
2684 2252 2865 2298 autem
2896 2243 2949 2296 in
2998 2242 3309 2311 Apolipusa,
3346 2257 3443 2297 seu

1865 2338 2189 2399 Desertrice,
2218 2337 2517 2410 [comantia
2538 2337 2616 2391 sic
2644 2334 2838 2408 dicta,]
2872 2335 2949 2404 (in
2975 2345 3124 2389 tuam
3146 2337 3288 2390 enim
3316 2350 3446 2405 gra-

1865 2432 1993 2485 tiam
2032 2432 2247 2485 dicatur
2301 2431 2555 2486 lectionis
2609 2430 2789 2499 usus,)
2846 2430 2947 2498 τὴν
3000 2429 3253 2498 ἐπωμίαν
3314 2427 3446 2481 dicit

1863 2524 2110 2591 πτύξασα
2130 2523 2341 2595 διπλὴν,
2365 2521 2572 2577 ἄνωθεν
2600 2522 3091 2592 ὲνεκομὸιυσάμην.
3123 2520 3229 2575 Hos
3251 2521 3305 2575 iu
3332 2537 3446 2574 tuc-

1863 2617 2093 2670 moriam
2131 2616 2418 2676 reducens,
2456 2628 2562 2668 non
2590 2614 2832 2683 oportuit
2866 2625 2916 2667 te
2962 2614 3207 2668 veritatis
3238 2630 3447 2683 pra-co-

1865 2724 1987 2761 ncm
2047 2708 2113 2761 de
2171 2722 2307 2761 voce
2357 2703 2596 2760 barbara
2631 2706 2981 2771 insimulare;
3024 2707 3205 2775 potius
3235 2706 3445 2771 mirari,

1863 2802 2008 2873 quod
2033 2817 2157 2856 eum
2192 2803 2297 2857 tale
2325 2805 2560 2858 studium
2633 2803 2839 2873 puerile
2868 2800 3256 2870 contempserit
3318 2815 3451 2869 apo-

1869 2896 2066 2955 Stolus.
2088 2894 2617 2965 nihilomimtsjuxta
2648 2896 2868 2950 criticos
2900 2894 3201 2947 dictionum
3235 2893 3450 2949 Graeca-

1864 3000 1983 3037 rum
2021 3000 2184 3047 suas,
2234 2986 2419 3039 nescio
2472 3000 2580 3055 quo
2640 2994 2819 3054 pacto,
2854 2981 3123 3050 Epistolas
3175 2981 3443 3036 exaravit.

1867 3076 1999 3133 llinc
2025 3088 2205 3133 autem
2236 3079 2534 3149 intelligere
2568 3078 2752 3143 dedit,
2786 3079 2930 3147 quod
2960 3078 3007 3133 si
3034 3077 3184 3131 vocis
3227 3074 3444 3129 sonitus

183 3150 320 3203 ἔστιν
349 3140 433 3215 οὗ,
475 3150 575 3214 τὰς
635 3151 828 3204 ἑαυτοῦ
874 3150 1164 3214 ἐπιστολὰς
1200 3150 1453 3216 ἐξεδίδου·
1486 3152 1660 3216 διδοὺς
1692 3156 1755 3206 ὲκ

1899 3177 1915 3222 t
1964 3168 2258 3223 oblectatio
2310 3140 2609 3231 arriilcret,
2671 3168 2829 3224 facile
2881 3170 2998 3236 ipsc
3053 3168 3188 3223 feret
3245 3166 3329 3222 vel
3391 3167 3445 3219 in

184 3244 284 3297 τῶν
317 3244 572 3298 τοιούτων
594 3244 815 3307 ἐννοεῖν,
848 3243 921 3308 ὡς
952 3243 1111 3313 εἴπερ
1137 3242 1362 3313 ἔμελλεν
1391 3245 1540 3315 αύτῷ
1564 3246 1745 3314 λεξειον

183 3335 302 3389 δίων
342 3332 475 3405 ἦχος
528 3335 620 3387 καὶ
658 3335 869 3406 τέρψις,
903 3336 1082 3407 ῥᾴδιον
1128 3331 1196 3407 ἦν
1232 3335 1383 3411 αὐτῷ
1410 3339 1512 3390 κὰν
1547 3339 1758 3403 τούτοις

187 3424 697 3497 ὑπερθαυμάζεσθαι
718 3441 732 3456 ·
770 3426 860 3477 καὶ
889 3426 1003 3492 εἴγε
1051 3425 1238 3496 ψυχῶν
1266 3443 1435 3480 τινων
1464 3429 1757 3498 σωτηρίαν,

186 3517 244 3570 ἐκ
270 3519 363 3588 τῆς
428 3517 688 3586 τοιαύτης
729 3517 966 3587 σπουδῆς
993 3519 1286 3589 προϊοῦσαν
1322 3521 1590 3593 συνεώρα,
1642 3521 1762 3592 ἴδῃς

188 3607 247 3660 ἂν
275 3608 433 3663 αὐτοῦ
486 3609 615 3669 τοὺς
662 3607 872 3676 λόγους,
902 3608 978 3679 τῷ
1013 3609 1241 3681 ὲμφύτῳ
1302 3611 1513 3678 κάλλει,
1549 3609 1608 3666 οὗ
1664 3615 1760 3666 καὶ

187 3698 275 3755 νῦν
334 3702 575 3771 μέτοχοι,
608 3700 864 3756 τοσοῦτον
914 3700 1023 3753 τῶν
1054 3702 1417 3754 Πλατωνικῶν
1448 3704 1759 3772 γοητευμέι⁴

186 3806 306 3857 των,
356 3796 450 3847 καὶ
480 3796 583 3863 τῆς
612 3791 1021 3863 Δημοσθενικῆς
1066 3792 1357 3862 κομψείας,
1382 3795 1474 3845 καὶ
1497 3797 1592 3860 τῆ;
1619 3794 1756 3847 Θου-

189 3884 391 3937 κυδίδου
462 3885 1044 3957 μεγαλορρημοσύνης,
1099 3884 1321 3954 ἔχοντας
1372 3886 1431 3939 τὸ
1468 3887 1756 3958 ὑπερέχον,

191 3973 303 4026 ὅσον
325 3976 431 4029 τῶν
471 3977 742 4031 Ἀσιακῶν
775 3977 914 4045 (οὐδὲ
951 3977 1057 4046 γὰρ
1083 3977 1146 4031 ἂν
1171 3977 1345 4046 ἡδέως
1407 3978 1616 4049 εἴποιμι
1653 3979 1761 4031 τῶν

192 4068 498 4140 κακοζήλων
528 4070 616 4122 διὰ
650 4070 749 4140 σὲ),
779 4070 1003 4132 τούτους
1026 4070 1189 4139 φασὶν
1232 4070 1617 4140 ὑπερκεῖσθαι.
1652 4071 1763 4124 Καὶ

192 4158 337 4227 δῆλον
376 4161 646 4217 ἐντεῦθεν.
683 4163 739 4216 Ὀ
762 4161 870 4233 γὰρ
892 4164 959 4215 τὰ
983 4160 1159 4232 πολλῷ
1203 4162 1427 4231 μείζονα
1450 4164 1544 4216 καὶ
1579 4165 1754 4236 ὑπερ-

195 4252 297 4322 φυῆ
325 4252 529 4321 λαϐὼν,
584 4255 677 4308 ἐπὶ
708 4254 951 4324 σωτηρίᾳ
975 4256 1082 4305 τῶν
1123 4252 1446 4323 ἀνθρώπων,
1476 4256 1524 4308 εὶ
1565 4255 1758 4325 κέρδος

194 4359 242 4393 τι
266 4345 505 4399 τοιοῦτον
557 4345 750 4416 ἐφύετο
797 4346 1028 4410 ἐκεῖθεν,
1062 4346 1161 4399 ούκ
1186 4345 1251 4399 ἂν
1282 4345 1405 4401 οὐδὲ
1428 4347 1523 4416 τῆς
1559 4364 1757 4418 μειρα-

196 4433 407 4499 κιὼδους
453 4436 660 4509 ταύτης
712 4436 851 4506 ἔχων
874 4437 935 4489 τὸ
978 4431 1139 4507 ἦττον
1183 4437 1358 4509 ἐφάνη
1406 4437 1757 4507 φιλοτιμίας

195 4521 318 4577 ἀλλὰ
340 4528 437 4579 κάν
468 4529 699 4593 τούτοις,
717 4529 776 4580 τὸ
798 4528 942 4582 κατὰ
974 4527 1193 4582 πάντων
1216 4529 1437 4600 κράτος,
1464 4530 1558 4588 καὶ
1587 4532 1759 4600 χωρὶς
1793 4549 1834 4603 ι)

196 4616 409 4685 ἀγῶνος,
442 4620 658 4693 ἐδείχθη
688 4622 757 4675 ἂν
787 4623 1255 4695 ἀναδεδειγμένος,

727 4755 1061 4809 ΕΡΩΤΗΣΙΣ
1090 4759 1217 4814 IIZ'.

1864 3259 1983 3314 iStis
2022 3260 2310 3328 acquirere
2342 3261 2769 3315 admirationem
2808 3279 2820 3314 :
2859 3272 2913 3314 et
2938 3262 2983 3315 si
3014 3277 3081 3315 ex
3129 3261 3232 3314 isto
3264 3260 3447 3313 studio

1862 3366 2061 3405 curare
2118 3352 2351 3405 salutem
2411 3352 2724 3405 animarum
2760 3352 3032 3405 rcsultarc
3084 3351 3335 3413 vidisset,
3367 3350 3447 3400 vi-

1863 3442 2038 3497 disses
2088 3442 2260 3512 ipsius
2315 3457 2602 3497 sermones
2660 3444 2828 3499 insita
2879 3443 3112 3511 quadam
3145 3440 3448 3511 pulchritu—

1862 3533 2011 3600 dine,
2046 3536 2205 3603 cujus
2256 3544 2311 3589 et
2361 3552 2506 3591 nunc
2535 3537 2881 3606 participant,
2928 3536 2979 3589 in
3015 3546 3223 3588 tantum
3252 3544 3440 3587 trans-

1862 3628 2113 3681 cendisse
2154 3628 2394 3683 Platonis
2429 3630 2858 3694 incantamenta,
2913 3628 3295 3683 Demosthenis
3331 3628 3450 3681 cin-

1862 3718 2078 3782 cinnos,
2139 3720 2661 3789 magniloquentiam
2711 3720 3141 3791 Thucydideam,
3170 3720 3222 3772 in
3254 3733 3434 3786 quan-

1864 3818 1977 3864 tum
2020 3810 2095 3864 illi
2142 3811 2412 3866 Asiaticos
2460 3812 2597 3867 istos
2668 3820 2917 3866 oratores
2989 3821 3247 3878 superant
3285 3826 3299 3861 :
3339 3824 3448 3862 non

1864 3902 2009 3954 enim
2046 3903 2098 3955 in
2128 3912 2277 3956 tuam
2308 3904 2541 3972 gratiam
2582 3902 2757 3957 licebit
2800 3916 2995 3955 vocare
3024 3917 3116 3953 cas
3147 3900 3447 3954 alfectatos.

1864 3991 2017 4047 Patet
2060 4004 2241 4047 autem
2286 3994 2431 4063 quod
2464 3994 2713 4059 allirmo;
2747 4008 2872 4046 nam
2908 3993 3002 4060 qui
3052 3993 3207 4059 longe
3241 3990 3450 4057 majora

1864 4092 1920 4139 et
1966 4084 2287 4139 sublimiora
2320 4086 2386 4139 ad
2430 4086 2714 4138 hominum
2764 4084 3000 4137 salutem
3051 4084 3447 4150 procuramlam

1864 4177 2127 4245 suscepit,
2159 4176 2430 4246 siquidem
2471 4176 2667 4231 exinde
2702 4176 3050 4229 commodum
3085 4181 3447 4235 aceresceret,

1866 4268 2008 4321 haud
2038 4276 2184 4321 certe
2211 4277 2518 4323 recusasset
2555 4267 2761 4336 aliquid
2793 4266 2860 4320 de
2908 4266 3101 4335 puerili
3138 4265 3239 4318 hac
3270 4263 3450 4317 ambi-

1866 4360 2015 4413 tione
2044 4359 2321 4428 possidere
2347 4375 2362 4425 ;
2388 4374 2576 4413 verum
2605 4369 2658 4411 et
2689 4357 2744 4410 in
2767 4357 3061 4415 illiusmodi
3092 4356 3230 4408 ultra
3256 4369 3451 4411 omnes

1866 4449 2198 4512 obtinuisse,
2226 4447 2528 4518 etquidem
2555 4449 2675 4500 sine
2712 4449 3011 4501 certamine
3041 4446 3338 4500 videretur.

1977 4754 2304 4823 QUJESTIU
2346 4754 2877 4897 LXXEEI‘ELqusL
2910 4752 3132 4809 CCLlll.
3172 4751 3337 4807 Taur.

728 4930 870 4981 Edita
911 4947 938 4981 a
961 4933 1279 4996 Montacutio,
1308 4950 1390 4999 ep.
1416 4937 1524 4999 157,
1557 4938 1623 4987 ad
1646 4940 1755 4989 Eust

1906 4977 1919 5001 ,
1948 4953 1995 5001 p.
2039 4938 2266 4987 ﬁll-212.
2301 4938 2357 4986 In
2395 4934 2672 4986 Ezeehieiis
2702 4949 2805 5000 cap.
2856 4950 2894 4993 ι,
2930 4934 3006 4984 10.

265 5033 574 5106 Τίςδήποτε,
611 5038 973 5114 διαπυνθὰνῃ,
1007 5040 1145 5110 βοῶν
1180 5043 1273 5095 καὶ
1300 5042 1551 5110 λεόντων,
1580 5045 1750 5100 ἀετῶν

201 5142 253 5177 τε
275 5132 360 5181 καὶ
386 5132 479 5185 ἀνθ
490 5132 685 5204 ρώπων
712 5138 952 5206 μορφαῖς
970 5135 1147 5188 αἰτῶν
1164 5135 1444 5206 Χερουϐὶμ
1469 5137 1620 5205 ὄψεις
1639 5140 1751 5202 τοῖς

204 5214 353 5282 θείοις
376 5228 675 5295 προφήταις
693 5226 1119 5297 ἐνεφανίσθησαν
1140 5244 1155 5295 ;
1174 5227 1335 5281 ’Λλλὰ
1362 5229 1462 5290 τὰς
1495 5228 1617 5297 μὲν,
1640 5230 1757 5291 τοῖς

1937 5046 1999 5099 Et
2017 5060 2303 5117 (prorsum,
2329 5045 2553 5114 rogitas,
2576 5042 2889 5101 cherubim:
2908 5041 3071 5095 facies
3090 5040 3287 5095 divinis
3312 5055 3446 5110 pro-

1868 5136 2040 5205 phetis
2060 5135 2456 5201 revelebantur,
2479 5136 2582 5189 sub
2605 5134 2794 5191 formis
2812 5133 2995 5197 boum,
3028 5132 3272 5197 leonum,
3296 5132 3447 5200 aqui-

1867 5230 2066 5293 larum,
2084 5228 2402 5282 hominum?
2423 5228 2679 5283 liationes
2698 5227 2765 5282 ab
2782 5224 3023 5295 antiquis
3046 5223 3281 5278 redditas
3302 5220 3444 5276 haud

1449 5432 1682 5487 VARIAE
1730 5430 2137 5487 LEUTIONES.

215 5675 381 5735 editio.

333 5617 358 5645 ¹¹
380 5609 439 5669 C.
470 5614 538 5670 Ill.
570 5614 822 5687 βραχεῖαν
858 5615 997 5688 μετὰ
1024 5616 1122 5689 τὴν
1155 5615 1424 5687 ἄρχουσαν
1486 5609 1754 5683 συλλαϐὴν
1784 5612 1863 5674 εἰς
1895 5607 2366 5681 δίφθογγονὲξει.

2485 5614 2533 5646 ιι·
2560 5622 2699 5678 pvne
2732 5605 3002 5678 φροντίδα,
3034 5610 3086 5657 ct
3113 5602 3190 5657 sic
3222 5598 3427 5657 Ηαιιεὲτ
