3846 6188
315 165 421 233 559

1468 166 1734 228 PHOTII
1775 163 2286 226 PATRIARCHIE
2310 165 2422 226 (ΣΡ.

3499 164 3602 227 566

308 296 362 342 te
406 284 644 341 arbitror
678 284 936 355 ignorare
969 303 984 341 :
1015 293 1070 340 at
1119 284 1244 342 illos
1277 285 1554 357 negligere
1592 285 1687 357 qui
1737 284 1894 339 dixe-

2013 282 2104 352 πρὸ
2123 282 2279 353 ἡμῶν
2304 280 2704 352 ἀποδεδομένας
2725 279 2926 347 αίτίας,
2965 275 3119 354 οἶμαί
3147 299 3214 336 σε
3244 279 3330 353 μὴ
3351 281 3602 350 ἀγνοεῖν,

308 386 438 433 runt
467 392 750 434 sermones
775 378 918 444 illos,
943 395 1177 449 quorum
1209 379 1610 433 ordinabuntur
1668 377 1890 446 inspec-

308 482 474 537 tores,
495 486 592 542 per
619 471 735 526 illas
764 473 964 541 ﬁguras
996 472 1297 528 insinuari:
1323 472 1487 526 boum
1514 471 1713 540 quippe
1737 469 1891 538 ip-is,

309 563 498 617 nescio
528 578 646 627 cur,
685 563 992 627 hominum,
1031 563 1364 632 aquilarum,
1420 563 1636 616 leonum
1698 578 1889 616 curant

307 663 362 708 et
388 654 783 724 inspectionem
822 656 1180 718 eoncredunt,
1235 655 1522 709 Platonico
1567 670 1742 720 more,
1798 653 1893 708 sed

310 744 490 799 verbis
537 745 772 800 diversis
827 747 980 801 ideas
1030 747 1462 810 introducentes,
1508 745 1689 816 potius
1723 760 1888 814 quam

309 839 529 909 pictatis
581 838 762 894 studio
817 839 1106 909 quaastioni
1166 839 1428 894 instituta:
1476 835 1890 906 respondentes.

308 931 551 986 Dixerim
565 948 686 1002 ego,
701 932 845 1002 quod
865 931 1285 1001 haudquaquam
1303 944 1492 984 eorum
1507 927 1891 995 animantium,

309 1040 544 1094 quorum
590 1034 748 1079 erant
775 1034 1082 1087 curatores,
1119 1024 1330 1093 species
1362 1037 1459 1092 per
1503 1021 1709 1092 ﬁguras
1749 1021 1888 1077 istas

312 1117 866 1186 reprtcsentabantnr.
902 1115 1062 1170 Absit
1091 1134 1104 1169 :
1141 1131 1283 1170 unus
1307 1113 1454 1169 enim
1489 1115 1734 1169 omnium
1759 1127 1894 1167 con-

308 1207 455 1262 ditor
502 1215 555 1262 et
587 1208 865 1277 inspector
895 1217 1000 1261 est.
1043 1205 1241 1261 Verum
1288 1205 1426 1260 illud
1464 1204 1752 1275 perspicue
1799 1217 1894 1272 per

311 1301 516 1371 ﬁguras
541 1301 859 1367 ostendunt,
892 1301 1036 1370 quod
1061 1301 1152 1370 qui
1188 1308 1415 1364 terram,
1435 1313 1642 1360 aerem,
1666 1297 1889 1361 caelum,

308 1401 362 1445 et
394 1408 515 1461 qua:
549 1391 603 1445 in
636 1391 703 1448 iis
734 1402 880 1455 sunt,
917 1391 1180 1446 stabilivit
1244 1389 1390 1460 (istis
1449 1389 1595 1444 enim
1651 1389 1704 1442 in
1759 1388 1894 1443 locis

307 1490 655 1537 ostensorum
701 1482 1022 1536 animalium
1057 1483 1168 1537 vita
1213 1481 1498 1552 victusque
1535 1480 1784 1545 habetur,
1838 1487 1894 1534 et

305 1572 623 1644 generatio),
663 1574 709 1630 is
744 1575 860 1645 ipse
886 1586 988 1640 est,
1020 1576 1110 1645 qni
1145 1583 1440 1645 potestates
1474 1574 1725 1628 ewlestes
1759 1573 1892 1627 sub-

305 1666 497 1720 sistere
551 1664 702 1730 fecit,
757 1675 811 1721 ct
859 1667 1039 1722 inesse
1079 1666 1353 1735 produxit.
1408 1663 1514 1718 Sed
1560 1673 1615 1718 et
1661 1663 1894 1719 ulterius

307 1757 589 1826 Scriptura
639 1773 736 1828 ριϊ
800 1758 900 1812 ista
952 1758 1134 1824 docet,
1186 1758 1332 1828 quod
1383 1757 1659 1825 quomodo
1707 1757 1894 1822 homo,

303 1850 428 1915 bos,
465 1852 570 1917 leo,
623 1851 829 1922 aquila,
865 1861 918 1905 et
967 1861 1178 1905 cautem
1224 1866 1416 1906 omnes
1467 1860 1750 1917 creaturae,
1801 1866 1895 1922 per

305 1943 482 1998 solum
535 1944 762 1998 verbum
800 1943 1278 2012 producebantur;
1334 1944 1404 1998 ita
1455 1953 1510 1998 et
1567 1945 1736 1999 beatae
1789 1946 1895 2001 illa:

305 2044 590 2098 creaturae,
627 2051 722 2104 per
752 2036 977 2090 verbum
1027 2036 1337 2091 Conditoris
1367 2036 1434 2090 de
1463 2053 1571 2090 non
1611 2053 1733 2093 esse
1767 2054 1895 2108 pro-

297 2125 484 2180 ‘ductac
501 2136 553 2180 ct
572 2136 845 2196 generatae
865 2126 1102 2182 fuerant.
1128 2129 1186 2182 In
1213 2129 1300 2182 illa
1326 2128 1545 2198 quidem
1573 2130 1895 2200 incorporea

307 2226 362 2272 ct
412 2217 703 2289 incﬂigiata
763 2230 955 2273 natura
1035 2219 1238 2290 tiguras
1293 2220 1504 2290 aliquas
1578 2231 1634 2275 et
1689 2221 1896 2278 fortnas

308 2311 619 2367 istiusmodi
651 2321 1043 2384 repraesentare
1070 2313 1226 2378 velle,
1263 2313 1396 2366 nihil
1431 2313 1580 2368 aliud
1615 2324 1699 2370 est
1727 2332 1893 2386 quam

309 2402 610 2468 declarare,
649 2420 816 2458 unum
860 2413 914 2457 et
939 2406 1195 2458 eumdem
1221 2420 1401 2458 rerum
1433 2405 1681 2459 omnium
1716 2405 1892 2460 exsis-

311 2502 426 2548 tere
453 2493 843 2561 Conditorem;
895 2502 1011 2549 tum
1043 2495 1186 2564 quod
1241 2495 1377 2549 nihil
1429 2495 1760 2552 laboriosius
1791 2495 1896 2566 ipsi

311 2583 432 2650 fuit,
457 2586 811 2656 incorporeas
838 2597 891 2641 et
911 2586 1309 2642 intellectuales
1336 2596 1556 2641 naturas
1582 2604 1893 2657 procreare,

312 2693 475 2747 quam
508 2687 730 2734 caeteras
755 2679 1027 2748 quaslibet
1050 2688 1366 2744 creaturas;
1401 2697 1526 2736 cum
1559 2681 1613 2735 in
1639 2683 1898 2739 omnibus

312 2786 378 2826 ex
401 2788 580 2841 mquo,
623 2781 676 2826 et
713 2774 829 2842 pari
863 2781 1131 2843 potestate
1161 2773 1414 2828 voluntas
1444 2774 1628 2828 divina
1671 2774 1897 2830 intinim

314 2863 568 2933 retentite
617 2874 891 2933 operetur.
945 2865 1000 2918 Si
1033 2864 1231 2934 placet,
1278 2876 1362 2919 est
1395 2874 1448 2918 ct
1495 2865 1714 2919 tertiutn
1749 2866 1895 2937 quod

1997 373 2283 438 κάκείνους
2339 374 2396 428 δὲ
2419 376 2687 446 παρορᾷ),
2725 375 2774 428 οἳ
2799 377 2926 439 τοὺς
2981 374 3171 444 λόγους
3233 374 3466 442 ἔφασαν
3523 370 3600 428 ὧν

1996 464 2304 536 ἐτάχθησαν
2329 465 2536 538 ἔφοροι,
2564 466 2654 520 διά
2681 465 2792 520 τῶν
2820 467 3116 537 σχημάτων
3148 465 3401 520 ἐκείνων
3427 465 3600 518 αἰνίτ-

1994 561 2219 613 τεσθαι*
2258 560 2396 630 βοῶν
2437 559 2548 630 γὰρ
2571 559 2754 622 αὐτοῖς
2791 554 2964 624 οὗτοι,
2999 559 3095 612 καὶ
3125 556 3480 628 ἀνθρώπων,
3510 558 3602 608 ἀε-

1994 651 2105 704 τῶν
2132 668 2191 703 τε
2215 651 2309 703 καὶ
2337 651 2590 715 λεόντων,
2616 651 2718 704 οὐκ
2740 645 2837 704 οἷδ’
2881 649 3002 704 ἀνθ’
3029 651 3172 715 ὅτου,
3223 649 3336 720 τὴν
3370 648 3601 718 ἐφορίαν

1997 745 2403 817 ἐγχειρίζουσι·
2465 742 2963 813 Πλατωνικὼτερον
3025 744 3256 814 μᾶλλον,
3284 742 3360 796 δι’
3397 744 3603 810 ἐτέρων

1995 837 2194 905 λόγων,
2220 837 2320 901 τὰς
2346 835 2520 900 είδὲας
2548 836 2890 904 εἰσάγοντες,
2929 835 2962 906 ἢ
2993 834 3408 906 εὐσεϐέστερον
3463 850 3606 902 πσρ-

1999 930 2254 994 ιστῶντες
2277 929 2339 982 τὺ
2373 927 2728 999 ζητούμενον.
2778 927 2920 995 Ἐγῶ
2957 927 3012 980 δὲ
3053 926 3222 998 φαίην
3247 926 3350 990 ἂν,
3383 925 3464 989 ὡς
3507 927 3603 996 οὐχ

1996 1018 2072 1080 ὧν
2103 1023 2285 1094 ἔφοροι
2305 1023 2653 1092 τυγχάνουσι,
2689 1020 2862 1075 ταῦτα
2888 1021 2976 1076 διὰ
2998 1022 3106 1076 τῶν
3145 1021 3471 1092 σχημάτων
3505 1023 3603 1091 ὲμ-

1997 1117 2284 1186 φανίςουσι
2311 1132 2325 1146 ⁸
2363 1113 2562 1168 πολλοῦ
2582 1131 2645 1182 γε
2679 1113 2773 1166 καὶ
2805 1113 2885 1165 δεῖ
2914 1128 2928 1144 ⁸
2961 1108 3041 1178 εἷς
3071 1114 3180 1186 γὰρ
3201 1112 3481 1166 ἁπάντων
3511 1112 3607 1180 δησ

2000 1211 2262 1281 μιουργός
2293 1225 2354 1261 τε
2406 1207 2499 1261 καὶ
2555 1205 2772 1278 ἔφορος.
2836 1205 2978 1258 ‘AD.’
3029 1207 3204 1259 ἐκεῖνο
3266 1202 3503 1272 τρανῶς
3548 1205 3606 1258 ἐν

1995 1286 2118 1366 τοῖς
2166 1300 2357 1364 τύποις
2402 1299 2756 1364 δεικνύουσιν,
2794 1299 2869 1363 ὼς
2901 1302 2930 1354 ὁ
2962 1299 3062 1369 τὴν
3105 1298 3210 1368 γῆν
3246 1313 3313 1350 τε
3357 1297 3453 1349 καὶ
3512 1295 3602 1349 τὸν

1995 1392 2156 1462 ἀέρα,
2189 1391 2282 1444 καὶ
2319 1391 2409 1444 τὸν
2442 1390 2686 1463 οὐρανὸν,
2729 1390 2822 1444 καὶ
2849 1389 2916 1443 τά
2945 1392 3001 1443 ὲν
3032 1389 3217 1452 αὐτοῖς
3274 1387 3603 1457 ὑποστήσας

1996 1483 2076 1554 (εν
2131 1481 2343 1545 τούτοις
2400 1481 2509 1552 γὰρ
2567 1480 2676 1534 τῶν
2731 1480 3151 1551 ἐμφαινομένων
3207 1476 3420 1543 ζώων,
3488 1479 3596 1540 τοῖς

1995 1575 2201 1640 τόποις,
2235 1575 2262 1627 ὅ
2308 1591 2367 1627 τε
2398 1573 2510 1643 βίος
2539 1575 2632 1628 καὶ
2681 1574 2714 1645 ἡ
2742 1572 2991 1643 γένεσις)
3029 1572 3193 1635 αὐτός
3228 1572 3393 1623 ἐστιν
3425 1564 3603 1635 οὗτος,

1995 1672 2023 1724 ὁ
2055 1672 2150 1723 καὶ
2201 1670 2301 1733 τὰς
2352 1668 2784 1740 ύπερουρανίους
2818 1667 3079 1736 δυνάμεις
3102 1676 3132 1702 ο
3160 1663 3475 1727 ούσιώσας,
3510 1664 3599 1716 καί

1997 1764 2338 1836 παραγαγὼν
2385 1765 2466 1827 είς
2500 1761 2756 1834 ὓπαρξιν.
2795 1761 3032 1815 Ἔπειτα
3083 1760 3162 1823 δὲ,
3187 1759 3286 1814 διὰ
3317 1758 3534 1812 τούτων
3573 1759 3599 1809 ό

1996 1855 2152 1924 λόγος
2185 1866 2214 1905 P
2234 1855 2498 1916 διδάσκει,
2534 1855 2730 1924 ὅτιπερ
2751 1851 2876 1906 καθ’
2902 1852 2961 1904 ὃν
2988 1853 3189 1924 τρόπον
3218 1850 3324 1906 ἄνθ
3336 1849 3522 1921 ρωπός
3545 1866 3598 1901 τε

1996 1951 2092 2005 καὶ
2151 1949 2278 2018 βοῦς
2332 1948 2428 2002 καὶ
2475 1947 2634 2011 λέων,
2689 1946 2783 1998 καὶ
2843 1944 3024 2009 ἀετὸς,
3086 1944 3181 1997 καὶ
3251 1941 3436 1996 τᾶλλα
3493 1939 3598 1992 τῶν

1997 2043 2332 2113 κτισμάτων,
2385 2039 2622 2111 εὐχερῶς
2683 2039 2776 2092 καὶ
2827 2041 3032 2110 ῥήματι
3090 2036 3243 2107 μόνῳ
3313 2034 3590 2104 συνέστηο

1997 2135 2140 2188 οὕτω
2191 2133 2277 2203 δὴ,
2319 2130 2463 2185 οὕτω
2498 2131 2590 2184 καὶ
2615 2132 2649 2201 ἡ
2685 2131 2932 2202 μακαρία
2979 2129 3142 2198 φύσις
3206 2125 3429 2196 ἐκείνη,
3457 2125 3596 2192 λόγῳ

1997 2229 2089 2279 τοῦ
2131 2225 2448 2288 κτίσαντος,
2479 2225 2542 2275 ἐκ
2583 2221 2672 2276 τοῦ
2699 2222 2774 2293 μὴ
2803 2222 2956 2285 ὄντος
2997 2219 3140 2292 ήχοη
3174 2218 3328 2290 πρὸς
3355 2217 3591 2284 γένεσιν.

1999 2321 2071 2372 Τὸ
2089 2320 2215 2390 γὰρ,
2243 2318 2427 2390 ἐκείνῃ
2453 2319 2518 2388 τῇ
2551 2315 2828 2386 ἀσωμάτῳ
2859 2315 2955 2368 καὶ
2976 2311 3389 2383 άσχηματίστῳ
3417 2303 3591 2379 φύσει,

2001 2412 2218 2485 μορφάς
2279 2429 2432 2475 τινας
2461 2411 2556 2464 καὶ
2607 2409 2835 2464 τοιαῦτα
2871 2409 3125 2479 σχήματα
3188 2402 3595 2476 παρυποδεῖξαι

1997 2507 2149 2561 οὐδὲν
2177 2505 2368 2576 ἕτερόν
2422 2505 2592 2567 ἐστιν,
2619 2502 2652 2573 ἢ
2689 2502 2784 2554 ἕνα
2812 2519 2872 2554 τε
2901 2503 2988 2554 καὶ
3023 2499 3112 2552 τὸν
3139 2497 3310 2550 αὑτὸν
3341 2494 3598 2548 ἁπάντων

2000 2601 2236 2671 Ποιητὴν
2297 2598 2604 2669 ὑπάρχειν,
2675 2594 3105 2665 ἐπιδεδειχέναι·
3151 2592 3254 2645 καὶ
3303 2591 3389 2643 ὅτι
3439 2586 3586 2640 οὐδὲν

1998 2689 2418 2761 ἐργωδέστερον,
2453 2688 2485 2760 ἢ
2513 2687 2680 2742 τᾶλλα
2709 2686 2817 2740 τῶν
2839 2686 3156 2756 κτισμάτων
3175 2727 3189 2749 ,
3229 2687 3266 2756 ἡ
3302 2683 3591 2752 ἀσώματος

1998 2781 2095 2836 καὶ
2139 2782 2301 2852 νοερά
2350 2781 2512 2848 φύσις
2553 2780 2763 2852 ὑπέστη
2791 2783 2848 2834 ὲν
2876 2780 3013 2832 πᾶσι
3048 2778 3468 2850 παραπλησίως
3504 2775 3592 2826 καὶ

2003 2875 2312 2938 ΞσοσΟενῶς,
2367 2873 2462 2927 τοῦ
2514 2873 2658 2926 θείου
2712 2873 2806 2926 καὶ
2859 2872 3311 2943 άπειροδυνάμου
3363 2867 3588 2939 δρῶντἰς

316 2956 422 3010 ilLe
455 2957 509 3010 in
541 2958 872 3014 Cherubinis
904 2958 1297 3013 similitudines
1325 2959 1628 3023 insinuant,
1673 2974 1892 3028 nempe,

2013 2967 2366 3038 βουλήματος.
2415 2966 2475 3018 Εἰ
2511 2964 2690 3036 βούλει
2722 2965 2802 3029 δὲ,
2841 2965 2976 3034 πρὸς
3016 2962 3231 3026 τούτοις
3285 2961 3384 3014 καὶ
3416 2958 3588 3030 τρίτον

315 3049 778 3120 quemadmodum
804 3052 988 3114 homo,
1014 3059 1068 3105 et
1095 3051 1301 3121 aquila,
1338 3060 1390 3104 et
1416 3051 1532 3116 bos,
1565 3067 1618 3106 et
1644 3052 1902 3122 quaalibet

316 3142 538 3196 omnino
560 3153 810 3196 creatura
836 3143 1136 3198 Dominicis
1160 3144 1443 3214 prmccptis
1479 3144 1865 3199 obsecundaba
1881 3174 1900 3187 -

324 3242 436 3297 tur,
491 3233 639 3288 illius
687 3245 965 3290 reveretur
1012 3251 1136 3289 eum
1167 3235 1364 3289 timore
1421 3237 1782 3291 mandatum:
1828 3237 1902 3292 ita

319 3326 499 3379 omnis
524 3341 744 3395 quoque
773 3325 1194 3379 ultramundana
1247 3332 1301 3378 et
1337 3325 1722 3381 ultracoelestis
1766 3327 1902 3382 sub-

321 3418 520 3471 stantia
554 3418 778 3472 nutibus
807 3417 978 3486 ipsius
1019 3418 1286 3484 subsidet,
1335 3426 1388 3471 et
1420 3419 1651 3473 libenter
1678 3418 1904 3474 subser-

323 3510 441 3563 vire
474 3511 635 3580 gestit
673 3512 737 3564 ad
765 3512 1032 3582 quidquid
1057 3512 1283 3583 jubetur
1315 3515 1739 3583 expediendum.
1773 3515 1911 3570 For—

323 3603 489 3658 tassis
517 3612 696 3658 autem
725 3617 777 3659 ct
808 3605 928 3660 alia}
967 3606 1190 3675 insuper
1221 3615 1515 3678 suppetent
1545 3622 1747 3669 causa),
1779 3607 1909 3660 dum

323 3695 524 3751 tacitus
557 3696 671 3751 haec
716 3699 856 3766 apud
904 3708 954 3754 te
1006 3700 1285 3755 med‘iteris
1328 3716 1451 3770 quae
1492 3699 1605 3770 jam
1652 3699 1800 3766 dixi,
1857 3700 1908 3753 in

322 3804 464 3860 quas
498 3788 730 3844 libenter
762 3799 814 3844 te
847 3791 1090 3847 incidere
1122 3791 1307 3847 velim.

323 3980 654 4050 eumsno
723 3983 1055 4040 Lxxmn.
1132 3986 1335 4059 [cum

919 4078 1304 4153 cevat(n

1413 3987 1610 4042 CCLIV
1645 4008 1660 4056 ;
1742 3989 1904 4043 Taur.

2010 3059 2139 3113 ἄλλο
2169 3059 2511 3113 διδάσκουσιν
2557 3059 2612 3110 αἱ
2639 3060 2694 3110 ἐν
2716 3059 2827 3120 τοῖς
2869 3059 2943 3111 Χε
2957 3057 3154 3126 ρουόὶμ
3180 3051 3589 3125 ὁμοιώσεις,δτι

2010 3151 2199 3222 ὥσπερ
2257 3149 2544 3220 ἄνθρωπός
2575 3167 2635 3202 τε
2666 3150 2761 3201 καὶ
2787 3149 2944 3210 άετδς
2967 3150 3061 3200 καὶ
3101 3145 3251 3217 βοῦς,
3295 3145 3393 3198 καὶ
3418 3138 3592 3202 ἁπλῶς

2010 3243 2240 3298 ἕκαστον
2269 3241 2377 3296 τῶν
2401 3241 2736 3312 κτισμάτων,
2766 3241 2844 3310 τῷ
2867 3239 3180 3308 Δεσποτικῴ
3212 3235 3588 3309 προστάγματι

2013 3335 2326 3405 πειθαρχεῖ,
2367 3333 2464 3387 καὶ
2512 3334 2610 3402 τὴν
2661 3332 2871 3386 ἐκεῖθεν
2926 3332 3146 3400 ἐντολὴν
3213 3329 3586 3396 ύποπτὴσσει·

2014 3427 2156 3480 οὕτω
2179 3427 2243 3497 δὴ
2263 3425 2430 3490 οὕτω,
2464 3426 2558 3479 καὶ
2585 3427 2734 3478 πᾶσα
2757 3427 2788 3496 ἡ
2825 3423 3195 3494 ὑπερκόσμιός
3215 3440 3277 3476 τε
3305 3422 3399 3475 καὶ
3431 3420 3586 3487 ὑπερ-

2012 3519 2270 3590 ουράνιος
2355 3519 2516 3572 ούσία
2597 3521 2710 3582 τοῖς
2772 3517 2938 3573 αὐτοῦ
3007 3516 3278 3587 νεύμασιν
3348 3511 3589 3570 ὑπείκει,

2015 3611 2264 3683 καὶπρὸς
2329 3612 2474 3665 ἆπαν
2503 3610 2562 3663 τὸ
2591 3609 2946 3680 κελευόμενον
2975 3608 3275 3681 προθύμως
3300 3603 3584 3675 ὑπηρετεῖ-

2015 3722 2127 3757 ται.
2173 3705 2326 3773 Τάχα
2347 3704 2392 3757 δ’
2417 3703 2482 3757 ἄν
2509 3721 2614 3768 σοι,
2649 3702 2770 3756 καθ’
2809 3701 3001 3757 ἑαυτὸν
3046 3699 3368 3763 σκοποῦντι,
3405 3700 3466 3749 ἐκ
3490 3692 3587 3746 τῶν

2019 3795 2332 3866 εἰρημένων
2392 3794 2488 3848 καὶ
2551 3794 2738 3865 ἕτεραι
2771 3792 3374 3865 προσεξευρεοήσονται
3405 3786 3582 3843 αἰτίαν

2019 3882 2107 3950 αἷς
2140 3885 2204 3939 ἂν
2231 3885 2401 3955 ἡδέως
2418 3883 2722 3955 ἐντύχοιμι.

2560 4001 2896 4054 ΕΡΩἹῊΣΙΣ
2930 4000 3062 4054 Ilﬂ'.

901 4217 1042 4269 Edita
1081 4235 1108 4270 a
1147 4220 1466 4281 Montacutio,
1497 4237 1579 4286 ep.
1622 4223 1811 4287 16l,ad
1839 4226 2017 4283 Taras,
2043 4236 2092 4286 p.
2125 4221 2234 4283 2H,
2259 4222 2367 4273 215.
2409 4224 2483 4272 De
2514 4226 2678 4269 sancta
2718 4217 2980 4270 Trinitate.

398 4307 602 4377 Rogas,
645 4307 925 4378 quomodo
981 4308 1216 4364 dicimus
1276 4329 1289 4365 :

327 4403 495 4458 Deum
530 4401 749 4467 Filium,
783 4403 952 4457 Deum
988 4404 1254 4473 Spiritum
1301 4417 1550 4461 sanctum
1582 4428 1628 4473 ι,
1693 4423 1796 4463 nec
1826 4417 1910 4464 ta-

327 4513 453 4552 men
475 4497 724 4566 cogimur
750 4497 1062 4551 necessario
1085 4505 1194 4551 tres
1225 4495 1390 4562 Deos,
1430 4514 1538 4553 non
1576 4516 1748 4554 unum
1774 4517 1912 4556 eon-

331 4589 508 4642 titeri?
554 4588 713 4643 Clare
746 4597 801 4642 et
831 4587 1066 4642 breviter
1095 4589 1418 4657 respondeo.
1478 4589 1739 4661 Exempla
1769 4593 1912 4647 enim

333 4682 488 4750 plura
521 4691 574 4734 ct
638 4682 789 4735 varia
838 4695 870 4734 a
905 4680 1106 4737 divinis
1159 4681 1416 4738 Pati-ibus
1465 4686 1533 4740 ad
1579 4687 1913 4742 solutionem

334 4775 498 4844 hujus
549 4776 891 4844 qurestionis,
949 4777 1016 4830 ab
1078 4777 1193 4846 ipsa
1240 4781 1492 4842 veritate,
1542 4782 1630 4835 cui
1690 4795 1915 4850 operam

333 4866 606 4932 locabant,
638 4867 854 4922 abunde
876 4869 1215 4937 suppeditata
1245 4869 1416 4937 fuere,
1446 4879 1499 4924 et
1521 4871 1590 4925 ab
1643 4871 1712 4926 iis
1757 4873 1916 4927 adhi-

336 4959 444 5014 bita
496 4967 658 5029 prout
697 4961 944 5027 oportuit
989 4979 1004 5028 ;
1085 4977 1318 5032 quorum
1367 4963 1540 5034 siquis
1585 4966 1916 5020 mentionem

333 5052 493 5106 vt-llct
559 5051 846 5121 replicare,
913 5053 1111 5108 librum
1192 5055 1433 5110 scribere
1469 5051 1726 5126 oportet,
1806 5074 1914 5113 non

331 5143 640 5217 epistolam.
703 5143 860 5210 Quod
921 5141 1104 5200 facere
1155 5146 1290 5200 mihi
1330 5148 1543 5203 videtur
1593 5165 1919 5221 supervaca-

1359 4329 1378 4360 ε
1436 4310 1607 4366 Deum
1663 4312 1988 4378 Patrem,D

2097 4313 2360 4384 Ἐρωτᾷς,
2412 4309 2529 4373 πῶς
2592 4309 2710 4361 ἔστι
2754 4307 2955 4375 λέγειν,
3026 4303 3200 4360 «Θεὸν
3231 4304 3325 4359 τὸν
3357 4301 3580 4370 Πατέρα,

2015 4405 2150 4458 Θεὸν
2195 4403 2287 4458 τὸν
2313 4401 2464 4469 Υίὸν,
2487 4401 2621 4455 Θεὸν
2650 4400 2712 4453 τὸ
2737 4398 2988 4469 Πνεῦμα,
3021 4416 3040 4450 ι
3081 4399 3177 4452 καὶ
3211 4397 3288 4470 μὴ
3319 4399 3396 4461 είς
3427 4395 3578 4459 ἀνάγ-

2015 4516 2118 4568 κην
2183 4496 2592 4572 περιΐστασθαι,
2651 4497 2824 4567 τρεῖς,
2886 4493 3003 4548 ἀνθ’
3037 4493 3177 4558 ἑνὸς,
3204 4492 3376 4554 Θεοὺς
3405 4490 3579 4556 ἀνομο-

2016 4589 2234 4657 λογεῖνς
2281 4586 2423 4655 Ἐγώ
2471 4603 2553 4640 σοι
2603 4583 2789 4654 σαφῶς
2816 4584 2911 4637 καὶ
2939 4583 3224 4654 συντόμως
3254 4581 3385 4653 ἐρῶ.
3409 4579 3577 4645 Παρα-

2013 4682 2284 4752 δείγματα
2309 4681 2408 4750 μὲν
2435 4679 2544 4750 γάρ
2578 4678 2748 4732 πολλὰ
2800 4679 2896 4730 καὶ
2954 4675 3203 4742 ποικίλα,
3264 4676 3378 4736 τοῖς
3431 4669 3576 4726 θείοις

2021 4775 2178 4846 ἡμῶν
2209 4772 2507 4844 Πατράσιν,
2526 4774 2607 4836 είς
2626 4771 2686 4824 τὸ
2711 4770 2963 4824 διαλῦσαι
2994 4769 3090 4840 τὴν
3117 4767 3354 4840 ἀπορίαν
3371 4761 3571 4830 ταύτην,

2020 4868 2112 4920 ὑπ’
2152 4867 2322 4937 αὐτῆς
2351 4868 2448 4936 τῆς
2484 4864 2764 4936 ἀληθείας,
2793 4865 2934 4935 ὑπὲρ
2962 4858 3029 4936 ἦς
3053 4862 3401 4927 ἐσπούδαζον,
3426 4851 3572 4922 ἀφῦό·

2022 4978 2127 5025 νως
2141 4976 2200 5036 τε
2223 4960 2536 5031 ὲχορηγήθη
2571 4959 2665 5011 καὶ
2689 4959 2770 5022 εἰς
2797 4958 2915 5011 δέον
2945 4956 3316 5010 διατέτακται·
3347 4948 3418 5007 ὧν
3433 4948 3483 5001 ετ
3501 4958 3573 5004 τις

2021 5054 2424 5126 ἐπιμνησθῆναι
2458 5051 2726 5121 θελήσειε,
2753 5049 2958 5120 βιϐλίον
2989 5049 3108 5102 ὅλον
3140 5048 3255 5100 ἀντ’
3299 5037 3565 5105 ἐπιστολῆς

2024 5145 2090 5201 ἂν
2116 5145 2368 5217 γράψειε.
2392 5144 2566 5198 Τοῦτο
2597 5143 2654 5198 δὲ
2673 5142 2848 5206 ἄλλως
2875 5138 3032 5214 οἶμαι
3065 5141 3339 5213 περιττόν·
3365 5134 3416 5189 τί
3447 5130 3568 5201 γάρ·

1614 5309 1846 5364 VARUE
1887 5307 2297 5365 LECTIONES.

404 5433 426 5455 °
452 5423 512 5480 C.
533 5423 676 5479 Mon.
720 5423 824 5478 553
852 5423 889 5476 ί.
926 5422 1028 5478 118
1065 5442 1077 5477 :
1113 5423 1396 5494 οὐρανίους
1424 5421 1701 5493 δυνάμεις.

409 5636 483 5706 (ί)
517 5633 706 5690 Amnis
737 5644 820 5689 est
849 5654 902 5704 ιι.
952 5619 1191 5688 XXVII.-

1783 5426 1810 5466 P
1839 5423 1904 5477 C.
1943 5422 2012 5478 Μ.
2039 5422 2275 5490 ὀλίγους.

1846 5544 2072 5604 NOTAE.
