3846 6188
197 233 288 303 561
877 233 980 298 AD
1010 235 1612 300 AMPHILOCHIUM-
1649 239 1998 307 OUJES'I‘IO
2039 243 2418 320 LXXXVIII,
2446 247 2764 308 LXXXIX.
3341 250 3451 316 562

194 354 304 406 ἐνὸν
357 352 464 416 τοῖς
509 348 798 424 ἀρχαίοις,
856 352 955 407 καὶ
983 353 1044 443 ἐξ
1073 353 1316 424 ἑτοίμου,
1371 357 1713 426 προσομιλεῖι

1929 376 2054 427 um,
2111 377 2238 417 cum
2290 363 2468 418 cuivis
2521 363 2681 418 obvia
2737 363 2849 419 sint
2903 365 3048 436 apud
3107 365 3446 436 antiquiores

191 449 259 502 Σὺ
280 446 335 500 δὲ
367 444 443 516 (οὐ
469 443 578 517 γὰρ
635 446 749 517 ἔχω
785 445 904 512 πῶς
938 445 1412 518 ἁνεπαχθέστερον
1437 447 1598 519 εἴπω)
1628 451 1710 502 ἀνι

1930 452 2064 507 :tori.
2101 451 2181 508 'l‘u
2218 462 2404 508 autem
2439 454 2643 524 (neque
2671 455 2815 509 enim
2848 456 3021 511 habeo
3047 459 3196 527 quod
3228 459 3449 530 gravius

186 536 286 589 τῶν
336 536 492 590 πάλαι
533 536 718 600 καλῶς
765 537 1194 608 γεγραμμένων,
1236 539 1442 592 καινῶν
1506 541 1705 606 προσδέ

1924 541 2052 608 :am)
2089 555 2190 611 pro
2217 541 2347 596 olim
2379 545 2583 611 Optime
2609 542 2793 597 relatis
2823 543 2876 597 in
2902 545 3137 610 litteras,
3175 563 3443 602 novorum

186 629 442 698 γραφέων,
474 627 862 698 ἐξιδιουμένων
892 629 964 682 τὰ
991 629 1096 700 πρὸ
1134 628 1316 683 αὐτῶν
1350 631 1444 684 καὶ
1467 631 1705 703 ἀλλότρια

1928 629 2068 698 ligus
2123 629 2458 698 scriptorum
2507 645 2597 694 es,
2669 630 2762 700 qui
2815 630 2916 685 sibi
2972 633 3145 687 aliena
3199 643 3253 688 et
3302 636 3447 690 anti-

200 717 346 768 Ἀλλὰ
391 719 551 788 χωρὶς
611 717 862 780 ἐκείνων,
884 719 948 771 τὸ
985 717 1252 789 σύντομον
1292 721 1387 773 καὶ
1419 723 1620 792 σαφὲς,
1651 741 1719 777 κα

1930 717 2044 770 iora
2077 718 2456 787 apprOpriant.
2505 717 2729 787 Absque
2767 717 2875 773 illis
2907 732 3090 772 autem
3126 721 3361 777 breviter
3391 734 3446 777 et

184 810 294 862 οὐδὲ
341 811 504 880 χωρὶς
561 808 658 862 τοῦ
703 809 1048 880 συμπείθειν,
1081 813 1218 882 μετὰ
1244 814 1524 885 προσοχῆς
1549 815 1703 869 ἄκουε

1920 804 2156 874 rspicue,
2208 820 2335 858 cum
2371 804 2695 872 attentione,
2732 816 2790 859 ut
2833 809 3244 874 persuadearis,
3284 809 3438 872 audi,

184 900 284 970 ἔχει
329 901 385 954 δὲ
429 895 566 954 ὧδε·
632 902 767 955 Θεὸν
813 902 997 967 καλεῖς
1041 903 1133 956 τὸν
1192 905 1446 976 Πατέρα⁶
1516 908 1703 979 πότερι

1927 895 1994 950 od
2025 894 2104 950 sic
2128 911 2187 950 se
2207 895 2401 950 habet:
2432 893 2647 950 Patrem
2673 897 2912 966 appellas
2967 897 3154 965 Deum,
3185 909 3442 954 utrumne

183 992 351 1062 τεμὼν
381 992 473 1062 τὴν
502 993 821 1061 ὑπόστασιν,
851 998 946 1051 καὶ
979 998 1349 1069 ἁλλοτριώσας
1378 1002 1479 1073 τῆς
1506 1005 1566 1056 ὲν
1592 1006 1702 1058 αὐτη

1926 987 2170 1057 postasin
2221 987 2554 1041 dillindendo
2593 997 2648 1042 et
2697 987 2992 1042 alienando
3043 989 3192 1043 illum
3231 1007 3258 1040 a
3291 1004 3439 1042 com-

184 1088 269 1136 καὶ
314 1088 495 1156 κοινῆς
551 1086 894 1159 θεότητος,ἢ
946 1089 1046 1143 οὐκ
1076 1091 1142 1144 ἂν
1176 1093 1483 1162 τολμήσαις
1529 1096 1703 1150 εἰπεῖν

1921 1081 2031 1147 uni,
2067 1099 2190 1153 qua:
2220 1083 2323 1153 ipsi
2361 1084 2523 1149 inest,
2564 1084 2791 1150 deitate,
2828 1101 3009 1140 annon
3044 1083 3212 1138 audes
3244 1082 3440 1136 eﬂ'ari?

183 1176 311 1230 οὕτω
353 1177 456 1249 γάρ
480 1177 544 1232 ἂν
577 1180 663 1249 εἴη
690 1179 752 1232 τὸ
779 1182 945 1252 τιμᾷν
995 1188 1090 1236 καὶ
1143 1183 1432 1255 ὀνομάζειν
1491 1187 1623 1242 Θεὸν
1654 1189 1702 1243 τὸ

1918 1186 1951 1225 c
1983 1171 2127 1225 enim
2191 1173 2354 1228 modo
2417 1174 2692 1228 honorare
2725 1185 2780 1229 et
2811 1175 3095 1230 nominare
3129 1174 3296 1228 Deum
3333 1173 3437 1227 Pa-

182 1268 409 1339 Πατέρα,
439 1270 534 1340 τῆς
565 1270 801 1340 ἐσχάτης
830 1271 1128 1344 βαρύτερον
1174 1274 1356 1348 ὓΰρεω
1369 1295 1409 1346 ς,
1447 1279 1701 1334 άποσπάδ

1921 1279 1984 1317 :m
2043 1266 2269 1320 extremi
2321 1266 2545 1320 eonvitii
2594 1269 2914 1338 gravitatem
2968 1267 3440 1333 excederet;abs—

181 1359 398 1413 τινὰκαὶ
424 1363 755 1432 παραφυάδα
791 1367 932 1418 νοεῖν
951 1367 1051 1436 τῆς
1075 1367 1265 1437 ὀλικῆς
1288 1371 1383 1422 καὶ
1412 1371 1700 1441 ὑπερουσίο

1916 1358 2181 1413 actionem
2264 1360 2414 1414 enim
2483 1362 2779 1430 quamdam
2885 1371 2941 1414 et
3003 1360 3435 1416 excrescuntiam

179 1453 424 1523 Θεότητος
451 1451 508 1517 ἐξ
531 1447 593 1506 οὗ
626 1455 777 1508 πᾶσα
804 1454 944 1523 Θεία,
986 1457 1084 1511 καὶ
1113 1460 1224 1522 τοῖς
1254 1461 1313 1512 ἐν
1345 1459 1611 1531 διαιρέσει
1644 1481 1698 1516 κι

1915 1451 2166 1520 ιοςὶιιπῑε
2223 1453 2407 1508 totalis
2474 1463 2530 1508 et
2581 1453 3134 1524 supersubstantialis
3181 1452 3434 1518 Deitatis,

182 1544 350 1615 ρεῥσει
380 1547 436 1597 τὸ
469 1544 609 1598 εἶναι
658 1546 939 1616 λαχοῦσιν,
973 1547 1166 1612 ἓνωσίς
1191 1568 1250 1603 τε
1289 1551 1389 1604 καὶ
1415 1553 1615 1626 συνοχὴ
1649 1571 1701 1606 κε

1910 1559 2014 1613 qua
2053 1544 2232 1599 omnis
2278 1545 2458 1600 divina
2499 1547 2647 1611 unio,
2705 1545 3024 1616 conjunctio
3075 1555 3128 1601 et
3163 1545 3426 1610 cohaesio,

128 1637 132 1642 ’
181 1640 449 1708 συνάφεια.
492 1640 658 1712 Ὁρᾷς
714 1642 828 1706 πῶς
864 1643 930 1696 ἂν
983 1643 1162 1714 ὀρθῶς
1198 1645 1513 1717 ὲννοηθείης
1548 1665 1606 1701 τε
1645 1670 1647 1674 ⁴

1923 1654 2009 1692 am
2061 1637 2167 1693 illis
2212 1638 2352 1693 inest
2400 1656 2639 1710 quorum
2692 1639 2935 1697 essentia
2989 1638 3042 1692 in
3088 1638 3355 1692 divisione
3381 1645 3437 1691 et

177 1733 360 1800 φήσαις
381 1732 511 1784 Θεὸν
658 1733 899 1804 Πατέρα.
927 1709 1138 1788 Οὐκοῦν
1166 1736 1285 1789 οὐδὲ
1313 1709 1404 1790 τὸν
1435 1709 1563 1791 ἶλίὸν
1597 1739 1696 1793 Θεὸ

1919 1747 1987 1785 xu
2020 1709 2463 1787 consistit.Viiles
2496 1742 2555 1786 ut
2588 1741 2734 1787 recte
2777 1733 2918 1802 apud
2944 1733 3188 1786 animum
3220 1738 3431 1785 statuas

176 1823 455 1894 ὀνομάζων,
490 1827 741 1896 ὰφοριεῖς
762 1828 863 1898 τῆς
889 1829 1062 1898 αὐτῆς
1125 1829 1390 1894 Θεότητος
1411 1847 1424 1860 ⁸
1455 1833 1611 1901 εἴπερ
1657 1851 1695 1902 μ

1921 1823 2228 1892 prolitraris
2258 1822 2426 1877 Deum
2453 1823 2689 1878 Patrem.
2711 1824 2975 1889 Quocirca
3003 1837 3100 1876 nec
3118 1838 3242 1876 cum
3266 1820 3431 1875 Deum

176 1915 284 1966 κατ’
309 1913 472 1984 ἄλλην
519 1915 619 1984 μὲν
667 1916 877 1970 ἔννοιαν
903 1917 994 1971 τὸν
1025 1919 1173 1983 Υἰὸν,
1205 1921 1326 1973 κατ’
1354 1921 1522 1990 ἄλλην
1557 1923 1613 1976 δὲ
1640 1925 1695 1977 τὸ

1916 1930 1992 1968 :as
2017 1913 2241 1980 Filium,
2272 1916 2341 1969 ab
2366 1916 2552 1969 eadem
2573 1915 2854 1985 separabis
2885 1915 3112 1979 Deitatc,
3145 1913 3249 1967 nisi
3295 1911 3435 1968 forte

177 2006 374 2074 Πατέρα
389 2006 518 2060 Θεὸν
542 2008 821 2078 ὑπεκρίνω
844 2010 1263 2076 ἀποφαίνεσθαιο
1281 2013 1404 2065 οὐδὲ
1429 2014 1488 2066 τὸ
1509 2016 1696 2086 Πνεῦμ

1915 2023 1946 2060 o
1971 2007 2305 2076 intelligendi
2347 2008 2504 2062 modo
2532 2007 2752 2070 Filium,
2775 2007 2881 2061 alio
2910 2006 3123 2060 Patrem
3144 2005 3433 2076 perhiben-

173 2098 220 2150 δὲ
244 2097 508 2167 δηλονότι·
542 2101 574 2169 ὴ
619 2100 757 2168 αὐτὴ
810 2102 919 2172 γάρ
955 2101 1020 2154 ἂν
1069 2104 1531 2178 παρακολουθήσῃ
1569 2123 1692 2160 κακι

1913 2118 1963 2155 m
1989 2103 2222 2168 sentias;
2249 2099 2341 2157 sed
2376 2117 2474 2155 nec
2498 2116 2620 2156 eum
2642 2099 2904 2170 Spiritum
2929 2109 3214 2162 sanctum;
3240 2100 3429 2153 eadem

174 2205 295 2242 νοια.
329 2188 388 2241 El
421 2189 602 2243 τοίνυν
652 2190 883 2244 ἕκαστον
925 2191 1036 2244 τῶν
1090 2194 1278 2264 τριῶν,
1314 2193 1439 2248 καθ’
1469 2198 1629 2251 ἑαυτὸ
1655 2217 1693 2251 τι

1911 2193 1980 2246 im
2014 2203 2276 2263 sequetur
2325 2193 2491 2262 impia
2530 2193 2908 2264 intelligentia.
2975 2191 3258 2264 Siquidem
3298 2203 3430 2262 ergo

173 2277 238 2347 νῷ
290 2279 719 2350 λαμϐανόμενον,
771 2281 866 2334 καὶ
923 2281 1080 2348 Θεὸς,
1138 2285 1232 2337 καὶ
1268 2285 1421 2350 Θεὸς,
1465 2289 1561 2341 καὶ
1599 2288 1692 2342 Θεὸ

1915 2301 2034 2340 ι·ιιιιι
2083 2287 2246 2341 trium
2291 2287 2524 2357 quilibet
2586 2289 2883 2357 separatim
2940 2297 2994 2342 et
3045 2303 3141 2357 per
3190 2302 3249 2341 se
3275 2301 3430 2342 com-

173 2369 568 2443 ὀνομαςόμενον,
616 2374 828 2445 οὐδαμῆ
867 2375 1124 2446 οὐδαμῶς
1151 2377 1248 2447 τῆς
1285 2379 1692 2452 ὲνθεωρουμένη

1910 2380 2141 2435 ehensus
2185 2380 2371 2434 animo
2399 2391 2455 2435 et
2496 2380 2659 2447 Deus,
2688 2380 2854 2448 Deus,
2891 2381 3057 2445 Deus,
3098 2381 3203 2434 erit
3229 2381 3429 2445 dictus,

173 2465 254 2518 καὶ
281 2466 406 2534 μιᾶς
440 2465 736 2538 ἀπετμήθη
769 2467 1040 2538 Θεότητος
1065 2486 1082 2502 ο
1121 2471 1348 2535 εἰκότως
1383 2473 1491 2544 ἄρα
1521 2475 1612 2527 καὶ
1634 2475 1692 2528 σὺ

1913 2473 2152 2528 llatenus
2180 2473 2476 2542 aliquando
2516 2465 2598 2528 'ab
2629 2473 2791 2528 unica
2853 2483 2909 2528 et
2953 2480 3133 2527 meme
3172 2473 3427 2528 conside-

174 2557 399 2628 ἀλλήλοις
435 2559 850 2630 λαμϐανόμενα,
881 2561 942 2614 οὐ
973 2565 1121 2633 τρεῖς
1171 2564 1316 2629 Θεοδ,
1349 2564 1462 2620 ἀλλ’
1492 2569 1573 2630 εἰς
1605 2576 1633 2616 ει
1664 2584 1692 2618 τ

1921 2581 1952 2619 a
2014 2561 2223 2619 Deitate
2258 2564 2634 2632 abscinditur;
2701 2577 2850 2620 certe
2896 2581 2996 2620 nec
3051 2565 3280 2634 injuria,
3338 2565 3430 2620 ubi

170 2649 280 2720 τρία
320 2651 445 2713 Θεὸς,
488 2651 902 2723 δοξασθήσεται.
934 2653 997 2706 El
1041 2655 1140 2724 μὲν
1187 2655 1297 2726 γὰρ
1326 2655 1458 2719 Θεὸς
1490 2657 1689 2726 ἐλέγετι

1909 2659 2170 2729 njunctim
2213 2659 2602 2729 praedicantur,
2634 2674 2743 2712 non
2777 2667 2888 2713 tres
2921 2658 3028 2724 Dii,
3061 2658 3158 2713 sed
3187 2667 3248 2712 ut
3283 2674 3428 2714 unus

173 2743 277 2796 καθ’
321 2746 478 2798 ἑαυτὸ
531 2746 827 2815 νοούμενον
887 2746 1142 2812 ἕκαστον,
1175 2747 1250 2811 ὼς
1301 2750 1382 2812 εἰς
1445 2749 1583 2804 ἰδίαν
1639 2769 1692 2804 κε

1915 2765 1998 2808 ns.
2050 2756 2161 2802 tres
2212 2747 2289 2801 illi
2335 2747 2812 2817 gloriﬁcabuntur.
2874 2745 2930 2802 Si
2983 2747 3178 2801 horum
3227 2747 3428 2817 singuli

174 2835 378 2902 ἔκφυλον
439 2836 685 2907 Θεότητα
729 2837 1090 2908 ἀναγόμενον,
1125 2839 1354 2902 εἰκότως
1381 2837 1468 2905 ἂν,
1500 2841 1599 2894 σὺν
1632 2841 1693 2894 ἀλ

1906 2841 2126 2910 pararim
2173 2840 2390 2909 prolati,
2426 2838 2568 2893 Deus
2603 2839 2902 2903 diceretur,
2931 2840 3098 2894 veluti
3136 2841 3189 2894 in
3223 2854 3425 2910 appro-

173 2925 351 2996 λήλοις,
397 2930 492 2983 καὶ
546 2931 699 2999 τρεῖς
739 2929 866 2981 Θεοὶ
916 2929 1286 2999 ὠνομάζοντο.
1339 2931 1402 2984 Εἰ
1429 2931 1508 2995 δὲ,
1535 2932 1611 2996 ὡς
1631 2937 1692 3003 τὴ

1906 2933 2066 2986 iatam
2118 2930 2379 2986 Deitatem
2419 2939 2474 2985 et
2507 2931 2873 3001 alienigenam
2911 2931 3157 2997 abducti,
3195 2931 3425 2986 omnino

173 3021 322 3091 αὐτὴν
363 3024 638 3093 ὁμοτιμως
685 3022 782 3074 καὶ
836 3021 963 3092 μίαν
1012 3022 1256 3094 Θεότητα
1317 3026 1688 3094 συναγόμενον

1905 3034 1984 3078 rte
2037 3023 2180 3078 inter
2225 3038 2285 3077 se
2331 3034 2442 3077 tres
2490 3023 2573 3076 Dii
2619 3022 2953 3076 dicerentur.
3006 3021 3104 3076 Sin
3153 3031 3334 3077 autem
3370 3022 3424 3076 in

175 3111 286 3176 83b;
327 3112 434 3167 τῶν
463 3113 629 3186 τριῶν
655 3114 905 3168 ἐκαλεῖτο
942 3114 1196 3169 ἕκαστονο
1221 3117 1307 3179 τίς
1331 3119 1359 3174 ὀ
1381 3117 1694 3188 βιαζόμενος

1904 3128 2002 3166 iam
2036 3122 2090 3166 et
2140 3111 2348 3164 honore
2378 3110 2641 3180 :eqnalem
2689 3109 2956 3165 Deitatem
2990 3109 3236 3174 adducti,
3281 3108 3423 3164 Deus

174 3204 231 3258 τὰ
257 3207 472 3278 μηδαμῆ
508 3207 779 3278 μηδαμῶς
807 3208 905 3277 τῆς
932 3207 1380 3280 ὲνθεωρουμένης
1409 3211 1597 3274 αὐτοῖς
1631 3229 1693 3265 κσ

1904 3223 2002 3260 ηιιιιι
2033 3207 2262 3277 quilibet
2305 3215 2574 3272 vocetur;
2626 3204 2816 3274 ecquis
2861 3213 2966 3270 cst,
3015 3202 3109 3272 qui
3157 3211 3316 3272 coget
3359 3217 3423 3256 ea

177 3299 622 3370 συμπληρωτικῆς
655 3301 1000 3372 διαιρεθέντα
1047 3302 1340 3372 Θεότητος,
1371 3307 1525 3376 τρεῖς
1551 3305 1696 3372 λέγει

1907 3315 1959 3352 ιιι
1989 3297 2140 3352 nullo
2172 3297 2335 3351 modo
2365 3296 2568 3351 alicubi
2601 3295 2846 3365 separari
2882 3305 3111 3364 possunt
3153 3309 3183 3348 a
3214 3292 3426 3348 Deitate

176 3391 348 3462 Θεούς;
405 3395 604 3465 μᾶλλον
625 3395 705 3460 δὲ,
738 3395 855 3458 πῶς
903 3395 1002 3448 οὐκ
1041 3396 1256 3466 ἀνάγκη
1300 3398 1472 3457 πᾶσα,
1503 3397 1575 3461 τὰ
1606 3396 1695 3468 τρί

1903 3396 2051 3442 Ierne
2079 3386 2450 3450 considerata,
2505 3395 2557 3440 et
2597 3384 2856 3439 omnibus
2892 3384 3008 3438 suis
3038 3384 3286 3437 numeris
3319 3382 3422 3436 ab-

175 3481 329 3551 λέγειν
387 3486 481 3540 ἕνα
541 3487 711 3552 Θεὸν,
789 3486 1029 3558 οὐδαμοῦ
1076 3486 1444 3556 διαιρεθέντος
1521 3488 1694 3540 οὐδενὶ

1905 3473 2037 3539 luta,
2105 3483 2214 3528 tres
2270 3471 2409 3527 Deus
2470 3470 2804 3526 nominare?
2852 3470 2973 3526 Jam
3027 3486 3156 3524 vero
3195 3470 3424 3525 omnino

181 3575 267 3628 τῶν
299 3579 463 3648 τριῶν
488 3580 587 3648 τῆς
637 3579 846 3644 ὲνιαίας
887 3582 982 3634 καὶ
1016 3580 1267 3651 ἀτμήτου
1292 3583 1388 3635 καὶ⁹
1418 3581 1696 3655 ἀδιαιρέτο

1910 3578 2061 3616 cesse
2085 3562 2208 3624 erit,
2243 3561 2377 3615 Tres
2415 3560 2597 3615 dicere
2633 3575 2802 3613 unum
2834 3558 3027 3623 Deum,
3081 3574 3206 3614 cum
3241 3559 3423 3612 nulla-

1839 3659 1995 3704 tenus
2026 3649 2224 3718 aliquis
2258 3666 2289 3703 e
2319 3649 2492 3703 tribus
2525 3648 2824 3714 dividatur,
2880 3649 2962 3702 vel
3013 3648 3282 3703 alienetur
3315 3663 3424 3701 una

179 3665 420 3740 Θεότητος
442 3687 457 3733 ;

1839 3665 1995 3704 tenus
2026 3665 2224 3718 anquts
2258 3666 2289 3703 e
2319 3665 2492 3703 tribus
2525 3665 2722 3702 umual

1837 3736 2072 3792 indivisa
2099 3747 2152 3792 et
2181 3737 2464 3792 insecabili
2496 3736 2722 3792 Deitate.

674 3851 1013 3905 ΕΡΩΤΗΣΙΣ
1064 3847 1194 3906 ne'.
1844 3848 2172 3918 QUAESTIO

1902 3848 2172 3906 unas'no
2193 3849 2462 3904 LXXXIX
2486 3847 2947 3920 [omnecum
2984 3845 3421 3918 Taur.,CCLX|].

177 3937 319 3998 Πόσα
350 3943 773 4023 σημαινόμεζα
800 3945 999 4024 Αέσζιν
1049 3943 1249 4024 εὑρεῖν
1292 3944 1362 3998 ἐν
1394 3943 1469 4015 τῇ
1509 3947 1696 4016 Γραφῇ

1905 3958 1976 3998 ιυι
1999 3946 2414 4015 signiﬁcationes
2437 3946 2580 3999 vocis
2606 3945 2836 4024 Deus_in
2863 3944 3159 4014 Scripturis
3201 3943 3424 4012 reperiri

652 4016 762 4083 τῆς
791 4016 940 4068 Θεοῦ
963 4016 1170 4083 φωνῆς
1190 4031 1205 4081 ;
1713 4016 1717 4017 ί

1713 4016 1717 4017 ⁷
2537 4016 2784 4084 possunt?

635 4129 778 4180 Edita
820 4145 848 4180 a
887 4130 1204 4193 Montacutio,
1239 4144 1320 4193 ep.
1355 4132 1464 4194 162,
1493 4132 1560 4183 ad
1584 4131 1821 4198 Amplail.,
1845 4147 1896 4195 p.
1919 4131 2146 4182 215-2l6.
2170 4135 2252 4184 De‘
2274 4131 2638 4196 signiﬁcatione
2664 4131 2878 4183 nominis
2905 4130 3022 4185 Dei.

233 4242 294 4291 α’.
318 4239 455 4308 Τρία
511 4241 892 4310 σημαινόμενα
937 4237 1055 4302 τοῦ,
1095 4238 1249 4304 Θεὸς,
1294 4240 1582 4312 ὀνόματος,
1621 4243 1722 4295 ὅσα

1903 4243 1955 4298 1.
1987 4241 2236 4298 Nominis
2265 4242 2480 4298 Deitria
2511 4250 2642 4299 sunt
2671 4241 3002 4313 signiﬁcata,
3030 4249 3296 4311 quantum
3329 4255 3421 4296 re-

177 4339 229 4391 γε
247 4329 315 4392 εἰς
345 4330 567 4402 μνήμην
633 4330 775 4384 κατὰ
801 4330 956 4395 δόξαν
988 4325 1104 4383 οἶδα
1138 4330 1242 4401 τῆς
1269 4331 1422 4395 θείας
1454 4333 1681 4405 Γραφῆς

1901 4334 2043 4390 rdari
2065 4350 2313 4405 possum,
2346 4335 2503 4405 juxta
2559 4335 2855 4406 Scriptura:
2907 4350 3177 4390 sensum:
3220 4349 3417 4398 unum,

178 4416 224 4469 ἓν
246 4422 331 4490 μὲν
355 4423 416 4477 τὸ
444 4425 649 4495 κυρίως
696 4423 789 4476 καὶ
838 4424 1066 4492 πρώτως
1104 4426 1217 4488 Ὃν,
1251 4419 1313 4480 οὗ
1367 4427 1426 4478 ὲν
1459 4428 1525 4498 τῇ
1576 4443 1697 4497 χειρ

1895 4428 1974 4484 ιοιι
2017 4429 2097 4486 sit.
2135 4429 2355 4499 proprie
2403 4437 2458 4484 et
2506 4430 2770 4500 primario
2802 4428 2934 4495 Ens,
2969 4429 3131 4499 cujus
3160 4428 3214 4482 in
3249 4443 3414 4481 manu

180 4511 346 4576 πάντα,
401 4517 495 4570 καὶ
520 4517 579 4579 ὃς
610 4515 867 4568 ἁπάντων
918 4513 1170 4581 δεσπόζει
1191 4531 1204 4546 ·
1278 4535 1297 4569 ι
1322 4517 1403 4572 Τὰ
1428 4516 1538 4588 γὰρ
1578 4519 1699 4589 σύμ·

1899 4521 2016 4576 ania
2045 4530 2205 4586 sunt,
2263 4533 2318 4576 et
2356 4522 2448 4592 qui
2482 4523 2740 4578 omnibus
2769 4523 3124 4577 dominatur:
3162 4539 3181 4572 ι
3215 4519 3418 4576 Omnia

182 4620 328 4659 παντα
361 4609 521 4661 δοῦλα
555 4609 642 4662 σά.
673 4627 692 4660 ι

1751 4609 1787 4611 ⁷
1831 4612 1974 4668 enim
2002 4613 2250 4668 serviunt
2279 4614 2378 4670 tibi
2407 4615 2551 4670 ποθ’.
2582 4635 2598 4666 ι

237 4692 291 4759 β’.
315 4697 548 4768 Δευτέρᾳ
572 4698 630 4750 δὲ
650 4695 824 4762 τάξει,
879 4697 977 4752 καὶ
1013 4697 1236 4768 μεθέξει
1265 4697 1366 4769 τῆς
1388 4696 1616 4770 πρώτης
1639 4699 1726 4752 alo

1898 4706 1948 4760 2.
1979 4703 2185 4760 Ordine
2212 4707 2454 4761 secundo
2475 4717 2528 4762 et
2548 4708 2773 4762 relative
2806 4707 2874 4762 ad
2903 4723 3126 4763 causam
3153 4708 3417 4779 primam,

179 4783 294 4848 τίας,
344 4788 539 4857 λέγοιτ’
570 4787 638 4842 ἂν
693 4788 789 4842 καὶ
830 4789 936 4843 τῶν
969 4788 1276 4862 ἀνθρώπων
1319 4791 1526 4855 ἐκεῖνος
1575 4793 1698 4856 θεὸς

1899 4807 2039 4852 :etur
2079 4798 2364 4852 hominum
2404 4797 2548 4855 Dens
2585 4800 2694 4865 ille,
2719 4802 2814 4868 qui
2849 4801 2903 4856 in
2935 4810 3202 4871 quantum
3235 4800 3418 4870 possi-

181 4873 243 4938 ὃς,
271 4881 344 4948 ἐφ’
365 4883 489 4935 ὅσον
556 4883 676 4935 ἐστὶ
732 4882 982 4936 δυνατὸν⁸
1019 4886 1255 4956 γεννητῇ
1301 4885 1487 4953 φύσει,
1518 4886 1599 4948 εἰς
1631 4885 1700 4955 μί·

1895 4892 1935 4943 le
1966 4896 2051 4943 est
2069 4900 2280 4944 naturae
2311 4900 2510 4946 creata:
2533 4932 2548 4956 ,
2599 4907 2658 4948 se
2689 4907 2784 4963 per
2813 4891 3036 4949 virtutis
3081 4893 3414 4955 exercitium

185 4983 320 5038 μησιν
363 4975 576 5037 ἑαυτὸν,
629 4975 840 5046 ἀρετῶν
892 4975 1146 5044 ἀσκήσει,
1201 4975 1520 5030 διαπλάττοι
1557 4976 1696 5029 Θεοῦ

1923 4980 2286 5037 imitationem
2317 4981 2411 5037 Dei
2437 4983 2771 5040 conformat.
2806 4985 3021 5041 Etenim
3049 4988 3413 5057 quemadmo-

182 5060 270 5114 Καὶ
315 5065 436 5140 γὰρ,
489 5066 682 5139 ὥσπερ
737 5070 946 5137 κυρίως
994 5068 1094 5137 μέν
1133 5069 1282 5120 ἐστιν
1315 5069 1516 5136 ἀγαθὸν
1543 5069 1701 5138 ήθείς

1889 5085 1958 5121 un
2015 5070 2392 5140 principaliter
2433 5072 2638 5127 bonum
2689 5082 2773 5129 est
2825 5084 3022 5129 natura
3077 5076 3171 5130 illa
3221 5075 3408 5130 divina

183 5153 255 5205 καὶ
293 5164 591 5232 πανουργὸς
641 5161 837 5230 φύσις·
897 5161 1038 5214 κατὰ
1089 5160 1306 5232 μέθεξιν
1352 5161 1430 5226 δὲ,
1477 5160 1573 5214 καὶ¹
1613 5160 1702 5212 τῶπ

1889 5163 2075 5219 nnium
2137 5179 2321 5219 rerum
2381 5167 2662 5233 creatrix,
2764 5183 2862 5238 per
2927 5169 3408 5240 participationem

181 5243 445 5319 ἀνθρώπων
481 5293 498 5319 ,
559 5254 675 5307 ὅσοι
751 5252 1109 5325 διακαθάρσει
1171 5253 1288 5324 βίου
1352 5253 1451 5325 τῆς
1510 5253 1700 5307 ἐκεῖθει

1892 5267 1968 5307 ero
2026 5265 2081 5309 et
2144 5255 2223 5310 illi
2282 5257 2556 5326 homines,
2613 5258 2708 5330 qui
2764 5260 2832 5317 de
2895 5261 3004 5316 vita
3053 5259 3411 5317 mundiﬂcata

239 5405 340 5440 ’θ’θ’
365 5409 505 5466 Psal.
559 5427 745 5480 ειν-ιιι,
781 5415 884 5486 ξίιι.

1437 5529 1667 5586 VAle
1714 5531 2119 5590 LECTIONES.

269 5711 293 5754 (ι
314 5703 557 5765 Mendose
579 5725 679 5781 pro
701 5703 801 5774 εἷς.
833 5709 892 5765 G.
923 5709 1064 5766 Ilion.
1105 5706 1187 5777 εἷς
1221 5711 1352 5774 Θεὸς
1390 5718 1454 5766 τὰ
1484 5711 1627 5782 τρία.
