3846 6188
427 222 533 290 ΞΕἹ

1599 229 1864 292 ΡΠΟΤΠ
1891 234 2394 296 PATRIARCIL‘E
2421 237 2529 301 ΟΡ.

3559 221 3645 321 ιιι

426 348 707 404 radiorum
760 345 886 401 inde
931 343 1304 400 emanantium
1357 343 1570 418 fulgore
1613 347 1956 403 illustrantur

2106 349 2323 414 ἀκτῖνος
2349 350 2761 424 ἐνηυγάσθησαν
2797 354 2898 421 τὰς
2945 361 3319 431 μαρμαρυγὰς
3340 371 3388 431 ι’,
3419 363 3551 422 οὕτω
3570 361 3648 424 καὶ

427 441 505 494 ita
554 448 607 494 ct
639 439 778 493 Deus
834 453 942 491 non
999 445 1208 491 tantum
1240 446 1326 490 est
1349 437 1437 491 illa
1477 449 1692 503 natura,
1724 454 1842 508 quae
1870 455 2004 494 cun-

431 533 535 587 ctis
565 532 901 593 dominatur,
937 539 989 585 et
1032 545 1128 599 pro
1166 538 1437 600 potestate
1499 533 1766 602 imperat;
1821 533 1916 588 scd
1949 541 2003 588 et

431 623 682 677 homines
728 623 912 677 videre
963 633 1015 676 ct
1052 621 1210 676 istius
1262 623 1645 693 appellationis
1677 624 1995 694 participes.

432 715 582 769 Sethi
618 715 762 767 enim
794 714 937 767 ﬁlius
969 713 1111 769 Enos
1140 713 1307 782 hujus
1335 715 1574 774 nominis
1605 715 1818 768 titulum
1851 731 2001 770 assc-

427 816 587 862 cutus
616 817 700 861 cst
732 827 744 860 :
780 808 861 859 vir
896 808 965 860 ob
996 817 1340 877 potestatem,
1394 815 1448 862 et
1471 807 1540 861 ob
1567 823 1780 861 morum
1809 809 1998 878 probi-

427 909 590 953 tatem
623 899 946 959 honoratus,
994 916 1088 971 per
1119 901 1240 953 illos
1286 898 1380 969 qui
1413 909 1543 953 tunc
1569 899 1843 962 vivebant,
1901 900 1995 955 Dei

428 991 666 1047 nominis
704 990 1113 1063 appellatione;
1150 1005 1180 1043 a
1205 1004 1316 1060 quo
1370 988 1568 1058 posteri
1613 1005 1805 1045 omnes
1837 989 1910 1048 dii
1945 998 1996 1043 et

424 1081 650 1134 deorum
678 1081 771 1135 lilii
801 1082 1138 1143 dicebantur,
1192 1090 1252 1134 ut
1279 1079 1479 1134 alicubi
1512 1081 1742 1138 habetur
1772 1097 1787 1136 :
1849 1100 1868 1134 ι
1903 1081 1996 1137 Vi-

422 1174 611 1228 dentes
662 1186 840 1227 autem
903 1173 994 1227 lilii
1049 1172 1138 1225 Dei
1171 1172 1307 1226 tilias
1339 1173 1648 1236 hominum,
1681 1175 1827 1245 quod
1867 1175 1991 1246 pul-

422 1265 568 1318 chrae
592 1275 791 1326 essent,
825 1273 1237 1330 assumpsernnt
1269 1277 1468 1317 uxores
1495 1264 1598 1318 sibi
1633 1265 1703 1320 ab
1722 1264 1993 1322 "omnibus

420 1367 556 1420 quas
583 1353 926 1420 clegcrant‘.
969 1371 986 1403 ι
1036 1350 1201 1406 Filios
1263 1350 1354 1406 Dei
1405 1368 1500 1409 eos
1549 1355 1758 1409 scilicet
1815 1365 1988 1423 vocat,

419 1443 510 1511 qui
561 1443 628 1496 de
680 1442 825 1498 Eoos
869 1447 1346 1514 propagabantur;
1396 1447 1490 1516 qui
1548 1463 1643 1516 per
1692 1449 1986 1504 coitionem

417 1549 540 1586 cum
601 1536 834 1603 posteris
884 1537 1015 1591 Cain
1085 1554 1256 1608 genus
1303 1539 1703 1608 adulterabaut,
1762 1550 1817 1596 et
1861 1559 1986 1598 cum

417 1626 524 1679 illis
585 1627 638 1680 in
703 1629 1034 1698 impietatem
1109 1640 1162 1683 et
1209 1631 1614 1700 improbitatem
1660 1635 1987 1690 commisce-

2105 439 2258 508 Θεὸς,
2285 443 2344 496 οὑ
2377 443 2538 514 μόνον
2565 447 2597 516 ἡ
2630 447 2852 500 πάντων
2906 449 3242 514 δεσπόζουσα
3294 457 3388 508 καὶ
3411 459 3648 524 κατεξουο

2106 531 2364 596 σιάζουσα
2429 535 2610 605 φύσις,
2663 536 2797 592 ἀλλά
2847 543 2941 593 καὶ
2992 543 3118 604 τοὺς
3155 543 3471 614 ἀνθρώπους
3502 548 3638 604 ἔστιν

2106 624 2233 678 ιδεϊν
2261 624 2464 696 ταύτης
2508 626 2845 698 ἠξιωμένους
2887 630 2990 700 τῆς
3020 631 3335 701 ὀνομασίας.
3369 637 3574 705 Πρῶτος
3597 640 3645 693 δὲ

2100 715 2200 783 τῆς
2246 714 2494 787 κλήσεως
2519 718 2778 788 τυγχάνει
2806 721 2834 772 ό
2855 721 2948 774 τοῦ
2991 723 3098 792 Σὴθ
3127 727 3258 788 παῖς
3293 726 3459 790 Ἐνώς
3506 730 3644 800 ἀνὴρ,

2099 805 2164 858 δι’
2190 806 2473 860 εὑσέϐειαν
2505 809 2598 861 καὶ
2626 810 2972 882 χρηστότητα
3000 814 3238 884 τρόπων,
3272 815 3376 868 ὑπὸ
3405 817 3508 870 τῶν
3539 820 3644 872 τότε

2098 897 2420 968 ἀνθρώπων,
2454 902 2520 971 τῇ
2547 900 2640 954 τοῦ
2669 899 2815 956 θείου
2863 905 3052 976 κλήσει
3092 909 3457 978 τετιμημένος
3482 925 3495 940 ⁸
3520 911 3572 978 ἐξ
3592 907 3642 967 οὗ

2099 991 2278 1043 καὶτὸ
2309 991 2465 1058 γένος
2523 990 2669 1045 ἅπαν
2717 994 2830 1047 θεοί
2881 1013 2939 1049 τε
2991 997 3087 1049 καὶ
3121 997 3260 1050 θεῶν
3298 1001 3483 1062 παῖδες
3533 1002 3646 1056 ὠνο-

2100 1082 2388 1152 μάσθησαν
2405 1070 2480 1148 ἶ·¹,
2515 1083 2658 1136 καθά
2676 1084 2777 1138 πού
2797 1104 2982 1157 φησιν,
3001 1108 3020 1140 ‹
3045 1089 3266 1152 Ἰδόντες
3292 1090 3349 1143 δὲ
3369 1093 3417 1144 oi
3443 1094 3540 1145 uio‘.
3563 1096 3641 1145 τοῦ

2095 1173 2230 1226 Θεοῦ
2310 1175 2409 1238 τὰς
2465 1177 2776 1250 Θυγατέρας
2827 1179 2934 1232 τῶν
3001 1179 3332 1252 ἀνθρώπων.
3382 1183 3460 1236 ὅτι
3504 1185 3643 1238 καλαί

2095 1267 2266 1330 είσιν,
2313 1266 2506 1321 ἔλαϐον
2558 1271 2771 1334 ἑαυτοῖς
2819 1273 3085 1338 γυναῖκας
3114 1311 3130 1337 ,
3181 1272 3292 1325 ἀπὸ
3351 1274 3532 1326 πασῶν
3579 1270 3642 1328 ὧν

2093 1353 2420 1420 ἐξελέξαντο.
2449 1376 2467 1408 ι
2520 1360 2685 1422 Υίοὺς
2737 1359 2844 1430 γὰρ
2869 1361 3000 1413 Θεοῦ
3029 1362 3272 1432 δηλονότι
3305 1363 3434 1424 τοὺς
3481 1365 3538 1416 ὲκ
3562 1366 3638 1418 τοῦ

2107 1446 2266 1511 Ἐνὼς
2298 1449 2512 1516 φύντας
2555 1450 2830 1503 ἐκάλεσεν·
2863 1451 2913 1503 οἳ
2935 1455 3054 1514 ταῖς
3073 1454 3136 1504 ἐκ
3159 1451 3251 1505 τοῦ
3283 1453 3424 1506 Κάἳν
3447 1453 3638 1524 ὡμιλη-

2092 1536 2266 1600 κότες,
2316 1540 2377 1592 τό
2413 1557 2478 1593 τε·
2504 1540 2661 1606 γένος
2707 1539 3018 1604 ἐνόϐευσαν,
3051 1542 3144 1593 καὶ
3177 1543 3256 1603 εἰς
3287 1541 3534 1594 ἀσέϐειαν
3561 1545 3639 1598 καὶ

2090 1626 2310 1692 κακίαν,
2367 1628 2768 1698 συναλίσθησαν
2787 1636 2833 1682 ⁸.
2875 1614 3110 1700 Τδγάρ
3173 1630 3355 1700 λέγειν
3402 1633 3640 1700 ἀγγέλους

413 1715 633 1769 bantur.
691 1718 975 1772 Allirmare
1029 1721 1172 1773 enim
1227 1721 1374 1790 quod
1433 1723 1608 1792 angeli
1645 1723 1983 1794 incorporeas

2090 1715 2296 1780 πεσεῖν,
2325 1717 2426 1786 τὴν
2485 1715 2775 1786 ἀσώματον
2805 1717 2990 1785 φύσιν,
3023 1721 3102 1782 είς
3133 1719 3346 1790 ἔρωτας
3369 1723 3635 1788 γυναικῶν,

412 1807 662 1860 essentia:
697 1806 749 1859 in
781 1808 1068 1862 mulierum
1109 1825 1351 1864 amorem
1376 1811 1685 1877 inciderint,
1719 1823 1802 1869 est
1823 1830 1984 1870 exor-

413 1895 591 1952 bitare
631 1900 683 1952 in
715 1899 993 1955 l'abulosas
1035 1902 1299 1968 quasdam
1351 1903 1733 1971 cogltatloncs,
1786 1923 1887 1962 nec
1915 1909 1985 1964 ab

411 1991 563 2045 omni
633 1991 906 2061 impietate
972 2004 1228 2049 remotas.
1300 1996 1562 2062 Quocirca
1631 1997 1844 2054 deducti
1916 2002 1984 2056 ab

415 2083 582 2136 Enosi
625 2098 847 2152 genere,
901 2095 953 2137 et
1005 2084 1092 2137 alii
1135 2085 1382 2154 quilibet,
1437 2089 1528 2156 qtti
1564 2097 1623 2142 ut
1655 2092 1899 2146 moribus
1930 2103 1984 2145 et

414 2175 830 2229 conversatione
881 2175 988 2229 Deo
1038 2178 1262 2246 propius
1309 2177 1659 2244 accederent,
1718 2180 1985 2238 dederunt

413 2281 630 2335 operam
674 2285 686 2320 :
719 2268 846 2336 quin
880 2269 1104 2324 ulterius
1149 2282 1195 2324 et
1233 2276 1564 2344 quicumque
1621 2276 1686 2330 ad
1719 2276 1982 2332 honorem

409 2359 688 2428 justorum
725 2359 994 2428 judicum,
1046 2372 1143 2416 aut
1188 2365 1496 2438 princjpum
1531 2369 1850 2436 dignitatem
1883 2371 1984 2425 ad-

413 2447 789 2512 mittebantur,
815 2449 890 2502 illi
920 2466 1111 2505 onmes
1148 2452 1236 2506 Dci
1267 2455 1482 2510 titulum
1515 2461 1982 2527 assequebantur:

417 2555 448 2614 ι¹
475 2538 613 2592 Deus
659 2539 880 2594 deorum
907 2581 921 2604 ,
957 2543 1160 2612 inquit,
1214 2545 1429 2602 locutus
1460 2557 1584 2604 est:
1621 2570 1638 2602 ι
1693 2560 1783 2617 et,
1821 2570 1839 2603 ι
1877 2552 2002 2621 Εᾳο

411 2612 522 2677 dixi
554 2626 695 2692 quod
721 2628 793 2680 dii
829 2630 979 2693 estis,
1031 2639 1085 2684 ct
1131 2631 1222 2684 ﬁlii
1271 2634 1536 2690 Altissimi
1577 2612 1810 2699 omnes:
1849 2659 1869 2693 ι
1903 2612 1979 2706 et,

418 2733 436 2764 ι
452 2713 591 2769 Deus
611 2717 760 2771 stetit
787 2719 838 2771 in
869 2722 1288 2791 congregatione
1305 2725 1552 2794 deorum;
1568 2749 1585 2780 ι
1609 2739 1713 2792 et,r
1738 2732 1796 2784 In
1812 2733 1988 2788 medio

410 2805 552 2859 inter
579 2807 710 2862 deos
730 2809 1084 2879 disecptabit'
1113 2831 1126 2866 :
1158 2833 1176 2865 ι
1208 2823 1280 2880 et,
1314 2835 1332 2867 r
1367 2815 1477 2872 Diis
1510 2835 1614 2874 non
1651 2821 1942 2879 maledices
1969 2863 1985 2888 ,

409 2911 509 2949 nec
547 2898 612 2950 de
649 2899 892 2969 principe
942 2903 1125 2971 populi
1156 2903 1228 2956 tui
1275 2905 1518 2976 improbe
1546 2908 1785 2978 loqueris
1817 2911 1859 2964 ³.
1897 2931 1914 2962 ι
1945 2913 1987 2966 E

409 2989 608 3055 quibus
667 2991 828 3046 dictis
859 3005 1104 3062 apparet,
1133 2998 1277 3065 quod
1309 2998 1440 3054 deos
1495 3002 1674 3056 divina
1706 3001 1988 3072 Scriptura

410 3079 627 3133 virtutis
689 3095 936 3139 amantes
987 3097 1037 3139 et
1065 3085 1296 3156 justitim
1325 3091 1676 3148 administros
1706 3105 1881 3149 vocat.

481 3175 534 3226 5.
573 3173 669 3228 Est
715 3186 770 3230 et
811 3177 1030 3231 tertium
1079 3179 1145 3233 ad
1207 3182 1322 3236 brec
1369 3184 1758 3251 significatum,
1819 3188 1982 3243 modo

409 3268 645 3333 qundam
666 3284 788 3322 cum
815 3275 1058 3324 secundo
1085 3274 1462 3342 conjunctum,
1493 3286 1546 3330 et
1576 3280 1983 3347 quodammodo

412 3357 578 3412 latius
648 3368 976 3426 separatum,
1038 3361 1190 3431 juxta
1294 3367 1442 3434 quod
1520 3366 1700 3424 Moses
1783 3372 1984 3427 dicitur

419 3464 436 3494 ι
483 3445 784 3500 Pharaonis
821 3445 960 3501 Deus
990 3448 1011 3480 ⁸
1041 3467 1054 3502 :
1088 3469 1106 3501 ι
1152 3456 1244 3521 qui
1277 3453 1490 3508 dicendi
1530 3459 1722 3512 modus
1753 3461 1822 3516 ab
1851 3475 1982 3516 ana-

413 3533 549 3600 logia
585 3535 830 3603 procedit
865 3556 878 3591 :
924 3553 1047 3591 nam
1083 3549 1139 3592 ιιι
1169 3539 1310 3596 Deus
1339 3543 1476 3598 dixit
1506 3543 1637 3600 Mosi
1672 3564 1685 3601 :
1719 3567 1737 3599 ι
1773 3549 1984 3619 Projice

413 3623 645 3691 virgam,
683 3624 736 3678 in
764 3628 1234 3686 conﬁrmationem
1265 3648 1452 3688 eorum
1485 3652 1608 3706 qua:
1634 3641 1981 3697 mandaban-

414 3721 537 3780 tur;
564 3732 582 3765 ι
613 3715 692 3769 sic
720 3717 920 3772 Aaroni
949 3721 1130 3777 Moses
1158 3721 1444 3794 imperavit
1469 3728 1733 3797 projicere
1752 3731 1980 3801 virgam,

415 3814 472 3857 ut
499 3806 954 3864 confirmarentur
988 3829 1107 3882 qua:
1157 3817 1395 3872 minatus
1450 3817 1672 3874 fuerat:
1725 3829 1779 3877 et
1805 3821 1982 3878 Moses

409 3895 610 3951 divinis
645 3903 933 3969 praeceptis
958 3904 1219 3971 parebat;
1255 3906 1436 3961 Aaron
1469 3909 1741 3967 Mosaicas
1773 3913 1981 3982 jussio-

411 4004 504 4041 izcs
569 3990 896 4059 adimplcbat
953 4011 1143 4049 versus
1212 3995 1594 4066 Pharaonem,
1663 4004 1982 4074 ﬂagellando

409 4095 603 4152 nempe
639 4083 953 4155 JEgyptum,
997 4097 1051 4142 et
1080 4091 1355 4159 prooheta:
1401 4106 1580 4162 partes
1609 4112 1736 4168 erga
1769 4098 1978 4163 Mosen,

409 4177 866 4240 quemadmodum
951 4180 1043 4236 ille
1105 4199 1231 4253 ergt
1305 4187 1494 4240 Demn.
1540 4187 1812 4252 Quocirca
1871 4207 1980 4245 non

409 4265 656 4320 absolute
686 4266 824 4323 Deus
850 4271 1048 4327 dicitur
1101 4273 1298 4340 Moses,
1352 4279 1445 4332 sed
1487 4276 1785 4339 Pharaonis
1821 4281 1978 4338 Deus.

409 4353 602 4411 Omnia
648 4361 793 4415 enim
851 4361 977 4418 fecit
1018 4365 1070 4418 in
1115 4382 1240 4422 cum
1293 4380 1550 4438 tanquam
1599 4373 1666 4426 de
1717 4376 1970 4432 absoluta

2087 1805 2361 1859 πεσόντων
2391 1810 2562 1872 ἐστὶν,
2593 1810 2670 1871 ὡς
2696 1808 2932 1880 ἀληθῶς,
2965 1813 3047 1875 είς
3103 1811 3372 1882 μυθώδεις
3428 1815 3517 1867 καὶ
3536 1816 3637 1868 οὐδὲ

2085 1899 2524 1968 κεχωρισμένους
2577 1900 2671 1953 τοῦ
2701 1901 2923 1955 ἀσεϐεῖν
2985 1902 3300 1972 λογισμούς.
3339 1905 3426 1970 Ἐξ
3449 1905 3634 1959 ἐκείνου

2083 1989 2373 2059 τοιγαροῦν
2409 1991 2504 2044 τοῦ
2554 1993 2764 2059 γένους,
2833 1993 2929 2048 καὶ
2978 1993 3088 2047 τῶν
3121 1993 3301 2048 ἀλλων
3334 1995 3632 2063 ἀνθρώπων,

2084 2081 2197 2134 ὅσοι
2251 2083 2320 2136 δι’
2393 2084 2714 2155 ἐπιμελείας
2766 2088 2912 2157 ἠθῶν
2973 2087 3050 2157 τῷ
3103 2087 3221 2158 Θεῷ
3281 2089 3636 2158 προσεγγίζειν

2085 2174 2463 2244 ἐμελέτησανο
2521 2179 2609 2231 ναὶ
2665 2179 2730 2248 δὴ
2783 2183 2876 2234 καὶ
2931 2180 3078 2244 ὅσοις
3139 2182 3220 2242 εἰς
3280 2181 3497 2248 ἀξίωμα
3543 2183 3634 2234 τῶν

2085 2263 2308 2317 δικαίων
2336 2265 2540 2336 κριτῶν
2568 2269 2808 2322 ἀνελθεῖν
2857 2269 2953 2324 καὶ
2981 2270 3262 2341 ἀρχόντων
3296 2270 3446 2336 τάξιν
3471 2270 3633 2340 ἐξεγέ-

2086 2372 2226 2419 νετο,
2275 2351 2420 2410 οὑτοι
2457 2359 2661 2421 πάντες
2715 2362 2816 2432 τῆς
2845 2362 2997 2424 θείας
3021 2363 3274 2433 κλήσεως
3299 2365 3630 2434 τετυχήκασι·

2093 2467 2112 2500 ι
2135 2447 2266 2512 Θεὸς
2290 2448 2418 2520 γὰρ,
2445 2451 2599 2520 φησι,
2620 2450 2758 2506 θεῶν
2789 2453 2992 2525 Κύριος
3023 2454 3274 2524 ἐλάλησεο
3297 2475 3315 2506 ι
3343 2455 3454 2520 καὶ,
3477 2475 3495 2507 ι
3515 2455 3634 2525 Ἐγὼ

2087 2535 2237 2605 εἶπα,
2265 2540 2378 2594 θεοί
2410 2543 2555 2607 ὲστε,
2591 2543 2685 2596 καὶ
2718 2545 2824 2598 υίοϊ
2837 2546 3093 2617 Ὑψίστου
3121 2550 3347 2614 πάντεςυ
3372 2571 3389 2603 ι
3419 2551 3525 2612 καὶ,
3551 2569 3569 2601 ι
3588 2551 3634 2602 '0

2087 2632 2219 2696 Θεὸς
2238 2634 2366 2705 ἔστη
2397 2635 2454 2688 ὲν
2497 2640 2786 2709 συναγωγῇ
2835 2638 2974 2692 θεῶν
3000 2657 3014 2670 ⁸
3042 2661 3060 2692 ι
3091 2642 3206 2710 καὶ,
3242 2663 3262 2695 ι
3303 2645 3392 2697 Ἑν
3426 2644 3562 2714 μέσῳ
3589 2643 3635 2696 δὲ

2088 2725 2244 2789 θεοὺς
2285 2727 2588 2797 διακρινεῖ·
2617 2749 2635 2781 ›
2706 2732 2822 2796 καὶ,
2864 2751 2882 2783 ι
2907 2732 3074 2796 Θεοὺς
3127 2735 3190 2787 οὐ
3250 2737 3632 2805 κακολογήσεις,

2089 2819 2181 2870 καὶ
2211 2819 2449 2890 ἄρχοντα
2496 2821 2588 2875 τοῦ
2612 2823 2741 2877 λαοῦ
2798 2841 2891 2877 σου
2921 2826 3020 2878 οὑκ
3059 2827 3206 2897 ἐρεῖς
3245 2829 3455 2891 κακῶς.
3488 2830 3636 2899 Δῆλον

2088 2909 2197 2981 γὰρ
2220 2912 2284 2963 ἐκ
2323 2911 2433 2964 τῶν
2475 2914 2802 2985 εἰρημένων,
2863 2919 2946 2970 ὅτι
2998 2917 3155 2982 Θεοὺς
3205 2920 3240 2990 ἡ
3303 2920 3422 2974 θεία
3465 2921 3635 2992 Γραφὴ

2093 3004 2222 3065 τούς
2247 3021 2307 3058 τε
2332 3005 2432 3075 τῆς
2456 3007 2658 3078 ἀρετῆς
2685 3007 2890 3077 φίλους,
2920 3009 3014 3064 καὶ
3040 3011 3166 3073 τοὺς
3195 3011 3296 3081 τῆς
3326 3011 3479 3081 δίκης
3501 3011 3637 3066 καλεῖ

2017 3096 2058 3151 C
2095 3099 2394 3168 ὑπηρέτας.

2154 3195 2223 3258 γ’.
2253 3191 2409 3244 Ἔστι
2440 3191 2497 3244 δὲ
2525 3193 2618 3245 καὶ
2641 3191 3012 3265 τρίτον,παρά
3037 3196 3233 3259 ταῦτα,
3262 3197 3638 3268 σημαινόμενον

2083 3279 2270 3352 τρόπῳ
2323 3283 2422 3353 μέν
2464 3299 2570 3336 τινι
2629 3285 3035 3356 συναπτόμενον
3061 3328 3075 3350 ,
3135 3288 3329 3358 τρόπῳ
3360 3289 3415 3341 δὲ
3459 3288 3636 3340 πλείονι

2082 3370 2456 3442 διαιρούμενον
2511 3376 2795 3447 δευτέροψ
2831 3379 2952 3432 καθ’
2975 3379 3002 3430 ὃ
3026 3379 3227 3433 δίδοται
3277 3381 3476 3447 Μωσῆς
3532 3378 3636 3440 Θεὸς

2084 3456 2224 3514 εἶναι
2271 3464 2491 3533 Φαραώ.
2530 3465 2627 3535 Εῐη
2657 3467 2704 3520 δ’
2737 3468 2802 3521 ἂν
2828 3471 2857 3522 ὁ
2889 3471 3090 3540 τρόπος
3149 3466 3329 3535 οὗτος,
3369 3474 3463 3542 τῆς
3486 3487 3634 3543 προσ-

2081 3553 2330 3624 ηγορίας,
2366 3555 2425 3619 ἐξ
2457 3556 2747 3626 ἀναλογίας
2798 3561 3149 3631 εἰλημμένος.
3179 3564 3294 3616 Καὶ
3319 3564 3446 3634 γὰρ,
3473 3564 3636 3631 ὥσπερ

2081 3645 2214 3708 Θεὸς
2258 3647 2594 3717 ἐχρημάτιζε
2657 3651 2852 3722 Μωσῇ,
2880 3671 2898 3704 ι
2931 3652 3112 3722 Ῥίψαι
3166 3655 3268 3716 τὴν
3307 3655 3513 3725 ῥάϐδον,
3569 3657 3635 3716 εἰς

2083 3735 2346 3791 πίστωσιν
2374 3740 2482 3792 τῶν
2511 3740 2960 3810 ἐπηγγελμένων
2997 3761 3016 3794 ι
3053 3741 3194 3796 οὕτω
3215 3745 3423 3813 Μωσῆς
3451 3743 3634 3813 Ἀαρὼν

2084 3826 2336 3880 ἐκέλευσε
2387 3831 2604 3899 ῥίπτειν
2659 3831 2758 3902 τὴν
2835 3833 3031 3903 ῥάϐδον
3062 3871 3078 3896 ,
3129 3835 3209 3896 εἰς
3271 3834 3493 3888 ἔκϐασιν
3537 3832 3632 3886 τῶν

2083 3919 2508 3990 ἀπειλουμένων.
2561 3926 2670 3977 Καὶ
2720 3927 2923 3994 Μωσῆς
2976 3926 3074 3994 μὲν
3106 3927 3436 3996 ὑπηρετεῖτο
3487 3943 3633 3998 προσ-

2083 4012 2327 4083 τάγμασι
2379 4015 2515 4068 Θεοῦ
2535 4033 2550 4048 ·
2595 4016 2805 4086 Ἀαρὼν
2834 4018 2889 4069 δὲ
2919 4018 3162 4080 Μωσέως
3216 4017 3516 4091 ἐξεπλήρου
3548 4017 3631 4081 τὰς

2085 4103 2307 4168 ἐντολὰς
2351 4108 2432 4170 είς
2479 4107 2698 4176 Φαραὼ,
2747 4109 3024 4178 μαστίζων
3075 4113 3175 4182 τὴν
3240 4111 3526 4181 Αἴγυπτον,
3556 4109 3634 4161 καὶ

2084 4197 2372 4267 προφήτης
2415 4199 2432 4234 ι
2475 4199 2759 4267 γινόμενος
2817 4200 3105 4269 τάδελφοῦ,
3175 4203 3234 4256 ὃν
3284 4205 3488 4266 ἐκεῖνος
3531 4199 3637 4270 τρό-

2086 4304 2186 4339 πον
2212 4288 2421 4355 ὲγίνετο
2449 4289 2542 4342 τοῦ
2575 4288 2732 4342 Θεοῦ.
2763 4289 2843 4342 Δι’
2867 4290 2896 4343 ὃ
2920 4293 3042 4346 οὐδὲ
3075 4293 3193 4356 θεὸς
3221 4296 3425 4364 Μωσῆς
3452 4292 3633 4354 ἀπλῶς,

2087 4379 2223 4433 ἀλλά
2261 4382 2396 4447 θεὸς
2453 4383 2679 4450 εῖπηται
2732 4382 2962 4450 Φαραώ.
3021 4385 3202 4438 Πάντα
3243 4387 3352 4457 γὰρ
3397 4387 3634 4456 ἔπραττεν

409 4458 693 4516 potestate,
761 4455 1178 4513 administrante
1233 4459 1279 4512 ei
1334 4461 1571 4518 Araone.
1637 4463 1740 4524 Sed
1806 4464 1969 4532 hujus

2090 4471 2157 4531 εἰς
2175 4469 2356 4536 αὑτὸν,
2397 4470 2585 4541 ὥσπερ
2617 4470 2952 4544 αὑτεξιυσίῳ
2987 4477 3180 4546 κράτει
3217 4477 3633 4547 ὑπηρετουμένου

408 4540 792 4607 app-llationis
844 4547 1039 4602 modus
1095 4551 1365 4628 particeps
1411 4562 1496 4607 est
1540 4556 1665 4625 ejus
1713 4560 1804 4628 qui
1853 4573 1982 4617 ante

413 4627 511 4682 fuit
533 4649 546 4688 :
568 4637 780 4702 etquod
802 4637 868 4692 de
888 4641 1104 4695 homine
1125 4625 1438 4714 usurpetur,
1460 4657 1511 4704 ct
1531 4649 1675 4716 quod
1696 4625 1762 4704 de
1785 4651 1982 4708 virtute

410 4721 688 4788 przrditis;
752 4728 1090 4786 multimodis
1147 4743 1326 4790 autem
1380 4739 1566 4794 differt
1612 4741 1716 4795 :iu
1787 4744 1982 4812 primis

410 4811 555 4878 quod
592 4820 971 4884 appropriatus
999 4821 1155 4890 Mosi,
1191 4826 1364 4895 ipsius
1395 4830 1484 4897 lit;
1538 4847 1637 4887 nec
1661 4842 1765 4899 est,
1791 4847 1849 4887 ιιι
1885 4835 1976 4891 ille

411 4900 566 4966 alter,
599 4911 942 4977 communis;
974 4917 1188 4983 etquod
1217 4918 1286 4972 ibi
1313 4919 1454 4975 Deus
1479 4923 1745 4990 absolute,
1787 4935 1842 4980 et
1863 4942 1972 4982 non

412 4990 649 5062 alicujus
685 4994 825 5051 Deus
873 5000 1103 5068 dicitur,
1147 5008 1243 5074 qui
1288 5010 1503 5064 titulum
1547 5014 1650 5068 sibi
1685 5015 1970 5071 vindicet:

411 5081 503 5136 hic
531 5095 712 5136 autem
745 5103 775 5140 e
809 5093 1089 5148 contrario
1121 5094 1259 5149 Deus
1294 5097 1590 5158 Pharaonis
1617 5106 1973 5164 nominatur:

2083 4559 2174 4613 τοῦ
2211 4562 2443 4633 Ἀαρών.
2488 4563 2650 4616 Ἀλλά
2680 4569 2929 4619 κοινωνεῖ
2959 4567 3058 4635 μὲν
3085 4559 3239 4630 οὗτος
3267 4569 3367 4635 τῆς
3409 4567 3632 4637 κλήσεως

2083 4652 2112 4702 ὁ
2133 4652 2329 4722 τρόπος
2370 4653 2450 4723 τῷ
2486 4655 2591 4725 πρὸ
2623 4657 2793 4710 αὑτοῦ
2814 4674 2830 4689 ο
2875 4657 2954 4727 τῷ
2983 4675 3043 4734 τε
3077 4659 3164 4711 ἐπ’
3216 4657 3498 4731 ἀνορῴπου
3556 4654 3634 4707 καὶ

2082 4741 2287 4812 ταύτην
2316 4745 2610 4806 τεθεῖσθαι,
2645 4748 2739 4800 καὶ
2761 4747 2862 4817 τῷ,
2893 4748 3110 4818 ἔχοντος
3133 4750 3338 4819 ἀρετήν
3360 4767 3375 4780 ·
3405 4746 3631 4815 διαφέρει

2082 4831 2141 4884 δε
2175 4833 2355 4897 ἄλλοις
2380 4851 2441 4889 τε
2473 4836 2717 4900 πολλοῖς·
2747 4840 2864 4891 καὶ·
2898 4840 3002 4904 ὅτι,
3029 4842 3061 4910 ἡ
3095 4843 3195 4911 μὲν
3257 4838 3626 4907 ὲξιδιωσαμένη

2080 4927 2306 4998 Μωσῆν,
2337 4929 2502 4982 αὑτοῦ
2530 4930 2760 5000 γίνεται·
2793 4934 2887 4985 καὶ
2915 4933 3014 4986 οὑκ
3038 4934 3208 4998 ἔστιν,
3241 4934 3428 5004 ὥσπερ
3449 4933 3629 4999 ἐκείνη,

2086 5020 2261 5089 κοινή’
2292 5021 2386 5073 καὶ
2415 5022 2518 5084 ὅτι,
2555 5025 2672 5074 ἐκεῖ
2695 5020 2794 5091 μὲν
2825 5024 2949 5088 θεὸς
2974 5025 3188 5090 ἁπλῶς,
3227 5026 3318 5079 καὶ
3341 5025 3458 5096 οὑχί
3484 5037 3629 5083 τινος,

2083 5112 2112 5163 ό
2157 5110 2254 5182 τὴν
2306 5113 2500 5183 κλῆσιν
2554 5115 2842 5181 ὑπελθὼν,
2903 5118 3193 5172 amas/39:0
3223 5135 3238 5148 ·
3308 5115 3539 5172 ἐνταῦθα
3583 5113 3630 5165 δὲ

482 5245 498 5275 ¹
533 5242 668 5299 Gen.
700 5263 775 5312 vt,
816 5248 871 5302 2.
951 5252 972 5283 ⁸
1002 5251 1148 5308 Psal.
1179 5272 1383 5326 LMXII,
1432 5261 1543 5316 1-6.
1639 5265 1660 5296 ³
1688 5263 1860 5320 Exod.
1915 5284 1981 5321 xx

2090 5269 2177 5324 28.
2253 5269 2276 5303 ‘
2305 5269 2475 5328 Exod.
2504 5290 2600 5341 vu,
2637 5275 2688 5330 i.

1684 5419 1917 5476 VARIJE
1958 5421 2366 5482 LECTIONES.

522 5496 717 5582 τ’ταξς
746 5505 1156 5582 μαρμαρυγαῖς.
1195 5503 1258 5559 (ἶ.
1308 5505 1378 5582 Μ.
1419 5508 1553 5582 ,τὰς’
1591 5512 1980 5582 μαρμαρυγὰς.

413 5572 437 5600 ι
465 5562 598 5644 Cod:
645 5562 787 5622 Mori.
817 5562 1245 5644 ὀύνώλίσΟη-σαν.

411 5635 710 5707 προφήτηςο

2098 5520 2142 5595 ξ·
2192 5516 2306 5571 Hae
2359 5517 2442 5595 de_
2480 5533 2537 5573 re
2584 5522 2930 5595 peculiariter
3007 5524 3309 5595 disputatur
3355 5515 3624 5595 q_,_CCb\'-

1362 5581 1377 5614 ί
1415 5579 1498 5632 ῐσ.
1533 5579 1833 5653 ὑποφήτης,
1866 5579 1918 5638 h.
1984 5600 2031 5640 c.
2093 5585 2488 5659 διερμηνευτής
2541 5579 2636 5645 aut
2694 5579 3342 5663 ﬁncrsraypévoEICUd.
3374 5579 3494 5648 'Klon
3539 5590 3627 5658 lcg-
