3798 6210
351 253 454 320 56Ἰ

1521 250 1788 313 ΡΗΟΤΙῙ
1815 252 2324 313 PATRIABCHIE
2357 253 2466 314 (ΞΡ.

3533 252 3631 315 568

306 440 308 443 ι
347 367 575 421 Creator
623 373 744 430 est,
799 361 893 434 qui
947 371 1174 434 superat
1223 379 1440 422 omnem
1487 368 1852 424 laudationem
1887 377 1941 422 et

2081 386 2146 440 ης
2178 369 2328 422 ἐστὶν
2359 369 2637 438 εὐφημίας
2674 369 2767 422 καὶ
2803 368 2959 438 δόξης
2994 368 3279 441 ὑπεράνω,
3307 371 3628 422 κατεσκέδαο

300 457 580 527 ξειιιτὶεηι
616 475 628 510 :
673 455 886 527 pebcati
921 468 1074 510 reatu
1113 465 1364 527 tenetur,
1404 460 1508 515 hoc
1555 471 1670 522 est,
1723 477 1938 530 pinnam

350 550 659 606 insolentiae
689 558 742 603 et
772 547 995 602 convitii
1031 549 1260 606 subibit.
1294 553 1396 620 Qui
1449 554 1501 608 id
1535 556 1678 624 quod
1713 571 1942 608 venera—

351 653 474 709 tur,
520 644 636 712 ipse
664 653 1007 705 exsecratur.
1049 657 1338 717 utramque
1373 655 1688 715 usurpatam
1725 645 1944 700 deitatis

351 735 699 790 vocationem
738 737 841 792 sibi
889 738 1251 808 assumpserit
1281 757 1294 792 :
1327 737 1533 807 duplici
1577 751 1735 806 poena
1760 778 1774 802 ,
1832 738 1944 790 imo

352 827 641 896 multiplici
673 829 928 887 subditus
961 833 1157 884 merito
1195 830 1320 892 erit,
1361 830 1455 899 qui
1494 829 1735 883 universi
1769 827 1944 883 factu-

354 937 494 986 rctn,
523 930 577 976 et
602 919 769 975 Deum
803 924 1106 978 maledictis
1129 923 1351 993 proluit,
1393 931 1446 976 et
1474 921 1945 978 exsecrationibus

354 1011 520 1067 audet
547 1027 882 1080 supponere.
920 1015 1100 1080 Quare
1129 1015 1354 1082 dignum
1396 1013 1526 1066 illud
1565 1013 1942 1082 blasphemum

354 1112 520 1172 caput
571 1113 688 1167 est,
732 1117 791 1157 ut
851 1105 1120 1174 lapidibus
1173 1105 1280 1159 vita
1312 1105 1580 1174 privetur,
1614 1105 1947 1163 lascivientis

357 1199 554 1268 liugum
584 1200 742 1255 luens
774 1199 1124 1269 supplicium.

426 1292 480 1347 6.
509 1291 687 1362 Atque
719 1290 792 1344 ita
826 1291 928 1345 hoc
969 1291 1179 1345 dictum
1228 1291 1655 1361 interpretantur
1681 1292 1945 1348 vetustio—

357 1398 465 1439 res.
499 1382 841 1438 Posteriores
869 1383 937 1436 ad
973 1383 1120 1439 hunc
1159 1383 1381 1438 modum
1413 1385 1736 1458 sententiam
1773 1386 1950 1456 expli-

356 1473 524 1527 can't:
570 1490 588 1524 ι
630 1473 824 1541 Homo,
869 1473 1115 1544 inquam,
1159 1473 1250 1543 qui
1292 1475 1396 1527 diis
1427 1475 1545 1530 suis
1585 1476 1946 1542 maledixerit,

354 1573 632 1632 peccatum
671 1565 944 1631 incurret;
984 1584 1003 1616 ι
1055 1573 1141 1619 εει
1175 1565 1309 1628 haec,
1344 1566 1418 1619 illi
1454 1566 1727 1636 inquiunt,
1762 1584 1857 1637 per
1887 1583 1948 1624 se

356 1655 515 1723 plana
545 1655 839 1710 sententia.
899 1655 1002 1722 Qui
1060 1655 1319 1709 nimirum
1354 1672 1541 1711 verum
1581 1656 1753 1712 Deum
1786 1675 1946 1714 exse-

351 1722 558 1814 cratur,
589 1755 684 1801 aut
715 1747 960 1818 alioquin
1014 1745 1070 1801 in
1123 1761 1248 1800 eum
1298 1747 1523 1815 insanit,
1571 1750 1779 1818 peccati
1821 1766 1946 1806 reus
1974 1722 2022 1780 B

349 1850 455 1903 cst,
489 1842 633 1911 quod
674 1841 730 1896 in
771 1839 1107 1896 ineluctabili
1147 1839 1419 1908 supplicio
1455 1842 1799 1897 terminatur.
1837 1841 1948 1898 Iloc

352 1943 536 1988 autem
577 1936 784 1989 dietutn
819 1949 834 1987 :
882 1951 901 1985 ι
940 1931 1149 1986 Nomen
1185 1931 1277 1986 Dei
1325 1931 1538 1986 Domini
1573 1935 1881 2002 nominans,
1922 1955 1940 1987 ι

353 2027 462 2081 tale
503 2027 825 2095 prohibetur
858 2041 980 2083 esse
1001 2023 1205 2078 Iudaeis
1237 2039 1435 2078 nomen
1477 2026 1591 2090 Dei,
1620 2037 1715 2080 aut
1747 2044 1842 2097 per
1868 2028 1948 2083 la-

353 2117 439 2171 bia
473 2118 730 2187 proferri,
768 2122 862 2174 sed
905 2117 1195 2180 indictum,
1225 2125 1278 2170 et
1320 2118 1461 2170 haud
1487 2118 1797 2189 cuicunque
1830 2135 1952 2188 pro—

354 2210 524 2264 latum
561 2213 847 2277 custodiri,
902 2210 1004 2265 nisi
1039 2211 1173 2263 solis
1218 2210 1594 2280 pontificibus,
1639 2212 1692 2265 in
1739 2214 1947 2267 cultum

356 2297 448 2352 Dei
481 2308 537 2353 et
565 2301 946 2355 reverentiam.
979 2297 1248 2364 Quocirca
1283 2315 1382 2354 nec
1429 2301 1627 2354 litteris
1655 2303 1795 2371 apud
1829 2303 1949 2358 illos

358 2390 572 2445 usitatis
625 2393 918 2457 scribitur,
961 2393 1054 2446 sed
1107 2393 1412 2462 peregrinis
1451 2402 1504 2446 ct
1537 2394 1767 2448 exoticis
1815 2395 1951 2450 cha-

359 2481 660 2536 racter-ibus
695 2482 902 2535 litteras
942 2481 1197 2550 ligarant,
1234 2483 1391 2552 quasi
1422 2483 1691 2554 symbolis
1719 2486 1951 2554 quibus-

356 2574 481 2626 dam
524 2575 804 2643 mysticis;
836 2584 960 2628 sunt
991 2584 1174 2630 autem
1209 2576 1403 2630 littera:
1437 2585 1693 2644 quatuor,
1727 2579 1870 2632 unde
1898 2587 1953 2633 ct

359 2673 847 2734 tctragrammaton
898 2666 1043 2735 apud
1090 2683 1186 2722 eos
1241 2679 1556 2736 usurpatur.
1611 2669 1753 2722 Idem
1783 2686 1948 2739 ergo,

360 2758 642 2826 inquiunt,
692 2757 836 2828 apud
865 2758 1087 2813 Judzeos
1120 2770 1272 2827 erat,
1305 2763 1574 2815 exsecrari
1599 2771 1647 2814 et
1681 2762 1954 2815 nominare

363 2850 555 2915 Deum,
587 2852 690 2905 hoc
729 2860 833 2916 est,
880 2870 1078 2908 nomen
1121 2855 1241 2923 ejus
1273 2852 1544 2908 ineffabile
1569 2870 1662 2923 per
1699 2853 1840 2908 labia
1885 2855 1952 2908 ad

360 2944 617 3013 profanas
643 2960 804 3002 aures
823 2949 1192 3004 transmittere
1217 2964 1229 2999 :
1257 2945 1512 3016 quocirca
1545 2957 1720 3000 morte
1749 2954 1955 3000 utrum-

359 3050 467 3104 que
499 3035 773 3091 luebatur.

435 3298 487 3352 7.
525 3303 704 3369 Atque
736 3299 1002 3356 hactenus
1025 3300 1136 3354 isti.
1173 3299 1345 3356 Porro
1368 3309 1550 3356 autem
1574 3317 1771 3357 nomen
1806 3304 1950 3359 istud

364 3407 532 3446 aureo
569 3392 812 3447 folliculo
846 3394 1203 3464 inscriptum,
1242 3406 1296 3449 et
1349 3395 1582 3450 vinculis
1623 3397 1952 3465 quibusdam

365 3482 432 3536 ad
473 3482 688 3537 filameu
729 3498 1004 3539 annexum
1035 3486 1366 3554 pontificale,
1417 3488 1616 3540 summi
1653 3490 1956 3547 sacerdotis

367 3574 598 3628 frontem
635 3574 867 3629 ornabat
925 3586 980 3632 et
1021 3578 1355 3632 custodiebat
1387 3592 1400 3631 :
1446 3593 1570 3631 nam
1609 3582 1953 3638 tremendum

365 3676 420 3722 et
469 3665 837 3722 venerandum
873 3667 1213 3724 intuentibus
1259 3668 1582 3723 videbatur:
1629 3671 1791 3726 simul
1826 3675 1957 3730 inti—

369 3760 572 3827 mabat,
611 3773 864 3834 oportere
895 3760 1209 3835 pontiﬁcem
1269 3775 1449 3822 mente
1485 3776 1745 3839 perpetuo
1782 3781 1953 3837 copu-

369 3853 467 3907 lari
497 3853 634 3920 'Deo,
670 3870 770 3911 nec
798 3856 866 3910 ab
895 3857 984 3910 illa
1017 3857 1175 3911 beata
1213 3860 1552 3915 connexione
1583 3861 1857 3917 divulsum
1889 3862 1958 3917 ad

371 3947 648 4001 terrestria
677 3956 731 4002 et
752 3948 981 4003 evanida
1021 3947 1243 4004 deferri.
1279 3949 1457 4019 Atque
1495 3952 1581 4029 ita
1618 3955 1745 4025 quid
1785 3956 1960 4010 inten-

367 4037 462 4092 dat
493 4037 596 4093 hoc
625 4053 846 4107 nomen,
871 4039 1018 4096 Deus
1052 4040 1166 4111 ipse
1200 4041 1358 4098 docet
1390 4063 1402 4099 :
1437 4062 1560 4102 cum
1595 4047 1960 4118 interrogaret

366 4127 579 4200 Moyses
612 4148 626 4184 :
658 4149 677 4183 ι
715 4132 872 4198 Quod
918 4143 1001 4188 est
1063 4148 1263 4188 nomen
1337 4139 1532 4192 tuum?
1570 4159 1587 4192 ι
1628 4140 1911 4208 respondit
1942 4158 1955 4194 :

371 4237 390 4269 ι
433 4220 544 4291 Ego
576 4235 719 4289 sum,
754 4223 848 4292 qui
879 4239 1000 4277 sum
1037 4241 1052 4278 :
1097 4243 1115 4278 ι
1155 4232 1267 4279 tum
1295 4229 1452 4296 quasi
1482 4240 1828 4285 asseveraret
1856 4231 1961 4286 hoc

365 4309 488 4379 ejus
521 4327 644 4368 esse
677 4329 876 4370 nomen
916 4316 1064 4385 quod
1106 4317 1437 4390 protulerat,
1505 4340 1524 4373 ι
1568 4321 1716 4393 Ego,
1744 4323 1958 4392 inquit,

2048 477 2178 514 σεν·
2235 461 2510 531 ἁμαρτίας
2568 461 2666 530 μὲν
2719 461 2828 532 γάρ
2872 464 3022 514 ἐστιν
3072 461 3282 531 ἔνοχος,
3337 461 3625 523 τουτέστιν.

2046 553 2336 624 παροινίας
2373 553 2466 607 καὶ
2499 551 2711 624 ὕϐρεως
2739 554 2894 624 δίκην
2921 553 3177 623 ὀφείλων.
3210 553 3324 606 Καὶ
3353 553 3384 604 ὀ
3415 552 3475 605 τὸ
3507 553 3628 605 ἴδιον

2045 642 2401 712 ἐπαρώμενος
2426 642 2774 714 Θρήσκευμα,
2799 644 2847 696 εἰ
2871 645 2966 697 καὶ
2991 642 3364 713 ψευδωνύμως
3389 642 3491 712 τὴν
3507 642 3627 711 κλῆ-

2046 751 2130 787 σιν
2155 734 2438 803 ἐφέλκοιτο
2460 735 2558 804 τῆς
2595 735 2873 805 θεότητος,
2906 735 3100 805 διπλῆς
3119 734 3178 787 δὲ
3205 737 3304 787 καὶ
3323 733 3629 803 militum;

2043 826 2318 896 τιμωρίας
2373 825 2679 896 ὑπόχρεως,
2725 828 2754 879 ὁ
2795 827 2886 880 τὸν
2911 827 3007 880 τοῦ
3054 826 3262 889 παντὸς
3294 826 3628 896 Δημιουργὸν

2045 921 2141 973 καὶ
2166 920 2298 972 Θεὸν
2331 918 2554 990 ὕϐρεσιν
2584 919 2819 984 πλύνων,
2847 921 2942 974 καὶ
2968 921 3129 990 ἀραῖς
3151 919 3512 991 τετολμηκὼς
3539 921 3630 973 ὕπ-

2047 1012 2224 1080 άγειν.
2257 1011 2336 1064 Δι’
2362 1011 2391 1064 ὃ
2424 1010 2592 1074 λίθοις
2631 1010 2724 1064 τοῦ
2758 1011 2856 1082 ζῇν
2890 1015 2922 1081 ἡ
2968 1011 3293 1082 βλάσφημος
3331 1011 3521 1079 ἐκείνη
3549 1029 3628 1064 κε-

2047 1105 2190 1174 φαλὴ
2217 1103 2344 1168 ἀξία
2369 1103 2759 1170 ἐκκόπτεσθαι,
2791 1107 2892 1175 τῆς
2921 1105 3229 1158 ἀκολάστου
3259 1102 3519 1175 γλώσσης
3541 1106 3628 1174 τὴν

2044 1195 2201 1266 δίκην
2233 1194 2532 1265 ὑπέχουσα.

2119 1297 2193 1355 ς’.
2219 1290 2378 1343 Οῦτω
2425 1288 2524 1359 μὲν
2555 1289 2606 1341 oi
2644 1288 2900 1358 πρότεροι
2931 1285 2993 1338 τὸ
3025 1285 3187 1357 ῥητὸν
3223 1285 3579 1354 διασαφοῦσιν
3612 1301 3626 1315 ⁵

2047 1384 2095 1436 οἱ
2123 1383 2180 1435 δὲ
2229 1382 2348 1454 μετ’
2375 1379 2638 1443 ἐκείνους.
2661 1373 2770 1433 ὧδε
2795 1378 3107 1450 διηγοῦνται
3138 1378 3231 1432 τὸν
3269 1377 3430 1431 νοῦν·
3461 1395 3482 1428 ι
3513 1377 3630 1430 Ἀν-

2049 1475 2304 1546 θρωπος,
2351 1473 2411 1538 ὃς
2455 1473 2836 1546 καταράσηται
2897 1471 3032 1526 Θεὸν
3081 1472 3252 1526 αὑτοῦ
3279 1513 3295 1537 ,
3365 1472 3630 1540 ἁμαρτίαν

2047 1568 2298 1639 λήψεται,
2335 1586 2353 1619 ι
2393 1566 2617 1619 αὐτόθεν
2651 1567 2787 1629 ἐστὶ,
2829 1566 2986 1634 φασὶ,
3019 1565 3197 1634 σαφὴς
3239 1567 3274 1635 ή
3304 1565 3539 1617 διάνοια.
3577 1566 3632 1616 Ὁ

2048 1661 2158 1730 γὰρ
2195 1659 2286 1712 τὸν
2319 1656 2496 1729 άληθῆ
2529 1656 2660 1709 Θεὸν
2694 1655 3074 1728 ἐπαρώμενος,
3123 1655 3157 1724 ἢ
3194 1654 3377 1716 ἄλλως
3429 1655 3634 1724 ἐμπαρ-

2048 1751 2208 1805 οινῶν
2249 1749 2420 1819 αὐτῷ,
2453 1747 2637 1817 ἔνοχός
2667 1748 2816 1800 ἐστιν
2842 1748 3153 1818 ἁμαρτίας·
3201 1749 3235 1816 ἡ
3268 1745 3325 1798 δὲ
3363 1746 3445 1807 είς
3471 1762 3636 1814 τιμωο

2054 1846 2175 1916 ρίαν
2204 1845 2578 1916 ἀπαραίτητον
2607 1843 2855 1914 τελευτᾷ.
2892 1842 2966 1893 Τὸ
2999 1841 3057 1894 δὲ
3085 1851 3136 1902 ι,
3177 1858 3195 1889 ι
3235 1841 3396 1908 Ὀειομ
3410 1838 3557 1902 άζων
3584 1839 3636 1889 τὸ

2048 1936 2219 2005 ὄνομα
2253 1935 2462 2006 Κυρίου
2499 1933 2595 1988 τοῦ
2626 1932 2764 1987 Θεοῦ
2786 1949 2798 1962 ·
2835 1952 2853 1984 ι
2905 1929 3146 1985 τοιοῦτον
3190 1925 3332 1982 εἶναι
3381 1930 3638 2000 ἀπείρητο

2048 2029 2160 2090 τοῖς
2195 2027 2463 2090 Ἰουδαίοις
2485 2027 2545 2080 τὸ
2570 2027 2662 2080 τοῦ
2694 2023 2830 2078 Θεοῦ
2859 2023 3058 2094 ὄνομα·
3091 2022 3209 2074 ἀλλ’
3237 2022 3323 2074 ὅτι
3351 2021 3509 2092 παρὰ
3529 2023 3636 2091 τὴν,

2050 2119 2202 2187 Θεὸς,
2251 2119 2436 2190 φωνὴν
2479 2118 2839 2190 νομιζόμενον
2873 2115 2961 2168 διὰ
3004 2114 3232 2185 χειλέων
3266 2115 3410 2178 ὅλως
3445 2117 3640 2185 προφέο

2054 2211 2245 2284 ρεσοαι
2271 2227 2284 2241 ·
2321 2211 2600 2282 ἄφραστον
2625 2210 2682 2263 δὲ
2709 2209 2804 2263 καὶ
2833 2208 3134 2277 άνέκφορον
3165 2207 3479 2273 παντελῶς,
3511 2209 3640 2278 πλὴν

2051 2305 2151 2358 ὅσα
2186 2321 2251 2372 γε
2291 2306 2402 2366 τοῖς
2446 2300 2764 2372 ἀρχιερεῦσι
2805 2301 3005 2371 μόνοις,
3047 2301 3139 2371 ἐπί
3172 2302 3307 2370 τιμῇ
3349 2300 3452 2353 καὶ
3492 2299 3639 2352 σεϐα-

2053 2398 2305 2467 σμιότητι
2338 2394 2432 2448 τοῦ
2463 2394 2641 2458 Θείου,
2669 2393 3040 2464 διετετήρητο.
3069 2392 3162 2444 Διὸ
3194 2391 3323 2445 οὐδὲ
3354 2392 3638 2462 γράμμασι

2050 2490 2164 2552 τοῖς
2192 2489 2321 2557 παρ’
2347 2487 2532 2548 αὐτοῖς
2562 2478 2908 2556 διεγράφετο,
2941 2482 3113 2548 ξένοις
3144 2483 3202 2535 δέ
3233 2499 3347 2536 τισι
3388 2485 3484 2536 καὶ
3511 2500 3640 2554 παρ-

2051 2579 2417 2650 ηλλαγμένοις
2461 2577 2805 2648 γραμμάτων
2864 2575 3057 2636 τύποις
3117 2574 3639 2647 χαρακτηρίζοντες,

2052 2665 2141 2725 οἷα
2167 2671 2231 2740 δὴ
2270 2666 2704 2740 μυστικωτέροις
2726 2684 2787 2718 συ
2798 2664 3035 2736 μὸόλοις,
3067 2665 3201 2719 αὐτὸ
3229 2665 3640 2735 παρυπὲφαινον

2053 2763 2296 2831 τέσσαρα
2327 2761 2385 2813 δὲ
2406 2759 2476 2813 τὰ
2497 2760 2802 2828 γράμματα
2823 2753 2891 2829 ἦν
2919 2757 2979 2821 ὲξ
2999 2751 3060 2809 οῦ
3092 2757 3190 2809 καὶ
3216 2757 3641 2828 τετράγραμμον

2054 2853 2241 2915 αὐτοῖς
2265 2849 2674 2919 ἐπωνομάζετο.
2703 2849 2792 2900 Ἐν
2825 2848 2925 2917 ἴσῳ
2952 2847 3154 2913 τοίνυν,
3189 2849 3385 2914 φασιν,
3415 2847 3637 2918 ὑπῆρχε.

2056 2945 2185 3016 παρ’
2231 2942 2510 3004 Ἰουδαίοις
2534 2939 2879 3008 ἀράσασθαι
2903 2955 2963 2991 τε
2992 2937 3086 2991 τὸν
3121 2939 3279 3004 Θεὸν,
3305 2940 3408 2993 καὶ
3434 2940 3638 3007 ὀκνομά-

2055 3052 2193 3090 σαιο
2231 3035 2526 3096 τουτέστιν,
2569 3031 2630 3084 τὸ
2661 3030 2940 3101 ἄφραστον
2983 3030 3155 3101 ὄνομα
3184 3029 3359 3084 αὑτοῦ
3411 3030 3504 3084 διά
3543 3040 3639 3100 χει·

2053 3128 2212 3190 λέων,
2257 3126 2355 3178 καὶ
2392 3125 2624 3195 μάλιστα
2652 3123 2860 3182 κοιναῖς
2888 3123 3287 3191 προσενεγκεῖν
3318 3121 3538 3184 ἀκοαῖς.
3564 3122 3639 3172 Διὸ

2053 3222 2148 3274 καὶ
2178 3218 2424 3288 ἐκατέρῳ
2453 3216 2684 3276 θάνατος
2722 3213 2975 3266 ἐπέκειτο
3005 3215 3038 3282 ἡ
3073 3212 3270 3284 ζημία.

2126 3311 2190 3377 ζ’.
2229 3311 2389 3364 Ἀλλὰ
2406 3310 2578 3378 ταύτῃ
2613 3307 2710 3378 μὲν
2726 3305 2823 3358 καὶ
2865 3301 3033 3360 οῦτοι.
3063 3305 3236 3359 Τοῦτο
3269 3305 3327 3359 δὲ
3372 3305 3436 3358 τὸ
3465 3305 3638 3375 ὄνομα,

2055 3405 2148 3458 καὶ
2170 3401 2374 3474 χρυσοῦ
2406 3400 2622 3470 πετάλῳ
2655 3400 3151 3474 ἐγχαραττὸμενον,
3175 3398 3273 3450 καὶ
3299 3401 3370 3467 τῇ
3404 3399 3640 3469 ἀρχιερα-

2054 3498 2180 3566 τικῇ
2226 3494 2410 3565 ταινίᾳ
2435 3493 2654 3564 δεσμοῖς
2696 3492 3094 3564 ἁρμοζόμενον,
3123 3489 3187 3541 τὸ
3210 3487 3310 3542 τοῦ
3348 3489 3637 3558 ἀρχιερέως

2056 3587 2314 3657 ἐφρούρει
2348 3603 2407 3638 τε
2437 3586 2534 3640 καὶ
2564 3586 2788 3655 ἐκόσμει
2816 3585 3068 3655 μέτωπον
3093 3598 3109 3612 ο
3144 3581 3262 3650 ἅμα
3290 3580 3396 3650 μὲν
3428 3581 3638 3649 φοὸερῖιν

2059 3679 2154 3731 καὶ
2186 3677 2486 3747 σεϐάσμιον
2515 3678 2630 3737 τοῖς
2654 3675 2823 3746 ὁρῶσι
2857 3671 3073 3734 δεικνύς
3095 3691 3106 3700 ·
3142 3672 3260 3740 ἅμα
3290 3669 3364 3722 δὲ-
3396 3671 3493 3722 καὶ
3515 3687 3638 3740 παρ-

2059 3768 2409 3839 εγγυώμενον
2437 3767 2525 3819 ἀεὶ
2557 3765 2668 3818 δεῖν
2695 3765 2786 3816 τὸν
2823 3759 3150 3832 ἁρχιερατὸν
3179 3759 3205 3797 δ
3249 3756 3376 3811 νοῦν
3413 3759 3639 3828 συνηνῶο

2063 3862 2188 3915 σθαι
2217 3859 2294 3930 τῷ
2324 3858 2461 3928 Θεῷ,
2507 3858 2599 3911 καὶ
2649 3855 2920 3926 μηδέποτε
2968 3853 3067 3923 τῆς
3103 3851 3315 3904 ἐκεῖθεν
3357 3851 3639 3920 συναφείας

2061 3955 2157 4010 καὶ
2206 3952 2606 4025 μακαριότητος
2655 3945 3060 4017 διασπώμενον,
3093 3944 3187 3996 ἐπὶ
3221 3944 3293 3996 τὰ
3341 3949 3528 4016 γήϊνα,
3559 3946 3641 3998 καὶ

2062 4049 2207 4116 ἅπερ
2246 4045 2365 4098 ἐστὶ
2409 4043 2509 4113 τῆς
2561 4040 2944 4112 ματαιότητος,
2993 4037 3432 4106 καταφέρεσθαι.
3482 4039 3547 4090 Τί
3586 4038 3638 4106 δή

2064 4141 2183 4194 ποτ’
2206 4138 2301 4192 οῦν
2333 4138 2450 4190 ὲστι
2477 4136 2637 4188 τοῦτο
2671 4133 2730 4186 τὸ
2759 4133 2951 4201 ὄνομα,
2977 4128 3143 4191 αὐτὸς
3171 4130 3199 4180 ὁ
3221 4129 3331 4182 τῶν
3362 4129 3502 4183 ὅλων
3527 4127 3640 4190 Beia;

2061 4232 2328 4287 διδάσκει.
2366 4227 2811 4302 Ἐπερωτήσαντι
2834 4223 2943 4294 γὰρ
2962 4220 3041 4292 τῷ
3065 4221 3277 4286 Μωσεῖ,
3311 4221 3369 4273 τί
3399 4223 3462 4274 τὸ
3489 4221 3640 4288 ὄνομα

2065 4323 2255 4388 αὑτοῦ,
2286 4320 2413 4391 ἔφη,
2455 4339 2474 4372 ι
2511 4317 2655 4387 Ἐγώ
2691 4319 2808 4386 είμι
2843 4317 2871 4370 ὀ
2897 4312 2972 4366 ὥν
2996 4329 3010 4344 ο
3058 4329 3076 4362 ι
3115 4314 3211 4366 καὶ
3243 4313 3433 4373 πάλιν,
3477 4312 3642 4364 €326:-

367 4401 638 4459 Dominus
681 4406 833 4462 visus
885 4423 1006 4460 sum
1059 4408 1325 4478 Abrahre,
1377 4415 1596 4478 lsaaco,
1643 4413 1892 4470 Iacobo:
1930 4435 1947 4468 ι

2077 4415 2234 4471 5αιῶν
2288 4415 2364 4478 ὡς
2401 4411 2562 4466 τοῦτο
2610 4410 2777 4464 αὑτοῦ
2819 4410 2904 4474 εἴη
2950 4409 3147 4481 ὄνομα,
3180 4408 3209 4462 δ
3255 4407 3636 4478 προεξέφηνεν,

369 4503 507 4560 tum,
548 4513 566 4547 ι
617 4495 826 4551 Nomen
861 4513 1042 4551 incum
1084 4515 1191 4554 non
1227 4504 1460 4558 revelari
1492 4503 1697 4569 illis“;
1733 4523 1752 4556 ι
1805 4516 1864 4561 ιιι
1902 4515 1957 4560 tu

366 4586 518 4642 dicas
547 4604 634 4644 me
671 4598 720 4644 te
748 4589 947 4659 majori
981 4591 1190 4648 honore
1218 4607 1568 4665 prosecutum
1588 4639 1602 4664 ,
1635 4614 1802 4668 quam
1837 4615 1958 4654 ma-

363 4679 514 4750 jores
540 4690 663 4736 tuos
694 4683 1061 4752 patriarchas,
1093 4701 1294 4741 nomen
1329 4691 1475 4744 enim
1505 4706 1688 4746 meum
1720 4693 1865 4761 quod
1893 4694 1960 4751 iis

368 4795 478 4833 non
503 4774 776 4843 iudicavi,
821 4791 888 4830 ne
928 4777 1148 4846 quidem
1195 4777 1435 4848 Jacobo,
1488 4799 1612 4839 cum
1661 4787 1960 4846 instantius

370 4883 619 4942 rogaret,
671 4869 776 4926 hoc
817 4869 916 4923 tibi
975 4869 1222 4939 innotui,
1284 4889 1379 4944 per
1440 4895 1458 4927 ι
1506 4875 1620 4948 Ego
1670 4893 1828 4944 sum,
1865 4881 1959 4950 qui

367 4979 526 5029 sum;
563 4981 583 5015 ι
613 4971 671 5018 et
703 4964 808 5020 hoc
839 4982 1039 5023 nomen
1083 4963 1324 5020 llebraeis
1363 4967 1462 5021 Aia
1493 4969 1720 5036 dicitur,
1756 4969 1953 5027 Sama-

368 5053 563 5110 ritanis
616 5053 740 5110 labe
796 5058 1076 5113 scribitur.
1136 5056 1312 5116 Porro
1367 5059 1518 5116 hisce
1569 5060 1768 5118 litteris
1810 5061 1951 5120 ‘iduO.

371 5147 534 5218 Ἀλφ.
570 5147 760 5206 abaco.
807 5151 896 5222 ἧθ.
947 5153 1150 5224 quibus
1182 5154 1478 5222 indicatur,
1508 5153 1626 5210 sine
1668 5153 1794 5220 fine,
1838 5156 1957 5214 sine

438 5377 486 5413 “
513 5377 684 5438 Exod.
720 5398 802 5450 nt,
837 5383 905 5440 ii

2069 4532 2088 4566 ι
2125 4510 2291 4582 Ἐγὼ,
2344 4510 2498 4580 φησὶ,
2556 4508 2762 4579 Κύριος
2817 4505 3006 4577 ὤφθην
3063 4504 3201 4577 πρὸς
3255 4502 3512 4571 Ἀϐραὰμ
3562 4501 3639 4552 καὶ

2075 4605 2262 4660 Ἰσαὰκ
2289 4604 2384 4658 καὶ
2428 4599 2652 4656 Ἰακώϐ·
2685 4619 2702 4652 ι
2744 4595 2883 4664 εἶτα,
2915 4617 2933 4651 ι
2970 4600 3080 4653 Καὶ
3113 4599 3174 4650 τὸ
3198 4596 3376 4665 ὸνομά
3410 4611 3511 4664 μου
3554 4593 3638 4644 οὐκ

2063 4698 2309 4769 ἐδήλωσα
2347 4695 2532 4758 αὐτοῖς
2557 4711 2570 4726 ·
2611 4712 2629 4745 ι
2668 4693 2753 4746 ἵνα
2787 4690 2948 4764 εἴπῃς
2969 4702 3017 4757 ο,
3052 4689 3299 4762 μείζονος
3350 4703 3411 4739 σε
3457 4685 3637 4754 φιλοτι-

2069 4790 2222 4862 μίας,
2272 4790 2308 4862 ἢ
2362 4788 2490 4851 τοὺς
2549 4785 2917 4858 πατριάρχας.
2969 4783 3097 4847 τοὺς
3153 4781 3284 4844 σοὺς
3334 4776 3633 4850 προγόνους,

2063 4883 2272 4956 ἠξίωσα
2296 4897 2312 4913 ⁶
2357 4882 2420 4935 τὸ
2468 4881 2576 4951 γὰρ
2611 4878 2783 4948 ὄνομά
2815 4893 2940 4946 μου,
2969 4875 3108 4946 ὅπερ
3137 4872 3370 4934 ἐκείνοις
3401 4871 3500 4922 οὐκ
3530 4866 3631 4935 ἐδή-

2064 4976 2235 5040 λωσα,
2291 4974 2469 5028 καίτοι
2526 4971 2604 5043 τῷ
2665 4969 2894 5032 Ἰακὼϐ,
2948 4968 3046 5022 καὶ
3104 4963 3627 5038 προσλιπαρήσαντι,

2064 5067 2226 5122 τοῦτό
2277 5084 2360 5119 σοι
2407 5066 2715 5136 διεσάφησα
2761 5061 3208 5133 ἀποφηνάμενος,
3249 5076 3269 5110 ι
3301 5053 3441 5123 Ἐγώ
3475 5055 3578 5120 εἰμι
3611 5049 3632 5101 ὁ

2065 5162 2162 5216 ὥν.
2203 5181 2224 5216 ι
2259 5159 2433 5214 Τοῦτο
2489 5158 2547 5214 δὲ
2600 5157 2753 5230 παρὰ
2803 5157 2902 5227 μὲν
2940 5151 3220 5223 Ἑϐραίοις
3261 5147 3478 5217 λέγεται
3513 5141 3625 5196 Αίιὶ·

1644 5519 1877 5577 νΑιιιιει
1921 5517 2324 5576 LECTIONES.

436 5736 459 5764 ⁶
491 5727 550 5784 C.
581 5728 655 5786 Μ.
681 5731 731 5783 τί
755 5729 832 5785 δέ.

917 5730 944 5770 ³⁵
982 5730 1084 5801 lcg.
1116 5731 1378 5802 ἀρχιερέα
1409 5733 1519 5788 τὸν.
1555 5731 1612 5788 (ἐ.
1647 5731 1712 5785 Μ.
1743 5728 2128 5802 ἀρχιερατικὸν
2156 5727 2301 5783 νοῦν.
2370 5738 2390 5765 υ
2426 5723 2579 5794 εἴπῃ.
