3798 6210
154 316 251 381 569

996 312 1096 372 AD
1151 309 1747 373 AMPHILOCI—IIUM
1800 310 2147 383 QUIESTIO
2219 312 2331 385 XC,
2392 315 2543 376 XCI.
3321 322 3386 384 57

156 429 298 500 παρὰ
320 427 377 481 δὲ
410 422 795 496 Σαμαρείταις,
833 422 996 477 Ίαῦέ.
1042 424 1316 493 Γράφεται
1344 425 1398 476 δὲ
1427 423 1520 477 καὶ
1544 422 1711 493 γράμ-

1871 426 2097 495 rincipio
2129 442 2251 481 esse
2288 425 2478 479 Deum.
2532 426 2601 481 Et
2646 428 2748 482 hoc
2791 429 3100 498 significat,
3154 437 3245 504 qui
3284 448 3361 490 est
3403 455 3423 491 .-

156 537 277 591 μασι
300 516 524 580 τούτοις·
558 515 673 569 ίώθ.
699 514 826 583 ἄλφ.
855 514 1043 568 οὐαύθ.
1073 513 1161 585 ne.
1196 511 1342 567 δι’ὧν
1368 514 1625 583 δηλοῦται
1657 515 1720 568 τὸ

151 608 371 679 ἄναρχον
421 624 481 660 τε
531 608 628 659 καὶ
675 604 1032 677 ἀτελεύτητον
1070 603 1163 657 τοῦ
1207 604 1365 659 Θεοῦ.
1404 606 1575 659 Τοῦτο
1610 604 1721 676 γὰρ

151 702 467 772 παρίστησιν
501 697 597 750 καὶ
639 697 702 750 τὺ
725 697 775 761 ά,
810 699 842 751 d
866 696 970 750 ὢν.
996 695 1148 766 Αὕτη
1166 695 1276 768 γὰρ
1310 697 1342 766 ἡ
1369 696 1545 767 φωνὴ,
1580 698 1721 768 μήτε

148 792 246 863 πρὸ
277 790 461 854 αὑτοῦ,
495 790 634 861 μήτε
689 791 806 861 μετ’
850 790 1012 843 αὑτὸν
1059 785 1199 842 εἶναί
1241 807 1295 843 τι
1348 790 1576 860 κυρίως,
1627 787 1725 842 καὶ

149 884 401 955 ὑπάρχειν
442 883 597 945 ὅλως,
631 882 968 935 ἐνδείκνυται
991 897 1005 913 ο
1050 882 1185 953 ὅπερ
1225 880 1285 933 τὸ
1326 881 1412 935 ἀεὶ
1442 876 1599 945 εἶναι,
1628 881 1724 933 καὶ

146 976 319 1037 ἀῖδίως
346 970 507 1037 εἶναι,
545 973 881 1043 συνίστησιν.
928 971 1198 1042 Ἐκατέρᾳ
1241 971 1423 1025 τοίνυν
1454 989 1723 1042 προσομι-

144 1067 243 1119 λῶν
274 1066 561 1136 ἑρμηνείᾳ,
587 1065 697 1117 οὐδ’
725 1065 939 1137 ἐτέραν,
972 1060 1149 1135 οἶμαι,
1175 1062 1410 1129 διώξεις,
1434 1063 1558 1116 οὔτε
1586 1064 1724 1116 ἀσα-

144 1158 314 1225 φείας,
345 1156 467 1209 οὔτε
499 1157 593 1209 τοῦ
627 1156 701 1228 μὴ
737 1158 866 1227 περὶ
907 1157 1043 1210 πόδα
1082 1152 1223 1209 εἶναι
1260 1156 1361 1225 τὴν
1406 1155 1717 1227 ἑκατέρωθε

140 1250 368 1303 διάνοιαν
395 1248 474 1319 τῷ
508 1248 679 1319 ῥητῷ.
717 1249 993 1319 Ἔῤῥωσο.

702 1361 1035 1415 ararum:
1075 1366 1148 1429 ig.

1822 516 1937 570 haec
1978 517 2123 570 enim
2161 533 2267 571 vox
2299 533 2477 586 neque
2504 526 2630 571 ante
2664 533 2819 587 eum,
2854 536 2956 576 nec
2991 532 3117 591 post
3152 540 3276 578 eum
3314 527 3422 580 ali-

1822 607 1953 676 qnid
1986 607 2215 662 omnino
2243 608 2527 673 exsistere,
2551 610 2770 676 pr0prie
2796 619 2974 677 notat;
3008 612 3171 683 idque
3201 630 3422 686 semper

1823 700 2090 755 exsistere
2131 710 2187 755 et
2230 701 2560 754 aeternaliter
2595 701 2898 756 subsistere
2932 704 3169 759 intimat.
3213 705 3419 763 Utrivis

1823 793 2054 847 istarum
2076 772 2478 861 cipositionum
2498 792 2542 845 si
2563 802 2613 845 te
2630 793 3034 857 accommodes,
3058 794 3202 850 haud
3221 798 3419 867 opinor

1828 886 1991 939 aliam
2026 884 2338 953 indagabis,
2382 899 2505 938 cum
2556 900 2655 939 nec
2688 887 2997 941 obscuritas
3029 886 3138 941 ulla
3173 889 3333 955 adsit,
3361 898 3418 943 et

1826 986 2122 1048 utrumque
2148 976 2356 1030 dictam
2380 976 2709 1030 sententiam
2741 977 2999 1032 exhibeat
3031 978 3084 1033 in
3106 980 3412 1049 procinctu.

1828 1067 1978 1122 Vale.

1940 1345 2197 1414 QUxEST
2208 1348 2281 1401 l0
2311 1347 2400 1403 XC
2437 1348 2735 1420 [CCLXXL
2780 1349 2949 1405 Taur.
2981 1350 3279 1426 CCXLVI].

198 1500 332 1549 Edita
367 1511 394 1545 a
426 1494 750 1556 Montaeutio,
772 1508 855 1557 ep.
886 1494 991 1555 165,
1026 1494 1092 1543 ad
1122 1492 1357 1560 Amp/nl,
1386 1510 1437 1559 p.
1460 1493 1574 1545 220.
1598 1494 1674 1544 De
1696 1484 1911 1552 pmna'ln
1948 1482 2332 1545 pronuntiantes
2357 1494 2537 1531 nomen
2559 1480 2651 1532 Dei
2674 1480 2946 1534 ineffabile.
2972 1484 3135 1535 Levit.
3163 1500 3301 1549 χειν,
3330 1487 3408 1553 16,

214 1609 298 1671 Ὡς
330 1608 466 1680 καλή
506 1626 598 1661 σου
631 1611 664 1679 ὴ
687 1609 928 1680 ἀπορίαῑ
967 1609 1205 1678 Γράφεις
1242 1610 1373 1678 γὰρ,
1411 1607 1487 1669 ὡς
1527 1608 1576 1659 εί
1614 1603 1713 1675 μέν
1748 1611 1788 1665 Β

143 1701 373 1772 ἄρρητον
439 1700 616 1771 ὄνομα
654 1702 715 1755 τὸ
751 1701 915 1765 θεῖον,
936 1703 1029 1753 καὶ
1063 1698 1319 1769 γνώσεως
1349 1701 1551 1771 μεῖζον,
1595 1696 1715 1760 πῶς

139 1794 376 1845 ἐπέκειτο
401 1791 630 1855 Θάνατος
657 1791 733 1861 τῷ
758 1791 1120 1862 φθεγξαμένῳ
1143 1793 1175 1860 ἡ
1208 1791 1413 1861 (quia;
1445 1791 1579 1843 υὺδὲ
1606 1789 1714 1858 γὰρ

139 1884 273 1953 ἐνῆν,
308 1882 427 1935 οὐδὲ
462 1882 637 1935 πολλὰ
669 1882 981 1953 θελήσαντι,
1008 1882 1347 1951 φθέγξασθαι
1368 1898 1381 1912 ο
1415 1882 1465 1934 εί
1513 1880 1557 1932 δ’
1586 1881 1714 1952 ἐνῆν

135 1974 217 2028 διὰ
238 1974 456 2045 χειλέων
492 1977 873 2044 προενεγκεῖν,
900 1974 1017 2037 πῶς
1046 1974 1287 2045 ἄρρητον
1312 1974 1406 2027 καὶ
1434 1972 1714 2043 ἀνέκφρα-

139 2085 287 2135 στονς
329 2067 470 2119 Ἀλλ’
505 2066 674 2137 ἔχεις,
709 2063 884 2136 οἶμαι,
935 2066 1446 2137 προγεγραμμένην
1487 2082 1570 2117 σοι
1616 2066 1711 2117 καὶ

137 2156 388 2227 λαμπρῶς
427 2155 527 2227 τὴν
567 2155 740 2208 λύσιν.
774 2155 865 2225 Τῷ
900 2154 1008 2226 γὰρ
1036 2157 1213 2208 εἰπεῖν
1246 2158 1339 2207 τὸν
1368 2154 1711 2226 ὑπερουσίως

138 2249 255 2302 ὄντα
280 2248 428 2314 Θεὸν,
467 2267 487 2299 ι
520 2247 661 2316 Ἐγώ
698 2248 861 2318 εἰμιὸ
885 2247 960 2301 ὢν
981 2264 994 2278 ·
1028 2265 1046 2299 ι
1080 2248 1252 2316 ὄνομά
1279 2264 1336 2298 τε
1363 2246 1528 2299 αὐτοῦ
1569 2240 1709 2299 εἶναι

137 2340 279 2392 τοῦτο
327 2338 393 2393 ἂν
438 2341 637 2405 εἰπεῖν,
680 2338 882 2409 καὶτῷ
909 2339 1115 2409 ταύτης
1158 2342 1257 2408 τῆς
1290 2340 1475 2409 φωνῆς
1506 2340 1708 2392 Μωσέα

137 2432 444 2486 διακοῦσαι·
486 2432 588 2484 οὐκ
645 2430 872 2484 ἀκοῦσαι
928 2430 985 2485 δὲ
1043 2430 1225 2501 μόνον,
1276 2429 1411 2483 ἀλλὰ
1454 2431 1552 2482 καὶ
1598 2432 1707 2492 τοῖς

138 2525 471 2595 ἀρχιερεῦσιν
507 2523 839 2591 ἀπαγγεῖλαι
862 2540 876 2554 ·
908 2524 1010 2578 οὐκ
1049 2522 1380 2592 ἀπαγγεῖλαι
1422 2522 1481 2575 δὲ
1524 2522 1705 2592 μόνον,

138 2613 258 2667 ἀλλὰ
298 2615 390 2666 καὶ
428 2610 620 2685 χρυσῷ
658 2614 875 2685 πετάλῳ
929 2615 1167 2685 γράφειν
1198 2613 1567 2685 παραδοῦναν
1623 2613 1707 2666 ὅτι

140 2708 231 2775 μὲν
254 2710 317 2779 τῇ
343 2706 545 2761 ἑαυτοῦ
575 2706 733 2775 φύσει
762 2706 855 2759 καὶ
879 2706 1119 2775 γνωστὸν
1144 2702 1234 2777 ἦν,
1264 2706 1359 2759 καὶ
1384 2704 1548 2775 ῥητόν
1566 2720 1580 2734 ⁸
1614 2704 1707 2757 καὶ

133 2800 207 2851 ὅτι
236 2800 343 2851 τισὶ
372 2799 471 2869 μὲν
503 2798 839 2867 ἐπέγνωστο,
871 2798 967 2853 καὶ
995 2798 1096 2851 οὐκ
1129 2797 1407 2867 ἄφραστον
1439 2796 1577 2866 πρὸς
1610 2795 1707 2848 ἁλι

135 2892 314 2962 λήλους
346 2888 432 2964 ἦν,
462 2893 558 2945 διὰ
591 2893 806 2945 πάντων
837 2890 1074 2961 ὑπάρχει
1108 2890 1465 2959 σαφέστατον.
1500 2888 1625 2941 Ὅτι
1647 2888 1705 2939 ἑὲ

133 2983 194 3035 δι’
223 2977 293 3036 ὧν
331 2986 440 3046 τοῖς
487 2983 705 3046 πολλοῖς
732 2982 856 3034 οὔτε
900 2984 981 3044 είς
1012 2981 1203 3043 ἀκοὰς,
1239 2978 1363 3032 οὔτε
1396 2980 1475 3041 είς
1505 2977 1707 3046 γνῶσιν

134 3080 339 3145 ἀφῖκτο,
366 3078 505 3131 ἀλλὰ
536 3078 630 3131 καὶ
661 3071 743 3138 οἷς
777 3075 1106 3144 ἐγινώσκετο
1136 3072 1351 3142 φυλακὴ
1382 3071 1593 3142 προσῆν
1628 3072 1707 3134 είς

134 3172 311 3236 ἄλλους
348 3171 420 3242 μὴ
447 3172 667 3238 ἐξάγειν
693 3187 707 3200 ·
738 3170 833 3222 καὶ
862 3166 1021 3221 τοῦτο
1048 3166 1204 3237 δῆλον
1232 3164 1306 3228 ὡς
1336 3164 1576 3235 ἄρρητον
1605 3163 1707 3216 αὑ-

134 3262 188 3315 τδ
214 3263 303 3316 καὶ
333 3264 712 3333 ἀνέκφραστον
742 3261 915 3315 ἐδίδου
952 3258 1234 3313 καλεῖσθαι
1259 3274 1273 3288 ⁸
1305 3257 1584 3329 ἄφραστος
1614 3250 1708 3309 οὖν

136 3354 220 3406 καὶ
247 3354 546 3427 ἁνέκφορος
570 3356 603 3425 ἡ
626 3354 745 3407 θεία.
777 3354 991 3424 κλῆσις,
1027 3353 1126 3422 οὐχ
1158 3354 1241 3404 ὅτι
1271 3349 1432 3418 φύσιν
1461 3350 1564 3402 οὐκ
1594 3344 1707 3418 εἶχε

137 3445 324 3514 ῥήμασι
375 3447 468 3500 καὶ
520 3446 744 3517 γλώσσῃ
797 3446 1028 3517 ῥηθῆναι
1069 3444 1249 3514 (δῆλον
1305 3444 1435 3514 γὰρ,
1495 3441 1600 3506 κάξ
1631 3437 1708 3495 ὧν

134 3535 219 3589 νῦν
241 3548 263 3577 ε
292 3540 451 3591 παντὶ
474 3538 557 3609 τῷ
588 3538 898 3608 βουλομένῳ
930 3537 1094 3608 ῥητός
1127 3536 1323 3605 ἐστιν),
1345 3535 1458 3587 ἀλλ’
1487 3532 1707 3587 ὅτιοῦτε

136 3627 258 3681 πᾶσι
294 3629 452 3700 ῥητὸν
499 3629 536 3700 ἢ
562 3629 824 3699 γνωστὸν,
855 3628 965 3681 οὐδ’
996 3628 1079 3682 ὅτι
1107 3621 1187 3690 οἷς
1226 3626 1590 3677 ἐπεπίστευτο
1627 3625 1708 3676 εἰ-

134 3716 287 3783 δέναι,
320 3720 440 3772 οὖδέ
483 3721 719 3781 ἐκείνοις
748 3714 815 3790 ἦν
857 3718 1103 3784 δυνατὸν,
1142 3716 1293 3787 φόϐῳ
1323 3715 1418 3769 τοῦ
1451 3714 1705 3780 θανάτου,

136 3809 260 3879 πρὸς
311 3811 507 3875 ἄλλους
548 3811 750 3881 λέγειν,
808 3811 841 3882 ἢ
892 3811 1092 3883 τρόπον
1136 3808 1323 3880 ἕτερον
1371 3808 1452 3871 είς
1506 3806 1707 3875 γνῶσιν

136 3900 294 3968 ἄγειν.
352 3905 542 3975 Ἔχεις
595 3903 905 3974 τοιγαροῦν,
961 3896 1005 3955 ὧ
1061 3900 1323 3971 βέλτιστε,
1376 3899 1524 3961 ὅπως
1578 3896 1707 3965 παρ’

145 3992 402 4058 Ἰουδαίοις
432 3997 718 4064 ἄγνωστον
744 4012 803 4048 τε
826 3995 921 4047 καὶ
949 3994 1325 4063 ἀνέκερραστον
1352 3990 1412 4043 τὸ
1444 3988 1537 4043 τοῦ
1572 3986 1706 4041 Θεοῦ

136 4082 291 4154 ὄνομα
321 4087 535 4159 ὑπῆρχε
560 4105 575 4118 ·
606 4089 700 4140 καὶ
722 4087 872 4149 ὅπως
902 4086 1027 4145 ἐνῆν
1057 4083 1402 4155 βουλομένοις
1424 4080 1586 4142 ἐνίοις
1612 4079 1709 4131 αὐ-

136 4174 254 4239 τῶν,
285 4177 377 4230 καὶ
420 4179 622 4241 αὐτοὺς
660 4179 834 4230 εἰπεῖν
885 4176 987 4252 καὶ.
1018 4175 1237 4246 ἐτέρους
1282 4173 1483 4226 εἰδέναι
1516 4188 1576 4224 τε
1615 4169 1710 4221 καὶ⁵

138 4266 565 4338 ἀναφθέγγεσθαι
596 4269 998 4340 παραπλησίως
1022 4267 1225 4329 αὐτοῖς,
1254 4264 1623 4317 ἐκδιδάσκειν
1657 4261 1705 4313 εί

143 4357 208 4426 μὴ
243 4362 338 4423 τῆς
369 4361 644 4433 τιμωρίας
674 4362 1021 4431 ἐπικείμενος
1054 4359 1085 4411 ὁ
1123 4356 1309 4427 φόϐος,
1345 4353 1546 4425 μείζων
1587 4351 1706 4420 ἐγί-

138 4462 248 4499 νετο
269 4449 366 4519 τῆς
395 4450 690 4521 ἐπιθυμίας
720 4449 829 4503 τῶν
850 4452 918 4503 τὰ
941 4446 1168 4502 τοιαῦτα
1201 4445 1506 4515 ζητούντων
1549 4442 1705 4513 μυεῖ-

139 4534 270 4590 σθαι.
297 4539 403 4592 Καὶ
427 4541 606 4605 οὐδὲν,
643 4540 717 4602 ὡς
749 4541 902 4610 ὁρᾷς,
950 4538 1252 4609 καθορᾶται
1294 4534 1416 4586 οὔτε
1448 4532 1706 4585 δύσκολον

138 4625 241 4679 οὔτ’
270 4631 347 4694 είς
369 4632 607 4703 ἀπορίαν
636 4631 759 4685 τινὰ
784 4632 1107 4701 περιστῆναι
1150 4626 1492 4697 βιαζόμενον.

1888 1595 2063 1661 Quam
2098 1593 2311 1647 erudita
2348 1602 2434 1646 est
2460 1602 2550 1646 tua
2585 1592 2850 1661 quaestio!
2899 1592 2977 1650 Ita
3013 1594 3159 1649 enim
3191 1596 3408 1660 scribis.

1819 1688 1864 1744 si
1901 1685 2179 1740 ineffabile
2205 1698 2400 1738 nomen
2433 1683 2522 1736 Dei
2554 1683 2647 1747 sit,
2680 1692 2734 1737 et
2758 1684 3143 1754 cogitationem
3172 1687 3408 1752 excedit,

1818 1794 1919 1833 cur
1952 1784 2128 1829 morte
2154 1774 2402 1839 luebant,
2439 1772 2530 1841 qui
2555 1771 2892 1826 efferebant?
2925 1788 3102 1843 neque
3133 1776 3279 1829 enim
3309 1791 3411 1841 po-

1819 1874 1957 1922 terat
1990 1867 2136 1936 quis,
2170 1865 2299 1918 licet
2326 1864 2485 1917 valde
2518 1872 2761 1932 cuperet,
2782 1863 2912 1917 illud
2956 1865 3233 1933 proferre;
3265 1867 3412 1936 qUod

1815 1958 1863 2013 si
1899 1958 2061 2012 labiis
2103 1955 2336 2026 proferri
2388 1956 2596 2023 potuit,
2630 1956 2905 2023 quomodo
2952 1965 3072 2009 erat
3104 1957 3409 2027 ineffabile,

1814 2058 1913 2104 aut
1946 2047 2372 2118 inexplicabile?
2415 2046 2520 2099 Sed
2568 2045 2735 2100 habes
2762 2046 2873 2114 jam
2920 2048 3324 2117 praescriptam,
3357 2050 3412 2103 ni

1815 2142 2012 2205 fallor,
2050 2141 2380 2195 luculentam
2418 2139 2772 2193 solutionem.
2823 2138 2960 2193 Cum
2992 2140 3139 2194 enim
3185 2142 3409 2203 dixerit.

1813 2234 1911 2303 qui
1952 2234 2094 2289 Deus
2140 2240 2224 2287 est
2256 2229 2839 2301 suprasubstantialis,
2902 2249 2920 2281 ι
2972 2229 3085 2301 Ego
3134 2246 3279 2292 sum.
3316 2248 3411 2304 (μιί

1812 2341 1957 2392 sum,
1998 2345 2016 2377 ι
2051 2324 2344 2378 dicendum
2375 2337 2596 2393 quoque
2630 2330 2714 2376 est
2742 2322 2848 2375 hoc
2878 2337 3002 2377 esse
3033 2337 3234 2375 nomen
3265 2323 3412 2391 ejus.

1810 2430 1875 2469 eo
1906 2416 2051 2485 quod
2084 2415 2224 2468 banc
2253 2430 2438 2468 vocem
2474 2415 2641 2469 fando
2686 2415 2989 2485 accipiebat
3022 2414 3270 2485 Moyses;
3316 2420 3411 2472 sed

1811 2522 1911 2561 nec
1950 2506 2064 2575 ipse
2090 2506 2242 2560 solus
2273 2505 2470 2570 audiit,
2508 2521 2700 2560 verum
2726 2513 2779 2559 et
2806 2506 3159 2575 pontificibus
3194 2523 3413 2562 annun-

1812 2598 2003 2663 tiavit;
2038 2614 2138 2654 nec
2159 2598 2509 2651 anuumiavit
2539 2606 2768 2663 tantum,
2811 2598 2903 2653 sed
2955 2598 3276 2668 inscriptum
3305 2615 3407 2653 au-

1809 2706 1916 2744 reae
1946 2691 2165 2744 lamina:
2195 2690 2344 2744 dedit
2376 2706 2388 2742 :
2436 2701 2604 2759 atque
2653 2690 2779 2745 ideo
2811 2690 3056 2745 insinuat
3089 2703 3144 2746 et
3175 2692 3409 2763 intelligi

1808 2792 1862 2836 et
1897 2781 2167 2835 nominari
2220 2782 2387 2835 Deum
2423 2796 2626 2849 posse;
2667 2791 2721 2835 et
2772 2794 2920 2836 certe
2971 2782 3116 2852 quod
3154 2799 3260 2836 non
3310 2800 3409 2838 nc-

1812 2873 1945 2926 mini
1983 2873 2448 2942 cognoscebatur.
2496 2883 2554 2926 et
2584 2872 2733 2941 quod
2764 2890 2871 2927 non
2910 2876 3069 2942 plane
3112 2876 3255 2929 inter
3284 2876 3410 2930 illos

1735 2948 1776 3003 (ἶ
1812 2962 2124 3025 iudicibilis,
2155 2978 2186 3018 e
2216 2965 2403 3019 multis
2428 2973 2572 3033 patet
2603 2965 2684 3019 vel
2737 2966 3065 3020 clarissime.
3101 2967 3260 3032 Quod
3308 2982 3408 3021 au-

1812 3061 1942 3116 tem,
1975 3063 2027 3107 et
2066 3069 2160 3121 per
2185 3069 2307 3122 qua:
2343 3054 2786 3124 qnamplurimis,
2823 3071 2923 3110 nec
2968 3056 3033 3109 ad
3076 3072 3262 3123 aures,
3308 3074 3409 3115 nec

1811 3140 1875 3193 ad
1914 3141 2328 3209 intelligentiam
2362 3142 2633 3206 ascendit,
2680 3144 2772 3196 sed
2823 3151 2879 3197 et
2907 3144 3131 3213 insuper
3179 3146 3232 3199 in
3273 3162 3405 3212 eos,

1809 3228 2013 3297 quibus
2053 3228 2405 3293 inualuerat,
2456 3229 2707 3284 custodia
2758 3232 3167 3299 apponebatur,
3221 3248 3290 3289 ne
3338 3235 3408 3290 ad

1809 3331 2103 3375 extraneos
2136 3320 2452 3389 ell‘arentur,
2505 3324 2675 3392 liquet
2716 3326 2874 3389 inde,
2909 3328 3052 3395 quod
3093 3328 3405 3382 innomina-

1808 3411 1917 3468 bile
1945 3422 1999 3467 et
2042 3413 2326 3469 iudicibile
2374 3417 2546 3470 voluit
2590 3418 2875 3488 appellari.
2925 3418 2991 3473 Et
3036 3436 3166 3491 ergo
3207 3438 3406 3478 nomen

1812 3506 1909 3561 Dei
1946 3504 2224 3561 ineﬂabile
2250 3517 2305 3562 et
2336 3508 2686 3577 ineﬁ‘eribile;
2720 3528 2826 3565 non
2857 3514 2999 3583 quod
3034 3526 3229 3569 natura
3264 3530 3407 3585 prae-

1808 3597 1957 3653 ditus
1988 3609 2071 3653 est
2102 3597 2265 3664 Deus,
2297 3614 2420 3669 (μιίῆ
2449 3600 2632 3654 verbis
2668 3611 2721 3655 et
2750 3602 2937 3672 lingua
2975 3604 3083 3658 dici
3122 3617 3359 3673 nequeat
3388 3624 3405 3661 :

1809 3702 1960 3763 patet
1986 3693 2133 3748 enim
2171 3695 2315 3763 quod
2345 3694 2645 3748 etiamnum
2687 3696 2815 3749 illud
2863 3699 3118 3767 quisquis
3149 3700 3406 3767 voluerit,

1809 3786 2059 3858 proferre
2108 3797 2273 3858 queat
2302 3805 2316 3841 :
2343 3787 2437 3842 sed
2477 3787 2624 3856 quod
2653 3787 2910 3842 omnibus
2937 3789 3141 3858 passim
3188 3805 3288 3843 nec
3314 3790 3403 3844 in-

1812 3881 2001 3952 telligi,
2033 3881 2117 3935 vel
2146 3881 2287 3935 edici
2311 3890 2498 3949 queat,
2536 3878 2633 3934 sed
2676 3895 2776 3934 nec
2807 3880 2895 3944 iis,
2930 3881 3131 3950 quibus
3161 3882 3409 3950 cognitio

1809 3971 1929 4040 ejus
1957 3973 2409 4038 concredebatur,
2443 3974 2650 4028 licitum
2686 3984 2804 4028 erat
2835 3976 2937 4030 sub
2970 3991 3132 4044 poena
3159 3977 3404 4045 capitali,

1811 4065 1934 4118 aliis
1963 4078 2222 4120 enarrare
2242 4105 2261 4129 ,
2292 4075 2387 4119 aut
2442 4066 2565 4121 aliis
2594 4067 2790 4135 quovis
2823 4069 2985 4121 modo
3035 4068 3399 4137 cognifacere.

1810 4154 1995 4209 Habes
2042 4156 2149 4221 ita,
2196 4172 2228 4210 ο
2269 4157 2443 4221 bone,
2474 4160 2749 4227 quomodo
2784 4157 2874 4211 Dei
2904 4174 3101 4212 nomen
3128 4160 3269 4226 apud
3300 4158 3402 4213 Ju-

1813 4248 1962 4304 dams
2002 4249 2252 4319 ignotum
2304 4259 2358 4305 et
2406 4251 2679 4305 ineffabile
2727 4251 2864 4316 fuit,
2914 4261 2969 4305 et
3011 4252 3154 4321 quod
3207 4253 3404 4307 licebat

1815 4338 2100 4393 nonnullis
2128 4339 2267 4393 inter
2297 4355 2415 4407 eos,
2443 4355 2566 4395 cum
2601 4341 2889 4396 enuntiare
2927 4341 3085 4411 ipsis,
3116 4351 3228 4396 tum
3257 4343 3400 4412 apud

1815 4431 1952 4486 alios
1987 4432 2262 4502 proferre,
2315 4442 2369 4487 et
2415 4449 2510 4487 eos
2540 4434 2767 4498 docere,
2824 4449 2946 4502 quas
3000 4434 3403 4504 cognoscebant

1815 4525 1921 4592 ipsi
1956 4542 1969 4577 :
2021 4524 2124 4578 nisi
2170 4526 2368 4580 mortis
2408 4535 2587 4581 metus
2615 4525 2790 4595 major
2834 4525 3167 4581 desiderium
3210 4540 3401 4581 eorum

1818 4627 2172 4687 superasset,
2214 4619 2307 4688 qui
2337 4618 2596 4673 volebant
2624 4620 2742 4673 base
2788 4618 3049 4690 mysteria
3093 4618 3398 4674 addiscere.

139 4720 302 4791 Atque
327 4726 400 4781 ita
434 4726 590 4782 vides
619 4725 754 4781 nihil
794 4725 980 4779 videre
1009 4724 1168 4789 licet,
1205 4720 1290 4775 vel
1338 4717 1575 4783 difﬁcile,
1615 4721 1711 4770 aut
1746 4711 1897 4784 quod
1972 4712 2238 4783 impingat
2283 4714 2337 4769 in
2386 4714 2623 4785 aliquam
2690 4715 3126 4769 iuextricandam
3179 4712 3402 4768 dubita-

140 4816 350 4873 tionem.

660 4930 996 4989 ΕΡΩΤΒΣΙΣ
1056 4932 1172 4999 ῖςΑκ

148 5136 202 5190 Τί
218 5137 382 5194 ἐστιν
409 5159 427 5192 ι
451 5137 756 5203 Πολλάκις
776 5138 1111 5207 πίοεθὲμην
1125 5134 1322 5189 ἐλθεῖν
1340 5135 1489 5201 πρὸς
1506 5125 1685 5200 suae;
1698 5143 1715 5177 ³

2028 4910 2362 4977 ρυᾹιῖδἹῚυ
2401 4912 2514 4969 XCI
2558 4913 2991 4985 [CoisLCCLVL
3033 4912 3198 4969 Tanr.

2448 5006 2771 5079 ccxuvuL

1833 5128 1975 5194 Quid
1998 5128 2101 5182 sibi
2131 5127 2238 5181 vult
2254 5125 2387 5180 illud
2412 5139 2431 5178 :
2464 5144 2481 5176 ι
2515 5123 2920 5194 εωρρρνοροδιιὶ
2936 5126 3104 5179 uenire
3127 5126 3196 5178 ad
3222 5142 3306 5180 vos
3327 5126 3354 5178 Ρ
3378 5144 3399 5177 ι

692 5269 836 5321 Edita
866 5284 893 5320 a
928 5266 1246 5329 Montacutio,
1279 5279 1360 5330 ep.
1386 5265 1495 5327 165.,
1517 5270 1582 5315 ad
1613 5268 1789 5331 Georg.
1814 5261 2035 5320 Nicone,
2070 5274 2118 5321 p.
2158 5257 2385 5307 221-229.
2427 5256 2479 5305 In
2512 5254 2650 5305 Rom.
2681 5253 2819 5315 1,15.

213 5394 236 5433 ι
268 5379 339 5433 Ui:
371 5378 513 5433 θέλω
550 5379 609 5433 δὲ
660 5378 802 5450 ὑμᾶς
843 5379 1047 5446 ἁγοεῖν,
1074 5376 1313 5445 ἀδελφοὶ,
1336 5374 1417 5428 ὅτι
1448 5373 1709 5435 πολλάκις

1892 5386 1911 5419 ι
1959 5365 2097 5422 Nolo
2128 5381 2227 5421 vos
2279 5364 2556 5436 ignorare,
2591 5361 2807 5429 fratres,
2852 5361 3000 5433 quod
3045 5377 3169 5417 eum
3202 5357 3403 5430 saepius

1438 5574 1672 5631 VARI/ﬁ
1715 5569 2127 5630 LECTIONES.

206 5732 308 5791 dC.
344 5735 413 5792 ll.
440 5739 630 5797 omittit
660 5738 743 5795 τό.
861 5749 882 5776 ε
916 5736 998 5792 ίσ.
1025 5733 1175 5791 εἷπον
1197 5737 1299 5789 ὅτι.
