3846 6188
434 253 534 320 571

1585 245 1851 310 PHOTII
1878 235 2384 310 PATRIARCHfE
2425 237 2534 308 (ΞΡ.

3565 256 3652 320 5ῗὲ

433 386 531 426 vos
559 369 712 425 adire
748 367 1158 439 proposuerim,
1212 374 1271 423 ut
1315 367 1550 439 aliquem
1601 365 1842 420 fructum
1892 363 2004 419 indt

2119 363 2434 435 προεθέμην
2486 364 2664 419 ἐλθεῖν
2736 367 2873 439 πρὸς
2911 367 3060 441 ὑμᾶς
3089 410 3105 435 ,
3133 370 3225 425 καὶ
3252 371 3521 445 ἐκωλύθην
3544 377 3652 448 ἄχρι

431 462 755 533 percipiam,
784 462 1048 517 hactenus
1074 461 1270 516 fuerim
1296 460 1592 531 impeditus
1620 461 1685 522 “,
1715 467 1821 515 etc.
1849 477 1869 510 ι
1901 457 2010 511 Lo—

431 567 558 606 cum
592 552 759 616 hunc,
789 552 948 621 cujus
984 562 1039 606 ιιι
1087 552 1412 607 sententiam
1443 560 1498 606 et
1534 566 1758 607 sensum
1791 547 2013 604 deside-

436 659 551 709 ras,
585 659 680 713 per
711 644 1048 714 hyperbaton
1079 658 1354 713 exponere
1383 657 1697 713 possumus,
1721 650 1780 696 ut
1814 655 2011 696 conse-

432 736 658 803 quentia
683 736 812 788 talis
857 735 929 790 sit
964 752 978 788 ι
1016 735 1150 790 Nolo
1177 751 1272 790 vos
1303 740 1556 806 ignorare
1577 719 1723 804 quod
1757 748 2012 802 saepenu-

434 843 587 882 mero
620 827 673 880 in
705 830 890 881 animo
923 829 1084 882 habui
1127 831 1192 881 ad
1225 844 1321 882 vos
1356 825 1640 892 accedere,
1669 834 1728 880 ut
1769 826 2010 880 fructum

434 921 668 989 aliquem
705 921 870 974 etiam
907 937 935 973 a
972 920 1126 973 vobis
1155 917 1470 989 percipiam,
1498 917 1592 972 sed
1625 917 1690 971 ad
1725 918 1872 972 hunc
1912 933 2008 973 us-

435 1029 540 1081 que
566 1013 707 1065 diem
748 1013 1043 1081 impeditus
1071 1013 1166 1065 fui.
1216 1011 1471 1081 Syntaxis
1503 1009 1663 1064 istius
1684 1008 1817 1063 dicti
1851 1009 2011 1080 plena

434 1113 516 1159 est
554 1109 685 1164 lucc.
719 1121 840 1174 qua:
868 1115 922 1158 et
955 1105 1239 1172 perspicua
1287 1113 1391 1168 est,
1429 1115 1482 1159 et
1516 1105 1726 1176 periodi
1785 1119 2007 1158 sensum

434 1193 689 1261 explicat.
715 1197 962 1247 Attamen
992 1195 1136 1248 dicet
1172 1194 1407 1264 aliquis:
1440 1195 1496 1249 Si
1535 1196 1667 1250 tides
1703 1195 1919 1249 illorum
1955 1194 2007 1247 in

436 1292 553 1337 toto
605 1285 736 1338 orbe
793 1285 1224 1340 annuntiabatur
1277 1287 1405 1356 (hoc
1449 1288 1593 1341 cnim
1643 1288 1804 1357 paulo
1856 1287 2010 1356 prius

435 1375 804 1429 testimonium
853 1376 918 1430 iis
978 1376 1378 1447 perhibuerat),
1407 1394 1567 1448 quem
1613 1381 1827 1434 tandem
1889 1377 2000 1432 fru-

434 1479 581 1518 etum
617 1468 829 1521 volebat
871 1467 987 1536 ipse
1036 1478 1296 1539 praesens,
1347 1463 1394 1524 si
1437 1472 1652 1525 adesset
1686 1469 2011 1542 perhibere?

435 1557 779 1626 Multiplicem
809 1558 1168 1615 atlirmamus.
1209 1560 1264 1615 Si
1299 1562 1442 1615 enim
1485 1563 1560 1616 illi
1606 1564 1921 1629 credebant,
1957 1572 2010 1618 ct

433 1659 652 1718 propter
688 1651 838 1705 urbis
869 1650 1282 1718 amplitudinem
1344 1653 1463 1706 tidei
1498 1655 1738 1722 ipsarum
1772 1653 1913 1708 fama
1941 1655 2006 1708 ad

431 1755 622 1794 omnes
677 1741 1101 1812 propagabatur,
1163 1743 1522 1799 nihilominus
1578 1745 1766 1801 multis
1830 1746 2009 1801 adhuc

433 1832 769 1902 indigebant.
816 1831 973 1886 Patet
1034 1834 1138 1889 hoc
1188 1849 1254 1888 ex
1307 1849 1394 1896 eo,
1444 1835 1589 1904 quod
1649 1836 1809 1905 paulo
1858 1836 2010 1906 prius

431 1925 569 1978 dixit
611 1941 624 1978 :
664 1943 683 1976 ι
717 1925 788 1979 Ut
819 1925 1044 1981 stabiles
1073 1925 1404 1981 etlieiamini.
1445 1946 1463 1979 ι
1501 1925 1637 1982 Nam
1675 1928 1905 1984 stabiliri
1943 1930 2008 1984 ad

432 2031 573 2085 quos
603 2025 833 2085 spectat,
865 2017 970 2072 nisi
1003 2019 1068 2071 ad
1101 2033 1196 2072 eos
1228 2020 1318 2090 qui
1353 2020 2007 2076 concutiunturﬂtcrum

431 2117 691 2177 praeterea
723 2124 848 2163 cum
891 2109 945 2163 in
976 2112 1405 2179 pra-edentibus
1443 2110 1717 2176 admonet,
1759 2121 1819 2167 ιιι
1858 2129 1923 2167 ne
1951 2129 2010 2168 se

432 2203 668 2257 invicem
699 2205 1084 2271 condcmnent,
1115 2215 1171 2259 ιιι
1196 2206 1495 2261 divisiones
1519 2187 1811 2273 declinent,
1846 2215 2009 2276 atque

433 2295 714 2350 scandala.
756 2295 993 2351 Plurima
1035 2297 1198 2368 hujus
1230 2300 1448 2368 generis
1479 2313 1573 2368 per
1621 2307 1791 2352 totam
1847 2312 2006 2368 spar--

433 2389 536 2443 sim
567 2389 848 2459 epistolam
905 2407 1128 2446 cernere
1174 2391 1322 2455 licet,
1358 2395 1500 2448 unde
1546 2402 1883 2447 monstratur
1914 2406 2008 2446 eo-

432 2495 553 2532 rum
585 2480 924 2550 itnperfectio
975 2492 1028 2534 et
1078 2499 1281 2553 nupera
1314 2483 1738 2554 compaginatio.
1787 2483 1862 2538 Ita
1897 2497 2007 2538 non

431 2573 661 2635 abludit,
693 2583 751 2627 ut
790 2575 912 2627 licet
945 2586 1135 2628 eorum
1175 2571 1310 2630 ﬁdes
1341 2576 1770 2646 deprmdicetur,
1821 2575 2008 2630 multi-

431 2663 555 2734 plici
592 2673 770 2718 tamen
815 2679 953 2736 opus
988 2666 1234 2720 subsidio
1263 2667 1498 2720 habeant
1537 2684 1566 2721 a
1609 2668 1777 2722 Paulo
1808 2668 2007 2738 (verbis

431 2764 493 2807 ut
535 2755 714 2808 dicant
757 2756 949 2825 ipsius)
985 2775 1002 2807 ι
1037 2757 1322 2827 irrigandi,
1359 2769 1414 2811 ιιι
1468 2759 1703 2813 fructum
1747 2759 1940 2815 ferant.
1982 2778 2000 2812 ι

430 2843 645 2901 Vidcsis
671 2859 852 2902 autem
887 2859 946 2904 ut
984 2850 1152 2913 dicat,
1195 2872 1211 2902 ι
1251 2850 1318 2905 Ut
1346 2852 1577 2907 fructum
1614 2857 1848 2923 aliquem
1881 2870 2006 2923 pcr-

429 2940 624 3008 cipiam
678 2951 732 2993 et
781 2956 810 2994 a
846 2941 1019 2996 vobis.
1062 2962 1080 2993 ι
1131 2942 1297 2996 Docet
1336 2945 1482 3013 quod
1525 2945 1738 2999 illorum
1794 2945 2006 3001 fructus

2115 454 2211 508 τοῦ
2238 455 2418 528 δεῦρο,
2447 457 2534 512 ἵνα
2561 458 2683 514 τινὰ
2708 461 2920 528 καρπὸν
2960 463 3091 533 σχῶ,
3119 482 3138 514 ι
3183 465 3272 518 καὶ
3306 466 3448 536 ἐξῆς.
3509 467 3653 522 Τοῦτο

2113 547 2178 619 δὴ
2205 549 2267 602 τὸ
2290 552 2488 622 χωρίον
2518 544 2579 604 οὗ
2609 552 2708 623 τὴν
2731 554 2970 609 διάνοιαν
2991 557 3290 626 ἁναμαθεῖν
3317 558 3651 630 ἐπεζήτησάῦ

2113 644 2232 698 ἔστι
2265 645 2366 716 μὲν
2395 645 2489 698 καὶ
2505 646 2628 700 καθ’
2651 647 2959 718 ὑπερϐατὸν
2984 649 3253 713 ἐκλαϐεῖν,
3290 650 3343 703 ῖν
3457 653 3514 704 τὸ
3553 655 3654 706 duri.

2113 735 2304 792 λουθον
2337 737 2596 791 τοιοῦτον·
2629 739 2704 792 Ού
2735 739 2878 792 θέλω
2903 741 3046 808 ὑμᾶς
3080 743 3288 810 ἀγνοεῖν
3313 744 3397 796 ὃτι
3427 744 3652 808 πολλάκις

2115 825 2432 896 προεθέμην
2468 826 2643 879 ἐλθεῖν
2677 827 2812 898 πρὸς
2844 829 3006 898 ὑμᾶς,
3035 830 3122 882 ἴνα
3154 832 3363 900 καρπόν
3401 849 3516 885 τινα
3560 835 3653 902 σχῶ

2113 915 2210 968 καὶ
2239 917 2298 968 ἐν
2353 916 2502 986 ὑμῖν,
2535 916 2648 970 ἀλλ’
2682 916 2959 988 ἐκωλύθην
2999 920 3127 990 ἆρχι
3159 920 3252 973 τοῦ
3278 921 3452 992 δεῦρο.
3505 924 3653 994 Καλή

2117 1008 2214 1078 μὲν
2258 1008 2638 1080 ἀπηρτισμένη
2691 1009 2784 1063 τοῦ
2840 1012 3003 1082 ῥητοῦ
3064 1013 3314 1078 σύνταξις
3363 998 3571 1086 τοιαύτη
3601 1017 3654 1070 ἂν

2113 1102 2198 1169 εῖη
2235 1101 2411 1170 σαφὴς
2449 1101 2543 1154 καὶ
2581 1103 2672 1155 τὸν
2717 1102 2839 1155 νοῦν
2881 1105 2980 1173 τῆς
3045 1106 3294 1176 περιόδου
3348 1107 3652 1177 παρέχουσα.

2124 1191 2265 1244 Ἀλλ’
2295 1191 2438 1246 εἴποι
2464 1211 2548 1256 τις
2579 1194 2665 1259 ἂν,
2697 1195 2778 1248 ὅτι
2803 1197 2852 1248 εί
2885 1198 2918 1266 ἡ
2957 1197 3130 1260 πίστις
3156 1199 3333 1252 αὐτῶν
3362 1200 3419 1252 ἐν
3465 1200 3562 1270 ὅλῳ
3591 1187 3654 1271 τῷ

2113 1284 2304 1354 κόσμῳ
2335 1286 2741 1355 κατηγγέλλετο
2780 1286 2958 1356 (τοῦτο
2991 1289 3098 1358 γὰρ
3141 1290 3324 1352 αὐτοῖς
3372 1291 3653 1362 ἐμαρτύρη-

2113 1392 2206 1428 σεν
2231 1377 2582 1449 προμικρού),
2621 1379 2740 1432 τίνα
2790 1380 3000 1450 καρπὸν
3056 1381 3213 1452 ἤθελε
3246 1385 3654 1452 παραγενόμενος

2113 1468 2276 1531 αὐτὸς
2311 1472 2612 1540 παρασχεῖν
2638 1488 2653 1536 ;
2713 1471 2874 1525 Ἀλλὰ
2898 1472 3069 1526 πολὺν
3103 1474 3200 1544 μὲν
3220 1471 3314 1529 οὖν
3335 1476 3570 1545 ἐροῦμεν.
3605 1479 3654 1529 ιεζὶ

2114 1558 2221 1628 γάρ
2270 1559 2361 1613 καὶ
2419 1560 2880 1615 ἐπεπιστεύκασιν
2902 1564 3122 1628 ἐκεῖνοι,
3164 1566 3259 1617 καὶ
3302 1564 3390 1617 διὰ
3431 1566 3489 1618 τὸ
3536 1566 3656 1637 λαμο

2115 1649 2251 1721 πρδν
2268 1650 2367 1720 τῆς
2391 1652 2594 1716 πόλεως
2618 1654 2694 1716 είς
2711 1656 2920 1717 πάντας
2943 1655 3109 1725 ἐχύθη
3130 1657 3226 1724 τῆς
3254 1655 3436 1709 αὐτῶν
3451 1657 3654 1722 πίστεως

2117 1741 2149 1811 ἡ
2196 1743 2377 1811 φήμη,
2420 1743 2754 1812 παμπόλλων
2799 1745 2946 1813 ὅμως
2989 1744 3216 1798 ἐδέοντο.
3270 1748 3382 1800 Καὶ
3409 1748 3556 1800 τοῦτο
3580 1749 3655 1816 δῆ-

2112 1834 2200 1886 λον
2227 1833 2290 1886 ἐκ
2311 1851 2369 1887 τε
2397 1834 2491 1886 τοῦ
2511 1835 2615 1906 πρὸ
2635 1835 2813 1903 ὀλίγου
2844 1839 3039 1889 εἰπεῖν·
3078 1856 3096 1888 ι
3126 1838 3218 1899 Εἰς
3244 1837 3304 1890 τὸ
3332 1839 3655 1907 στηριχθῆναι

2113 1922 2275 1991 ὑμᾶς.
2304 1941 2324 1972 ι
2374 1922 2448 1974 Τὸ
2462 1922 2570 1992 γὰρ
2599 1923 2955 1995 στηριχθῆναι
2977 1924 3136 1977 τίνων
3170 1923 3350 1977 ἄλλων
3377 1925 3411 1997 ἢ
3441 1926 3542 1978 τῶν
3573 1942 3654 1978 σάε

2110 2013 2418 2083 λενομένων
2483 2013 2664 2077 ἐστίνς
2722 2015 2831 2068 Καὶ
2887 2015 3046 2070 πάλιν
3102 2018 3160 2069 ἐν
3200 2019 3314 2079 τοῖς
3357 2017 3654 2087 ἔμπροσθεν,

2109 2105 2272 2177 ήνίκα
2313 2105 2388 2177 μὴ
2437 2106 2644 2177 κρίνειν
2694 2107 2976 2178 ἀλλήλους,
3024 2106 3163 2160 ἀλλὰ
3197 2109 3291 2162 καὶ
3317 2110 3420 2170 τάς
3443 2108 3659 2178 διχοεταέ

2097 2196 2234 2260 ,σίας
2253 2197 2522 2251 ἐκκλίνειν
2547 2198 2640 2251 καὶ
2663 2199 2731 2252 τὰ
2763 2197 3034 2251 σκάνδαλα
3057 2201 3316 2268 παραινεῖ
3337 2215 3352 2229 ·
3381 2199 3472 2252 καὶ
3511 2199 3656 2268 μυρία

2108 2304 2192 2349 τις
2221 2287 2448 2341 τοιαῦτα
2481 2287 2549 2340 δι’
2591 2288 2719 2359 ὅλης
2743 2287 2841 2341 ἴδοι
2870 2292 2972 2358 τῆς
3019 2288 3335 2357 ἐπιστολῆς,
3373 2289 3438 2342 δι’
3495 2283 3563 2341 ὧν
3608 2291 3656 2340 τὸ

2108 2379 2297 2443 ἀτελὲς
2354 2381 2537 2433 αὐτῶν
2593 2381 2689 2434 καὶ
2754 2381 3018 2449 νεοπαγὲς
3067 2381 3459 2435 ἐπιδείκνυται.
3518 2383 3656 2436 Οὑδεν

2108 2467 2203 2525 οὖν
2231 2471 2458 2536 ἀπεικὸς
2488 2472 2582 2526 καὶ⁵
2627 2471 2726 2544 τὴν
2752 2472 2935 2527 πίστιν
2969 2472 3147 2527 αὐτῶν
3175 2473 3194 2513 ἲ
3219 2475 3656 2542 καταγγέλ>.εσθ;ι

2111 2567 2206 2620 καὶ
2245 2565 2445 2628 αὐτοὺς
2471 2565 2552 2619 ἔτι
2588 2565 2792 2636 πολλῆς
2824 2567 3030 2620 δεῖσθαι
3053 2566 3150 2620 τοῦ
3178 2568 3500 2639 ἐπικουρίας
3531 2571 3652 2622 [lavi-

2107 2659 2202 2712 λου
2233 2659 2329 2712 καλ⁵
2353 2661 2471 2729 τῆςκ
2503 2658 2592 2712 διὰ
2641 2659 2751 2711 τῶν
2806 2659 2971 2712 αὑτοῦ
3034 2662 3296 2732 ῥημάτων
3323 2661 3534 2732 ἀρδείας
3581 2663 3656 2713 καὶ

2108 2749 2509 2821 καρποφορίας.
2540 2749 2680 2820 Ὅρα
2704 2749 2762 2801 δὲ
2796 2750 2914 2814 πῶς
2944 2766 3128 2820 φησιν·
3175 2770 3194 2804 ι
3226 2753 3349 2805 ’Ὶνα
3385 2753 3502 2805 τινά
3539 2769 3656 2819 καρέ

2108 2843 2210 2894 πὸν
2240 2840 2353 2911 σχῶ
2376 2841 2471 2894 καὶ
2492 2842 2550 2894 ἐν
2578 2842 2728 2910 ὑμῖν.
2760 2860 2780 2893 ι
2808 2842 2976 2896 Τοῦτο
3000 2843 3098 2914 μὲν
3124 2845 3340 2906 δεικνὺς
3362 2844 3436 2906 ὡς
3461 2843 3657 2896 ἐκείνων

2110 2933 2340 3004 καρπὸς,
2365 2935 2564 2998 οἰκεῖος
2616 2933 2889 3002 ἐλογίζετο
2937 2934 3017 3004 τῷ
3066 2935 3262 3004 Παύλῳ
3304 2937 3532 3006 καρπόςο
3578 2936 3655 2987 καὶ

2046 1713 2084 1765 Β

429 3031 582 3086 l’auli
619 3034 868 3102 proprius
891 3034 1102 3089 fructus
1127 3037 1172 3088 ei
1201 3037 1577 3105 reputabatur,
1601 3048 1656 3091 et
1683 3039 1828 3106 quod
1861 3038 2002 3112 haud

2108 3029 2280 3091 οὕτως
2333 3027 2550 3100 ἔχαιρεν
2603 3031 2630 3070 ⁸
2675 3031 2732 3082 ἐν
2768 3031 2880 3093 τοῖς
2939 3029 3049 3082 τῶν
3092 3030 3358 3100 πλησίον,
3419 3028 3542 3081 ὡσεί
3588 3045 3655 3090 τις

429 3126 585 3179 aliter
619 3127 683 3179 de
714 3128 1018 3181 \‘lcittornm
1062 3127 1370 3183 rectel'actis
1411 3136 1688 3199 gauderet,
1739 3146 1902 3199 quam
1942 3132 2007 3184 de

430 3217 665 3287 propriis
720 3219 1014 3272 lzetarctur.
1078 3213 1362 3284 Fructum,
1427 3237 1587 3290 quem
1653 3220 1856 3274 ferrent
1907 3222 2005 3285 illi,

430 3329 590 3367 suum
626 3313 863 3366 fructum
897 3312 1174 3381 proprium
1213 3313 1394 3381 ducit;
1436 3313 1599 3382 idque
1630 3315 1764 3374 vult,
1798 3317 1851 3366 ut
1889 3312 2007 3366 fru-

431 3412 579 3458 ctum
609 3404 925 3472 percipiam.
971 3405 1091 3470 Quo
1143 3407 1290 3458 dicto
1347 3406 1565 3459 demum
1616 3415 1670 3460 et
1703 3406 1832 3459 illud
1871 3407 2006 3460 insi-

432 3503 588 3559 tiuat,
629 3497 909 3549 distulisse
944 3513 1003 3550 se
1047 3497 1168 3549 ideo
1200 3496 1591 3566 profectionem
1624 3498 1689 3551 ad
1731 3497 1897 3566 ipsas,
1948 3506 2008 3552 tit

431 3587 735 3640 commodis
797 3588 1038 3655 ipsorum
1099 3590 1433 3642 consuleret.
1497 3589 1751 3659 Alioquin
1822 3598 2003 3644 au'tetn

431 3674 583 3729 Pauli
616 3669 852 3738 fructus,
887 3678 932 3730 si
965 3677 1088 3744 quis
1129 3691 1384 3733 accurate
1422 3680 1875 3744 consideravcrit,
1922 3696 2006 3732 re-

430 3774 557 3822 νωό
587 3771 671 3822 est
696 3769 911 3822 illorum
947 3768 1182 3825 fruetus.
1210 3771 1355 3825 Illius
1376 3773 1520 3826 enim
1548 3788 1707 3843 opus,
1739 3773 2002 3836 studiUm,

429 3856 773 3929 agricolatio,
801 3874 915 3915 erat
946 3863 1229 3916 hominum
1263 3865 1436 3928 salus,
1479 3874 1526 3918 ct
1556 3874 1614 3918 ut
1639 3864 1874 3920 fructum
1907 3881 2004 3920 cos

427 3949 664 4005 ferentes
701 3951 946 4007 redderet
977 3954 1192 4024 pietatis
1222 3966 1276 4009 et
1309 3956 1592 4013 virtutum.
1638 3954 1850 4026 Optime
1874 3972 2004 4026 ergo

427 4045 623 4112 inquit,
667 4061 685 4096 ι
730 4043 796 4098 Ut
850 4043 1088 4099 fructum
1141 4046 1376 4117 aliquem
1435 4046 1627 4101 feram.
1670 4067 1687 4100 ι
1739 4047 2002 4109 Breviter,

427 4143 718 4203 unumque
770 4135 1090 4204 perfectum,
1147 4146 1200 4189 et
1253 4137 1437 4190 nativo
1492 4137 1674 4191 colore
1739 4148 2002 4206 praestans

428 4227 742 4280 manitestat
774 4243 786 4276 :
824 4241 1042 4295 nempe,
1070 4235 1216 4281 recte
1239 4239 1298 4280 ut
1330 4228 1405 4280 illi
1438 4227 1593 4282 factis
1623 4230 1738 4282 suis
1762 4227 1998 4282 fructum

427 4317 624 4382 ferant,
665 4326 718 4371 et
753 4317 866 4386 ipse
907 4318 1030 4372 illos
1064 4333 1161 4387 pro
1194 4317 1373 4373 fructu
1416 4319 1654 4373 haheat:
1689 4335 1813 4372 nam
1847 4320 1899 4372 in
1937 4336 2000 4372 eo

2110 3123 2267 3185 ἄλλος
2334 3123 2394 3174 ἐν
2452 3124 2568 3180 τοῖς
2632 3122 2782 3186 ἰδίοις
2842 3122 3282 3193 κατορθώμασιν.
3352 3122 3473 3175 Ἵνα
3534 3120 3654 3185 τινά,

2107 3215 2305 3282 φησὶν.
2361 3213 2572 3283 καρπὸν
2635 3211 2783 3282 σχῶ,
2851 3213 2943 3266 τὸν
3003 3213 3226 3267 ἐκείνων
3285 3212 3496 3282 καρπὸν
3542 3228 3656 3281 καρέ

2107 3305 2207 3359 πδν
2248 3306 2446 3358 οἰκεῖον
2498 3304 2803 3374 τιθέμενος.
2867 3304 3037 3357 Τοῦτο
3090 3304 3149 3358 δὲ
3199 3305 3361 3358 πάλιν
3414 3302 3656 3374 παριστὰς

2104 3397 2187 3448 ὃτι
2234 3396 2336 3466 τῆς
2390 3395 2570 3448 αὐτῶν
2617 3395 2803 3449 ἕνεκεν
2851 3395 3121 3466 ὠφελείας
3157 3396 3256 3467 τὴν
3304 3396 3441 3468 πρὸς
3483 3396 3655 3457 αὐτοὺς

2105 3484 2332 3554 πορείαν
2368 3485 2671 3538 ἐστέλλετο.
2727 3483 2936 3549 Ι’Λλλως
2968 3502 3027 3538 τε
3046 3484 3214 3539 δὲκαὶ
3244 3486 3298 3538 εἴ
3323 3503 3410 3549 τις
3439 3485 3654 3554 ἀκριϐῶς

2105 3575 2454 3647 ἐπισκοποίη,
2496 3575 2710 3630 Παύλου
2741 3576 2954 3647 καρπὸς
2989 3577 3205 3648 ἀληθῶς
3234 3579 3383 3630 ἐστιν
3403 3580 3432 3630 ὀ
3456 3576 3654 3630 ἐκείνων

2105 3670 2338 3740 καρπός.
2410 3670 2612 3739 Ἔργον
2670 3669 2780 3738 γὰρ
2818 3666 2888 3743 ἦν
2940 3670 3138 3738 ἐκείνῳ
3186 3671 3281 3724 καὶ
3331 3671 3532 3739 σπουδὴ
3577 3669 3653 3721 καὶ

2105 3762 2378 3831 γεώργιον
2406 3764 2440 3833 ἡ
2483 3764 2594 3816 τῶν
2625 3762 2928 3832 ἀνθρώπων
2963 3761 3229 3833 σωτηρία,
3247 3763 3342 3814 καὶ
3368 3763 3428 3814 τὸ
3469 3776 3654 3832 καρποο

2106 3855 2408 3926 φοροῦντας
2431 3855 2630 3917 αὐτοὺς
2667 3855 3019 3926 παραστῆσαι
3039 3854 3137 3926 τὴν
3166 3853 3449 3906 εὐσέϐειαν
3473 3853 3653 3912 καὶτὰς

2103 3949 2330 4018 ἀρετάς.
2386 3947 2584 4010 Καλῶς
2606 3946 2698 4000 οὖν
2728 3963 2915 4017 φησιν,
2953 3964 2972 3996 ι
2988 3947 3105 3999 Ἵνα
3121 3946 3242 3999 τινὰ
3265 3945 3478 4015 καρπὸν
3503 3943 3649 4011 σχῶ.»

2114 4040 2409 4109 Ἑκάτερον
2432 4039 2711 4108 συντόμως
2736 4037 2951 4092 τελείαν
2980 4040 3073 4091 καὶ
3107 4040 3202 4093 σὺν
3233 4039 3312 4109 τῷ
3345 4041 3530 4108 εὐφυεῖ
3553 4037 3656 4090 ἐπξο

2106 4133 2266 4204 δηλον
2301 4131 2490 4193 ποιῶν,
2533 4130 2628 4184 καὶ
2675 4131 2736 4184 τὸ
2781 4131 3025 4194 ἐκείνους
3060 4131 3158 4200 τὴν
3197 4133 3256 4184 ἐν
3291 4130 3652 4200 κατορθώμαει

2104 4227 2286 4280 πίστιν
2323 4226 2716 4296 καρποφορεῖν,
2763 4225 2858 4276 καὶ
2906 4225 2964 4277 τὺ
2993 4224 3155 4278 αὐτὸν
3184 4224 3380 4286 αὐτοὺς
3413 4222 3650 4282 ἐκείνους.

2115 4320 2204 4371 Ἐν
2236 4319 2345 4389 γὰρ
2372 4320 2439 4388 τῇ
2470 4317 2691 4370 ἐκείνων
2719 4315 3067 4388 καρποφορίᾳ
3105 4318 3138 4385 ή
3177 4314 3272 4369 τοῦ
3297 4314 3501 4368 Παύλου
3533 4312 3654 4378 laps

426 4410 568 4478 quod
596 4409 836 4478 frugiferi
859 4420 1065 4473 essent,
1097 4410 1249 4464 Pauli
1294 4411 1510 4464 cultura
1540 4411 1766 4465 illustris
1807 4411 1997 4464 redde-

2108 4409 2258 4478 πρῶς
2281 4410 2555 4462 ἐδείκνυτο
2579 4407 2842 4479 γεωργία.
2879 4408 3018 4460 Ἀλλ’
3042 4409 3090 4460 εἰ
3114 4407 3212 4477 μέν
3233 4406 3354 4459 καθ’
3375 4402 3654 4474 ὑπερϐατόν

425 4500 603 4554 batur.
634 4500 786 4566 Quod
816 4501 860 4554 si
893 4515 986 4568 per
1018 4501 1348 4572 hyperbaton
1372 4501 1549 4555 locum
1583 4501 1991 4569 intelligendum

423 4593 547 4661 quis
579 4602 746 4662 putet,
776 4608 999 4647 sensum
1035 4591 1169 4646 feret
1205 4591 1306 4646 iste
1351 4593 1654 4661 simplicem
1683 4610 1696 4646 :
1723 4608 1842 4646 cum
1875 4593 1995 4661 plu-

423 4682 622 4735 rlmum
664 4683 766 4736 hac
815 4683 987 4752 ﬁgura
1033 4692 1216 4736 utatur
1266 4699 1496 4753 magnus
1548 4683 1764 4748 Paulus,
1807 4685 1884 4738 uti
1943 4695 1997 4739 et

423 4775 598 4842 cllipsi
652 4783 706 4826 et
749 4775 1260 4838 circumlocutione,
1309 4787 1364 4830 et
1396 4777 1505 4830 ἀπὸ
1557 4776 1759 4838 κοινοῦ,
1787 4783 1842 4831 cl
1876 4775 1991 4832 fere

422 4867 681 4920 omnihus
736 4867 857 4921 aliis
915 4867 1124 4934 tigttris.
1155 4865 1358 4921 Tamen
1409 4868 1523 4922 ﬁeri
1561 4877 1738 4936 potest
1793 4878 1851 4923 ut
1901 4870 1992 4938 qui

422 4957 566 5012 haud
608 4960 813 5028 eeperit
843 4975 937 5028 per
992 4961 1352 5029 hyperbaton,
1408 4962 1500 5015 sed
1550 4978 1614 5016 eo
1663 4964 1852 5017 ordine
1887 4979 1995 5032 quo

423 5064 584 5102 voces
617 5050 1003 5117 disponuntur,
1043 5051 1350 5105 istiusmodi
1389 5051 1512 5105 inde
1549 5053 1874 5106 sententiam
1906 5069 1996 5107 ve-

420 5153 582 5197 netur
617 5159 630 5196 :
670 5162 688 5194 ι
721 5143 1109 5214 Smpenumero
1157 5147 1414 5215 proposui
1472 5147 1539 5199 ad
1591 5163 1690 5200 vos
1740 5149 1943 5201 venire.
1977 5167 1994 5197 ι

418 5238 488 5289 Αι
513 5254 774 5306 quorsum
821 5255 926 5291 non
979 5237 1212 5292 venisti?
1241 5256 1259 5288 ι
1309 5235 1603 5303 lmpcditus
1638 5238 1735 5303 fui,
1770 5254 2000 5306 rcSpou-

416 5328 528 5394 det,
579 5347 750 5400 usque
789 5345 957 5384 nunc.
1000 5348 1020 5381 ι
1055 5327 1197 5395 Quid
1239 5329 1570 5399 impediebat
1610 5336 1832 5386 autem?
1865 5349 1884 5384 ι
1929 5330 1998 5388 Ut

489 5447 529 5478 “
563 5446 722 5500 Rom.
763 5461 801 5509 l,
833 5446 920 5500 15.

2104 4519 2189 4565 τις
2228 4501 2480 4573 εἰρῆσθαι
2519 4500 2578 4554 τὺ
2609 4501 2806 4571 χωρίον
2865 4499 3106 4563 ὲκλάϐοι,
3157 4513 3270 4568 εχει
3315 4497 3408 4568 τὴν
3437 4497 3653 4550 ἓιὲιοιάν

2101 4591 2275 4654 οὕτως
2306 4589 2719 4661 ἐξηπλωμένηνε
2753 4592 2844 4645 καὶ
2869 4591 2976 4660 γὰρ
3010 4590 3176 4659 πολλή
3208 4607 3292 4650 τις
3318 4589 3408 4641 τοῦ
3434 4586 3650 4640 τοιούτου

2104 4684 2385 4754 σχήματος
2413 4683 2490 4753 τῷ
2542 4683 2762 4754 μεγάλῳ
2794 4682 2992 4751 Παύλῳ
3049 4685 3081 4750 ή
3118 4683 3336 4750 χρῆσις,
3366 4681 3544 4748 ὥσπερ
3573 4678 3650 4727 καὶ

2099 4777 2197 4845 τῆς
2229 4775 2544 4844 ἐλλείψεως,
2577 4775 2671 4828 καὶ
2704 4775 2808 4826 τῶν
2859 4774 3184 4845 περιϐολῶν,
3239 4775 3333 4825 καὶ
3365 4772 3426 4842 δὴ
3461 4766 3649 4824 καὶτοῦ

2104 4870 2211 4922 ἀπὸ
2242 4869 2445 4930 κοινοῦ,
2475 4867 2572 4920 καὶ
2621 4867 2764 4920 κατὰ
2791 4869 2970 4919 πᾶσαν
3027 4858 3172 4920 ἰδέαν
3199 4867 3231 4937 η
3263 4864 3647 4936 μεταχείρησις.

2117 4960 2256 5013 Ἀλλ’
2288 4957 2381 5013 οὖν
2407 4960 2633 5014 δυνατὸν
2664 4967 2756 5012 καὶ
2781 4959 2856 5029 μὴ
2879 4958 3000 5011 καθ’
3033 4958 3344 5030 ὑπερϐατὸν
3390 4954 3648 5022 εἰληφότα,

2105 5054 2220 5108 ἀλλ’
2242 5055 2317 5118 ὡς
2341 5054 2456 5124 ἔχει
2483 5053 2690 5118 τάξεως
2724 5053 3138 5123 συντηρήσαντα
3175 5051 3413 5104 τοιοῦτον
3436 5055 3485 5103 ἐν
3519 5044 3651 5113 αύτῴ

2105 5145 2342 5218 θηρᾶσαι
2368 5148 2458 5199 τὸν
2482 5147 2626 5199 νοῦν·
2660 5144 2956 5207 «Πολλάκις
2985 5143 3296 5215 προεθέμην
3344 5143 3504 5196 ἐλθεῖν
3531 5132 3649 5206 πρδς

2098 5236 2265 5304 ὑμᾶς.
2295 5254 2313 5286 ι
2351 5233 2452 5288 Διὰ
2490 5234 2542 5287 τί
2586 5231 2679 5287 οὖν
2717 5235 2819 5288 οὐκ
2840 5230 3036 5306 ἦλθες;
3067 5252 3088 5286 ι
3131 5233 3456 5302 Ἐκωλύθην,
3479 5228 3647 5296 φησὶν,

2096 5330 2224 5400 ἄχρι
2251 5329 2346 5383 τοῦ
2379 5327 2593 5400 δεῦρο.)
2653 5328 2812 5392 Τίνος
2854 5327 3081 5395 ἐνεκενς
3147 5327 3296 5382 ιἾνα
3317 5328 3433 5380 τινά
3458 5318 3646 5396 καρπὸν

1698 5556 1933 5614 νΛείἶΙᾸΞ
1975 5553 2380 5619 LECTIONES.

545 5674 606 5730 C.
651 5674 796 5731 Moti.
827 5673 1010 5731 minus
1041 5682 1188 5732 recte
1213 5673 1416 5739 αὐτοῖς.

1531 5679 1556 5717 ε
1586 5676 1646 5730 C.
1680 5676 1820 5732 Mon.
1852 5678 2089 5748 ἔχαιρον.
