  <div class='ocr_page' id='page_1' title='image "/cluster/home/n/w/nwhite01/storage/ocr_20150623/101 pt.1/mdp.39015061955830/308.png"; bbox 0 0 3798 6210; ppageno 0'>
   <div class='ocr_carea' id='block_1_1' title="bbox 256 262 2563 337">
    <p class='ocr_par' dir='ltr' id='par_1_1' title="bbox 256 262 2563 337">
     <span class='ocr_line' id='line_1_1' title="bbox 256 262 2563 337; baseline -0.003 -7"><span class='ocrx_word' id='word_1_1' title='bbox 256 267 328 330; x_wconf 73' lang='lat'><strong>73</strong></span> <span class='ocrx_word' id='word_1_2' title='bbox 1208 264 1308 324; x_wconf 81' lang='lat' dir='ltr'><strong>AD</strong></span> <span class='ocrx_word' id='word_1_3' title='bbox 1361 265 1951 327; x_wconf 66' lang='lat' dir='ltr'><strong>AMPIIILOCIIIUM</strong></span> <span class='ocrx_word' id='word_1_4' title='bbox 2018 262 2360 337; x_wconf 68' lang='lat' dir='ltr'><strong>QUzESTIO</strong></span> <span class='ocrx_word' id='word_1_5' title='bbox 2414 265 2563 324; x_wconf 83' lang='lat' dir='ltr'><strong>XCI.</strong></span> 
     </span>
    </p>
   </div>
   <div class='ocr_carea' id='block_1_2' title="bbox 3374 266 3479 330">
    <p class='ocr_par' dir='ltr' id='par_1_2' title="bbox 3374 266 3479 330">
     <span class='ocr_line' id='line_1_2' title="bbox 3374 266 3479 330; baseline 0.01 -2"><span class='ocrx_word' id='word_1_6' title='bbox 3374 266 3479 330; x_wconf 69' lang='lat'><strong>5&#39;74</strong></span> 
     </span>
    </p>
   </div>
   <div class='ocr_carea' id='block_1_3' title="bbox 212 372 1788 446">
    <p class='ocr_par' dir='ltr' id='par_1_3' title="bbox 212 372 1788 446">
     <span class='ocr_line' id='line_1_3' title="bbox 212 372 1788 446; baseline -0.001 -18"><span class='ocrx_word' id='word_1_7' title='bbox 212 375 337 446; x_wconf 82' lang='grc' dir='ltr'><strong>σχῶ</strong></span> <span class='ocrx_word' id='word_1_8' title='bbox 360 372 457 429; x_wconf 72' lang='grc' dir='ltr'>καὶ</span> <span class='ocrx_word' id='word_1_9' title='bbox 487 373 545 427; x_wconf 90' lang='grc' dir='ltr'><strong>ἐν</strong></span> <span class='ocrx_word' id='word_1_10' title='bbox 576 372 728 444; x_wconf 82' lang='grc' dir='ltr'>ὑμῖν.</span> <span class='ocrx_word' id='word_1_11' title='bbox 766 389 786 425; x_wconf 76' lang='grc' dir='ltr'><strong>ι</strong></span> <span class='ocrx_word' id='word_1_12' title='bbox 837 372 1147 436; x_wconf 75' lang='grc' dir='ltr'>Τουτὲστιν,</span> <span class='ocrx_word' id='word_1_13' title='bbox 1181 374 1269 428; x_wconf 84' lang='grc' dir='ltr'>διὰ</span> <span class='ocrx_word' id='word_1_14' title='bbox 1291 374 1452 428; x_wconf 77' lang='grc' dir='ltr'>τοῦτο</span> <span class='ocrx_word' id='word_1_15' title='bbox 1488 375 1788 445; x_wconf 78' lang='grc' dir='ltr'><strong>ἐκωλύθην,</strong></span> 
     </span>
    </p>
   </div>
   <div class='ocr_carea' id='block_1_4' title="bbox 1904 372 3476 446">
    <p class='ocr_par' dir='ltr' id='par_1_4' title="bbox 1904 372 3476 445">
     <span class='ocr_line' id='line_1_4' title="bbox 1904 372 3476 445; baseline 0.001 -17"><span class='ocrx_word' id='word_1_16' title='bbox 1904 376 2141 431; x_wconf 79' lang='lat' dir='ltr'><strong>fructum</strong></span> <span class='ocrx_word' id='word_1_17' title='bbox 2176 376 2412 445; x_wconf 83' lang='lat' dir='ltr'><strong>aliquem</strong></span> <span class='ocrx_word' id='word_1_18' title='bbox 2447 390 2477 428; x_wconf 87' lang='lat' dir='ltr'><strong>a</strong></span> <span class='ocrx_word' id='word_1_19' title='bbox 2506 372 2663 428; x_wconf 88' lang='lat' dir='ltr'><strong>vobis</strong></span> <span class='ocrx_word' id='word_1_20' title='bbox 2704 372 3019 444; x_wconf 87' lang='lat' dir='ltr'><strong>percipiam.</strong></span> <span class='ocrx_word' id='word_1_21' title='bbox 3067 391 3088 428; x_wconf 72' lang='grc' dir='ltr'><strong>ι</strong></span> <span class='ocrx_word' id='word_1_22' title='bbox 3125 374 3182 430; x_wconf 87' lang='lat' dir='ltr'><strong>Id</strong></span> <span class='ocrx_word' id='word_1_23' title='bbox 3218 385 3322 440; x_wconf 90' lang='lat' dir='ltr'><strong>est,</strong></span> <span class='ocrx_word' id='word_1_24' title='bbox 3355 391 3476 429; x_wconf 88' lang='lat' dir='ltr'><strong>eam</strong></span> 
     </span>
    </p>
   </div>
   <div class='ocr_carea' id='block_1_5' title="bbox 213 463 1782 536">
    <p class='ocr_par' dir='ltr' id='par_1_5' title="bbox 213 463 1782 536">
     <span class='ocr_line' id='line_1_5' title="bbox 213 463 1782 536; baseline -0.001 -17"><span class='ocrx_word' id='word_1_25' title='bbox 213 467 309 519; x_wconf 83' lang='grc' dir='ltr'>ἴνα</span> <span class='ocrx_word' id='word_1_26' title='bbox 342 465 417 536; x_wconf 81' lang='grc' dir='ltr'><strong>μὴ</strong></span> <span class='ocrx_word' id='word_1_27' title='bbox 452 465 643 518; x_wconf 82' lang='grc' dir='ltr'>θᾶττον</span> <span class='ocrx_word' id='word_1_28' title='bbox 674 463 843 517; x_wconf 82' lang='grc' dir='ltr'>ἐλθὼν</span> <span class='ocrx_word' id='word_1_29' title='bbox 873 466 1153 536; x_wconf 67' lang='grc' dir='ltr'>ἀκάρπους</span> <span class='ocrx_word' id='word_1_30' title='bbox 1181 465 1322 536; x_wconf 81' lang='grc' dir='ltr'>ὑμᾶς</span> <span class='ocrx_word' id='word_1_31' title='bbox 1361 464 1440 518; x_wconf 77' lang='grc' dir='ltr'>ἔτι</span> <span class='ocrx_word' id='word_1_32' title='bbox 1473 465 1782 520; x_wconf 78' lang='grc' dir='ltr'>καταλάϐω·</span> 
     </span>
    </p>
   </div>
   <div class='ocr_carea' id='block_1_6' title="bbox 209 548 1788 628">
    <p class='ocr_par' dir='ltr' id='par_1_6' title="bbox 209 548 1788 628">
     <span class='ocr_line' id='line_1_6' title="bbox 209 548 1788 628; baseline 0.001 -19"><span class='ocrx_word' id='word_1_33' title='bbox 209 558 545 611; x_wconf 78' lang='grc' dir='ltr'>καταλαϐὼν</span> <span class='ocrx_word' id='word_1_34' title='bbox 578 558 687 628; x_wconf 81' lang='grc' dir='ltr'>γὰρ</span> <span class='ocrx_word' id='word_1_35' title='bbox 718 559 931 628; x_wconf 85' lang='grc' dir='ltr'>ἀώρους</span> <span class='ocrx_word' id='word_1_36' title='bbox 980 556 1313 628; x_wconf 76' lang='grc' dir='ltr'><strong>ἐμεμψάμην</strong></span> <span class='ocrx_word' id='word_1_37' title='bbox 1344 556 1410 610; x_wconf 84' lang='grc' dir='ltr'><strong>ἂν</strong></span> <span class='ocrx_word' id='word_1_38' title='bbox 1439 548 1662 628; x_wconf 74' lang='grc' dir='ltr'>ἐμαυτῷ</span> <span class='ocrx_word' id='word_1_39' title='bbox 1691 548 1788 628; x_wconf 80' lang='grc' dir='ltr'><strong>μέν</strong></span> 
     </span>
    </p>
   </div>
   <div class='ocr_carea' id='block_1_7' title="bbox 207 642 1790 718">
    <p class='ocr_par' dir='ltr' id='par_1_7' title="bbox 207 642 1790 718">
     <span class='ocr_line' id='line_1_7' title="bbox 207 642 1790 718; baseline -0.001 -19"><span class='ocrx_word' id='word_1_40' title='bbox 207 649 320 718; x_wconf 79' lang='grc' dir='ltr'>τῆς</span> <span class='ocrx_word' id='word_1_41' title='bbox 349 649 581 718; x_wconf 79' lang='grc' dir='ltr'>ἀκαίρου</span> <span class='ocrx_word' id='word_1_42' title='bbox 612 647 934 718; x_wconf 78' lang='grc' dir='ltr'>ταχύτητος,</span> <span class='ocrx_word' id='word_1_43' title='bbox 977 648 1071 700; x_wconf 75' lang='grc' dir='ltr'><strong>καὶ</strong></span> <span class='ocrx_word' id='word_1_44' title='bbox 1106 648 1235 717; x_wconf 83' lang='grc' dir='ltr'>ὑμῖν</span> <span class='ocrx_word' id='word_1_45' title='bbox 1259 647 1314 699; x_wconf 87' lang='grc' dir='ltr'>δὲ</span> <span class='ocrx_word' id='word_1_46' title='bbox 1354 648 1448 713; x_wconf 78' lang='grc' dir='ltr'>τῆς</span> <span class='ocrx_word' id='word_1_47' title='bbox 1496 650 1553 700; x_wconf 85' lang='grc' dir='ltr'><strong>ἐν</strong></span> <span class='ocrx_word' id='word_1_48' title='bbox 1582 642 1662 710; x_wconf 85' lang='grc' dir='ltr'><strong>οἷς</strong></span> <span class='ocrx_word' id='word_1_49' title='bbox 1689 647 1790 698; x_wconf 75' lang='grc' dir='ltr'><strong>οὐκ</strong></span> 
     </span>
    </p>
   </div>
   <div class='ocr_carea' id='block_1_8' title="bbox 210 734 1782 810">
    <p class='ocr_par' dir='ltr' id='par_1_8' title="bbox 210 734 1782 810">
     <span class='ocr_line' id='line_1_8' title="bbox 210 734 1782 810; baseline -0.001 -19"><span class='ocrx_word' id='word_1_50' title='bbox 210 734 325 791; x_wconf 76' lang='grc' dir='ltr'>ἔδει</span> <span class='ocrx_word' id='word_1_51' title='bbox 361 739 709 810; x_wconf 82' lang='grc' dir='ltr'>βραδύτητος.</span> <span class='ocrx_word' id='word_1_52' title='bbox 768 740 856 791; x_wconf 82' lang='grc' dir='ltr'>Διὸ</span> <span class='ocrx_word' id='word_1_53' title='bbox 908 737 1246 808; x_wconf 80' lang='grc' dir='ltr'>ἁνεὸαλόμην</span> <span class='ocrx_word' id='word_1_54' title='bbox 1302 737 1401 807; x_wconf 86' lang='grc' dir='ltr'>τὴν</span> <span class='ocrx_word' id='word_1_55' title='bbox 1462 738 1782 808; x_wconf 77' lang='grc' dir='ltr'><strong>παρουσίαν,</strong></span> 
     </span>
    </p>
   </div>
   <div class='ocr_carea' id='block_1_9' title="bbox 209 826 1791 902">
    <p class='ocr_par' dir='ltr' id='par_1_9' title="bbox 209 826 1791 902">
     <span class='ocr_line' id='line_1_9' title="bbox 209 826 1791 902; baseline -0.001 -19"><span class='ocrx_word' id='word_1_56' title='bbox 209 830 458 893; x_wconf 76' lang='grc' dir='ltr'><strong>ἐλπίζων</strong></span> <span class='ocrx_word' id='word_1_57' title='bbox 487 832 582 901; x_wconf 81' lang='grc' dir='ltr'><strong>τὴν</strong></span> <span class='ocrx_word' id='word_1_58' title='bbox 607 832 905 902; x_wconf 83' lang='grc' dir='ltr'>γεωργίαν.</span> <span class='ocrx_word' id='word_1_59' title='bbox 929 826 998 902; x_wconf 80' lang='grc' dir='ltr'><strong>ἧς</strong></span> <span class='ocrx_word' id='word_1_60' title='bbox 1025 830 1147 899; x_wconf 77' lang='grc' dir='ltr'>οὐχὶ</span> <span class='ocrx_word' id='word_1_61' title='bbox 1177 831 1342 900; x_wconf 84' lang='grc' dir='ltr'><strong>μήπω</strong></span> <span class='ocrx_word' id='word_1_62' title='bbox 1381 830 1517 899; x_wconf 77' lang='grc' dir='ltr'>πρὸς</span> <span class='ocrx_word' id='word_1_63' title='bbox 1554 829 1791 900; x_wconf 79' lang='grc' dir='ltr'><strong>βλάστην</strong></span> 
     </span>
    </p>
   </div>
   <div class='ocr_carea' id='block_1_10' title="bbox 208 921 1789 993">
    <p class='ocr_par' dir='ltr' id='par_1_10' title="bbox 208 921 1789 993">
     <span class='ocr_line' id='line_1_10' title="bbox 208 921 1789 993; baseline 0 -20"><span class='ocrx_word' id='word_1_64' title='bbox 208 921 451 992; x_wconf 81' lang='grc' dir='ltr'><strong>ὁρώσης,</strong></span> <span class='ocrx_word' id='word_1_65' title='bbox 511 922 625 976; x_wconf 81' lang='grc' dir='ltr'>ἀλλ’</span> <span class='ocrx_word' id='word_1_66' title='bbox 686 924 789 993; x_wconf 74' lang='grc' dir='ltr'>ἠδη</span> <span class='ocrx_word' id='word_1_67' title='bbox 821 923 914 975; x_wconf 76' lang='grc' dir='ltr'><strong>καὶ</strong></span> <span class='ocrx_word' id='word_1_68' title='bbox 969 925 1078 983; x_wconf 81' lang='grc' dir='ltr'>τοῖς</span> <span class='ocrx_word' id='word_1_69' title='bbox 1109 922 1331 975; x_wconf 82' lang='grc' dir='ltr'><strong>ἄνθεσιν</strong></span> <span class='ocrx_word' id='word_1_70' title='bbox 1374 922 1789 992; x_wconf 87' lang='grc' dir='ltr'>ἐνυστερούσης,</span> 
     </span>
    </p>
   </div>
   <div class='ocr_carea' id='block_1_11' title="bbox 208 1000 1791 1086">
    <p class='ocr_par' dir='ltr' id='par_1_11' title="bbox 208 1000 1791 1086">
     <span class='ocr_line' id='line_1_11' title="bbox 208 1000 1791 1086; baseline -0.001 -19"><span class='ocrx_word' id='word_1_71' title='bbox 208 1004 376 1075; x_wconf 78' lang='grc' dir='ltr'>δκνος</span> <span class='ocrx_word' id='word_1_72' title='bbox 405 1014 893 1086; x_wconf 78' lang='grc' dir='ltr'>ἔχειπαρεῖναιτὴν</span> <span class='ocrx_word' id='word_1_73' title='bbox 906 1015 1112 1084; x_wconf 80' lang='grc' dir='ltr'><strong>ταύτης</strong></span> <span class='ocrx_word' id='word_1_74' title='bbox 1133 1013 1190 1063; x_wconf 87' lang='grc' dir='ltr'><strong>ἐν</strong></span> <span class='ocrx_word' id='word_1_75' title='bbox 1220 1000 1791 1081; x_wconf 64' lang='grc' dir='ltr'>ἀπολαύσειγενέσθαι</span> 
     </span>
    </p>
   </div>
   <div class='ocr_carea' id='block_1_12' title="bbox 210 1103 1794 1176">
    <p class='ocr_par' dir='ltr' id='par_1_12' title="bbox 210 1103 1794 1176">
     <span class='ocr_line' id='line_1_12' title="bbox 210 1103 1794 1176; baseline 0.001 -20"><span class='ocrx_word' id='word_1_76' title='bbox 210 1103 512 1157; x_wconf 80' lang='grc' dir='ltr'>ποθοῦντα.</span> <span class='ocrx_word' id='word_1_77' title='bbox 576 1105 776 1158; x_wconf 86' lang='grc' dir='ltr'>⁹Επειδ’</span> <span class='ocrx_word' id='word_1_78' title='bbox 812 1107 878 1160; x_wconf 89' lang='grc' dir='ltr'>ἂν</span> <span class='ocrx_word' id='word_1_79' title='bbox 931 1106 989 1159; x_wconf 80' lang='grc' dir='ltr'>δὲ</span> <span class='ocrx_word' id='word_1_80' title='bbox 1017 1106 1156 1176; x_wconf 74' lang='grc' dir='ltr'>μετὰ</span> <span class='ocrx_word' id='word_1_81' title='bbox 1181 1106 1279 1175; x_wconf 81' lang='grc' dir='ltr'>τὴν</span> <span class='ocrx_word' id='word_1_82' title='bbox 1339 1105 1577 1175; x_wconf 81' lang='grc' dir='ltr'><strong>βλάστην</strong></span> <span class='ocrx_word' id='word_1_83' title='bbox 1609 1105 1702 1157; x_wconf 76' lang='grc' dir='ltr'><strong>καὶ</strong></span> <span class='ocrx_word' id='word_1_84' title='bbox 1726 1104 1794 1158; x_wconf 73' lang='grc' dir='ltr'>τὰ</span> 
     </span>
    </p>
   </div>
   <div class='ocr_carea' id='block_1_13' title="bbox 209 1194 1794 1269">
    <p class='ocr_par' dir='ltr' id='par_1_13' title="bbox 209 1194 1794 1269">
     <span class='ocr_line' id='line_1_13' title="bbox 209 1194 1794 1269; baseline 0.002 -22"><span class='ocrx_word' id='word_1_85' title='bbox 209 1194 383 1263; x_wconf 81' lang='grc' dir='ltr'>ἄνθη,</span> <span class='ocrx_word' id='word_1_86' title='bbox 419 1197 772 1266; x_wconf 83' lang='grc' dir='ltr'>ἐπιφαίνηται</span> <span class='ocrx_word' id='word_1_87' title='bbox 816 1198 911 1251; x_wconf 78' lang='grc' dir='ltr'><strong>καὶ</strong></span> <span class='ocrx_word' id='word_1_88' title='bbox 953 1198 1441 1269; x_wconf 82' lang='grc' dir='ltr'>τελεσφορουμένη·</span> <span class='ocrx_word' id='word_1_89' title='bbox 1471 1197 1592 1250; x_wconf 88' lang='grc' dir='ltr'>τότε</span> <span class='ocrx_word' id='word_1_90' title='bbox 1618 1201 1794 1269; x_wconf 81' lang='grc' dir='ltr'>χαρᾶς</span> 
     </span>
    </p>
   </div>
   <div class='ocr_carea' id='block_1_14' title="bbox 217 1286 1793 1361">
    <p class='ocr_par' dir='ltr' id='par_1_14' title="bbox 217 1286 1793 1361">
     <span class='ocr_line' id='line_1_14' title="bbox 217 1286 1793 1361; baseline 0.003 -23"><span class='ocrx_word' id='word_1_91' title='bbox 217 1286 319 1339; x_wconf 71' lang='grc' dir='ltr'>καὶ</span> <span class='ocrx_word' id='word_1_92' title='bbox 369 1287 705 1358; x_wconf 80' lang='grc' dir='ltr'>εὐφροσύνης</span> <span class='ocrx_word' id='word_1_93' title='bbox 734 1290 761 1342; x_wconf 88' lang='grc' dir='ltr'>ὁ</span> <span class='ocrx_word' id='word_1_94' title='bbox 795 1289 930 1359; x_wconf 83' lang='grc' dir='ltr'>πρὸς</span> <span class='ocrx_word' id='word_1_95' title='bbox 956 1290 1123 1359; x_wconf 81' lang='grc' dir='ltr'>αὐτὴν</span> <span class='ocrx_word' id='word_1_96' title='bbox 1147 1289 1523 1361; x_wconf 79' lang='grc' dir='ltr'><strong>πληρούμενος</strong></span> <span class='ocrx_word' id='word_1_97' title='bbox 1570 1290 1793 1361; x_wconf 80' lang='grc' dir='ltr'><strong>δρόμος.</strong></span> 
     </span>
    </p>
   </div>
   <div class='ocr_carea' id='block_1_15' title="bbox 208 1373 1797 1451">
    <p class='ocr_par' dir='ltr' id='par_1_15' title="bbox 208 1373 1797 1451">
     <span class='ocr_line' id='line_1_15' title="bbox 208 1373 1797 1451; baseline 0.002 -21"><span class='ocrx_word' id='word_1_98' title='bbox 208 1374 335 1430; x_wconf 77' lang='grc' dir='ltr'>Οὐκ</span> <span class='ocrx_word' id='word_1_99' title='bbox 368 1373 508 1430; x_wconf 74' lang='grc' dir='ltr'>οἶδεν</span> <span class='ocrx_word' id='word_1_100' title='bbox 541 1377 849 1445; x_wconf 80' lang='grc' dir='ltr'>λογίζεσθαι</span> <span class='ocrx_word' id='word_1_101' title='bbox 894 1381 1107 1443; x_wconf 81' lang='grc' dir='ltr'>πόνους,</span> <span class='ocrx_word' id='word_1_102' title='bbox 1161 1380 1281 1432; x_wconf 84' lang='grc' dir='ltr'><strong>ούδέ</strong></span> <span class='ocrx_word' id='word_1_103' title='bbox 1335 1380 1472 1451; x_wconf 81' lang='grc' dir='ltr'>πρὸς</span> <span class='ocrx_word' id='word_1_104' title='bbox 1504 1380 1640 1435; x_wconf 78' lang='grc' dir='ltr'>ἄλλα</span> <span class='ocrx_word' id='word_1_105' title='bbox 1698 1380 1797 1450; x_wconf 81' lang='grc' dir='ltr'>τὴν</span> 
     </span>
    </p>
   </div>
   <div class='ocr_carea' id='block_1_16' title="bbox 208 1468 1793 1545">
    <p class='ocr_par' dir='ltr' id='par_1_16' title="bbox 208 1468 1793 1545">
     <span class='ocr_line' id='line_1_16' title="bbox 208 1468 1793 1545; baseline 0.001 -23"><span class='ocrx_word' id='word_1_106' title='bbox 208 1472 459 1541; x_wconf 72' lang='grc' dir='ltr'>σπουδὴν</span> <span class='ocrx_word' id='word_1_107' title='bbox 474 1472 881 1542; x_wconf 74' lang='grc' dir='ltr'>καταμερίζειν.</span> <span class='ocrx_word' id='word_1_108' title='bbox 915 1468 979 1525; x_wconf 89' lang='grc' dir='ltr'>Τί</span> <span class='ocrx_word' id='word_1_109' title='bbox 1003 1470 1097 1526; x_wconf 82' lang='grc' dir='ltr'><strong>οὖν</strong></span> <span class='ocrx_word' id='word_1_110' title='bbox 1124 1472 1190 1526; x_wconf 83' lang='grc' dir='ltr'>ἂν</span> <span class='ocrx_word' id='word_1_111' title='bbox 1220 1474 1314 1526; x_wconf 78' lang='grc' dir='ltr'>καὶ</span> <span class='ocrx_word' id='word_1_112' title='bbox 1340 1476 1793 1545; x_wconf 81' lang='grc' dir='ltr'>καρποφορῶσιν;</span> 
     </span>
    </p>
   </div>
   <div class='ocr_carea' id='block_1_17' title="bbox 206 1548 1793 1635">
    <p class='ocr_par' dir='ltr' id='par_1_17' title="bbox 206 1548 1793 1635">
     <span class='ocr_line' id='line_1_17' title="bbox 206 1548 1793 1635; baseline 0.003 -23"><span class='ocrx_word' id='word_1_113' title='bbox 206 1557 296 1621; x_wconf 87' lang='grc' dir='ltr'><strong>τίς</strong></span> <span class='ocrx_word' id='word_1_114' title='bbox 320 1561 356 1631; x_wconf 77' lang='grc' dir='ltr'><strong>ἡ</strong></span> <span class='ocrx_word' id='word_1_115' title='bbox 387 1561 547 1631; x_wconf 80' lang='grc' dir='ltr'>χρεία</span> <span class='ocrx_word' id='word_1_116' title='bbox 582 1562 681 1631; x_wconf 82' lang='grc' dir='ltr'>τῆς</span> <span class='ocrx_word' id='word_1_117' title='bbox 712 1548 1019 1633; x_wconf 84' lang='grc' dir='ltr'>παρουσίας</span> <span class='ocrx_word' id='word_1_118' title='bbox 1051 1561 1303 1631; x_wconf 83' lang='grc' dir='ltr'>Παύλου;</span> <span class='ocrx_word' id='word_1_119' title='bbox 1338 1564 1516 1634; x_wconf 84' lang='grc' dir='ltr'>Πολλὴ</span> <span class='ocrx_word' id='word_1_120' title='bbox 1545 1566 1643 1635; x_wconf 83' lang='grc' dir='ltr'>μὲν</span> <span class='ocrx_word' id='word_1_121' title='bbox 1677 1564 1793 1617; x_wconf 81' lang='grc' dir='ltr'>οὖν.</span> 
     </span>
    </p>
   </div>
   <div class='ocr_carea' id='block_1_18' title="bbox 206 1649 1794 1724">
    <p class='ocr_par' dir='ltr' id='par_1_18' title="bbox 206 1649 1794 1724">
     <span class='ocr_line' id='line_1_18' title="bbox 206 1649 1794 1724; baseline 0.006 -23"><span class='ocrx_word' id='word_1_122' title='bbox 206 1650 292 1702; x_wconf 77' lang='grc' dir='ltr'><strong>Οὐ</strong></span> <span class='ocrx_word' id='word_1_123' title='bbox 338 1649 446 1720; x_wconf 72' lang='grc' dir='ltr'>γὰρ</span> <span class='ocrx_word' id='word_1_124' title='bbox 509 1652 691 1704; x_wconf 73' lang='grc' dir='ltr'>πάντα</span> <span class='ocrx_word' id='word_1_125' title='bbox 744 1649 1007 1723; x_wconf 80' lang='grc' dir='ltr'>ἀνέμενεν</span> <span class='ocrx_word' id='word_1_126' title='bbox 1067 1653 1158 1707; x_wconf 75' lang='grc' dir='ltr'>τὸν</span> <span class='ocrx_word' id='word_1_127' title='bbox 1212 1655 1446 1724; x_wconf 82' lang='grc' dir='ltr'>καρπὸν,</span> <span class='ocrx_word' id='word_1_128' title='bbox 1483 1654 1619 1707; x_wconf 84' lang='grc' dir='ltr'><strong>ἀλλὰ</strong></span> <span class='ocrx_word' id='word_1_129' title='bbox 1650 1654 1794 1710; x_wconf 83' lang='grc' dir='ltr'>τινά.</span> 
     </span>
    </p>
   </div>
   <div class='ocr_carea' id='block_1_19' title="bbox 1898 466 3477 534">
    <p class='ocr_par' dir='ltr' id='par_1_19' title="bbox 1898 466 3477 534">
     <span class='ocr_line' id='line_1_19' title="bbox 1898 466 3477 534; baseline -0.001 -12"><span class='ocrx_word' id='word_1_130' title='bbox 1898 469 1966 522; x_wconf 90' lang='lat' dir='ltr'><strong>ob</strong></span> <span class='ocrx_word' id='word_1_131' title='bbox 1998 483 2220 521; x_wconf 80' lang='lat' dir='ltr'><strong>causam</strong></span> <span class='ocrx_word' id='word_1_132' title='bbox 2252 466 2558 534; x_wconf 78' lang='lat' dir='ltr'><strong>prohibitus</strong></span> <span class='ocrx_word' id='word_1_133' title='bbox 2605 482 2749 525; x_wconf 86' lang='lat' dir='ltr'><strong>sum,</strong></span> <span class='ocrx_word' id='word_1_134' title='bbox 2792 483 2854 517; x_wconf 88' lang='lat' dir='ltr'><strong>ne</strong></span> <span class='ocrx_word' id='word_1_135' title='bbox 2886 467 2929 520; x_wconf 90' lang='lat' dir='ltr'><strong>si</strong></span> <span class='ocrx_word' id='word_1_136' title='bbox 2982 467 3146 522; x_wconf 88' lang='lat' dir='ltr'><strong>citius</strong></span> <span class='ocrx_word' id='word_1_137' title='bbox 3180 468 3477 531; x_wconf 80' lang='lat' dir='ltr'><strong>venissem,</strong></span> 
     </span>
    </p>
   </div>
   <div class='ocr_carea' id='block_1_20' title="bbox 1894 557 3474 628">
    <p class='ocr_par' dir='ltr' id='par_1_20' title="bbox 1894 557 3474 628">
     <span class='ocr_line' id='line_1_20' title="bbox 1894 557 3474 628; baseline -0.001 -17"><span class='ocrx_word' id='word_1_138' title='bbox 1894 565 1989 613; x_wconf 59' lang='lat' dir='ltr'><strong>Vos</strong></span> <span class='ocrx_word' id='word_1_139' title='bbox 2015 557 2367 628; x_wconf 77' lang='lat' dir='ltr'><strong>infrugiferos</strong></span> <span class='ocrx_word' id='word_1_140' title='bbox 2392 558 2714 625; x_wconf 83' lang='lat' dir='ltr'><strong>reperissent</strong></span> <span class='ocrx_word' id='word_1_141' title='bbox 2744 566 2759 621; x_wconf 85' lang='lat'><strong>;</strong></span> <span class='ocrx_word' id='word_1_142' title='bbox 2791 560 2835 610; x_wconf 92' lang='lat' dir='ltr'><strong>si</strong></span> <span class='ocrx_word' id='word_1_143' title='bbox 2863 557 3006 611; x_wconf 91' lang='lat' dir='ltr'><strong>enim</strong></span> <span class='ocrx_word' id='word_1_144' title='bbox 3035 558 3358 611; x_wconf 75' lang='lat' dir='ltr'><strong>immaturos</strong></span> <span class='ocrx_word' id='word_1_145' title='bbox 3391 560 3474 610; x_wconf 86' lang='lat' dir='ltr'><strong>in-</strong></span> 
     </span>
    </p>
   </div>
   <div class='ocr_carea' id='block_1_21' title="bbox 1891 647 3470 719">
    <p class='ocr_par' dir='ltr' id='par_1_21' title="bbox 1891 647 3470 719">
     <span class='ocr_line' id='line_1_21' title="bbox 1891 647 3470 719; baseline -0.001 -16"><span class='ocrx_word' id='word_1_146' title='bbox 1891 650 2186 712; x_wconf 82' lang='lat' dir='ltr'><strong>venissem,</strong></span> <span class='ocrx_word' id='word_1_147' title='bbox 2255 647 2564 717; x_wconf 85' lang='lat' dir='ltr'><strong>culpassent</strong></span> <span class='ocrx_word' id='word_1_148' title='bbox 2643 649 3081 719; x_wconf 86' lang='lat' dir='ltr'><strong>intempestivum</strong></span> <span class='ocrx_word' id='word_1_149' title='bbox 3176 649 3470 703; x_wconf 84' lang='lat' dir='ltr'><strong>adventum</strong></span> 
     </span>
    </p>
   </div>
   <div class='ocr_carea' id='block_1_22' title="bbox 1893 736 3466 807">
    <p class='ocr_par' dir='ltr' id='par_1_22' title="bbox 1893 736 3466 807">
     <span class='ocr_line' id='line_1_22' title="bbox 1893 736 3466 807; baseline -0.002 -9"><span class='ocrx_word' id='word_1_150' title='bbox 1893 758 2100 807; x_wconf 92' lang='lat' dir='ltr'><strong>meum,</strong></span> <span class='ocrx_word' id='word_1_151' title='bbox 2132 756 2219 796; x_wconf 90' lang='lat' dir='ltr'><strong>me</strong></span> <span class='ocrx_word' id='word_1_152' title='bbox 2254 741 2320 796; x_wconf 90' lang='lat' dir='ltr'><strong>de</strong></span> <span class='ocrx_word' id='word_1_153' title='bbox 2368 739 2718 794; x_wconf 79' lang='lat' dir='ltr'><strong>festinatione</strong></span> <span class='ocrx_word' id='word_1_154' title='bbox 2750 740 2937 805; x_wconf 78' lang='lat' dir='ltr'><strong>nimia,</strong></span> <span class='ocrx_word' id='word_1_155' title='bbox 2964 756 3061 794; x_wconf 88' lang='lat' dir='ltr'><strong>vos</strong></span> <span class='ocrx_word' id='word_1_156' title='bbox 3091 740 3157 796; x_wconf 90' lang='lat' dir='ltr'><strong>de</strong></span> <span class='ocrx_word' id='word_1_157' title='bbox 3188 736 3466 801; x_wconf 74' lang='lat' dir='ltr'><strong>tarditazc,</strong></span> 
     </span>
    </p>
   </div>
   <div class='ocr_carea' id='block_1_23' title="bbox 1893 829 3481 902">
    <p class='ocr_par' dir='ltr' id='par_1_23' title="bbox 1893 829 3481 902">
     <span class='ocr_line' id='line_1_23' title="bbox 1893 829 3481 902; baseline -0.003 -16"><span class='ocrx_word' id='word_1_158' title='bbox 1893 832 1947 886; x_wconf 90' lang='lat' dir='ltr'><strong>in</strong></span> <span class='ocrx_word' id='word_1_159' title='bbox 1977 834 2043 888; x_wconf 91' lang='lat' dir='ltr'><strong>iis</strong></span> <span class='ocrx_word' id='word_1_160' title='bbox 2079 847 2200 902; x_wconf 61' lang='lat' dir='ltr'><strong>quae</strong></span> <span class='ocrx_word' id='word_1_161' title='bbox 2248 847 2353 884; x_wconf 88' lang='lat' dir='ltr'><strong>non</strong></span> <span class='ocrx_word' id='word_1_162' title='bbox 2403 829 2686 883; x_wconf 86' lang='lat' dir='ltr'><strong>decebant.</strong></span> <span class='ocrx_word' id='word_1_163' title='bbox 2737 830 2864 885; x_wconf 87' lang='lat' dir='ltr'><strong>Ideo</strong></span> <span class='ocrx_word' id='word_1_164' title='bbox 2911 831 3205 885; x_wconf 78' lang='lat' dir='ltr'><strong>adventum</strong></span> <span class='ocrx_word' id='word_1_165' title='bbox 3260 846 3481 901; x_wconf 44' lang='lat' dir='ltr'><strong>compta</strong></span> 
     </span>
    </p>
   </div>
   <div class='ocr_carea' id='block_1_24' title="bbox 1895 923 3479 992">
    <p class='ocr_par' dir='ltr' id='par_1_24' title="bbox 1895 923 3479 992">
     <span class='ocr_line' id='line_1_24' title="bbox 1895 923 3479 992; baseline 0 -15"><span class='ocrx_word' id='word_1_166' title='bbox 1895 923 2174 978; x_wconf 81' lang='lat' dir='ltr'><strong>rendinavi</strong></span> <span class='ocrx_word' id='word_1_167' title='bbox 2220 938 2422 985; x_wconf 87' lang='lat' dir='ltr'><strong>meum,</strong></span> <span class='ocrx_word' id='word_1_168' title='bbox 2459 931 2777 989; x_wconf 81' lang='lat' dir='ltr'><strong>proventum</strong></span> <span class='ocrx_word' id='word_1_169' title='bbox 2821 930 3170 992; x_wconf 79' lang='lat' dir='ltr'><strong>exspectans,</strong></span> <span class='ocrx_word' id='word_1_170' title='bbox 3226 926 3317 990; x_wconf 87' lang='lat' dir='ltr'><strong>qui</strong></span> <span class='ocrx_word' id='word_1_171' title='bbox 3355 938 3479 977; x_wconf 91' lang='lat' dir='ltr'><strong>eum</strong></span> 
     </span>
    </p>
   </div>
   <div class='ocr_carea' id='block_1_25' title="bbox 1894 1014 3478 1085">
    <p class='ocr_par' dir='ltr' id='par_1_25' title="bbox 1894 1014 3478 1085">
     <span class='ocr_line' id='line_1_25' title="bbox 1894 1014 3478 1085; baseline -0.003 -16"><span class='ocrx_word' id='word_1_172' title='bbox 1894 1016 2135 1069; x_wconf 90' lang='lat' dir='ltr'><strong>nondum</strong></span> <span class='ocrx_word' id='word_1_173' title='bbox 2168 1015 2650 1085; x_wconf 78' lang='lat' dir='ltr'><strong>egerminationem</strong></span> <span class='ocrx_word' id='word_1_174' title='bbox 2689 1014 3001 1083; x_wconf 88' lang='lat' dir='ltr'><strong>respiceret,</strong></span> <span class='ocrx_word' id='word_1_175' title='bbox 3037 1014 3130 1068; x_wconf 89' lang='lat' dir='ltr'><strong>sed</strong></span> <span class='ocrx_word' id='word_1_176' title='bbox 3174 1015 3382 1068; x_wconf 79' lang='lat' dir='ltr'><strong>tardius</strong></span> <span class='ocrx_word' id='word_1_177' title='bbox 3426 1016 3478 1067; x_wconf 89' lang='lat' dir='ltr'><strong>in</strong></span> 
     </span>
    </p>
   </div>
   <div class='ocr_carea' id='block_1_26' title="bbox 1894 1104 3486 1176">
    <p class='ocr_par' dir='ltr' id='par_1_26' title="bbox 1894 1104 3486 1176">
     <span class='ocr_line' id='line_1_26' title="bbox 1894 1104 3486 1176; baseline -0.003 -17"><span class='ocrx_word' id='word_1_178' title='bbox 1894 1105 2079 1160; x_wconf 84' lang='lat' dir='ltr'><strong>ﬂorem</strong></span> <span class='ocrx_word' id='word_1_179' title='bbox 2116 1107 2439 1172; x_wconf 71' lang='lat' dir='ltr'><strong>solveretur,</strong></span> <span class='ocrx_word' id='word_1_180' title='bbox 2474 1116 2788 1176; x_wconf 74' lang='lat' dir='ltr'><strong>gravaretur</strong></span> <span class='ocrx_word' id='word_1_181' title='bbox 2823 1106 2912 1160; x_wconf 91' lang='lat' dir='ltr'><strong>ille</strong></span> <span class='ocrx_word' id='word_1_182' title='bbox 2956 1106 3167 1169; x_wconf 86' lang='lat' dir='ltr'><strong>adesse,</strong></span> <span class='ocrx_word' id='word_1_183' title='bbox 3204 1106 3295 1174; x_wconf 88' lang='lat' dir='ltr'><strong>qui</strong></span> <span class='ocrx_word' id='word_1_184' title='bbox 3339 1104 3486 1157; x_wconf 53' lang='lat' dir='ltr'><strong>desic</strong></span> 
     </span>
    </p>
   </div>
   <div class='ocr_carea' id='block_1_27' title="bbox 1894 1196 3484 1268">
    <p class='ocr_par' dir='ltr' id='par_1_27' title="bbox 1894 1196 3484 1268">
     <span class='ocr_line' id='line_1_27' title="bbox 1894 1196 3484 1268; baseline -0.003 -14"><span class='ocrx_word' id='word_1_185' title='bbox 1894 1199 2047 1254; x_wconf 87' lang='lat' dir='ltr'><strong>derio</strong></span> <span class='ocrx_word' id='word_1_186' title='bbox 2076 1199 2194 1268; x_wconf 86' lang='lat' dir='ltr'><strong>ejus</strong></span> <span class='ocrx_word' id='word_1_187' title='bbox 2228 1198 2471 1253; x_wconf 74' lang='lat' dir='ltr'><strong>fruenda:</strong></span> <span class='ocrx_word' id='word_1_188' title='bbox 2507 1209 2799 1253; x_wconf 86' lang='lat' dir='ltr'><strong>teneretur.</strong></span> <span class='ocrx_word' id='word_1_189' title='bbox 2864 1198 2929 1253; x_wconf 83' lang='lat' dir='ltr'><strong>At</strong></span> <span class='ocrx_word' id='word_1_190' title='bbox 2967 1214 3090 1253; x_wconf 90' lang='lat' dir='ltr'><strong>cum</strong></span> <span class='ocrx_word' id='word_1_191' title='bbox 3125 1207 3248 1264; x_wconf 86' lang='lat' dir='ltr'><strong>post</strong></span> <span class='ocrx_word' id='word_1_192' title='bbox 3284 1196 3484 1265; x_wconf 85' lang='lat' dir='ltr'><strong>germi-</strong></span> 
     </span>
    </p>
   </div>
   <div class='ocr_carea' id='block_1_28' title="bbox 1898 1287 3481 1358">
    <p class='ocr_par' dir='ltr' id='par_1_28' title="bbox 1898 1287 3481 1358">
     <span class='ocr_line' id='line_1_28' title="bbox 1898 1287 3481 1358; baseline -0.001 -16"><span class='ocrx_word' id='word_1_193' title='bbox 1898 1289 2171 1343; x_wconf 87' lang='lat' dir='ltr'><strong>nationem</strong></span> <span class='ocrx_word' id='word_1_194' title='bbox 2204 1288 2442 1343; x_wconf 85' lang='lat' dir='ltr'><strong>etﬂores</strong></span> <span class='ocrx_word' id='word_1_195' title='bbox 2486 1290 2550 1343; x_wconf 93' lang='lat' dir='ltr'><strong>ad</strong></span> <span class='ocrx_word' id='word_1_196' title='bbox 2579 1288 2965 1358; x_wconf 73' lang='lat' dir='ltr'><strong>perfectionem</strong></span> <span class='ocrx_word' id='word_1_197' title='bbox 3013 1289 3243 1341; x_wconf 86' lang='lat' dir='ltr'><strong>adducta</strong></span> <span class='ocrx_word' id='word_1_198' title='bbox 3288 1287 3481 1351; x_wconf 82' lang='lat' dir='ltr'><strong>fuerat,</strong></span> 
     </span>
    </p>
   </div>
   <div class='ocr_carea' id='block_1_29' title="bbox 1899 1380 3487 1450">
    <p class='ocr_par' dir='ltr' id='par_1_29' title="bbox 1899 1380 3487 1450">
     <span class='ocr_line' id='line_1_29' title="bbox 1899 1380 3487 1450; baseline -0.001 -15"><span class='ocrx_word' id='word_1_199' title='bbox 1899 1390 2012 1435; x_wconf 87' lang='lat' dir='ltr'><strong>tum</strong></span> <span class='ocrx_word' id='word_1_200' title='bbox 2044 1397 2298 1436; x_wconf 87' lang='lat' dir='ltr'><strong>accessus</strong></span> <span class='ocrx_word' id='word_1_201' title='bbox 2355 1382 2420 1435; x_wconf 91' lang='lat' dir='ltr'><strong>ad</strong></span> <span class='ocrx_word' id='word_1_202' title='bbox 2460 1397 2553 1435; x_wconf 85' lang='lat' dir='ltr'><strong>eos</strong></span> <span class='ocrx_word' id='word_1_203' title='bbox 2602 1397 2769 1435; x_wconf 89' lang='lat' dir='ltr'><strong>cursu</strong></span> <span class='ocrx_word' id='word_1_204' title='bbox 2822 1380 3132 1445; x_wconf 79' lang='lat' dir='ltr'><strong>festinatns,</strong></span> <span class='ocrx_word' id='word_1_205' title='bbox 3180 1380 3379 1450; x_wconf 81' lang='lat' dir='ltr'><strong>gaudio</strong></span> <span class='ocrx_word' id='word_1_206' title='bbox 3432 1389 3487 1433; x_wconf 85' lang='lat' dir='ltr'><strong>ct</strong></span> 
     </span>
    </p>
   </div>
   <div class='ocr_carea' id='block_1_30' title="bbox 1897 1472 3481 1539">
    <p class='ocr_par' dir='ltr' id='par_1_30' title="bbox 1897 1472 3481 1539">
     <span class='ocr_line' id='line_1_30' title="bbox 1897 1472 3481 1539; baseline -0.004 -11"><span class='ocrx_word' id='word_1_207' title='bbox 1897 1472 2083 1529; x_wconf 71' lang='lat' dir='ltr'><strong>laetitia</strong></span> <span class='ocrx_word' id='word_1_208' title='bbox 2111 1474 2457 1539; x_wconf 80' lang='lat' dir='ltr'><strong>abundabat;</strong></span> <span class='ocrx_word' id='word_1_209' title='bbox 2489 1473 2701 1527; x_wconf 85' lang='lat' dir='ltr'><strong>labores</strong></span> <span class='ocrx_word' id='word_1_210' title='bbox 2750 1472 2891 1525; x_wconf 88' lang='lat' dir='ltr'><strong>haud</strong></span> <span class='ocrx_word' id='word_1_211' title='bbox 2956 1473 3105 1525; x_wconf 91' lang='lat' dir='ltr'><strong>novit</strong></span> <span class='ocrx_word' id='word_1_212' title='bbox 3138 1480 3481 1539; x_wconf 83' lang='lat' dir='ltr'><strong>computare,</strong></span> 
     </span>
    </p>
   </div>
   <div class='ocr_carea' id='block_1_31' title="bbox 1896 1563 3486 1633">
    <p class='ocr_par' dir='ltr' id='par_1_31' title="bbox 1896 1563 3486 1633">
     <span class='ocr_line' id='line_1_31' title="bbox 1896 1563 3486 1633; baseline -0.003 -12"><span class='ocrx_word' id='word_1_213' title='bbox 1896 1582 2007 1621; x_wconf 88' lang='lat' dir='ltr'><strong>non</strong></span> <span class='ocrx_word' id='word_1_214' title='bbox 2041 1581 2227 1619; x_wconf 86' lang='lat' dir='ltr'><strong>curam</strong></span> <span class='ocrx_word' id='word_1_215' title='bbox 2263 1566 2477 1619; x_wconf 88' lang='lat' dir='ltr'><strong>divisim</strong></span> <span class='ocrx_word' id='word_1_216' title='bbox 2541 1564 2663 1619; x_wconf 87' lang='lat' dir='ltr'><strong>aliis</strong></span> <span class='ocrx_word' id='word_1_217' title='bbox 2720 1565 3048 1633; x_wconf 87' lang='lat' dir='ltr'><strong>impendere.</strong></span> <span class='ocrx_word' id='word_1_218' title='bbox 3097 1563 3249 1628; x_wconf 88' lang='lat' dir='ltr'><strong>Quod</strong></span> <span class='ocrx_word' id='word_1_219' title='bbox 3287 1563 3331 1617; x_wconf 90' lang='lat' dir='ltr'><strong>si</strong></span> <span class='ocrx_word' id='word_1_220' title='bbox 3370 1564 3486 1616; x_wconf 76' lang='lat' dir='ltr'><strong>rru-</strong></span> 
     </span>
    </p>
   </div>
   <div class='ocr_carea' id='block_1_32' title="bbox 1901 1652 3484 1720">
    <p class='ocr_par' dir='ltr' id='par_1_32' title="bbox 1901 1652 3484 1720">
     <span class='ocr_line' id='line_1_32' title="bbox 1901 1652 3484 1720; baseline -0.003 -8"><span class='ocrx_word' id='word_1_221' title='bbox 1901 1653 2163 1720; x_wconf 79' lang='lat' dir='ltr'><strong>ctiﬁcent,</strong></span> <span class='ocrx_word' id='word_1_222' title='bbox 2194 1657 2283 1711; x_wconf 88' lang='lat' dir='ltr'><strong>cui</strong></span> <span class='ocrx_word' id='word_1_223' title='bbox 2325 1657 2446 1711; x_wconf 87' lang='lat' dir='ltr'><strong>usui</strong></span> <span class='ocrx_word' id='word_1_224' title='bbox 2493 1655 2750 1712; x_wconf 88' lang='lat' dir='ltr'><strong>inserviet</strong></span> <span class='ocrx_word' id='word_1_225' title='bbox 2776 1657 3041 1711; x_wconf 80' lang='lat' dir='ltr'><strong>adventus</strong></span> <span class='ocrx_word' id='word_1_226' title='bbox 3074 1653 3270 1709; x_wconf 87' lang='lat' dir='ltr'><strong>Pauli?</strong></span> <span class='ocrx_word' id='word_1_227' title='bbox 3298 1652 3484 1708; x_wconf 82' lang='lat' dir='ltr'><strong>Multi-</strong></span> 
     </span>
    </p>
   </div>
   <div class='ocr_carea' id='block_1_33' title="bbox 212 1731 1788 1820">
    <p class='ocr_par' dir='ltr' id='par_1_33' title="bbox 212 1741 1788 1815">
     <span class='ocr_line' id='line_1_33' title="bbox 212 1741 1788 1815; baseline 0.003 -23"><span class='ocrx_word' id='word_1_228' title='bbox 212 1760 232 1787; x_wconf 76' lang='grc' dir='ltr'><strong>σ</strong></span> <span class='ocrx_word' id='word_1_229' title='bbox 282 1741 407 1793; x_wconf 84' lang='grc' dir='ltr'><strong>Ἵνα</strong></span> <span class='ocrx_word' id='word_1_230' title='bbox 438 1744 546 1812; x_wconf 75' lang='grc' dir='ltr'><strong>γάρ</strong></span> <span class='ocrx_word' id='word_1_231' title='bbox 576 1760 696 1793; x_wconf 89' lang='grc' dir='ltr'>τινα</span> <span class='ocrx_word' id='word_1_232' title='bbox 743 1743 953 1813; x_wconf 87' lang='grc' dir='ltr'>καρπὸν</span> <span class='ocrx_word' id='word_1_233' title='bbox 996 1744 1130 1814; x_wconf 81' lang='grc' dir='ltr'>σχῶ,</span> <span class='ocrx_word' id='word_1_234' title='bbox 1171 1744 1325 1815; x_wconf 69' lang='grc' dir='ltr'>φησι,</span> <span class='ocrx_word' id='word_1_235' title='bbox 1373 1745 1469 1796; x_wconf 66' lang='grc' dir='ltr'>καὶ</span> <span class='ocrx_word' id='word_1_236' title='bbox 1498 1745 1557 1797; x_wconf 89' lang='grc' dir='ltr'><strong>ἐν</strong></span> <span class='ocrx_word' id='word_1_237' title='bbox 1587 1744 1734 1815; x_wconf 85' lang='grc' dir='ltr'>ὑμῖν.</span> <span class='ocrx_word' id='word_1_238' title='bbox 1776 1764 1788 1796; x_wconf 86' lang='grc' dir='ltr'><strong>ι</strong></span> 
     </span>
    </p>
   </div>
   <div class='ocr_carea' id='block_1_34' title="bbox 1904 1731 3485 1820">
    <p class='ocr_par' dir='ltr' id='par_1_34' title="bbox 1906 1744 3485 1820">
     <span class='ocr_line' id='line_1_34' title="bbox 1906 1744 3485 1820; baseline 0 -17"><span class='ocrx_word' id='word_1_239' title='bbox 1906 1750 2031 1819; x_wconf 86' lang='lat' dir='ltr'><strong>plici</strong></span> <span class='ocrx_word' id='word_1_240' title='bbox 2058 1744 2320 1820; x_wconf 75' lang='lat' dir='ltr'><strong>profecto.</strong></span> <span class='ocrx_word' id='word_1_241' title='bbox 2371 1744 2488 1803; x_wconf 86' lang='lat' dir='ltr'><strong>Non</strong></span> <span class='ocrx_word' id='word_1_242' title='bbox 2526 1750 2670 1804; x_wconf 88' lang='lat' dir='ltr'><strong>enim</strong></span> <span class='ocrx_word' id='word_1_243' title='bbox 2721 1749 3095 1804; x_wconf 86' lang='lat' dir='ltr'><strong>omnimodum</strong></span> <span class='ocrx_word' id='word_1_244' title='bbox 3149 1750 3485 1818; x_wconf 77' lang='lat' dir='ltr'><strong>exspectavit</strong></span> 
     </span>
    </p>
   </div>
   <div class='ocr_carea' id='block_1_35' title="bbox 208 1833 1803 1905">
    <p class='ocr_par' dir='ltr' id='par_1_35' title="bbox 208 1833 1803 1905">
     <span class='ocr_line' id='line_1_35' title="bbox 208 1833 1803 1905; baseline 0.003 -22"><span class='ocrx_word' id='word_1_245' title='bbox 208 1833 437 1902; x_wconf 79' lang='grc' dir='ltr'>Ὠσπερ</span> <span class='ocrx_word' id='word_1_246' title='bbox 464 1833 520 1885; x_wconf 80' lang='grc' dir='ltr'>δὲ</span> <span class='ocrx_word' id='word_1_247' title='bbox 552 1835 808 1904; x_wconf 79' lang='grc' dir='ltr'>περιττὸν</span> <span class='ocrx_word' id='word_1_248' title='bbox 835 1836 929 1887; x_wconf 77' lang='grc' dir='ltr'>καὶ</span> <span class='ocrx_word' id='word_1_249' title='bbox 957 1836 1190 1905; x_wconf 76' lang='grc' dir='ltr'>μάταιον</span> <span class='ocrx_word' id='word_1_250' title='bbox 1213 1836 1305 1888; x_wconf 74' lang='grc' dir='ltr'><strong>τὸν</strong></span> <span class='ocrx_word' id='word_1_251' title='bbox 1340 1833 1563 1900; x_wconf 77' lang='grc' dir='ltr'><strong>τελείως</strong></span> <span class='ocrx_word' id='word_1_252' title='bbox 1590 1853 1803 1905; x_wconf 84' lang='grc' dir='ltr'>καρπο-</span> 
     </span>
    </p>
   </div>
   <div class='ocr_carea' id='block_1_36' title="bbox 207 1922 1802 1996">
    <p class='ocr_par' dir='ltr' id='par_1_36' title="bbox 207 1922 1802 1996">
     <span class='ocr_line' id='line_1_36' title="bbox 207 1922 1802 1996; baseline 0.003 -21"><span class='ocrx_word' id='word_1_253' title='bbox 207 1922 497 1994; x_wconf 79' lang='grc' dir='ltr'>φοροῦντα</span> <span class='ocrx_word' id='word_1_254' title='bbox 530 1926 610 1987; x_wconf 82' lang='grc' dir='ltr'><strong>είς</strong></span> <span class='ocrx_word' id='word_1_255' title='bbox 650 1927 1039 1995; x_wconf 56' lang='grc' dir='ltr'>καρποφορίαν</span> <span class='ocrx_word' id='word_1_256' title='bbox 1081 1926 1444 1996; x_wconf 78' lang='grc' dir='ltr'>παρακαλεῖν,</span> <span class='ocrx_word' id='word_1_257' title='bbox 1481 1926 1655 1991; x_wconf 75' lang='grc' dir='ltr'>οὕτως</span> <span class='ocrx_word' id='word_1_258' title='bbox 1682 1928 1802 1981; x_wconf 84' lang='grc' dir='ltr'>ἐπί-</span> 
     </span>
    </p>
   </div>
   <div class='ocr_carea' id='block_1_37' title="bbox 221 2017 1803 2091">
    <p class='ocr_par' dir='ltr' id='par_1_37' title="bbox 221 2017 1803 2091">
     <span class='ocr_line' id='line_1_37' title="bbox 221 2017 1803 2091; baseline 0.005 -25"><span class='ocrx_word' id='word_1_259' title='bbox 221 2031 401 2068; x_wconf 86' lang='grc' dir='ltr'>πονον</span> <span class='ocrx_word' id='word_1_260' title='bbox 427 2018 516 2068; x_wconf 69' lang='grc' dir='ltr'><strong>καὶ</strong></span> <span class='ocrx_word' id='word_1_261' title='bbox 547 2017 805 2087; x_wconf 79' lang='grc' dir='ltr'>ὀκνηρὸν,</span> <span class='ocrx_word' id='word_1_262' title='bbox 841 2018 907 2070; x_wconf 85' lang='grc' dir='ltr'>ἂν</span> <span class='ocrx_word' id='word_1_263' title='bbox 925 2021 1056 2089; x_wconf 74' lang='grc' dir='ltr'>μηδὲ</span> <span class='ocrx_word' id='word_1_264' title='bbox 1077 2020 1318 2089; x_wconf 82' lang='grc' dir='ltr'>χρηστὰς</span> <span class='ocrx_word' id='word_1_265' title='bbox 1337 2021 1557 2082; x_wconf 76' lang='grc' dir='ltr'>ἐλπίδας</span> <span class='ocrx_word' id='word_1_266' title='bbox 1580 2022 1803 2091; x_wconf 80' lang='grc' dir='ltr'>ὑπάρχῃ</span> 
     </span>
    </p>
   </div>
   <div class='ocr_carea' id='block_1_38' title="bbox 206 2104 1803 2181">
    <p class='ocr_par' dir='ltr' id='par_1_38' title="bbox 206 2104 1803 2181">
     <span class='ocr_line' id='line_1_38' title="bbox 206 2104 1803 2181; baseline 0.003 -23"><span class='ocrx_word' id='word_1_267' title='bbox 206 2104 431 2171; x_wconf 82' lang='grc' dir='ltr'>λαϐεῖν,</span> <span class='ocrx_word' id='word_1_268' title='bbox 448 2107 538 2159; x_wconf 60' lang='grc' dir='ltr'><strong>ἐπλ⁵</strong></span> <span class='ocrx_word' id='word_1_269' title='bbox 562 2108 630 2159; x_wconf 78' lang='grc' dir='ltr'><strong>τὰ</strong></span> <span class='ocrx_word' id='word_1_270' title='bbox 652 2109 833 2161; x_wconf 83' lang='grc' dir='ltr'>τέλεια</span> <span class='ocrx_word' id='word_1_271' title='bbox 848 2114 1154 2180; x_wconf 78' lang='grc' dir='ltr'>παραινεῖν.</span> <span class='ocrx_word' id='word_1_272' title='bbox 1180 2112 1239 2162; x_wconf 81' lang='grc' dir='ltr'><strong>Εἰ</strong></span> <span class='ocrx_word' id='word_1_273' title='bbox 1265 2110 1322 2162; x_wconf 85' lang='grc' dir='ltr'><strong>δέ</strong></span> <span class='ocrx_word' id='word_1_274' title='bbox 1342 2111 1368 2146; x_wconf 75' lang='grc' dir='ltr'>ιι</span> <span class='ocrx_word' id='word_1_275' title='bbox 1384 2112 1592 2180; x_wconf 85' lang='grc' dir='ltr'>καρπός</span> <span class='ocrx_word' id='word_1_276' title='bbox 1616 2129 1696 2175; x_wconf 85' lang='grc' dir='ltr'><strong>τις</strong></span> <span class='ocrx_word' id='word_1_277' title='bbox 1718 2106 1803 2181; x_wconf 82' lang='grc' dir='ltr'>ἦν,</span> 
     </span>
    </p>
   </div>
   <div class='ocr_carea' id='block_1_39' title="bbox 205 2190 1806 2269">
    <p class='ocr_par' dir='ltr' id='par_1_39' title="bbox 205 2190 1806 2269">
     <span class='ocr_line' id='line_1_39' title="bbox 205 2190 1806 2269; baseline 0.006 -22"><span class='ocrx_word' id='word_1_278' title='bbox 205 2198 315 2248; x_wconf 75' lang='grc' dir='ltr'>καὶ</span> <span class='ocrx_word' id='word_1_279' title='bbox 341 2190 494 2260; x_wconf 77' lang='grc' dir='ltr'>οὗτος</span> <span class='ocrx_word' id='word_1_280' title='bbox 516 2199 723 2259; x_wconf 80' lang='grc' dir='ltr'>τέλειος</span> <span class='ocrx_word' id='word_1_281' title='bbox 754 2201 812 2252; x_wconf 84' lang='grc' dir='ltr'><strong>ἐν</strong></span> <span class='ocrx_word' id='word_1_282' title='bbox 866 2202 1072 2269; x_wconf 82' lang='grc' dir='ltr'>αὐτοῖς,</span> <span class='ocrx_word' id='word_1_283' title='bbox 1119 2201 1228 2254; x_wconf 82' lang='grc' dir='ltr'>οὐδ’</span> <span class='ocrx_word' id='word_1_284' title='bbox 1258 2200 1433 2266; x_wconf 77' lang='grc' dir='ltr'>οὕτως</span> <span class='ocrx_word' id='word_1_285' title='bbox 1470 2203 1656 2267; x_wconf 79' lang='grc' dir='ltr'>ἁπλῶς</span> <span class='ocrx_word' id='word_1_286' title='bbox 1716 2205 1806 2256; x_wconf 83' lang='grc' dir='ltr'>ἐν·</span> 
     </span>
    </p>
   </div>
   <div class='ocr_carea' id='block_1_40' title="bbox 205 2289 1805 2368">
    <p class='ocr_par' dir='ltr' id='par_1_40' title="bbox 205 2289 1805 2368">
     <span class='ocr_line' id='line_1_40' title="bbox 205 2289 1805 2368; baseline 0.005 -28"><span class='ocrx_word' id='word_1_287' title='bbox 205 2289 486 2343; x_wconf 83' lang='grc' dir='ltr'>εκόπτετο</span> <span class='ocrx_word' id='word_1_288' title='bbox 510 2292 612 2362; x_wconf 82' lang='grc' dir='ltr'>τὴν</span> <span class='ocrx_word' id='word_1_289' title='bbox 649 2295 957 2364; x_wconf 83' lang='grc' dir='ltr'>παρουσίαν</span> <span class='ocrx_word' id='word_1_290' title='bbox 980 2297 1029 2335; x_wconf 71' lang='grc' dir='ltr'><strong>ιι·</strong></span> <span class='ocrx_word' id='word_1_291' title='bbox 1057 2298 1085 2349; x_wconf 89' lang='grc' dir='ltr'>ὁ</span> <span class='ocrx_word' id='word_1_292' title='bbox 1116 2297 1316 2368; x_wconf 82' lang='grc' dir='ltr'>πτηνὸς</span> <span class='ocrx_word' id='word_1_293' title='bbox 1349 2297 1556 2361; x_wconf 85' lang='grc' dir='ltr'>ἐκεῖνος</span> <span class='ocrx_word' id='word_1_294' title='bbox 1584 2299 1675 2350; x_wconf 81' lang='grc' dir='ltr'><strong>καὶ</strong></span> <span class='ocrx_word' id='word_1_295' title='bbox 1706 2314 1805 2367; x_wconf 90' lang='grc' dir='ltr'><strong>με-</strong></span> 
     </span>
    </p>
   </div>
   <div class='ocr_carea' id='block_1_41' title="bbox 202 2384 1805 2460">
    <p class='ocr_par' dir='ltr' id='par_1_41' title="bbox 202 2384 1805 2460">
     <span class='ocr_line' id='line_1_41' title="bbox 202 2384 1805 2460; baseline 0.004 -24"><span class='ocrx_word' id='word_1_296' title='bbox 202 2384 448 2454; x_wconf 78' lang='grc' dir='ltr'>τάρσιος</span> <span class='ocrx_word' id='word_1_297' title='bbox 468 2386 755 2456; x_wconf 86' lang='grc' dir='ltr'>ἄνθρωπος</span> <span class='ocrx_word' id='word_1_298' title='bbox 778 2404 792 2419; x_wconf 89' lang='grc'><strong>·</strong></span> <span class='ocrx_word' id='word_1_299' title='bbox 821 2407 840 2439; x_wconf 87' lang='grc'><strong>‹</strong></span> <span class='ocrx_word' id='word_1_300' title='bbox 870 2388 1186 2460; x_wconf 80' lang='grc' dir='ltr'>ὀφειλέτην)</span> <span class='ocrx_word' id='word_1_301' title='bbox 1228 2390 1338 2460; x_wconf 83' lang='grc' dir='ltr'><strong>γὰρ</strong></span> <span class='ocrx_word' id='word_1_302' title='bbox 1370 2391 1561 2443; x_wconf 76' lang='grc' dir='ltr'>ἑαυτὸν</span> <span class='ocrx_word' id='word_1_303' title='bbox 1585 2391 1679 2444; x_wconf 79' lang='grc' dir='ltr'><strong>καὶ</strong></span> <span class='ocrx_word' id='word_1_304' title='bbox 1696 2386 1805 2443; x_wconf 81' lang='grc' dir='ltr'>οἶδε</span> 
     </span>
    </p>
   </div>
   <div class='ocr_carea' id='block_1_42' title="bbox 206 2476 1803 2552">
    <p class='ocr_par' dir='ltr' id='par_1_42' title="bbox 206 2476 1803 2552">
     <span class='ocr_line' id='line_1_42' title="bbox 206 2476 1803 2552; baseline 0.004 -25"><span class='ocrx_word' id='word_1_305' title='bbox 206 2477 318 2527; x_wconf 70' lang='grc' dir='ltr'>καὶ</span> <span class='ocrx_word' id='word_1_306' title='bbox 347 2476 631 2540; x_wconf 80' lang='grc' dir='ltr'>ἀποκαλεῖ,</span> <span class='ocrx_word' id='word_1_307' title='bbox 676 2479 803 2547; x_wconf 72' lang='grc' dir='ltr'>(οὐχ</span> <span class='ocrx_word' id='word_1_308' title='bbox 834 2478 1107 2549; x_wconf 86' lang='grc' dir='ltr'>Ἑλλήνων</span> <span class='ocrx_word' id='word_1_309' title='bbox 1140 2481 1321 2550; x_wconf 90' lang='grc' dir='ltr'>μόνων</span> <span class='ocrx_word' id='word_1_310' title='bbox 1357 2482 1451 2534; x_wconf 74' lang='grc' dir='ltr'>καὶ</span> <span class='ocrx_word' id='word_1_311' title='bbox 1485 2482 1803 2552; x_wconf 79' lang='grc' dir='ltr'>βαρϐάρων,</span> 
     </span>
    </p>
   </div>
   <div class='ocr_carea' id='block_1_43' title="bbox 209 2567 1805 2642">
    <p class='ocr_par' dir='ltr' id='par_1_43' title="bbox 209 2567 1805 2642">
     <span class='ocr_line' id='line_1_43' title="bbox 209 2567 1805 2642; baseline 0.003 -22"><span class='ocrx_word' id='word_1_312' title='bbox 209 2567 366 2620; x_wconf 72' lang='grc' dir='ltr'>ἀλλὰ</span> <span class='ocrx_word' id='word_1_313' title='bbox 399 2568 497 2619; x_wconf 65' lang='grc' dir='ltr'><strong>καὶ⁹</strong></span> <span class='ocrx_word' id='word_1_314' title='bbox 526 2568 702 2636; x_wconf 75' lang='grc' dir='ltr'>σοφῶν</span> <span class='ocrx_word' id='word_1_315' title='bbox 739 2571 833 2625; x_wconf 70' lang='grc' dir='ltr'>καὶ</span> <span class='ocrx_word' id='word_1_316' title='bbox 856 2570 1120 2640; x_wconf 83' lang='grc' dir='ltr'>ἀνοήτων·</span> <span class='ocrx_word' id='word_1_317' title='bbox 1160 2591 1179 2624; x_wconf 84' lang='grc'>›</span> <span class='ocrx_word' id='word_1_318' title='bbox 1218 2573 1311 2625; x_wconf 78' lang='grc' dir='ltr'>καὶ</span> <span class='ocrx_word' id='word_1_319' title='bbox 1342 2572 1419 2642; x_wconf 80' lang='grc' dir='ltr'>τῷ</span> <span class='ocrx_word' id='word_1_320' title='bbox 1457 2572 1582 2625; x_wconf 82' lang='grc' dir='ltr'>καθ’</span> <span class='ocrx_word' id='word_1_321' title='bbox 1612 2574 1805 2625; x_wconf 80' lang='grc' dir='ltr'>ἑαυτὸν</span> 
     </span>
    </p>
   </div>
   <div class='ocr_carea' id='block_1_44' title="bbox 207 2658 1802 2735">
    <p class='ocr_par' dir='ltr' id='par_1_44' title="bbox 207 2658 1802 2735">
     <span class='ocr_line' id='line_1_44' title="bbox 207 2658 1802 2735; baseline 0.004 -24"><span class='ocrx_word' id='word_1_322' title='bbox 207 2658 515 2730; x_wconf 81' lang='grc' dir='ltr'>προθύμῳ,</span> <span class='ocrx_word' id='word_1_323' title='bbox 549 2661 647 2731; x_wconf 81' lang='grc' dir='ltr'>οὐχ</span> <span class='ocrx_word' id='word_1_324' title='bbox 675 2661 866 2714; x_wconf 82' lang='grc' dir='ltr'>ἵστατο</span> <span class='ocrx_word' id='word_1_325' title='bbox 895 2662 970 2731; x_wconf 82' lang='grc' dir='ltr'><strong>μὴ</strong></span> <span class='ocrx_word' id='word_1_326' title='bbox 994 2662 1166 2715; x_wconf 84' lang='grc' dir='ltr'>πλείω</span> <span class='ocrx_word' id='word_1_327' title='bbox 1181 2664 1289 2716; x_wconf 84' lang='grc' dir='ltr'><strong>τῶν</strong></span> <span class='ocrx_word' id='word_1_328' title='bbox 1315 2664 1484 2717; x_wconf 79' lang='grc' dir='ltr'>ὄντων</span> <span class='ocrx_word' id='word_1_329' title='bbox 1505 2666 1802 2735; x_wconf 73' lang='grc' dir='ltr'>ἐπιζητεῖν,</span> 
     </span>
    </p>
   </div>
   <div class='ocr_carea' id='block_1_45' title="bbox 207 2753 1803 2825">
    <p class='ocr_par' dir='ltr' id='par_1_45' title="bbox 207 2753 1803 2825">
     <span class='ocr_line' id='line_1_45' title="bbox 207 2753 1803 2825; baseline 0.003 -20"><span class='ocrx_word' id='word_1_330' title='bbox 207 2753 370 2806; x_wconf 76' lang='grc' dir='ltr'>ὥστε</span> <span class='ocrx_word' id='word_1_331' title='bbox 398 2758 488 2806; x_wconf 75' lang='grc' dir='ltr'><strong>καὶ</strong></span> <span class='ocrx_word' id='word_1_332' title='bbox 528 2756 541 2793; x_wconf 70' lang='grc' dir='ltr'><strong>ί</strong></span> <span class='ocrx_word' id='word_1_333' title='bbox 578 2756 688 2817; x_wconf 86' lang='grc' dir='ltr'>τοῖς</span> <span class='ocrx_word' id='word_1_334' title='bbox 727 2754 910 2825; x_wconf 82' lang='grc' dir='ltr'>ἔργοις</span> <span class='ocrx_word' id='word_1_335' title='bbox 950 2756 1189 2825; x_wconf 91' lang='grc' dir='ltr'>ἐκόμων,</span> <span class='ocrx_word' id='word_1_336' title='bbox 1234 2756 1398 2819; x_wconf 81' lang='grc' dir='ltr'>αὐτὸς</span> <span class='ocrx_word' id='word_1_337' title='bbox 1434 2758 1499 2810; x_wconf 81' lang='grc' dir='ltr'>ἂν</span> <span class='ocrx_word' id='word_1_338' title='bbox 1526 2757 1589 2810; x_wconf 82' lang='grc' dir='ltr'><strong>τὸ</strong></span> <span class='ocrx_word' id='word_1_339' title='bbox 1638 2757 1803 2811; x_wconf 80' lang='grc' dir='ltr'>αὑτοῦ</span> 
     </span>
    </p>
   </div>
   <div class='ocr_carea' id='block_1_46' title="bbox 208 2845 1803 2919">
    <p class='ocr_par' dir='ltr' id='par_1_46' title="bbox 208 2845 1803 2919">
     <span class='ocr_line' id='line_1_46' title="bbox 208 2845 1803 2919; baseline 0.003 -21"><span class='ocrx_word' id='word_1_340' title='bbox 208 2847 326 2898; x_wconf 70' lang='grc' dir='ltr'><strong>οὐκ</strong></span> <span class='ocrx_word' id='word_1_341' title='bbox 357 2846 572 2915; x_wconf 77' lang='grc' dir='ltr'>ἀπέστη</span> <span class='ocrx_word' id='word_1_342' title='bbox 609 2845 779 2898; x_wconf 83' lang='grc' dir='ltr'>ποιῶν</span> <span class='ocrx_word' id='word_1_343' title='bbox 803 2864 814 2875; x_wconf 90' lang='grc'><strong>·</strong></span> <span class='ocrx_word' id='word_1_344' title='bbox 840 2845 954 2898; x_wconf 82' lang='grc' dir='ltr'>ἀλλ’</span> <span class='ocrx_word' id='word_1_345' title='bbox 980 2846 1234 2900; x_wconf 78' lang='grc' dir='ltr'>ἐπέκειτο</span> <span class='ocrx_word' id='word_1_346' title='bbox 1264 2848 1585 2919; x_wconf 78' lang='grc' dir='ltr'>προσθήκην</span> <span class='ocrx_word' id='word_1_347' title='bbox 1619 2848 1803 2917; x_wconf 74' lang='grc' dir='ltr'>μειζό-</span> 
     </span>
    </p>
   </div>
   <div class='ocr_carea' id='block_1_47' title="bbox 209 2936 1803 3011">
    <p class='ocr_par' dir='ltr' id='par_1_47' title="bbox 209 2936 1803 3011">
     <span class='ocr_line' id='line_1_47' title="bbox 209 2936 1803 3011; baseline 0.003 -22"><span class='ocrx_word' id='word_1_348' title='bbox 209 2954 335 2989; x_wconf 87' lang='grc' dir='ltr'><strong>νων</strong></span> <span class='ocrx_word' id='word_1_349' title='bbox 369 2936 666 3005; x_wconf 72' lang='grc' dir='ltr'>ἐπιζητών.</span> <span class='ocrx_word' id='word_1_350' title='bbox 722 2938 861 2990; x_wconf 84' lang='grc' dir='ltr'>Ἀλλ’</span> <span class='ocrx_word' id='word_1_351' title='bbox 914 2938 1058 2992; x_wconf 67' lang='grc' dir='ltr'>οὕτω</span> <span class='ocrx_word' id='word_1_352' title='bbox 1113 2941 1210 3009; x_wconf 77' lang='grc' dir='ltr'>μὲν</span> <span class='ocrx_word' id='word_1_353' title='bbox 1254 2940 1348 2993; x_wconf 79' lang='grc' dir='ltr'>καὶ</span> <span class='ocrx_word' id='word_1_354' title='bbox 1390 2942 1420 3010; x_wconf 73' lang='grc' dir='ltr'>ἡ</span> <span class='ocrx_word' id='word_1_355' title='bbox 1455 2941 1679 3011; x_wconf 78' lang='grc' dir='ltr'>τοιαύτη</span> <span class='ocrx_word' id='word_1_356' title='bbox 1708 2941 1803 2993; x_wconf 88' lang='grc' dir='ltr'><strong>τοῦ</strong></span> 
     </span>
    </p>
   </div>
   <div class='ocr_carea' id='block_1_48' title="bbox 214 3028 1804 3103">
    <p class='ocr_par' dir='ltr' id='par_1_48' title="bbox 214 3028 1804 3103">
     <span class='ocr_line' id='line_1_48' title="bbox 214 3028 1804 3103; baseline 0.002 -22"><span class='ocrx_word' id='word_1_357' title='bbox 214 3028 395 3098; x_wconf 77' lang='grc' dir='ltr'>ῥητοῦ</span> <span class='ocrx_word' id='word_1_358' title='bbox 430 3030 781 3099; x_wconf 74' lang='grc' dir='ltr'>διασαφησις.</span> <span class='ocrx_word' id='word_1_359' title='bbox 822 3031 977 3083; x_wconf 87' lang='grc' dir='ltr'>Ἔστι</span> <span class='ocrx_word' id='word_1_360' title='bbox 1020 3032 1077 3083; x_wconf 75' lang='grc' dir='ltr'><strong>δὲ</strong></span> <span class='ocrx_word' id='word_1_361' title='bbox 1137 3030 1232 3084; x_wconf 73' lang='grc' dir='ltr'>καὶ</span> <span class='ocrx_word' id='word_1_362' title='bbox 1288 3031 1464 3093; x_wconf 85' lang='grc' dir='ltr'>ἄλλως</span> <span class='ocrx_word' id='word_1_363' title='bbox 1508 3032 1570 3084; x_wconf 80' lang='grc' dir='ltr'><strong>τὸ</strong></span> <span class='ocrx_word' id='word_1_364' title='bbox 1627 3033 1804 3103; x_wconf 82' lang='grc' dir='ltr'>νόημα</span> 
     </span>
    </p>
   </div>
   <div class='ocr_carea' id='block_1_49' title="bbox 214 3121 1804 3192">
    <p class='ocr_par' dir='ltr' id='par_1_49' title="bbox 214 3121 1804 3192">
     <span class='ocr_line' id='line_1_49' title="bbox 214 3121 1804 3192; baseline 0.003 -21"><span class='ocrx_word' id='word_1_365' title='bbox 214 3121 481 3181; x_wconf 81' lang='grc' dir='ltr'>συνιδεῖν,</span> <span class='ocrx_word' id='word_1_366' title='bbox 515 3121 892 3192; x_wconf 77' lang='grc' dir='ltr'>ἁπλουστέραν</span> <span class='ocrx_word' id='word_1_367' title='bbox 926 3122 1024 3190; x_wconf 84' lang='grc' dir='ltr'>μὲν</span> <span class='ocrx_word' id='word_1_368' title='bbox 1062 3121 1192 3185; x_wconf 80' lang='grc' dir='ltr'>ἴσως</span> <span class='ocrx_word' id='word_1_369' title='bbox 1214 3122 1314 3192; x_wconf 78' lang='grc' dir='ltr'>τὴν</span> <span class='ocrx_word' id='word_1_370' title='bbox 1354 3123 1620 3191; x_wconf 77' lang='grc' dir='ltr'>ἐξήγησιν</span> <span class='ocrx_word' id='word_1_371' title='bbox 1650 3124 1804 3176; x_wconf 80' lang='grc' dir='ltr'>ἐκδε-</span> 
     </span>
    </p>
   </div>
   <div class='ocr_carea' id='block_1_50' title="bbox 213 3208 1805 3286">
    <p class='ocr_par' dir='ltr' id='par_1_50' title="bbox 213 3208 1805 3286">
     <span class='ocr_line' id='line_1_50' title="bbox 213 3208 1805 3286; baseline 0.002 -22"><span class='ocrx_word' id='word_1_372' title='bbox 213 3212 483 3283; x_wconf 84' lang='grc' dir='ltr'>χόμενον,</span> <span class='ocrx_word' id='word_1_373' title='bbox 514 3214 869 3284; x_wconf 86' lang='grc' dir='ltr'>οίκειωτέραν</span> <span class='ocrx_word' id='word_1_374' title='bbox 894 3213 959 3276; x_wconf 86' lang='grc' dir='ltr'>δ’,</span> <span class='ocrx_word' id='word_1_375' title='bbox 987 3208 1167 3283; x_wconf 76' lang='grc' dir='ltr'>οἶμαι,</span> <span class='ocrx_word' id='word_1_376' title='bbox 1194 3215 1289 3267; x_wconf 72' lang='grc' dir='ltr'>καὶ</span> <span class='ocrx_word' id='word_1_377' title='bbox 1318 3217 1417 3286; x_wconf 81' lang='grc' dir='ltr'>τῆς</span> <span class='ocrx_word' id='word_1_378' title='bbox 1447 3214 1658 3268; x_wconf 83' lang='grc' dir='ltr'>Παύλου</span> <span class='ocrx_word' id='word_1_379' title='bbox 1689 3215 1805 3267; x_wconf 69' lang='grc' dir='ltr'>διας</span> 
     </span>
    </p>
   </div>
   <div class='ocr_carea' id='block_1_51' title="bbox 213 3302 1805 3375">
    <p class='ocr_par' dir='ltr' id='par_1_51' title="bbox 213 3302 1805 3375">
     <span class='ocr_line' id='line_1_51' title="bbox 213 3302 1805 3375; baseline 0.001 -20"><span class='ocrx_word' id='word_1_380' title='bbox 213 3303 376 3367; x_wconf 80' lang='grc' dir='ltr'>νοίας</span> <span class='ocrx_word' id='word_1_381' title='bbox 402 3304 495 3356; x_wconf 78' lang='grc' dir='ltr'>καὶ</span> <span class='ocrx_word' id='word_1_382' title='bbox 518 3305 617 3374; x_wconf 82' lang='grc' dir='ltr'>τῆς</span> <span class='ocrx_word' id='word_1_383' title='bbox 644 3302 866 3368; x_wconf 81' lang='grc' dir='ltr'>λέξεως.</span> <span class='ocrx_word' id='word_1_384' title='bbox 910 3322 928 3356; x_wconf 81' lang='grc' dir='ltr'><strong>ι</strong></span> <span class='ocrx_word' id='word_1_385' title='bbox 968 3303 1256 3371; x_wconf 81' lang='grc' dir='ltr'>Πολλάκις,</span> <span class='ocrx_word' id='word_1_386' title='bbox 1299 3306 1454 3374; x_wconf 69' lang='grc' dir='ltr'>φησι,</span> <span class='ocrx_word' id='word_1_387' title='bbox 1492 3304 1805 3375; x_wconf 82' lang='grc' dir='ltr'>προεθέμην</span> 
     </span>
    </p>
   </div>
   <div class='ocr_carea' id='block_1_52' title="bbox 214 3394 1801 3467">
    <p class='ocr_par' dir='ltr' id='par_1_52' title="bbox 214 3394 1801 3467">
     <span class='ocr_line' id='line_1_52' title="bbox 214 3394 1801 3467; baseline 0.002 -20"><span class='ocrx_word' id='word_1_388' title='bbox 214 3394 406 3448; x_wconf 80' lang='grc' dir='ltr'>ἐλθεῖν</span> <span class='ocrx_word' id='word_1_389' title='bbox 432 3394 569 3467; x_wconf 83' lang='grc' dir='ltr'>πρὸς</span> <span class='ocrx_word' id='word_1_390' title='bbox 598 3396 765 3466; x_wconf 82' lang='grc' dir='ltr'>ὑμᾶς,</span> <span class='ocrx_word' id='word_1_391' title='bbox 801 3397 916 3450; x_wconf 81' lang='grc' dir='ltr'>ἀλλ’</span> <span class='ocrx_word' id='word_1_392' title='bbox 960 3396 1240 3467; x_wconf 77' lang='grc' dir='ltr'>ἐκωλύθην</span> <span class='ocrx_word' id='word_1_393' title='bbox 1272 3397 1399 3466; x_wconf 80' lang='grc' dir='ltr'>ἄχρι</span> <span class='ocrx_word' id='word_1_394' title='bbox 1428 3396 1521 3449; x_wconf 88' lang='grc' dir='ltr'><strong>τοῦ</strong></span> <span class='ocrx_word' id='word_1_395' title='bbox 1558 3396 1739 3465; x_wconf 87' lang='grc' dir='ltr'>δεῦρο.</span> <span class='ocrx_word' id='word_1_396' title='bbox 1779 3416 1801 3450; x_wconf 82' lang='grc'><strong>›</strong></span> 
     </span>
    </p>
   </div>
   <div class='ocr_carea' id='block_1_53' title="bbox 213 3486 1809 3559">
    <p class='ocr_par' dir='ltr' id='par_1_53' title="bbox 213 3486 1809 3559">
     <span class='ocr_line' id='line_1_53' title="bbox 213 3486 1809 3559; baseline -0.003 -15"><span class='ocrx_word' id='word_1_397' title='bbox 213 3490 328 3544; x_wconf 74' lang='grc' dir='ltr'><strong>Διὰ</strong></span> <span class='ocrx_word' id='word_1_398' title='bbox 354 3488 443 3555; x_wconf 89' lang='grc' dir='ltr'>τί;</span> <span class='ocrx_word' id='word_1_399' title='bbox 469 3508 487 3539; x_wconf 75' lang='grc' dir='ltr'><strong>ι</strong></span> <span class='ocrx_word' id='word_1_400' title='bbox 517 3489 635 3542; x_wconf 85' lang='grc' dir='ltr'>Ἷνα</span> <span class='ocrx_word' id='word_1_401' title='bbox 698 3489 822 3540; x_wconf 80' lang='grc' dir='ltr'>τινὰ</span> <span class='ocrx_word' id='word_1_402' title='bbox 857 3489 1071 3558; x_wconf 76' lang='grc' dir='ltr'>καρπὸν</span> <span class='ocrx_word' id='word_1_403' title='bbox 1103 3489 1236 3559; x_wconf 81' lang='grc' dir='ltr'>σχῶ,</span> <span class='ocrx_word' id='word_1_404' title='bbox 1277 3508 1295 3540; x_wconf 72' lang='grc' dir='ltr'><strong>ι</strong></span> <span class='ocrx_word' id='word_1_405' title='bbox 1327 3488 1415 3540; x_wconf 85' lang='grc' dir='ltr'>ἴνα</span> <span class='ocrx_word' id='word_1_406' title='bbox 1452 3488 1617 3559; x_wconf 81' lang='grc' dir='ltr'>εἴπῃς</span> <span class='ocrx_word' id='word_1_407' title='bbox 1646 3486 1689 3552; x_wconf 88' lang='lat' dir='ltr'><strong>i,</strong></span> <span class='ocrx_word' id='word_1_408' title='bbox 1721 3490 1809 3541; x_wconf 89' lang='grc' dir='ltr'>ἐν-</span> 
     </span>
    </p>
   </div>
   <div class='ocr_carea' id='block_1_54' title="bbox 215 3578 1801 3650">
    <p class='ocr_par' dir='ltr' id='par_1_54' title="bbox 215 3578 1801 3650">
     <span class='ocr_line' id='line_1_54' title="bbox 215 3578 1801 3650; baseline -0.003 -17"><span class='ocrx_word' id='word_1_409' title='bbox 215 3580 474 3634; x_wconf 83' lang='grc' dir='ltr'>ελείπετό</span> <span class='ocrx_word' id='word_1_410' title='bbox 511 3597 598 3650; x_wconf 86' lang='grc' dir='ltr'><strong>μοι</strong></span> <span class='ocrx_word' id='word_1_411' title='bbox 626 3578 835 3649; x_wconf 81' lang='grc' dir='ltr'>καρπός</span> <span class='ocrx_word' id='word_1_412' title='bbox 862 3596 946 3641; x_wconf 87' lang='grc' dir='ltr'><strong>τις</strong></span> <span class='ocrx_word' id='word_1_413' title='bbox 974 3578 1031 3631; x_wconf 81' lang='grc' dir='ltr'>ὃν</span> <span class='ocrx_word' id='word_1_414' title='bbox 1056 3579 1165 3631; x_wconf 77' lang='grc' dir='ltr'>ἔδει</span> <span class='ocrx_word' id='word_1_415' title='bbox 1199 3578 1454 3642; x_wconf 78' lang='grc' dir='ltr'>συλλέξαι</span> <span class='ocrx_word' id='word_1_416' title='bbox 1512 3580 1801 3649; x_wconf 75' lang='grc' dir='ltr'>πρότερον,</span> 
     </span>
    </p>
   </div>
   <div class='ocr_carea' id='block_1_55' title="bbox 216 3665 1806 3742">
    <p class='ocr_par' dir='ltr' id='par_1_55' title="bbox 216 3665 1806 3742">
     <span class='ocr_line' id='line_1_55' title="bbox 216 3665 1806 3742; baseline -0.004 -15"><span class='ocrx_word' id='word_1_417' title='bbox 216 3672 350 3727; x_wconf 84' lang='grc' dir='ltr'>εἶτα</span> <span class='ocrx_word' id='word_1_418' title='bbox 385 3672 520 3742; x_wconf 69' lang='grc' dir='ltr'>πρὸς</span> <span class='ocrx_word' id='word_1_419' title='bbox 543 3671 686 3741; x_wconf 77' lang='grc' dir='ltr'>ὑμᾶς</span> <span class='ocrx_word' id='word_1_420' title='bbox 710 3671 1144 3740; x_wconf 80' lang='grc' dir='ltr'>παραγενέσθαι.</span> <span class='ocrx_word' id='word_1_421' title='bbox 1180 3671 1274 3732; x_wconf 87' lang='grc' dir='ltr'><strong>Τίς</strong></span> <span class='ocrx_word' id='word_1_422' title='bbox 1296 3666 1390 3723; x_wconf 83' lang='grc' dir='ltr'><strong>οῦν</strong></span> <span class='ocrx_word' id='word_1_423' title='bbox 1418 3665 1485 3739; x_wconf 84' lang='grc' dir='ltr'>ἦν</span> <span class='ocrx_word' id='word_1_424' title='bbox 1537 3670 1565 3720; x_wconf 84' lang='grc' dir='ltr'>ὁ</span> <span class='ocrx_word' id='word_1_425' title='bbox 1595 3670 1806 3738; x_wconf 79' lang='grc' dir='ltr'>καρπὸς</span> 
     </span>
    </p>
   </div>
   <div class='ocr_carea' id='block_1_56' title="bbox 216 3760 1801 3828">
    <p class='ocr_par' dir='ltr' id='par_1_56' title="bbox 216 3760 1801 3828">
     <span class='ocr_line' id='line_1_56' title="bbox 216 3760 1801 3828; baseline -0.003 -13"><span class='ocrx_word' id='word_1_426' title='bbox 216 3763 462 3823; x_wconf 79' lang='grc' dir='ltr'>ἐκεῖνος,</span> <span class='ocrx_word' id='word_1_427' title='bbox 494 3762 590 3813; x_wconf 72' lang='grc' dir='ltr'>καὶ</span> <span class='ocrx_word' id='word_1_428' title='bbox 622 3762 681 3812; x_wconf 84' lang='grc' dir='ltr'><strong>ἐν</strong></span> <span class='ocrx_word' id='word_1_429' title='bbox 715 3760 825 3812; x_wconf 89' lang='grc' dir='ltr'>τίσι</span> <span class='ocrx_word' id='word_1_430' title='bbox 849 3760 1172 3827; x_wconf 76' lang='grc' dir='ltr'>συνελέγετο</span> <span class='ocrx_word' id='word_1_431' title='bbox 1194 3760 1397 3826; x_wconf 75' lang='grc' dir='ltr'>;Λὺτὸς</span> <span class='ocrx_word' id='word_1_432' title='bbox 1428 3760 1635 3822; x_wconf 88' lang='grc' dir='ltr'>ἐκεῖνος</span> <span class='ocrx_word' id='word_1_433' title='bbox 1665 3761 1801 3828; x_wconf 77' lang='grc' dir='ltr'>ἐρεῐο</span> 
     </span>
    </p>
   </div>
   <div class='ocr_carea' id='block_1_57' title="bbox 217 3850 1807 3924">
    <p class='ocr_par' dir='ltr' id='par_1_57' title="bbox 217 3850 1807 3924">
     <span class='ocr_line' id='line_1_57' title="bbox 217 3850 1807 3924; baseline -0.004 -16"><span class='ocrx_word' id='word_1_434' title='bbox 217 3853 323 3908; x_wconf 73' lang='grc' dir='ltr'>ἐπὶ</span> <span class='ocrx_word' id='word_1_435' title='bbox 344 3853 455 3923; x_wconf 79' lang='grc' dir='ltr'>γὰρ</span> <span class='ocrx_word' id='word_1_436' title='bbox 485 3851 564 3921; x_wconf 81' lang='grc' dir='ltr'>τῷ</span> <span class='ocrx_word' id='word_1_437' title='bbox 596 3850 740 3903; x_wconf 77' lang='grc' dir='ltr'>τέλει</span> <span class='ocrx_word' id='word_1_438' title='bbox 768 3850 867 3921; x_wconf 82' lang='grc' dir='ltr'><strong>τῆς</strong></span> <span class='ocrx_word' id='word_1_439' title='bbox 891 3851 1207 3921; x_wconf 80' lang='grc' dir='ltr'>ἐπιστολῆς,</span> <span class='ocrx_word' id='word_1_440' title='bbox 1263 3850 1453 3924; x_wconf 83' lang='grc' dir='ltr'>ὥσπερ</span> <span class='ocrx_word' id='word_1_441' title='bbox 1498 3850 1807 3918; x_wconf 76' lang='grc' dir='ltr'>ἐπιλογιζό-</span> 
     </span>
    </p>
   </div>
   <div class='ocr_carea' id='block_1_58' title="bbox 225 3942 1806 4016">
    <p class='ocr_par' dir='ltr' id='par_1_58' title="bbox 225 3942 1806 4016">
     <span class='ocr_line' id='line_1_58' title="bbox 225 3942 1806 4016; baseline -0.002 -18"><span class='ocrx_word' id='word_1_442' title='bbox 225 3962 391 4016; x_wconf 84' lang='grc' dir='ltr'>μενος</span> <span class='ocrx_word' id='word_1_443' title='bbox 416 3943 565 4015; x_wconf 79' lang='grc' dir='ltr'>αύτῷ</span> <span class='ocrx_word' id='word_1_444' title='bbox 601 3944 670 3996; x_wconf 84' lang='grc' dir='ltr'>τὰ</span> <span class='ocrx_word' id='word_1_445' title='bbox 697 3942 1162 4014; x_wconf 75' lang='grc' dir='ltr'>πρωιμιασθέντα</span> <span class='ocrx_word' id='word_1_446' title='bbox 1186 3986 1201 4009; x_wconf 92' lang='grc'><strong>,</strong></span> <span class='ocrx_word' id='word_1_447' title='bbox 1236 3943 1379 3997; x_wconf 77' lang='grc' dir='ltr'>οὕτω</span> <span class='ocrx_word' id='word_1_448' title='bbox 1413 3944 1595 4014; x_wconf 74' lang='grc' dir='ltr'>φησίψ</span> <span class='ocrx_word' id='word_1_449' title='bbox 1652 3960 1670 3994; x_wconf 81' lang='grc' dir='ltr'><strong>ι</strong></span> <span class='ocrx_word' id='word_1_450' title='bbox 1713 3942 1806 3995; x_wconf 84' lang='grc' dir='ltr'>Διὸ</span> 
     </span>
    </p>
   </div>
   <div class='ocr_carea' id='block_1_59' title="bbox 221 4036 1806 4107">
    <p class='ocr_par' dir='ltr' id='par_1_59' title="bbox 221 4036 1806 4107">
     <span class='ocr_line' id='line_1_59' title="bbox 221 4036 1806 4107; baseline -0.003 -15"><span class='ocrx_word' id='word_1_451' title='bbox 221 4038 325 4092; x_wconf 57' lang='grc' dir='ltr'><strong>καί⁵</strong></span> <span class='ocrx_word' id='word_1_452' title='bbox 383 4036 758 4106; x_wconf 86' lang='grc' dir='ltr'>ἐνεκοπτόμην</span> <span class='ocrx_word' id='word_1_453' title='bbox 814 4036 992 4089; x_wconf 82' lang='grc' dir='ltr'>ἐλθεῖν</span> <span class='ocrx_word' id='word_1_454' title='bbox 1048 4037 1188 4106; x_wconf 83' lang='grc' dir='ltr'>πρὸς</span> <span class='ocrx_word' id='word_1_455' title='bbox 1246 4037 1413 4107; x_wconf 79' lang='grc' dir='ltr'>ὑμᾶς,</span> <span class='ocrx_word' id='word_1_456' title='bbox 1472 4055 1491 4088; x_wconf 74' lang='grc' dir='ltr'><strong>ι</strong></span> <span class='ocrx_word' id='word_1_457' title='bbox 1541 4039 1679 4107; x_wconf 84' lang='grc' dir='ltr'>ὅπερ</span> <span class='ocrx_word' id='word_1_458' title='bbox 1723 4038 1806 4102; x_wconf 81' lang='grc' dir='ltr'>εἰς</span> 
     </span>
    </p>
   </div>
   <div class='ocr_carea' id='block_1_60' title="bbox 220 4128 1800 4203">
    <p class='ocr_par' dir='ltr' id='par_1_60' title="bbox 220 4128 1800 4203">
     <span class='ocr_line' id='line_1_60' title="bbox 220 4128 1800 4203; baseline -0.003 -17"><span class='ocrx_word' id='word_1_459' title='bbox 220 4131 422 4186; x_wconf 79' lang='grc' dir='ltr'>ταύτὸν</span> <span class='ocrx_word' id='word_1_460' title='bbox 454 4131 578 4201; x_wconf 72' lang='grc' dir='ltr'><strong>¹ἵικει</strong></span> <span class='ocrx_word' id='word_1_461' title='bbox 610 4132 671 4182; x_wconf 81' lang='grc' dir='ltr'>τὸ</span> <span class='ocrx_word' id='word_1_462' title='bbox 706 4132 730 4171; x_wconf 75' lang='lat' dir='ltr'><strong>ll</strong></span> <span class='ocrx_word' id='word_1_463' title='bbox 760 4130 854 4183; x_wconf 71' lang='grc' dir='ltr'>καὶ</span> <span class='ocrx_word' id='word_1_464' title='bbox 884 4149 901 4181; x_wconf 80' lang='grc' dir='ltr'><strong>ι</strong></span> <span class='ocrx_word' id='word_1_465' title='bbox 956 4129 1263 4201; x_wconf 86' lang='grc' dir='ltr'>Ἐκωλύθην</span> <span class='ocrx_word' id='word_1_466' title='bbox 1287 4130 1413 4203; x_wconf 81' lang='grc' dir='ltr'>ἄχρι</span> <span class='ocrx_word' id='word_1_467' title='bbox 1445 4128 1539 4182; x_wconf 87' lang='grc' dir='ltr'><strong>τοῦ</strong></span> <span class='ocrx_word' id='word_1_468' title='bbox 1568 4129 1746 4201; x_wconf 89' lang='grc' dir='ltr'>δεῦρο·</span> <span class='ocrx_word' id='word_1_469' title='bbox 1780 4148 1800 4181; x_wconf 73' lang='grc' dir='ltr'><strong>ι</strong></span> 
     </span>
    </p>
   </div>
   <div class='ocr_carea' id='block_1_61' title="bbox 222 4220 1804 4298">
    <p class='ocr_par' dir='ltr' id='par_1_61' title="bbox 222 4220 1804 4298">
     <span class='ocr_line' id='line_1_61' title="bbox 222 4220 1804 4298; baseline -0.002 -21"><span class='ocrx_word' id='word_1_470' title='bbox 222 4221 371 4285; x_wconf 79' lang='grc' dir='ltr'>εἶτα,</span> <span class='ocrx_word' id='word_1_471' title='bbox 410 4242 428 4276; x_wconf 76' lang='grc' dir='ltr'><strong>ι</strong></span> <span class='ocrx_word' id='word_1_472' title='bbox 459 4225 596 4279; x_wconf 79' lang='grc' dir='ltr'>Νυνὶ</span> <span class='ocrx_word' id='word_1_473' title='bbox 622 4228 679 4281; x_wconf 82' lang='grc' dir='ltr'>δὲ</span> <span class='ocrx_word' id='word_1_474' title='bbox 713 4226 909 4298; x_wconf 83' lang='grc' dir='ltr'>μηκέτι</span> <span class='ocrx_word' id='word_1_475' title='bbox 935 4224 1072 4294; x_wconf 78' lang='grc' dir='ltr'>ἔχων</span> <span class='ocrx_word' id='word_1_476' title='bbox 1104 4222 1269 4275; x_wconf 81' lang='grc' dir='ltr'>τόπον</span> <span class='ocrx_word' id='word_1_477' title='bbox 1314 4224 1372 4273; x_wconf 92' lang='grc' dir='ltr'><strong>ἐν</strong></span> <span class='ocrx_word' id='word_1_478' title='bbox 1415 4223 1528 4284; x_wconf 80' lang='grc' dir='ltr'>τοῖς</span> <span class='ocrx_word' id='word_1_479' title='bbox 1576 4220 1804 4290; x_wconf 88' lang='grc' dir='ltr'>κλίμασι</span> 
     </span>
    </p>
   </div>
   <div class='ocr_carea' id='block_1_62' title="bbox 220 4312 1799 4388">
    <p class='ocr_par' dir='ltr' id='par_1_62' title="bbox 220 4312 1799 4388">
     <span class='ocr_line' id='line_1_62' title="bbox 220 4312 1799 4388; baseline -0.004 -16"><span class='ocrx_word' id='word_1_480' title='bbox 220 4317 460 4382; x_wconf 84' lang='grc' dir='ltr'>τούτοις,</span> <span class='ocrx_word' id='word_1_481' title='bbox 521 4338 540 4370; x_wconf 71' lang='grc' dir='ltr'><strong>ι</strong></span> <span class='ocrx_word' id='word_1_482' title='bbox 594 4319 732 4372; x_wconf 82' lang='grc' dir='ltr'>ἀλλὰ</span> <span class='ocrx_word' id='word_1_483' title='bbox 764 4313 1144 4388; x_wconf 86' lang='grc' dir='ltr'>πεπληρωκὼς</span> <span class='ocrx_word' id='word_1_484' title='bbox 1206 4312 1453 4383; x_wconf 85' lang='grc' dir='ltr'>δηλονότι</span> <span class='ocrx_word' id='word_1_485' title='bbox 1516 4313 1578 4365; x_wconf 86' lang='grc' dir='ltr'><strong>τὸ</strong></span> <span class='ocrx_word' id='word_1_486' title='bbox 1618 4312 1799 4382; x_wconf 77' lang='grc' dir='ltr'>ἔργον,</span> 
     </span>
    </p>
   </div>
   <div class='ocr_carea' id='block_1_63' title="bbox 1908 1831 3485 1912">
    <p class='ocr_par' dir='ltr' id='par_1_63' title="bbox 1908 1831 3485 1912">
     <span class='ocr_line' id='line_1_63' title="bbox 1908 1831 3485 1912; baseline -0.001 -16"><span class='ocrx_word' id='word_1_487' title='bbox 1908 1842 2165 1910; x_wconf 76' lang='lat' dir='ltr'><strong>fructum,</strong></span> <span class='ocrx_word' id='word_1_488' title='bbox 2202 1844 2296 1898; x_wconf 90' lang='lat' dir='ltr'><strong>sed</strong></span> <span class='ocrx_word' id='word_1_489' title='bbox 2344 1844 2635 1912; x_wconf 84' lang='lat' dir='ltr'><strong>quemdam</strong></span> <span class='ocrx_word' id='word_1_490' title='bbox 2680 1852 2910 1897; x_wconf 92' lang='lat' dir='ltr'><strong>tantum.</strong></span> <span class='ocrx_word' id='word_1_491' title='bbox 2946 1842 3125 1911; x_wconf 86' lang='lat' dir='ltr'><strong>inquit</strong></span> <span class='ocrx_word' id='word_1_492' title='bbox 3157 1843 3323 1907; x_wconf 89' lang='lat' dir='ltr'><strong>enim,</strong></span> <span class='ocrx_word' id='word_1_493' title='bbox 3364 1862 3380 1892; x_wconf 78' lang='grc' dir='ltr'><strong>ι</strong></span> <span class='ocrx_word' id='word_1_494' title='bbox 3418 1831 3485 1895; x_wconf 86' lang='lat' dir='ltr'><strong>Ut</strong></span> 
     </span>
    </p>
   </div>
   <div class='ocr_carea' id='block_1_64' title="bbox 1906 1933 3482 2003">
    <p class='ocr_par' dir='ltr' id='par_1_64' title="bbox 1906 1933 3482 2003">
     <span class='ocr_line' id='line_1_64' title="bbox 1906 1933 3482 2003; baseline -0.001 -16"><span class='ocrx_word' id='word_1_495' title='bbox 1906 1935 2144 2003; x_wconf 88' lang='lat' dir='ltr'><strong>aliqnetn</strong></span> <span class='ocrx_word' id='word_1_496' title='bbox 2176 1934 2230 1988; x_wconf 91' lang='lat' dir='ltr'><strong>in</strong></span> <span class='ocrx_word' id='word_1_497' title='bbox 2262 1935 2417 1987; x_wconf 89' lang='lat' dir='ltr'><strong>vobis</strong></span> <span class='ocrx_word' id='word_1_498' title='bbox 2454 1935 2695 1989; x_wconf 83' lang='lat' dir='ltr'><strong>fructum</strong></span> <span class='ocrx_word' id='word_1_499' title='bbox 2727 1933 2922 1988; x_wconf 82' lang='lat' dir='ltr'><strong>feram.</strong></span> <span class='ocrx_word' id='word_1_500' title='bbox 2962 1956 2979 1984; x_wconf 70' lang='grc' dir='ltr'><strong>ι</strong></span> <span class='ocrx_word' id='word_1_501' title='bbox 3015 1933 3482 1997; x_wconf 85' lang='lat' dir='ltr'><strong>Quemadmodum</strong></span> 
     </span>
    </p>
   </div>
   <div class='ocr_carea' id='block_1_65' title="bbox 1906 2026 3484 2096">
    <p class='ocr_par' dir='ltr' id='par_1_65' title="bbox 1906 2026 3484 2096">
     <span class='ocr_line' id='line_1_65' title="bbox 1906 2026 3484 2096; baseline -0.003 -15"><span class='ocrx_word' id='word_1_502' title='bbox 1906 2037 2086 2081; x_wconf 88' lang='lat' dir='ltr'><strong>autem</strong></span> <span class='ocrx_word' id='word_1_503' title='bbox 2137 2028 2471 2096; x_wconf 88' lang='lat' dir='ltr'><strong>supertlunm</strong></span> <span class='ocrx_word' id='word_1_504' title='bbox 2555 2036 2608 2080; x_wconf 88' lang='lat' dir='ltr'><strong>et</strong></span> <span class='ocrx_word' id='word_1_505' title='bbox 2666 2026 3036 2080; x_wconf 83' lang='lat' dir='ltr'><strong>frustrancum</strong></span> <span class='ocrx_word' id='word_1_506' title='bbox 3088 2032 3190 2090; x_wconf 87' lang='lat' dir='ltr'><strong>est,</strong></span> <span class='ocrx_word' id='word_1_507' title='bbox 3239 2040 3362 2078; x_wconf 90' lang='lat' dir='ltr'><strong>eum</strong></span> <span class='ocrx_word' id='word_1_508' title='bbox 3416 2026 3484 2077; x_wconf 85' lang='lat' dir='ltr'><strong>ad</strong></span> 
     </span>
    </p>
   </div>
   <div class='ocr_carea' id='block_1_66' title="bbox 1906 2116 3486 2188">
    <p class='ocr_par' dir='ltr' id='par_1_66' title="bbox 1906 2116 3486 2188">
     <span class='ocr_line' id='line_1_66' title="bbox 1906 2116 3486 2188; baseline -0.003 -14"><span class='ocrx_word' id='word_1_509' title='bbox 1906 2119 2143 2175; x_wconf 83' lang='lat' dir='ltr'><strong>fructum</strong></span> <span class='ocrx_word' id='word_1_510' title='bbox 2190 2119 2471 2175; x_wconf 79' lang='lat' dir='ltr'><strong>ferendum</strong></span> <span class='ocrx_word' id='word_1_511' title='bbox 2520 2122 2710 2183; x_wconf 87' lang='lat' dir='ltr'><strong>citare,</strong></span> <span class='ocrx_word' id='word_1_512' title='bbox 2754 2120 2848 2188; x_wconf 89' lang='lat' dir='ltr'><strong>qui</strong></span> <span class='ocrx_word' id='word_1_513' title='bbox 2891 2118 3002 2187; x_wconf 84' lang='lat' dir='ltr'><strong>jam</strong></span> <span class='ocrx_word' id='word_1_514' title='bbox 3057 2116 3323 2186; x_wconf 78' lang='lat' dir='ltr'><strong>perfectos</strong></span> <span class='ocrx_word' id='word_1_515' title='bbox 3364 2117 3486 2169; x_wconf 85' lang='lat' dir='ltr'><strong>tulit</strong></span> 
     </span>
    </p>
   </div>
   <div class='ocr_carea' id='block_1_67' title="bbox 1906 2208 3485 2281">
    <p class='ocr_par' dir='ltr' id='par_1_67' title="bbox 1906 2208 3485 2281">
     <span class='ocr_line' id='line_1_67' title="bbox 1906 2208 3485 2281; baseline -0.002 -16"><span class='ocrx_word' id='word_1_516' title='bbox 1906 2212 2157 2276; x_wconf 79' lang='lat' dir='ltr'><strong>fructus;</strong></span> <span class='ocrx_word' id='word_1_517' title='bbox 2212 2211 2285 2265; x_wconf 90' lang='lat' dir='ltr'><strong>ita</strong></span> <span class='ocrx_word' id='word_1_518' title='bbox 2310 2220 2362 2265; x_wconf 87' lang='lat' dir='ltr'><strong>et</strong></span> <span class='ocrx_word' id='word_1_519' title='bbox 2398 2213 2727 2265; x_wconf 86' lang='lat' dir='ltr'><strong>laboriosum</strong></span> <span class='ocrx_word' id='word_1_520' title='bbox 2760 2223 2810 2264; x_wconf 89' lang='lat' dir='ltr'><strong>ct</strong></span> <span class='ocrx_word' id='word_1_521' title='bbox 2843 2225 3007 2281; x_wconf 83' lang='lat' dir='ltr'><strong>grave</strong></span> <span class='ocrx_word' id='word_1_522' title='bbox 3041 2210 3166 2273; x_wconf 89' lang='lat' dir='ltr'><strong>erit,</strong></span> <span class='ocrx_word' id='word_1_523' title='bbox 3211 2209 3298 2262; x_wconf 89' lang='lat' dir='ltr'><strong>ubi</strong></span> <span class='ocrx_word' id='word_1_524' title='bbox 3342 2208 3485 2262; x_wconf 76' lang='lat' dir='ltr'><strong>bona</strong></span> 
     </span>
    </p>
   </div>
   <div class='ocr_carea' id='block_1_68' title="bbox 1905 2301 3483 2373">
    <p class='ocr_par' dir='ltr' id='par_1_68' title="bbox 1905 2301 3483 2373">
     <span class='ocr_line' id='line_1_68' title="bbox 1905 2301 3483 2373; baseline -0.003 -14"><span class='ocrx_word' id='word_1_525' title='bbox 1905 2319 2032 2373; x_wconf 89' lang='lat' dir='ltr'><strong>spes</strong></span> <span class='ocrx_word' id='word_1_526' title='bbox 2066 2319 2171 2358; x_wconf 90' lang='lat' dir='ltr'><strong>non</strong></span> <span class='ocrx_word' id='word_1_527' title='bbox 2206 2304 2461 2372; x_wconf 81' lang='lat' dir='ltr'><strong>suppetit,</strong></span> <span class='ocrx_word' id='word_1_528' title='bbox 2496 2305 2561 2357; x_wconf 92' lang='lat' dir='ltr'><strong>ad</strong></span> <span class='ocrx_word' id='word_1_529' title='bbox 2594 2302 2983 2371; x_wconf 81' lang='lat' dir='ltr'><strong>perfectionem</strong></span> <span class='ocrx_word' id='word_1_530' title='bbox 3020 2301 3280 2355; x_wconf 88' lang='lat' dir='ltr'><strong>inducere</strong></span> <span class='ocrx_word' id='word_1_531' title='bbox 3306 2301 3483 2355; x_wconf 89' lang='lat' dir='ltr'><strong>velle:</strong></span> 
     </span>
    </p>
   </div>
   <div class='ocr_carea' id='block_1_69' title="bbox 1905 2390 3486 2463">
    <p class='ocr_par' dir='ltr' id='par_1_69' title="bbox 1905 2390 3486 2463">
     <span class='ocr_line' id='line_1_69' title="bbox 1905 2390 3486 2463; baseline -0.004 -15"><span class='ocrx_word' id='word_1_532' title='bbox 1905 2394 1987 2448; x_wconf 91' lang='lat' dir='ltr'><strong>sin</strong></span> <span class='ocrx_word' id='word_1_533' title='bbox 2043 2394 2257 2448; x_wconf 81' lang='lat' dir='ltr'><strong>fructus</strong></span> <span class='ocrx_word' id='word_1_534' title='bbox 2298 2394 2350 2447; x_wconf 91' lang='lat' dir='ltr'><strong>in</strong></span> <span class='ocrx_word' id='word_1_535' title='bbox 2386 2395 2453 2448; x_wconf 80' lang='lat' dir='ltr'><strong>iis</strong></span> <span class='ocrx_word' id='word_1_536' title='bbox 2480 2394 2698 2463; x_wconf 83' lang='lat' dir='ltr'><strong>aliquis,</strong></span> <span class='ocrx_word' id='word_1_537' title='bbox 2733 2403 2784 2447; x_wconf 87' lang='lat' dir='ltr'><strong>et</strong></span> <span class='ocrx_word' id='word_1_538' title='bbox 2824 2393 2913 2446; x_wconf 91' lang='lat' dir='ltr'><strong>ille</strong></span> <span class='ocrx_word' id='word_1_539' title='bbox 2961 2392 3180 2462; x_wconf 90' lang='lat' dir='ltr'><strong>quidem</strong></span> <span class='ocrx_word' id='word_1_540' title='bbox 3211 2390 3486 2461; x_wconf 79' lang='lat' dir='ltr'><strong>perfectus</strong></span> 
     </span>
    </p>
   </div>
   <div class='ocr_carea' id='block_1_70' title="bbox 1905 2481 3485 2553">
    <p class='ocr_par' dir='ltr' id='par_1_70' title="bbox 1905 2481 3485 2553">
     <span class='ocr_line' id='line_1_70' title="bbox 1905 2481 3485 2553; baseline -0.002 -16"><span class='ocrx_word' id='word_1_541' title='bbox 1905 2482 2030 2549; x_wconf 77' lang='lat' dir='ltr'><strong>fuit,</strong></span> <span class='ocrx_word' id='word_1_542' title='bbox 2070 2499 2137 2537; x_wconf 91' lang='lat' dir='ltr'><strong>ne</strong></span> <span class='ocrx_word' id='word_1_543' title='bbox 2166 2484 2247 2538; x_wconf 85' lang='lat' dir='ltr'><strong>sic</strong></span> <span class='ocrx_word' id='word_1_544' title='bbox 2275 2484 2491 2553; x_wconf 86' lang='lat' dir='ltr'><strong>quidem</strong></span> <span class='ocrx_word' id='word_1_545' title='bbox 2540 2499 2695 2537; x_wconf 81' lang='lat' dir='ltr'><strong>suam</strong></span> <span class='ocrx_word' id='word_1_546' title='bbox 2740 2483 3082 2552; x_wconf 74' lang='lat' dir='ltr'><strong>pnesentiaut</strong></span> <span class='ocrx_word' id='word_1_547' title='bbox 3131 2481 3485 2535; x_wconf 84' lang='lat' dir='ltr'><strong>interlidisset</strong></span> 
     </span>
    </p>
   </div>
   <div class='ocr_carea' id='block_1_71' title="bbox 1906 2572 3480 2637">
    <p class='ocr_par' dir='ltr' id='par_1_71' title="bbox 1906 2572 3480 2637">
     <span class='ocr_line' id='line_1_71' title="bbox 1906 2572 3480 2637; baseline -0.003 -10"><span class='ocrx_word' id='word_1_548' title='bbox 1906 2574 2084 2627; x_wconf 88' lang='lat' dir='ltr'><strong>alatus</strong></span> <span class='ocrx_word' id='word_1_549' title='bbox 2134 2572 2220 2626; x_wconf 92' lang='lat' dir='ltr'><strong>ille</strong></span> <span class='ocrx_word' id='word_1_550' title='bbox 2266 2581 2320 2625; x_wconf 89' lang='lat' dir='ltr'><strong>et</strong></span> <span class='ocrx_word' id='word_1_551' title='bbox 2368 2572 2783 2627; x_wconf 75' lang='lat' dir='ltr'><strong>sublimivolans</strong></span> <span class='ocrx_word' id='word_1_552' title='bbox 2829 2574 3028 2637; x_wconf 88' lang='lat' dir='ltr'><strong>homo;</strong></span> <span class='ocrx_word' id='word_1_553' title='bbox 3058 2591 3076 2624; x_wconf 80' lang='grc' dir='ltr'><strong>ι</strong></span> <span class='ocrx_word' id='word_1_554' title='bbox 3119 2572 3420 2626; x_wconf 81' lang='lat' dir='ltr'><strong>debitorem</strong></span> <span class='ocrx_word' id='word_1_555' title='bbox 3461 2589 3480 2623; x_wconf 79' lang='grc' dir='ltr'><strong>ι</strong></span> 
     </span>
    </p>
   </div>
   <div class='ocr_carea' id='block_1_72' title="bbox 1906 2662 3483 2733">
    <p class='ocr_par' dir='ltr' id='par_1_72' title="bbox 1906 2662 3483 2733">
     <span class='ocr_line' id='line_1_72' title="bbox 1906 2662 3483 2733; baseline -0.002 -15"><span class='ocrx_word' id='word_1_556' title='bbox 1906 2664 2173 2733; x_wconf 86' lang='lat' dir='ltr'><strong>siquidem</strong></span> <span class='ocrx_word' id='word_1_557' title='bbox 2219 2679 2278 2717; x_wconf 90' lang='lat' dir='ltr'><strong>se</strong></span> <span class='ocrx_word' id='word_1_558' title='bbox 2330 2672 2382 2717; x_wconf 93' lang='lat' dir='ltr'><strong>et</strong></span> <span class='ocrx_word' id='word_1_559' title='bbox 2438 2664 2657 2732; x_wconf 73' lang='lat' dir='ltr'><strong>agnovit</strong></span> <span class='ocrx_word' id='word_1_560' title='bbox 2705 2670 2761 2717; x_wconf 90' lang='lat' dir='ltr'><strong>et</strong></span> <span class='ocrx_word' id='word_1_561' title='bbox 2801 2662 3082 2733; x_wconf 79' lang='lat' dir='ltr'><strong>professus</strong></span> <span class='ocrx_word' id='word_1_562' title='bbox 3140 2674 3263 2718; x_wconf 86' lang='lat' dir='ltr'><strong>est:</strong></span> <span class='ocrx_word' id='word_1_563' title='bbox 3304 2683 3322 2714; x_wconf 77' lang='grc' dir='ltr'><strong>ι</strong></span> <span class='ocrx_word' id='word_1_564' title='bbox 3368 2662 3483 2717; x_wconf 84' lang='lat' dir='ltr'><strong>Non</strong></span> 
     </span>
    </p>
   </div>
   <div class='ocr_carea' id='block_1_73' title="bbox 1906 2754 3488 2823">
    <p class='ocr_par' dir='ltr' id='par_1_73' title="bbox 1906 2754 3488 2823">
     <span class='ocr_line' id='line_1_73' title="bbox 1906 2754 3488 2823; baseline -0.003 -14"><span class='ocrx_word' id='word_1_565' title='bbox 1906 2754 2109 2809; x_wconf 79' lang='lat' dir='ltr'><strong>Grarcis</strong></span> <span class='ocrx_word' id='word_1_566' title='bbox 2137 2763 2346 2807; x_wconf 88' lang='lat' dir='ltr'><strong>tantum</strong></span> <span class='ocrx_word' id='word_1_567' title='bbox 2397 2766 2493 2808; x_wconf 88' lang='lat' dir='ltr'><strong>aut</strong></span> <span class='ocrx_word' id='word_1_568' title='bbox 2540 2754 2812 2817; x_wconf 87' lang='lat' dir='ltr'><strong>barbaris,</strong></span> <span class='ocrx_word' id='word_1_569' title='bbox 2855 2755 2948 2808; x_wconf 91' lang='lat' dir='ltr'><strong>sed</strong></span> <span class='ocrx_word' id='word_1_570' title='bbox 2978 2754 3314 2823; x_wconf 88' lang='lat' dir='ltr'><strong>sapientibus</strong></span> <span class='ocrx_word' id='word_1_571' title='bbox 3354 2755 3488 2805; x_wconf 86' lang='lat' dir='ltr'><strong>insi-</strong></span> 
     </span>
    </p>
   </div>
   <div class='ocr_carea' id='block_1_74' title="bbox 1906 2845 3483 2916">
    <p class='ocr_par' dir='ltr' id='par_1_74' title="bbox 1906 2845 3483 2916">
     <span class='ocr_line' id='line_1_74' title="bbox 1906 2845 3483 2916; baseline -0.001 -17"><span class='ocrx_word' id='word_1_572' title='bbox 1906 2847 2331 2916; x_wconf 88' lang='lat' dir='ltr'><strong>pientibnsque;</strong></span> <span class='ocrx_word' id='word_1_573' title='bbox 2371 2864 2390 2897; x_wconf 71' lang='grc' dir='ltr'><strong>ι</strong></span> <span class='ocrx_word' id='word_1_574' title='bbox 2420 2846 2639 2913; x_wconf 88' lang='lat' dir='ltr'><strong>etquod</strong></span> <span class='ocrx_word' id='word_1_575' title='bbox 2690 2845 2860 2915; x_wconf 87' lang='lat' dir='ltr'><strong>ipsius</strong></span> <span class='ocrx_word' id='word_1_576' title='bbox 2908 2846 3149 2900; x_wconf 90' lang='lat' dir='ltr'><strong>studium</strong></span> <span class='ocrx_word' id='word_1_577' title='bbox 3194 2846 3483 2907; x_wconf 74' lang='lat' dir='ltr'><strong>attinebat,</strong></span> 
     </span>
    </p>
   </div>
   <div class='ocr_carea' id='block_1_75' title="bbox 1908 2937 3482 3006">
    <p class='ocr_par' dir='ltr' id='par_1_75' title="bbox 1908 2937 3482 3006">
     <span class='ocr_line' id='line_1_75' title="bbox 1908 2937 3482 3006; baseline -0.001 -15"><span class='ocrx_word' id='word_1_578' title='bbox 1908 2953 2015 2992; x_wconf 93' lang='lat' dir='ltr'><strong>non</strong></span> <span class='ocrx_word' id='word_1_579' title='bbox 2068 2952 2127 2991; x_wconf 84' lang='lat' dir='ltr'><strong>se</strong></span> <span class='ocrx_word' id='word_1_580' title='bbox 2178 2937 2466 3001; x_wconf 92' lang='lat' dir='ltr'><strong>continuit,</strong></span> <span class='ocrx_word' id='word_1_581' title='bbox 2502 2947 2560 2990; x_wconf 90' lang='lat' dir='ltr'><strong>ut</strong></span> <span class='ocrx_word' id='word_1_582' title='bbox 2592 2951 2661 2991; x_wconf 88' lang='lat' dir='ltr'><strong>ne</strong></span> <span class='ocrx_word' id='word_1_583' title='bbox 2698 2937 2827 3006; x_wconf 91' lang='lat' dir='ltr'><strong>quid</strong></span> <span class='ocrx_word' id='word_1_584' title='bbox 2877 2938 3112 3005; x_wconf 90' lang='lat' dir='ltr'><strong>amplius</strong></span> <span class='ocrx_word' id='word_1_585' title='bbox 3158 2937 3482 3005; x_wconf 82' lang='lat' dir='ltr'><strong>requireret,</strong></span> 
     </span>
    </p>
   </div>
   <div class='ocr_carea' id='block_1_76' title="bbox 1906 3026 3485 3099">
    <p class='ocr_par' dir='ltr' id='par_1_76' title="bbox 1906 3026 3485 3099">
     <span class='ocr_line' id='line_1_76' title="bbox 1906 3026 3485 3099; baseline -0.001 -17"><span class='ocrx_word' id='word_1_586' title='bbox 1906 3045 2068 3099; x_wconf 87' lang='lat' dir='ltr'><strong>quam</strong></span> <span class='ocrx_word' id='word_1_587' title='bbox 2099 3027 2240 3098; x_wconf 86' lang='lat' dir='ltr'><strong>quod</strong></span> <span class='ocrx_word' id='word_1_588' title='bbox 2273 3028 2544 3092; x_wconf 84' lang='lat' dir='ltr'><strong>habebat;</strong></span> <span class='ocrx_word' id='word_1_589' title='bbox 2575 3027 2708 3081; x_wconf 88' lang='lat' dir='ltr'><strong>adeo</strong></span> <span class='ocrx_word' id='word_1_590' title='bbox 2738 3038 2795 3081; x_wconf 89' lang='lat' dir='ltr'><strong>ut</strong></span> <span class='ocrx_word' id='word_1_591' title='bbox 2836 3030 2878 3081; x_wconf 91' lang='lat' dir='ltr'><strong>si</strong></span> <span class='ocrx_word' id='word_1_592' title='bbox 2912 3028 3171 3096; x_wconf 86' lang='lat' dir='ltr'><strong>operibus</strong></span> <span class='ocrx_word' id='word_1_593' title='bbox 3204 3026 3485 3087; x_wconf 80' lang='lat' dir='ltr'><strong>ﬂorerent.</strong></span> 
     </span>
    </p>
   </div>
   <div class='ocr_carea' id='block_1_77' title="bbox 1910 3118 3483 3189">
    <p class='ocr_par' dir='ltr' id='par_1_77' title="bbox 1910 3118 3483 3189">
     <span class='ocr_line' id='line_1_77' title="bbox 1910 3118 3483 3189; baseline -0.001 -15"><span class='ocrx_word' id='word_1_594' title='bbox 1910 3121 2025 3187; x_wconf 86' lang='lat' dir='ltr'><strong>ipse</strong></span> <span class='ocrx_word' id='word_1_595' title='bbox 2062 3130 2237 3174; x_wconf 86' lang='lat' dir='ltr'><strong>tamen</strong></span> <span class='ocrx_word' id='word_1_596' title='bbox 2273 3119 2414 3173; x_wconf 89' lang='lat' dir='ltr'><strong>haud</strong></span> <span class='ocrx_word' id='word_1_597' title='bbox 2448 3119 2759 3181; x_wconf 85' lang='lat' dir='ltr'><strong>absisteret,</strong></span> <span class='ocrx_word' id='word_1_598' title='bbox 2779 3120 2921 3189; x_wconf 88' lang='lat' dir='ltr'><strong>quod</strong></span> <span class='ocrx_word' id='word_1_599' title='bbox 2954 3134 3113 3173; x_wconf 90' lang='lat' dir='ltr'><strong>suum</strong></span> <span class='ocrx_word' id='word_1_600' title='bbox 3143 3130 3260 3173; x_wconf 88' lang='lat' dir='ltr'><strong>erat</strong></span> <span class='ocrx_word' id='word_1_601' title='bbox 3285 3118 3483 3183; x_wconf 81' lang='lat' dir='ltr'><strong>facere,</strong></span> 
     </span>
    </p>
   </div>
   <div class='ocr_carea' id='block_1_78' title="bbox 1908 3211 3488 3281">
    <p class='ocr_par' dir='ltr' id='par_1_78' title="bbox 1908 3211 3488 3281">
     <span class='ocr_line' id='line_1_78' title="bbox 1908 3211 3488 3281; baseline -0.001 -15"><span class='ocrx_word' id='word_1_602' title='bbox 1908 3213 2003 3267; x_wconf 80' lang='lat' dir='ltr'><strong>sed</strong></span> <span class='ocrx_word' id='word_1_603' title='bbox 2036 3213 2293 3281; x_wconf 87' lang='lat' dir='ltr'><strong>majorem</strong></span> <span class='ocrx_word' id='word_1_604' title='bbox 2328 3211 2443 3265; x_wconf 83' lang='lat' dir='ltr'><strong>ﬁeri</strong></span> <span class='ocrx_word' id='word_1_605' title='bbox 2471 3212 2805 3266; x_wconf 85' lang='lat' dir='ltr'><strong>additionem</strong></span> <span class='ocrx_word' id='word_1_606' title='bbox 2839 3213 3084 3267; x_wconf 79' lang='lat' dir='ltr'><strong>instaret.</strong></span> <span class='ocrx_word' id='word_1_607' title='bbox 3112 3211 3288 3281; x_wconf 88' lang='lat' dir='ltr'><strong>Atque</strong></span> <span class='ocrx_word' id='word_1_608' title='bbox 3322 3212 3393 3265; x_wconf 89' lang='lat' dir='ltr'><strong>ita</strong></span> <span class='ocrx_word' id='word_1_609' title='bbox 3418 3212 3488 3265; x_wconf 89' lang='lat' dir='ltr'><strong>sit</strong></span> 
     </span>
    </p>
   </div>
   <div class='ocr_carea' id='block_1_79' title="bbox 1909 3300 3485 3371">
    <p class='ocr_par' dir='ltr' id='par_1_79' title="bbox 1909 3300 3485 3371">
     <span class='ocr_line' id='line_1_79' title="bbox 1909 3300 3485 3371; baseline -0.001 -16"><span class='ocrx_word' id='word_1_610' title='bbox 1909 3301 2076 3370; x_wconf 83' lang='lat' dir='ltr'><strong>hujus</strong></span> <span class='ocrx_word' id='word_1_611' title='bbox 2102 3301 2232 3355; x_wconf 88' lang='lat' dir='ltr'><strong>dicti</strong></span> <span class='ocrx_word' id='word_1_612' title='bbox 2264 3300 2557 3371; x_wconf 72' lang='lat' dir='ltr'><strong>expositio.</strong></span> <span class='ocrx_word' id='word_1_613' title='bbox 2599 3304 2784 3358; x_wconf 79' lang='lat' dir='ltr'><strong>Potest</strong></span> <span class='ocrx_word' id='word_1_614' title='bbox 2813 3311 2865 3356; x_wconf 89' lang='lat' dir='ltr'><strong>et</strong></span> <span class='ocrx_word' id='word_1_615' title='bbox 2899 3304 3055 3356; x_wconf 86' lang='lat' dir='ltr'><strong>aliter</strong></span> <span class='ocrx_word' id='word_1_616' title='bbox 3085 3318 3280 3356; x_wconf 86' lang='lat' dir='ltr'><strong>sensus</strong></span> <span class='ocrx_word' id='word_1_617' title='bbox 3311 3302 3485 3369; x_wconf 72' lang='lat' dir='ltr'><strong>expli-</strong></span> 
     </span>
    </p>
   </div>
   <div class='ocr_carea' id='block_1_80' title="bbox 1908 3392 3487 3464">
    <p class='ocr_par' dir='ltr' id='par_1_80' title="bbox 1908 3392 3487 3464">
     <span class='ocr_line' id='line_1_80' title="bbox 1908 3392 3487 3464; baseline -0.001 -16"><span class='ocrx_word' id='word_1_618' title='bbox 1908 3393 2043 3453; x_wconf 86' lang='lat' dir='ltr'><strong>cari,</strong></span> <span class='ocrx_word' id='word_1_619' title='bbox 2087 3392 2406 3463; x_wconf 88' lang='lat' dir='ltr'><strong>simpliciori</strong></span> <span class='ocrx_word' id='word_1_620' title='bbox 2461 3395 2695 3464; x_wconf 86' lang='lat' dir='ltr'><strong>quadam</strong></span> <span class='ocrx_word' id='word_1_621' title='bbox 2742 3395 2879 3449; x_wconf 79' lang='lat' dir='ltr'><strong>ferte</strong></span> <span class='ocrx_word' id='word_1_622' title='bbox 2919 3395 3384 3464; x_wconf 88' lang='lat' dir='ltr'><strong>interpretatione,</strong></span> <span class='ocrx_word' id='word_1_623' title='bbox 3431 3402 3487 3448; x_wconf 86' lang='lat' dir='ltr'><strong>at</strong></span> 
     </span>
    </p>
   </div>
   <div class='ocr_carea' id='block_1_81' title="bbox 1907 3484 3483 3554">
    <p class='ocr_par' dir='ltr' id='par_1_81' title="bbox 1907 3484 3483 3554">
     <span class='ocr_line' id='line_1_81' title="bbox 1907 3484 3483 3554; baseline 0 -19"><span class='ocrx_word' id='word_1_624' title='bbox 1907 3500 2030 3554; x_wconf 68' lang='lat' dir='ltr'><strong>quae</strong></span> <span class='ocrx_word' id='word_1_625' title='bbox 2072 3487 2294 3554; x_wconf 84' lang='lat' dir='ltr'><strong>propius</strong></span> <span class='ocrx_word' id='word_1_626' title='bbox 2354 3489 2577 3541; x_wconf 86' lang='lat' dir='ltr'><strong>accedat</strong></span> <span class='ocrx_word' id='word_1_627' title='bbox 2615 3486 2681 3539; x_wconf 90' lang='lat' dir='ltr'><strong>ad</strong></span> <span class='ocrx_word' id='word_1_628' title='bbox 2723 3484 2876 3539; x_wconf 84' lang='lat' dir='ltr'><strong>Pauli</strong></span> <span class='ocrx_word' id='word_1_629' title='bbox 2931 3494 3165 3537; x_wconf 87' lang='lat' dir='ltr'><strong>mentem</strong></span> <span class='ocrx_word' id='word_1_630' title='bbox 3206 3494 3260 3538; x_wconf 91' lang='lat' dir='ltr'><strong>et</strong></span> <span class='ocrx_word' id='word_1_631' title='bbox 3310 3484 3483 3553; x_wconf 90' lang='lat' dir='ltr'><strong>ipsam</strong></span> 
     </span>
    </p>
   </div>
   <div class='ocr_carea' id='block_1_82' title="bbox 1907 3577 3484 3652">
    <p class='ocr_par' dir='ltr' id='par_1_82' title="bbox 1907 3577 3484 3652">
     <span class='ocr_line' id='line_1_82' title="bbox 1907 3577 3484 3652; baseline -0.001 -19"><span class='ocrx_word' id='word_1_632' title='bbox 1907 3580 2219 3636; x_wconf 89' lang='lat' dir='ltr'><strong>dictionem.</strong></span> <span class='ocrx_word' id='word_1_633' title='bbox 2251 3601 2267 3633; x_wconf 83' lang='grc' dir='ltr'><strong>ι</strong></span> <span class='ocrx_word' id='word_1_634' title='bbox 2299 3583 2528 3652; x_wconf 62' lang='lat' dir='ltr'><strong>Saepius,</strong></span> <span class='ocrx_word' id='word_1_635' title='bbox 2557 3582 2752 3651; x_wconf 90' lang='lat' dir='ltr'><strong>inquit,</strong></span> <span class='ocrx_word' id='word_1_636' title='bbox 2778 3577 3039 3650; x_wconf 87' lang='lat' dir='ltr'><strong>proposui</strong></span> <span class='ocrx_word' id='word_1_637' title='bbox 3060 3578 3126 3631; x_wconf 86' lang='lat' dir='ltr'><strong>ad</strong></span> <span class='ocrx_word' id='word_1_638' title='bbox 3154 3593 3252 3632; x_wconf 88' lang='lat' dir='ltr'><strong>vos</strong></span> <span class='ocrx_word' id='word_1_639' title='bbox 3276 3580 3484 3641; x_wconf 88' lang='lat' dir='ltr'><strong>venire,</strong></span> 
     </span>
    </p>
   </div>
   <div class='ocr_carea' id='block_1_83' title="bbox 1908 3670 3488 3742">
    <p class='ocr_par' dir='ltr' id='par_1_83' title="bbox 1908 3670 3488 3742">
     <span class='ocr_line' id='line_1_83' title="bbox 1908 3670 3488 3742; baseline -0.003 -16"><span class='ocrx_word' id='word_1_640' title='bbox 1908 3672 2005 3726; x_wconf 85' lang='lat' dir='ltr'><strong>sed</strong></span> <span class='ocrx_word' id='word_1_641' title='bbox 2043 3672 2338 3740; x_wconf 88' lang='lat' dir='ltr'><strong>impeditus</strong></span> <span class='ocrx_word' id='word_1_642' title='bbox 2366 3676 2471 3728; x_wconf 87' lang='lat' dir='ltr'><strong>huc</strong></span> <span class='ocrx_word' id='word_1_643' title='bbox 2524 3689 2697 3742; x_wconf 90' lang='lat' dir='ltr'><strong>usque</strong></span> <span class='ocrx_word' id='word_1_644' title='bbox 2742 3671 2842 3726; x_wconf 80' lang='lat' dir='ltr'><strong>fui.</strong></span> <span class='ocrx_word' id='word_1_645' title='bbox 2878 3690 2895 3723; x_wconf 73' lang='grc' dir='ltr'><strong>ι</strong></span> <span class='ocrx_word' id='word_1_646' title='bbox 2921 3671 3032 3726; x_wconf 86' lang='lat' dir='ltr'><strong>Cur</strong></span> <span class='ocrx_word' id='word_1_647' title='bbox 3062 3671 3281 3725; x_wconf 82' lang='lat' dir='ltr'><strong>autem?</strong></span> <span class='ocrx_word' id='word_1_648' title='bbox 3341 3687 3357 3720; x_wconf 79' lang='grc' dir='ltr'><strong>ι</strong></span> <span class='ocrx_word' id='word_1_649' title='bbox 3418 3670 3488 3724; x_wconf 84' lang='lat' dir='ltr'><strong>Ut</strong></span> 
     </span>
    </p>
   </div>
   <div class='ocr_carea' id='block_1_84' title="bbox 1907 3764 3485 3834">
    <p class='ocr_par' dir='ltr' id='par_1_84' title="bbox 1907 3764 3485 3834">
     <span class='ocr_line' id='line_1_84' title="bbox 1907 3764 3485 3834; baseline -0.001 -17"><span class='ocrx_word' id='word_1_650' title='bbox 1907 3764 2144 3833; x_wconf 84' lang='lat' dir='ltr'><strong>aliquem</strong></span> <span class='ocrx_word' id='word_1_651' title='bbox 2172 3767 2225 3819; x_wconf 92' lang='lat' dir='ltr'><strong>in</strong></span> <span class='ocrx_word' id='word_1_652' title='bbox 2256 3765 2412 3820; x_wconf 88' lang='lat' dir='ltr'><strong>vobis</strong></span> <span class='ocrx_word' id='word_1_653' title='bbox 2435 3765 2670 3819; x_wconf 79' lang='lat' dir='ltr'><strong>lructum</strong></span> <span class='ocrx_word' id='word_1_654' title='bbox 2696 3764 3013 3834; x_wconf 84' lang='lat' dir='ltr'><strong>percipiam.</strong></span> <span class='ocrx_word' id='word_1_655' title='bbox 3045 3783 3064 3816; x_wconf 74' lang='grc' dir='ltr'><strong>ι</strong></span> <span class='ocrx_word' id='word_1_656' title='bbox 3085 3765 3160 3817; x_wconf 81' lang='lat' dir='ltr'><strong>Ac</strong></span> <span class='ocrx_word' id='word_1_657' title='bbox 3185 3764 3229 3817; x_wconf 91' lang='lat' dir='ltr'><strong>si</strong></span> <span class='ocrx_word' id='word_1_658' title='bbox 3253 3764 3485 3827; x_wconf 80' lang='lat' dir='ltr'><strong>diceres,</strong></span> 
     </span>
    </p>
   </div>
   <div class='ocr_carea' id='block_1_85' title="bbox 1907 3856 3488 3926">
    <p class='ocr_par' dir='ltr' id='par_1_85' title="bbox 1907 3856 3488 3926">
     <span class='ocr_line' id='line_1_85' title="bbox 1907 3856 3488 3926; baseline -0.003 -16"><span class='ocrx_word' id='word_1_659' title='bbox 1907 3857 2190 3912; x_wconf 87' lang='lat' dir='ltr'><strong>deticiebat</strong></span> <span class='ocrx_word' id='word_1_660' title='bbox 2230 3858 2364 3911; x_wconf 90' lang='lat' dir='ltr'><strong>mihi</strong></span> <span class='ocrx_word' id='word_1_661' title='bbox 2404 3858 2634 3922; x_wconf 82' lang='lat' dir='ltr'><strong>fructus,</strong></span> <span class='ocrx_word' id='word_1_662' title='bbox 2667 3873 2828 3926; x_wconf 89' lang='lat' dir='ltr'><strong>quem</strong></span> <span class='ocrx_word' id='word_1_663' title='bbox 2858 3856 3005 3926; x_wconf 85' lang='lat' dir='ltr'><strong>prius</strong></span> <span class='ocrx_word' id='word_1_664' title='bbox 3031 3856 3272 3926; x_wconf 72' lang='lat' dir='ltr'><strong>oportuit</strong></span> <span class='ocrx_word' id='word_1_665' title='bbox 3301 3871 3488 3924; x_wconf 78' lang='lat' dir='ltr'><strong>perce-</strong></span> 
     </span>
    </p>
   </div>
   <div class='ocr_carea' id='block_1_86' title="bbox 1906 3944 3486 4016">
    <p class='ocr_par' dir='ltr' id='par_1_86' title="bbox 1906 3944 3486 4016">
     <span class='ocr_line' id='line_1_86' title="bbox 1906 3944 3486 4016; baseline -0.001 -19"><span class='ocrx_word' id='word_1_666' title='bbox 1906 3944 2073 4015; x_wconf 83' lang='lat' dir='ltr'><strong>pisse,</strong></span> <span class='ocrx_word' id='word_1_667' title='bbox 2099 3954 2261 4016; x_wconf 89' lang='lat' dir='ltr'><strong>atque</strong></span> <span class='ocrx_word' id='word_1_668' title='bbox 2285 3947 2356 4000; x_wconf 92' lang='lat' dir='ltr'><strong>ita</strong></span> <span class='ocrx_word' id='word_1_669' title='bbox 2393 3949 2609 4001; x_wconf 87' lang='lat' dir='ltr'><strong>demum</strong></span> <span class='ocrx_word' id='word_1_670' title='bbox 2649 3946 2956 4001; x_wconf 87' lang='lat' dir='ltr'><strong>advenisse.</strong></span> <span class='ocrx_word' id='word_1_671' title='bbox 2990 3946 3125 4011; x_wconf 84' lang='lat' dir='ltr'><strong>Quis</strong></span> <span class='ocrx_word' id='word_1_672' title='bbox 3152 3954 3335 3999; x_wconf 81' lang='lat' dir='ltr'><strong>autent</strong></span> <span class='ocrx_word' id='word_1_673' title='bbox 3370 3944 3486 3996; x_wconf 78' lang='lat' dir='ltr'><strong>fru-</strong></span> 
     </span>
    </p>
   </div>
   <div class='ocr_carea' id='block_1_87' title="bbox 1906 4038 3488 4109">
    <p class='ocr_par' dir='ltr' id='par_1_87' title="bbox 1906 4038 3488 4109">
     <span class='ocr_line' id='line_1_87' title="bbox 1906 4038 3488 4109; baseline -0.003 -16"><span class='ocrx_word' id='word_1_674' title='bbox 1906 4046 2027 4093; x_wconf 92' lang='lat' dir='ltr'><strong>ctus</strong></span> <span class='ocrx_word' id='word_1_675' title='bbox 2058 4039 2166 4104; x_wconf 84' lang='lat' dir='ltr'><strong>ille,</strong></span> <span class='ocrx_word' id='word_1_676' title='bbox 2203 4049 2258 4093; x_wconf 90' lang='lat' dir='ltr'><strong>et</strong></span> <span class='ocrx_word' id='word_1_677' title='bbox 2286 4041 2337 4092; x_wconf 91' lang='lat' dir='ltr'><strong>in</strong></span> <span class='ocrx_word' id='word_1_678' title='bbox 2379 4040 2579 4108; x_wconf 88' lang='lat' dir='ltr'><strong>quibus</strong></span> <span class='ocrx_word' id='word_1_679' title='bbox 2609 4039 3006 4109; x_wconf 77' lang='lat' dir='ltr'><strong>colligebatur?</strong></span> <span class='ocrx_word' id='word_1_680' title='bbox 3041 4038 3159 4107; x_wconf 88' lang='lat' dir='ltr'><strong>Ipse</strong></span> <span class='ocrx_word' id='word_1_681' title='bbox 3195 4038 3297 4090; x_wconf 84' lang='lat' dir='ltr'><strong>hoc</strong></span> <span class='ocrx_word' id='word_1_682' title='bbox 3326 4038 3488 4090; x_wconf 86' lang='lat' dir='ltr'><strong>doce—</strong></span> 
     </span>
    </p>
   </div>
   <div class='ocr_carea' id='block_1_88' title="bbox 1905 4117 3477 4200">
    <p class='ocr_par' dir='ltr' id='par_1_88' title="bbox 1905 4117 3477 4200">
     <span class='ocr_line' id='line_1_88' title="bbox 1905 4117 3477 4200; baseline 0 -17"><span class='ocrx_word' id='word_1_683' title='bbox 1905 4129 2025 4184; x_wconf 89' lang='lat' dir='ltr'><strong>bit:</strong></span> <span class='ocrx_word' id='word_1_684' title='bbox 2063 4146 2187 4183; x_wconf 90' lang='lat' dir='ltr'><strong>nam</strong></span> <span class='ocrx_word' id='word_1_685' title='bbox 2243 4117 2308 4184; x_wconf 68' lang='lat' dir='ltr'><strong>ad</strong></span> <span class='ocrx_word' id='word_1_686' title='bbox 2362 4130 2523 4183; x_wconf 82' lang='lat' dir='ltr'><strong>tinem</strong></span> <span class='ocrx_word' id='word_1_687' title='bbox 2564 4129 2827 4200; x_wconf 63' lang='lat' dir='ltr'><strong>epistolae,</strong></span> <span class='ocrx_word' id='word_1_688' title='bbox 2881 4130 3036 4199; x_wconf 89' lang='lat' dir='ltr'><strong>quasi</strong></span> <span class='ocrx_word' id='word_1_689' title='bbox 3091 4129 3477 4197; x_wconf 85' lang='lat' dir='ltr'><strong>recolligendo.</strong></span> 
     </span>
    </p>
   </div>
   <div class='ocr_carea' id='block_1_89' title="bbox 1905 4221 3481 4292">
    <p class='ocr_par' dir='ltr' id='par_1_89' title="bbox 1905 4221 3481 4292">
     <span class='ocr_line' id='line_1_89' title="bbox 1905 4221 3481 4292; baseline -0.003 -17"><span class='ocrx_word' id='word_1_690' title='bbox 1905 4238 2027 4292; x_wconf 74' lang='lat' dir='ltr'><strong>qua:</strong></span> <span class='ocrx_word' id='word_1_691' title='bbox 2068 4223 2420 4291; x_wconf 74' lang='lat' dir='ltr'><strong>przemiserat,</strong></span> <span class='ocrx_word' id='word_1_692' title='bbox 2456 4224 2572 4277; x_wconf 86' lang='lat' dir='ltr'><strong>ait:</strong></span> <span class='ocrx_word' id='word_1_693' title='bbox 2610 4242 2627 4273; x_wconf 81' lang='grc' dir='ltr'><strong>ι</strong></span> <span class='ocrx_word' id='word_1_694' title='bbox 2674 4225 2941 4290; x_wconf 84' lang='lat' dir='ltr'><strong>Quocirca</strong></span> <span class='ocrx_word' id='word_1_695' title='bbox 2995 4221 3289 4291; x_wconf 78' lang='lat' dir='ltr'><strong>impeditus</strong></span> <span class='ocrx_word' id='word_1_696' title='bbox 3334 4236 3481 4283; x_wconf 90' lang='lat' dir='ltr'><strong>sum,</strong></span> 
     </span>
    </p>
   </div>
   <div class='ocr_carea' id='block_1_90' title="bbox 1906 4311 3486 4384">
    <p class='ocr_par' dir='ltr' id='par_1_90' title="bbox 1906 4311 3486 4384">
     <span class='ocr_line' id='line_1_90' title="bbox 1906 4311 3486 4384; baseline -0.003 -16"><span class='ocrx_word' id='word_1_697' title='bbox 1906 4331 1973 4368; x_wconf 89' lang='lat' dir='ltr'><strong>ne</strong></span> <span class='ocrx_word' id='word_1_698' title='bbox 2004 4315 2071 4368; x_wconf 90' lang='lat' dir='ltr'><strong>ad</strong></span> <span class='ocrx_word' id='word_1_699' title='bbox 2103 4330 2197 4369; x_wconf 88' lang='lat' dir='ltr'><strong>vos</strong></span> <span class='ocrx_word' id='word_1_700' title='bbox 2237 4317 2497 4380; x_wconf 89' lang='lat' dir='ltr'><strong>venirem,</strong></span> <span class='ocrx_word' id='word_1_701' title='bbox 2532 4334 2551 4367; x_wconf 74' lang='grc' dir='ltr'><strong>ι</strong></span> <span class='ocrx_word' id='word_1_702' title='bbox 2592 4316 2734 4384; x_wconf 89' lang='lat' dir='ltr'><strong>quod</strong></span> <span class='ocrx_word' id='word_1_703' title='bbox 2762 4316 2904 4370; x_wconf 90' lang='lat' dir='ltr'><strong>idem</strong></span> <span class='ocrx_word' id='word_1_704' title='bbox 2934 4324 3018 4369; x_wconf 91' lang='lat' dir='ltr'><strong>est</strong></span> <span class='ocrx_word' id='word_1_705' title='bbox 3051 4329 3198 4373; x_wconf 88' lang='lat' dir='ltr'><strong>cum,</strong></span> <span class='ocrx_word' id='word_1_706' title='bbox 3232 4332 3250 4363; x_wconf 76' lang='grc' dir='ltr'><strong>ι</strong></span> <span class='ocrx_word' id='word_1_707' title='bbox 3288 4311 3486 4365; x_wconf 80' lang='lat' dir='ltr'><strong>Prohi-</strong></span> 
     </span>
    </p>
   </div>
   <div class='ocr_carea' id='block_1_91' title="bbox 227 4403 1788 4482">
    <p class='ocr_par' dir='ltr' id='par_1_91' title="bbox 227 4403 1788 4482">
     <span class='ocr_line' id='line_1_91' title="bbox 227 4403 1788 4482; baseline -0.004 -20"><span class='ocrx_word' id='word_1_708' title='bbox 227 4428 247 4462; x_wconf 74' lang='grc' dir='ltr'><strong>ι</strong></span> <span class='ocrx_word' id='word_1_709' title='bbox 284 4409 606 4481; x_wconf 83' lang='grc' dir='ltr'>Ἐλεύσομαι</span> <span class='ocrx_word' id='word_1_710' title='bbox 631 4411 767 4482; x_wconf 80' lang='grc' dir='ltr'>πρὸς</span> <span class='ocrx_word' id='word_1_711' title='bbox 799 4411 965 4480; x_wconf 84' lang='grc' dir='ltr'>ὑμᾶς.</span> <span class='ocrx_word' id='word_1_712' title='bbox 987 4427 1005 4458; x_wconf 73' lang='grc' dir='ltr'><strong>ι</strong></span> <span class='ocrx_word' id='word_1_713' title='bbox 1044 4406 1209 4476; x_wconf 77' lang='grc' dir='ltr'>Ὁρᾷς</span> <span class='ocrx_word' id='word_1_714' title='bbox 1229 4406 1311 4458; x_wconf 86' lang='grc' dir='ltr'>ὅτι</span> <span class='ocrx_word' id='word_1_715' title='bbox 1335 4404 1421 4468; x_wconf 83' lang='grc' dir='ltr'><strong>τὸ,</strong></span> <span class='ocrx_word' id='word_1_716' title='bbox 1455 4403 1559 4466; x_wconf 78' lang='grc' dir='ltr'><strong>ἕως</strong></span> <span class='ocrx_word' id='word_1_717' title='bbox 1594 4404 1687 4456; x_wconf 88' lang='grc' dir='ltr'><strong>τοῦ</strong></span> <span class='ocrx_word' id='word_1_718' title='bbox 1709 4403 1788 4457; x_wconf 63' lang='lat' dir='ltr'><strong>vin</strong></span> 
     </span>
    </p>
   </div>
   <div class='ocr_carea' id='block_1_92' title="bbox 1904 4403 3487 4482">
    <p class='ocr_par' dir='ltr' id='par_1_92' title="bbox 1907 4403 3487 4464">
     <span class='ocr_line' id='line_1_92' title="bbox 1907 4403 3487 4464; baseline -0.004 -3"><span class='ocrx_word' id='word_1_719' title='bbox 1907 4408 2054 4464; x_wconf 87' lang='lat' dir='ltr'><strong>bitus</strong></span> <span class='ocrx_word' id='word_1_720' title='bbox 2095 4424 2215 4463; x_wconf 90' lang='lat' dir='ltr'><strong>sum</strong></span> <span class='ocrx_word' id='word_1_721' title='bbox 2259 4411 2547 4461; x_wconf 87' lang='lat' dir='ltr'><strong>hactenus.</strong></span> <span class='ocrx_word' id='word_1_722' title='bbox 2589 4409 2658 4461; x_wconf 82' lang='lat' dir='ltr'><strong>At</strong></span> <span class='ocrx_word' id='word_1_723' title='bbox 2703 4423 2845 4461; x_wconf 90' lang='lat' dir='ltr'><strong>nunc</strong></span> <span class='ocrx_word' id='word_1_724' title='bbox 2879 4422 3001 4461; x_wconf 92' lang='lat' dir='ltr'><strong>cum</strong></span> <span class='ocrx_word' id='word_1_725' title='bbox 3040 4405 3215 4459; x_wconf 88' lang='lat' dir='ltr'><strong>locum</strong></span> <span class='ocrx_word' id='word_1_726' title='bbox 3255 4405 3307 4457; x_wconf 84' lang='lat' dir='ltr'><strong>in</strong></span> <span class='ocrx_word' id='word_1_727' title='bbox 3340 4403 3487 4457; x_wconf 86' lang='lat' dir='ltr'><strong>hisce</strong></span> 
     </span>
    </p>
   </div>
   <div class='ocr_carea' id='block_1_93' title="bbox 225 4496 1800 4574">
    <p class='ocr_par' dir='ltr' id='par_1_93' title="bbox 225 4496 1800 4574">
     <span class='ocr_line' id='line_1_93' title="bbox 225 4496 1800 4574; baseline -0.003 -20"><span class='ocrx_word' id='word_1_728' title='bbox 225 4504 307 4574; x_wconf 84' lang='grc' dir='ltr'><strong>μὴ</strong></span> <span class='ocrx_word' id='word_1_729' title='bbox 338 4503 532 4566; x_wconf 82' lang='grc' dir='ltr'>ἐλθεῖν,</span> <span class='ocrx_word' id='word_1_730' title='bbox 564 4504 591 4556; x_wconf 85' lang='grc' dir='ltr'><strong>ό</strong></span> <span class='ocrx_word' id='word_1_731' title='bbox 621 4505 680 4555; x_wconf 89' lang='grc' dir='ltr'><strong>ἐν</strong></span> <span class='ocrx_word' id='word_1_732' title='bbox 716 4506 823 4565; x_wconf 88' lang='grc' dir='ltr'>τοῖς</span> <span class='ocrx_word' id='word_1_733' title='bbox 848 4501 1103 4572; x_wconf 80' lang='grc' dir='ltr'>κλίμασιν</span> <span class='ocrx_word' id='word_1_734' title='bbox 1142 4498 1375 4561; x_wconf 89' lang='grc' dir='ltr'>ἐκείνοις</span> <span class='ocrx_word' id='word_1_735' title='bbox 1409 4496 1800 4568; x_wconf 84' lang='grc' dir='ltr'>συλλεγόμενος</span> 
     </span>
    </p>
   </div>
   <div class='ocr_carea' id='block_1_94' title="bbox 220 4591 1799 4667">
    <p class='ocr_par' dir='ltr' id='par_1_94' title="bbox 220 4591 1799 4667">
     <span class='ocr_line' id='line_1_94' title="bbox 220 4591 1799 4667; baseline -0.003 -19"><span class='ocrx_word' id='word_1_736' title='bbox 220 4597 416 4664; x_wconf 83' lang='grc' dir='ltr'>ἐπεῖχε</span> <span class='ocrx_word' id='word_1_737' title='bbox 449 4596 659 4667; x_wconf 87' lang='grc' dir='ltr'>καρπός</span> <span class='ocrx_word' id='word_1_738' title='bbox 686 4612 700 4627; x_wconf 92' lang='grc'><strong>·</strong></span> <span class='ocrx_word' id='word_1_739' title='bbox 729 4594 1017 4647; x_wconf 79' lang='grc' dir='ltr'>ἀτέλεστον</span> <span class='ocrx_word' id='word_1_740' title='bbox 1046 4594 1154 4665; x_wconf 75' lang='grc' dir='ltr'>γὰρ</span> <span class='ocrx_word' id='word_1_741' title='bbox 1183 4592 1274 4645; x_wconf 83' lang='grc' dir='ltr'><strong>τὸν</strong></span> <span class='ocrx_word' id='word_1_742' title='bbox 1305 4593 1363 4645; x_wconf 87' lang='grc' dir='ltr'><strong>ἐν</strong></span> <span class='ocrx_word' id='word_1_743' title='bbox 1381 4591 1607 4653; x_wconf 82' lang='grc' dir='ltr'>ἐκείνοις</span> <span class='ocrx_word' id='word_1_744' title='bbox 1636 4592 1799 4644; x_wconf 89' lang='grc' dir='ltr'>πόνον</span> 
     </span>
    </p>
   </div>
   <div class='ocr_carea' id='block_1_95' title="bbox 217 4683 1797 4759">
    <p class='ocr_par' dir='ltr' id='par_1_95' title="bbox 217 4683 1797 4759">
     <span class='ocr_line' id='line_1_95' title="bbox 217 4683 1797 4759; baseline -0.003 -17"><span class='ocrx_word' id='word_1_745' title='bbox 217 4690 404 4742; x_wconf 79' lang='grc' dir='ltr'>λιπεῖν</span> <span class='ocrx_word' id='word_1_746' title='bbox 452 4690 551 4741; x_wconf 75' lang='grc' dir='ltr'><strong>οὐκ</strong></span> <span class='ocrx_word' id='word_1_747' title='bbox 598 4684 665 4759; x_wconf 85' lang='grc' dir='ltr'>ἦν</span> <span class='ocrx_word' id='word_1_748' title='bbox 723 4687 823 4757; x_wconf 83' lang='grc' dir='ltr'>τῆς</span> <span class='ocrx_word' id='word_1_749' title='bbox 883 4687 1094 4741; x_wconf 81' lang='grc' dir='ltr'>Παύλου</span> <span class='ocrx_word' id='word_1_750' title='bbox 1153 4685 1331 4756; x_wconf 78' lang='grc' dir='ltr'>ψυχῆς</span> <span class='ocrx_word' id='word_1_751' title='bbox 1389 4685 1485 4736; x_wconf 72' lang='grc' dir='ltr'><strong>καὶ</strong></span> <span class='ocrx_word' id='word_1_752' title='bbox 1540 4683 1797 4753; x_wconf 80' lang='grc' dir='ltr'>σπουδῆς.</span> 
     </span>
    </p>
   </div>
   <div class='ocr_carea' id='block_1_96' title="bbox 216 4774 1796 4850">
    <p class='ocr_par' dir='ltr' id='par_1_96' title="bbox 216 4774 1796 4850">
     <span class='ocr_line' id='line_1_96' title="bbox 216 4774 1796 4850; baseline -0.005 -16"><span class='ocrx_word' id='word_1_753' title='bbox 216 4781 337 4835; x_wconf 78' lang='grc' dir='ltr'><strong>Καὶ</strong></span> <span class='ocrx_word' id='word_1_754' title='bbox 370 4780 472 4850; x_wconf 80' lang='grc' dir='ltr'><strong>ὅρα</strong></span> <span class='ocrx_word' id='word_1_755' title='bbox 496 4779 570 4842; x_wconf 82' lang='grc' dir='ltr'><strong>ὡς</strong></span> <span class='ocrx_word' id='word_1_756' title='bbox 607 4781 640 4849; x_wconf 87' lang='grc' dir='ltr'><strong>ή</strong></span> <span class='ocrx_word' id='word_1_757' title='bbox 690 4778 913 4849; x_wconf 83' lang='grc' dir='ltr'>τοιαύτη</span> <span class='ocrx_word' id='word_1_758' title='bbox 963 4777 1261 4841; x_wconf 77' lang='grc' dir='ltr'>ἁνάπτυξις</span> <span class='ocrx_word' id='word_1_759' title='bbox 1310 4775 1404 4829; x_wconf 87' lang='grc' dir='ltr'><strong>τοῦ</strong></span> <span class='ocrx_word' id='word_1_760' title='bbox 1442 4774 1630 4846; x_wconf 77' lang='grc' dir='ltr'>ῥητοῦ,</span> <span class='ocrx_word' id='word_1_761' title='bbox 1671 4774 1796 4827; x_wconf 78' lang='grc' dir='ltr'>οὕτε</span> 
     </span>
    </p>
   </div>
   <div class='ocr_carea' id='block_1_97' title="bbox 214 4864 1792 4941">
    <p class='ocr_par' dir='ltr' id='par_1_97' title="bbox 214 4864 1792 4941">
     <span class='ocr_line' id='line_1_97' title="bbox 214 4864 1792 4941; baseline -0.006 -15"><span class='ocrx_word' id='word_1_762' title='bbox 214 4872 318 4926; x_wconf 89' lang='grc' dir='ltr'><strong>τοῦ</strong></span> <span class='ocrx_word' id='word_1_763' title='bbox 356 4872 497 4925; x_wconf 74' lang='grc' dir='ltr'>κατὰ</span> <span class='ocrx_word' id='word_1_764' title='bbox 532 4871 593 4924; x_wconf 82' lang='grc' dir='ltr'>τὸ</span> <span class='ocrx_word' id='word_1_765' title='bbox 620 4871 930 4941; x_wconf 76' lang='grc' dir='ltr'>ὑπερϐατὸν</span> <span class='ocrx_word' id='word_1_766' title='bbox 960 4869 1154 4939; x_wconf 84' lang='grc' dir='ltr'>ἐὸἑηθη</span> <span class='ocrx_word' id='word_1_767' title='bbox 1206 4869 1506 4939; x_wconf 77' lang='grc' dir='ltr'>σχήματος,</span> <span class='ocrx_word' id='word_1_768' title='bbox 1534 4864 1654 4918; x_wconf 80' lang='grc' dir='ltr'>οὔτε</span> <span class='ocrx_word' id='word_1_769' title='bbox 1686 4864 1792 4935; x_wconf 78' lang='grc' dir='ltr'><strong>μὴν</strong></span> 
     </span>
    </p>
   </div>
   <div class='ocr_carea' id='block_1_98' title="bbox 212 4957 1798 5033">
    <p class='ocr_par' dir='ltr' id='par_1_98' title="bbox 212 4957 1798 5033">
     <span class='ocr_line' id='line_1_98' title="bbox 212 4957 1798 5033; baseline -0.008 -15"><span class='ocrx_word' id='word_1_770' title='bbox 212 4964 350 5033; x_wconf 70' lang='grc' dir='ltr'>ἔσχε</span> <span class='ocrx_word' id='word_1_771' title='bbox 371 4963 521 5026; x_wconf 71' lang='grc' dir='ltr'>τινας</span> <span class='ocrx_word' id='word_1_772' title='bbox 551 4965 972 5025; x_wconf 84' lang='grc' dir='ltr'>ἁντιπίπτοντας</span> <span class='ocrx_word' id='word_1_773' title='bbox 1005 4961 1318 5030; x_wconf 78' lang='grc' dir='ltr'>λογισμοὺς,</span> <span class='ocrx_word' id='word_1_774' title='bbox 1339 4958 1473 5011; x_wconf 70' lang='grc' dir='ltr'>ἀλλὰ</span> <span class='ocrx_word' id='word_1_775' title='bbox 1501 4957 1598 5010; x_wconf 74' lang='grc' dir='ltr'><strong>καὶ</strong></span> <span class='ocrx_word' id='word_1_776' title='bbox 1622 4972 1798 5026; x_wconf 80' lang='grc' dir='ltr'>προσ-</span> 
     </span>
    </p>
   </div>
   <div class='ocr_carea' id='block_1_99' title="bbox 214 5044 1798 5126">
    <p class='ocr_par' dir='ltr' id='par_1_99' title="bbox 214 5044 1798 5126">
     <span class='ocr_line' id='line_1_99' title="bbox 214 5044 1798 5126; baseline -0.007 -20"><span class='ocrx_word' id='word_1_777' title='bbox 214 5056 497 5126; x_wconf 76' lang='grc' dir='ltr'>ήρμοσται</span> <span class='ocrx_word' id='word_1_778' title='bbox 556 5052 754 5123; x_wconf 81' lang='grc' dir='ltr'>μᾶλλον</span> <span class='ocrx_word' id='word_1_779' title='bbox 791 5052 898 5103; x_wconf 75' lang='grc' dir='ltr'>τῶν</span> <span class='ocrx_word' id='word_1_780' title='bbox 939 5051 1114 5105; x_wconf 76' lang='grc' dir='ltr'>ἄλλων</span> <span class='ocrx_word' id='word_1_781' title='bbox 1141 5052 1258 5111; x_wconf 85' lang='grc' dir='ltr'>ταῖς</span> <span class='ocrx_word' id='word_1_782' title='bbox 1292 5065 1351 5101; x_wconf 88' lang='grc' dir='ltr'><strong>τε</strong></span> <span class='ocrx_word' id='word_1_783' title='bbox 1379 5046 1576 5112; x_wconf 79' lang='grc' dir='ltr'>λέξεσι,</span> <span class='ocrx_word' id='word_1_784' title='bbox 1603 5046 1695 5097; x_wconf 75' lang='grc' dir='ltr'><strong>καὶ</strong></span> <span class='ocrx_word' id='word_1_785' title='bbox 1720 5044 1798 5113; x_wconf 83' lang='grc' dir='ltr'><strong>τῷ</strong></span> 
     </span>
    </p>
   </div>
   <div class='ocr_carea' id='block_1_100' title="bbox 214 5136 1797 5211">
    <p class='ocr_par' dir='ltr' id='par_1_100' title="bbox 214 5136 1797 5211">
     <span class='ocr_line' id='line_1_100' title="bbox 214 5136 1797 5211; baseline -0.006 -14"><span class='ocrx_word' id='word_1_786' title='bbox 214 5145 317 5198; x_wconf 83' lang='grc' dir='ltr'><strong>τοῦ</strong></span> <span class='ocrx_word' id='word_1_787' title='bbox 352 5144 640 5197; x_wconf 81' lang='grc' dir='ltr'>θεσπεσίου</span> <span class='ocrx_word' id='word_1_788' title='bbox 670 5144 882 5195; x_wconf 86' lang='grc' dir='ltr'>Παύλου</span> <span class='ocrx_word' id='word_1_789' title='bbox 916 5141 1124 5211; x_wconf 83' lang='grc' dir='ltr'>σκοπῷ.</span> <span class='ocrx_word' id='word_1_790' title='bbox 1168 5140 1278 5193; x_wconf 80' lang='lat' dir='ltr'><strong>Ka‘t</strong></span> <span class='ocrx_word' id='word_1_791' title='bbox 1315 5139 1399 5204; x_wconf 74' lang='grc' dir='ltr'><strong>τὸ,</strong></span> <span class='ocrx_word' id='word_1_792' title='bbox 1444 5138 1514 5190; x_wconf 80' lang='grc' dir='ltr'>ἐν·</span> <span class='ocrx_word' id='word_1_793' title='bbox 1549 5137 1711 5206; x_wconf 79' lang='grc' dir='ltr'><strong>ὑμῖν,</strong></span> <span class='ocrx_word' id='word_1_794' title='bbox 1741 5136 1797 5187; x_wconf 87' lang='grc' dir='ltr'>δὲ</span> 
     </span>
    </p>
   </div>
   <div class='ocr_carea' id='block_1_101' title="bbox 216 5229 1794 5308">
    <p class='ocr_par' dir='ltr' id='par_1_101' title="bbox 216 5229 1794 5308">
     <span class='ocr_line' id='line_1_101' title="bbox 216 5229 1794 5308; baseline 0.002 -19"><span class='ocrx_word' id='word_1_795' title='bbox 216 5237 475 5308; x_wconf 74' lang='grc' dir='ltr'>οὐδαμῶς</span> <span class='ocrx_word' id='word_1_796' title='bbox 505 5236 841 5289; x_wconf 83' lang='grc' dir='ltr'>ἐναντιοῦται</span> <span class='ocrx_word' id='word_1_797' title='bbox 878 5250 893 5267; x_wconf 76' lang='grc'><strong><em>⁸</em></strong></span> <span class='ocrx_word' id='word_1_798' title='bbox 941 5233 1085 5305; x_wconf 84' lang='grc' dir='ltr'><strong>ἀρχὴ</strong></span> <span class='ocrx_word' id='word_1_799' title='bbox 1110 5232 1218 5303; x_wconf 82' lang='grc' dir='ltr'>γάρ</span> <span class='ocrx_word' id='word_1_800' title='bbox 1252 5233 1366 5284; x_wconf 84' lang='grc' dir='ltr'>ἐστι</span> <span class='ocrx_word' id='word_1_801' title='bbox 1420 5230 1529 5283; x_wconf 84' lang='grc' dir='ltr'><strong>τῶν</strong></span> <span class='ocrx_word' id='word_1_802' title='bbox 1575 5229 1794 5299; x_wconf 72' lang='grc' dir='ltr'><strong>ἐφεξῆς,</strong></span> 
     </span>
    </p>
   </div>
   <div class='ocr_carea' id='block_1_102' title="bbox 1904 4496 3485 4572">
    <p class='ocr_par' dir='ltr' id='par_1_102' title="bbox 1904 4496 3485 4572">
     <span class='ocr_line' id='line_1_102' title="bbox 1904 4496 3485 4572; baseline -0.004 -18"><span class='ocrx_word' id='word_1_803' title='bbox 1904 4502 2218 4572; x_wconf 83' lang='lat' dir='ltr'><strong>regionibus</strong></span> <span class='ocrx_word' id='word_1_804' title='bbox 2247 4517 2351 4555; x_wconf 86' lang='lat' dir='ltr'><strong>non</strong></span> <span class='ocrx_word' id='word_1_805' title='bbox 2386 4502 2633 4567; x_wconf 87' lang='lat' dir='ltr'><strong>habeam,</strong></span> <span class='ocrx_word' id='word_1_806' title='bbox 2672 4520 2689 4551; x_wconf 76' lang='grc' dir='ltr'><strong>ι</strong></span> <span class='ocrx_word' id='word_1_807' title='bbox 2722 4502 2811 4554; x_wconf 77' lang='lat' dir='ltr'><strong>St‘d</strong></span> <span class='ocrx_word' id='word_1_808' title='bbox 2844 4515 2980 4569; x_wconf 91' lang='lat' dir='ltr'><strong>opus</strong></span> <span class='ocrx_word' id='word_1_809' title='bbox 3010 4498 3267 4551; x_wconf 89' lang='lat' dir='ltr'><strong>nimirum</strong></span> <span class='ocrx_word' id='word_1_810' title='bbox 3301 4496 3485 4549; x_wconf 81' lang='lat' dir='ltr'><strong>absol-</strong></span> 
     </span>
    </p>
   </div>
   <div class='ocr_carea' id='block_1_103' title="bbox 1903 4588 3485 4655">
    <p class='ocr_par' dir='ltr' id='par_1_103' title="bbox 1903 4588 3485 4655">
     <span class='ocr_line' id='line_1_103' title="bbox 1903 4588 3485 4655; baseline -0.003 -9"><span class='ocrx_word' id='word_1_811' title='bbox 1903 4594 2096 4655; x_wconf 78' lang='lat' dir='ltr'><strong>veritn,</strong></span> <span class='ocrx_word' id='word_1_812' title='bbox 2142 4612 2161 4644; x_wconf 82' lang='grc' dir='ltr'><strong>ι</strong></span> <span class='ocrx_word' id='word_1_813' title='bbox 2193 4593 2406 4648; x_wconf 88' lang='lat' dir='ltr'><strong>veniam</strong></span> <span class='ocrx_word' id='word_1_814' title='bbox 2438 4594 2505 4647; x_wconf 87' lang='lat' dir='ltr'><strong>ad</strong></span> <span class='ocrx_word' id='word_1_815' title='bbox 2539 4608 2654 4647; x_wconf 92' lang='lat' dir='ltr'><strong>vos.</strong></span> <span class='ocrx_word' id='word_1_816' title='bbox 2691 4613 2709 4644; x_wconf 74' lang='grc' dir='ltr'><strong>ι</strong></span> <span class='ocrx_word' id='word_1_817' title='bbox 2746 4591 2926 4653; x_wconf 84' lang='lat' dir='ltr'><strong>Vides,</strong></span> <span class='ocrx_word' id='word_1_818' title='bbox 2970 4600 3028 4643; x_wconf 90' lang='lat' dir='ltr'><strong>ut</strong></span> <span class='ocrx_word' id='word_1_819' title='bbox 3054 4589 3261 4643; x_wconf 81' lang='lat' dir='ltr'><strong>fructus</strong></span> <span class='ocrx_word' id='word_1_820' title='bbox 3292 4590 3343 4640; x_wconf 92' lang='lat' dir='ltr'><strong>in</strong></span> <span class='ocrx_word' id='word_1_821' title='bbox 3375 4588 3485 4641; x_wconf 86' lang='lat' dir='ltr'><strong>illis</strong></span> 
     </span>
    </p>
   </div>
   <div class='ocr_carea' id='block_1_104' title="bbox 1904 4674 3481 4752">
    <p class='ocr_par' dir='ltr' id='par_1_104' title="bbox 1904 4674 3481 4752">
     <span class='ocr_line' id='line_1_104' title="bbox 1904 4674 3481 4752; baseline -0.005 -17"><span class='ocrx_word' id='word_1_822' title='bbox 1904 4682 2040 4737; x_wconf 90' lang='lat' dir='ltr'><strong>locis</strong></span> <span class='ocrx_word' id='word_1_823' title='bbox 2064 4682 2400 4752; x_wconf 83' lang='lat' dir='ltr'><strong>colligendus</strong></span> <span class='ocrx_word' id='word_1_824' title='bbox 2440 4683 2545 4736; x_wconf 88' lang='lat' dir='ltr'><strong>huc</strong></span> <span class='ocrx_word' id='word_1_825' title='bbox 2574 4698 2744 4750; x_wconf 86' lang='lat' dir='ltr'><strong>usque</strong></span> <span class='ocrx_word' id='word_1_826' title='bbox 2775 4683 3071 4733; x_wconf 81' lang='lat' dir='ltr'><strong>adventum</strong></span> <span class='ocrx_word' id='word_1_827' title='bbox 3109 4674 3481 4729; x_wconf 86' lang='lat' dir='ltr'><strong>retardavcrit.</strong></span> 
     </span>
    </p>
   </div>
   <div class='ocr_carea' id='block_1_105' title="bbox 1902 4766 3485 4844">
    <p class='ocr_par' dir='ltr' id='par_1_105' title="bbox 1902 4766 3485 4844">
     <span class='ocr_line' id='line_1_105' title="bbox 1902 4766 3485 4844; baseline -0.006 -17"><span class='ocrx_word' id='word_1_828' title='bbox 1902 4774 2091 4844; x_wconf 80' lang='lat' dir='ltr'><strong>Neque</strong></span> <span class='ocrx_word' id='word_1_829' title='bbox 2118 4775 2258 4828; x_wconf 88' lang='lat' dir='ltr'><strong>enim</strong></span> <span class='ocrx_word' id='word_1_830' title='bbox 2292 4773 2444 4827; x_wconf 80' lang='lat' dir='ltr'><strong>I’auli</strong></span> <span class='ocrx_word' id='word_1_831' title='bbox 2470 4774 2549 4827; x_wconf 88' lang='lat' dir='ltr'><strong>vel</strong></span> <span class='ocrx_word' id='word_1_832' title='bbox 2576 4773 2818 4826; x_wconf 89' lang='lat' dir='ltr'><strong>animum</strong></span> <span class='ocrx_word' id='word_1_833' title='bbox 2847 4770 2931 4823; x_wconf 86' lang='lat' dir='ltr'><strong>vel</strong></span> <span class='ocrx_word' id='word_1_834' title='bbox 2964 4768 3203 4823; x_wconf 87' lang='lat' dir='ltr'><strong>studium</strong></span> <span class='ocrx_word' id='word_1_835' title='bbox 3232 4766 3485 4826; x_wconf 84' lang='lat' dir='ltr'><strong>decebat,</strong></span> 
     </span>
    </p>
   </div>
   <div class='ocr_carea' id='block_1_106' title="bbox 1903 4854 3488 4932">
    <p class='ocr_par' dir='ltr' id='par_1_106' title="bbox 1903 4854 3488 4932">
     <span class='ocr_line' id='line_1_106' title="bbox 1903 4854 3488 4932; baseline -0.006 -15"><span class='ocrx_word' id='word_1_836' title='bbox 1903 4862 2344 4932; x_wconf 83' lang='lat' dir='ltr'><strong>semiperfectum</strong></span> <span class='ocrx_word' id='word_1_837' title='bbox 2404 4863 2455 4915; x_wconf 91' lang='lat' dir='ltr'><strong>in</strong></span> <span class='ocrx_word' id='word_1_838' title='bbox 2502 4862 2753 4915; x_wconf 84' lang='lat' dir='ltr'><strong>manibus</strong></span> <span class='ocrx_word' id='word_1_839' title='bbox 2807 4860 3047 4914; x_wconf 88' lang='lat' dir='ltr'><strong>laborem</strong></span> <span class='ocrx_word' id='word_1_840' title='bbox 3096 4861 3367 4911; x_wconf 84' lang='lat' dir='ltr'><strong>deserere.</strong></span> <span class='ocrx_word' id='word_1_841' title='bbox 3424 4854 3488 4907; x_wconf 79' lang='lat' dir='ltr'><strong>Et</strong></span> 
     </span>
    </p>
   </div>
   <div class='ocr_carea' id='block_1_107' title="bbox 1901 4948 3490 5019">
    <p class='ocr_par' dir='ltr' id='par_1_107' title="bbox 1901 4948 3490 5019">
     <span class='ocr_line' id='line_1_107' title="bbox 1901 4948 3490 5019; baseline -0.004 -12"><span class='ocrx_word' id='word_1_842' title='bbox 1901 4954 2145 5017; x_wconf 80' lang='lat' dir='ltr'><strong>adverte,</strong></span> <span class='ocrx_word' id='word_1_843' title='bbox 2189 4964 2251 5007; x_wconf 90' lang='lat' dir='ltr'><strong>ut</strong></span> <span class='ocrx_word' id='word_1_844' title='bbox 2298 4955 2413 5007; x_wconf 76' lang='lat' dir='ltr'><strong>lucc</strong></span> <span class='ocrx_word' id='word_1_845' title='bbox 2443 4954 2570 5007; x_wconf 85' lang='lat' dir='ltr'><strong>dicti</strong></span> <span class='ocrx_word' id='word_1_846' title='bbox 2610 4952 2887 5014; x_wconf 85' lang='lat' dir='ltr'><strong>enodatio,</strong></span> <span class='ocrx_word' id='word_1_847' title='bbox 2935 4966 3032 5005; x_wconf 90' lang='lat' dir='ltr'><strong>nec</strong></span> <span class='ocrx_word' id='word_1_848' title='bbox 3074 4952 3244 5019; x_wconf 75' lang='lat' dir='ltr'><strong>ﬁgura</strong></span> <span class='ocrx_word' id='word_1_849' title='bbox 3299 4948 3490 5019; x_wconf 76' lang='lat' dir='ltr'><strong>hyper-</strong></span> 
     </span>
    </p>
   </div>
   <div class='ocr_carea' id='block_1_108' title="bbox 1901 5038 3485 5115">
    <p class='ocr_par' dir='ltr' id='par_1_108' title="bbox 1901 5038 3485 5115">
     <span class='ocr_line' id='line_1_108' title="bbox 1901 5038 3485 5115; baseline -0.006 -15"><span class='ocrx_word' id='word_1_850' title='bbox 1901 5047 2030 5100; x_wconf 87' lang='lat' dir='ltr'><strong>bato</strong></span> <span class='ocrx_word' id='word_1_851' title='bbox 2061 5046 2358 5115; x_wconf 81' lang='lat' dir='ltr'><strong>indigebat,</strong></span> <span class='ocrx_word' id='word_1_852' title='bbox 2386 5060 2485 5098; x_wconf 91' lang='lat' dir='ltr'><strong>nec</strong></span> <span class='ocrx_word' id='word_1_853' title='bbox 2508 5046 2795 5098; x_wconf 86' lang='lat' dir='ltr'><strong>ratiocinia</strong></span> <span class='ocrx_word' id='word_1_854' title='bbox 2828 5044 3073 5111; x_wconf 81' lang='lat' dir='ltr'><strong>quaedam</strong></span> <span class='ocrx_word' id='word_1_855' title='bbox 3110 5038 3485 5093; x_wconf 73' lang='lat' dir='ltr'><strong>intercidentia</strong></span> 
     </span>
    </p>
   </div>
   <div class='ocr_carea' id='block_1_109' title="bbox 1902 5130 3484 5205">
    <p class='ocr_par' dir='ltr' id='par_1_109' title="bbox 1902 5130 3484 5205">
     <span class='ocr_line' id='line_1_109' title="bbox 1902 5130 3484 5205; baseline -0.008 -16"><span class='ocrx_word' id='word_1_856' title='bbox 1902 5135 2124 5198; x_wconf 91' lang='lat' dir='ltr'><strong>habuit;</strong></span> <span class='ocrx_word' id='word_1_857' title='bbox 2159 5137 2250 5189; x_wconf 88' lang='lat' dir='ltr'><strong>sed</strong></span> <span class='ocrx_word' id='word_1_858' title='bbox 2301 5136 2421 5205; x_wconf 87' lang='lat' dir='ltr'><strong>plus</strong></span> <span class='ocrx_word' id='word_1_859' title='bbox 2469 5150 2634 5204; x_wconf 91' lang='lat' dir='ltr'><strong>quam</strong></span> <span class='ocrx_word' id='word_1_860' title='bbox 2670 5134 2789 5187; x_wconf 62' lang='lat' dir='ltr'><strong>alite</strong></span> <span class='ocrx_word' id='word_1_861' title='bbox 2839 5130 3311 5199; x_wconf 73' lang='lat' dir='ltr'><strong>interpretationes</strong></span> <span class='ocrx_word' id='word_1_862' title='bbox 3358 5143 3484 5181; x_wconf 86' lang='lat' dir='ltr'><strong>cum</strong></span> 
     </span>
    </p>
   </div>
   <div class='ocr_carea' id='block_1_110' title="bbox 1901 5218 3486 5299">
    <p class='ocr_par' dir='ltr' id='par_1_110' title="bbox 1901 5218 3486 5299">
     <span class='ocr_line' id='line_1_110' title="bbox 1901 5218 3486 5299; baseline -0.009 -16"><span class='ocrx_word' id='word_1_863' title='bbox 1901 5228 2082 5284; x_wconf 86' lang='lat' dir='ltr'><strong>verbis</strong></span> <span class='ocrx_word' id='word_1_864' title='bbox 2134 5228 2292 5299; x_wconf 88' lang='lat' dir='ltr'><strong>ipsis,</strong></span> <span class='ocrx_word' id='word_1_865' title='bbox 2344 5237 2456 5282; x_wconf 88' lang='lat' dir='ltr'><strong>tum</strong></span> <span class='ocrx_word' id='word_1_866' title='bbox 2520 5228 2669 5282; x_wconf 83' lang='lat' dir='ltr'><strong>Pauli</strong></span> <span class='ocrx_word' id='word_1_867' title='bbox 2702 5234 2966 5298; x_wconf 82' lang='lat' dir='ltr'><strong>congruat</strong></span> <span class='ocrx_word' id='word_1_868' title='bbox 3014 5221 3325 5279; x_wconf 88' lang='lat' dir='ltr'><strong>intentioni.</strong></span> <span class='ocrx_word' id='word_1_869' title='bbox 3377 5218 3486 5270; x_wconf 77' lang='lat' dir='ltr'><strong>Nec</strong></span> 
     </span>
    </p>
   </div>
   <div class='ocr_carea' id='block_1_111' title="bbox 1516 5452 2189 5509">
    <p class='ocr_par' dir='ltr' id='par_1_111' title="bbox 1516 5452 2189 5509">
     <span class='ocr_line' id='line_1_111' title="bbox 1516 5452 2189 5509; baseline 0 -2"><span class='ocrx_word' id='word_1_870' title='bbox 1516 5452 1750 5508; x_wconf 67' lang='lat' dir='ltr'><strong>VARUS</strong></span> <span class='ocrx_word' id='word_1_871' title='bbox 1777 5452 2189 5509; x_wconf 64' lang='lat' dir='ltr'><strong>LECTIONES.</strong></span> 
     </span>
    </p>
   </div>
   <div class='ocr_carea' id='block_1_112' title="bbox 294 5663 1682 5738">
    <p class='ocr_par' dir='ltr' id='par_1_112' title="bbox 294 5663 1682 5738">
     <span class='ocr_line' id='line_1_112' title="bbox 294 5663 1682 5738; baseline -0.001 -17"><span class='ocrx_word' id='word_1_872' title='bbox 294 5664 417 5738; x_wconf 52' lang='grc' dir='ltr'><strong>λβ.</strong></span> <span class='ocrx_word' id='word_1_873' title='bbox 446 5666 587 5723; x_wconf 75' lang='lat' dir='ltr'><strong>Men.</strong></span> <span class='ocrx_word' id='word_1_874' title='bbox 664 5668 779 5722; x_wconf 86' lang='grc' dir='ltr'>καί.</span> <span class='ocrx_word' id='word_1_875' title='bbox 855 5664 916 5705; x_wconf 65' lang='grc' dir='ltr'><strong>ι*</strong></span> <span class='ocrx_word' id='word_1_876' title='bbox 948 5666 1008 5722; x_wconf 87' lang='lat' dir='ltr'><strong>C.</strong></span> <span class='ocrx_word' id='word_1_877' title='bbox 1042 5665 1183 5723; x_wconf 74' lang='lat' dir='ltr'><strong>Men.</strong></span> <span class='ocrx_word' id='word_1_878' title='bbox 1212 5666 1312 5736; x_wconf 77' lang='grc' dir='ltr'>τῆς</span> <span class='ocrx_word' id='word_1_879' title='bbox 1357 5663 1682 5735; x_wconf 74' lang='grc' dir='ltr'>παρουσίας.</span> 
     </span>
    </p>
   </div>
   <div class='ocr_carea' id='block_1_113' title="bbox 1353 5926 1367 5957">
    <p class='ocr_par' dir='ltr' id='par_1_113' title="bbox 1353 5926 1367 5957">
     <span class='ocr_line' id='line_1_113' title="bbox 1353 5926 1367 5957; baseline 0 0"><span class='ocrx_word' id='word_1_880' title='bbox 1353 5926 1367 5957; x_wconf 70' lang='grc' dir='ltr'><strong>ι</strong></span> 
     </span>
    </p>
   </div>
   <div class='ocr_carea' id='block_1_114' title="bbox 1767 5648 3468 5730">
    <p class='ocr_par' dir='ltr' id='par_1_114' title="bbox 1767 5648 3468 5730">
     <span class='ocr_line' id='line_1_114' title="bbox 1767 5648 3468 5730; baseline -0.006 -12"><span class='ocrx_word' id='word_1_881' title='bbox 1767 5663 1783 5704; x_wconf 83' lang='grc' dir='ltr'><strong>ί</strong></span> <span class='ocrx_word' id='word_1_882' title='bbox 1820 5662 1939 5718; x_wconf 68' lang='grc' dir='ltr'>κᾶν.</span> <span class='ocrx_word' id='word_1_883' title='bbox 1972 5662 2031 5725; x_wconf 62' lang='grc' dir='ltr'><strong>ε.</strong></span> <span class='ocrx_word' id='word_1_884' title='bbox 2074 5660 2142 5716; x_wconf 79' lang='grc' dir='ltr'>Μ.</span> <span class='ocrx_word' id='word_1_885' title='bbox 2168 5660 2281 5715; x_wconf 85' lang='grc' dir='ltr'>καί.</span> <span class='ocrx_word' id='word_1_886' title='bbox 2363 5664 2376 5713; x_wconf 92' lang='lat' dir='ltr'><strong>l</strong></span> <span class='ocrx_word' id='word_1_887' title='bbox 2410 5659 2557 5730; x_wconf 68' lang='grc' dir='ltr'>εἴπῃ.</span> <span class='ocrx_word' id='word_1_888' title='bbox 2592 5660 2655 5715; x_wconf 84' lang='lat' dir='ltr'><strong>C.</strong></span> <span class='ocrx_word' id='word_1_889' title='bbox 2678 5657 2748 5713; x_wconf 75' lang='grc' dir='ltr'>Μ.</span> <span class='ocrx_word' id='word_1_890' title='bbox 2779 5656 2956 5730; x_wconf 69' lang='grc' dir='ltr'>εἴπῃς.</span> <span class='ocrx_word' id='word_1_891' title='bbox 3015 5654 3046 5699; x_wconf 66' lang='grc' dir='ltr'>ι</span> <span class='ocrx_word' id='word_1_892' title='bbox 3071 5654 3168 5725; x_wconf 76' lang='grc' dir='ltr'>τῷ.</span> <span class='ocrx_word' id='word_1_893' title='bbox 3196 5655 3256 5709; x_wconf 88' lang='lat' dir='ltr'><strong>C.</strong></span> <span class='ocrx_word' id='word_1_894' title='bbox 3282 5650 3349 5709; x_wconf 70' lang='grc' dir='ltr'><strong>Μ.</strong></span> <span class='ocrx_word' id='word_1_895' title='bbox 3380 5648 3468 5707; x_wconf 85' lang='grc' dir='ltr'><strong>τό.</strong></span> 
     </span>
    </p>
   </div>
  </div>
