3798 6210
351 332 459 394 575

1515 318 1781 379 ΡΗΟΤΙΙ
1810 316 2315 379 ΡΑΤΒΙΑΒΟΗᾸΞ
2354 317 2464 376 CP.

3487 287 3490 289 λ
3519 315 3625 378 576

347 448 482 504 illud
516 447 570 499 in
609 443 751 498 vobis
787 441 1238 515 impedimentum
1262 449 1376 505 est;
1409 438 1627 493 initium
1660 437 1807 492 enim
1855 453 1929 492 sc-

2051 436 2139 488 καὶ
2167 436 2226 488 οὐ
2267 434 2672 506 συναπτόμενον
2721 434 2859 506 πρὸς
2890 435 2971 502 τὸ,
3022 454 3042 487 ‹
3091 433 3208 488 Ἵνα
3247 434 3374 488 τινά
3411 435 3628 505 καρπὶν

345 538 639 608 quentibus
673 537 784 596 dat,
824 550 923 589 nec
954 533 1297 588 connectitur
1325 548 1449 586 cum
1485 550 1498 585 :
1531 549 1549 582 ‹
1594 529 1662 585 Ut
1693 529 1931 584 fructum

346 630 583 698 aliquem
622 629 674 681 in
707 627 860 680 vobis
905 624 1224 694 ptreipiam,
1267 641 1286 674 ι
1328 632 1406 687 ut,
1443 642 1460 673 ι
1505 621 1673 676 Vobis
1724 621 1935 675 debitor

348 737 492 788 sum,
525 719 982 792 quemadmodum
1025 728 1083 769 ut
1131 715 1182 768 in
1223 716 1433 769 caeteris
1477 715 1750 784 gentibus.
1784 714 1931 768 Grat-

348 815 431 868 cis
460 822 515 867 et
539 811 808 873 barbaris,
855 790 1194 877 sapientibus
1225 817 1278 861 ct
1322 806 1707 874 insipientibus
1735 821 1877 859 sum.
1909 823 1926 856 ι

351 903 428 957 Ne
451 901 750 971 objicerent
780 917 793 952 :
821 897 960 964 Quid
993 911 1122 964 ergo
1161 905 1310 949 tanto
1348 895 1533 949 studio
1579 895 1632 947 in
1671 893 1933 948 iructilius

351 992 672 1062 colligendis
699 990 837 1059 apud
863 999 1086 1043 caeteras
1106 997 1293 1056 gentes
1322 985 1640 1049 incubuisti,
1673 994 1730 1040 at
1756 985 1932 1040 nostri

353 1085 560 1137 nullam
593 1081 830 1135 habuisti
863 1079 1176 1133 rationem?
1208 1076 1342 1144 lmo,
1371 1077 1569 1146 inquit,
1610 1096 1626 1127 ι
1668 1076 1731 1130 Ει
1757 1079 1806 1130 iu
1836 1093 1931 1132 vo-

353 1175 438 1230 bis
471 1175 681 1227 debitor
711 1188 854 1236 sum,
904 1169 1361 1241 quemadmodum
1398 1168 1454 1221 in
1505 1169 1718 1222 caeteris
1757 1169 1935 1235 genti-

354 1269 477 1321 bus.
520 1285 538 1316 ι
580 1266 693 1320 lloc
726 1264 1020 1328 contendo,
1053 1265 1155 1317 hoc
1183 1263 1421 1331 inquiro,
1452 1261 1707 1316 omnibus
1741 1261 1933 1324 debeo,

354 1374 455 1412 nec
485 1358 682 1426 aliquis
733 1363 836 1419 est,
872 1371 970 1424 pro
1009 1371 1117 1423 quo
1166 1371 1272 1407 non
1315 1369 1531 1407 summa
1582 1353 1936 1422 constringor

354 1447 738 1502 Sollicitudiue.
765 1448 942 1513 Atque
972 1445 1084 1498 htec
1109 1445 1327 1514 quidem
1369 1445 1652 1498 hat-tenus.
1683 1443 1937 1513 Explica-

354 1540 520 1592 tionis
572 1539 715 1591 enim
752 1536 925 1589 forma
959 1535 1188 1588 alienior
1217 1548 1297 1588 ρει
1337 1535 1404 1586 ab
1431 1535 1709 1602 epistolica
1743 1534 1933 1604 ligura.

354 1629 534 1695 Quare
567 1639 816 1682 neutrum
849 1629 973 1681 licet
1002 1630 1181 1697 plane,
1211 1637 1264 1680 et
1296 1637 1353 1680 ut
1396 1629 1530 1681 artis
1567 1628 1710 1695 leges
1756 1626 1935 1696 requi-

355 1729 502 1784 runt,
537 1721 833 1772 obs-rvare
885 1719 982 1781 illi,
1025 1718 1116 1786 qui
1165 1733 1258 1786 per
1297 1716 1582 1784 epistolam
1626 1715 1940 1784 interpreta-

2042 523 2178 593 σχῶ,
2215 543 2232 576 ι
2269 522 2381 576 οἷον
2412 525 2530 587 καὶ,
2574 543 2593 575 ‹
2630 526 2686 577 ἐν
2735 525 2864 594 ὑμῖν
2906 524 3192 596 ὀφειλέτης
3243 525 3384 594 είμὶ,
3439 524 3630 586 καθὼς

2040 617 2135 668 καὶ
2160 615 2216 666 ὲν
2266 618 2380 677 τοῖς
2417 615 2625 678 λοιποῖς
2678 615 2911 679 ἔθνεσιν,
2943 615 3172 682 Ἕλλησί
3199 631 3258 667 τε
3285 615 3382 667 καὶ
3413 612 3628 684 βαρϐά-

2042 721 2179 776 ροις,
2213 706 2396 772 σοφοῖς
2420 723 2479 758 τε
2513 708 2605 758 καὶ
2652 706 2920 776 ἀνοήτοις.
2967 725 2985 757 ι
3014 709 3132 759 Ἵνα
3157 708 3267 774 γὰρ
3298 705 3375 776 μὴ
3399 706 3609 773 λέγωσι

2042 797 2108 848 Τί
2137 792 2230 850 οὖν
2252 796 2343 848 τὸν
2376 797 2514 866 μετὰ
2546 799 2603 850 ἐν
2634 802 2746 862 τοῖς
2781 801 2991 869 ἑτέροις
3021 800 3250 871 κλίμασι
3288 799 3510 870 καρπὸν
3541 798 3628 853 διὸ

2043 891 2276 960 σπουδῆς
2312 886 2454 960 εἶχες
2484 893 2785 960 συλλέγειν,
2840 894 2995 964 ἡμῶν
3026 893 3083 945 δὲ
3132 893 3325 946 οὐδένα
3379 893 3548 959 λόγον
3571 889 3629 958 1;

2049 1001 2068 1033 ‹
2113 983 2245 1046 Ναὶ,
2277 986 2433 1053 φησι,
2473 985 2568 1038 καὶ
2592 987 2646 1037 ἐν
2681 987 2809 1056 ὑμῖν
2840 985 3125 1055 ὀφειλέτης
3148 986 3286 1056 εἰμὶ,
3309 985 3502 1049 καθὼς
3537 986 3634 1037 καὶ

2042 1073 2099 1124 ἐν
2129 1075 2240 1135 τοῖς
2266 1073 2476 1137 λοιποῖς
2506 1074 2707 1128 ἔθνεσι.
2744 1094 2764 1128 ι
2799 1075 2971 1129 Τοῦτο
3018 1077 3256 1140 σπεύδω,
3295 1076 3460 1128 τοῦτο
3515 1078 3636 1128 ἐπτ-

2042 1162 2214 1231 ζητῶ,
2251 1167 2383 1218 πᾶσι
2416 1173 2680 1237 χρεωστῶ
2704 1182 2718 1196 ⁸
2752 1167 2850 1221 καὶ
2875 1169 3053 1233 οὐδείς
3094 1171 3244 1222 ἐστιν
3280 1169 3422 1239 ὑπὲρ
3447 1162 3518 1222 οὗ
3555 1169 3634 1237 μὴ

2042 1254 2212 1326 πολλῇ
2247 1257 2545 1326 συνέχομαι
2585 1258 2847 1329 φροντίδι.
2896 1258 3057 1312 Ἀλλὰ
3109 1258 3288 1311 ταῦτα
3354 1259 3458 1328 μὲν
3491 1258 3633 1321 τέως

2042 1346 2135 1398 ἐπὶ
2165 1346 2437 1402 τοσοῦτον.
2479 1350 2594 1418 Τῆς
2621 1351 2729 1420 γὰρ
2760 1349 3055 1421 ἑρμηνείας
3075 1351 3102 1402 6
3126 1350 3326 1419 τρόπος
3357 1349 3638 1402 ἀλλοιότε-

2048 1452 2136 1506 ρος
2172 1445 2212 1472 ηι
2245 1437 2277 1504 ἢ
2307 1437 2365 1490 ὃν
2387 1439 2415 1490 ὁ
2438 1439 2539 1508 τῆς
2590 1439 2878 1509 ἐπιστολῆς
2925 1439 3174 1508 ἐπιζητεῖ
3202 1438 3392 1500 τύπος.
3427 1439 3639 1506 Διόπερ

2044 1528 2330 1599 οὐδέτερον
2363 1529 2643 1599 καθαρῶς,
2678 1533 2773 1584 καὶ
2810 1531 2884 1594 ὡς
2906 1533 2955 1583 οἰ
2985 1531 3290 1601 τῆςτέχνης
3307 1531 3639 1598 νόμοι,κατ’

2046 1620 2337 1692 ἐπιστολὴν
2395 1622 2772 1693 έρμηνεύοντα
2832 1625 3117 1693 πράττειν.
3179 1624 3276 1674 Ἂν
3299 1621 3360 1674 δὲ
3405 1623 3511 1674 καὶ
3544 1620 3638 1672 τοῦ

2049 1711 2303 1781 καθαρῶς
2329 1713 2654 1782 ἑρμηνεύειν
2687 1715 2715 1767 ὁ
2749 1714 2941 1784 καιρὸς
2982 1714 3080 1785 τὴν
3113 1714 3293 1766 ἄδειαν
3324 1711 3423 1780 δῷ,
3474 1713 3637 1774 ἴσως,

355 1819 462 1864 tur.
502 1811 655 1876 Quod
685 1811 727 1863 si
771 1810 1038 1878 exquisite
1072 1808 1417 1875 interpretari
1450 1805 1668 1859 occasio
1711 1804 1929 1857 faculta-

2051 1801 2182 1852 Θεοῦ
2215 1802 2601 1871 βουλουμένου,
2621 1805 2714 1856 καὶ
2742 1805 3074 1876 τελειότερον
3103 1804 3230 1875 ἐμοὶ
3291 1803 3399 1873 μὲν
3428 1803 3638 1866 εἰπεῖν,

356 1909 463 1952 tem
487 1901 715 1964 dederit,
747 1897 998 1951 fortassis
1019 1912 1142 1951 cum
1174 1897 1316 1948 bono
1348 1895 1455 1946 Deo
1476 1893 1780 1946 absolutius
1807 1891 1936 1944 mihi

355 1991 676 2060 explicanda
720 2001 917 2052 erunt,
967 1998 1021 2042 et
1066 1987 1361 2057 gratiosius
1409 1986 1504 2040 tibi
1559 1986 1849 2038 audienda.

356 2128 686 2196 QUASSTIO
729 2128 866 2184 xcn
907 2128 1098 2200 [CoisL
1130 2126 1427 2194 CCLXXII,
1463 2128 1626 2182 Taur.
1660 2125 1936 2193 CCLXII].

419 2242 562 2292 Edita
601 2258 629 2292 a
669 2238 994 2302 Montacutio,
1017 2255 1096 2302 ep.
1137 2239 1252 2301 165,
1284 2240 1349 2288 ad
1378 2242 1550 2302 Georg.
1584 2236 1732 2296 Nic.,

2046 1893 2194 1947 0016'
2221 1894 2439 1948 ἀκούειν
2491 1896 2774 1966 γενήσοιτο
2802 1896 2982 1967 χάρις.

2591 2129 2924 2184 ΕΡΩΤΗΣῙΣ
2961 2130 3074 2198 ιιΒκ

1768 2251 1821 2308 ρι
1853 2237 2096 2308 ﬁgi-255.
2135 2237 2210 2308 pne
2253 2237 2479 2300 epistolis
2520 2241 2658 2289 Pauli
2694 2249 2747 2291 et
2779 2255 2867 2291 cur
2908 2257 2964 2292 se
3000 2245 3184 2293 Paulus
3224 2243 3428 2294 idiolam
3463 2251 3640 2308 vocet,

1807 2299 1823 2348 l
1853 2299 1959 2347 tior.
1998 2311 2099 2358 xw,
2131 2300 2206 2348 16.

431 2411 649 2466 Miraris
691 2409 843 2464 Pauli
901 2409 1175 2478 Epistolas
1218 2419 1296 2463 tot
1329 2410 1466 2464 ideis
1510 2409 1770 2463 variatas.
1825 2406 1943 2461 Noli

361 2505 434 2558 ob
457 2507 744 2558 veritatem
784 2501 918 2555 mihi
951 2517 1275 2557 succensere
1307 2518 1319 2552 ι
1358 2512 1412 2554 et
1457 2516 1556 2572 ego
1605 2502 1771 2555 miror
1803 2516 1945 2554 non-

359 2596 490 2650 dum
530 2605 579 2649 te
610 2597 676 2647 ad
712 2593 1035 2662 profundam
1066 2595 1212 2649 illius
1250 2595 1572 2664 sapientiam
1607 2593 1943 2663 pervenisse.

362 2688 518 2754 Quod
553 2687 597 2740 si
624 2686 822 2755 majori.
847 2701 976 2739 cura
1011 2695 1066 2740 et
1096 2687 1362 2741 industria
1398 2687 1542 2740 illius
1593 2687 1794 2752 scripta
1828 2700 1945 2737 me-

361 2779 644 2839 ditaheris,
693 2778 986 2831 adhibente
1032 2777 1288 2830 nimirum
1324 2779 1544 2831 caelitus
1581 2776 1806 2837 auxilio,
1840 2776 1946 2828 tui-

363 2871 555 2923 rabere
586 2868 757 2938 magis
807 2868 898 2936 qui
949 2869 1210 2937 potuitte
1246 2879 1406 2922 tantm
1458 2869 1738 2937 sapientia;
1773 2867 1944 2937 gratia

361 2961 550 3023 latere,
601 2967 656 3012 et
691 2960 813 3014 inde
856 2959 1207 3028 pulchritudo
1242 2959 1589 3012 sermonibus
1626 2957 1790 3010 insita
1827 2957 1946 3024 ejus

362 3048 631 3104 fervidum
689 3050 830 3104 haud
862 3050 1070 3105 invenit
1108 3060 1424 3104 amatorem.
1464 3047 1573 3101 Nec
1622 3046 1814 3100 insisto
1847 3047 1945 3100 ad-

365 3143 471 3195 huc
514 3141 566 3194 in
610 3141 724 3206 illa,
760 3158 880 3208 quae
910 3143 1228 3210 dogmatum
1279 3149 1333 3192 et
1369 3139 1488 3192 lidei
1519 3147 1601 3192 est
1645 3139 1945 3207 sapientia;

363 3233 430 3285 de
454 3233 546 3286 illo
581 3233 779 3286 videris
820 3233 1020 3301 quippe
1067 3231 1540 3285 haud‘dubitare:
1588 3231 1681 3284 sed
1728 3230 1838 3283 vim
1896 3238 1950 3283 et

364 3321 676 3376 facultatem
711 3324 921 3376 dicendi
951 3339 1117 3392 urgeo
1141 3323 1535 3375 admirabilem.
1571 3321 1640 3374 At
1667 3336 1778 3375 tum
1809 3338 1946 3390 quo-

2115 2407 2428 2477 Θαυμάζεις
2469 2413 2518 2462 εἰ
2553 2411 2830 2474 τοιαύταις
2860 2412 3102 2476 είδέαιςι³
3135 2414 3281 2467 θείου
3317 2416 3550 2470 Παύλου
3585 2428 3639 2476 αξ

2056 2497 2366 2552 Ἐπιστολαὶ
2399 2503 2848 2570 σχηματίζονται.
2885 2505 2993 2556 Καί
3030 2521 3119 2574 μοι
3168 2507 3334 2575 μηδὲν
3363 2510 3466 2576 τῆς
3503 2510 3640 2578 ἀλη-

2045 2589 2195 2652 θείας
2230 2593 2498 2662 ἀχθεσθῇς
2523 2634 2537 2658 ,
2571 2595 2651 2646 ὅτι
2682 2593 2835 2648 οὔπω
2882 2597 3143 2666 διέκυψας
3176 2599 3315 2669 πρὸς
3350 2600 3412 2652 τὸ
3463 2601 3640 2671 βάθος

2045 2681 2146 2750 τῆς
2177 2681 2404 2750 ἐνούσης
2421 2684 2496 2754 τῷ
2525 2685 2678 2755 ἀνδρὶ
2699 2686 2910 2754 σοφίας.
2943 2687 3006 2741 Εί
3038 2688 3094 2741 δέ
3124 2707 3183 2742 σε
3215 2690 3640 2761 φιλοπονωτέρα

2048 2774 2177 2843 περὶ
2206 2772 2333 2836 τοὺς
2367 2774 2576 2827 ἐκείνου
2619 2775 2810 2844 λόγους
2836 2778 2990 2832 λάϐοι
3023 2779 3245 2853 μελέτη,
3286 2783 3390 2850 τῆς
3417 2785 3639 2837 ἄνωθέν

2050 2879 2132 2916 σοι
2179 2863 2425 2933 δηλονότι
2461 2866 2638 2936 ῥοπῆς
2684 2869 2764 2930 εἰς
2804 2869 3092 2938 εὐμένειαν
3125 2871 3340 2942 ὁρώσης
3365 2915 3380 2938 ,
3413 2874 3640 2945 θαυμά-

2051 2973 2166 3018 σαις
2194 2957 2260 3010 ἂν
2296 2959 2518 3025 μᾶλλον,
2553 2959 2701 3022 ὅπως
2730 2978 2790 3014 σε
2814 2962 3050 3033 τοσαύτη
3085 2965 3276 3032 σοφίας
3307 2965 3638 3022 διελάνθανε

2051 3047 2231 3116 χάρις,
2279 3050 2375 3102 καὶ
2419 3051 2616 3114 κάλλος
2657 3053 2902 3120 ἐμφύτου
2947 3054 3104 3122 λόγου
3152 3056 3356 3128 θερμὸν
3388 3061 3639 3133 ἐραστὴν

2053 3137 2152 3189 οὐκ
2187 3133 2320 3207 εἶχε.
2358 3139 2467 3192 Καὶ
2500 3137 2655 3191 οὔπω
2685 3156 2749 3207 γε
2782 3139 2878 3210 τὴν
2929 3142 2986 3194 ὲν
3013 3141 3248 3212 δόγμασι
3290 3145 3390 3196 καὶ
3443 3147 3639 3199 πίστει

2049 3227 2192 3295 λέγω
2223 3227 2446 3297 σοφίανο
2490 3229 2648 3283 τοῦτο
2677 3230 2789 3301 γὰρ
2821 3230 2929 3284 οὐδ’
2965 3233 3128 3297 αὐτὸς
3165 3236 3301 3304 ἡμῖν
3338 3236 3638 3306 ἀμφισϐη-

2045 3316 2154 3370 τῶν
2199 3316 2420 3387 ῶφθης,
2457 3319 2572 3370 ἀλλ’
2617 3320 2716 3388 ὅση
2762 3320 2962 3390 κράτος
2993 3339 3053 3374 τε
3097 3322 3271 3391 λόγων
3323 3327 3417 3378 καὶ
3473 3328 3633 3396 ἱσχὶν

366 3413 528 3466 modo
560 3427 810 3466 sermone
845 3415 949 3465 erit
977 3412 1180 3466 idiota?
1207 3411 1382 3474 Certe,
1406 3427 1470 3466 eo
1511 3429 1620 3480 quo
1645 3431 1664 3462 ι
1691 3411 1929 3482 Princep:

2051 3407 2425 3477 θαυμάζεσθαι
2470 3409 2720 3480 παρέχει.
2769 3409 2890 3473 Πῶς
2918 3409 3011 3464 οὖν
3061 3411 3281 3483 ἰδιώτης
3315 3414 3396 3485 τῷ
3438 3414 3630 3485 λόγως

365 3511 638 3572 peccator,
665 3518 772 3571 quo
795 3504 1013 3558 intimus
1044 3503 1440 3572 apostolorum,
1473 3504 1942 3572 rejectameutum,

366 3603 784 3662 purgamentum
817 3594 1042 3658 mumli;
1095 3603 1174 3656 ut,
1224 3594 1595 3663 spectaculum
1643 3595 1849 3666 angelis
1893 3605 1947 3648 et

367 3687 704 3742 hominibus.
732 3707 752 3739 ι
797 3689 966 3754 Quis?
998 3688 1098 3754 Qui
1141 3697 1199 3744 ut
1244 3688 1521 3758 apostolus
1541 3688 1744 3743 Christi
1763 3689 1946 3760 gravis

366 3795 489 3833 esse
521 3788 702 3848 posset
745 3781 1122 3847 auditoribus;
1163 3782 1256 3850 qui
1321 3782 1693 3836 abundantius
1734 3782 1946 3836 caeteris

369 3869 670 3936 laboravit;
705 3873 797 3938 qui
845 3871 1161 3940 priusquam
1214 3871 1403 3925 matris
1448 3881 1636 3941 partus
1669 3871 1942 3936 ederetur,

366 3960 477 4016 Deo
509 3963 966 4028 consecrabatur;
994 3962 1087 4031 qui
1128 3977 1234 4016 non
1270 3963 1693 4031 spectandorum
1732 3973 1945 4030 specta-

365 4061 476 4115 tor,
523 4068 630 4108 non
661 4055 1055 4108 audiendarum
1076 4054 1292 4108 auditor
1313 4053 1445 4117 fuit;
1489 4053 1580 4108 Dei
1616 4054 1668 4106 in
1719 4053 1940 4106 Christo

366 4147 506 4201 odor
535 4146 738 4212 bonus;
770 4147 862 4216 qui
892 4145 1018 4199 Jesu
1050 4146 1543 4207 mortiﬁcationem,
1579 4145 1670 4199 sed
1699 4154 1753 4199 et
1778 4145 1941 4198 vitam

368 4241 423 4293 in
448 4255 675 4310 corpore
697 4241 1168 4308 circumgestabat.
1188 4239 1653 4304 Quemadmodum
1673 4238 1838 4306 igitur
1858 4252 1946 4291 re-

363 4329 774 4396 jectameutum,
807 4341 1249 4398 purgamentum,
1284 4328 1652 4398 spectaculum
1692 4327 1812 4382 talis
1859 4326 1944 4380 vir

364 4440 377 4470 ι
401 4430 419 4473 ι
442 4427 624 4474 tantus
647 4419 782 4485 fuit;
811 4419 884 4473 ita
909 4420 1069 4488 plane
1093 4427 1148 4472 et
1163 4433 1415 4473 sermone
1437 4417 1604 4472 idiota
1622 4415 1744 4469 fuit.
1761 4415 1941 4480 Certe,

364 4510 566 4579 aliquid
585 4511 814 4563 istorum
835 4509 1186 4578 repulabatur
1201 4507 1372 4571 abiis,
1390 4506 1482 4576 qui
1499 4503 1944 4575 prteconiialtitu-

365 4602 546 4656 dinem
567 4618 674 4656 non
695 4601 983 4672 capiebant
1001 4618 1017 4668 ;
1036 4600 1236 4668 aliquid
1254 4615 1373 4654 esse
1389 4600 1620 4660 volebat.
1635 4608 1686 4652 et
1700 4598 1826 4666 quia
1842 4597 1943 4651 fuit

365 4694 737 4748 moderatione
753 4701 808 4746 et
830 4709 1042 4746 morum
1074 4690 1330 4745 facilitate
1354 4689 1689 4743 admittebat.
1719 4687 1787 4739 At
1809 4686 1939 4756 quid

2049 3499 2238 3571 ὥσπερ
2282 3501 2376 3553 καὶ
2415 3521 2433 3554 ‹
2466 3501 2574 3555 τῶν
2601 3502 2941 3573 ἁμαρτωλῶν
2975 3505 3224 3575 πρῶτος
3260 3525 3279 3558 ι
3313 3507 3392 3570 ὡς
3418 3526 3440 3558 ι
3468 3509 3635 3578 ἐσχα-

2046 3610 2138 3656 τος
2167 3593 2276 3646 τῶν
2307 3593 2644 3658 ἀποστόλων,
2677 3596 2936 3666 ἔκτρωμα
2966 3599 3183 3650 πάντων
3211 3607 3267 3648 οι
3293 3615 3306 3628 ·
3334 3599 3411 3662 ὡς
3432 3618 3633 3671 «περι-

2049 3684 2309 3756 κάθαρμα
2343 3685 2436 3739 τοῦ
2485 3686 2690 3756 κόσμου
2712 3705 2723 3718 ·
2767 3705 2785 3738 ι
2817 3688 2893 3750 ὡς
2929 3707 2948 3740 ι
2991 3689 3065 3759 μὴ
3099 3689 3217 3741 ὣνΡ
3248 3690 3397 3754 ἄξιος
3440 3693 3636 3744 καλεί-

2049 3775 2171 3828 σθαι
2220 3776 2545 3841 ἀπόστολος·
2585 3797 2604 3829 ι
2661 3777 2734 3841 ὡς
2789 3797 2808 3829 ι
2844 3783 3061 3833 πάντων
3107 3782 3429 3852 περίψημαυ
3479 3802 3502 3835 ι
3561 3784 3635 3846 ὡς

2053 3887 2071 3919 t
2113 3868 2340 3939 θέατρον
2372 3870 2626 3937 ἀγγέλοις
2651 3872 2744 3923 καὶ
2788 3872 3116 3942 ἀνθρώποις.
3153 3892 3171 3924 ι
3202 3874 3334 3938 Τίςς
3381 3876 3439 3927 Ὁ
3471 3876 3635 3930 δυνά-

2049 3977 2208 4030 μενος
2254 3961 2314 4012 ὲν
2345 3961 2500 4032 βάρει
2529 3957 2666 4015 εἶναι
2693 3962 2770 4024 ὡς
2817 3964 3054 4034 Χριστοῦ
3108 3966 3436 4030 ἁπόστολος’
3465 3969 3500 4020 6
3538 3987 3635 4022 πε-

2048 4051 2361 4121 ρισσότερον
2391 4052 2609 4106 πάντων
2654 4054 2945 4118 κοπιάσας,
2973 4056 3001 4108 6
3033 4057 3128 4109 καὶ
3165 4058 3292 4128 πρὶν
3324 4059 3359 4128 ἣ
3384 4062 3486 4120 τὶς
3525 4080 3630 4131 μη-

2043 4141 2239 4210 τρικὰς
2269 4143 2464 4205 ὠδίνας
2502 4143 2686 4211 λῦσαι,
2736 4147 2811 4215 τῷ
2838 4146 2958 4216 Θεῷ
3002 4147 3416 4218 ἀφωρισμένος·
3457 4153 3487 4203 6
3521 4154 3629 4203 τῶν

2045 4231 2290 4286 ἀθεάτων
2323 4231 2520 4304 θεατὴς
2541 4275 2557 4297 ,
2600 4237 2696 4288 καὶ
2745 4237 2853 4289 τῶν
2884 4238 3215 4309 ἀπορρήτων
3246 4243 3556 4310 κατῇκοοςο
3593 4249 3624 4314 ἡ

2043 4323 2121 4392 τῷ
2150 4323 2267 4393 Θεῴ
2300 4325 2538 4395 Χριστοῦ
2567 4328 2766 4380 εὐωδία
2784 4347 2798 4360 ·
2832 4332 2859 4382 ὁ
2885 4330 2984 4400 τὴν
3018 4332 3287 4404 νέκρωσιν
3311 4337 3408 4386 τοῦ
3427 4336 3622 4405 Ἰησοῦ,

2041 4414 2180 4472 ἀλλά
2213 4416 2308 4470 καὶ
2341 4419 2440 4487 τὴν
2469 4419 2616 4489 ζωὴν
2654 4423 2714 4472 ἐν
2765 4421 2841 4492 τῷ
2871 4423 3082 4493 σώματι
3121 4429 3461 4498 περιφέρων.
3495 4430 3626 4482 Ὠσ-

2043 4523 2150 4576 περ
2181 4504 2275 4562 οὖν
2309 4509 2601 4581 ἕκτρωμα,
2634 4514 2725 4583 καὶ
2753 4516 3044 4587 περίψημα
3065 4557 3080 4580 ,
3116 4523 3209 4571 καὶ
3243 4521 3498 4591 θέατρον,
3533 4527 3623 4576 καὶ

2045 4597 2461 4669 περικαθαρμα,
2489 4602 2517 4657 6
2554 4604 2811 4668 τοσοῦτος
2847 4610 2940 4659 καὶ
2963 4609 3283 4680 τηλικοῦτος
3303 4650 3320 4674 ,
3355 4613 3500 4667 οὕτω
3531 4617 3621 4668 καὶ

2047 4687 2263 4758 ἰδιώτης
2291 4689 2369 4761 τῷ
2397 4692 2558 4763 λόγῳ.
2612 4696 2722 4749 Καὶ
2763 4697 2870 4768 γὰρ
2907 4698 3132 4764 τούτων,
3193 4701 3262 4754 τὰ
3303 4704 3405 4772 μὲν
3443 4700 3514 4774 ἦν
3552 4709 3619 4774 τῇ

367 4782 738 4836 tum?Nutnne
762 4783 815 4835 in
849 4784 1084 4836 humana
1102 4779 1367 4850 sapientia
1389 4781 1520 4833 lides
1555 4779 1778 4832 nostra?
1798 4776 1929 4830 Deus

2051 4777 2314 4850 ὑπολήψει
2343 4781 2450 4834 τῶν
2483 4784 2576 4836 τοῦ
2607 4787 2982 4855 κηρύγματος,
3011 4791 3086 4860 μὴ
3116 4793 3407 4846 συνιέντων
3437 4797 3500 4847 τὸ
3528 4796 3618 4864 βά·

367 4873 626 4939 meliora;
650 4874 740 4928 sed
764 4874 816 4927 in
837 4875 1080 4943 potentia
1101 4873 1213 4936 Dei,
1236 4887 1328 4941 per
1353 4887 1516 4940 quam
1537 4871 1714 4924 idiota:
1728 4870 1941 4938 sapien-

364 4964 440 5018 tia
465 4965 806 5020 imbuuntur.
823 4967 904 5019 Au
925 4981 1051 5035 ergo
1065 4965 1155 5018 Dei
1177 4964 1462 5033 sapientia,
1478 4973 1532 5017 et
1551 4961 1714 5031 hujus
1731 4961 1940 5024 mundi,

363 5065 419 5108 et
447 5055 752 5126 principum
787 5056 907 5126 ejus
941 5055 1250 5126 sapientia?
1274 5054 1408 5118 Quis
1441 5055 1543 5106 hoc
1571 5050 1804 5106 dixerit?
1833 5050 1940 5104 Ta-

365 5148 432 5202 lis
470 5148 614 5200 enim
648 5147 915 5217 sapientia
947 5164 1042 5216 per
1082 5146 1264 5202 crucis
1294 5144 1574 5198 stultitiam
1613 5152 1931 5198 evacuatur.

363 5239 658 5309 lmpiorum
723 5241 1038 5309 dogmatum
1104 5249 1320 5302 terror,
1370 5236 1575 5292 erroris
1625 5235 1936 5289 auxiliatrix

363 5332 729 5402 plausibilitas
774 5332 1084 5395 sermonis,
1134 5327 1389 5398 implcxio
1437 5327 1732 5383 artiﬁciosa
1768 5325 1936 5380 male-

2043 4867 2135 4933 θος
2157 4884 2170 4898 ·
2203 4871 2271 4922 τά
2300 4871 2356 4924 δὲ
2391 4873 2486 4926 καὶ
2516 4874 2713 4938 αὐτοὺς
2745 4876 2937 4938 ἐδίδου,
2989 4882 3175 4950 φέρων
3207 4884 3276 4952 τῇ
3325 4884 3434 4936 τῶν
3473 4886 3616 4954 ἠθῶν

2043 4963 2355 5032 μετριότητι
2406 4966 2499 5018 καὶ
2557 4969 2847 5040 ἐπιεικείᾳ.
2885 4971 2949 5023 Τί
2987 4969 3112 5038 οὖν;
3173 4975 3264 5027 Ἐν
3315 4976 3476 5047 σοφία
3519 4980 3614 5029 ἀν-

2039 5049 2276 5119 θρώπων
2383 5055 2564 5120 πίστις
2598 5058 2784 5128 ήμῶνς
2819 5063 2907 5130 Μὴ
2942 5062 3153 5130 γένοιτο
3173 5081 3186 5093 ·
3215 5065 3336 5120 ἀλλ’
3363 5069 3422 5120 ὲν
3449 5068 3610 5120 Gavi-

2046 5158 2139 5209 μει
2165 5143 2318 5206 Θεοῦ,
2353 5147 2421 5202 δι’
2461 5145 2528 5219 ἦς
2574 5153 2666 5204 καὶ
2699 5153 2902 5207 ἰδιῶται
2937 5155 3272 5223 σοφίζονται.
3315 5160 3480 5227 Σοφία
3521 5159 3611 5212 οὖν

2043 5231 2180 5285 Θεοῦ
2208 5237 2242 5302 ἡ
2271 5238 2364 5291 τοῦ
2394 5241 2589 5305 αἰῶνος
2614 5243 2828 5310 τούτου,
2877 5247 2970 5299 καὶ
3001 5248 3308 5303 τῶν”αύτοῦ
3339 5252 3609 5323 ἀρχόντων

2045 5328 2234 5398 σοφίη
2270 5333 2379 5386 Καὶ
2409 5333 2492 5397 τίς
2524 5334 2590 5389 ἂν
2622 5338 2752 5409 φαίη
2784 5339 2971 5406 τοῦτο;
3017 5341 3080 5394 ἸΙ
3119 5343 3229 5414 γὰρ
3257 5347 3473 5416 τοιαύτη
3516 5361 3606 5396 σο-

1610 5512 1838 5568 VARl/E
1872 5511 2272 5571 LECTlONES.

457 5672 494 5755 ἰ
529 5676 616 5756 id;
643 5672 924 5742 ἐποίησας.

362 5754 560 5798 omittit
586 5754 682 5797 ων.

1036 5679 1073 5706 πη
1098 5671 1180 5725 ἴσ.
1236 5671 1404 5724 ἐστίν.
1481 5681 1506 5708 ιι
1535 5670 1597 5726 C.
1633 5669 1777 5726 Mon.
1831 5670 1936 5724 555
1999 5672 2184 5740 ἰδέαις.
2219 5685 2239 5706 ¹’
2262 5676 2324 5731 C.
2361 5675 2504 5730 Mon.
2552 5677 2626 5738 ὡς
2652 5676 2913 5749 ἔκτρωμα
2944 5679 3184 5737 πάντων.

3300 5696 3328 5735 ιο
3359 5686 3417 5742 C.
3457 5684 3599 5742 Non.
