3798 6210
131 301 227 369 577
1080 304 1183 365 AD
1214 300 1809 368 AMPHILOCHIUM
1841 302 2189 374 QUIESTIO
2215 308 2395 369 xcn.
3271 296 3377 377 57's

133 417 222 489 φία
250 418 314 488 τῇ
342 414 434 471 τοῦ
466 415 704 487 σταυροῦ
757 417 943 490 μωρίᾳ
981 414 1182 490 μᾶλλον
1215 421 1587 489 κατήργηται.

1910 427 2125 474 atorum
2157 421 2557 491 scribismatum
2584 463 2600 489 ,
2632 422 2813 480 anima
2851 427 3103 487 mortalis
3127 472 3142 496 ,
3173 443 3297 500 qua:
3326 439 3385 486 et

132 510 230 562 τῶν
256 506 538 561 δυσσεϐὦν
568 508 860 579 δογμάτων
883 510 1089 580 πλάνη,
1116 511 1151 581 ἡ
1179 509 1383 579 ταύτης
1405 508 1632 579 ὲπίκουρ

1884 509 2125 578 .pcrtitur
2152 520 2207 569 et
2237 518 2565 585 compatitur
2595 532 2718 571 cum
2747 534 3010 589 corpore;
3041 522 3186 592 quod
3205 521 3384 576 ‘mun-

132 599 522 669 πειθανολογία,
573 602 607 672 ἡ
641 601 817 673 πλοκὴ
866 602 961 656 καὶ
992 602 1158 673 τέχνη
1194 600 1302 654 τῶν
1346 598 1632 670 κακοσχόλι

1880 615 1901 651 s
1941 600 2192 664 opiﬁcem
2225 620 2332 659 non
2371 607 2567 673 habet;
2595 610 2736 678 quod
2768 624 2874 664 non
2913 612 3380 680 quemadmodum

131 690 490 762 σοφισμάτων,
524 690 696 763 θνητὴ
739 693 773 763 ἡ
810 691 959 763 ψυχὴ
984 732 1001 757 ,
1035 692 1117 745 ὅτι
1166 689 1566 761 συμμερίζεται
1601 705 1631 742 κ

1876 692 1960 760 iis,
1998 695 2073 751 ita
2114 706 2170 751 et
2198 713 2339 766 aqua
2388 698 2516 753 ferri
2552 716 2772 756 sursum
2803 704 2963 771 velit,
2995 705 3141 775 quod
3185 707 3376 761 matri—

85 859 95 869 .
130 788 432 858 συμπάσχει
473 789 555 861 τῷ
589 787 803 859 σώματι
824 804 837 819 ο
870 790 971 842 οὐκ
1000 787 1114 858 ἔχει
1164 787 1510 857 Δημιουργὸν
1538 788 1566 840 6

1934 789 2043 843 ium
2071 798 2367 848 commune
2394 793 2484 857 sit,
2513 810 2579 849 co
2606 796 2750 865 quod
2785 797 2885 849 hoc
2914 807 3071 866 pacto
3108 800 3281 870 magis
3316 817 3375 857 se
3418 814 3434 863 ι

127 895 280 949 σμος’
315 880 397 932 ὄτι
427 880 525 950 οὐχ
559 879 749 950 ὥσπερ
780 879 843 931 τὸ
885 876 1019 948 πῦρ,
1051 877 1227 931 ἐθέλει
1257 877 1378 929 οὐδὲ
1405 877 1466 929 τὸ
1499 874 1627 944 ὕδωε

1875 894 1987 939 ιιιιο
2022 894 2205 939 ament
2246 887 2428 951 cives;
2457 888 2599 957 quod
2632 903 2663 943 e
2696 890 2928 945 mortuis
2960 890 3092 954 vivi,
3126 907 3249 948 cum
3278 895 3372 964 qui

126 969 377 1040 φέρεσθαι
396 985 411 1000 ’
446 969 624 1033 κοινὸς
644 971 673 1022 ὁ
700 970 899 1039 γάμος,
924 969 1006 1022 ὅτι
1034 967 1236 1038 μᾶλλον
1266 965 1441 1029 οὕτως
1475 966 1509 1036 η
1538 965 1626 1017 πό)

1878 974 2238 1032 :isistcbamus
2262 1016 2276 1040 ,
2312 977 2638 1042 sedeamus;
2674 978 2945 1048 plurimos
2990 990 3204 1050 oportet
3244 983 3378 1039 deos

124 1060 434 1130 φιλάλληλος
454 1078 468 1092 ο
514 1055 578 1115 ἐκ
605 1064 715 1116 τῶν
748 1061 959 1133 νεκρῶν
996 1062 1045 1113 οἱ
1076 1060 1280 1125 ζῶντες
1307 1077 1323 1092 ο
1359 1059 1454 1112 καὶ
1483 1058 1591 1129 γὰρ

1878 1081 1936 1131 με,
1967 1081 2090 1121 cum
2118 1066 2270 1135 plura
2294 1067 2405 1121 sint
2431 1083 2553 1136 quae
2581 1069 2983 1138 praevidcantur
3018 1090 3031 1126 :
3059 1080 3113 1125 et
3134 1080 3378 1127 metuen-

121 1153 206 1205 τοῦ
231 1154 477 1207 ἵστασθαι
518 1154 865 1225 καθεζόμεθα
885 1170 898 1183 ο
948 1152 1177 1217 πολλοὺς
1203 1154 1258 1206 δὲ
1289 1154 1369 1206 δεῖ
1404 1153 1499 1206 καὶ
1532 1152 1621 1205 θεο

1876 1174 1922 1212 m
1961 1160 2064 1223 sit,
2105 1175 2170 1212 ne
2198 1176 2379 1225 unus,
2418 1162 2462 1215 si
2506 1162 2751 1217 omnium
2794 1166 3073 1219 communi
3114 1180 3245 1220 cura
3290 1166 3376 1221 in-

120 1241 271 1308 εἷναι,
317 1244 401 1298 ὄτι
450 1246 670 1299 πλείονα
700 1247 770 1299 τὰ
803 1245 1175 1317 προνοούμενοι
1195 1285 1209 1307 ,
1245 1246 1337 1298 καὶ
1367 1244 1552 1313 φόϐος,
1585 1262 1619 1297 κ

1876 1250 2012 1317 iget,
2054 1250 2377 1319 defatiscat;
2425 1263 2522 1308 aut
2558 1255 2703 1324 quod
2751 1240 3005 1327 princeps
3044 1260 3376 1315 necessitate

122 1340 233 1408 μεῖν
260 1338 350 1391 τὸν
373 1339 492 1404 ἕνα,
547 1342 614 1411 τῇ
645 1342 801 1411 κοινῇ
837 1338 1079 1410 φροντίδι
1122 1338 1588 1409 ἐνασχολούμενον
1609 1352 1622 1368 ·

1873 1342 2049 1411 igitur,
2084 1358 2207 1399 cum
2241 1360 2347 1398 non
2376 1346 2610 1401 sufﬁciat
2653 1347 2791 1415 ipse,
2826 1348 2995 1403 alium
3038 1350 3373 1420 superindu-

117 1431 193 1482 ὄτι
216 1429 306 1482 τὸν
336 1429 558 1500 πρῶτον
583 1432 799 1501 ἀνάγκη
828 1430 1007 1483 πείθει
1039 1430 1313 1500 παράγειν
1335 1428 1617 1481 καταδεέσπ

1874 1449 1934 1500 'e,
1972 1450 2041 1489 ne
2089 1436 2399 1507 principatu
2441 1454 2543 1494 suo
2592 1440 2859 1509 privetur,
2909 1452 2963 1496 et
3011 1443 3374 1500 secundarius

120 1540 220 1593 ρον,
274 1523 358 1574 ἵνα
397 1522 473 1593 μὴ
519 1524 621 1593 τῆς
671 1524 849 1593 ἀρχῆς
900 1522 1226 1595 περιαιρεθῇ
1262 1522 1321 1575 τὸ
1365 1521 1620 1592 προνόμιι

1873 1544 1899 1582 e
1931 1527 2192 1582 deﬁciens
2226 1530 2415 1595 alium,
2459 1541 2622 1601 atque
2656 1532 2726 1585 ita
2760 1535 2811 1586 in
2841 1533 3116 1588 inﬁnitum
3157 1554 3171 1590 :
3207 1536 3373 1591 stulta

119 1617 207 1669 καὶ
236 1615 325 1669 τὸν
348 1614 604 1686 δεύτερον
636 1616 800 1669 πάλιν
843 1616 1140 1686 ὑφειμένον
1186 1615 1368 1679 ἄλλον,
1404 1616 1500 1671 καὶ
1528 1614 1619 1667 τοῦ

1874 1627 1918 1672 ιι
1953 1618 2110 1695 ita_et
2144 1620 2433 1675 stultitiam
2463 1638 2681 1676 onmem
2720 1624 3061 1688 excedentia,
3098 1641 3219 1693 qua:
3249 1626 3374 1680 ani-

118 1712 190 1773 εἰς
222 1708 450 1780 ἄπειρον
473 1726 486 1739 ο
523 1709 590 1762 τὰ
627 1710 785 1779 μωρά
817 1709 991 1761 ταῦτα
1040 1710 1134 1763 καὶ
1184 1708 1484 1778 παρανοίας
1517 1709 1617 1777 ὲσχ

1874 1726 1933 1763 im
1977 1710 2171 1764 decent
2215 1726 2400 1765 revera
2440 1712 2757 1778 mortalem,
2806 1721 2859 1765 ct
2891 1713 3125 1769 cicutam
3157 1729 3374 1769 meren-

112 1818 204 1871 της
232 1800 514 1864 ἐπέκεινα,
547 1801 643 1855 καὶ
682 1800 864 1870 ψυχῆς
889 1800 1059 1863 ὅντως
1089 1788 1291 1871 θνητῆς
1321 1801 1416 1853 καὶ
1446 1799 1540 1852 τοῦ
1572 1818 1612 1853 xl

1873 1817 1900 1856 '.
1927 1799 2079 1855 Hanc
2103 1803 2295 1856 mundi
2328 1803 2489 1857 istius
2518 1803 2839 1872 sapientiam
2872 1803 3099 1870 Paulus,
3127 1805 3219 1875 qui
3248 1820 3373 1860 vere

112 1893 243 1946 νείου
272 1893 418 1956 ἀξια.
457 1892 675 1964 Ταύτην
720 1893 815 1946 τοῦ
869 1894 1064 1957 αἰῶνος
1095 1895 1192 1964 τὴν
1223 1894 1437 1962 σοφίαν,
1472 1893 1612 1946 Παῦλ

1873 1893 2034 1945 )iebat
2065 1891 2274 1959 divina,
2308 1902 2362 1946 et
2397 1892 2665 1947 humanas
2698 1893 2830 1947 istas
2865 1893 3225 1962 cogitatiOues
3251 1906 3279 1952 ει
3313 1907 3373 1947 sc

111 1990 136 2039 6
161 1987 223 2039 τὰ
250 1986 367 2039 θεῖα
397 1986 479 2056 τῷ
500 1986 615 2039 ὄντι
655 1986 817 2054 σοφὶς
858 1985 954 2039 καὶ
986 1987 1052 2039 τὰ
1089 1985 1431 2056 ἀνθρώπινα,
1464 1986 1554 2039 διὰ
1582 2004 1610 2038 τ

1869 1985 2096 2049 enabat,
2139 1993 2193 2039 et
2237 1985 2443 2040 mundo
2474 1985 2723 2055 ejiciebal
2747 2028 2762 2052 ,
2794 1994 3015 2055 propter
3045 1984 3369 2054 sapientiam

112 2079 163 2129 ἐν
191 2077 473 2147 μυστηρίῳ
501 2077 639 2130 Θεοῦ
674 2080 868 2146 σοφίας
905 2081 1006 2148 τῆς
1048 2080 1379 2149 οἰκουμένης
1408 2079 1612 2150 ἀπήλαε

1872 2076 1881 2129 i
1915 2077 1967 2129 in
1998 2076 2278 2147 mysterio,
2310 2077 2548 2131 ﬁdelium
2582 2077 2942 2147 cogitationes
2973 2076 3050 2130 illi
3078 2076 3372 2145 impervias

112 2167 195 2219 καὶ
219 2167 314 2231 τάς
340 2168 457 2221 τῶν
487 2168 699 2221 πιστῶν
725 2168 965 2231 διανοίας
1015 2169 1256 2233 ἀϐάτους
1287 2170 1423 2241 αὑτῇ
1458 2188 1612 2225 συνετ

1866 2168 1961 2221 luit
1992 2169 2294 2224 custodire.
2339 2167 2487 2223 Talis
2518 2168 2787 2238 sapientia
2821 2169 2931 2223 Deo
2968 2169 3201 2224 stultitia
3238 2178 3323 2225 cst
3352 2186 3366 2224 :

114 2277 285 2329 ρησεν.
331 2259 394 2314 Ἦ
430 2261 660 2332 τοιαύτη
701 2261 882 2329 σοφία,
914 2263 1095 2331 μωρία
1126 2264 1376 2334 παράτῷ
1400 2263 1551 2334 Θεῷ·
1573 2282 1614 2317 τι

1872 2261 2097 2314 ιὶριιιιιιιι
2129 2262 2491 2331 cogitationes
2531 2278 2706 2327 vanae,
2740 2261 2979 2333 prOpriis
3010 2262 3372 2332 apprehensa?

111 2352 267 2422 ταύτῃ
304 2350 487 2421 σοφῶν
517 2354 566 2405 οἱ
592 2353 847 2423 λογισμοὶ
885 2352 1131 2422 μάταιοι,
1179 2355 1273 2407 καὶ
1308 2357 1426 2417 ταῖς
1451 2355 1611 2408 οἰκεία

1868 2344 2288 2405 ιοιιὶιιιιιὶὀιιίὺιιε
2320 2367 2415 2421 per
2447 2352 2756 2422 simplicem
2784 2351 3032 2407 veritatis
3055 2365 3368 2406 sermonem

114 2444 464 2514 πανουργίαις
517 2442 889 2514 ἁλισκόμενοι,
937 2443 1015 2515 τῷ
1064 2445 1220 2515 ἁπλῷ
1274 2445 1378 2515 τῆς
1424 2447 1614 2516 ἀληθεί

1873 2452 2173 2512 ξενρειιιιιιτ.
2222 2442 2376 2498 llanc
2422 2451 2483 2500 ut
2514 2444 2669 2507 olim,
2720 2444 2794 2498 ita
2838 2450 2895 2497 et
2937 2457 3087 2498 nunc
3113 2441 3373 2513 quaelibet

111 2532 244 2603 λόγῳ
274 2531 754 2607 πετιδράσσονται.
801 2535 1044 2607 Ταύτην,
1091 2537 1281 2609 ὥσπερ
1320 2538 1511 2601 πάλαι,
1538 2538 1611 2592 οῦι

1867 2547 1911 2585 [ιι
1945 2531 2146 2602 pietate
2177 2532 2475 2601 conjuncta
2506 2532 2648 2587 ratio
2681 2533 2922 2602 respuit:
2954 2531 3150 2588 deliria
3186 2531 3367 2602 longa,

109 2624 167 2693 δὴ
197 2625 286 2676 καὶ
312 2624 427 2688 νῦν,
456 2627 609 2690 ἄπας
657 2625 891 2696 εὐσεϐὴς
925 2627 1179 2680 διαπτύει
1220 2627 1515 2697 λογισμός·
1554 2646 1609 2681 το

1854 2626 2094 2679 rimarum
2132 2624 2411 2689 baratbra,
2446 2623 2649 2679 diaboli
2677 2625 2949 2684 venatica.
2980 2630 3234 2695 magnam
3264 2638 3354 2679 ma

112 2717 345 2785 μακροὺς
374 2716 598 2786 λήρους,
625 2717 695 2770 τὰ
724 2718 933 2788 ψυχικά
960 2718 1233 2789 βάραθρα,
1277 2722 1347 2772 τὰ
1375 2719 1468 2773 τοῦ
1511 2720 1612 2773 Πον

1877 2733 1966 2771 um
2002 2716 2306 2771 ofﬁcinam.
2342 2719 2412 2771 At
2456 2716 2589 2785 quid
2634 2715 2923 2770 verborum
2965 2727 3112 2771 recta
3144 2732 3377 2787 compo«

110 2809 199 2879 ροῦ
247 2809 517 2881 θήρατρα,
563 2811 625 2863 τὸ
677 2811 819 2882 μέγα
852 2812 951 2881 τῆς
982 2812 1258 2874 ἀπωλείας
1293 2812 1610 2882 ἐργαστήριι

1876 2827 1919 2866 χο
1958 2812 2246 2867 veritatem
2285 2810 2428 2865 laedit
2461 2810 2484 2864 ’ί
2531 2809 2678 2880 quod
2713 2810 2978 2865 damnum
3015 2809 3183 2865 infert
3211 2810 3376 2865 adhi-

110 2902 219 2953 Τῶν
246 2902 300 2955 δέ
326 2919 391 2971 γε
421 2903 688 2973 ῥημάτων
731 2904 828 2957 καὶ
876 2907 977 2975 τῆς
1007 2904 1075 2957 δι’
1106 2905 1289 2959 αὐτῶν
1334 2905 1609 2976 συνθήκης

1870 2905 2073 2971 :itibus,
2106 2920 2267 2975 quem
2310 2905 2395 2961 vel
2442 2918 2699 2973 magnum
2731 2903 2815 2957 vel
2854 2918 3083 2973 parvum
3124 2917 3370 2958 errorem

108 2992 345 3065 ὀρθότης,
392 2995 447 3047 τί
496 2995 824 3062 λυμαίνεται
870 2998 935 3067 τῇ
975 2998 1259 3067 εὐσεϐείᾳ;
1310 2998 1431 3050 τίνα
1476 2996 1608 3067 βλά6

1873 2998 2191 3068 )plantando
2221 2997 2466 3053 inducit?
2495 2996 2552 3051 Si
2595 3007 2850 3051 naturam
2900 2996 2995 3066 qui
3031 2996 3223 3058 ﬁnxit,
3256 2996 3373 3067 ipse

109 3088 252 3156 φέρει
279 3091 392 3151 τοῖς
421 3088 768 3159 χρωμένοις;
803 3088 937 3160 πρὸς
984 3091 1147 3143 ποίαν
1196 3089 1543 3153 ὑποσκελίζει
1585 3108 1609 3159 μ

1922 3105 2101 3145 tarum
2133 3089 2356 3153 artifex,
2392 3087 2537 3143 unde
2568 3086 2711 3141 haud
2742 3102 3090 3157 consequens
3133 3086 3239 3141 erit
3261 3123 3277 3151 ,
3313 3097 3376 3143 ut

106 3181 290 3250 κράνῆ
324 3182 572 3250 μεγάλην
605 3180 847 3252 πλάνην;
895 3181 954 3233 Εἰ
994 3180 1038 3234 δ’
1073 3184 1103 3235 6
1143 3182 1245 3251 τῆς
1293 3180 1509 3251 φύσεως
1543 3181 1606 3234 πλ

1871 3183 1881 3236 i
1917 3183 2158 3252 potiores
2190 3181 2447 3251 discipuli
2500 3180 2778 3236 sermonis
2824 3189 2990 3246 sunt,
3022 3178 3371 3235 convenienti

108 3288 245 3342 στης,
272 3273 437 3337 αὐτὸς
467 3273 565 3326 καὶ
604 3272 713 3326 τῶν
742 3273 1003 3341 γλωσσῶν
1046 3276 1075 3327 6
1118 3273 1389 3343 τεχνίτης,
1422 3273 1542 3337 πῶς
1581 3290 1608 3327 o

1879 3289 2039 3329 mone
2090 3283 2335 3329 utantur.
2386 3272 2513 3329 Ideo
2560 3272 2862 3343 discipulos
2913 3273 3115 3328 idiotas
3176 3272 3376 3328 ascivit

105 3364 241 3416 ἔστιν
274 3364 593 3430 ἀκόλουθον,
617 3366 821 3435 μᾶλλον
852 3367 980 3428 τοὺς
1012 3365 1263 3436 μαθητὰς
1288 3364 1383 3419 τοῦ
1411 3366 1572 3435 λόγου
1598 3383 1605 3400 ι

1873 3369 2039 3424 ristus
2068 3368 2298 3423 omnino
2341 3368 2715 3423 concesserim
2737 3406 2753 3432 ,
2801 3374 2857 3421 et
2904 3366 2949 3423 si
2988 3366 3125 3421 velis
3148 3406 3164 3433 ,
3195 3366 3373 3437 magis

106 3458 387 3528 καθήκοντι
412 3460 718 3530 κεχρῆσθαι
744 3461 889 3531 λόγῳ
920 3477 934 3527 ;
966 3461 1182 3515 Οὐκοῦν
1218 3462 1279 3515 οὐ
1314 3461 1606 3532 προσελάὸε

1870 3475 1949 3514 am
1976 3470 2133 3515 erant
2170 3459 2368 3530 pisces,
2400 3474 2541 3529 quos
2573 3459 2887 3529 capiebant,
2920 3467 3104 3514 mutos
3133 3475 3147 3513 :
3183 3472 3370 3513 verum

107 3549 340 3618 μαθητὰς
382 3554 411 3606 6
444 3552 684 3623 Χριστὸς
717 3536 957 3617 ἰδιώτας,
1006 3554 1102 3606 καὶ
1153 3553 1387 3623 μάλιστα
1414 3554 1582 3623 φαίην

1898 3553 2130 3617 idiotas,
2182 3554 2254 3609 ita
2308 3554 2634 3625 publicanos
2664 3562 2717 3608 et
2766 3552 3096 3622 piscatores,
3139 3551 3236 3623 qui
3269 3566 3374 3608 nec

105 3642 265 3712 ἔγωγε
290 3687 305 3713 ,
352 3648 447 3700 καὶ
472 3648 523 3699 εί
551 3645 734 3717 βούλει
783 3664 869 3715 γε,
907 3646 1000 3700 καὶ
1028 3645 1136 3700 τῶν
1171 3646 1394 3718 ἰχθύων,
1429 3646 1522 3711 οὓς
1554 3647 1605 3700 ὲθ

1872 3647 2066 3702 blicani
2091 3656 2301 3712 essent,
2353 3661 2454 3701 nec
2498 3646 2802 3716 piscatores
2840 3644 3185 3710 desinebant,
3222 3644 3372 3715 quod

107 3752 223 3805 ρων,
264 3738 675 3809 ἀφωνοτέρους·
722 3737 839 3791 ἀλλ’
883 3737 1076 3809 ὥσπερ
1131 3738 1368 3801 ξδιώτας,
1401 3736 1546 3791 οὕτω
1584 3757 1607 3790 ν

1873 3755 1985 3794 rum
2044 3750 2185 3804 erat,
2240 3739 2337 3795 sed
2392 3738 2637 3809 potentia
2670 3737 2877 3793 Christi
2926 3737 3176 3807 dignum.
3217 3735 3373 3803 Quo-

102 3830 345 3895 τελώνας,
377 3833 478 3885 καὶ
520 3831 712 3895 ἁλιεῖς,
765 3832 895 3902 μήτι
942 3831 1181 3895 τελώνας
1223 3831 1527 3902 ῆάλιεύειν
1573 3832 1602 3885 ἀ

1873 3836 1949 3887 do
1975 3834 2101 3905 quis
2132 3835 2201 3889 ah
2227 3833 2487 3903 operibus
2509 3832 2909 3888 convictionem
2934 3829 3199 3901 effugiat?
3222 3829 3373 3885 Inter

103 3921 263 3989 ἔλιπε,
295 3926 388 3978 καὶ
417 3924 525 3977 ποῦ
558 3924 720 3977 τοῦτο
750 3923 1032 3995 θαύματος
1062 3924 1095 3995 ἢ
1128 3924 1229 3995 τῆς
1255 3924 1492 3996 Χριστοῦ
1522 3924 1603 3976 δυι

1870 3937 1982 3981 ntas
2020 3942 2127 3980 non
2160 3926 2413 3989 dimisit,
2448 3940 2590 3996 quos
2618 3925 2817 3985 abinde
2843 3922 3109 3992 admisit,
3145 3925 3239 3978 sed
3268 3937 3370 3993 pro

105 4031 239 4083 μεως
288 4016 475 4083 ἀξιον;
516 4016 641 4080 Πῶς
684 4016 729 4070 δ’
776 4017 843 4071 ἄν
889 4032 974 4079 τις
1007 4017 1234 4088 διαδύσῃ
1278 4017 1371 4071 τὸν
1431 4018 1523 4070 ἐπὶ
1570 4035 1605 4067 τι

1871 4016 2150 4071 caloribus
2218 4016 2514 4085 piscatores
2569 4014 2702 4069 fecit
2755 4012 3087 4079 hominum;
3149 4026 3367 4080 nempe,

104 4111 271 4180 ἔργων
314 4113 499 4165 αὐτῶν
542 4112 798 4182 ἔλεγχον;
833 4112 1023 4176 Οὕτως
1065 4113 1158 4166 οὖν
1190 4113 1299 4165 οὐδ’
1334 4114 1415 4175 είς
1462 4112 1604 4167 ἰδιὼτ

1868 4107 2037 4170 enite,
2068 4108 2213 4163 enim
2242 4106 2441 4176 inquit,
2476 4115 2600 4176 post
2626 4120 2734 4171 me,
2763 4114 2820 4161 et
2847 4104 3044 4161 faciam
3070 4118 3167 4159 vos
3188 4105 3367 4175 pisca-

103 4202 323 4269 ἁφῆκεν,
371 4203 470 4267 οὒς
513 4203 725 4256 ἐκεῖθεν
774 4204 1182 4276 προσείληφεν·
1244 4205 1362 4257 ἀλλ’
1405 4206 1526 4258 ἀντὶ
1576 4225 1603 4275 μ

1867 4214 1931 4251 cs
1960 4198 2244 4251 hominum
2265 4199 2373 4264 ¹²;›
2408 4213 2507 4267 pro
2535 4196 2860 4267 publicanis,
2888 4196 3198 4251 animarum
3232 4202 3367 4249 tem—

101 4291 303 4355 ἁλιέων,
332 4294 508 4355 ἁλιεῖς
542 4295 869 4348 ἀπετέλεσεν
900 4295 1224 4365 ἀνθρώπων.
1264 4316 1283 4348 ι
1322 4295 1508 4362 Δεῦτε,
1544 4297 1601 4365 γὲ

1861 4291 2089 4347 statibus
2128 4292 2460 4361 jactatarum
2509 4297 2854 4357 servatores;
2898 4297 2954 4344 et
3008 4302 3109 4361 pro
3150 4287 3361 4357 idiotis,

102 4390 276 4457 φησὶν,
308 4387 489 4439 ὀπίσω
524 4405 625 4457 μου
658 4389 753 4440 καὶ
796 4390 1008 4458 ποιήσω
1060 4388 1204 4457 ὑμᾶς
1253 4389 1424 4451 ἁλιεῖς
1457 4390 1602 4461 ἀνθρ

1866 4385 1975 4438 indi
2008 4384 2288 4449 doctores,
2323 4383 2577 4455 impletos
2605 4381 2790 4438 divina
2815 4390 2873 4437 et
2899 4381 3109 4437 ctelesti
3139 4381 3366 4452 sapien-

102 4496 237 4531 πων·
279 4500 295 4531 ι
328 4481 454 4534 ἀντὶ
482 4480 734 4533 τελωνῶν
761 4479 837 4544 δὲ,
870 4480 1062 4550 ψυχῶν
1110 4481 1539 4551 χειμαζομένων
1567 4500 1602 4534 σι

1878 4496 1892 4543 ;
1932 4492 2049 4543 nec,
2103 4477 2192 4530 ubi
2238 4486 2355 4531 erat
2389 4492 2563 4548 opus,
2601 4475 2842 4530 humana
2873 4474 3147 4545 sapientia
3178 4474 3364 4531 desti~

98 4574 292 4640 τῆρις·
337 4576 433 4626 καὶ
466 4574 588 4626 ἀντὶ
617 4573 865 4634 ἰδιωτῶν,
918 4575 1017 4643 τῆς
1052 4574 1380 4643 οἰκουμένης
1418 4574 1598 4627 διδασκ

1862 4585 1945 4623 os.
1980 4569 2139 4623 Certe
2170 4569 2315 4623 enim
2347 4584 2474 4623 cum
2506 4568 2708 4623 Stoicis
2732 4606 2749 4633 ,
2781 4583 2907 4622 cum
2937 4567 3225 4637 Epicureis
3251 4609 3268 4635 ,
3304 4577 3362 4624 et

98 4664 233 4733 λους,
274 4668 373 4737 τῆς
399 4684 464 4719 τε
504 4665 655 4730 θείας
698 4666 794 4719 καὶ
824 4666 1329 4736 οὐρανίου“σοφίας
1362 4667 1598 4737 ἐμπλήσι

1858 4662 2049 4716 :ccntis
2101 4660 2225 4716 aliis
2275 4662 2557 4716 erroribus
2602 4660 2921 4732 congressi,
2970 4675 3094 4717 cum
3142 4660 3358 4717 celebre

100 4762 186 4814 καὶ
210 4762 307 4831 τῆς
336 4761 706 4831 ἀνθρωπίνης,
743 4761 877 4813 ὅπου
906 4760 1063 4830 χρεία
1097 4759 1293 4823 καλεῖς,
1325 4759 1479 4812 οὐδὲν
1514 4760 1600 4812 ὐσι

1856 4770 1971 4808 men
2006 4754 2076 4808 ob
2109 4755 2472 4809 eruditionem
2524 4764 2681 4809 erant
2710 4755 3030 4821 consecuti,
3058 4754 3356 4809 verborum

102 4852 387 4920 ρουμένους
412 4856 720 4924 ἀποφήνας.
739 4853 892 4905 Ἐπεὶ
920 4852 1037 4915 πῶς
1066 4853 1344 4915 Στωϊκοῖς,
1378 4851 1495 4915 πῶς
1512 4853 1602 4906 Ἐτπ

1861 4862 2003 4911 sus,
2049 4856 2105 4900 ct
2145 4846 2448 4900 dictionum
2497 4846 2697 4901 fluvius
2736 4847 3005 4902 miraculo
3060 4846 3361 4918 coniuncto

99 4947 377 5016 κουρείοις,
424 4946 543 5008 πῶς
591 4945 813 5015 μυρίαις
860 4943 1047 5007 ἄλλαις
1079 4944 1330 5007 πλάναις,
1364 4945 1455 4995 ἐπὶ
1488 4943 1599 5011 λόγι

1861 4939 2126 5003 ebantur;
2172 4948 2225 4993 et
2266 4937 2497 4993 Paulum
2531 4955 2630 5009 pro
2658 4939 2930 4994 Mercurio
2977 4939 3159 5008 putari
3213 4938 3360 5015 apud

102 5037 233 5105 μέγα
279 5040 451 5107 ὄνομα
500 5037 810 5103 λιπούσαις,
837 5036 979 5089 κατά
1010 5036 1200 5104 λόγους
1232 5036 1602 5090 συνεπλέκοντ‹

1861 5028 2058 5084 ditorcs
2091 5029 2366 5085 faciebant
2394 5069 2409 5090 .
2445 5031 2590 5100 quod
2620 5030 2664 5085 si
2699 5030 2815 5099 ipse
2849 5028 3155 5085 diloricatis
3190 5032 3361 5083 vcsti-

101 5126 208 5189 πῶς
228 5130 254 5181 ὁ
283 5129 377 5182 τοῦ
403 5130 565 5198 λόγου
598 5129 819 5199 δρόμος,
841 5128 938 5181 καὶ
966 5129 1076 5181 τῶν
1106 5129 1368 5198 ῥημάτων
1394 5126 1601 5200 ἡέῠροι

1860 5137 1882 5176 s
1916 5136 2014 5177 cos
2046 5136 2153 5175 non
2183 5122 2559 5192 praevenisset,
2592 5123 2648 5177 in
2687 5123 2955 5178 honorem
2986 5122 3108 5191 ejus
3140 5121 3360 5191 publica

101 5219 569 5290 συνδεδραμηκότα
626 5222 703 5289 τῷ
753 5221 1037 5290 θαύματι,
1085 5220 1294 5291 Ἐρμῆν
1343 5220 1601 5292 νομισθῆν

1856 5214 2049 5269 :riﬁcia
2083 5214 2267 5269 oblata
2298 5224 2501 5270 essent.
2535 5214 2688 5270 Mitto
2713 5213 2767 5268 in
2802 5214 3057 5286 presenti
3096 5215 3204 5269 vim
3251 5214 3356 5266 sub

99 5308 182 5360 τὸν
224 5311 434 5363 Παῦλον
463 5315 577 5376 τοῖς
617 5314 915 5381 ἀκροαταῖς
958 5311 1377 5379 παρεσκεύασες
1411 5312 1507 5363 καὶ
1549 5313 1599 5365 εἰ

1861 5323 1942 5360 ηιιιι
1984 5317 2168 5362 natam
2205 5306 2501 5372 sermonis,
2534 5322 2656 5377 quae
2690 5306 2742 5361 in
2768 5305 3053 5372 Ecclesiis,
3088 5304 3230 5375 apud
3263 5318 3361 5372 po-

104 5402 173 5472 ιιὴ
202 5402 408 5471 φθάσας
442 5404 623 5472 αὐτὸς,
656 5406 783 5468 τοὺς
813 5405 1046 5475 χιτῶνας
1072 5405 1332 5476 διέσχισε,
1379 5409 1471 5458 καὶ
1500 5406 1599 5475 γέρ

1858 5400 1968 5453 lum
1991 5440 2007 5467 ,
2044 5412 2143 5469 pro
2170 5397 2453 5455 Tribunali
2476 5439 2492 5465 ,
2519 5399 2573 5454 in
2601 5397 2913 5456 Judaeorum
2940 5396 3264 5470 Synagogis,
3302 5395 3358 5449 in

169 5587 210 5621 ¹²
235 5589 426 5646 Matth.
463 5607 535 5656 Iv,
570 5592 655 5647 l9.

1386 5684 1620 5744 VM:le
1662 5685 2068 5744 LEUTIONES.

206 5785 233 5826 ιι
265 5776 352 5831 Id.
386 5777 510 5833 add.
548 5780 681 5833 ἄνω.
715 5776 775 5831 C.
813 5776 881 5830 Μ.
924 5777 1064 5833 sicut
1096 5778 1151 5833 in
1184 5783 1353 5831 textu.

436 5871 701 5932 ΡΑι-ιιοι..
736 5871 850 5932 Gn.
887 5870 986 5932 Ct.
1786 5881 1799 5888 ‘
2008 5870 2011 5873 ’
2872 5858 2946 5927 19
