3846 6188
412 233 516 301 5'79

1565 227 1831 291 PHOTII
1870 220 2377 287 PATRIARCH/E
2409 220 2521 284 ep.
3533 196 3615 294 530

412 348 566 410 foro,
598 360 727 416 cum
759 342 1022 408 doceret,
1050 340 1348 412 corriperet
1374 379 1390 407 ,
1423 338 1783 407 admoneret,
1814 352 1874 395 se
1902 338 1992 393 de-

2101 332 2168 388 ἃν
2197 334 2256 387 at
2291 332 2436 387 θεῶν
2478 329 2630 403 αὐτῷ
2671 329 2852 385 θυσίαι
2900 330 3213 402 δημοτελῶς
3254 337 3614 409 προσεφέροντο.

412 441 678 505 fenderet,
726 437 1138 503 testiﬁcaretur,
1187 450 1309 507 quae
1357 435 1586 501 viritim,
1642 433 1986 496 catervatim,

409 533 551 606 apud
584 531 800 604 judices
821 572 836 597 ,
868 530 1260 601 sycophantas.
1293 526 1581 597 Quomodo
1614 524 1848 580 dicendo
1899 537 1991 576 re-

409 640 529 696 gem
559 622 876 678 Judzeorum
912 618 1150 685 allicuit,
1200 619 1275 674 ita
1321 628 1383 674 ut
1431 625 1647 672 tantum
1695 630 1805 669 non
1847 614 1990 668 inter

409 713 755 769 Christianos
805 718 1158 777 censeretur,
1204 709 1250 765 si
1300 723 1409 763 non
1450 705 1602 775 regni
1644 712 1700 760 et
1728 717 1990 775 purpurae

409 805 657 871 inﬂatio,
704 819 827 874 quae
857 802 1041 858 multis
1074 800 1353 857 multoties
1393 798 1591 855 lethale
1641 797 1841 852 vulnus
1898 795 1990 849 in-

410 894 620 959 ﬂixere,
672 892 1063 963 impedimento
1097 890 1289 951 luisset
1322 888 1389 943 ad
1435 886 1685 948 eﬂ'ectum
1717 886 1962 956 operatio

409 999 649 1055 nemque
680 982 855 1037 verbi.
896 981 965 1036 Ut
989 981 1368 1052 proloqnendo
1403 978 1745 1049 compescuit
1775 977 1988 1032 clamo.-

408 1091 504 1133 sos
542 1087 595 1132 et
628 1076 681 1131 in
716 1090 773 1130 se
796 1074 1121 1138 concitatos,
1150 1072 1243 1143 qui
1269 1071 1593 1142 sanguinem
1627 1070 1801 1142 ipsius
1832 1069 1991 1127 sitio-

408 1168 571 1234 bant,
616 1183 756 1238 quos
802 1168 867 1220 ad
925 1182 1078 1220 suam
1128 1165 1522 1235 protectionem
1576 1164 1984 1235 suscipiendum

408 1258 624 1313 induxit
658 1276 671 1309 :
705 1266 765 1311 ut
808 1255 1057 1311 ascendit
1104 1250 1159 1309 in
1188 1254 1558 1325 Areopagum,
1595 1254 1685 1308 ubi
1720 1254 1861 1308 inter
1888 1268 1987 1308 eos

406 1349 749 1412 versabatur,
795 1348 886 1416 qui
939 1346 1119 1401 verbis
1165 1347 1218 1400 in
1268 1347 1444 1417 ipsum
1479 1345 1986 1411 exacerbabantur;

404 1439 749 1510 Areopagum
780 1438 1062 1503 nimirum,
1095 1438 1209 1505 ubi,
1235 1448 1295 1492 ut
1322 1437 1521 1493 fabulis
1552 1437 1867 1493 Graecorum
1900 1452 1986 1491 so-

406 1533 657 1587 lemniter
689 1539 944 1586 narratur
964 1571 979 1596 ,
1016 1540 1068 1586 ct
1095 1531 1170 1586 dii
1199 1541 1250 1586 et
1280 1531 1535 1587 homines
1573 1531 1650 1585 rei
1682 1538 1739 1585 et
1774 1538 1989 1585 actores

404 1620 723 1678 ferebantur
752 1641 767 1679 :
800 1634 969 1695 utque
998 1623 1073 1679 ibi
1106 1624 1460 1689 constitutus,
1497 1639 1605 1679 non
1633 1623 1725 1677 uni
1757 1622 1861 1678 soli
1894 1637 1987 1692 op-

2113 423 2223 477 Ἐῶ
2253 421 2351 477 νῦν
2377 422 2476 495 τὴν
2500 422 2672 494 ἀλλην
2690 422 3055 493 ⁴αὐτοσχέδιον
3084 424 3238 495 ίσχὺν
3256 424 3346 479 τοῦ
3375 426 3618 503 λόγου,τὴν

2100 515 2160 569 ὲν
2196 515 2550 587 Ἐκκλησίαις
2575 556 2591 581 ,
2620 517 2721 584 τὴν
2752 516 2811 569 ὲν
2840 515 3038 586 δήμοις
3061 555 3076 580 ,
3105 514 3204 588 τὴν
3233 518 3289 571 ὲν
3314 516 3618 594 δικαστηρίῳ,

2114 606 2216 680 τὴν
2240 608 2381 662 κατὰ
2416 609 2741 678 συναγωγὰς
2779 608 3071 677 Ἰουδαίων,
3098 611 3199 683 τὴν
3226 612 3281 664 ἐν
3308 612 3482 685 ἀγορᾷ,
3505 615 3621 671 διδά-

2101 716 2347 767 σκοντος,
2367 699 2759 770 διελέγχοντος,
2786 701 3619 776 παραινοῦντος,ἀπολογουμένου,

2099 791 2636 863 διαμαρτυρομένου,
2662 792 2761 862 ὅση
2794 792 2916 846 κατ’
2939 792 3131 864 ἄνδρα,
3158 792 3258 863 ὅση
3280 794 3412 846 κατά
3438 794 3620 863 πλῆθος,

2097 884 2196 956 ὅση
2235 884 2372 956 πρὸς
2402 884 2686 948 δικαστὰς,
2730 886 2831 956 ὅση
2866 885 3006 957 πρὸς
3040 886 3403 954 συκοφάνταςο
3444 887 3508 951 ὥς
3534 881 3623 942 εἷλε

2096 976 2274 1047 λέγων
2312 978 2405 1031 τὸν
2458 976 2685 1049 βασιλέα
2732 977 2840 1032 τῶν
2892 978 3189 1040 Ἰουδαίων,
3230 979 3321 1032 καὶ
3371 979 3544 1050 μικροῦ
3572 980 3623 1035 ἀν

2099 1064 2257 1134 οὗτος
2286 1080 2309 1107 ι’
2338 1073 2419 1135 εἰς
2448 1071 2813 1142 Χριστιανοὺς
2854 1071 3223 1142 μετετάξατο,
3257 1072 3303 1124 εἰ
3333 1072 3414 1141 μὴ·
3441 1072 3527 1141 τῆς
3550 1074 3625 1143 ἀρ-

2096 1163 2199 1231 χῆς
2226 1162 2320 1216 καὶ
2344 1166 2443 1233 τῆς
2480 1163 2800 1233 ἁλουργίδος
2840 1163 2901 1215 τὸ
2931 1163 3161 1233 φύσημα
3205 1163 3269 1231 (ὃ
3299 1164 3495 1227 πολλοῖς
3521 1167 3626 1217 πολ-

2096 1254 2253 1319 λάκις
2278 1258 2359 1319 εἰς
2385 1258 2452 1310 τὰ
2497 1258 2688 1330 καίρια
2722 1256 3051 1326 ἐλυμήνατό)
3091 1256 3338 1326 ἐμποδὼν
3367 1256 3499 1325 αὐτῷ
3522 1274 3625 1310 κατ-

2102 1347 2234 1420 έστη
2260 1349 2395 1420 πρὸς
2426 1352 2524 1419 τὴν
2547 1350 2837 1420 ἀκρίϐειαν
2865 1349 2958 1402 τοῦ
2990 1350 3343 1420 κηρύγματος
3361 1366 3373 1380 ο
3402 1349 3470 1412 ὼς
3495 1352 3628 1421 ἐσχη-

2099 1448 2197 1491 σε⁸
2245 1438 2640 1511 δημηγορήσας
2670 1440 2795 1503 τοὺς
2828 1440 2951 1495 κατ’
3004 1440 3167 1493 αὑτοῦ
3223 1441 3517 1509 φονῶντας,
3555 1446 3630 1496 καὶ

2099 1533 2227 1595 τοὺς
2266 1532 2537 1602 διψῶντας
2580 1532 2675 1586 τοῦ
2702 1532 2953 1601 αἵματος,
2982 1532 3271 1585 ἀναλαϐεῖν
3298 1532 3389 1595 τὰς
3409 1533 3532 1603 ὑπὲρ
3552 1535 3630 1602 τῆς

2104 1622 2270 1676 αὐτοῦ
2321 1624 2595 1695 σωτηρίας
2640 1623 2928 1695 φροντίδας
2970 1623 3289 1677 ἀνέπεισενσ
3332 1623 3403 1686 ὡς
3439 1626 3521 1677 ἐπὶ
3559 1626 3630 1677 τὸν

402 1717 639 1787 positus,
683 1717 779 1771 sed
827 1726 1017 1772 contra
1061 1731 1256 1773 omnes
1303 1717 1531 1771 omnino
1586 1715 1991 1771 disertissimus

2099 1714 2317 1785 ’Δρειον
2353 1714 2520 1785 ἀνέϐη
2559 1715 2756 1782 πάγον,
2804 1713 3014 1784 ἀνδρῶν
3046 1715 3105 1767 ὲν
3155 1715 3308 1784 μέσῳ
3342 1718 3446 1777 τοῖς
3488 1715 3632 1783 λόγοις

404 1808 509 1862 fuit
537 1826 552 1875 ;
582 1809 626 1863 si
652 1810 812 1864 modo
835 1809 1079 1863 omnium
1105 1808 1391 1863 hominum
1412 1807 1798 1874 Athenienses,
1827 1806 1993 1861 Athe-

402 1898 677 1953 niensium
701 1898 1042 1968 Areopagita:
1066 1897 1441 1968 praestiterunt
1470 1896 1727 1975 dicendo,
1753 1910 1989 1967 quorum

404 1987 636 2043 affectus
668 1988 999 2058 animosque
1032 1987 1109 2042 ita
1140 1986 1376 2042 dicendo
1407 1987 1709 2054 concussit,
1737 1995 1992 2041 ettrans.

404 2079 685 2145 formavit,
730 2088 789 2135 ut
827 2080 987 2135 multi
1026 2079 1173 2136 inter
1209 2094 1306 2136 eos
1355 2081 1425 2136 ab
1476 2080 1651 2150 ipsius
1700 2080 1883 2151 lingua
1937 2088 1995 2134 et

405 2189 659 2230 sermone
698 2175 950 2243 suspensi
995 2175 1297 2245 abjicerent
1342 2190 1467 2247 qua:
1513 2190 1611 2246 per
1662 2183 1839 2251 totum
1869 2174 1993 2229 vita

405 2283 629 2324 cursum
662 2268 957 2338 amplexati
993 2265 1217 2324 fuerant
1244 2308 1261 2334 ,
1304 2276 1359 2324 et
1389 2267 1688 2322 transirent
1717 2268 1783 2321 ad
1816 2252 1992 2336 pieta-

405 2367 513 2412 tem
543 2398 559 2425 ,
595 2358 745 2428 illum
780 2357 984 2412 imitari
1031 2357 1307 2419 studiosi,
1343 2341 1458 2428 qui
1484 2358 1624 2427 apud
1657 2356 1879 2413 intimas
1910 2357 1994 2427 ip-

406 2462 591 2503 serum
624 2448 839 2503 animas
864 2447 1083 2501 virtutis
1119 2455 1172 2501 et
1202 2461 1343 2501 vera:
1365 2446 1583 2516 pictatis
1614 2444 1870 2516 dogmata
1896 2460 1994 2498 ex-

406 2548 678 2595 araverat.
724 2537 830 2593 Tot
878 2549 932 2593 et
982 2539 1107 2592 talia
1157 2539 1277 2592 sine
1318 2552 1572 2592 sermone
1610 2551 1853 2605 congruo
1884 2549 1992 2590 non

406 2632 827 2703 assequebatur.
859 2629 1063 2702 Ecquis
1090 2629 1237 2685 enim
1261 2628 1497 2683 barbaro
1519 2626 1848 2682 attendisset
1875 2625 1996 2679 ani-

405 2740 520 2791 tno,
554 2724 645 2794 qui
679 2739 779 2779 nec
812 2732 958 2778 recta
987 2723 1041 2777 in
1074 2722 1212 2793 ipsis
1236 2722 1465 2775 vocibus
1497 2718 1822 2774 incedebat?
1845 2717 1995 2784 Quo-

406 2819 572 2874 modo
600 2817 785 2887 igitur,
820 2832 942 2887 qua;
982 2832 1050 2871 ne
1089 2815 1238 2886 loqui
1268 2822 1539 2880 noverat,
1574 2820 1723 2869 recte
1760 2827 1995 2866 consen-

406 2911 512 2966 tire
564 2911 687 2965 aliis
732 2910 1067 2966 videbatur:
1100 2909 1296 2964 nedum
1326 2909 1464 2965 alios
1504 2907 1605 2963 sibi
1647 2906 1997 2963 consentien-

406 3012 490 3060 tes
512 3003 948 3059 habere.Verum
973 3003 1145 3074 gratia
1166 3002 1234 3057 de
1260 3002 1400 3057 caelo
1424 3000 1773 3072 uperabatur,
1798 2998 1992 3070 gratia,

2094 1804 2541 1876 φλεγμαινόντων
2560 1821 2574 1837 ο
2599 1806 2821 1876 Ἀρειον
2852 1806 3030 1872 πάγον
3059 1805 3293 1871 ἐκεῖνον,
3316 1798 3378 1859 οὗ
3402 1806 3486 1858 καὶ
3508 1805 3632 1867 θεοὺς

2100 1896 2229 1969 παρ’
2261 1896 2530 1968 ἀλλήλων,
2565 1898 2660 1951 καὶ
2683 1897 2819 1969 πρὸς
2845 1895 3167 1969 ἀνθρώπους
3185 1897 3341 1961 δίκας
3366 1898 3455 1950 καὶ
3484 1896 3634 1951 λαϐεῖν

2092 1991 2187 2044 καὶ
2216 1989 2402 2044 δοῦναι
2452 1989 2613 2061 μῦθοι
2643 1989 2929 2060 χαίρουσιν
2968 1988 3279 2057 Ἑλληνικοί
3305 1988 3632 2059 διηγούμενοι⁵

2092 2081 2243 2145 ὅπως
2271 2082 2453 2146 ἐκεῖσε
2478 2080 2778 2144 καταστὰς,
2809 2081 2871 2133 οὐ
2908 2080 3043 2151 πρὸς
3077 2081 3177 2134 ἕνα
3205 2081 3365 2149 λόγον
3393 2081 3635 2151 ὑποσχεῖν,

2094 2176 2231 2231 ἀλλά
2262 2177 2399 2248 πρὸς
2446 2176 2695 2240 ἅπαντας
2724 2177 2851 2239 τοὺς
2881 2177 2941 2228 ὲν
2973 2175 3290 2247 ἀνθρώποις
3322 2176 3538 2246 λογίους,
3576 2178 3637 2229 εῖ-

2095 2284 2203 2338 περ
2240 2268 2515 2338 Ἀθηναῖοι
2572 2269 2672 2339 μὲν
2731 2268 2855 2322 τότε
2911 2268 3020 2321 τῶν
3076 2266 3258 2322 ἄλλων
3306 2268 3638 2339 ἀνθρώπωνι,

2108 2355 2410 2426 Ἀθηναίων
2466 2357 2546 2423 δὲ,
2590 2357 2641 2411 οἳ
2685 2359 2743 2411 ὲν
2784 2358 3130 2429 Ἀρειοπάγῳ
3174 2359 3243 2412 τὸ
3285 2359 3479 2431 κράτος
3503 2353 3639 2429 εἶχον,

2096 2448 2245 2501 οὕτω
2275 2448 2594 2502 κατέσεισεν
2635 2448 2817 2502 αὐτῶν
2842 2452 2957 2514 τοῖς
2981 2450 3163 2519 λόγοις
3197 2450 3300 2515 τὰς
3342 2451 3539 2523 ψυχὰς,
3565 2450 3643 2503 καὶ

2100 2541 2548 2612 μετεσκεύασεν,
2612 2541 2687 2605 ὡς
2754 2541 2987 2607 πολλοὺς
3048 2544 3237 2599 αὐτῶν
3309 2544 3405 2615 τῆς
3466 2544 3642 2597 ἐκείνου

2095 2633 2346 2704 γλώττης
2374 2636 2472 2687 καὶ
2500 2633 2609 2687 τῶν
2640 2634 2905 2705 ῥημάτων
2939 2635 3439 2707 ὲκκρεμασθέντας,
3482 2637 3642 2707 ῥίψαν-

2096 2739 2198 2786 τας
2232 2721 2483 2787 ἆπαντα,
2531 2721 2622 2775 διὰ
2663 2721 2779 2793 βίου
2823 2723 3027 2787 παντὸς
3071 2725 3214 2795 πρὸς
3246 2725 3347 2797 τὴν
3399 2725 3645 2778 εὐσέδειαν

2102 2813 2583 2885 μεθαρμόσασθαι,
2631 2816 2728 2868 καὶ⁵
2767 2815 3012 2886 μιμητὰς
3054 2816 3294 2887 ὀφθῆναι
3333 2818 3424 2871 τοῦ
3461 2818 3538 2871 διὰ
3570 2816 3646 2885 βά-

2100 2903 2223 2967 θους
2256 2904 2437 2959 αὐτῶν
2469 2906 2590 2969 ταῖς
2640 2904 2841 2976 ψυχαῖς
2875 2906 2947 2960 τά
2975 2907 3074 2977 τῆς
3099 2909 3306 2979 ἀρετῆς
3334 2909 3426 2962 καὶ
3452 2911 3537 2979 τῆς
3563 2911 3639 2977 ὀρ-

2100 2995 2201 3066 θῆς
2255 2995 2510 3069 λατρείας
2557 2996 2966 3067 ὲγχαράξαντος
3015 2997 3291 3068 δόγματα.
3322 3001 3462 3073 ’Δρα
3506 2999 3647 3053 ταῦτα

407 3093 656 3162 inquam,
690 3101 745 3148 et
789 3109 897 3147 non
930 3092 1245 3147 artiﬁcium.
1277 3089 1412 3144 Nam
1441 3089 1586 3161 quod
1616 3099 1732 3144 arte
1761 3095 1992 3144 constat.

2100 3061 2196 3143 καὶ
2231 3089 2303 3143 τὰ
2343 3061 2572 3144 τοιαῦτα
2598 3061 2980 3163 ξωρὶςήλόγου
3025 3061 3130 3145 τοδπ
3175 3061 3539 3167 καθήκοντοςς
3574 3092 3650 3146 καὶ

408 3180 710 3235 humanum
754 3188 839 3237 est
880 3192 936 3235 et
982 3180 1117 3247 vile;
1146 3178 1290 3250 quod
1331 3194 1363 3234 e
1412 3178 1625 3246 gratia,
1677 3177 1899 3231 caeleste
1944 3186 1999 3231 et

410 3274 797 3343 apostolicum.
842 3271 1079 3343 Operata
1117 3281 1202 3327 est
1249 3270 1447 3341 gratia,
1480 3279 1536 3325 at
1567 3270 1620 3324 in
1646 3269 1837 3340 primis
1884 3269 1998 3323 haec

410 3374 691 3434 operatur,
720 3376 777 3420 ut
803 3364 938 3419 nihil
964 3380 1022 3420 se
1048 3363 1633 3434 dedecensloquantur
1651 3362 1819 3432 ipsius
1839 3361 2000 3416 mini-

410 3458 531 3512 stri.
567 3456 685 3511 Non
718 3466 804 3513 cst
840 3458 988 3513 enim
1021 3458 1128 3513 hoc
1173 3457 1561 3522 leviusculum,
1595 3456 1856 3511 inducere
1878 3469 1994 3522 eos,

410 3552 502 3622 qui
532 3560 660 3606 sunt
698 3566 764 3606 ex
798 3552 1048 3622 opposito
1081 3593 1097 3618 ,
1135 3551 1189 3605 in
1228 3567 1449 3607 sensum
1482 3551 1602 3621 ejus
1640 3548 1999 3605 irresistibilis

413 3643 843 3714 potenti:e,qure
886 3645 938 3698 in
969 3645 1105 3711 ipsis
1147 3654 1428 3715 operatur.
1464 3641 1677 3698 Alicubi
1719 3642 1868 3695 enim
1919 3640 2000 3694 ait

413 3734 697 3804 Scriptura
725 3752 738 3788 :
774 3733 1064 3790 «Videntes
1103 3733 1307 3802 Judaei,
1337 3734 1483 3791 Petri
1514 3742 1569 3789 et
1605 3731 1756 3789 Pauli
1789 3732 1999 3786 auden-

408 3822 598 3879 tiam.»
652 3823 1009 3885 Quamnam?
1059 3822 1265 3895 Nempe
1296 3825 1351 3878 in
1384 3823 1657 3893 loquendo
1703 3835 1797 3890 per
1829 3834 1997 3890 quam

409 3917 783 3988 impudentem
833 3917 1192 3988 quaestionem
1252 3917 1598 3973 retuderunt.
1653 3918 1793 3986 Quid
1840 3918 2000 3974 tum?

415 4010 512 4064 «Et
534 4020 931 4077 cognoscentes
950 4008 1096 4079 quod
1125 4009 1325 4065 indocti
1351 4019 1530 4075 erant,
1549 4019 1604 4064 et
1622 4011 1813 4078 idiota,
1832 4011 1999 4064 mira-

410 4099 611 4152 bantur
642 4097 741 4153 ³³.»
770 4096 1063 4151 Cernimus
1098 4096 1405 4167 piscatores
1442 4098 1711 4164 rhetores,
1739 4108 1794 4153 et
1838 4098 1998 4154 labiis

410 4187 739 4258 sapientiam
785 4184 1162 4257 proferentes,
1193 4186 1285 4254 qui
1327 4186 1613 4242 scientiam
1644 4186 1790 4241 haud
1834 4188 1998 4243 hahe-

406 4278 543 4333 hant
574 4280 909 4334 litterarum.
937 4277 1079 4345 Quid
1107 4280 1251 4333 hoc?
1276 4282 1417 4335 unde
1451 4279 1561 4336 illis
1604 4280 1804 4344 accidit
1847 4282 1993 4352 quod

2099 3181 2184 3245 τίς
2233 3181 2301 3236 ἀν
2346 3181 2493 3253 αὐτῷ
2527 3181 2619 3235 τὸν
2671 3181 2798 3236 νοῦν
2829 3182 3227 3254 βαρϐαρίζοντι
3260 3187 3541 3257 προσεῖχε,
3574 3185 3651 3237 καὶ

2103 3274 2233 3346 μηδ’
2263 3276 2321 3328 ὲν
2350 3273 2543 3338 αὐταῖς
2569 3274 2747 3346 ὀρθῶς
2777 3277 2899 3338 ταῖς
2928 3280 3136 3346 φωναῖς
3184 3279 3515 3350 φερομένου;
3553 3279 3651 3338 Ilio;

2100 3367 2145 3420 δ’
2176 3364 2271 3419 οὖν
2298 3364 2335 3419 ἃ
2363 3366 2499 3437 μηδὲ
2530 3365 2709 3434 λέγειν
2734 3366 2869 3437 ᾔδει,
2901 3366 3077 3421 ταῦτα
3110 3372 3335 3439 φρονεῖν
3374 3369 3537 3438 ὀρθῶς
3563 3367 3653 3419 ἐδο-

2101 3458 2192 3525 ξεν
2221 3456 2402 3521 ἄλλοις
2416 3464 2469 3520 ιι,
2537 3457 2669 3527 μήτι
2699 3473 2765 3525 γε
2806 3459 2902 3512 καὶ
2948 3462 3290 3529 συμφρονεῖν
3322 3458 3467 3530 αὑτῷ
3496 3458 3652 3511 πειθο·

2104 3551 2297 3620 μένους
2326 3543 2511 3619 εἶχεν*
2536 3564 2552 3614 ;
2593 3548 2755 3602 Ἀλλά
2797 3550 2956 3621 χάρις
2981 3550 3191 3604 ἀνωθεν
3223 3553 3476 3622 ἐνήργει·
3502 3550 3653 3617 κάγω-

2100 3640 2165 3710 γέ
2199 3658 2362 3713 φημι,
2410 3641 2631 3695 πάντων
2670 3642 2928 3711 μάλιστα,
2963 3643 3124 3713 χάρις
3150 3643 3389 3709 ἄνωθεν,
3416 3643 3475 3697 οὐ
3496 3642 3651 3711 τέχνη.

2102 3734 2177 3787 Τὸ
2214 3735 2315 3805 μὲν
2345 3735 2456 3805 γὰρ
2488 3736 2553 3788 ὲκ
2583 3735 2806 3805 τέχνης,
2852 3734 3199 3807 ἀνθρώπινον
3244 3739 3342 3790 καὶ
3382 3735 3579 3790 κοινόν·
3606 3733 3655 3785 τὸ

2098 3824 2155 3881 δὲ
2178 3828 2244 3881 ἐκ
2276 3826 2518 3898 χάριτος,
2545 3827 2801 3898 οὐράνιον
2847 3826 2943 3881 καὶ
2976 3826 3089 3881 τῶν
3126 3828 3467 3883 ἀποστόλων.
3509 3827 3655 3898 Χάρις

2100 3920 2358 3991 ὲνήργειο
2398 3920 2517 3975 ἀλλ’
2561 3920 2696 3973 αὐτό
2735 3936 2800 3989 γε
2831 3919 2992 3975 τοῦτο
3033 3921 3259 3989 πρῶτον
3292 3920 3577 3993 ὲνεργοῦσα
3605 3920 3655 3971 τὸ

2104 4011 2270 4081 μηδὲν
2319 4010 2491 4082 αὐτῆς
2543 4012 2767 4079 ἀνάξιον
2814 4011 3154 4081 φθέγγεσθαι
3201 4014 3331 4077 τοὺς
3387 4012 3652 4083 ὑπηρέτας.

2101 4101 2235 4155 Οὐδὲ
2263 4103 2373 4176 γὰρ
2405 4103 2566 4159 τοῦτο
2597 4104 2925 4178 μικρότερον
2953 4106 3170 4173 ἐνάγειν
3200 4108 3331 4169 τοὺς
3362 4103 3656 4171 ἀνθεστηκό-

2099 4210 2200 4257 τας
2247 4196 2325 4258 ῖίς
2366 4195 2723 4267 συναίσθησιν
2768 4196 2871 4268 τῆς
2910 4197 3276 4268 ἐνισχυούσης
3313 4198 3507 4259 αὐτοὺς
3538 4190 3657 4264 ἀμά-

2100 4302 2196 4356 χου
2225 4285 2532 4357 ἓιυνάμεως.
2564 4288 2673 4341 Καὶ
2713 4288 2823 4359 γάρ
2859 4288 2966 4342 πού
3003 4306 3159 4360 φησι,
3199 4310 3217 4341 ι
3256 4288 3582 4360 Θεωροῦντες
3609 4285 3656 4336 δὲ

408 4373 709 4428 humanam
748 4374 1049 4429 excedebat
1081 4372 1499 4428 conditionem?
1538 4390 1707 4428 unum
1737 4376 1945 4430 scimus
1978 4394 1991 4429 :

2100 4379 2148 4430 οῖ
2188 4377 2431 4432 Ἰουδαῖοι
2478 4379 2577 4451 τὴν
2607 4379 2701 4433 τοῦ
2750 4379 2961 4451 Πέτρου
3010 4382 3334 4454 παρρησίαν
3375 4379 3469 4434 καὶ
3504 4378 3657 4432 Ἰωάν-

412 4485 433 4517 ι
462 4466 615 4533 Quod
649 4481 773 4521 cum
801 4464 930 4521 Jesu
962 4465 1234 4520 fuerant.)
1272 4463 1435 4520 Vides
1475 4475 1534 4520 ut
1580 4466 1634 4519 in
1668 4467 1990 4521 admiratio-

407 4574 530 4613 nem
568 4574 678 4612 non
727 4559 910 4613 minus
947 4574 1112 4629 quam
1162 4565 1375 4628 patrata
1406 4558 1460 4613 in
1498 4560 1781 4629 procinctu
1823 4561 1994 4616 mira-

406 4651 552 4719 cula,
581 4654 747 4707 etiam
803 4652 1079 4709 sermonis
1127 4652 1211 4708 vis
1251 4661 1307 4708 et
1348 4651 1580 4709 facultas
1609 4653 1798 4709 hostes
1841 4654 1994 4709 exci-

406 4738 581 4806 tavit;
632 4750 686 4793 et
733 4741 893 4794 modo
929 4740 1135 4794 vellent
1169 4740 1488 4797 adhibuisse
1520 4756 1855 4797 consensum
1884 4782 1898 4807 ,
1937 4744 1991 4796 in

408 4830 655 4885 veritatis
700 4829 1023 4885 adduxisset
1069 4832 1468 4902 cognitionem.
1515 4832 1621 4888 Sed
1668 4841 1725 4887 et
1773 4833 1994 4888 aliunde

408 4921 712 4991 perspicias
761 4922 890 4977 licet
933 4923 985 4977 in
1020 4932 1289 4992 quantum
1330 4924 1780 4997 dicendi‘corum
1824 4923 2000 4979 facul-

409 5022 575 5066 tatem
628 5015 969 5082 metuerint,
1002 5014 1268 5070 indictum
1321 5016 1454 5086 ipsis
1501 5026 1621 5072 erat
1668 5032 1737 5073 ne
1768 5018 1999 5073 omnino

407 5104 788 5175 praedicarent.
820 5106 961 5174 Quid
1010 5108 1162 5163 dices
1194 5108 1316 5163 hic?
1344 5111 1427 5163 An
1454 5109 1501 5165 'si
1535 5111 1785 5167 indoctus
1807 5112 1892 5167 vel
1920 5112 1999 5168 la-

405 5197 495 5253 bia
533 5202 768 5256 moverit
811 5202 911 5256 tibi
953 5200 1141 5257 statim
1179 5186 1660 5272 gloria'concidit,
1699 5213 1754 5261 et
1800 5205 1996 5276 dogma

482 5338 525 5371 "
556 5340 677 5395 Act.
708 5356 785 5407 tv,
816 5340 905 5396 15.

2103 4486 2221 4523 νου.
2252 4488 2270 4522 ι
2303 4469 2470 4524 Ποίαν
2489 4511 2504 4535 ,
2536 4471 2569 4543 ἦ
2593 4473 2693 4543 τὴν
2724 4474 2784 4526 ἐν
2816 4473 2999 4542 λόγοις
3020 4472 3294 4543 δηλονότι,
3313 4475 3383 4526 δι’
3411 4467 3483 4527 ὧν
3503 4472 3658 4530 αὐτοῖς

2101 4562 2193 4615 καὶ
2213 4564 2312 4633 τὴν
2333 4563 2686 4635 ἀναίσχυντον
2706 4566 2982 4636 ἐρώτησιν
3007 4567 3416 4639 ἐπεστόμισανς
3454 4561 3658 4628 Εἷτατίς

2107 4672 2125 4704 ι
2159 4653 2267 4706 Καὶ
2300 4655 2738 4726 καταλαϐόμενοι
2772 4658 2854 4711 ὅτι
2883 4658 3164 4730 ἄνθρωποι
3196 4659 3548 4732 ἀγράμματοί
3573 4658 3660 4708 εἰσι

2100 4747 2196 4799 καὶ
2237 4746 2469 4812 ἰδιῶται,
2498 4747 2829 4819 ἐθαύμαζον.
2870 4769 2889 4802 ι
2928 4751 3127 4814 Ἀλιεῖς
3161 4752 3385 4824 ὁρῶμεν
3413 4752 3557 4820 ﬁgam»
3580 4748 3659 4819 ῥή-

2099 4854 2262 4908 τορας
2294 4840 2664 4911 γραμμάτων,
2697 4842 2896 4913 τέχνην
2927 4844 3029 4897 οὐκ
3058 4843 3323 4915 ἔχοντας,
3374 4846 3467 4899 καὶ
3497 4840 3662 4911 σοφίαν

2096 4931 2326 5000 χειλέων
2356 4934 2712 5005 προχέοντας.
2741 4937 2806 4988 Τί
2838 4935 3026 5003 τοῦτο;
3054 4937 3229 4992 Πόθεν
3254 4939 3438 5001 αὐτοῖς
3461 4937 3525 4989 τά
3545 4932 3663 5000 ὑπὲρ

2095 5023 2384 5096 ἄνθρωπον
2418 5027 2827 5098 παραγέγονεν;
2865 5028 2964 5083 Ἓν
2993 5030 3177 5100 ἴσμεν,
3201 5048 3219 5081 ι
3255 5030 3382 5083 Ὅτι
3406 5029 3482 5098 τῷ
3512 5023 3662 5096 Ὶῃσῡῦ

2098 5117 2360 5188 συνῆσαν.
2396 5137 2416 5170 ι
2461 5118 2626 5190 Ὀρᾷς
2652 5119 2803 5183 ὅπως
2838 5120 2921 5183 εἰς
2967 5119 3153 5192 θαῦμα
3184 5122 3319 5185 τοὺς
3349 5120 3570 5193 ἐχθροὺς
3590 5119 3665 5168 οὐ·

2095 5209 2184 5262 δὲν
2233 5210 2458 5266 ἔλαττον
2490 5212 2584 5267 τοῦ
2632 5210 2786 5285 παρὰ
2838 5213 3009 5278 πόδας
3044 5208 3665 5288 τερατουργηθέντος,ἠ

1711 5488 1946 5549 VARl/E
1984 5493 2394 5556 LECTIONES.

516 5640 533 5668 ι
564 5631 652 5685 ἷσ.
701 5631 887 5687 αὐτόν.

992 5640 1015 5710 ς
1049 5629 1254 5710 ἔσχισε.
1533 5632 1754 5710 εσχησε.

405 5697 474 5756 C.
501 5700 573 5756 Μ.
604 5701 807 5769 ἄλλοις.
846 5780 851 5786 .

919 5711 944 5745 ν
987 5700 1154 5775 ἔχεινζ
1183 5704 1247 5761 C.
1283 5703 1354 5759 Μ.
1387 5700 1555 5777 εἶχεν.

1872 5639 1889 5674 ι
1924 5636 2304 5716 λογικώτεροι.
2346 5644 2408 5701 C.
2442 5644 2512 5724 Μ,
2573 5646 2701 5719 legit
2753 5651 2899 5722 quod
2940 5648 3099 5708 estin
3128 5657 3306 5707 textu.

3418 5657 3446 5687 ιι
3470 5645 3667 5701 ἄλλους.
