3846 6188
284 260 409 328 »581

313 468 471 540 εἴπερ
510 469 726 540 ἡθελον,
770 470 869 541 τῆς
895 472 1155 544 ἀληθείας
1199 472 1583 542 προεδίδαζεν.
1617 474 1760 545 Ὅρα
1798 477 1893 528 καὶ

323 561 593 632 ἑτέρωθεν
626 564 706 627 είς
732 564 857 618 ὅσον
884 564 1065 618 αὐτῶν
1089 566 1359 620 ἐδεδίεσαν
1391 564 1451 620 τὸ
1479 569 1536 620 ἐν
1564 567 1743 636 λόγοις
1767 567 1893 637 κρά-

314 670 427 716 τος.
451 653 839 724 Παρήγγειλαν
861 657 1045 721 αὐτοῖς
1068 658 1126 710 τὸ
1140 658 1263 711 καθ’
1284 658 1407 712 ὅλου
1433 658 1507 730 μὴ
1533 657 1891 729 φθέγγεσθαι.

322 745 391 798 Τί
419 745 635 815 λέγεις;
672 749 769 801 "Av
802 749 965 819 μόνον
1008 750 1160 821 χείλη
1190 750 1220 803 6
1252 751 1615 822 ἀγράμματος
1660 752 1890 829 κινήσῃ,

316 836 518 889 αὐτίκα
553 855 633 891 σοι
687 840 1023 910 μεταπίπτει
1060 842 1128 896 τὰ
1165 843 1266 913 τῆς
1310 842 1489 914 δόξης,
1520 844 1614 896 καὶ
1663 842 1894 896 παλαιὸν

311 926 459 980 οὕτω
498 927 676 999 δόγμα
719 930 819 1000 τῆς
873 934 1089 1004 μακρᾶς
1145 935 1503 1007 ἐπικρατείας
1536 934 1893 1002 ὑπεξίσταται

311 1018 391 1089 τῷ
440 1020 627 1093 ίδιώτῃ
675 1022 854 1094 λόγῳο
895 1025 991 1078 καὶ
1037 1025 1356 1096 μεθίσταται
1403 1027 1534 1093 λαὸς
1584 1028 1722 1098 πρδς
1770 1027 1894 1081 νέαν

311 1108 584 1180 γλῶτταν,
615 1117 643 1169 6
671 1116 992 1181 Μωσαῖκοῖς
1028 1118 1251 1189 θεσμοῖς
1281 1119 1755 1192 ἐντεθραμμένος,
1796 1117 1895 1173 καὶ

313 1200 417 1276 ζῇν
455 1206 552 1259 καὶ
584 1208 840 1279 θνήσκειν
868 1210 1006 1280 ιτρδς
1045 1209 1144 1281 τὴν
1174 1211 1402 1266 ἐκείνων
1430 1213 1765 1285 ἀρχαιότητα
1799 1230 1897 1265 κε-

313 1297 678 1369 κροτημένος.
699 1299 831 1365 Ναὶ,
867 1302 1065 1373 φησίν*
1097 1301 1158 1355 οὐ
1192 1302 1302 1373 γὰρ
1326 1304 1572 1358 ίδιωτικὰ
1595 1304 1624 1357 ὁ
1654 1305 1895 1374 ἰδιώτης,

311 1387 454 1443 ἀλλά
488 1390 683 1459 σοφίας
716 1392 939 1462 ῥήματα
972 1392 1269 1463 φθέγγεται
1291 1410 1306 1425 ο
1344 1394 1455 1449 οὐδ’
1478 1396 1561 1461 ὡς,
1593 1397 1897 1469 ἀγράμμα-

311 1493 426 1543 τος,
460 1479 737 1554 βάρϐαρα,
769 1485 884 1538 ἀλλ’
910 1484 987 1548 ὡς
1013 1485 1099 1539 διά
1131 1487 1313 1557 πάσης
1342 1487 1539 1557 τέχνης
1571 1488 1772 1553 ἐλάσας
1801 1507 1897 1543 κε-

311 1570 671 1642 χαριτωμένα
702 1573 799 1627 καὶ
828 1572 1068 1646 εὖσημαο
1088 1573 1205 1629 ἐστι
1229 1593 1313 1640 τις
1337 1576 1519 1632 αὐτῶν
1545 1579 1897 1652 ἐγκαθημένη

309 1659 425 1721 τοῖς
472 1660 712 1730 χείλεσιν
750 1661 992 1731 ἔμφυτος
1040 1663 1213 1718 πειθὼ
1238 1706 1253 1731 ,
1288 1665 1356 1719 δι’
1400 1659 1470 1739 ἦς
1504 1667 1599 1722 καὶ
1650 1669 1898 1741 ρητόρων

1190 230 1193 233 ’
1298 269 1397 329 AD
1423 268 2017 330 AMPHILOCHIUM
2064 269 2411 341 QUIESTIO
2452 272 2631 333 XCII.

312 376 421 431 τῶν
448 376 627 447 λόγων
659 376 815 450 ίσχῦς
852 377 1171 444 ἐξεκαλεῖτο
1197 420 1213 445 ,
1243 383 1341 437 καὶ
1391 382 1529 454 πρὸς
1577 383 1896 452 ἐπίγνωσιν,

2014 385 2138 439 ideo
2166 385 2453 455 antiquum
2482 402 2511 440 a
2546 388 2705 457 longe
2735 387 3277 458 obtentapotestate,
3314 401 3410 458 per
3431 388 3559 441 idio-

3466 274 3571 357 532

2000 483 2069 529 tte
2108 490 2417 531 sermonem
2457 478 2810 531 deturbatur?
2849 488 2903 533 et
2934 480 3169 553 populus
3195 478 3449 535 Mosaicis
3484 480 3567 531 in-

1992 567 2206 650 stitutis
2247 566 2545 624 innutritus
2570 610 2585 635 ,
2624 571 2830 639 quique
2862 572 3042 626 vivere
3085 581 3140 626 et
3181 572 3317 627 mori
3371 588 3573 627 secun-

2002 659 2131 712 dum
2182 674 2373 714 eorum
2418 662 2799 731 antiquitatem
2847 662 3181 733 gloriabatur
3208 705 3221 729 ,
3265 665 3331 721 ad
3377 680 3572 719 novam

2001 747 2242 818 linguam
2302 751 2615 823 transfugit.
2688 752 2975 809 Omnino:
3025 771 3133 809 non
3191 757 3336 829 enim
3403 758 3570 830 idiota

2003 837 2221 895 idiotice
2259 840 2533 911 loquitur,
2573 845 2667 901 sed
2700 846 2984 916 sapientire
3017 848 3219 912 verba;
3267 865 3366 902 nec
3402 857 3461 903 ut
3506 848 3577 902 il—

2001 932 2250 988 literatus
2282 934 2512 991 barbare
2545 937 2808 1008 loquitur,
2856 938 2948 993 sed
2987 949 3041 993 ut
3093 941 3186 1009 qui
3240 937 3334 1009 per
3381 957 3575 996 onnn-s

2001 1034 2145 1079 artes
2186 1028 2406 1093 meavit,
2442 1021 2683 1098 gratioso
2718 1041 2772 1085 et
2804 1031 2949 1095 facili
2982 1032 3255 1086 intellectu
3290 1051 3302 1087 :
3340 1047 3575 1101 quorum

2003 1114 2171 1171 labris
2214 1117 2412 1172 insidet
2452 1122 2719 1175 naturalis
2751 1103 3001 1189 quaedam
3038 1121 3211 1175 πειθὼ
3246 1127 3361 1194 (aut
3395 1141 3579 1179 suam;

2003 1204 2256 1275 medulla)
2282 1214 2337 1261 et
2368 1207 2650 1262 rhetorum
2681 1220 2890 1277 gentes,
2935 1226 2999 1263 ae
3036 1211 3331 1264 idiotarum
3366 1228 3579 1283 greges,

2002 1298 2236 1354 vinculis
2283 1298 2436 1354 velut
2479 1300 2861 1356 insolubilibus
2926 1303 3251 1366 constricti,
3297 1303 3363 1356 ad
3423 1304 3580 1366 illud,

2003 1389 2151 1460 quod
2181 1389 2313 1460 ipsis
2340 1393 2718 1457 annuntiatur,
2743 1394 3054 1448 trahuntur.
3077 1394 3156 1446 0b
3179 1396 3281 1447 hoc
3308 1395 3475 1463 igitur
3494 1395 3581 1448 dt-

2005 1496 2128 1536 eere
2181 1498 2305 1537 eum
2346 1481 2645 1553 prohibeo,
2683 1485 2827 1553 quod
2859 1486 3211 1556 paucissimis
3240 1486 3451 1551 verbis,
3490 1499 3584 1540 re-

2006 1572 2152 1629 lictis
2185 1576 2380 1644 patriis
2408 1576 2651 1631 moribus
2698 1577 2901 1631 multos
2938 1578 3097 1631 video
3132 1576 3197 1629 ad
3229 1592 3323 1631 eos
3362 1592 3419 1631 se
3446 1591 3585 1631 con-

2008 1662 2186 1729 ferre,
2230 1665 2306 1720 ita
2348 1676 2407 1722 ut
2444 1668 2607 1723 unico
2649 1667 2920 1722 interdum
2956 1683 3251 1739 congressu
3276 1712 3290 1735 ,
3336 1670 3587 1747 subdito-

312 1747 466 1819 ἔθνη,
515 1751 613 1803 καὶ
659 1751 890 1806 ἰδιωτῶν
936 1754 1155 1823 ἀγέλαι,
1200 1757 1389 1830 ῶσπερ
1432 1759 1651 1829 δεσμοῖς
1682 1760 1904 1825 ἀλύτοις

2014 1774 2131 1813 rum
2164 1744 2345 1815 locum
2396 1771 2447 1814 et
2482 1762 2877 1830 discipulorum
2922 1764 3252 1832 optimorum
3301 1744 3583 1833 impleant,

308 1838 559 1907 δεθέντα,
593 1844 731 1913 πρὸς
774 1843 837 1897 τὸ
871 1847 1278 1918 κηρυττόμενον
1314 1850 1501 1913 αὐτοῖς
1533 1850 1772 1905 ἕλκεται.
1805 1852 1906 1907 Διά

312 1931 474 1986 τοῦτο
522 1933 862 2004 φθέγγεσθαι
892 1937 1110 2002 κωλύω,
1140 1940 1222 1993 ὅτι
1268 1942 1511 2012 ῥήμασιν
1543 1942 1743 2010 ὀλίγοις
1772 1943 1907 1997 πολ-

312 2023 441 2088 λοὺς
468 2026 715 2095 ἀφέντας
743 2029 813 2082 τὰ
845 2031 1073 2102 πάτρια,
1113 2031 1387 2098 ἐκείνοιςκ
1427 2035 1542 2106 ὁρῶ
1574 2037 1906 2108 προσχωρή-

316 2134 549 2183 σαντας,
584 2120 667 2173 ὅτι
704 2123 802 2193 μιᾷ
834 2123 1096 2188 πολλάκις
1122 2125 1335 2197 ὁμιλίᾳ,
1366 2128 1615 2191 καὶτοὺς
1649 2127 1746 2182 σὺν
1774 2130 1906 2199 ἡμῖν

315 2209 584 2265 ἑκάστοτε
611 2215 731 2266 κατ’
768 2215 952 2269 αὐτῶν
981 2217 1306 2288 ἱσταμένους
1339 2220 1434 2271 καὶ
1460 2219 1908 2290 πολεμιωτάτους

314 2299 504 2364 ὄντας,
537 2301 635 2355 νῦν
683 2302 942 2375 ὑπηκόων
986 2305 1096 2375 ἔχει
1131 2308 1225 2360 καὶ
1257 2308 1516 2381 μαθητῶν
1549 2310 1907 2379 εὐγνωμόνων

314 2392 495 2459 τάξις.
532 2395 706 2449 τοῦτό
747 2410 815 2468 με
847 2399 1007 2468 σιγᾷν
1048 2399 1246 2464 αὐτοὺς
1277 2402 1589 2456 ἐπιτάττειν
1625 2403 1910 2475 περιίστη-

317 2496 408 2538 σιν
444 2487 530 2549 εἰς
559 2487 842 2557 ἀνάγκην·
886 2489 976 2542 διὰ
1007 2490 1168 2543 τοῦτο
1210 2492 1345 2562 μηδὲ
1382 2494 1557 2564 στόμα
1593 2494 1770 2566 αἴρειν
1805 2495 1907 2548 οὐκ

315 2576 626 2647 ἐπιτρέπω,
665 2578 753 2633 διὰ
780 2579 882 2651 τὴν
914 2582 972 2633 ἐν
1015 2580 1197 2651 λόγοις
1230 2584 1567 2656 παρρησίαν,
1603 2587 1702 2656 τὴν
1729 2584 1906 2658 ίσχὺν,

313 2667 420 2740 τὴν
452 2670 693 2739 ἔμφυτον
722 2671 1106 2743 πειθανότητα.
1139 2674 1279 2735 Ἰδες
1305 2676 1434 2737 τοὺς
1472 2676 1761 2741 Ἰουδαίους
1786 2674 1909 2732 ὅσον

313 2762 343 2815 ὁ
369 2761 703 2827 διδάσκαλος
733 2762 845 2817 τῶν
873 2764 1188 2819 ἀποστόλων
1219 2766 1377 2835 λόγος
1411 2767 1781 2840 ὑποπτήσσειν
1815 2773 1910 2826 καὶ

315 2853 786 2925 καταπεπλῆχθαι
845 2858 1277 2926 παρεσκεύαζε’
1326 2860 1502 2914 καίτοι
1559 2860 1758 2933 Παύλῳ
1806 2882 1908 2916 πε-

315 2946 648 3017 ρισσότερον
673 2950 705 3019 ἡ
736 2949 962 3019 τοιαύτη
988 2952 1401 3025 περιήστραπτε
1436 2953 1617 3025 χάρις.
1641 2954 1828 3009 Βούλει
1851 2955 1907 3011 δέ

318 3048 415 3089 σοι
442 3035 539 3089 τὸν
563 3039 865 3107 κορυφαῖον
888 3039 1145 3109 καλῶμεν
1179 3043 1433 3113 μάρτυρα
1458 3043 1558 3114 τῆς
1581 3044 1808 3116 ἐνούσης
1830 3044 1908 3117 τῷ

293 3128 483 3201 ’ἀνδρὶ
532 3133 761 3201 σοφίας;
818 3150 838 3185 ι
868 3133 1104 3200 Καθὼς,
1152 3137 1339 3206 φησιν,
1394 3138 1423 3189 6
1473 3139 1705 3208 ἀδελφὸς
1749 3140 1908 3212 ἡμῶν

318 3222 543 3287 Παῦλος
596 3225 741 3279 κατά
770 3226 870 3298 τὴν
905 3228 1153 3281 δοθεῖσαν
1193 3230 1343 3301 αὐτῷ
1372 3233 1566 3301 σοφίαν
1612 3232 1850 3305 ἔγραψε-
1882 3252 1900 3286 ι

313 3315 499 3387 δῶρον
551 3308 697 3371 θεῖον
735 3318 836 3392 τὴν
884 3320 1097 3373 Παύλου
1128 3323 1323 3391 σοφίαν
1350 3324 1444 3376 καὶ
1475 3323 1633 3387 εἰδὼς
1666 3326 1763 3378 καὶ
1795 3325 1909 3378 δια-

320 3410 766 3481 μαρτυρόμενος.
797 3407 953 3477 Εἶτα,
989 3413 1084 3466 καὶ
1128 3412 1190 3467 τὸ
1234 3414 1374 3485 βαθὺ
1426 3417 1521 3471 καὶ
1563 3418 1764 3472 πυκνὸν
1801 3418 1910 3471 τῶν

315 3502 734 3573 γεγραμμένων
779 3500 893 3556 οἷον
943 3503 1290 3569 ἀποθειάζων
1344 3506 1437 3560 καὶ
1486 3503 1906 3579 ἐξυμνούμενος,

325 3610 345 3645 ‹
378 3590 477 3645 Ἐν
506 3588 587 3655 οἷς
618 3592 757 3659 ἐστι,
780 3594 936 3665 φησὶ,
958 3594 1229 3665 δυσνόητά
1250 3613 1424 3649 τινα.»
1446 3596 1680 3650 Ὠσανεί·
1711 3599 1911 3664 Φρενὸς

306 3684 507 3750 ηόξείας
539 3684 734 3750 δεῖται,
785 3685 960 3756 ῥοπῆς
1008 3684 1183 3749 θείας,
1236 3687 1418 3755 σοφῶν
1466 3687 1746 3758 μαθητῶν,
1790 3706 1913 3741 συν-

319 3777 497 3832 έσεως
530 3774 825 3846 σταθερᾶς,
857 3779 886 3831 6
912 3776 1023 3829 τῶν
1054 3778 1402 3848 γραμμάτων
1437 3779 1650 3834 Παύλου
1683 3781 1909 3852 θεωρός.

318 3868 421 3921 Διά
444 3868 609 3921 τοῦτο
633 3870 683 3923 οί
714 3869 947 3939 ἀμαθεῖς
971 3871 1065 3924 καὶ
1094 3872 1439 3943 ἀστήρικτοι,
1473 3874 1610 3946 «pb;
1632 3874 1707 3945 τῷ
1741 3876 1912 3945 μηδὲν

318 3957 637 4029 κερδαίνειν
681 3962 774 4014 καὶ
820 3963 962 4030 σφᾶς
1009 3963 1209 4027 αὐτοὺς
1253 3962 1692 4033 διασφάλλοντες,
1748 3984 1915 4038 προσ-

320 4051 684 4107 απόλλυνται.
721 4054 781 4107 Εἰ
808 4053 865 4107 δὲ
897 4053 994 4108 καὶ
1019 4056 1301 4124 γλωσσῶν,
1345 4059 1373 4111 6
1399 4058 1629 4124 Παῦλος,
1667 4053 1756 4123 αἷς
1787 4060 1912 4130 μηδ’

320 4144 597 4199 ἐνείθιστο
616 4188 631 4212 ,
674 4146 798 4217 μηδ’
828 4147 908 4210 είς
937 4146 1107 4218 ἀκοῆς
1143 4150 1342 4218 ἀφῖκτο
1373 4152 1588 4222 πεῖραν,
1623 4150 1723 4221 τὴν
1753 4152 1913 4223 χάριν

320 4238 618 4293 ἐπλούτειο
668 4239 772 4291 κάν
820 4239 1069 4307 ταύταις,
1118 4241 1295 4296 οὐδενὶ
1342 4243 1452 4296 τῶν
1496 4247 1783 4316 πρωτείων
1827 4242 1914 4311 ἐξ·

326 4330 553 4386 ίστατοο
591 4348 611 4383 ι
656 4332 976 4403 Εὑχαριστῶ
1010 4333 1120 4405 γὰρ
1151 4333 1229 4406 τῷ
1257 4334 1376 4407 Θεῷ
1410 4354 1535 4407 μου,
1584 4340 1748 4409 φησὶ,
1782 4340 1915 4393 πάνυ
1954 4352 1959 4356 ‘

320 4440 435 4479 των
465 4425 677 4495 μᾶλλον
716 4423 989 4493 γλώσσαις
1014 4422 1193 4481 λαλῶν
1216 4443 1232 4459 ο
1261 4448 1281 4481 ι
1333 4431 1384 4482 εί
1428 4430 1609 4483 τοίνυν
1654 4432 1757 4483 κάν
1800 4431 1909 4495 τοῖς

323 4516 590 4586 ἐκφύλοις
635 4516 911 4584 γλώσσαις
940 4518 1154 4590 ἄμαχον
1192 4514 1306 4591 εἶχε
1332 4520 1394 4572 τδ
1436 4523 1657 4591 κράτος,
1693 4520 1791 4589 τῆς
1819 4525 1912 4577 τοῦ

324 4609 653 4679 Πνεύματος
669 4610 832 4663 αὑτὸν
851 4609 1176 4681 σοφιζούσης
1195 4610 1437 4675 ἐπινοίας
1454 4616 1501 4674 3‘,
1532 4613 1650 4676 πῶς
1668 4613 1734 4667 ἂν
1752 4612 1918 4668 αὑτὸν

322 4702 671 4773 διαφθείρειν
699 4703 856 4772 λόγος
882 4704 976 4757 καὶ
1019 4704 1139 4757 τότε
1187 4699 1355 4759 οὖσαν
1382 4705 1546 4759 ἐθάδα
1569 4706 1777 4773 δέξαιτο
1818 4707 1919 4780 τὴν

332 4793 601 4847 Ἐλλάδτν
638 4795 733 4849 καὶ
764 4794 832 4849 δι’
863 4786 938 4849 ὧν
978 4795 1206 4859 πολλοὺς
1249 4795 1473 4867 ἔμελλον
1519 4799 1598 4861 είς
1636 4798 1919 4851 εὐσέϐειαν

325 4887 609 4957 αἱρήσειν,
662 4889 721 4941 ἐν
761 4885 990 4950 ταύταις
1042 4886 1101 4941 τὸ
1139 4888 1415 4960 ἀριστεῖον
1444 4887 1621 4960 ἔχειν’
1666 4889 1734 4943 δι’
1765 4884 1833 4961 ἦς
1863 4889 1922 4943 δὲ

327 4977 522 5048 σχεδὸν
589 4977 839 5042 ἅπαντας
906 4980 1230 5053 ἀνθρώπους
1257 5022 1272 5047 ,
1334 4982 1391 5034 ἐν
1446 4981 1621 5055 ταύτῃ
1686 4980 1922 5049 γέλωτος

329 5072 517 5124 αἰτίαν
545 5073 641 5125 καὶ
666 5073 863 5143 χλεύης
896 5074 1192 5146 παρέχεινς
1232 5074 1326 5127 καὶ
1360 5075 1467 5144 μὴν
1501 5075 1598 5145 οὐχ
1636 5074 1808 5138 οὕτως
1836 5072 1922 5128 εύ-

330 5160 505 5232 χερὴς
535 5165 614 5225 είς
645 5160 856 5232 λόγους,
889 5164 1011 5218 οὐδὲ
1052 5167 1166 5228 τοῖς
1208 5160 1421 5235 ἐχθροῖς
1456 5164 1759 5235 ἐνομίζετο,
1802 5165 1838 5219 ἀ
1866 5164 1922 5219 δὲ

332 5254 453 5316 τοῖς
487 5253 701 5325 ἐχθροῖς
753 5256 831 5319 εἰς
862 5254 1083 5309 ἔπαινον
1119 5257 1222 5327 δρᾷ
1259 5254 1592 5328 μαρτυρίας,
1627 5255 1728 5308 οὐκ
1768 5254 1917 5310 ἐστιν

414 5408 465 5443 ⁸⁸
489 5409 555 5467 ll.
583 5413 731 5470 Petr.
758 5427 843 5469 tu.
887 5412 973 5468 15.
1050 5413 1094 5446 ⁸³
1120 5411 1256 5468 ibid.
1300 5411 1388 5468 16.
1453 5414 1496 5445 ¹⁶
1525 5411 1568 5469 Ι.
1608 5410 1737 5466 Cor.
1766 5425 1881 5477 xw,
1916 5411 2003 5465 18.

2010 1851 2103 1923 qui
2147 1850 2486 1907 infestissimi
2531 1854 2685 1922 prius
2741 1854 2891 1923 ipsos
2948 1856 3404 1909 circumstabant.
3459 1854 3587 1909 llaec

2009 1955 2098 1996 me
2136 1944 2460 1997 necessitate
2498 1958 2564 1997 eo
2594 1944 2822 2013 adigunt
2848 1982 2863 2010 ,
2906 1954 2961 1997 ut
3005 1945 3278 2000 silentium
3317 1946 3448 2015 ipsis
3479 1946 3586 1999 im-

2010 2049 2210 2104 ponam
2252 2051 2266 2088 ι
2304 2049 2364 2088 ea
2398 2043 2617 2105 propter
2666 2052 2772 2090 non
2806 2038 3094 2106 permitto,
3137 2040 3217 2091 vel
3259 2053 3320 2089 os
3349 2039 3585 2107 aperire,

2010 2122 2137 2192 quia
2170 2123 2277 2176 vim
2307 2123 2519 2177 dicendi
2553 2124 2774 2178 liberam
2803 2167 2815 2190 ,
2852 2133 2905 2180 et
2952 2128 3179 2197 gratiam
3223 2127 3585 2195 persuadendi

2011 2210 2369 2264 inluerentem
2422 2210 2675 2266 habeant.
2719 2208 2883 2266 Vides
2909 2223 3174 2282 quantmn
3221 2214 3587 2269 didasi-alicas

2023 2301 2396 2372 apostolorum
2432 2318 2610 2356 sermo
2634 2302 2853 2357 Judzeos
2893 2300 3100 2358 terrore.
3138 2313 3190 2359 et
3225 2316 3369 2358 metu
3405 2307 3588 2374 reple-

2016 2393 2197 2457 verit,
2234 2392 2326 2462 qui
2369 2402 2549 2447 tamen
2583 2394 2809 2448 l'aulutn
2852 2395 3223 2449 abundantius
3262 2396 3588 2451 circumful-

2012 2480 2192 2555 gebat.
2220 2483 2400 2540 Unum
2429 2485 2535 2539 huc
2557 2494 2747 2540 testem
2773 2487 2991 2540 citatum
3007 2488 3196 2546 sistam
3219 2489 3587 2559 coryphaeum,

2014 2575 2299 2645 sapientiae
2341 2591 2463 2645 quae
2492 2575 2663 2631 Paulo
2694 2576 2889 2632 inerat.
2924 2597 2943 2631 ι
2980 2577 3471 2646 Quemadmodum,
3507 2580 3590 2633 iu-

2015 2666 2134 2729 quit
2166 2665 2361 2721 Petrus
2388 2707 2403 2732 ,
2441 2668 2609 2723 frater
2643 2678 2829 2723 noster
2857 2668 3059 2723 Paulus
3090 2709 3106 2736 ,
3134 2670 3290 2740 juxta
3318 2668 3421 2740 ipsi
3454 2686 3593 2724 con-

2013 2772 2223 2814 cessam
2268 2761 2630 2830 sapientiam,
2660 2759 2957 2829 scripsit“.
3009 2762 3072 2817 Et
3112 2764 3301 2829 scivit,
3341 2771 3395 2818 et
3425 2779 3593 2833 agno-

2014 2850 2092 2903 vit
2156 2850 2481 2921 sapientiam
2544 2850 2733 2917 Pauli,
2798 2852 2890 2907 Dei
2952 2852 3119 2907 fuisse
3176 2854 3400 2908 douttm.
3449 2849 3591 2909 Tum

2017 2942 2186 2998 veluti
2220 2945 2580 3008 eanonizans,
2609 2954 2664 2999 et
2697 2945 2843 3000 omni
2877 2947 3151 3014 prmconio
3179 2946 3429 3012 efferens,
3465 2962 3594 3016 pro-

2018 3035 2343 3091 funditatem
2378 3048 2433 3091 et
2466 3037 2793 3092 densitatem
2828 3039 3002 3107 ipsius
3035 3054 3374 3105 sermonum,
3407 3039 3592 3094 addit:

1936 3105 1984 3168 c
2023 3127 2108 3182 «In
2133 3129 2333 3198 quibus
2356 3139 2484 3184 sunt
2508 3132 2754 3200 quaedam
2785 3105 2926 3185 haud
2953 3132 3113 3187 facile
3136 3131 3586 3201 intelligenda”.i

2017 3218 2183 3287 Quasi
2217 3223 2423 3276 diceret
2451 3263 2466 3284 ,
2510 3223 2696 3276 animo
2736 3237 2873 3293 opus
2922 3230 3006 3277 est
3041 3220 3203 3277 celeri
3242 3222 3595 3277 inclinatione

2015 3313 2222 3379 divina,
2259 3315 2542 3385 discipulis
2568 3314 3002 3387 intelligentibus
3025 3355 3039 3381 ,
3071 3316 3357 3387 prudentia
3386 3315 3593 3379 stabili,

2016 3405 2059 3460 si
2089 3408 2212 3478 quis
2249 3408 2435 3463 rimari
2467 3424 2526 3463 ea
2556 3408 2723 3473 velit,
2755 3426 2877 3481 quae
2906 3409 3131 3480 scripsit
3169 3407 3394 3465 Paulus.
3448 3409 3597 3477 Quo-

2016 3500 2164 3555 circa
2198 3500 2447 3557 indoctos
2476 3511 2529 3557 et
2560 3502 2862 3569 instabiles,
2895 3518 3021 3558 cum
3056 3503 3189 3558 nihil
3213 3504 3482 3573 ejusmodi
3507 3520 3597 3556 ac-

2018 3591 2260 3660 qnirant,
2298 3590 2508 3663 seipsos
2539 3592 2853 3664 decipiunt,
2888 3606 2943 3650 et
2970 3611 3066 3666 per
3102 3596 3317 3650 ruinam
3345 3605 3596 3664 pereunt.

2021 3683 2077 3737 Si
2110 3682 2422 3753 linguarum
2458 3684 2694 3755 requiris
2725 3688 3033 3755 scientiam,
3064 3684 3269 3744 Paulus
3302 3689 3392 3742 illa
3424 3690 3596 3758 gratia

2020 3776 2321 3831 ornabatur
2367 3791 2381 3831 :
2415 3778 2579 3831 etiam
2622 3776 2675 3832 in
2730 3778 2797 3833 iis
2829 3780 3029 3849 quibus
3071 3766 3175 3835 nec
3207 3781 3597 3835 assnefeeerat.

2022 3883 2123 3923 nec
2167 3884 2290 3937 qua:
2332 3868 2496 3922 fando
2524 3883 2813 3939 acceperat
2859 3888 2873 3925 :
2916 3870 3198 3938 «Gratias,
3232 3857 3444 3942 inquit,
3489 3872 3599 3927 Deo

2022 3976 2143 4013 mco
2174 3976 2295 4030 ago,
2332 3961 2533 4030 linguis
2564 3963 2737 4033 magis
2764 3963 3022 4019 omnibus
3054 3962 3250 4032 loquor
3274 3964 3371 4018 ".D
3412 3963 3467 4018 Si
3501 3964 3601 4036 igi-

2021 4061 2340 4107 turtantam
2363 4053 2598 4108 habebat
2623 4054 2935 4109 facultatem
2967 4055 3019 4108 in
3048 4055 3248 4125 linguis
3272 4054 3599 4126 peregrinis,

2021 4145 2147 4199 dum
2166 4142 2403 4214 Spiritus
2421 4144 2601 4199 afflatu
2627 4145 3008 4211 instrueretur,
3033 4147 3308 4216 quomodo
3331 4146 3413 4202 vel
3437 4147 3601 4201 ratio-

2023 4239 2276 4295 nabiliter
2300 4239 2526 4308 COgitari
2545 4240 2768 4311 poterit,
2803 4254 2928 4295 eum
2958 4240 3202 4311 linguam
3229 4242 3600 4306 vernaculam,

2022 4346 2145 4403 quae
2189 4332 2373 4388 Graeca
2409 4332 2605 4400 fuerat,
2640 4334 2953 4402 corrupisse
2986 4353 3001 4390 :
3035 4343 3096 4387 ut
3144 4335 3195 4389 in
3228 4335 3428 4404 quibus
3458 4335 3601 4389 haud

2022 4440 2153 4479 sane
2184 4424 2385 4479 multos
2415 4425 2672 4481 inducere
2707 4426 3002 4495 poteratad
3034 4427 3311 4497 pietatem,
3347 4426 3418 4480 ibi
3452 4426 3604 4496 prin-

2024 4523 2262 4593 cipatum
2295 4521 2605 4576 obtineret:
2666 4522 2756 4575 ubi
2790 4537 2918 4576 vero
2971 4537 3162 4577 omnes
3188 4520 3299 4575 fere
3352 4521 3603 4577 homines

2027 4618 2366 4676 convertere,
2404 4610 2477 4663 ibi
2513 4609 2658 4665 risus
2705 4618 2759 4664 et
2806 4609 3080 4664 irrisionis
3110 4609 3392 4665 materiem
3448 4612 3604 4665 exhi-

2028 4704 2199 4758 beret.
2231 4699 2486 4767 Omnino,
2539 4716 2606 4756 ne
2632 4700 2849 4769 quidem
2895 4702 2963 4755 ab
3001 4701 3238 4758 inimicis
3290 4702 3407 4758 suis
3459 4700 3602 4755 haud

2025 4794 2099 4849 ita
2144 4809 2397 4850 sermone
2426 4794 2853 4864 contemptibilis
2905 4794 3229 4866 habebatur.
3265 4794 3396 4860 Qua:
3422 4782 3605 4859 autem

2026 4887 2298 4957 quispiam
2356 4884 2659 4940 intuebitur
2699 4887 2750 4939 in
2803 4887 3018 4942 laudem
3072 4886 3316 4958 martyrii
3359 4885 3605 4948 tendere,

2027 4986 2251 5031 nonest
2310 4992 2408 5032 cur
2448 4974 2647 5047 aliquis
2702 4977 2958 5042 declinet,
3015 4977 3141 5033 licet
3206 4992 3434 5047 magnos
3502 4976 3609 5032 sibi

2031 5077 2282 5123 assumat
2330 5068 2576 5137 spiritus,
2604 5078 2656 5123 et
2683 5084 2779 5139 per
2809 5070 2993 5124 omnia
3023 5070 3154 5125 velit
3205 5084 3332 5124 esse
3377 5075 3610 5122 conten-

2039 5161 2217 5214 tiosus
2248 5178 2261 5213 :
2292 5169 2347 5215 ct
2395 5160 2483 5216 hic
2529 5178 2713 5217 mcum
2750 5160 2872 5216 vide
2925 5162 3300 5218 testimonium
3334 5178 3347 5213 :
3378 5158 3608 5212 Sitiel:at

2027 5252 2181 5311 Pauli
2214 5254 2535 5325 sanguinem
2567 5254 2880 5310 Judarorum
2902 5254 3050 5310 natio
3079 5272 3092 5309 :
3135 5255 3224 5310 ille
3264 5250 3467 5307 lumine
3497 5264 3610 5304 ca:-

1645 5560 1882 5620 ὛΑΒΙᾸΕ
1914 5563 2326 5620 LECTIONES-

456 5710 487 5743 ³
524 5705 739 5777 ἐκείνῳ.
775 5704 836 5763 C.
869 5704 938 5761 Μ.
973 5702 1223 5768 ἐκείνοις.

1338 5711 1365 5751 7
1400 5701 1705 5767 ἐπιπνοίας.
1743 5702 1804 5759 C.
1840 5698 1909 5757 Μ.
1944 5703 2209 5766 ἐπινοίας.
