  <div class='ocr_page' id='page_1' title='image "/cluster/home/n/w/nwhite01/storage/ocr_20150623/101 pt.1/mdp.39015061955830/314.png"; bbox 0 0 3846 6188; ppageno 0'>
   <div class='ocr_carea' id='block_1_1' title="bbox 337 174 448 239">
    <p class='ocr_par' dir='ltr' id='par_1_1' title="bbox 337 174 448 239">
     <span class='ocr_line' id='line_1_1' title="bbox 337 174 448 239; baseline -0.009 0"><span class='ocrx_word' id='word_1_1' title='bbox 337 174 448 239; x_wconf 84' lang='grc'><strong>585</strong></span> 
     </span>
    </p>
   </div>
   <div class='ocr_carea' id='block_1_2' title="bbox 1242 154 2620 249">
    <p class='ocr_par' dir='ltr' id='par_1_2' title="bbox 1242 154 2620 249">
     <span class='ocr_line' id='line_1_2' title="bbox 1242 154 2620 249; baseline 0.001 -13"><span class='ocrx_word' id='word_1_2' title='bbox 1242 154 1247 162; x_wconf 86' lang='grc'><em>’</em></span> <span class='ocrx_word' id='word_1_3' title='bbox 1299 178 1401 238; x_wconf 82' lang='lat' dir='ltr'><strong>AD</strong></span> <span class='ocrx_word' id='word_1_4' title='bbox 1438 176 2033 239; x_wconf 82' lang='lat' dir='ltr'><strong>AMPHILOCHIUM</strong></span> <span class='ocrx_word' id='word_1_5' title='bbox 2069 174 2413 249; x_wconf 74' lang='lat' dir='ltr'><strong>QILESTIO</strong></span> <span class='ocrx_word' id='word_1_6' title='bbox 2442 177 2620 237; x_wconf 82' lang='lat' dir='ltr'><strong>XCIL</strong></span> 
     </span>
    </p>
   </div>
   <div class='ocr_carea' id='block_1_3' title="bbox 3503 178 3612 245">
    <p class='ocr_par' dir='ltr' id='par_1_3' title="bbox 3503 178 3612 245">
     <span class='ocr_line' id='line_1_3' title="bbox 3503 178 3612 245; baseline 0 0"><span class='ocrx_word' id='word_1_7' title='bbox 3503 178 3612 245; x_wconf 75' lang='lat'><strong>586</strong></span> 
     </span>
    </p>
   </div>
   <div class='ocr_carea' id='block_1_4' title="bbox 336 282 1927 359">
    <p class='ocr_par' dir='ltr' id='par_1_4' title="bbox 336 282 1916 359">
     <span class='ocr_line' id='line_1_4' title="bbox 336 282 1916 359; baseline 0.002 -21"><span class='ocrx_word' id='word_1_8' title='bbox 336 301 513 359; x_wconf 85' lang='grc' dir='ltr'><strong>σημος</strong></span> <span class='ocrx_word' id='word_1_9' title='bbox 536 282 595 339; x_wconf 74' lang='grc' dir='ltr'><strong>δὲ</strong></span> <span class='ocrx_word' id='word_1_10' title='bbox 622 284 711 339; x_wconf 81' lang='grc' dir='ltr'><strong>διὰ</strong></span> <span class='ocrx_word' id='word_1_11' title='bbox 738 286 849 339; x_wconf 88' lang='grc' dir='ltr'><strong>τῶν</strong></span> <span class='ocrx_word' id='word_1_12' title='bbox 878 285 1158 356; x_wconf 82' lang='grc' dir='ltr'><strong>συγγενῶν</strong></span> <span class='ocrx_word' id='word_1_13' title='bbox 1179 289 1467 357; x_wconf 74' lang='grc' dir='ltr'><strong>νοημάτων</strong></span> <span class='ocrx_word' id='word_1_14' title='bbox 1502 286 1601 358; x_wconf 75' lang='grc' dir='ltr'><strong>τὴν</strong></span> <span class='ocrx_word' id='word_1_15' title='bbox 1634 286 1744 340; x_wconf 88' lang='grc' dir='ltr'><strong>τῶν</strong></span> <span class='ocrx_word' id='word_1_16' title='bbox 1772 303 1916 359; x_wconf 87' lang='grc' dir='ltr'><strong>πρα-</strong></span> 
     </span>
    </p>
   </div>
   <div class='ocr_carea' id='block_1_5' title="bbox 2031 282 3610 359">
    <p class='ocr_par' dir='ltr' id='par_1_5' title="bbox 2031 284 3610 356">
     <span class='ocr_line' id='line_1_5' title="bbox 2031 284 3610 356; baseline 0.004 -16"><span class='ocrx_word' id='word_1_17' title='bbox 2031 286 2109 349; x_wconf 76' lang='lat' dir='ltr'><strong>tit,</strong></span> <span class='ocrx_word' id='word_1_18' title='bbox 2144 284 2377 356; x_wconf 82' lang='lat' dir='ltr'><strong>mystico</strong></span> <span class='ocrx_word' id='word_1_19' title='bbox 2402 301 2576 351; x_wconf 90' lang='lat' dir='ltr'><strong>more,</strong></span> <span class='ocrx_word' id='word_1_20' title='bbox 2606 294 2662 341; x_wconf 92' lang='lat' dir='ltr'><strong>et</strong></span> <span class='ocrx_word' id='word_1_21' title='bbox 2683 284 3070 343; x_wconf 82' lang='lat' dir='ltr'><strong>sacramentali</strong></span> <span class='ocrx_word' id='word_1_22' title='bbox 3098 287 3302 343; x_wconf 87' lang='lat' dir='ltr'><strong>revelat</strong></span> <span class='ocrx_word' id='word_1_23' title='bbox 3323 287 3610 355; x_wconf 85' lang='lat' dir='ltr'><strong>veritatem</strong></span> 
     </span>
    </p>
   </div>
   <div class='ocr_carea' id='block_1_6' title="bbox 344 372 1919 450">
    <p class='ocr_par' dir='ltr' id='par_1_6' title="bbox 344 372 1919 450">
     <span class='ocr_line' id='line_1_6' title="bbox 344 372 1919 450; baseline 0.003 -22"><span class='ocrx_word' id='word_1_24' title='bbox 344 376 568 446; x_wconf 72' lang='grc' dir='ltr'><strong>(μάτων</strong></span> <span class='ocrx_word' id='word_1_25' title='bbox 601 375 764 447; x_wconf 85' lang='grc' dir='ltr'><strong>φύσιν</strong></span> <span class='ocrx_word' id='word_1_26' title='bbox 787 372 1174 444; x_wconf 82' lang='grc' dir='ltr'><strong>ἀναπτύσσειν,</strong></span> <span class='ocrx_word' id='word_1_27' title='bbox 1206 377 1303 433; x_wconf 76' lang='grc' dir='ltr'><strong>καὶ</strong></span> <span class='ocrx_word' id='word_1_28' title='bbox 1330 378 1385 432; x_wconf 84' lang='grc' dir='ltr'><strong>εῐ</strong></span> <span class='ocrx_word' id='word_1_29' title='bbox 1412 395 1515 431; x_wconf 88' lang='grc' dir='ltr'><strong>που</strong></span> <span class='ocrx_word' id='word_1_30' title='bbox 1544 377 1707 450; x_wconf 80' lang='grc' dir='ltr'><strong>χρεία</strong></span> <span class='ocrx_word' id='word_1_31' title='bbox 1739 378 1919 449; x_wconf 82' lang='grc' dir='ltr'><strong>ἐμφά-</strong></span> 
     </span>
    </p>
   </div>
   <div class='ocr_carea' id='block_1_7' title="bbox 333 460 1920 539">
    <p class='ocr_par' dir='ltr' id='par_1_7' title="bbox 333 460 1920 539">
     <span class='ocr_line' id='line_1_7' title="bbox 333 460 1920 539; baseline 0.002 -19"><span class='ocrx_word' id='word_1_32' title='bbox 333 482 497 533; x_wconf 90' lang='grc' dir='ltr'><strong>σεως,</strong></span> <span class='ocrx_word' id='word_1_33' title='bbox 530 467 813 538; x_wconf 76' lang='grc' dir='ltr'><strong>μυστικῶς</strong></span> <span class='ocrx_word' id='word_1_34' title='bbox 843 464 904 523; x_wconf 77' lang='grc' dir='ltr'><strong>εὖ</strong></span> <span class='ocrx_word' id='word_1_35' title='bbox 937 468 1083 539; x_wconf 83' lang='grc' dir='ltr'><strong>μάλα</strong></span> <span class='ocrx_word' id='word_1_36' title='bbox 1130 469 1227 523; x_wconf 76' lang='grc' dir='ltr'><strong>καὶ</strong></span> <span class='ocrx_word' id='word_1_37' title='bbox 1272 460 1603 532; x_wconf 84' lang='grc' dir='ltr'><strong>τελεστικῶς</strong></span> <span class='ocrx_word' id='word_1_38' title='bbox 1642 469 1920 526; x_wconf 85' lang='grc' dir='ltr'><strong>ἀνακαλύ-</strong></span> 
     </span>
    </p>
   </div>
   <div class='ocr_carea' id='block_1_8' title="bbox 332 558 1922 633">
    <p class='ocr_par' dir='ltr' id='par_1_8' title="bbox 332 558 1922 633">
     <span class='ocr_line' id='line_1_8' title="bbox 332 558 1922 633; baseline 0.002 -21"><span class='ocrx_word' id='word_1_39' title='bbox 332 574 496 612; x_wconf 81' lang='grc' dir='ltr'><strong>πτειν</strong></span> <span class='ocrx_word' id='word_1_40' title='bbox 540 558 642 631; x_wconf 81' lang='grc' dir='ltr'><strong>τὴν</strong></span> <span class='ocrx_word' id='word_1_41' title='bbox 684 559 795 614; x_wconf 87' lang='grc' dir='ltr'><strong>τῶν</strong></span> <span class='ocrx_word' id='word_1_42' title='bbox 839 562 1241 633; x_wconf 77' lang='grc' dir='ltr'><strong>κεκρυμμένων</strong></span> <span class='ocrx_word' id='word_1_43' title='bbox 1278 560 1557 632; x_wconf 83' lang='grc' dir='ltr'><strong>ἀλήθειαν.</strong></span> <span class='ocrx_word' id='word_1_44' title='bbox 1591 560 1780 616; x_wconf 82' lang='grc' dir='ltr'><strong>Ταῦτα</strong></span> <span class='ocrx_word' id='word_1_45' title='bbox 1822 561 1922 631; x_wconf 73' lang='grc' dir='ltr'><strong>μὲν</strong></span> 
     </span>
    </p>
   </div>
   <div class='ocr_carea' id='block_1_9' title="bbox 331 650 1920 723">
    <p class='ocr_par' dir='ltr' id='par_1_9' title="bbox 331 650 1920 723">
     <span class='ocr_line' id='line_1_9' title="bbox 331 650 1920 723; baseline 0.003 -20"><span class='ocrx_word' id='word_1_46' title='bbox 331 650 446 721; x_wconf 74' lang='grc' dir='ltr'><strong>γάρ</strong></span> <span class='ocrx_word' id='word_1_47' title='bbox 486 652 592 722; x_wconf 83' lang='grc' dir='ltr'><strong>τῆς</strong></span> <span class='ocrx_word' id='word_1_48' title='bbox 624 652 886 723; x_wconf 86' lang='grc' dir='ltr'><strong>ἐμφύτου,</strong></span> <span class='ocrx_word' id='word_1_49' title='bbox 919 653 1016 707; x_wconf 68' lang='grc' dir='ltr'><strong>καὶ</strong></span> <span class='ocrx_word' id='word_1_50' title='bbox 1055 652 1310 723; x_wconf 86' lang='grc' dir='ltr'><strong>κοσμίας,</strong></span> <span class='ocrx_word' id='word_1_51' title='bbox 1348 654 1442 706; x_wconf 82' lang='grc' dir='ltr'><strong>καὶ</strong></span> <span class='ocrx_word' id='word_1_52' title='bbox 1484 652 1784 723; x_wconf 78' lang='grc' dir='ltr'><strong>βιωφελοῦς</strong></span> <span class='ocrx_word' id='word_1_53' title='bbox 1822 651 1920 707; x_wconf 81' lang='grc' dir='ltr'><strong>τοῦ</strong></span> 
     </span>
    </p>
   </div>
   <div class='ocr_carea' id='block_1_10' title="bbox 330 742 1923 817">
    <p class='ocr_par' dir='ltr' id='par_1_10' title="bbox 330 742 1923 817">
     <span class='ocr_line' id='line_1_10' title="bbox 330 742 1923 817; baseline 0.002 -22"><span class='ocrx_word' id='word_1_54' title='bbox 330 742 498 811; x_wconf 78' lang='grc' dir='ltr'><strong>λόγου</strong></span> <span class='ocrx_word' id='word_1_55' title='bbox 531 744 727 812; x_wconf 78' lang='grc' dir='ltr'><strong>σοφίας</strong></span> <span class='ocrx_word' id='word_1_56' title='bbox 750 760 765 775; x_wconf 70' lang='grc' dir='ltr'><strong><em>ο</em></strong></span> <span class='ocrx_word' id='word_1_57' title='bbox 792 746 979 798; x_wconf 82' lang='grc' dir='ltr'><strong>ἐκεῖνα</strong></span> <span class='ocrx_word' id='word_1_58' title='bbox 1008 744 1066 798; x_wconf 77' lang='grc' dir='ltr'><strong>δὲ</strong></span> <span class='ocrx_word' id='word_1_59' title='bbox 1106 745 1207 816; x_wconf 84' lang='grc' dir='ltr'><strong>τῆς</strong></span> <span class='ocrx_word' id='word_1_60' title='bbox 1249 744 1557 814; x_wconf 73' lang='grc' dir='ltr'><strong>τερπούσης</strong></span> <span class='ocrx_word' id='word_1_61' title='bbox 1593 744 1693 817; x_wconf 77' lang='grc' dir='ltr'><strong>τὴν</strong></span> <span class='ocrx_word' id='word_1_62' title='bbox 1729 745 1923 814; x_wconf 78' lang='grc' dir='ltr'><strong>ἄλογον</strong></span> 
     </span>
    </p>
   </div>
   <div class='ocr_carea' id='block_1_11' title="bbox 330 833 1925 909">
    <p class='ocr_par' dir='ltr' id='par_1_11' title="bbox 330 833 1925 909">
     <span class='ocr_line' id='line_1_11' title="bbox 330 833 1925 909; baseline 0.003 -22"><span class='ocrx_word' id='word_1_63' title='bbox 330 833 615 904; x_wconf 75' lang='grc' dir='ltr'><strong>αἴσθησιν,</strong></span> <span class='ocrx_word' id='word_1_64' title='bbox 639 836 734 889; x_wconf 76' lang='grc' dir='ltr'><strong>καὶ</strong></span> <span class='ocrx_word' id='word_1_65' title='bbox 759 838 881 900; x_wconf 83' lang='grc' dir='ltr'><strong>ταῖς</strong></span> <span class='ocrx_word' id='word_1_66' title='bbox 912 839 1294 908; x_wconf 86' lang='grc' dir='ltr'><strong>παρατροπαῑς</strong></span> <span class='ocrx_word' id='word_1_67' title='bbox 1331 836 1534 905; x_wconf 80' lang='grc' dir='ltr'><strong>μᾶλλον</strong></span> <span class='ocrx_word' id='word_1_68' title='bbox 1561 839 1654 891; x_wconf 75' lang='grc' dir='ltr'><strong>καὶ</strong></span> <span class='ocrx_word' id='word_1_69' title='bbox 1688 836 1764 909; x_wconf 83' lang='grc' dir='ltr'><strong>τῷ</strong></span> <span class='ocrx_word' id='word_1_70' title='bbox 1794 855 1925 891; x_wconf 87' lang='grc' dir='ltr'><strong>νεω-</strong></span> 
     </span>
    </p>
   </div>
   <div class='ocr_carea' id='block_1_12' title="bbox 328 927 1924 999">
    <p class='ocr_par' dir='ltr' id='par_1_12' title="bbox 328 927 1924 999">
     <span class='ocr_line' id='line_1_12' title="bbox 328 927 1924 999; baseline 0.001 -20"><span class='ocrx_word' id='word_1_71' title='bbox 328 927 606 998; x_wconf 81' lang='grc' dir='ltr'><strong>τερίζοντι</strong></span> <span class='ocrx_word' id='word_1_72' title='bbox 627 928 921 999; x_wconf 80' lang='grc' dir='ltr'><strong>χαιρούσης</strong></span> <span class='ocrx_word' id='word_1_73' title='bbox 941 929 1081 999; x_wconf 79' lang='grc' dir='ltr'><strong>ῆθει,</strong></span> <span class='ocrx_word' id='word_1_74' title='bbox 1097 930 1190 982; x_wconf 68' lang='grc' dir='ltr'><strong>καὶ</strong></span> <span class='ocrx_word' id='word_1_75' title='bbox 1205 930 1340 998; x_wconf 73' lang='grc' dir='ltr'><strong>πρὸς</strong></span> <span class='ocrx_word' id='word_1_76' title='bbox 1365 931 1462 999; x_wconf 74' lang='grc' dir='ltr'><strong>μὲν</strong></span> <span class='ocrx_word' id='word_1_77' title='bbox 1477 930 1745 998; x_wconf 76' lang='grc' dir='ltr'><strong>ὠφέλειαν</strong></span> <span class='ocrx_word' id='word_1_78' title='bbox 1767 930 1924 983; x_wconf 77' lang='grc' dir='ltr'><strong>οὐδὲν</strong></span> 
     </span>
    </p>
   </div>
   <div class='ocr_carea' id='block_1_13' title="bbox 328 1016 1926 1091">
    <p class='ocr_par' dir='ltr' id='par_1_13' title="bbox 328 1016 1926 1091">
     <span class='ocr_line' id='line_1_13' title="bbox 328 1016 1926 1091; baseline 0.004 -25"><span class='ocrx_word' id='word_1_79' title='bbox 328 1016 574 1087; x_wconf 71' lang='grc' dir='ltr'><strong>δρώσης,</strong></span> <span class='ocrx_word' id='word_1_80' title='bbox 601 1021 680 1081; x_wconf 79' lang='grc' dir='ltr'><strong>είς</strong></span> <span class='ocrx_word' id='word_1_81' title='bbox 702 1019 929 1089; x_wconf 78' lang='grc' dir='ltr'><strong>κρότους</strong></span> <span class='ocrx_word' id='word_1_82' title='bbox 961 1020 1018 1072; x_wconf 79' lang='grc' dir='ltr'><strong>δὲ</strong></span> <span class='ocrx_word' id='word_1_83' title='bbox 1066 1022 1158 1073; x_wconf 74' lang='grc' dir='ltr'><strong>καὶ</strong></span> <span class='ocrx_word' id='word_1_84' title='bbox 1188 1019 1501 1087; x_wconf 76' lang='grc' dir='ltr'><strong>κολακείας,</strong></span> <span class='ocrx_word' id='word_1_85' title='bbox 1529 1022 1621 1074; x_wconf 77' lang='grc' dir='ltr'><strong>καὶ</strong></span> <span class='ocrx_word' id='word_1_86' title='bbox 1646 1020 1814 1073; x_wconf 75' lang='grc' dir='ltr'><strong>πολὺν</strong></span> <span class='ocrx_word' id='word_1_87' title='bbox 1835 1020 1926 1091; x_wconf 76' lang='grc' dir='ltr'><strong>λῆ-</strong></span> 
     </span>
    </p>
   </div>
   <div class='ocr_carea' id='block_1_14' title="bbox 329 1106 1926 1181">
    <p class='ocr_par' dir='ltr' id='par_1_14' title="bbox 329 1106 1926 1181">
     <span class='ocr_line' id='line_1_14' title="bbox 329 1106 1926 1181; baseline 0.003 -23"><span class='ocrx_word' id='word_1_88' title='bbox 329 1122 449 1176; x_wconf 88' lang='grc' dir='ltr'><strong>ρον,</strong></span> <span class='ocrx_word' id='word_1_89' title='bbox 477 1107 860 1178; x_wconf 81' lang='grc' dir='ltr'><strong>διαλυομένης.</strong></span> <span class='ocrx_word' id='word_1_90' title='bbox 893 1110 1007 1162; x_wconf 66' lang='grc' dir='ltr'><strong>Οὔκ</strong></span> <span class='ocrx_word' id='word_1_91' title='bbox 1037 1106 1102 1180; x_wconf 80' lang='grc' dir='ltr'><strong>ἦν</strong></span> <span class='ocrx_word' id='word_1_92' title='bbox 1131 1109 1239 1181; x_wconf 78' lang='grc' dir='ltr'><strong>ἄρα</strong></span> <span class='ocrx_word' id='word_1_93' title='bbox 1262 1110 1350 1164; x_wconf 69' lang='grc' dir='ltr'><strong>διὰ</strong></span> <span class='ocrx_word' id='word_1_94' title='bbox 1374 1110 1548 1164; x_wconf 83' lang='grc' dir='ltr'><strong>ταῦτα</strong></span> <span class='ocrx_word' id='word_1_95' title='bbox 1571 1111 1669 1181; x_wconf 82' lang='grc' dir='ltr'><strong>τῆς</strong></span> <span class='ocrx_word' id='word_1_96' title='bbox 1694 1111 1926 1181; x_wconf 89' lang='grc' dir='ltr'><strong>μεγαλο-</strong></span> 
     </span>
    </p>
   </div>
   <div class='ocr_carea' id='block_1_15' title="bbox 335 1198 1926 1273">
    <p class='ocr_par' dir='ltr' id='par_1_15' title="bbox 335 1198 1926 1273">
     <span class='ocr_line' id='line_1_15' title="bbox 335 1198 1926 1273; baseline 0.003 -20"><span class='ocrx_word' id='word_1_97' title='bbox 335 1198 494 1263; x_wconf 87' lang='grc' dir='ltr'><strong>νοίας</strong></span> <span class='ocrx_word' id='word_1_98' title='bbox 536 1200 750 1254; x_wconf 80' lang='grc' dir='ltr'><strong>Παύλου</strong></span> <span class='ocrx_word' id='word_1_99' title='bbox 769 1202 877 1255; x_wconf 73' lang='grc' dir='ltr'><strong>οὐδ’</strong></span> <span class='ocrx_word' id='word_1_100' title='bbox 907 1203 1075 1271; x_wconf 75' lang='grc' dir='ltr'><strong>ἐγγὺς</strong></span> <span class='ocrx_word' id='word_1_101' title='bbox 1104 1202 1522 1273; x_wconf 78' lang='grc' dir='ltr'><strong>ἀπομιμεῖσθαι,</strong></span> <span class='ocrx_word' id='word_1_102' title='bbox 1558 1202 1619 1257; x_wconf 81' lang='grc' dir='ltr'><strong>ὃν</strong></span> <span class='ocrx_word' id='word_1_103' title='bbox 1647 1205 1709 1257; x_wconf 82' lang='grc' dir='ltr'><strong>σὺ</strong></span> <span class='ocrx_word' id='word_1_104' title='bbox 1739 1204 1838 1273; x_wconf 85' lang='grc' dir='ltr'><strong>τῆς</strong></span> <span class='ocrx_word' id='word_1_105' title='bbox 1868 1205 1926 1257; x_wconf 82' lang='grc' dir='ltr'><strong>ἐν</strong></span> 
     </span>
    </p>
   </div>
   <div class='ocr_carea' id='block_1_16' title="bbox 329 1289 1929 1366">
    <p class='ocr_par' dir='ltr' id='par_1_16' title="bbox 329 1289 1929 1366">
     <span class='ocr_line' id='line_1_16' title="bbox 329 1289 1929 1366; baseline 0.004 -24"><span class='ocrx_word' id='word_1_106' title='bbox 329 1289 485 1362; x_wconf 76' lang='grc' dir='ltr'><strong>λόγῳ</strong></span> <span class='ocrx_word' id='word_1_107' title='bbox 500 1292 791 1363; x_wconf 79' lang='grc' dir='ltr'><strong>δυνάμεως</strong></span> <span class='ocrx_word' id='word_1_108' title='bbox 804 1294 848 1361; x_wconf 82' lang='grc'><strong>(1</strong></span> <span class='ocrx_word' id='word_1_109' title='bbox 862 1293 938 1365; x_wconf 84' lang='lat'><strong>9).</strong></span> <span class='ocrx_word' id='word_1_110' title='bbox 960 1295 1048 1347; x_wconf 76' lang='grc' dir='ltr'><strong>ἐπ’</strong></span> <span class='ocrx_word' id='word_1_111' title='bbox 1072 1296 1240 1366; x_wconf 76' lang='grc' dir='ltr'><strong>αὐτῆς</strong></span> <span class='ocrx_word' id='word_1_112' title='bbox 1259 1296 1439 1366; x_wconf 78' lang='grc' dir='ltr'><strong>φέρων</strong></span> <span class='ocrx_word' id='word_1_113' title='bbox 1453 1295 1713 1364; x_wconf 77' lang='grc' dir='ltr'><strong>κεφαλῆς.</strong></span> <span class='ocrx_word' id='word_1_114' title='bbox 1741 1312 1929 1366; x_wconf 88' lang='grc' dir='ltr'><strong>μονον-</strong></span> 
     </span>
    </p>
   </div>
   <div class='ocr_carea' id='block_1_17' title="bbox 328 1381 1925 1456">
    <p class='ocr_par' dir='ltr' id='par_1_17' title="bbox 328 1381 1925 1456">
     <span class='ocr_line' id='line_1_17' title="bbox 328 1381 1925 1456; baseline 0.004 -22"><span class='ocrx_word' id='word_1_115' title='bbox 328 1383 459 1452; x_wconf 79' lang='grc' dir='ltr'><strong>ουχὶ</strong></span> <span class='ocrx_word' id='word_1_116' title='bbox 477 1388 823 1453; x_wconf 81' lang='grc' dir='ltr'><strong>προσκυνεῖς,</strong></span> <span class='ocrx_word' id='word_1_117' title='bbox 843 1384 957 1451; x_wconf 77' lang='grc' dir='ltr'><strong>τὸν,</strong></span> <span class='ocrx_word' id='word_1_118' title='bbox 976 1382 1053 1438; x_wconf 82' lang='grc' dir='ltr'><strong>ἾΙ</strong></span> <span class='ocrx_word' id='word_1_119' title='bbox 1074 1386 1118 1438; x_wconf 82' lang='grc' dir='ltr'><strong>δ’</strong></span> <span class='ocrx_word' id='word_1_120' title='bbox 1132 1388 1212 1449; x_wconf 79' lang='grc' dir='ltr'><strong>ὅς’</strong></span> <span class='ocrx_word' id='word_1_121' title='bbox 1233 1386 1341 1451; x_wconf 81' lang='grc' dir='ltr'><strong>τὸν,</strong></span> <span class='ocrx_word' id='word_1_122' title='bbox 1362 1381 1471 1438; x_wconf 81' lang='grc' dir='ltr'><strong>Ἷιν</strong></span> <span class='ocrx_word' id='word_1_123' title='bbox 1487 1387 1531 1439; x_wconf 88' lang='grc' dir='ltr'><strong>δ’</strong></span> <span class='ocrx_word' id='word_1_124' title='bbox 1552 1386 1680 1456; x_wconf 81' lang='grc' dir='ltr'><strong>ἐγώ.</strong></span> <span class='ocrx_word' id='word_1_125' title='bbox 1703 1387 1799 1451; x_wconf 83' lang='grc' dir='ltr'><strong>Ὥς</strong></span> <span class='ocrx_word' id='word_1_126' title='bbox 1822 1386 1925 1441; x_wconf 51' lang='grc' dir='ltr'><strong>πδιύ</strong></span> 
     </span>
    </p>
   </div>
   <div class='ocr_carea' id='block_1_18' title="bbox 328 1476 1927 1550">
    <p class='ocr_par' dir='ltr' id='par_1_18' title="bbox 328 1476 1927 1550">
     <span class='ocr_line' id='line_1_18' title="bbox 328 1476 1927 1550; baseline 0.005 -24"><span class='ocrx_word' id='word_1_127' title='bbox 328 1491 415 1537; x_wconf 86' lang='grc' dir='ltr'><strong>τις</strong></span> <span class='ocrx_word' id='word_1_128' title='bbox 434 1476 537 1528; x_wconf 78' lang='grc' dir='ltr'><strong>καὶ</strong></span> <span class='ocrx_word' id='word_1_129' title='bbox 570 1477 679 1529; x_wconf 86' lang='grc' dir='ltr'><strong>τῶν</strong></span> <span class='ocrx_word' id='word_1_130' title='bbox 695 1479 772 1540; x_wconf 84' lang='grc' dir='ltr'><strong>εἰς</strong></span> <span class='ocrx_word' id='word_1_131' title='bbox 790 1478 945 1544; x_wconf 70' lang='grc' dir='ltr'><strong>δόξαν</strong></span> <span class='ocrx_word' id='word_1_132' title='bbox 966 1477 1179 1531; x_wconf 77' lang='grc' dir='ltr'><strong>οἰκείων</strong></span> <span class='ocrx_word' id='word_1_133' title='bbox 1193 1480 1355 1531; x_wconf 68' lang='grc' dir='ltr'><strong>αὐτὸν</strong></span> <span class='ocrx_word' id='word_1_134' title='bbox 1373 1479 1737 1549; x_wconf 77' lang='grc' dir='ltr'><strong>ἁπεσέμνυνε,</strong></span> <span class='ocrx_word' id='word_1_135' title='bbox 1755 1499 1927 1550; x_wconf 85' lang='grc' dir='ltr'><strong>προσ-</strong></span> 
     </span>
    </p>
   </div>
   <div class='ocr_carea' id='block_1_19' title="bbox 331 1566 1929 1640">
    <p class='ocr_par' dir='ltr' id='par_1_19' title="bbox 331 1566 1929 1640">
     <span class='ocr_line' id='line_1_19' title="bbox 331 1566 1929 1640; baseline 0.003 -20"><span class='ocrx_word' id='word_1_136' title='bbox 331 1566 498 1639; x_wconf 77' lang='grc' dir='ltr'><strong>Θεξην</strong></span> <span class='ocrx_word' id='word_1_137' title='bbox 529 1568 576 1622; x_wconf 79' lang='grc' dir='ltr'><strong>δ’</strong></span> <span class='ocrx_word' id='word_1_138' title='bbox 599 1569 665 1623; x_wconf 84' lang='grc' dir='ltr'><strong>ἂν</strong></span> <span class='ocrx_word' id='word_1_139' title='bbox 692 1569 886 1637; x_wconf 77' lang='grc' dir='ltr'><strong>ἔγωγε.</strong></span> <span class='ocrx_word' id='word_1_140' title='bbox 923 1571 1019 1623; x_wconf 76' lang='grc' dir='ltr'><strong>καὶ</strong></span> <span class='ocrx_word' id='word_1_141' title='bbox 1049 1571 1195 1640; x_wconf 83' lang='grc' dir='ltr'><strong>μάλα</strong></span> <span class='ocrx_word' id='word_1_142' title='bbox 1232 1572 1478 1635; x_wconf 69' lang='grc' dir='ltr'><strong>εἰκότως,</strong></span> <span class='ocrx_word' id='word_1_143' title='bbox 1517 1572 1611 1625; x_wconf 85' lang='grc' dir='ltr'>καί</span> <span class='ocrx_word' id='word_1_144' title='bbox 1648 1572 1738 1624; x_wconf 70' lang='grc' dir='ltr'><strong>τον</strong></span> <span class='ocrx_word' id='word_1_145' title='bbox 1765 1573 1929 1625; x_wconf 79' lang='grc' dir='ltr'><strong>Ἐπε-</strong></span> 
     </span>
    </p>
   </div>
   <div class='ocr_carea' id='block_1_20' title="bbox 2018 375 3611 450">
    <p class='ocr_par' dir='ltr' id='par_1_20' title="bbox 2018 375 3611 450">
     <span class='ocr_line' id='line_1_20' title="bbox 2018 375 3611 450; baseline 0.002 -18"><span class='ocrx_word' id='word_1_146' title='bbox 2018 375 2502 433; x_wconf 89' lang='lat' dir='ltr'><strong>ahsconditorum.</strong></span> <span class='ocrx_word' id='word_1_147' title='bbox 2529 375 2659 432; x_wconf 69' lang='lat' dir='ltr'><strong>Haec</strong></span> <span class='ocrx_word' id='word_1_148' title='bbox 2677 378 2823 433; x_wconf 90' lang='lat' dir='ltr'><strong>enim</strong></span> <span class='ocrx_word' id='word_1_149' title='bbox 2860 378 3076 435; x_wconf 81' lang='lat' dir='ltr'><strong>dicendi</strong></span> <span class='ocrx_word' id='word_1_150' title='bbox 3110 381 3420 450; x_wconf 78' lang='lat' dir='ltr'><strong>prudentia,</strong></span> <span class='ocrx_word' id='word_1_151' title='bbox 3449 396 3611 435; x_wconf 74' lang='lat' dir='ltr'><strong>exor-</strong></span> 
     </span>
    </p>
   </div>
   <div class='ocr_carea' id='block_1_21' title="bbox 2020 468 3609 539">
    <p class='ocr_par' dir='ltr' id='par_1_21' title="bbox 2020 468 3609 539">
     <span class='ocr_line' id='line_1_21' title="bbox 2020 468 3609 539; baseline 0.003 -16"><span class='ocrx_word' id='word_1_152' title='bbox 2020 476 2116 529; x_wconf 85' lang='lat' dir='ltr'><strong>nat</strong></span> <span class='ocrx_word' id='word_1_153' title='bbox 2165 468 2466 523; x_wconf 75' lang='lat' dir='ltr'><strong>naturalem</strong></span> <span class='ocrx_word' id='word_1_154' title='bbox 2498 477 2755 525; x_wconf 85' lang='lat' dir='ltr'><strong>ornatum</strong></span> <span class='ocrx_word' id='word_1_155' title='bbox 2784 480 2839 525; x_wconf 89' lang='lat' dir='ltr'><strong>et</strong></span> <span class='ocrx_word' id='word_1_156' title='bbox 2882 474 3006 528; x_wconf 72' lang='lat' dir='ltr'><strong>vitae</strong></span> <span class='ocrx_word' id='word_1_157' title='bbox 3034 472 3265 539; x_wconf 87' lang='lat' dir='ltr'><strong>utilem;</strong></span> <span class='ocrx_word' id='word_1_158' title='bbox 3304 471 3422 536; x_wconf 87' lang='lat' dir='ltr'><strong>illa,</strong></span> <span class='ocrx_word' id='word_1_159' title='bbox 3478 486 3609 527; x_wconf 85' lang='lat' dir='ltr'><strong>eum</strong></span> 
     </span>
    </p>
   </div>
   <div class='ocr_carea' id='block_1_22' title="bbox 2019 561 3612 635">
    <p class='ocr_par' dir='ltr' id='par_1_22' title="bbox 2019 561 3612 635">
     <span class='ocr_line' id='line_1_22' title="bbox 2019 561 3612 635; baseline 0.005 -23"><span class='ocrx_word' id='word_1_160' title='bbox 2019 561 2111 631; x_wconf 88' lang='lat' dir='ltr'><strong>qui</strong></span> <span class='ocrx_word' id='word_1_161' title='bbox 2145 561 2381 616; x_wconf 90' lang='lat' dir='ltr'><strong>oblectat</strong></span> <span class='ocrx_word' id='word_1_162' title='bbox 2404 562 2781 617; x_wconf 87' lang='lat' dir='ltr'><strong>irrationalem</strong></span> <span class='ocrx_word' id='word_1_163' title='bbox 2824 578 3071 630; x_wconf 87' lang='lat' dir='ltr'><strong>sensum,</strong></span> <span class='ocrx_word' id='word_1_164' title='bbox 3097 579 3222 635; x_wconf 59' lang='lat' dir='ltr'><strong>qua</strong></span> <span class='ocrx_word' id='word_1_165' title='bbox 3249 564 3369 635; x_wconf 86' lang='lat' dir='ltr'><strong>ipsa</strong></span> <span class='ocrx_word' id='word_1_166' title='bbox 3415 563 3612 635; x_wconf 77' lang='lat' dir='ltr'><strong>potius</strong></span> 
     </span>
    </p>
   </div>
   <div class='ocr_carea' id='block_1_23' title="bbox 2021 648 3639 725">
    <p class='ocr_par' dir='ltr' id='par_1_23' title="bbox 2021 648 3639 725">
     <span class='ocr_line' id='line_1_23' title="bbox 2021 648 3639 725; baseline 0.002 -19"><span class='ocrx_word' id='word_1_167' title='bbox 2021 653 2407 708; x_wconf 86' lang='lat' dir='ltr'><strong>aversionihus</strong></span> <span class='ocrx_word' id='word_1_168' title='bbox 2450 663 2505 709; x_wconf 94' lang='lat' dir='ltr'><strong>et</strong></span> <span class='ocrx_word' id='word_1_169' title='bbox 2542 653 2880 710; x_wconf 80' lang='lat' dir='ltr'><strong>novitatibus</strong></span> <span class='ocrx_word' id='word_1_170' title='bbox 2916 654 3194 725; x_wconf 72' lang='lat' dir='ltr'><strong>adicitur;</strong></span> <span class='ocrx_word' id='word_1_171' title='bbox 3229 656 3361 711; x_wconf 91' lang='lat' dir='ltr'><strong>dum</strong></span> <span class='ocrx_word' id='word_1_172' title='bbox 3397 648 3639 710; x_wconf 30' lang='lat' dir='ltr'><strong>nullum‘</strong></span> 
     </span>
    </p>
   </div>
   <div class='ocr_carea' id='block_1_24' title="bbox 2024 744 3613 816">
    <p class='ocr_par' dir='ltr' id='par_1_24' title="bbox 2024 744 3613 816">
     <span class='ocr_line' id='line_1_24' title="bbox 2024 744 3613 816; baseline 0.002 -19"><span class='ocrx_word' id='word_1_173' title='bbox 2024 744 2301 799; x_wconf 84' lang='lat' dir='ltr'><strong>commodi</strong></span> <span class='ocrx_word' id='word_1_174' title='bbox 2331 754 2641 816; x_wconf 79' lang='lat' dir='ltr'><strong>respectum</strong></span> <span class='ocrx_word' id='word_1_175' title='bbox 2678 745 2861 810; x_wconf 82' lang='lat' dir='ltr'><strong>habet,</strong></span> <span class='ocrx_word' id='word_1_176' title='bbox 2892 746 2989 800; x_wconf 88' lang='lat' dir='ltr'><strong>sed</strong></span> <span class='ocrx_word' id='word_1_177' title='bbox 3036 746 3090 799; x_wconf 89' lang='lat' dir='ltr'><strong>in</strong></span> <span class='ocrx_word' id='word_1_178' title='bbox 3116 746 3441 816; x_wconf 87' lang='lat' dir='ltr'><strong>applausum</strong></span> <span class='ocrx_word' id='word_1_179' title='bbox 3472 746 3613 801; x_wconf 86' lang='lat' dir='ltr'><strong>adu-</strong></span> 
     </span>
    </p>
   </div>
   <div class='ocr_carea' id='block_1_25' title="bbox 2024 837 3611 910">
    <p class='ocr_par' dir='ltr' id='par_1_25' title="bbox 2024 837 3611 910">
     <span class='ocr_line' id='line_1_25' title="bbox 2024 837 3611 910; baseline 0.001 -19"><span class='ocrx_word' id='word_1_180' title='bbox 2024 838 2278 893; x_wconf 64' lang='lat' dir='ltr'><strong>lationem</strong></span> <span class='ocrx_word' id='word_1_181' title='bbox 2313 848 2365 892; x_wconf 91' lang='lat' dir='ltr'><strong>et</strong></span> <span class='ocrx_word' id='word_1_182' title='bbox 2385 837 2620 910; x_wconf 78' lang='lat' dir='ltr'><strong>ineptias</strong></span> <span class='ocrx_word' id='word_1_183' title='bbox 2650 853 2832 893; x_wconf 82' lang='lat' dir='ltr'><strong>meras</strong></span> <span class='ocrx_word' id='word_1_184' title='bbox 2858 837 3175 892; x_wconf 84' lang='lat' dir='ltr'><strong>resolvitur.</strong></span> <span class='ocrx_word' id='word_1_185' title='bbox 3202 838 3471 903; x_wconf 86' lang='lat' dir='ltr'><strong>Quocirca</strong></span> <span class='ocrx_word' id='word_1_186' title='bbox 3503 854 3611 894; x_wconf 89' lang='lat' dir='ltr'><strong>non</strong></span> 
     </span>
    </p>
   </div>
   <div class='ocr_carea' id='block_1_26' title="bbox 2023 929 3613 1001">
    <p class='ocr_par' dir='ltr' id='par_1_26' title="bbox 2023 929 3613 1001">
     <span class='ocr_line' id='line_1_26' title="bbox 2023 929 3613 1001; baseline -0.001 -14"><span class='ocrx_word' id='word_1_187' title='bbox 2023 932 2203 987; x_wconf 73' lang='lat' dir='ltr'><strong>decuit</strong></span> <span class='ocrx_word' id='word_1_188' title='bbox 2231 929 2513 985; x_wconf 76' lang='lat' dir='ltr'><strong>Paulinam</strong></span> <span class='ocrx_word' id='word_1_189' title='bbox 2550 931 2696 984; x_wconf 87' lang='lat' dir='ltr'><strong>illam</strong></span> <span class='ocrx_word' id='word_1_190' title='bbox 2727 930 3019 985; x_wconf 90' lang='lat' dir='ltr'><strong>sublimem</strong></span> <span class='ocrx_word' id='word_1_191' title='bbox 3082 931 3448 1001; x_wconf 86' lang='lat' dir='ltr'><strong>prudentiam,</strong></span> <span class='ocrx_word' id='word_1_192' title='bbox 3483 946 3551 986; x_wconf 88' lang='lat' dir='ltr'><strong>ne</strong></span> <span class='ocrx_word' id='word_1_193' title='bbox 3580 946 3613 986; x_wconf 88' lang='lat' dir='ltr'><strong>a</strong></span> 
     </span>
    </p>
   </div>
   <div class='ocr_carea' id='block_1_27' title="bbox 2024 1023 3611 1099">
    <p class='ocr_par' dir='ltr' id='par_1_27' title="bbox 2024 1023 3611 1099">
     <span class='ocr_line' id='line_1_27' title="bbox 2024 1023 3611 1099; baseline 0 -22"><span class='ocrx_word' id='word_1_194' title='bbox 2024 1026 2331 1094; x_wconf 87' lang='lat' dir='ltr'><strong>propinquo</strong></span> <span class='ocrx_word' id='word_1_195' title='bbox 2379 1023 2604 1089; x_wconf 90' lang='lat' dir='ltr'><strong>imitari,</strong></span> <span class='ocrx_word' id='word_1_196' title='bbox 2660 1024 2805 1077; x_wconf 89' lang='lat' dir='ltr'><strong>illant</strong></span> <span class='ocrx_word' id='word_1_197' title='bbox 2846 1023 3065 1079; x_wconf 82' lang='lat' dir='ltr'><strong>dicendi</strong></span> <span class='ocrx_word' id='word_1_198' title='bbox 3128 1023 3441 1078; x_wconf 75' lang='lat' dir='ltr'><strong>facultatem</strong></span> <span class='ocrx_word' id='word_1_199' title='bbox 3474 1023 3611 1099; x_wconf 47' lang='lat' dir='ltr'><strong>(19f)</strong></span> 
     </span>
    </p>
   </div>
   <div class='ocr_carea' id='block_1_28' title="bbox 2024 1114 3610 1185">
    <p class='ocr_par' dir='ltr' id='par_1_28' title="bbox 2024 1114 3610 1185">
     <span class='ocr_line' id='line_1_28' title="bbox 2024 1114 3610 1185; baseline -0.001 -18"><span class='ocrx_word' id='word_1_200' title='bbox 2024 1131 2191 1185; x_wconf 85' lang='lat' dir='ltr'><strong>quam</strong></span> <span class='ocrx_word' id='word_1_201' title='bbox 2223 1124 2279 1168; x_wconf 90' lang='lat' dir='ltr'><strong>tu</strong></span> <span class='ocrx_word' id='word_1_202' title='bbox 2308 1124 2519 1169; x_wconf 89' lang='lat' dir='ltr'><strong>tantum</strong></span> <span class='ocrx_word' id='word_1_203' title='bbox 2552 1130 2659 1169; x_wconf 91' lang='lat' dir='ltr'><strong>non</strong></span> <span class='ocrx_word' id='word_1_204' title='bbox 2689 1116 2908 1169; x_wconf 89' lang='lat' dir='ltr'><strong>adoras.</strong></span> <span class='ocrx_word' id='word_1_205' title='bbox 2949 1114 3174 1185; x_wconf 77' lang='lat' dir='ltr'><strong>Nempe,</strong></span> <span class='ocrx_word' id='word_1_206' title='bbox 3219 1114 3443 1183; x_wconf 80' lang='lat' dir='ltr'><strong>inquam</strong></span> <span class='ocrx_word' id='word_1_207' title='bbox 3488 1128 3610 1185; x_wconf 86' lang='lat' dir='ltr'><strong>ego,</strong></span> 
     </span>
    </p>
   </div>
   <div class='ocr_carea' id='block_1_29' title="bbox 2026 1206 3615 1278">
    <p class='ocr_par' dir='ltr' id='par_1_29' title="bbox 2026 1206 3615 1278">
     <span class='ocr_line' id='line_1_29' title="bbox 2026 1206 3615 1278; baseline -0.001 -17"><span class='ocrx_word' id='word_1_208' title='bbox 2026 1207 2309 1277; x_wconf 80' lang='lat' dir='ltr'><strong>inquiebat</strong></span> <span class='ocrx_word' id='word_1_209' title='bbox 2336 1206 2445 1266; x_wconf 84' lang='lat' dir='ltr'><strong>ille.</strong></span> <span class='ocrx_word' id='word_1_210' title='bbox 2475 1216 2534 1261; x_wconf 91' lang='lat' dir='ltr'><strong>ut</strong></span> <span class='ocrx_word' id='word_1_211' title='bbox 2565 1206 2764 1261; x_wconf 85' lang='lat' dir='ltr'><strong>alicubi</strong></span> <span class='ocrx_word' id='word_1_212' title='bbox 2803 1208 2891 1262; x_wconf 92' lang='lat' dir='ltr'><strong>ille</strong></span> <span class='ocrx_word' id='word_1_213' title='bbox 2919 1208 3015 1278; x_wconf 86' lang='lat' dir='ltr'><strong>qui</strong></span> <span class='ocrx_word' id='word_1_214' title='bbox 3051 1207 3339 1277; x_wconf 85' lang='lat' dir='ltr'><strong>gloriolam</strong></span> <span class='ocrx_word' id='word_1_215' title='bbox 3366 1221 3615 1276; x_wconf 86' lang='lat' dir='ltr'><strong>aucupa-</strong></span> 
     </span>
    </p>
   </div>
   <div class='ocr_carea' id='block_1_30' title="bbox 2028 1297 3619 1370">
    <p class='ocr_par' dir='ltr' id='par_1_30' title="bbox 2028 1297 3619 1370">
     <span class='ocr_line' id='line_1_30' title="bbox 2028 1297 3619 1370; baseline -0.003 -16"><span class='ocrx_word' id='word_1_216' title='bbox 2028 1299 2211 1365; x_wconf 91' lang='lat' dir='ltr'><strong>batur,</strong></span> <span class='ocrx_word' id='word_1_217' title='bbox 2264 1299 2507 1370; x_wconf 88' lang='lat' dir='ltr'><strong>seipsum</strong></span> <span class='ocrx_word' id='word_1_218' title='bbox 2558 1299 2765 1355; x_wconf 82' lang='lat' dir='ltr'><strong>laudat.</strong></span> <span class='ocrx_word' id='word_1_219' title='bbox 2806 1299 2907 1354; x_wconf 86' lang='lat' dir='ltr'><strong>Cui</strong></span> <span class='ocrx_word' id='word_1_220' title='bbox 2959 1315 3059 1355; x_wconf 88' lang='lat' dir='ltr'><strong>cur</strong></span> <span class='ocrx_word' id='word_1_221' title='bbox 3095 1314 3205 1354; x_wconf 88' lang='lat' dir='ltr'><strong>non</strong></span> <span class='ocrx_word' id='word_1_222' title='bbox 3262 1312 3365 1368; x_wconf 89' lang='lat' dir='ltr'><strong>ego</strong></span> <span class='ocrx_word' id='word_1_223' title='bbox 3420 1297 3619 1352; x_wconf 90' lang='lat' dir='ltr'><strong>merito</strong></span> 
     </span>
    </p>
   </div>
   <div class='ocr_carea' id='block_1_31' title="bbox 2028 1389 3615 1462">
    <p class='ocr_par' dir='ltr' id='par_1_31' title="bbox 2028 1389 3615 1462">
     <span class='ocr_line' id='line_1_31' title="bbox 2028 1389 3615 1462; baseline -0.003 -18"><span class='ocrx_word' id='word_1_224' title='bbox 2028 1391 2283 1460; x_wconf 76' lang='lat' dir='ltr'><strong>adjiciam</strong></span> <span class='ocrx_word' id='word_1_225' title='bbox 2311 1410 2324 1453; x_wconf 86' lang='lat'><strong>;</strong></span> <span class='ocrx_word' id='word_1_226' title='bbox 2358 1400 2414 1445; x_wconf 89' lang='lat' dir='ltr'><strong>et</strong></span> <span class='ocrx_word' id='word_1_227' title='bbox 2443 1392 2613 1457; x_wconf 82' lang='lat' dir='ltr'><strong>Quem</strong></span> <span class='ocrx_word' id='word_1_228' title='bbox 2643 1391 2947 1448; x_wconf 81' lang='lat' dir='ltr'><strong>desideravi</strong></span> <span class='ocrx_word' id='word_1_229' title='bbox 2975 1406 3096 1462; x_wconf 84' lang='lat' dir='ltr'><strong>ego,</strong></span> <span class='ocrx_word' id='word_1_230' title='bbox 3127 1398 3203 1457; x_wconf 89' lang='lat' dir='ltr'><strong>et,</strong></span> <span class='ocrx_word' id='word_1_231' title='bbox 3238 1389 3449 1461; x_wconf 76' lang='lat' dir='ltr'><strong>Agttovi</strong></span> <span class='ocrx_word' id='word_1_232' title='bbox 3474 1405 3615 1459; x_wconf 84' lang='lat' dir='ltr'><strong>ego;</strong></span> 
     </span>
    </p>
   </div>
   <div class='ocr_carea' id='block_1_32' title="bbox 2029 1480 3621 1553">
    <p class='ocr_par' dir='ltr' id='par_1_32' title="bbox 2029 1480 3621 1553">
     <span class='ocr_line' id='line_1_32' title="bbox 2029 1480 3621 1553; baseline -0.002 -16"><span class='ocrx_word' id='word_1_233' title='bbox 2029 1494 2102 1543; x_wconf 88' lang='lat' dir='ltr'><strong>et,</strong></span> <span class='ocrx_word' id='word_1_234' title='bbox 2130 1482 2324 1535; x_wconf 84' lang='lat' dir='ltr'><strong>Audivi</strong></span> <span class='ocrx_word' id='word_1_235' title='bbox 2360 1499 2485 1551; x_wconf 79' lang='lat' dir='ltr'><strong>ego.</strong></span> <span class='ocrx_word' id='word_1_236' title='bbox 2530 1482 2638 1537; x_wconf 76' lang='lat' dir='ltr'><strong>Nec</strong></span> <span class='ocrx_word' id='word_1_237' title='bbox 2668 1499 2768 1553; x_wconf 89' lang='lat' dir='ltr'><strong>ego</strong></span> <span class='ocrx_word' id='word_1_238' title='bbox 2804 1484 2953 1538; x_wconf 89' lang='lat' dir='ltr'><strong>illum</strong></span> <span class='ocrx_word' id='word_1_239' title='bbox 2977 1483 3124 1547; x_wconf 88' lang='lat' dir='ltr'><strong>novi,</strong></span> <span class='ocrx_word' id='word_1_240' title='bbox 3148 1482 3243 1551; x_wconf 85' lang='lat' dir='ltr'><strong>qui</strong></span> <span class='ocrx_word' id='word_1_241' title='bbox 3273 1482 3438 1553; x_wconf 88' lang='lat' dir='ltr'><strong>longo</strong></span> <span class='ocrx_word' id='word_1_242' title='bbox 3463 1480 3621 1536; x_wconf 82' lang='lat' dir='ltr'><strong>fasti-</strong></span> 
     </span>
    </p>
   </div>
   <div class='ocr_carea' id='block_1_33' title="bbox 2030 1574 3619 1645">
    <p class='ocr_par' dir='ltr' id='par_1_33' title="bbox 2030 1574 3619 1645">
     <span class='ocr_line' id='line_1_33' title="bbox 2030 1574 3619 1645; baseline -0.001 -16"><span class='ocrx_word' id='word_1_243' title='bbox 2030 1576 2120 1629; x_wconf 89' lang='lat' dir='ltr'><strong>dio</strong></span> <span class='ocrx_word' id='word_1_244' title='bbox 2147 1575 2445 1639; x_wconf 79' lang='lat' dir='ltr'><strong>laboraret,</strong></span> <span class='ocrx_word' id='word_1_245' title='bbox 2476 1576 2528 1627; x_wconf 92' lang='lat' dir='ltr'><strong>in</strong></span> <span class='ocrx_word' id='word_1_246' title='bbox 2559 1575 2668 1629; x_wconf 89' lang='lat' dir='ltr'><strong>illis</strong></span> <span class='ocrx_word' id='word_1_247' title='bbox 2694 1574 3230 1645; x_wconf 77' lang='lat' dir='ltr'><strong>percettsetnlis,-qui</strong></span> <span class='ocrx_word' id='word_1_248' title='bbox 3260 1574 3314 1628; x_wconf 89' lang='lat' dir='ltr'><strong>in</strong></span> <span class='ocrx_word' id='word_1_249' title='bbox 3345 1580 3558 1628; x_wconf 88' lang='lat' dir='ltr'><strong>tantunt</strong></span> <span class='ocrx_word' id='word_1_250' title='bbox 3586 1588 3619 1628; x_wconf 88' lang='lat' dir='ltr'><strong>a</strong></span> 
     </span>
    </p>
   </div>
   <div class='ocr_carea' id='block_1_34' title="bbox 330 1660 1927 1740">
    <p class='ocr_par' dir='ltr' id='par_1_34' title="bbox 330 1660 1924 1740">
     <span class='ocr_line' id='line_1_34' title="bbox 330 1660 1924 1740; baseline 0.004 -28"><span class='ocrx_word' id='word_1_251' title='bbox 330 1660 531 1713; x_wconf 73' lang='grc' dir='ltr'><strong>πόνθει</strong></span> <span class='ocrx_word' id='word_1_252' title='bbox 559 1662 687 1728; x_wconf 67' lang='grc' dir='ltr'><strong>ἐγιίν</strong></span> <span class='ocrx_word' id='word_1_253' title='bbox 703 1662 817 1726; x_wconf 67' lang='grc' dir='ltr'><strong>καὶ,</strong></span> <span class='ocrx_word' id='word_1_254' title='bbox 834 1663 988 1733; x_wconf 84' lang='grc' dir='ltr'><strong>’ᾘδει</strong></span> <span class='ocrx_word' id='word_1_255' title='bbox 1006 1663 1135 1730; x_wconf 69' lang='grc' dir='ltr'><strong>ἐγιίν</strong></span> <span class='ocrx_word' id='word_1_256' title='bbox 1158 1662 1274 1727; x_wconf 67' lang='grc' dir='ltr'><strong>καὶ,</strong></span> <span class='ocrx_word' id='word_1_257' title='bbox 1300 1664 1553 1734; x_wconf 78' lang='grc' dir='ltr'><strong>Ἡκηκὸει</strong></span> <span class='ocrx_word' id='word_1_258' title='bbox 1571 1663 1698 1731; x_wconf 71' lang='grc' dir='ltr'><strong>ἑγὼο</strong></span> <span class='ocrx_word' id='word_1_259' title='bbox 1716 1665 1809 1718; x_wconf 72' lang='grc' dir='ltr'><strong>καὶ</strong></span> <span class='ocrx_word' id='word_1_260' title='bbox 1834 1665 1924 1740; x_wconf 78' lang='grc' dir='ltr'><strong>τὸν</strong></span> 
     </span>
    </p>
   </div>
   <div class='ocr_carea' id='block_1_35' title="bbox 2031 1660 3618 1740">
    <p class='ocr_par' dir='ltr' id='par_1_35' title="bbox 2033 1665 3618 1738">
     <span class='ocr_line' id='line_1_35' title="bbox 2033 1665 3618 1738; baseline 0.003 -23"><span class='ocrx_word' id='word_1_261' title='bbox 2033 1668 2322 1720; x_wconf 79' lang='lat' dir='ltr'><strong>verborum</strong></span> <span class='ocrx_word' id='word_1_262' title='bbox 2374 1667 2713 1721; x_wconf 77' lang='lat' dir='ltr'><strong>ttmitatibus</strong></span> <span class='ocrx_word' id='word_1_263' title='bbox 2772 1667 3171 1738; x_wconf 78' lang='lat' dir='ltr'><strong>cerrutnpitur,</strong></span> <span class='ocrx_word' id='word_1_264' title='bbox 3201 1675 3257 1727; x_wconf 86' lang='lat' dir='ltr'><strong>et</strong></span> <span class='ocrx_word' id='word_1_265' title='bbox 3308 1665 3618 1731; x_wconf 91' lang='lat' dir='ltr'><strong>emollitur,</strong></span> 
     </span>
    </p>
   </div>
   <div class='ocr_carea' id='block_1_36' title="bbox 326 1748 1927 1827">
    <p class='ocr_par' dir='ltr' id='par_1_36' title="bbox 326 1748 1927 1827">
     <span class='ocr_line' id='line_1_36' title="bbox 326 1748 1927 1827; baseline 0.002 -23"><span class='ocrx_word' id='word_1_266' title='bbox 326 1752 434 1805; x_wconf 73' lang='grc' dir='ltr'><strong>οὐκ</strong></span> <span class='ocrx_word' id='word_1_267' title='bbox 492 1748 591 1805; x_wconf 76' lang='grc' dir='ltr'><strong>οἷδ’</strong></span> <span class='ocrx_word' id='word_1_268' title='bbox 620 1755 767 1816; x_wconf 81' lang='grc' dir='ltr'><strong>ὅπως</strong></span> <span class='ocrx_word' id='word_1_269' title='bbox 801 1753 866 1808; x_wconf 75' lang='grc' dir='ltr'><strong>ἄν</strong></span> <span class='ocrx_word' id='word_1_270' title='bbox 899 1771 983 1817; x_wconf 89' lang='grc' dir='ltr'><strong>τις</strong></span> <span class='ocrx_word' id='word_1_271' title='bbox 1016 1755 1116 1807; x_wconf 83' lang='grc' dir='ltr'><strong>οὐκ</strong></span> <span class='ocrx_word' id='word_1_272' title='bbox 1155 1756 1237 1818; x_wconf 88' lang='grc' dir='ltr'><strong>είς</strong></span> <span class='ocrx_word' id='word_1_273' title='bbox 1280 1754 1497 1827; x_wconf 80' lang='grc' dir='ltr'><strong>μακρὰν</strong></span> <span class='ocrx_word' id='word_1_274' title='bbox 1546 1755 1739 1825; x_wconf 79' lang='grc' dir='ltr'><strong>ἀηδίαν</strong></span> <span class='ocrx_word' id='word_1_275' title='bbox 1765 1757 1927 1821; x_wconf 73' lang='grc' dir='ltr'><strong>αὐτὸς</strong></span> 
     </span>
    </p>
   </div>
   <div class='ocr_carea' id='block_1_37' title="bbox 325 1844 1928 1915">
    <p class='ocr_par' dir='ltr' id='par_1_37' title="bbox 325 1844 1928 1915">
     <span class='ocr_line' id='line_1_37' title="bbox 325 1844 1928 1915; baseline 0.002 -17"><span class='ocrx_word' id='word_1_276' title='bbox 325 1844 573 1915; x_wconf 76' lang='grc' dir='ltr'><strong>ἐμπέσοι</strong></span> <span class='ocrx_word' id='word_1_277' title='bbox 598 1845 666 1899; x_wconf 70' lang='grc' dir='ltr'><strong>τὰ</strong></span> <span class='ocrx_word' id='word_1_278' title='bbox 685 1845 897 1899; x_wconf 79' lang='grc' dir='ltr'><strong>ἐκείνου</strong></span> <span class='ocrx_word' id='word_1_279' title='bbox 922 1846 1135 1914; x_wconf 60' lang='grc' dir='ltr'><strong>δεξιῶν</strong></span> <span class='ocrx_word' id='word_1_280' title='bbox 1159 1863 1173 1877; x_wconf 75' lang='grc' dir='ltr'><strong><em>ο</em></strong></span> <span class='ocrx_word' id='word_1_281' title='bbox 1204 1847 1262 1910; x_wconf 85' lang='grc' dir='ltr'><strong>δς</strong></span> <span class='ocrx_word' id='word_1_282' title='bbox 1292 1848 1384 1901; x_wconf 75' lang='grc' dir='ltr'><strong>ἐπὶ</strong></span> <span class='ocrx_word' id='word_1_283' title='bbox 1408 1848 1664 1901; x_wconf 76' lang='grc' dir='ltr'><strong>τοσοῦτον</strong></span> <span class='ocrx_word' id='word_1_284' title='bbox 1682 1850 1803 1912; x_wconf 84' lang='grc' dir='ltr'><strong>ταῖς</strong></span> <span class='ocrx_word' id='word_1_285' title='bbox 1818 1848 1928 1902; x_wconf 88' lang='grc' dir='ltr'><strong>τῶν</strong></span> 
     </span>
    </p>
   </div>
   <div class='ocr_carea' id='block_1_38' title="bbox 326 1938 1929 2011">
    <p class='ocr_par' dir='ltr' id='par_1_38' title="bbox 326 1938 1929 2011">
     <span class='ocr_line' id='line_1_38' title="bbox 326 1938 1929 2011; baseline 0.002 -21"><span class='ocrx_word' id='word_1_286' title='bbox 326 1938 606 2008; x_wconf 78' lang='grc' dir='ltr'><strong>ῥημάτων</strong></span> <span class='ocrx_word' id='word_1_287' title='bbox 631 1940 1007 2009; x_wconf 78' lang='grc' dir='ltr'><strong>καινοτομίαις</strong></span> <span class='ocrx_word' id='word_1_288' title='bbox 1034 1939 1495 2011; x_wconf 81' lang='grc' dir='ltr'><strong>διαθρυπτόμενος</strong></span> <span class='ocrx_word' id='word_1_289' title='bbox 1520 1940 1827 2011; x_wconf 77' lang='grc' dir='ltr'><strong>ἐθηλύνετο,</strong></span> <span class='ocrx_word' id='word_1_290' title='bbox 1852 1941 1929 2006; x_wconf 82' lang='grc' dir='ltr'><strong>ὡς</strong></span> 
     </span>
    </p>
   </div>
   <div class='ocr_carea' id='block_1_39' title="bbox 328 2028 1929 2101">
    <p class='ocr_par' dir='ltr' id='par_1_39' title="bbox 328 2028 1929 2101">
     <span class='ocr_line' id='line_1_39' title="bbox 328 2028 1929 2101; baseline 0.003 -20"><span class='ocrx_word' id='word_1_291' title='bbox 328 2028 479 2097; x_wconf 80' lang='grc' dir='ltr'><strong>μηδὲ</strong></span> <span class='ocrx_word' id='word_1_292' title='bbox 500 2030 809 2100; x_wconf 85' lang='grc' dir='ltr'><strong>προσώπων</strong></span> <span class='ocrx_word' id='word_1_293' title='bbox 840 2030 1026 2094; x_wconf 77' lang='grc' dir='ltr'><strong>αὐτοῖς</strong></span> <span class='ocrx_word' id='word_1_294' title='bbox 1047 2032 1317 2101; x_wconf 87' lang='grc' dir='ltr'><strong>ἐμφάσεις</strong></span> <span class='ocrx_word' id='word_1_295' title='bbox 1342 2030 1421 2084; x_wconf 79' lang='grc' dir='ltr'><strong>ἐτι</strong></span> <span class='ocrx_word' id='word_1_296' title='bbox 1449 2031 1732 2101; x_wconf 80' lang='grc' dir='ltr'><strong>βούλεσθαι</strong></span> <span class='ocrx_word' id='word_1_297' title='bbox 1762 2050 1929 2086; x_wconf 88' lang='grc' dir='ltr'><strong>κατα-</strong></span> 
     </span>
    </p>
   </div>
   <div class='ocr_carea' id='block_1_40' title="bbox 321 2121 1929 2196">
    <p class='ocr_par' dir='ltr' id='par_1_40' title="bbox 321 2121 1929 2196">
     <span class='ocr_line' id='line_1_40' title="bbox 321 2121 1929 2196; baseline 0.002 -23"><span class='ocrx_word' id='word_1_298' title='bbox 321 2121 542 2187; x_wconf 79' lang='grc' dir='ltr'><strong>λιπεῖν,</strong></span> <span class='ocrx_word' id='word_1_299' title='bbox 571 2122 652 2184; x_wconf 85' lang='grc' dir='ltr'><strong>είς</strong></span> <span class='ocrx_word' id='word_1_300' title='bbox 686 2121 1020 2193; x_wconf 75' lang='grc' dir='ltr'><strong>παράσημον</strong></span> <span class='ocrx_word' id='word_1_301' title='bbox 1063 2122 1123 2174; x_wconf 86' lang='grc' dir='ltr'><strong>δὲ</strong></span> <span class='ocrx_word' id='word_1_302' title='bbox 1159 2121 1328 2176; x_wconf 81' lang='grc' dir='ltr'><strong>τύπον</strong></span> <span class='ocrx_word' id='word_1_303' title='bbox 1373 2124 1790 2196; x_wconf 69' lang='grc' dir='ltr'><strong>ἀπαρεμφάτων</strong></span> <span class='ocrx_word' id='word_1_304' title='bbox 1837 2126 1929 2178; x_wconf 77' lang='grc' dir='ltr'><strong>τὸν</strong></span> 
     </span>
    </p>
   </div>
   <div class='ocr_carea' id='block_1_41' title="bbox 322 2213 1928 2285">
    <p class='ocr_par' dir='ltr' id='par_1_41' title="bbox 322 2213 1928 2285">
     <span class='ocr_line' id='line_1_41' title="bbox 322 2213 1928 2285; baseline 0.003 -20"><span class='ocrx_word' id='word_1_305' title='bbox 322 2213 666 2284; x_wconf 73' lang='grc' dir='ltr'><strong>χαρακτῆρα</strong></span> <span class='ocrx_word' id='word_1_306' title='bbox 714 2214 927 2277; x_wconf 76' lang='grc' dir='ltr'><strong>τούτοις</strong></span> <span class='ocrx_word' id='word_1_307' title='bbox 976 2214 1421 2285; x_wconf 75' lang='grc' dir='ltr'><strong>μεταϐιάζεσθαι.</strong></span> <span class='ocrx_word' id='word_1_308' title='bbox 1464 2217 1569 2270; x_wconf 81' lang='grc' dir='ltr'><strong>Ἐῶ</strong></span> <span class='ocrx_word' id='word_1_309' title='bbox 1602 2217 1659 2271; x_wconf 80' lang='grc' dir='ltr'><strong>δὲ</strong></span> <span class='ocrx_word' id='word_1_310' title='bbox 1696 2216 1793 2271; x_wconf 81' lang='grc' dir='ltr'><strong>νῦν</strong></span> <span class='ocrx_word' id='word_1_311' title='bbox 1837 2218 1928 2271; x_wconf 78' lang='grc' dir='ltr'><strong>τὸν</strong></span> 
     </span>
    </p>
   </div>
   <div class='ocr_carea' id='block_1_42' title="bbox 223 2299 1929 2379">
    <p class='ocr_par' dir='ltr' id='par_1_42' title="bbox 223 2299 1929 2379">
     <span class='ocr_line' id='line_1_42' title="bbox 223 2299 1929 2379; baseline 0.006 -28"><span class='ocrx_word' id='word_1_312' title='bbox 223 2339 236 2351; x_wconf 96' lang='grc'><strong>.</strong></span> <span class='ocrx_word' id='word_1_313' title='bbox 320 2300 395 2355; x_wconf 80' lang='grc' dir='ltr'><strong>τὰ</strong></span> <span class='ocrx_word' id='word_1_314' title='bbox 456 2299 777 2372; x_wconf 81' lang='grc' dir='ltr'><strong>λιπάσματα</strong></span> <span class='ocrx_word' id='word_1_315' title='bbox 826 2303 936 2361; x_wconf 83' lang='grc' dir='ltr'><strong>τῶν</strong></span> <span class='ocrx_word' id='word_1_316' title='bbox 967 2303 1288 2375; x_wconf 69' lang='grc' dir='ltr'><strong>ὀφθαλμῶν,</strong></span> <span class='ocrx_word' id='word_1_317' title='bbox 1324 2305 1467 2360; x_wconf 80' lang='grc' dir='ltr'><strong>κατὰ</strong></span> <span class='ocrx_word' id='word_1_318' title='bbox 1493 2306 1673 2379; x_wconf 74' lang='grc' dir='ltr'><strong>ψυχὴν</strong></span> <span class='ocrx_word' id='word_1_319' title='bbox 1724 2308 1929 2378; x_wconf 81' lang='grc' dir='ltr'><strong>μᾶλλον</strong></span> 
     </span>
    </p>
   </div>
   <div class='ocr_carea' id='block_1_43' title="bbox 309 5299 323 5364">
    <p class='ocr_par' dir='ltr' id='par_1_43' title="bbox 309 5299 323 5364">
     <span class='ocr_line' id='line_1_43' title="bbox 309 5299 323 5364; baseline 0 0"><span class='ocrx_word' id='word_1_320' title='bbox 309 5299 323 5364; x_wconf 66' lang='grc' dir='ltr'><em>ἒ</em></span> 
     </span>
    </p>
   </div>
   <div class='ocr_carea' id='block_1_44' title="bbox 325 2392 1931 2471">
    <p class='ocr_par' dir='ltr' id='par_1_44' title="bbox 325 2392 1931 2471">
     <span class='ocr_line' id='line_1_44' title="bbox 325 2392 1931 2471; baseline 0.006 -26"><span class='ocrx_word' id='word_1_321' title='bbox 325 2392 669 2459; x_wconf 82' lang='grc' dir='ltr'><strong>πεπονθότα,</strong></span> <span class='ocrx_word' id='word_1_322' title='bbox 700 2395 734 2464; x_wconf 83' lang='grc' dir='ltr'>ἢ</span> <span class='ocrx_word' id='word_1_323' title='bbox 760 2394 1168 2466; x_wconf 78' lang='grc' dir='ltr'><strong>φθεγξάμενον·</strong></span> <span class='ocrx_word' id='word_1_324' title='bbox 1196 2397 1293 2451; x_wconf 76' lang='grc' dir='ltr'><strong>καὶ</strong></span> <span class='ocrx_word' id='word_1_325' title='bbox 1315 2397 1386 2451; x_wconf 80' lang='grc' dir='ltr'><strong>τὰ</strong></span> <span class='ocrx_word' id='word_1_326' title='bbox 1408 2399 1510 2468; x_wconf 76' lang='grc' dir='ltr'><strong>τῆς</strong></span> <span class='ocrx_word' id='word_1_327' title='bbox 1540 2401 1739 2471; x_wconf 84' lang='grc' dir='ltr'><strong>σαρκὸς</strong></span> <span class='ocrx_word' id='word_1_328' title='bbox 1762 2401 1931 2455; x_wconf 70' lang='grc' dir='ltr'><strong>πιστὰ</strong></span> 
     </span>
    </p>
   </div>
   <div class='ocr_carea' id='block_1_45' title="bbox 328 2485 1929 2567">
    <p class='ocr_par' dir='ltr' id='par_1_45' title="bbox 328 2485 1929 2567">
     <span class='ocr_line' id='line_1_45' title="bbox 328 2485 1929 2567; baseline 0.007 -29"><span class='ocrx_word' id='word_1_329' title='bbox 328 2485 612 2541; x_wconf 74' lang='grc' dir='ltr'><strong>ἐλπίσατα</strong></span> <span class='ocrx_word' id='word_1_330' title='bbox 646 2496 693 2551; x_wconf 74' lang='grc' dir='ltr'><strong>ε,</strong></span> <span class='ocrx_word' id='word_1_331' title='bbox 741 2489 837 2542; x_wconf 80' lang='grc' dir='ltr'><strong>καὶ</strong></span> <span class='ocrx_word' id='word_1_332' title='bbox 879 2488 1120 2561; x_wconf 81' lang='grc' dir='ltr'><strong>εὐσταθῆ</strong></span> <span class='ocrx_word' id='word_1_333' title='bbox 1170 2494 1569 2563; x_wconf 84' lang='grc' dir='ltr'><strong>καταστήματα</strong></span> <span class='ocrx_word' id='word_1_334' title='bbox 1600 2494 1929 2567; x_wconf 78' lang='grc' dir='ltr'><strong>ἀθλιώτερον</strong></span> 
     </span>
    </p>
   </div>
   <div class='ocr_carea' id='block_1_46' title="bbox 329 2577 1932 2652">
    <p class='ocr_par' dir='ltr' id='par_1_46' title="bbox 329 2577 1932 2652">
     <span class='ocr_line' id='line_1_46' title="bbox 329 2577 1932 2652; baseline 0.007 -22"><span class='ocrx_word' id='word_1_335' title='bbox 329 2577 644 2649; x_wconf 78' lang='grc' dir='ltr'><strong>στέρξαντα</strong></span> <span class='ocrx_word' id='word_1_336' title='bbox 673 2577 705 2649; x_wconf 83' lang='grc' dir='ltr'>ἢ</span> <span class='ocrx_word' id='word_1_337' title='bbox 737 2579 1139 2652; x_wconf 79' lang='grc' dir='ltr'><strong>ἐκληρήσαντα,</strong></span> <span class='ocrx_word' id='word_1_338' title='bbox 1160 2583 1252 2635; x_wconf 72' lang='grc' dir='ltr'><strong>καὶ</strong></span> <span class='ocrx_word' id='word_1_339' title='bbox 1274 2583 1495 2648; x_wconf 74' lang='grc' dir='ltr'><strong>πολλαίς</strong></span> <span class='ocrx_word' id='word_1_340' title='bbox 1527 2585 1808 2650; x_wconf 76' lang='grc' dir='ltr'><strong>τοιαύταις</strong></span> <span class='ocrx_word' id='word_1_341' title='bbox 1839 2586 1932 2641; x_wconf 72' lang='grc' dir='ltr'><strong>λέ-</strong></span> 
     </span>
    </p>
   </div>
   <div class='ocr_carea' id='block_1_47' title="bbox 329 2671 1931 2742">
    <p class='ocr_par' dir='ltr' id='par_1_47' title="bbox 329 2671 1931 2742">
     <span class='ocr_line' id='line_1_47' title="bbox 329 2671 1931 2742; baseline 0.006 -19"><span class='ocrx_word' id='word_1_342' title='bbox 329 2688 501 2742; x_wconf 78' lang='grc' dir='ltr'><strong>σχαις</strong></span> <span class='ocrx_word' id='word_1_343' title='bbox 524 2671 621 2726; x_wconf 85' lang='grc' dir='ltr'><strong>καὶ</strong></span> <span class='ocrx_word' id='word_1_344' title='bbox 645 2675 842 2736; x_wconf 80' lang='grc' dir='ltr'><strong>κακαῖς</strong></span> <span class='ocrx_word' id='word_1_345' title='bbox 869 2673 1027 2736; x_wconf 78' lang='grc' dir='ltr'><strong>ἄταις</strong></span> <span class='ocrx_word' id='word_1_346' title='bbox 1055 2674 1509 2742; x_wconf 86' lang='grc' dir='ltr'><strong>ἐνασελγαίνοντα</strong></span> <span class='ocrx_word' id='word_1_347' title='bbox 1529 2694 1543 2709; x_wconf 87' lang='grc'><strong>·</strong></span> <span class='ocrx_word' id='word_1_348' title='bbox 1570 2671 1645 2731; x_wconf 81' lang='grc' dir='ltr'><strong>ὧν</strong></span> <span class='ocrx_word' id='word_1_349' title='bbox 1676 2678 1786 2731; x_wconf 80' lang='grc' dir='ltr'><strong>οὐδ’</strong></span> <span class='ocrx_word' id='word_1_350' title='bbox 1815 2679 1931 2733; x_wconf 80' lang='grc' dir='ltr'><strong>ἐτέ-</strong></span> 
     </span>
    </p>
   </div>
   <div class='ocr_carea' id='block_1_48' title="bbox 331 2763 1927 2838">
    <p class='ocr_par' dir='ltr' id='par_1_48' title="bbox 331 2763 1927 2838">
     <span class='ocr_line' id='line_1_48' title="bbox 331 2763 1927 2838; baseline 0.003 -22"><span class='ocrx_word' id='word_1_351' title='bbox 331 2780 431 2833; x_wconf 88' lang='grc' dir='ltr'><strong>ρου</strong></span> <span class='ocrx_word' id='word_1_352' title='bbox 469 2763 722 2833; x_wconf 79' lang='grc' dir='ltr'><strong>μιμητὴν</strong></span> <span class='ocrx_word' id='word_1_353' title='bbox 751 2764 832 2826; x_wconf 87' lang='grc' dir='ltr'><strong>είς</strong></span> <span class='ocrx_word' id='word_1_354' title='bbox 858 2763 1068 2830; x_wconf 84' lang='grc' dir='ltr'><strong>λόγους,</strong></span> <span class='ocrx_word' id='word_1_355' title='bbox 1098 2765 1206 2817; x_wconf 72' lang='grc' dir='ltr'><strong>οὐδ’</strong></span> <span class='ocrx_word' id='word_1_356' title='bbox 1232 2765 1286 2818; x_wconf 78' lang='grc' dir='ltr'><strong>εἴ</strong></span> <span class='ocrx_word' id='word_1_357' title='bbox 1313 2782 1398 2829; x_wconf 83' lang='grc' dir='ltr'><strong>τις</strong></span> <span class='ocrx_word' id='word_1_358' title='bbox 1456 2766 1693 2830; x_wconf 77' lang='grc' dir='ltr'><strong>τοιοῦτος</strong></span> <span class='ocrx_word' id='word_1_359' title='bbox 1720 2769 1927 2838; x_wconf 74' lang='grc' dir='ltr'><strong>ἕτερος,</strong></span> 
     </span>
    </p>
   </div>
   <div class='ocr_carea' id='block_1_49' title="bbox 327 2853 1929 2931">
    <p class='ocr_par' dir='ltr' id='par_1_49' title="bbox 327 2853 1929 2931">
     <span class='ocr_line' id='line_1_49' title="bbox 327 2853 1929 2931; baseline 0.002 -24"><span class='ocrx_word' id='word_1_360' title='bbox 327 2854 431 2908; x_wconf 75' lang='grc' dir='ltr'><strong>τὸν</strong></span> <span class='ocrx_word' id='word_1_361' title='bbox 468 2853 777 2923; x_wconf 82' lang='grc' dir='ltr'><strong>θαυμάσιον</strong></span> <span class='ocrx_word' id='word_1_362' title='bbox 824 2855 1055 2918; x_wconf 76' lang='grc' dir='ltr'><strong>Παῦλον,</strong></span> <span class='ocrx_word' id='word_1_363' title='bbox 1086 2856 1208 2909; x_wconf 74' lang='grc' dir='ltr'><strong>οὐδὲ</strong></span> <span class='ocrx_word' id='word_1_364' title='bbox 1234 2857 1429 2910; x_wconf 89' lang='grc' dir='ltr'><strong>πολλοῦ</strong></span> <span class='ocrx_word' id='word_1_365' title='bbox 1462 2858 1563 2920; x_wconf 82' lang='grc' dir='ltr'><strong>δεῖ,</strong></span> <span class='ocrx_word' id='word_1_366' title='bbox 1598 2857 1791 2931; x_wconf 85' lang='grc' dir='ltr'><strong>ὥσπερ</strong></span> <span class='ocrx_word' id='word_1_367' title='bbox 1820 2860 1929 2911; x_wconf 75' lang='grc' dir='ltr'><strong>οὐδ’</strong></span> 
     </span>
    </p>
   </div>
   <div class='ocr_carea' id='block_1_50' title="bbox 329 2946 1928 3022">
    <p class='ocr_par' dir='ltr' id='par_1_50' title="bbox 329 2946 1928 3022">
     <span class='ocr_line' id='line_1_50' title="bbox 329 2946 1928 3022; baseline 0.004 -23"><span class='ocrx_word' id='word_1_368' title='bbox 329 2948 415 3010; x_wconf 76' lang='grc' dir='ltr'><strong>εἰς</strong></span> <span class='ocrx_word' id='word_1_369' title='bbox 450 2946 718 3017; x_wconf 84' lang='grc' dir='ltr'><strong>πράξεις·</strong></span> <span class='ocrx_word' id='word_1_370' title='bbox 751 2946 964 3011; x_wconf 75' lang='grc' dir='ltr'><strong>οὐδ”είς</strong></span> <span class='ocrx_word' id='word_1_371' title='bbox 992 2947 1178 3013; x_wconf 78' lang='grc' dir='ltr'><strong>σέδας,</strong></span> <span class='ocrx_word' id='word_1_372' title='bbox 1204 2948 1355 3019; x_wconf 84' lang='grc' dir='ltr'><strong>θείην</strong></span> <span class='ocrx_word' id='word_1_373' title='bbox 1384 2949 1451 3003; x_wconf 84' lang='grc' dir='ltr'>ἂν</span> <span class='ocrx_word' id='word_1_374' title='bbox 1483 2950 1680 3019; x_wconf 74' lang='grc' dir='ltr'><strong>ἔγωγε.</strong></span> <span class='ocrx_word' id='word_1_375' title='bbox 1709 2951 1783 3005; x_wconf 87' lang='grc' dir='ltr'><strong>Ού</strong></span> <span class='ocrx_word' id='word_1_376' title='bbox 1822 2951 1928 3022; x_wconf 79' lang='grc' dir='ltr'><strong>μὴν</strong></span> 
     </span>
    </p>
   </div>
   <div class='ocr_carea' id='block_1_51' title="bbox 329 3037 1928 3115">
    <p class='ocr_par' dir='ltr' id='par_1_51' title="bbox 329 3037 1928 3115">
     <span class='ocr_line' id='line_1_51' title="bbox 329 3037 1928 3115; baseline 0.004 -24"><span class='ocrx_word' id='word_1_377' title='bbox 329 3038 453 3092; x_wconf 78' lang='grc' dir='ltr'><strong>ἀλλ’</strong></span> <span class='ocrx_word' id='word_1_378' title='bbox 486 3037 600 3115; x_wconf 77' lang='grc' dir='ltr'><strong>οὐδ’</strong></span> <span class='ocrx_word' id='word_1_379' title='bbox 624 3040 657 3111; x_wconf 75' lang='grc' dir='ltr'>ἡ</span> <span class='ocrx_word' id='word_1_380' title='bbox 679 3039 934 3110; x_wconf 87' lang='grc' dir='ltr'><strong>Γόργειος</strong></span> <span class='ocrx_word' id='word_1_381' title='bbox 961 3041 1170 3105; x_wconf 81' lang='grc' dir='ltr'><strong>παιδιὰ,</strong></span> <span class='ocrx_word' id='word_1_382' title='bbox 1199 3044 1294 3095; x_wconf 76' lang='grc' dir='ltr'><strong>καὶ</strong></span> <span class='ocrx_word' id='word_1_383' title='bbox 1322 3042 1520 3114; x_wconf 74' lang='grc' dir='ltr'><strong>μικροῦ</strong></span> <span class='ocrx_word' id='word_1_384' title='bbox 1549 3044 1928 3115; x_wconf 84' lang='grc' dir='ltr'><strong>παρισουμένη</strong></span> 
     </span>
    </p>
   </div>
   <div class='ocr_carea' id='block_1_52' title="bbox 329 3113 1929 3207">
    <p class='ocr_par' dir='ltr' id='par_1_52' title="bbox 329 3113 1929 3207">
     <span class='ocr_line' id='line_1_52' title="bbox 329 3113 1929 3207; baseline 0.004 -20"><span class='ocrx_word' id='word_1_385' title='bbox 329 3134 451 3196; x_wconf 80' lang='grc' dir='ltr'><strong>τοῖς</strong></span> <span class='ocrx_word' id='word_1_386' title='bbox 485 3113 583 3186; x_wconf 65' lang='grc' dir='ltr'><strong>ξπὶ</strong></span> <span class='ocrx_word' id='word_1_387' title='bbox 616 3134 824 3204; x_wconf 83' lang='grc' dir='ltr'><strong>σκηνῆς</strong></span> <span class='ocrx_word' id='word_1_388' title='bbox 860 3134 969 3187; x_wconf 90' lang='grc' dir='ltr'><strong>τῶν</strong></span> <span class='ocrx_word' id='word_1_389' title='bbox 1006 3136 1281 3207; x_wconf 84' lang='grc' dir='ltr'><strong>χορευτῶν</strong></span> <span class='ocrx_word' id='word_1_390' title='bbox 1330 3113 1669 3207; x_wconf 83' lang='grc' dir='ltr'><strong>σκιρτήμασι</strong></span> <span class='ocrx_word' id='word_1_391' title='bbox 1709 3113 1807 3194; x_wconf 63' lang='grc' dir='ltr'><strong>καί</strong></span> <span class='ocrx_word' id='word_1_392' title='bbox 1836 3113 1929 3193; x_wconf 50' lang='grc' dir='ltr'><strong>λυέ</strong></span> 
     </span>
    </p>
   </div>
   <div class='ocr_carea' id='block_1_53' title="bbox 331 3222 1924 3296">
    <p class='ocr_par' dir='ltr' id='par_1_53' title="bbox 331 3222 1924 3296">
     <span class='ocr_line' id='line_1_53' title="bbox 331 3222 1924 3296; baseline 0.003 -21"><span class='ocrx_word' id='word_1_393' title='bbox 331 3222 607 3293; x_wconf 88' lang='grc' dir='ltr'><strong>γίσμασιν</strong></span> <span class='ocrx_word' id='word_1_394' title='bbox 654 3222 1039 3291; x_wconf 80' lang='grc' dir='ltr'><strong>ἀπαγγέλλειν,</strong></span> <span class='ocrx_word' id='word_1_395' title='bbox 1087 3223 1213 3289; x_wconf 81' lang='grc' dir='ltr'><strong>ἀξία</strong></span> <span class='ocrx_word' id='word_1_396' title='bbox 1250 3223 1312 3277; x_wconf 71' lang='grc' dir='ltr'><strong>τὸ</strong></span> <span class='ocrx_word' id='word_1_397' title='bbox 1347 3224 1483 3294; x_wconf 84' lang='grc' dir='ltr'><strong>βαθὺ</strong></span> <span class='ocrx_word' id='word_1_398' title='bbox 1513 3226 1607 3278; x_wconf 70' lang='grc' dir='ltr'><strong>καὶ</strong></span> <span class='ocrx_word' id='word_1_399' title='bbox 1643 3226 1873 3296; x_wconf 75' lang='grc' dir='ltr'><strong>βεϐηκὸς</strong></span> <span class='ocrx_word' id='word_1_400' title='bbox 1904 3226 1924 3265; x_wconf 73' lang='grc' dir='ltr'><strong>ί</strong></span> 
     </span>
    </p>
   </div>
   <div class='ocr_carea' id='block_1_54' title="bbox 324 3311 1930 3382">
    <p class='ocr_par' dir='ltr' id='par_1_54' title="bbox 324 3311 1930 3382">
     <span class='ocr_line' id='line_1_54' title="bbox 324 3311 1930 3382; baseline -0.001 -17"><span class='ocrx_word' id='word_1_401' title='bbox 324 3312 447 3365; x_wconf 77' lang='grc' dir='ltr'><strong>τῶν</strong></span> <span class='ocrx_word' id='word_1_402' title='bbox 482 3311 705 3382; x_wconf 70' lang='grc' dir='ltr'><strong>ὑψηλῶν</strong></span> <span class='ocrx_word' id='word_1_403' title='bbox 728 3312 940 3365; x_wconf 85' lang='grc' dir='ltr'><strong>Παύλου</strong></span> <span class='ocrx_word' id='word_1_404' title='bbox 972 3313 1280 3382; x_wconf 80' lang='grc' dir='ltr'><strong>νοημάτων.</strong></span> <span class='ocrx_word' id='word_1_405' title='bbox 1314 3311 1455 3365; x_wconf 82' lang='grc' dir='ltr'><strong>Ἀλλ’</strong></span> <span class='ocrx_word' id='word_1_406' title='bbox 1479 3313 1703 3365; x_wconf 84' lang='grc' dir='ltr'><strong>ἐκείνων</strong></span> <span class='ocrx_word' id='word_1_407' title='bbox 1730 3329 1791 3381; x_wconf 86' lang='grc' dir='ltr'><strong>γε</strong></span> <span class='ocrx_word' id='word_1_408' title='bbox 1819 3313 1930 3364; x_wconf 87' lang='grc' dir='ltr'><strong>τῶν</strong></span> 
     </span>
    </p>
   </div>
   <div class='ocr_carea' id='block_1_55' title="bbox 330 3399 1929 3474">
    <p class='ocr_par' dir='ltr' id='par_1_55' title="bbox 330 3399 1929 3474">
     <span class='ocr_line' id='line_1_55' title="bbox 330 3399 1929 3474; baseline -0.001 -18"><span class='ocrx_word' id='word_1_409' title='bbox 330 3402 517 3471; x_wconf 82' lang='grc' dir='ltr'><strong>λόγων</strong></span> <span class='ocrx_word' id='word_1_410' title='bbox 554 3404 655 3474; x_wconf 77' lang='grc' dir='ltr'><strong>τὴν</strong></span> <span class='ocrx_word' id='word_1_411' title='bbox 684 3402 930 3471; x_wconf 87' lang='grc' dir='ltr'><strong>γλῶτταν</strong></span> <span class='ocrx_word' id='word_1_412' title='bbox 960 3399 1074 3474; x_wconf 82' lang='grc' dir='ltr'><strong>εἶχε</strong></span> <span class='ocrx_word' id='word_1_413' title='bbox 1108 3403 1333 3467; x_wconf 82' lang='grc' dir='ltr'><strong>κανόνα,</strong></span> <span class='ocrx_word' id='word_1_414' title='bbox 1358 3402 1407 3454; x_wconf 78' lang='grc' dir='ltr'><strong>οἳ</strong></span> <span class='ocrx_word' id='word_1_415' title='bbox 1427 3402 1760 3472; x_wconf 76' lang='grc' dir='ltr'><strong>τηλικούτων</strong></span> <span class='ocrx_word' id='word_1_416' title='bbox 1785 3420 1929 3474; x_wconf 79' lang='grc' dir='ltr'><strong>πρα·</strong></span> 
     </span>
    </p>
   </div>
   <div class='ocr_carea' id='block_1_56' title="bbox 332 3493 1930 3564">
    <p class='ocr_par' dir='ltr' id='par_1_56' title="bbox 332 3493 1930 3564">
     <span class='ocr_line' id='line_1_56' title="bbox 332 3493 1930 3564; baseline 0 -17"><span class='ocrx_word' id='word_1_417' title='bbox 332 3494 575 3562; x_wconf 83' lang='grc' dir='ltr'><strong>γμάτων</strong></span> <span class='ocrx_word' id='word_1_418' title='bbox 599 3494 693 3547; x_wconf 77' lang='grc' dir='ltr'><strong>τὸν</strong></span> <span class='ocrx_word' id='word_1_419' title='bbox 725 3493 851 3547; x_wconf 82' lang='grc' dir='ltr'><strong>νοῦν</strong></span> <span class='ocrx_word' id='word_1_420' title='bbox 886 3494 1142 3563; x_wconf 72' lang='grc' dir='ltr'><strong>ἐκφέρειν</strong></span> <span class='ocrx_word' id='word_1_421' title='bbox 1176 3493 1429 3546; x_wconf 80' lang='grc' dir='ltr'><strong>ἐδύναντο</strong></span> <span class='ocrx_word' id='word_1_422' title='bbox 1459 3494 1579 3547; x_wconf 83' lang='grc' dir='ltr'><strong>κατ’</strong></span> <span class='ocrx_word' id='word_1_423' title='bbox 1607 3494 1790 3559; x_wconf 76' lang='grc' dir='ltr'><strong>ἀξίαν,</strong></span> <span class='ocrx_word' id='word_1_424' title='bbox 1822 3512 1930 3564; x_wconf 76' lang='grc' dir='ltr'><strong>μη-</strong></span> 
     </span>
    </p>
   </div>
   <div class='ocr_carea' id='block_1_57' title="bbox 328 3583 1930 3658">
    <p class='ocr_par' dir='ltr' id='par_1_57' title="bbox 328 3583 1930 3658">
     <span class='ocr_line' id='line_1_57' title="bbox 328 3583 1930 3658; baseline 0 -19"><span class='ocrx_word' id='word_1_425' title='bbox 328 3586 426 3639; x_wconf 80' lang='grc' dir='ltr'><strong>δὲν</strong></span> <span class='ocrx_word' id='word_1_426' title='bbox 494 3588 635 3658; x_wconf 80' lang='grc' dir='ltr'><strong>μήτε</strong></span> <span class='ocrx_word' id='word_1_427' title='bbox 693 3585 970 3647; x_wconf 73' lang='grc' dir='ltr'><strong>δολοῦντες</strong></span> <span class='ocrx_word' id='word_1_428' title='bbox 1008 3586 1145 3656; x_wconf 78' lang='grc' dir='ltr'><strong>μήτε</strong></span> <span class='ocrx_word' id='word_1_429' title='bbox 1177 3583 1571 3655; x_wconf 78' lang='grc' dir='ltr'><strong>ὲξυὸρίζοντες.</strong></span> <span class='ocrx_word' id='word_1_430' title='bbox 1617 3605 1635 3637; x_wconf 75' lang='lat' dir='ltr'><strong>r</strong></span> <span class='ocrx_word' id='word_1_431' title='bbox 1666 3587 1729 3638; x_wconf 83' lang='grc' dir='ltr'>Ὢ</span> <span class='ocrx_word' id='word_1_432' title='bbox 1768 3585 1930 3655; x_wconf 79' lang='grc' dir='ltr'><strong>βάθος</strong></span> 
     </span>
    </p>
   </div>
   <div class='ocr_carea' id='block_1_58' title="bbox 334 3676 1931 3747">
    <p class='ocr_par' dir='ltr' id='par_1_58' title="bbox 334 3676 1931 3747">
     <span class='ocr_line' id='line_1_58' title="bbox 334 3676 1931 3747; baseline -0.001 -16"><span class='ocrx_word' id='word_1_433' title='bbox 334 3677 581 3731; x_wconf 83' lang='grc' dir='ltr'><strong>πλούτου</strong></span> <span class='ocrx_word' id='word_1_434' title='bbox 609 3677 703 3730; x_wconf 75' lang='grc' dir='ltr'><strong>καὶ</strong></span> <span class='ocrx_word' id='word_1_435' title='bbox 728 3677 920 3746; x_wconf 84' lang='grc' dir='ltr'><strong>σοφίας</strong></span> <span class='ocrx_word' id='word_1_436' title='bbox 948 3679 1042 3731; x_wconf 74' lang='grc' dir='ltr'><strong>καὶ</strong></span> <span class='ocrx_word' id='word_1_437' title='bbox 1065 3678 1318 3745; x_wconf 82' lang='grc' dir='ltr'><strong>γνώσεως</strong></span> <span class='ocrx_word' id='word_1_438' title='bbox 1341 3677 1510 3731; x_wconf 67' lang='grc' dir='ltr'><strong>Θεοῦὲ</strong></span> <span class='ocrx_word' id='word_1_439' title='bbox 1543 3677 1619 3740; x_wconf 81' lang='grc' dir='ltr'><strong>ὡς</strong></span> <span class='ocrx_word' id='word_1_440' title='bbox 1651 3676 1931 3747; x_wconf 78' lang='grc' dir='ltr'><strong>ἀνεξερεύ-</strong></span> 
     </span>
    </p>
   </div>
   <div class='ocr_carea' id='block_1_59' title="bbox 334 3767 1932 3840">
    <p class='ocr_par' dir='ltr' id='par_1_59' title="bbox 334 3767 1932 3840">
     <span class='ocr_line' id='line_1_59' title="bbox 334 3767 1932 3840; baseline 0.001 -17"><span class='ocrx_word' id='word_1_441' title='bbox 334 3787 481 3839; x_wconf 84' lang='grc' dir='ltr'><strong>νητα</strong></span> <span class='ocrx_word' id='word_1_442' title='bbox 528 3768 600 3822; x_wconf 80' lang='grc' dir='ltr'><strong>τὰ</strong></span> <span class='ocrx_word' id='word_1_443' title='bbox 633 3768 877 3840; x_wconf 84' lang='grc' dir='ltr'><strong>κρίματα</strong></span> <span class='ocrx_word' id='word_1_444' title='bbox 908 3767 1096 3836; x_wconf 79' lang='grc' dir='ltr'><strong>αὐτοῦ,</strong></span> <span class='ocrx_word' id='word_1_445' title='bbox 1136 3770 1230 3822; x_wconf 76' lang='grc' dir='ltr'><strong>καὶ</strong></span> <span class='ocrx_word' id='word_1_446' title='bbox 1268 3768 1662 3839; x_wconf 77' lang='grc' dir='ltr'><strong>ἀνεξιχνίαστοι</strong></span> <span class='ocrx_word' id='word_1_447' title='bbox 1710 3770 1767 3821; x_wconf 88' lang='grc' dir='ltr'><strong>αί</strong></span> <span class='ocrx_word' id='word_1_448' title='bbox 1818 3770 1932 3824; x_wconf 74' lang='grc' dir='ltr'><strong>ὁδοὶ</strong></span> 
     </span>
    </p>
   </div>
   <div class='ocr_carea' id='block_1_60' title="bbox 335 3860 1932 3933">
    <p class='ocr_par' dir='ltr' id='par_1_60' title="bbox 335 3860 1932 3933">
     <span class='ocr_line' id='line_1_60' title="bbox 335 3860 1932 3933; baseline -0.001 -18"><span class='ocrx_word' id='word_1_449' title='bbox 335 3861 545 3916; x_wconf 75' lang='grc' dir='ltr'><strong>αύτοῦἰ</strong></span> <span class='ocrx_word' id='word_1_450' title='bbox 578 3863 697 3928; x_wconf 68' lang='grc' dir='ltr'><strong>καὶ,</strong></span> <span class='ocrx_word' id='word_1_451' title='bbox 734 3881 751 3912; x_wconf 86' lang='grc' dir='ltr'><strong>ι</strong></span> <span class='ocrx_word' id='word_1_452' title='bbox 772 3862 869 3925; x_wconf 86' lang='grc' dir='ltr'><strong>Τίς</strong></span> <span class='ocrx_word' id='word_1_453' title='bbox 896 3860 1036 3928; x_wconf 80' lang='grc' dir='ltr'><strong>ἔγνω</strong></span> <span class='ocrx_word' id='word_1_454' title='bbox 1065 3860 1190 3915; x_wconf 75' lang='grc' dir='ltr'><strong>νοῦν</strong></span> <span class='ocrx_word' id='word_1_455' title='bbox 1217 3862 1445 3933; x_wconf 78' lang='grc' dir='ltr'><strong>Κυρίου,</strong></span> <span class='ocrx_word' id='word_1_456' title='bbox 1470 3862 1502 3933; x_wconf 83' lang='grc' dir='ltr'>ἣ</span> <span class='ocrx_word' id='word_1_457' title='bbox 1526 3862 1609 3924; x_wconf 85' lang='grc' dir='ltr'><strong>τίς</strong></span> <span class='ocrx_word' id='word_1_458' title='bbox 1629 3860 1932 3931; x_wconf 77' lang='grc' dir='ltr'><strong>σύμϐουλος</strong></span> 
     </span>
    </p>
   </div>
   <div class='ocr_carea' id='block_1_61' title="bbox 334 3954 1931 4026">
    <p class='ocr_par' dir='ltr' id='par_1_61' title="bbox 334 3954 1931 4026">
     <span class='ocr_line' id='line_1_61' title="bbox 334 3954 1931 4026; baseline 0.001 -18"><span class='ocrx_word' id='word_1_459' title='bbox 334 3954 508 4009; x_wconf 77' lang='grc' dir='ltr'><strong>αὑτοῦ</strong></span> <span class='ocrx_word' id='word_1_460' title='bbox 556 3955 806 4023; x_wconf 71' lang='grc' dir='ltr'><strong>ἐγένετο’;</strong></span> <span class='ocrx_word' id='word_1_461' title='bbox 843 3973 861 4005; x_wconf 70' lang='grc' dir='ltr'><strong>ι</strong></span> <span class='ocrx_word' id='word_1_462' title='bbox 920 3955 976 4024; x_wconf 81' lang='grc' dir='ltr'><strong>ἢ,</strong></span> <span class='ocrx_word' id='word_1_463' title='bbox 1043 3974 1062 4009; x_wconf 77' lang='grc' dir='ltr'><strong>ι</strong></span> <span class='ocrx_word' id='word_1_464' title='bbox 1101 3955 1198 4019; x_wconf 88' lang='grc' dir='ltr'><strong>Τίς</strong></span> <span class='ocrx_word' id='word_1_465' title='bbox 1255 3956 1569 4026; x_wconf 85' lang='grc' dir='ltr'><strong>προέδωκεν</strong></span> <span class='ocrx_word' id='word_1_466' title='bbox 1627 3955 1775 4025; x_wconf 80' lang='grc' dir='ltr'><strong>αύτῴ</strong></span> <span class='ocrx_word' id='word_1_467' title='bbox 1836 3957 1931 4009; x_wconf 77' lang='grc' dir='ltr'><strong>καὶ</strong></span> 
     </span>
    </p>
   </div>
   <div class='ocr_carea' id='block_1_62' title="bbox 334 4047 1932 4120">
    <p class='ocr_par' dir='ltr' id='par_1_62' title="bbox 334 4047 1932 4120">
     <span class='ocr_line' id='line_1_62' title="bbox 334 4047 1932 4120; baseline -0.001 -18"><span class='ocrx_word' id='word_1_468' title='bbox 334 4047 843 4119; x_wconf 81' lang='grc' dir='ltr'><strong>ἀνταποδοθήσεται</strong></span> <span class='ocrx_word' id='word_1_469' title='bbox 903 4047 1087 4120; x_wconf 75' lang='grc' dir='ltr'><strong>αύτῷς</strong></span> <span class='ocrx_word' id='word_1_470' title='bbox 1119 4048 1353 4119; x_wconf 71' lang='grc' dir='ltr'><strong>Χριστὸς</strong></span> <span class='ocrx_word' id='word_1_471' title='bbox 1399 4050 1548 4119; x_wconf 74' lang='grc' dir='ltr'><strong>ἡμᾶς</strong></span> <span class='ocrx_word' id='word_1_472' title='bbox 1596 4047 1932 4119; x_wconf 78' lang='grc' dir='ltr'><strong>ἐξηγόρασεν</strong></span> 
     </span>
    </p>
   </div>
   <div class='ocr_carea' id='block_1_63' title="bbox 338 4139 1933 4211">
    <p class='ocr_par' dir='ltr' id='par_1_63' title="bbox 338 4139 1933 4211">
     <span class='ocr_line' id='line_1_63' title="bbox 338 4139 1933 4211; baseline 0.001 -18"><span class='ocrx_word' id='word_1_473' title='bbox 338 4143 408 4194; x_wconf 76' lang='grc' dir='ltr'><strong>ἐκ</strong></span> <span class='ocrx_word' id='word_1_474' title='bbox 454 4139 559 4209; x_wconf 80' lang='grc' dir='ltr'><strong>τῆς</strong></span> <span class='ocrx_word' id='word_1_475' title='bbox 606 4140 851 4210; x_wconf 83' lang='grc' dir='ltr'><strong>κατάρας</strong></span> <span class='ocrx_word' id='word_1_476' title='bbox 885 4140 980 4192; x_wconf 80' lang='grc' dir='ltr'><strong>τοῦ</strong></span> <span class='ocrx_word' id='word_1_477' title='bbox 1016 4141 1203 4210; x_wconf 75' lang='grc' dir='ltr'><strong>νόμον,</strong></span> <span class='ocrx_word' id='word_1_478' title='bbox 1259 4142 1543 4210; x_wconf 80' lang='grc' dir='ltr'><strong>γενόμενος</strong></span> <span class='ocrx_word' id='word_1_479' title='bbox 1589 4141 1730 4210; x_wconf 78' lang='grc' dir='ltr'><strong>ὑπὲρ</strong></span> <span class='ocrx_word' id='word_1_480' title='bbox 1774 4141 1933 4211; x_wconf 78' lang='grc' dir='ltr'><strong>ἡμῶν</strong></span> 
     </span>
    </p>
   </div>
   <div class='ocr_carea' id='block_1_64' title="bbox 339 4232 1933 4307">
    <p class='ocr_par' dir='ltr' id='par_1_64' title="bbox 339 4232 1933 4307">
     <span class='ocr_line' id='line_1_64' title="bbox 339 4232 1933 4307; baseline -0.001 -21"><span class='ocrx_word' id='word_1_481' title='bbox 339 4233 583 4303; x_wconf 84' lang='grc' dir='ltr'><strong>κατάρα.</strong></span> <span class='ocrx_word' id='word_1_482' title='bbox 621 4250 638 4282; x_wconf 76' lang='grc' dir='ltr'><strong>ι</strong></span> <span class='ocrx_word' id='word_1_483' title='bbox 683 4233 807 4285; x_wconf 73' lang='grc' dir='ltr'><strong>Ἐπὶ</strong></span> <span class='ocrx_word' id='word_1_484' title='bbox 845 4232 1019 4305; x_wconf 84' lang='grc' dir='ltr'><strong>ταύτῃ</strong></span> <span class='ocrx_word' id='word_1_485' title='bbox 1053 4234 1118 4303; x_wconf 82' lang='grc' dir='ltr'><strong>τῇ</strong></span> <span class='ocrx_word' id='word_1_486' title='bbox 1155 4236 1316 4303; x_wconf 78' lang='grc' dir='ltr'><strong>σοφίᾳ</strong></span> <span class='ocrx_word' id='word_1_487' title='bbox 1337 4232 1428 4284; x_wconf 83' lang='grc' dir='ltr'><strong>τὸν</strong></span> <span class='ocrx_word' id='word_1_488' title='bbox 1461 4232 1781 4307; x_wconf 79' lang='grc' dir='ltr'><strong>διδάσκαλον</strong></span> <span class='ocrx_word' id='word_1_489' title='bbox 1823 4232 1933 4301; x_wconf 87' lang='grc' dir='ltr'><strong>ἐγὼ</strong></span> 
     </span>
    </p>
   </div>
   <div class='ocr_carea' id='block_1_65' title="bbox 2038 1754 3619 1826">
    <p class='ocr_par' dir='ltr' id='par_1_65' title="bbox 2038 1754 3619 1826">
     <span class='ocr_line' id='line_1_65' title="bbox 2038 1754 3619 1826; baseline 0.002 -18"><span class='ocrx_word' id='word_1_490' title='bbox 2038 1765 2096 1808; x_wconf 90' lang='lat' dir='ltr'><strong>ut</strong></span> <span class='ocrx_word' id='word_1_491' title='bbox 2125 1769 2223 1807; x_wconf 92' lang='lat' dir='ltr'><strong>nec</strong></span> <span class='ocrx_word' id='word_1_492' title='bbox 2261 1754 2447 1807; x_wconf 85' lang='lat' dir='ltr'><strong>vultus</strong></span> <span class='ocrx_word' id='word_1_493' title='bbox 2482 1755 3017 1823; x_wconf 64' lang='lat' dir='ltr'><strong>repraesentationem</strong></span> <span class='ocrx_word' id='word_1_494' title='bbox 3066 1755 3307 1826; x_wconf 77' lang='lat' dir='ltr'><strong>aliquam</strong></span> <span class='ocrx_word' id='word_1_495' title='bbox 3360 1755 3492 1811; x_wconf 82' lang='lat' dir='ltr'><strong>velit</strong></span> <span class='ocrx_word' id='word_1_496' title='bbox 3527 1769 3619 1811; x_wconf 90' lang='lat' dir='ltr'><strong>re-</strong></span> 
     </span>
    </p>
   </div>
   <div class='ocr_carea' id='block_1_66' title="bbox 2032 1845 3618 1918">
    <p class='ocr_par' dir='ltr' id='par_1_66' title="bbox 2032 1845 3618 1918">
     <span class='ocr_line' id='line_1_66' title="bbox 2032 1845 3618 1918; baseline 0.003 -20"><span class='ocrx_word' id='word_1_497' title='bbox 2032 1860 2291 1911; x_wconf 77' lang='lat' dir='ltr'><strong>manere;</strong></span> <span class='ocrx_word' id='word_1_498' title='bbox 2319 1845 2412 1901; x_wconf 75' lang='lat' dir='ltr'><strong>sed</strong></span> <span class='ocrx_word' id='word_1_499' title='bbox 2443 1845 2497 1900; x_wconf 89' lang='lat' dir='ltr'><strong>itt</strong></span> <span class='ocrx_word' id='word_1_500' title='bbox 2522 1845 2751 1915; x_wconf 81' lang='lat' dir='ltr'><strong>ﬁguram</strong></span> <span class='ocrx_word' id='word_1_501' title='bbox 2787 1847 2943 1902; x_wconf 90' lang='lat' dir='ltr'><strong>nobis</strong></span> <span class='ocrx_word' id='word_1_502' title='bbox 2963 1845 3339 1918; x_wconf 73' lang='lat' dir='ltr'><strong>coniunctam,</strong></span> <span class='ocrx_word' id='word_1_503' title='bbox 3370 1847 3490 1904; x_wconf 86' lang='lat' dir='ltr'><strong>sine</strong></span> <span class='ocrx_word' id='word_1_504' title='bbox 3507 1847 3618 1902; x_wconf 82' lang='lat' dir='ltr'><strong>ulla</strong></span> 
     </span>
    </p>
   </div>
   <div class='ocr_carea' id='block_1_67' title="bbox 2029 1936 3618 2005">
    <p class='ocr_par' dir='ltr' id='par_1_67' title="bbox 2029 1936 3618 2005">
     <span class='ocr_line' id='line_1_67' title="bbox 2029 1936 3618 2005; baseline 0.001 -16"><span class='ocrx_word' id='word_1_505' title='bbox 2029 1936 2436 2003; x_wconf 80' lang='lat' dir='ltr'><strong>signiﬁcatione</strong></span> <span class='ocrx_word' id='word_1_506' title='bbox 2527 1936 2903 1990; x_wconf 84' lang='lat' dir='ltr'><strong>characterem</strong></span> <span class='ocrx_word' id='word_1_507' title='bbox 2986 1950 3178 1990; x_wconf 88' lang='lat' dir='ltr'><strong>eorum</strong></span> <span class='ocrx_word' id='word_1_508' title='bbox 3239 1936 3618 2005; x_wconf 89' lang='lat' dir='ltr'><strong>compingere.</strong></span> 
     </span>
    </p>
   </div>
   <div class='ocr_carea' id='block_1_68' title="bbox 2029 2025 3621 2097">
    <p class='ocr_par' dir='ltr' id='par_1_68' title="bbox 2029 2025 3621 2097">
     <span class='ocr_line' id='line_1_68' title="bbox 2029 2025 3621 2097; baseline 0.001 -19"><span class='ocrx_word' id='word_1_509' title='bbox 2029 2025 2184 2079; x_wconf 76' lang='lat' dir='ltr'><strong>Mitto</strong></span> <span class='ocrx_word' id='word_1_510' title='bbox 2215 2027 2269 2079; x_wconf 91' lang='lat' dir='ltr'><strong>in</strong></span> <span class='ocrx_word' id='word_1_511' title='bbox 2300 2026 2557 2097; x_wconf 71' lang='lat' dir='ltr'><strong>prmsettti</strong></span> <span class='ocrx_word' id='word_1_512' title='bbox 2590 2026 2949 2081; x_wconf 85' lang='lat' dir='ltr'><strong>oblinimenta</strong></span> <span class='ocrx_word' id='word_1_513' title='bbox 2992 2026 3303 2091; x_wconf 90' lang='lat' dir='ltr'><strong>oculorum,</strong></span> <span class='ocrx_word' id='word_1_514' title='bbox 3340 2042 3465 2096; x_wconf 65' lang='lat' dir='ltr'><strong>quae</strong></span> <span class='ocrx_word' id='word_1_515' title='bbox 3496 2025 3621 2081; x_wconf 81' lang='lat' dir='ltr'><strong>ani-</strong></span> 
     </span>
    </p>
   </div>
   <div class='ocr_carea' id='block_1_69' title="bbox 2032 2114 3620 2187">
    <p class='ocr_par' dir='ltr' id='par_1_69' title="bbox 2032 2114 3620 2187">
     <span class='ocr_line' id='line_1_69' title="bbox 2032 2114 3620 2187; baseline -0.001 -16"><span class='ocrx_word' id='word_1_516' title='bbox 2032 2134 2180 2171; x_wconf 88' lang='lat' dir='ltr'><strong>mum</strong></span> <span class='ocrx_word' id='word_1_517' title='bbox 2225 2117 2404 2187; x_wconf 81' lang='lat' dir='ltr'><strong>potius</strong></span> <span class='ocrx_word' id='word_1_518' title='bbox 2437 2116 2701 2184; x_wconf 78' lang='lat' dir='ltr'><strong>alliciunt,</strong></span> <span class='ocrx_word' id='word_1_519' title='bbox 2727 2132 2890 2187; x_wconf 85' lang='lat' dir='ltr'><strong>quam</strong></span> <span class='ocrx_word' id='word_1_520' title='bbox 2922 2117 3224 2186; x_wconf 84' lang='lat' dir='ltr'><strong>loquuntur</strong></span> <span class='ocrx_word' id='word_1_521' title='bbox 3250 2133 3265 2170; x_wconf 91' lang='lat'><strong>:</strong></span> <span class='ocrx_word' id='word_1_522' title='bbox 3289 2114 3472 2171; x_wconf 82' lang='lat' dir='ltr'><strong>carnis</strong></span> <span class='ocrx_word' id='word_1_523' title='bbox 3495 2131 3620 2186; x_wconf 57' lang='lat' dir='ltr'><strong>spe.</strong></span> 
     </span>
    </p>
   </div>
   <div class='ocr_carea' id='block_1_70' title="bbox 2033 2205 3620 2276">
    <p class='ocr_par' dir='ltr' id='par_1_70' title="bbox 2033 2205 3620 2276">
     <span class='ocr_line' id='line_1_70' title="bbox 2033 2205 3620 2276; baseline 0 -15"><span class='ocrx_word' id='word_1_524' title='bbox 2033 2219 2203 2261; x_wconf 86' lang='lat' dir='ltr'><strong>ratam</strong></span> <span class='ocrx_word' id='word_1_525' title='bbox 2237 2208 2690 2262; x_wconf 86' lang='lat' dir='ltr'><strong>constitutionem</strong></span> <span class='ocrx_word' id='word_1_526' title='bbox 2721 2209 2789 2262; x_wconf 87' lang='lat' dir='ltr'><strong>ad</strong></span> <span class='ocrx_word' id='word_1_527' title='bbox 2830 2215 3101 2274; x_wconf 87' lang='lat' dir='ltr'><strong>amantes,</strong></span> <span class='ocrx_word' id='word_1_528' title='bbox 3134 2205 3219 2261; x_wconf 86' lang='lat' dir='ltr'><strong>vel</strong></span> <span class='ocrx_word' id='word_1_529' title='bbox 3250 2205 3305 2259; x_wconf 93' lang='lat' dir='ltr'><strong>in</strong></span> <span class='ocrx_word' id='word_1_530' title='bbox 3334 2220 3400 2261; x_wconf 87' lang='lat' dir='ltr'><strong>ea</strong></span> <span class='ocrx_word' id='word_1_531' title='bbox 3434 2208 3620 2276; x_wconf 78' lang='lat' dir='ltr'><strong>potius</strong></span> 
     </span>
    </p>
   </div>
   <div class='ocr_carea' id='block_1_71' title="bbox 2030 2296 3619 2367">
    <p class='ocr_par' dir='ltr' id='par_1_71' title="bbox 2030 2296 3619 2367">
     <span class='ocr_line' id='line_1_71' title="bbox 2030 2296 3619 2367; baseline 0.001 -16"><span class='ocrx_word' id='word_1_532' title='bbox 2030 2297 2351 2362; x_wconf 74' lang='lat' dir='ltr'><strong>delirantes,</strong></span> <span class='ocrx_word' id='word_1_533' title='bbox 2394 2314 2459 2355; x_wconf 88' lang='lat' dir='ltr'><strong>ac</strong></span> <span class='ocrx_word' id='word_1_534' title='bbox 2486 2298 2675 2354; x_wconf 83' lang='lat' dir='ltr'><strong>multis</strong></span> <span class='ocrx_word' id='word_1_535' title='bbox 2724 2298 3037 2354; x_wconf 88' lang='lat' dir='ltr'><strong>istiusmodi</strong></span> <span class='ocrx_word' id='word_1_536' title='bbox 3090 2298 3325 2367; x_wconf 84' lang='lat' dir='ltr'><strong>negotiis</strong></span> <span class='ocrx_word' id='word_1_537' title='bbox 3355 2296 3538 2367; x_wconf 87' lang='lat' dir='ltr'><strong>impiis</strong></span> <span class='ocrx_word' id='word_1_538' title='bbox 3563 2306 3619 2352; x_wconf 91' lang='lat' dir='ltr'><strong>et</strong></span> 
     </span>
    </p>
   </div>
   <div class='ocr_carea' id='block_1_72' title="bbox 2032 2386 3685 2458">
    <p class='ocr_par' dir='ltr' id='par_1_72' title="bbox 2032 2386 3685 2458">
     <span class='ocr_line' id='line_1_72' title="bbox 2032 2386 3685 2458; baseline -0.002 -16"><span class='ocrx_word' id='word_1_539' title='bbox 2032 2387 2357 2444; x_wconf 85' lang='lat' dir='ltr'><strong>damnandis</strong></span> <span class='ocrx_word' id='word_1_540' title='bbox 2381 2389 2751 2453; x_wconf 87' lang='lat' dir='ltr'><strong>laselvientes,</strong></span> <span class='ocrx_word' id='word_1_541' title='bbox 2788 2404 3022 2458; x_wconf 87' lang='lat' dir='ltr'><strong>quorum</strong></span> <span class='ocrx_word' id='word_1_542' title='bbox 3056 2387 3113 2442; x_wconf 91' lang='lat' dir='ltr'><strong>in</strong></span> <span class='ocrx_word' id='word_1_543' title='bbox 3154 2387 3387 2443; x_wconf 86' lang='lat' dir='ltr'><strong>dicendo</strong></span> <span class='ocrx_word' id='word_1_544' title='bbox 3432 2386 3618 2441; x_wconf 88' lang='lat' dir='ltr'><strong>imita-</strong></span> <span class='ocrx_word' id='word_1_545' title='bbox 3682 2400 3685 2405; x_wconf 73' lang='lat'><em>‘</em></span> 
     </span>
    </p>
   </div>
   <div class='ocr_carea' id='block_1_73' title="bbox 2034 2479 3618 2547">
    <p class='ocr_par' dir='ltr' id='par_1_73' title="bbox 2034 2479 3618 2547">
     <span class='ocr_line' id='line_1_73' title="bbox 2034 2479 3618 2547; baseline -0.002 -11"><span class='ocrx_word' id='word_1_546' title='bbox 2034 2485 2233 2536; x_wconf 86' lang='lat' dir='ltr'><strong>tionem</strong></span> <span class='ocrx_word' id='word_1_547' title='bbox 2273 2483 2578 2537; x_wconf 84' lang='lat' dir='ltr'><strong>mirabilem</strong></span> <span class='ocrx_word' id='word_1_548' title='bbox 2611 2481 2763 2535; x_wconf 90' lang='lat' dir='ltr'><strong>illum</strong></span> <span class='ocrx_word' id='word_1_549' title='bbox 2818 2479 3073 2547; x_wconf 86' lang='lat' dir='ltr'><strong>Paulum,</strong></span> <span class='ocrx_word' id='word_1_550' title='bbox 3137 2479 3340 2535; x_wconf 86' lang='lat' dir='ltr'><strong>nedum</strong></span> <span class='ocrx_word' id='word_1_551' title='bbox 3389 2492 3618 2533; x_wconf 83' lang='lat' dir='ltr'><strong>venera-</strong></span> 
     </span>
    </p>
   </div>
   <div class='ocr_carea' id='block_1_74' title="bbox 2033 2570 3623 2644">
    <p class='ocr_par' dir='ltr' id='par_1_74' title="bbox 2033 2570 3623 2644">
     <span class='ocr_line' id='line_1_74' title="bbox 2033 2570 3623 2644; baseline -0.003 -15"><span class='ocrx_word' id='word_1_552' title='bbox 2033 2584 2207 2629; x_wconf 88' lang='lat' dir='ltr'><strong>torettt</strong></span> <span class='ocrx_word' id='word_1_553' title='bbox 2262 2574 2521 2639; x_wconf 67' lang='lat' dir='ltr'><strong>dixerim,</strong></span> <span class='ocrx_word' id='word_1_554' title='bbox 2575 2584 2631 2629; x_wconf 90' lang='lat' dir='ltr'><strong>et</strong></span> <span class='ocrx_word' id='word_1_555' title='bbox 2675 2574 2874 2644; x_wconf 81' lang='lat' dir='ltr'><strong>agendi</strong></span> <span class='ocrx_word' id='word_1_556' title='bbox 2927 2572 3279 2644; x_wconf 84' lang='lat' dir='ltr'><strong>participem.</strong></span> <span class='ocrx_word' id='word_1_557' title='bbox 3313 2570 3459 2638; x_wconf 88' lang='lat' dir='ltr'><strong>Quin</strong></span> <span class='ocrx_word' id='word_1_558' title='bbox 3517 2584 3623 2626; x_wconf 88' lang='lat' dir='ltr'><strong>nec</strong></span> 
     </span>
    </p>
   </div>
   <div class='ocr_carea' id='block_1_75' title="bbox 2031 2664 3615 2737">
    <p class='ocr_par' dir='ltr' id='par_1_75' title="bbox 2031 2664 3615 2737">
     <span class='ocr_line' id='line_1_75' title="bbox 2031 2664 3615 2737; baseline -0.004 -15"><span class='ocrx_word' id='word_1_559' title='bbox 2031 2667 2247 2737; x_wconf 79' lang='lat' dir='ltr'><strong>Gorgia:</strong></span> <span class='ocrx_word' id='word_1_560' title='bbox 2280 2666 2490 2721; x_wconf 83' lang='lat' dir='ltr'><strong>ludicra</strong></span> <span class='ocrx_word' id='word_1_561' title='bbox 2507 2667 2704 2732; x_wconf 91' lang='lat' dir='ltr'><strong>oratio,</strong></span> <span class='ocrx_word' id='word_1_562' title='bbox 2731 2666 2844 2721; x_wconf 79' lang='lat' dir='ltr'><strong>fere</strong></span> <span class='ocrx_word' id='word_1_563' title='bbox 2866 2682 2992 2721; x_wconf 91' lang='lat' dir='ltr'><strong>cum</strong></span> <span class='ocrx_word' id='word_1_564' title='bbox 3014 2668 3231 2722; x_wconf 87' lang='lat' dir='ltr'><strong>scenica</strong></span> <span class='ocrx_word' id='word_1_565' title='bbox 3256 2664 3615 2736; x_wconf 68' lang='lat' dir='ltr'><strong>adaequanda,</strong></span> 
     </span>
    </p>
   </div>
   <div class='ocr_carea' id='block_1_76' title="bbox 2032 2757 3616 2829">
    <p class='ocr_par' dir='ltr' id='par_1_76' title="bbox 2032 2757 3616 2829">
     <span class='ocr_line' id='line_1_76' title="bbox 2032 2757 3616 2829; baseline 0.001 -17"><span class='ocrx_word' id='word_1_566' title='bbox 2032 2772 2251 2829; x_wconf 86' lang='lat' dir='ltr'><strong>propter</strong></span> <span class='ocrx_word' id='word_1_567' title='bbox 2278 2761 2594 2814; x_wconf 89' lang='lat' dir='ltr'><strong>saltationes</strong></span> <span class='ocrx_word' id='word_1_568' title='bbox 2624 2759 2680 2812; x_wconf 90' lang='lat' dir='ltr'><strong>in</strong></span> <span class='ocrx_word' id='word_1_569' title='bbox 2711 2759 2899 2814; x_wconf 89' lang='lat' dir='ltr'><strong>choris</strong></span> <span class='ocrx_word' id='word_1_570' title='bbox 2930 2759 3290 2826; x_wconf 84' lang='lat' dir='ltr'><strong>salientium;</strong></span> <span class='ocrx_word' id='word_1_571' title='bbox 3334 2769 3387 2813; x_wconf 90' lang='lat' dir='ltr'><strong>et</strong></span> <span class='ocrx_word' id='word_1_572' title='bbox 3421 2757 3616 2813; x_wconf 87' lang='lat' dir='ltr'><strong>molles</strong></span> 
     </span>
    </p>
   </div>
   <div class='ocr_carea' id='block_1_77' title="bbox 2033 2847 3616 2921">
    <p class='ocr_par' dir='ltr' id='par_1_77' title="bbox 2033 2847 3616 2921">
     <span class='ocr_line' id='line_1_77' title="bbox 2033 2847 3616 2921; baseline -0.003 -16"><span class='ocrx_word' id='word_1_573' title='bbox 2033 2852 2373 2913; x_wconf 66' lang='lat' dir='ltr'><strong>inﬂexioncs.</strong></span> <span class='ocrx_word' id='word_1_574' title='bbox 2404 2862 2646 2904; x_wconf 88' lang='lat' dir='ltr'><strong>meretur</strong></span> <span class='ocrx_word' id='word_1_575' title='bbox 2684 2865 2808 2905; x_wconf 91' lang='lat' dir='ltr'><strong>cum</strong></span> <span class='ocrx_word' id='word_1_576' title='bbox 2833 2850 3099 2921; x_wconf 76' lang='lat' dir='ltr'><strong>gravitate</strong></span> <span class='ocrx_word' id='word_1_577' title='bbox 3129 2859 3183 2903; x_wconf 91' lang='lat' dir='ltr'><strong>et</strong></span> <span class='ocrx_word' id='word_1_578' title='bbox 3216 2849 3432 2903; x_wconf 85' lang='lat' dir='ltr'><strong>incessu</strong></span> <span class='ocrx_word' id='word_1_579' title='bbox 3458 2847 3616 2901; x_wconf 78' lang='lat' dir='ltr'><strong>Pan-</strong></span> 
     </span>
    </p>
   </div>
   <div class='ocr_carea' id='block_1_78' title="bbox 2033 2938 3612 3011">
    <p class='ocr_par' dir='ltr' id='par_1_78' title="bbox 2033 2938 3612 3011">
     <span class='ocr_line' id='line_1_78' title="bbox 2033 2938 3612 3011; baseline -0.003 -16"><span class='ocrx_word' id='word_1_580' title='bbox 2033 2941 2130 2995; x_wconf 89' lang='lat' dir='ltr'><strong>lini</strong></span> <span class='ocrx_word' id='word_1_581' title='bbox 2165 2956 2361 2995; x_wconf 86' lang='lat' dir='ltr'><strong>sensus</strong></span> <span class='ocrx_word' id='word_1_582' title='bbox 2394 2938 2675 3010; x_wconf 90' lang='lat' dir='ltr'><strong>componi,</strong></span> <span class='ocrx_word' id='word_1_583' title='bbox 2712 2940 2809 2996; x_wconf 89' lang='lat' dir='ltr'><strong>sed</strong></span> <span class='ocrx_word' id='word_1_584' title='bbox 2852 2940 3096 3011; x_wconf 78' lang='lat' dir='ltr'><strong>linguam</strong></span> <span class='ocrx_word' id='word_1_585' title='bbox 3131 2939 3221 2994; x_wconf 90' lang='lat' dir='ltr'><strong>ille</strong></span> <span class='ocrx_word' id='word_1_586' title='bbox 3254 2954 3412 2993; x_wconf 86' lang='lat' dir='ltr'><strong>suam</strong></span> <span class='ocrx_word' id='word_1_587' title='bbox 3449 2954 3612 3009; x_wconf 77' lang='lat' dir='ltr'><strong>regu-</strong></span> 
     </span>
    </p>
   </div>
   <div class='ocr_carea' id='block_1_79' title="bbox 1954 3024 3619 3101">
    <p class='ocr_par' dir='ltr' id='par_1_79' title="bbox 1954 3024 3619 3101">
     <span class='ocr_line' id='line_1_79' title="bbox 1954 3024 3619 3101; baseline 0.002 -19"><span class='ocrx_word' id='word_1_588' title='bbox 1954 3024 1998 3082; x_wconf 87' lang='lat' dir='ltr'><strong><em>C</em></strong></span> <span class='ocrx_word' id='word_1_589' title='bbox 2032 3035 2139 3088; x_wconf 88' lang='lat' dir='ltr'><strong>lant</strong></span> <span class='ocrx_word' id='word_1_590' title='bbox 2179 3031 2412 3087; x_wconf 84' lang='lat' dir='ltr'><strong>habebat</strong></span> <span class='ocrx_word' id='word_1_591' title='bbox 2454 3030 2612 3101; x_wconf 88' lang='lat' dir='ltr'><strong>quasi</strong></span> <span class='ocrx_word' id='word_1_592' title='bbox 2659 3046 2975 3087; x_wconf 87' lang='lat' dir='ltr'><strong>sermonum</strong></span> <span class='ocrx_word' id='word_1_593' title='bbox 3021 3030 3243 3086; x_wconf 75' lang='lat' dir='ltr'><strong>illorum</strong></span> <span class='ocrx_word' id='word_1_594' title='bbox 3275 3030 3370 3100; x_wconf 89' lang='lat' dir='ltr'><strong>qui</strong></span> <span class='ocrx_word' id='word_1_595' title='bbox 3422 3027 3619 3086; x_wconf 76' lang='lat' dir='ltr'><strong>efferre</strong></span> 
     </span>
    </p>
   </div>
   <div class='ocr_carea' id='block_1_80' title="bbox 2031 3123 3618 3195">
    <p class='ocr_par' dir='ltr' id='par_1_80' title="bbox 2031 3123 3618 3195">
     <span class='ocr_line' id='line_1_80' title="bbox 2031 3123 3618 3195; baseline 0 -19"><span class='ocrx_word' id='word_1_596' title='bbox 2031 3132 2283 3195; x_wconf 87' lang='lat' dir='ltr'><strong>poterant</strong></span> <span class='ocrx_word' id='word_1_597' title='bbox 2320 3140 2418 3194; x_wconf 86' lang='lat' dir='ltr'><strong>pro</strong></span> <span class='ocrx_word' id='word_1_598' title='bbox 2455 3123 2721 3193; x_wconf 82' lang='lat' dir='ltr'><strong>dignitate</strong></span> <span class='ocrx_word' id='word_1_599' title='bbox 2762 3133 3037 3178; x_wconf 86' lang='lat' dir='ltr'><strong>tantarum</strong></span> <span class='ocrx_word' id='word_1_600' title='bbox 3087 3137 3275 3178; x_wconf 90' lang='lat' dir='ltr'><strong>rerum</strong></span> <span class='ocrx_word' id='word_1_601' title='bbox 3304 3136 3527 3177; x_wconf 73' lang='lat' dir='ltr'><strong>sensum</strong></span> <span class='ocrx_word' id='word_1_602' title='bbox 3560 3128 3618 3176; x_wconf 86' lang='lat' dir='ltr'><strong>et</strong></span> 
     </span>
    </p>
   </div>
   <div class='ocr_carea' id='block_1_81' title="bbox 2030 3213 3618 3285">
    <p class='ocr_par' dir='ltr' id='par_1_81' title="bbox 2030 3213 3618 3285">
     <span class='ocr_line' id='line_1_81' title="bbox 2030 3213 3618 3285; baseline -0.003 -12"><span class='ocrx_word' id='word_1_603' title='bbox 2030 3217 2381 3285; x_wconf 67' lang='lat' dir='ltr'><strong>sententiam,</strong></span> <span class='ocrx_word' id='word_1_604' title='bbox 2415 3217 2535 3270; x_wconf 89' lang='lat' dir='ltr'><strong>sittc</strong></span> <span class='ocrx_word' id='word_1_605' title='bbox 2573 3218 2683 3270; x_wconf 90' lang='lat' dir='ltr'><strong>ulla</strong></span> <span class='ocrx_word' id='word_1_606' title='bbox 2733 3215 2818 3271; x_wconf 88' lang='lat' dir='ltr'><strong>sui</strong></span> <span class='ocrx_word' id='word_1_607' title='bbox 2849 3215 3202 3270; x_wconf 87' lang='lat' dir='ltr'><strong>contumelia.</strong></span> <span class='ocrx_word' id='word_1_608' title='bbox 3257 3234 3275 3268; x_wconf 80' lang='grc' dir='ltr'><strong>ι</strong></span> <span class='ocrx_word' id='word_1_609' title='bbox 3300 3213 3346 3270; x_wconf 87' lang='grc'>0</span> <span class='ocrx_word' id='word_1_610' title='bbox 3385 3214 3618 3269; x_wconf 86' lang='lat' dir='ltr'><strong>altitudo</strong></span> 
     </span>
    </p>
   </div>
   <div class='ocr_carea' id='block_1_82' title="bbox 2030 3306 3617 3377">
    <p class='ocr_par' dir='ltr' id='par_1_82' title="bbox 2030 3306 3617 3377">
     <span class='ocr_line' id='line_1_82' title="bbox 2030 3306 3617 3377; baseline -0.001 -15"><span class='ocrx_word' id='word_1_611' title='bbox 2030 3310 2347 3363; x_wconf 83' lang='lat' dir='ltr'><strong>divitiarum</strong></span> <span class='ocrx_word' id='word_1_612' title='bbox 2376 3308 2663 3377; x_wconf 73' lang='lat' dir='ltr'><strong>sapientia:</strong></span> <span class='ocrx_word' id='word_1_613' title='bbox 2704 3316 2762 3362; x_wconf 90' lang='lat' dir='ltr'><strong>et</strong></span> <span class='ocrx_word' id='word_1_614' title='bbox 2792 3307 3125 3377; x_wconf 77' lang='lat' dir='ltr'><strong>cognitionis</strong></span> <span class='ocrx_word' id='word_1_615' title='bbox 3177 3306 3377 3361; x_wconf 73' lang='lat' dir='ltr'><strong>divina:</strong></span> <span class='ocrx_word' id='word_1_616' title='bbox 3403 3306 3418 3360; x_wconf 87' lang='lat'><strong>!</strong></span> <span class='ocrx_word' id='word_1_617' title='bbox 3448 3321 3617 3377; x_wconf 83' lang='lat' dir='ltr'><strong>quam</strong></span> 
     </span>
    </p>
   </div>
   <div class='ocr_carea' id='block_1_83' title="bbox 2034 3398 3616 3470">
    <p class='ocr_par' dir='ltr' id='par_1_83' title="bbox 2034 3398 3616 3470">
     <span class='ocr_line' id='line_1_83' title="bbox 2034 3398 3616 3470; baseline -0.002 -15"><span class='ocrx_word' id='word_1_618' title='bbox 2034 3401 2639 3468; x_wconf 80' lang='lat' dir='ltr'><strong>iuserutabiliajudicia</strong></span> <span class='ocrx_word' id='word_1_619' title='bbox 2678 3401 2820 3470; x_wconf 75' lang='lat' dir='ltr'><strong>ejus,</strong></span> <span class='ocrx_word' id='word_1_620' title='bbox 2855 3410 2907 3455; x_wconf 90' lang='lat' dir='ltr'><strong>et</strong></span> <span class='ocrx_word' id='word_1_621' title='bbox 2952 3398 3486 3470; x_wconf 81' lang='lat' dir='ltr'><strong>itnpervestigabiles</strong></span> <span class='ocrx_word' id='word_1_622' title='bbox 3513 3398 3616 3452; x_wconf 68' lang='lat' dir='ltr'><strong>vim</strong></span> 
     </span>
    </p>
   </div>
   <div class='ocr_carea' id='block_1_84' title="bbox 2033 3484 3619 3561">
    <p class='ocr_par' dir='ltr' id='par_1_84' title="bbox 2033 3484 3619 3561">
     <span class='ocr_line' id='line_1_84' title="bbox 2033 3484 3619 3561; baseline -0.002 -18"><span class='ocrx_word' id='word_1_623' title='bbox 2033 3492 2195 3561; x_wconf 59' lang='lat' dir='ltr'><strong>«ius!</strong></span> <span class='ocrx_word' id='word_1_624' title='bbox 2237 3510 2255 3543; x_wconf 73' lang='grc' dir='ltr'><strong>ι</strong></span> <span class='ocrx_word' id='word_1_625' title='bbox 2296 3490 2379 3555; x_wconf 66' lang='lat' dir='ltr'><strong>lit,</strong></span> <span class='ocrx_word' id='word_1_626' title='bbox 2426 3509 2444 3542; x_wconf 77' lang='grc' dir='ltr'><strong>ι</strong></span> <span class='ocrx_word' id='word_1_627' title='bbox 2478 3489 2614 3556; x_wconf 86' lang='lat' dir='ltr'><strong>Quis</strong></span> <span class='ocrx_word' id='word_1_628' title='bbox 2645 3492 2798 3543; x_wconf 90' lang='lat' dir='ltr'><strong>novit</strong></span> <span class='ocrx_word' id='word_1_629' title='bbox 2823 3498 3061 3544; x_wconf 84' lang='lat' dir='ltr'><strong>mentem</strong></span> <span class='ocrx_word' id='word_1_630' title='bbox 3088 3487 3345 3541; x_wconf 84' lang='lat' dir='ltr'><strong>Domini?</strong></span> <span class='ocrx_word' id='word_1_631' title='bbox 3375 3486 3460 3540; x_wconf 82' lang='lat' dir='ltr'><strong>vel</strong></span> <span class='ocrx_word' id='word_1_632' title='bbox 3494 3484 3619 3556; x_wconf 87' lang='lat' dir='ltr'><strong>quis</strong></span> 
     </span>
    </p>
   </div>
   <div class='ocr_carea' id='block_1_85' title="bbox 2035 3578 3620 3651">
    <p class='ocr_par' dir='ltr' id='par_1_85' title="bbox 2035 3578 3620 3651">
     <span class='ocr_line' id='line_1_85' title="bbox 2035 3578 3620 3651; baseline -0.003 -13"><span class='ocrx_word' id='word_1_633' title='bbox 2035 3586 2109 3638; x_wconf 87' lang='lat' dir='ltr'><strong>illi</strong></span> <span class='ocrx_word' id='word_1_634' title='bbox 2151 3583 2255 3638; x_wconf 74' lang='lat' dir='ltr'><strong>fuit</strong></span> <span class='ocrx_word' id='word_1_635' title='bbox 2281 3600 2309 3637; x_wconf 87' lang='lat' dir='ltr'><strong>a</strong></span> <span class='ocrx_word' id='word_1_636' title='bbox 2343 3583 2652 3639; x_wconf 85' lang='lat' dir='ltr'><strong>consiliis”</strong></span> <span class='ocrx_word' id='word_1_637' title='bbox 2678 3583 2739 3636; x_wconf 66' lang='grc' dir='ltr'><strong>ἲ»</strong></span> <span class='ocrx_word' id='word_1_638' title='bbox 2779 3582 2863 3649; x_wconf 80' lang='lat' dir='ltr'><strong>Et,</strong></span> <span class='ocrx_word' id='word_1_639' title='bbox 2891 3600 2913 3634; x_wconf 71' lang='grc' dir='ltr'><strong>ι</strong></span> <span class='ocrx_word' id='word_1_640' title='bbox 2953 3581 3088 3649; x_wconf 82' lang='lat' dir='ltr'><strong>Quis</strong></span> <span class='ocrx_word' id='word_1_641' title='bbox 3129 3581 3285 3651; x_wconf 89' lang='lat' dir='ltr'><strong>prius</strong></span> <span class='ocrx_word' id='word_1_642' title='bbox 3333 3579 3481 3634; x_wconf 85' lang='lat' dir='ltr'><strong>dedit</strong></span> <span class='ocrx_word' id='word_1_643' title='bbox 3517 3578 3620 3648; x_wconf 77' lang='lat' dir='ltr'><strong>ipsi</strong></span> 
     </span>
    </p>
   </div>
   <div class='ocr_carea' id='block_1_86' title="bbox 2034 3672 3615 3731">
    <p class='ocr_par' dir='ltr' id='par_1_86' title="bbox 2034 3672 3615 3731">
     <span class='ocr_line' id='line_1_86' title="bbox 2034 3672 3615 3731; baseline -0.004 -1"><span class='ocrx_word' id='word_1_644' title='bbox 2034 3685 2093 3731; x_wconf 90' lang='lat' dir='ltr'><strong>ttt</strong></span> <span class='ocrx_word' id='word_1_645' title='bbox 2145 3676 2481 3730; x_wconf 83' lang='lat' dir='ltr'><strong>retribuatur</strong></span> <span class='ocrx_word' id='word_1_646' title='bbox 2518 3676 2613 3729; x_wconf 78' lang='lat' dir='ltr'><strong>ei?</strong></span> <span class='ocrx_word' id='word_1_647' title='bbox 2657 3674 2911 3729; x_wconf 82' lang='lat' dir='ltr'><strong>Christus</strong></span> <span class='ocrx_word' id='word_1_648' title='bbox 2959 3690 3061 3730; x_wconf 89' lang='lat' dir='ltr'><strong>nos</strong></span> <span class='ocrx_word' id='word_1_649' title='bbox 3100 3672 3331 3729; x_wconf 88' lang='lat' dir='ltr'><strong>redemit</strong></span> <span class='ocrx_word' id='word_1_650' title='bbox 3374 3687 3404 3726; x_wconf 65' lang='grc' dir='ltr'><strong>τι</strong></span> <span class='ocrx_word' id='word_1_651' title='bbox 3440 3674 3615 3725; x_wconf 86' lang='lat' dir='ltr'><strong>malc-</strong></span> 
     </span>
    </p>
   </div>
   <div class='ocr_carea' id='block_1_87' title="bbox 2034 3764 3614 3838">
    <p class='ocr_par' dir='ltr' id='par_1_87' title="bbox 2034 3764 3614 3838">
     <span class='ocr_line' id='line_1_87' title="bbox 2034 3764 3614 3838; baseline -0.005 -15"><span class='ocrx_word' id='word_1_652' title='bbox 2034 3769 2275 3823; x_wconf 86' lang='lat' dir='ltr'><strong>dictione</strong></span> <span class='ocrx_word' id='word_1_653' title='bbox 2304 3770 2459 3837; x_wconf 84' lang='lat' dir='ltr'><strong>h-‘gis,</strong></span> <span class='ocrx_word' id='word_1_654' title='bbox 2499 3767 2685 3822; x_wconf 73' lang='lat' dir='ltr'><strong>fat-tus</strong></span> <span class='ocrx_word' id='word_1_655' title='bbox 2710 3768 2824 3837; x_wconf 84' lang='lat' dir='ltr'><strong>ipse</strong></span> <span class='ocrx_word' id='word_1_656' title='bbox 2855 3783 2955 3838; x_wconf 90' lang='lat' dir='ltr'><strong>pro</strong></span> <span class='ocrx_word' id='word_1_657' title='bbox 2988 3766 3147 3821; x_wconf 89' lang='lat' dir='ltr'><strong>nobis</strong></span> <span class='ocrx_word' id='word_1_658' title='bbox 3186 3764 3499 3819; x_wconf 89' lang='lat' dir='ltr'><strong>maledictio</strong></span> <span class='ocrx_word' id='word_1_659' title='bbox 3530 3765 3572 3796; x_wconf 72' lang='lat'><strong>“</strong></span> <span class='ocrx_word' id='word_1_660' title='bbox 3595 3782 3614 3815; x_wconf 75' lang='grc' dir='ltr'><strong>ο</strong></span> 
     </span>
    </p>
   </div>
   <div class='ocr_carea' id='block_1_88' title="bbox 2032 3856 3617 3930">
    <p class='ocr_par' dir='ltr' id='par_1_88' title="bbox 2032 3856 3617 3930">
     <span class='ocr_line' id='line_1_88' title="bbox 2032 3856 3617 3930; baseline -0.003 -15"><span class='ocrx_word' id='word_1_661' title='bbox 2032 3862 2117 3915; x_wconf 86' lang='lat' dir='ltr'><strong>Ob</strong></span> <span class='ocrx_word' id='word_1_662' title='bbox 2148 3866 2286 3915; x_wconf 74' lang='lat' dir='ltr'><strong>hanc;</strong></span> <span class='ocrx_word' id='word_1_663' title='bbox 2322 3861 2495 3929; x_wconf 83' lang='lat' dir='ltr'><strong>ipsius</strong></span> <span class='ocrx_word' id='word_1_664' title='bbox 2523 3861 2866 3930; x_wconf 86' lang='lat' dir='ltr'><strong>sapientiam,</strong></span> <span class='ocrx_word' id='word_1_665' title='bbox 2898 3858 3087 3913; x_wconf 91' lang='lat' dir='ltr'><strong>ntttndi</strong></span> <span class='ocrx_word' id='word_1_666' title='bbox 3124 3860 3408 3914; x_wconf 81' lang='lat' dir='ltr'><strong>doctorem</strong></span> <span class='ocrx_word' id='word_1_667' title='bbox 3437 3856 3617 3911; x_wconf 80' lang='lat' dir='ltr'><strong>admi-</strong></span> 
     </span>
    </p>
   </div>
   <div class='ocr_carea' id='block_1_89' title="bbox 2035 3948 3619 4023">
    <p class='ocr_par' dir='ltr' id='par_1_89' title="bbox 2035 3948 3619 4023">
     <span class='ocr_line' id='line_1_89' title="bbox 2035 3948 3619 4023; baseline -0.003 -16"><span class='ocrx_word' id='word_1_668' title='bbox 2035 3969 2125 4008; x_wconf 89' lang='lat' dir='ltr'><strong>ror</strong></span> <span class='ocrx_word' id='word_1_669' title='bbox 2151 3968 2271 4021; x_wconf 85' lang='lat' dir='ltr'><strong>ego,</strong></span> <span class='ocrx_word' id='word_1_670' title='bbox 2311 3969 2486 4023; x_wconf 84' lang='lat' dir='ltr'><strong>neque</strong></span> <span class='ocrx_word' id='word_1_671' title='bbox 2517 3962 2601 4007; x_wconf 87' lang='lat' dir='ltr'><strong>est</strong></span> <span class='ocrx_word' id='word_1_672' title='bbox 2625 3968 2747 4007; x_wconf 90' lang='lat' dir='ltr'><strong>cum</strong></span> <span class='ocrx_word' id='word_1_673' title='bbox 2772 3952 3002 4006; x_wconf 88' lang='lat' dir='ltr'><strong>audacia</strong></span> <span class='ocrx_word' id='word_1_674' title='bbox 3034 3951 3328 4019; x_wconf 86' lang='lat' dir='ltr'><strong>conjuncta</strong></span> <span class='ocrx_word' id='word_1_675' title='bbox 3362 3950 3475 4004; x_wconf 71' lang='lat' dir='ltr'><strong>haec</strong></span> <span class='ocrx_word' id='word_1_676' title='bbox 3507 3948 3619 4003; x_wconf 86' lang='lat' dir='ltr'><strong>ad—</strong></span> 
     </span>
    </p>
   </div>
   <div class='ocr_carea' id='block_1_90' title="bbox 2034 4041 3618 4114">
    <p class='ocr_par' dir='ltr' id='par_1_90' title="bbox 2034 4041 3618 4114">
     <span class='ocr_line' id='line_1_90' title="bbox 2034 4041 3618 4114; baseline -0.004 -13"><span class='ocrx_word' id='word_1_677' title='bbox 2034 4047 2255 4101; x_wconf 85' lang='lat' dir='ltr'><strong>miratio</strong></span> <span class='ocrx_word' id='word_1_678' title='bbox 2287 4061 2406 4099; x_wconf 86' lang='lat' dir='ltr'><strong>mea</strong></span> <span class='ocrx_word' id='word_1_679' title='bbox 2435 4063 2449 4100; x_wconf 89' lang='lat'><strong>:</strong></span> <span class='ocrx_word' id='word_1_680' title='bbox 2483 4046 2575 4114; x_wconf 85' lang='lat' dir='ltr'><strong>qui</strong></span> <span class='ocrx_word' id='word_1_681' title='bbox 2613 4060 2739 4099; x_wconf 91' lang='lat' dir='ltr'><strong>cum</strong></span> <span class='ocrx_word' id='word_1_682' title='bbox 2771 4043 2912 4098; x_wconf 83' lang='lat' dir='ltr'><strong>istud</strong></span> <span class='ocrx_word' id='word_1_683' title='bbox 2967 4042 3357 4112; x_wconf 89' lang='lat' dir='ltr'><strong>pronuntiabat</strong></span> <span class='ocrx_word' id='word_1_684' title='bbox 3412 4041 3618 4096; x_wconf 77' lang='lat' dir='ltr'><strong>intelli-</strong></span> 
     </span>
    </p>
   </div>
   <div class='ocr_carea' id='block_1_91' title="bbox 2035 4134 3620 4209">
    <p class='ocr_par' dir='ltr' id='par_1_91' title="bbox 2035 4134 3620 4209">
     <span class='ocr_line' id='line_1_91' title="bbox 2035 4134 3620 4209; baseline -0.004 -19"><span class='ocrx_word' id='word_1_685' title='bbox 2035 4138 2185 4209; x_wconf 83' lang='lat' dir='ltr'><strong>gibili</strong></span> <span class='ocrx_word' id='word_1_686' title='bbox 2243 4145 2298 4192; x_wconf 85' lang='lat' dir='ltr'><strong>et</strong></span> <span class='ocrx_word' id='word_1_687' title='bbox 2331 4136 2603 4191; x_wconf 88' lang='lat' dir='ltr'><strong>constanti</strong></span> <span class='ocrx_word' id='word_1_688' title='bbox 2661 4151 2941 4196; x_wconf 83' lang='lat' dir='ltr'><strong>sermone,</strong></span> <span class='ocrx_word' id='word_1_689' title='bbox 2993 4134 3405 4203; x_wconf 86' lang='lat' dir='ltr'><strong>intelligendum</strong></span> <span class='ocrx_word' id='word_1_690' title='bbox 3464 4134 3620 4188; x_wconf 52' lang='lat' dir='ltr'><strong>exltin</strong></span> 
     </span>
    </p>
   </div>
   <div class='ocr_carea' id='block_1_92' title="bbox 2038 4229 3612 4302">
    <p class='ocr_par' dir='ltr' id='par_1_92' title="bbox 2038 4229 3612 4302">
     <span class='ocr_line' id='line_1_92' title="bbox 2038 4229 3612 4302; baseline -0.003 -16"><span class='ocrx_word' id='word_1_691' title='bbox 2038 4232 2196 4299; x_wconf 78' lang='lat' dir='ltr'><strong>hens,</strong></span> <span class='ocrx_word' id='word_1_692' title='bbox 2248 4247 2382 4302; x_wconf 84' lang='lat' dir='ltr'><strong>quo,</strong></span> <span class='ocrx_word' id='word_1_693' title='bbox 2428 4231 2481 4286; x_wconf 90' lang='lat' dir='ltr'><strong>id</strong></span> <span class='ocrx_word' id='word_1_694' title='bbox 2511 4230 2657 4301; x_wconf 85' lang='lat' dir='ltr'><strong>quod</strong></span> <span class='ocrx_word' id='word_1_695' title='bbox 2730 4230 2991 4285; x_wconf 90' lang='lat' dir='ltr'><strong>omnibus</strong></span> <span class='ocrx_word' id='word_1_696' title='bbox 3040 4229 3318 4293; x_wconf 83' lang='lat' dir='ltr'><strong>conducit,</strong></span> <span class='ocrx_word' id='word_1_697' title='bbox 3366 4230 3612 4283; x_wconf 81' lang='lat' dir='ltr'><strong>docetur.</strong></span> 
     </span>
    </p>
   </div>
   <div class='ocr_carea' id='block_1_93' title="bbox 337 4322 1927 4417">
    <p class='ocr_par' dir='ltr' id='par_1_93' title="bbox 337 4322 1927 4397">
     <span class='ocr_line' id='line_1_93' title="bbox 337 4322 1927 4397; baseline 0 -20"><span class='ocrx_word' id='word_1_698' title='bbox 337 4324 443 4394; x_wconf 84' lang='grc' dir='ltr'><strong>τῆς</strong></span> <span class='ocrx_word' id='word_1_699' title='bbox 473 4324 800 4394; x_wconf 72' lang='grc' dir='ltr'><strong>οἰκουμένης</strong></span> <span class='ocrx_word' id='word_1_700' title='bbox 839 4323 1061 4389; x_wconf 79' lang='grc' dir='ltr'><strong>θειάζω,</strong></span> <span class='ocrx_word' id='word_1_701' title='bbox 1099 4325 1194 4377; x_wconf 73' lang='grc' dir='ltr'><strong>καὶ</strong></span> <span class='ocrx_word' id='word_1_702' title='bbox 1242 4322 1480 4386; x_wconf 78' lang='grc' dir='ltr'><strong>θειάζειν</strong></span> <span class='ocrx_word' id='word_1_703' title='bbox 1536 4323 1601 4377; x_wconf 84' lang='grc' dir='ltr'><strong>ἂν</strong></span> <span class='ocrx_word' id='word_1_704' title='bbox 1646 4325 1813 4389; x_wconf 76' lang='grc' dir='ltr'><strong>ἀξίως</strong></span> <span class='ocrx_word' id='word_1_705' title='bbox 1856 4326 1927 4397; x_wconf 77' lang='grc' dir='ltr'><strong>μὴ</strong></span> 
     </span>
    </p>
   </div>
   <div class='ocr_carea' id='block_1_94' title="bbox 2031 4322 3616 4417">
    <p class='ocr_par' dir='ltr' id='par_1_94' title="bbox 2040 4322 3616 4396">
     <span class='ocr_line' id='line_1_94' title="bbox 2040 4322 3616 4396; baseline -0.005 -15"><span class='ocrx_word' id='word_1_706' title='bbox 2040 4330 2180 4396; x_wconf 88' lang='lat' dir='ltr'><strong>Quid</strong></span> <span class='ocrx_word' id='word_1_707' title='bbox 2212 4329 2462 4383; x_wconf 89' lang='lat' dir='ltr'><strong>dicturus</strong></span> <span class='ocrx_word' id='word_1_708' title='bbox 2487 4334 2571 4381; x_wconf 85' lang='lat' dir='ltr'><strong>est</strong></span> <span class='ocrx_word' id='word_1_709' title='bbox 2620 4324 2876 4381; x_wconf 86' lang='lat' dir='ltr'><strong>dictionis</strong></span> <span class='ocrx_word' id='word_1_710' title='bbox 2910 4324 3202 4395; x_wconf 90' lang='lat' dir='ltr'><strong>puritatem</strong></span> <span class='ocrx_word' id='word_1_711' title='bbox 3239 4322 3485 4387; x_wconf 89' lang='lat' dir='ltr'><strong>intuens,</strong></span> <span class='ocrx_word' id='word_1_712' title='bbox 3518 4339 3616 4376; x_wconf 62' lang='grc' dir='ltr'><strong>ειυς)</strong></span> 
     </span>
    </p>
   </div>
   <div class='ocr_carea' id='block_1_95' title="bbox 337 4410 1927 4491">
    <p class='ocr_par' dir='ltr' id='par_1_95' title="bbox 337 4410 1927 4487">
     <span class='ocr_line' id='line_1_95' title="bbox 337 4410 1927 4487; baseline -0.004 -11"><span class='ocrx_word' id='word_1_713' title='bbox 337 4416 618 4487; x_wconf 66' lang='grc' dir='ltr'><strong>τολμηρὸν</strong></span> <span class='ocrx_word' id='word_1_714' title='bbox 651 4414 940 4485; x_wconf 63' lang='grc' dir='ltr'><strong>εὐξαίμην,</strong></span> <span class='ocrx_word' id='word_1_715' title='bbox 966 4416 1033 4470; x_wconf 85' lang='grc' dir='ltr'><strong>δι’</strong></span> <span class='ocrx_word' id='word_1_716' title='bbox 1064 4410 1135 4487; x_wconf 80' lang='grc' dir='ltr'><strong>ἧς</strong></span> <span class='ocrx_word' id='word_1_717' title='bbox 1164 4415 1390 4470; x_wconf 82' lang='grc' dir='ltr'><strong>τοιαῦτα</strong></span> <span class='ocrx_word' id='word_1_718' title='bbox 1419 4414 1739 4484; x_wconf 78' lang='grc' dir='ltr'><strong>ἐφθέγγετο,</strong></span> <span class='ocrx_word' id='word_1_719' title='bbox 1775 4416 1927 4485; x_wconf 78' lang='grc' dir='ltr'><strong>εὐσή-</strong></span> 
     </span>
    </p>
   </div>
   <div class='ocr_carea' id='block_1_96' title="bbox 2031 4410 3614 4491">
    <p class='ocr_par' dir='ltr' id='par_1_96' title="bbox 2039 4417 3614 4491">
     <span class='ocr_line' id='line_1_96' title="bbox 2039 4417 3614 4491; baseline -0.006 -14"><span class='ocrx_word' id='word_1_720' title='bbox 2039 4423 2186 4477; x_wconf 86' lang='lat' dir='ltr'><strong>iliam</strong></span> <span class='ocrx_word' id='word_1_721' title='bbox 2218 4438 2341 4491; x_wconf 77' lang='lat' dir='ltr'><strong>qua:</strong></span> <span class='ocrx_word' id='word_1_722' title='bbox 2368 4428 2577 4490; x_wconf 84' lang='lat' dir='ltr'><strong>spectat</strong></span> <span class='ocrx_word' id='word_1_723' title='bbox 2606 4417 2989 4474; x_wconf 87' lang='lat' dir='ltr'><strong>rectitudiuem</strong></span> <span class='ocrx_word' id='word_1_724' title='bbox 3022 4418 3194 4483; x_wconf 89' lang='lat' dir='ltr'><strong>vocis,</strong></span> <span class='ocrx_word' id='word_1_725' title='bbox 3228 4426 3281 4472; x_wconf 88' lang='lat' dir='ltr'><strong>et</strong></span> <span class='ocrx_word' id='word_1_726' title='bbox 3306 4432 3614 4485; x_wconf 78' lang='lat' dir='ltr'><strong>congruen-</strong></span> 
     </span>
    </p>
   </div>
   <div class='ocr_carea' id='block_1_97' title="bbox 344 4507 1939 4579">
    <p class='ocr_par' dir='ltr' id='par_1_97' title="bbox 344 4507 1939 4579">
     <span class='ocr_line' id='line_1_97' title="bbox 344 4507 1939 4579; baseline 0.004 -20"><span class='ocrx_word' id='word_1_727' title='bbox 344 4525 434 4579; x_wconf 83' lang='grc' dir='ltr'><strong>μῳ</strong></span> <span class='ocrx_word' id='word_1_728' title='bbox 463 4509 565 4577; x_wconf 80' lang='grc' dir='ltr'><strong>μὲν</strong></span> <span class='ocrx_word' id='word_1_729' title='bbox 599 4509 694 4560; x_wconf 79' lang='grc' dir='ltr'><strong>καὶ</strong></span> <span class='ocrx_word' id='word_1_730' title='bbox 721 4508 958 4577; x_wconf 75' lang='grc' dir='ltr'><strong>σταθερᾷ</strong></span> <span class='ocrx_word' id='word_1_731' title='bbox 988 4508 1132 4575; x_wconf 82' lang='grc' dir='ltr'><strong>λέξει</strong></span> <span class='ocrx_word' id='word_1_732' title='bbox 1162 4507 1223 4561; x_wconf 76' lang='grc' dir='ltr'><strong>τδ</strong></span> <span class='ocrx_word' id='word_1_733' title='bbox 1257 4508 1437 4579; x_wconf 86' lang='grc' dir='ltr'><strong>νόημα</strong></span> <span class='ocrx_word' id='word_1_734' title='bbox 1474 4508 1775 4579; x_wconf 80' lang='grc' dir='ltr'><strong>παριστῶν,</strong></span> <span class='ocrx_word' id='word_1_735' title='bbox 1820 4528 1939 4564; x_wconf 91' lang='grc' dir='ltr'><strong>κοι-</strong></span> 
     </span>
    </p>
   </div>
   <div class='ocr_carea' id='block_1_98' title="bbox 340 4599 1937 4671">
    <p class='ocr_par' dir='ltr' id='par_1_98' title="bbox 340 4599 1937 4671">
     <span class='ocr_line' id='line_1_98' title="bbox 340 4599 1937 4671; baseline 0.003 -19"><span class='ocrx_word' id='word_1_736' title='bbox 340 4599 437 4652; x_wconf 84' lang='grc' dir='ltr'><strong>νδν</strong></span> <span class='ocrx_word' id='word_1_737' title='bbox 483 4599 542 4652; x_wconf 80' lang='grc' dir='ltr'><strong>δὲ</strong></span> <span class='ocrx_word' id='word_1_738' title='bbox 579 4601 715 4652; x_wconf 82' lang='grc' dir='ltr'><strong>πᾶσι</strong></span> <span class='ocrx_word' id='word_1_739' title='bbox 755 4600 819 4651; x_wconf 81' lang='grc' dir='ltr'><strong>τὸ</strong></span> <span class='ocrx_word' id='word_1_740' title='bbox 865 4599 1059 4670; x_wconf 76' lang='grc' dir='ltr'><strong>ὄφελος</strong></span> <span class='ocrx_word' id='word_1_741' title='bbox 1106 4599 1404 4671; x_wconf 89' lang='grc' dir='ltr'><strong>προτιθείς.</strong></span> <span class='ocrx_word' id='word_1_742' title='bbox 1457 4600 1522 4651; x_wconf 85' lang='grc' dir='ltr'><strong>Τί</strong></span> <span class='ocrx_word' id='word_1_743' title='bbox 1560 4601 1606 4652; x_wconf 84' lang='grc' dir='ltr'><strong>δ’</strong></span> <span class='ocrx_word' id='word_1_744' title='bbox 1640 4599 1707 4653; x_wconf 85' lang='grc' dir='ltr'><strong>ἂν</strong></span> <span class='ocrx_word' id='word_1_745' title='bbox 1760 4601 1937 4668; x_wconf 79' lang='grc' dir='ltr'><strong>εἴποις</strong></span> 
     </span>
    </p>
   </div>
   <div class='ocr_carea' id='block_1_99' title="bbox 343 4690 1939 4765">
    <p class='ocr_par' dir='ltr' id='par_1_99' title="bbox 343 4690 1939 4765">
     <span class='ocr_line' id='line_1_99' title="bbox 343 4690 1939 4765; baseline 0.001 -18"><span class='ocrx_word' id='word_1_746' title='bbox 343 4693 698 4764; x_wconf 68' lang='grc' dir='ltr'><strong>δνθεωρησας</strong></span> <span class='ocrx_word' id='word_1_747' title='bbox 731 4692 895 4746; x_wconf 77' lang='grc' dir='ltr'><strong>αὑτοῦ</strong></span> <span class='ocrx_word' id='word_1_748' title='bbox 931 4694 992 4745; x_wconf 78' lang='grc' dir='ltr'><strong>τὸ</strong></span> <span class='ocrx_word' id='word_1_749' title='bbox 1030 4692 1275 4763; x_wconf 86' lang='grc' dir='ltr'><strong>καθαρὸν</strong></span> <span class='ocrx_word' id='word_1_750' title='bbox 1302 4690 1409 4745; x_wconf 86' lang='grc' dir='ltr'><strong>τῶν</strong></span> <span class='ocrx_word' id='word_1_751' title='bbox 1438 4694 1721 4764; x_wconf 73' lang='grc' dir='ltr'><strong>ῥημάτων,</strong></span> <span class='ocrx_word' id='word_1_752' title='bbox 1751 4695 1813 4748; x_wconf 82' lang='grc' dir='ltr'><strong>ού</strong></span> <span class='ocrx_word' id='word_1_753' title='bbox 1839 4695 1939 4765; x_wconf 61' lang='grc' dir='ltr'><strong>μό-</strong></span> 
     </span>
    </p>
   </div>
   <div class='ocr_carea' id='block_1_100' title="bbox 341 4784 1929 4857">
    <p class='ocr_par' dir='ltr' id='par_1_100' title="bbox 341 4784 1929 4857">
     <span class='ocr_line' id='line_1_100' title="bbox 341 4784 1929 4857; baseline 0.003 -20"><span class='ocrx_word' id='word_1_754' title='bbox 341 4786 437 4838; x_wconf 72' lang='grc' dir='ltr'><strong>νον</strong></span> <span class='ocrx_word' id='word_1_755' title='bbox 476 4785 602 4838; x_wconf 79' lang='grc' dir='ltr'><strong>ὅσον</strong></span> <span class='ocrx_word' id='word_1_756' title='bbox 638 4786 718 4847; x_wconf 81' lang='grc' dir='ltr'><strong>εἰς</strong></span> <span class='ocrx_word' id='word_1_757' title='bbox 747 4784 1015 4855; x_wconf 79' lang='grc' dir='ltr'><strong>ὀρθότητα</strong></span> <span class='ocrx_word' id='word_1_758' title='bbox 1054 4785 1240 4856; x_wconf 77' lang='grc' dir='ltr'><strong>φωνῆς</strong></span> <span class='ocrx_word' id='word_1_759' title='bbox 1280 4786 1377 4839; x_wconf 69' lang='grc' dir='ltr'><strong>καὶ</strong></span> <span class='ocrx_word' id='word_1_760' title='bbox 1420 4786 1760 4857; x_wconf 81' lang='grc' dir='ltr'><strong>συμμετρίαν</strong></span> <span class='ocrx_word' id='word_1_761' title='bbox 1802 4788 1929 4857; x_wconf 78' lang='grc' dir='ltr'><strong>ἥκει</strong></span> 
     </span>
    </p>
   </div>
   <div class='ocr_carea' id='block_1_101' title="bbox 344 4876 1931 4949">
    <p class='ocr_par' dir='ltr' id='par_1_101' title="bbox 344 4876 1931 4949">
     <span class='ocr_line' id='line_1_101' title="bbox 344 4876 1931 4949; baseline 0.003 -19"><span class='ocrx_word' id='word_1_762' title='bbox 344 4876 615 4946; x_wconf 77' lang='grc' dir='ltr'><strong>περιόδων</strong></span> <span class='ocrx_word' id='word_1_763' title='bbox 646 4877 979 4947; x_wconf 74' lang='grc' dir='ltr'><strong>ἐναρμονίως</strong></span> <span class='ocrx_word' id='word_1_764' title='bbox 1002 4877 1450 4949; x_wconf 80' lang='grc' dir='ltr'><strong>συστελλόμενον,</strong></span> <span class='ocrx_word' id='word_1_765' title='bbox 1486 4878 1623 4931; x_wconf 75' lang='grc' dir='ltr'><strong>ἀλλὰ</strong></span> <span class='ocrx_word' id='word_1_766' title='bbox 1658 4881 1751 4933; x_wconf 72' lang='grc' dir='ltr'><strong>καὶ</strong></span> <span class='ocrx_word' id='word_1_767' title='bbox 1798 4882 1852 4936; x_wconf 81' lang='grc' dir='ltr'><strong>εἴ</strong></span> <span class='ocrx_word' id='word_1_768' title='bbox 1878 4898 1931 4935; x_wconf 86' lang='grc' dir='ltr'><strong>τι</strong></span> 
     </span>
    </p>
   </div>
   <div class='ocr_carea' id='block_1_102' title="bbox 347 4969 1931 5041">
    <p class='ocr_par' dir='ltr' id='par_1_102' title="bbox 347 4969 1931 5041">
     <span class='ocr_line' id='line_1_102' title="bbox 347 4969 1931 5041; baseline 0.003 -20"><span class='ocrx_word' id='word_1_769' title='bbox 347 4970 488 5039; x_wconf 75' lang='grc' dir='ltr'><strong>πρὸς</strong></span> <span class='ocrx_word' id='word_1_770' title='bbox 532 4970 632 5040; x_wconf 76' lang='grc' dir='ltr'><strong>τὴν</strong></span> <span class='ocrx_word' id='word_1_771' title='bbox 680 4969 789 5023; x_wconf 86' lang='grc' dir='ltr'><strong>τῶν</strong></span> <span class='ocrx_word' id='word_1_772' title='bbox 828 4972 1170 5041; x_wconf 81' lang='grc' dir='ltr'><strong>πραγμάτων</strong></span> <span class='ocrx_word' id='word_1_773' title='bbox 1222 4971 1502 5041; x_wconf 74' lang='grc' dir='ltr'><strong>ἀφήγησιν</strong></span> <span class='ocrx_word' id='word_1_774' title='bbox 1546 4971 1931 5037; x_wconf 83' lang='grc' dir='ltr'><strong>ἁπευθύνεται,</strong></span> 
     </span>
    </p>
   </div>
   <div class='ocr_carea' id='block_1_103' title="bbox 350 5060 1934 5136">
    <p class='ocr_par' dir='ltr' id='par_1_103' title="bbox 350 5060 1934 5136">
     <span class='ocr_line' id='line_1_103' title="bbox 350 5060 1934 5136; baseline 0.002 -24"><span class='ocrx_word' id='word_1_775' title='bbox 350 5060 519 5131; x_wconf 71' lang='grc' dir='ltr'><strong>μηδὲν</strong></span> <span class='ocrx_word' id='word_1_776' title='bbox 546 5062 654 5114; x_wconf 87' lang='grc' dir='ltr'><strong>τῶν</strong></span> <span class='ocrx_word' id='word_1_777' title='bbox 679 5063 993 5130; x_wconf 82' lang='grc' dir='ltr'><strong>ἀναγκαίων</strong></span> <span class='ocrx_word' id='word_1_778' title='bbox 1028 5062 1227 5128; x_wconf 74' lang='grc' dir='ltr'><strong>ἔξωθεν</strong></span> <span class='ocrx_word' id='word_1_779' title='bbox 1258 5063 1672 5136; x_wconf 80' lang='grc' dir='ltr'><strong>ἐπισυρόμενον,</strong></span> <span class='ocrx_word' id='word_1_780' title='bbox 1694 5066 1780 5133; x_wconf 82' lang='grc' dir='ltr'><strong>ἐφ’</strong></span> <span class='ocrx_word' id='word_1_781' title='bbox 1810 5066 1934 5118; x_wconf 79' lang='grc' dir='ltr'><strong>ὅσον</strong></span> 
     </span>
    </p>
   </div>
   <div class='ocr_carea' id='block_1_104' title="bbox 349 5153 1934 5226">
    <p class='ocr_par' dir='ltr' id='par_1_104' title="bbox 349 5153 1934 5226">
     <span class='ocr_line' id='line_1_104' title="bbox 349 5153 1934 5226; baseline 0.002 -18"><span class='ocrx_word' id='word_1_782' title='bbox 349 5169 409 5208; x_wconf 82' lang='grc' dir='ltr'><strong>τε</strong></span> <span class='ocrx_word' id='word_1_783' title='bbox 455 5154 514 5207; x_wconf 83' lang='grc' dir='ltr'><strong>τὸ</strong></span> <span class='ocrx_word' id='word_1_784' title='bbox 550 5156 931 5226; x_wconf 78' lang='grc' dir='ltr'><strong>τετραμμένον</strong></span> <span class='ocrx_word' id='word_1_785' title='bbox 972 5156 1083 5207; x_wconf 68' lang='grc' dir='ltr'><strong>τεὶν</strong></span> <span class='ocrx_word' id='word_1_786' title='bbox 1140 5153 1457 5226; x_wconf 78' lang='grc' dir='ltr'><strong>ὀνομάτων,</strong></span> <span class='ocrx_word' id='word_1_787' title='bbox 1504 5158 1599 5209; x_wconf 80' lang='grc' dir='ltr'><strong>καὶ</strong></span> <span class='ocrx_word' id='word_1_788' title='bbox 1652 5157 1779 5210; x_wconf 81' lang='grc' dir='ltr'><strong>ὅσον</strong></span> <span class='ocrx_word' id='word_1_789' title='bbox 1837 5157 1934 5211; x_wconf 78' lang='grc' dir='ltr'><strong>ἐπὶ</strong></span> 
     </span>
    </p>
   </div>
   <div class='ocr_carea' id='block_1_105' title="bbox 428 5271 1501 5340">
    <p class='ocr_par' dir='ltr' id='par_1_105' title="bbox 428 5271 1501 5340">
     <span class='ocr_line' id='line_1_105' title="bbox 428 5271 1501 5340; baseline 0.003 -15"><span class='ocrx_word' id='word_1_790' title='bbox 428 5272 470 5303; x_wconf 74' lang='grc'><strong>³⁷</strong></span> <span class='ocrx_word' id='word_1_791' title='bbox 510 5271 673 5329; x_wconf 79' lang='lat' dir='ltr'><strong>Rom.</strong></span> <span class='ocrx_word' id='word_1_792' title='bbox 710 5288 790 5340; x_wconf 74' lang='lat' dir='ltr'><strong>XI,</strong></span> <span class='ocrx_word' id='word_1_793' title='bbox 822 5273 913 5329; x_wconf 73' lang='lat'><strong>35.</strong></span> <span class='ocrx_word' id='word_1_794' title='bbox 992 5273 1036 5305; x_wconf 79' lang='lat'>&quot;</span> <span class='ocrx_word' id='word_1_795' title='bbox 1068 5272 1246 5328; x_wconf 87' lang='lat' dir='ltr'><strong>Galat.</strong></span> <span class='ocrx_word' id='word_1_796' title='bbox 1282 5289 1367 5339; x_wconf 80' lang='grc' dir='ltr'><strong>ιιι,</strong></span> <span class='ocrx_word' id='word_1_797' title='bbox 1413 5274 1501 5328; x_wconf 75' lang='grc'><strong>13.</strong></span> 
     </span>
    </p>
   </div>
   <div class='ocr_carea' id='block_1_106' title="bbox 2036 4505 3618 4579">
    <p class='ocr_par' dir='ltr' id='par_1_106' title="bbox 2036 4505 3618 4579">
     <span class='ocr_line' id='line_1_106' title="bbox 2036 4505 3618 4579; baseline -0.006 -13"><span class='ocrx_word' id='word_1_798' title='bbox 2036 4522 2120 4566; x_wconf 87' lang='lat' dir='ltr'><strong>ter</strong></span> <span class='ocrx_word' id='word_1_799' title='bbox 2158 4512 2433 4567; x_wconf 85' lang='lat' dir='ltr'><strong>consentit</strong></span> <span class='ocrx_word' id='word_1_800' title='bbox 2482 4526 2608 4565; x_wconf 91' lang='lat' dir='ltr'><strong>cum</strong></span> <span class='ocrx_word' id='word_1_801' title='bbox 2657 4509 2866 4579; x_wconf 86' lang='lat' dir='ltr'><strong>periodi</strong></span> <span class='ocrx_word' id='word_1_802' title='bbox 2917 4509 3226 4574; x_wconf 80' lang='lat' dir='ltr'><strong>harmonia,</strong></span> <span class='ocrx_word' id='word_1_803' title='bbox 3264 4507 3356 4563; x_wconf 87' lang='lat' dir='ltr'><strong>sed</strong></span> <span class='ocrx_word' id='word_1_804' title='bbox 3392 4505 3618 4562; x_wconf 85' lang='lat' dir='ltr'><strong>ulterius</strong></span> 
     </span>
    </p>
   </div>
   <div class='ocr_carea' id='block_1_107' title="bbox 2034 4599 3621 4676">
    <p class='ocr_par' dir='ltr' id='par_1_107' title="bbox 2034 4599 3621 4676">
     <span class='ocr_line' id='line_1_107' title="bbox 2034 4599 3621 4676; baseline -0.006 -16"><span class='ocrx_word' id='word_1_805' title='bbox 2034 4606 2102 4660; x_wconf 89' lang='lat' dir='ltr'><strong>ad</strong></span> <span class='ocrx_word' id='word_1_806' title='bbox 2136 4622 2315 4661; x_wconf 81' lang='lat' dir='ltr'><strong>rerum</strong></span> <span class='ocrx_word' id='word_1_807' title='bbox 2362 4604 2735 4676; x_wconf 80' lang='lat' dir='ltr'><strong>cognitionem</strong></span> <span class='ocrx_word' id='word_1_808' title='bbox 2769 4600 3028 4671; x_wconf 72' lang='lat' dir='ltr'><strong>dirigitur</strong></span> <span class='ocrx_word' id='word_1_809' title='bbox 3059 4599 3465 4669; x_wconf 83' lang='lat' dir='ltr'><strong>explicandam,</strong></span> <span class='ocrx_word' id='word_1_810' title='bbox 3519 4613 3621 4651; x_wconf 87' lang='lat' dir='ltr'><strong>nec</strong></span> 
     </span>
    </p>
   </div>
   <div class='ocr_carea' id='block_1_108' title="bbox 2036 4691 3621 4770">
    <p class='ocr_par' dir='ltr' id='par_1_108' title="bbox 2036 4691 3621 4770">
     <span class='ocr_line' id='line_1_108' title="bbox 2036 4691 3621 4770; baseline -0.005 -18"><span class='ocrx_word' id='word_1_811' title='bbox 2036 4699 2337 4770; x_wconf 89' lang='lat' dir='ltr'><strong>quidquam</strong></span> <span class='ocrx_word' id='word_1_812' title='bbox 2372 4696 2744 4752; x_wconf 86' lang='lat' dir='ltr'><strong>necessarium</strong></span> <span class='ocrx_word' id='word_1_813' title='bbox 2785 4694 2852 4749; x_wconf 89' lang='lat' dir='ltr'><strong>de</strong></span> <span class='ocrx_word' id='word_1_814' title='bbox 2886 4693 3024 4748; x_wconf 76' lang='lat' dir='ltr'><strong>[oris</strong></span> <span class='ocrx_word' id='word_1_815' title='bbox 3058 4692 3308 4748; x_wconf 88' lang='lat' dir='ltr'><strong>accersit.</strong></span> <span class='ocrx_word' id='word_1_816' title='bbox 3336 4691 3444 4747; x_wconf 81' lang='lat' dir='ltr'><strong>Sed</strong></span> <span class='ocrx_word' id='word_1_817' title='bbox 3472 4691 3621 4762; x_wconf 87' lang='lat' dir='ltr'><strong>quod</strong></span> 
     </span>
    </p>
   </div>
   <div class='ocr_carea' id='block_1_109' title="bbox 2038 4783 3622 4858">
    <p class='ocr_par' dir='ltr' id='par_1_109' title="bbox 2038 4783 3622 4858">
     <span class='ocr_line' id='line_1_109' title="bbox 2038 4783 3622 4858; baseline -0.006 -13"><span class='ocrx_word' id='word_1_818' title='bbox 2038 4806 2230 4846; x_wconf 86' lang='lat' dir='ltr'><strong>vocum</strong></span> <span class='ocrx_word' id='word_1_819' title='bbox 2270 4790 2635 4845; x_wconf 86' lang='lat' dir='ltr'><strong>inversionem</strong></span> <span class='ocrx_word' id='word_1_820' title='bbox 2670 4794 2903 4858; x_wconf 83' lang='lat' dir='ltr'><strong>spectat,</strong></span> <span class='ocrx_word' id='word_1_821' title='bbox 2956 4794 3013 4840; x_wconf 91' lang='lat' dir='ltr'><strong>ct</strong></span> <span class='ocrx_word' id='word_1_822' title='bbox 3039 4784 3240 4840; x_wconf 89' lang='lat' dir='ltr'><strong>durum</strong></span> <span class='ocrx_word' id='word_1_823' title='bbox 3268 4783 3401 4854; x_wconf 83' lang='lat' dir='ltr'><strong>quid</strong></span> <span class='ocrx_word' id='word_1_824' title='bbox 3426 4798 3536 4853; x_wconf 73' lang='lat' dir='ltr'><strong>prae</strong></span> <span class='ocrx_word' id='word_1_825' title='bbox 3559 4797 3622 4836; x_wconf 85' lang='lat' dir='ltr'><strong>se</strong></span> 
     </span>
    </p>
   </div>
   <div class='ocr_carea' id='block_1_110' title="bbox 2038 4875 3619 4950">
    <p class='ocr_par' dir='ltr' id='par_1_110' title="bbox 2038 4875 3619 4950">
     <span class='ocr_line' id='line_1_110' title="bbox 2038 4875 3619 4950; baseline -0.006 -13"><span class='ocrx_word' id='word_1_826' title='bbox 2038 4882 2142 4938; x_wconf 84' lang='lat' dir='ltr'><strong>l&#39;ert</strong></span> <span class='ocrx_word' id='word_1_827' title='bbox 2176 4882 2497 4938; x_wconf 85' lang='lat' dir='ltr'><strong>distinctum</strong></span> <span class='ocrx_word' id='word_1_828' title='bbox 2529 4881 2664 4935; x_wconf 88' lang='lat' dir='ltr'><strong>scite</strong></span> <span class='ocrx_word' id='word_1_829' title='bbox 2690 4879 2945 4950; x_wconf 81' lang='lat' dir='ltr'><strong>ablegat:</strong></span> <span class='ocrx_word' id='word_1_830' title='bbox 2987 4875 3213 4932; x_wconf 84' lang='lat' dir='ltr'><strong>sublimi</strong></span> <span class='ocrx_word' id='word_1_831' title='bbox 3264 4875 3449 4947; x_wconf 71' lang='lat' dir='ltr'><strong>generi</strong></span> <span class='ocrx_word' id='word_1_832' title='bbox 3494 4889 3619 4944; x_wconf 81' lang='lat' dir='ltr'><strong>per-</strong></span> 
     </span>
    </p>
   </div>
   <div class='ocr_carea' id='block_1_111' title="bbox 2038 4968 3619 5046">
    <p class='ocr_par' dir='ltr' id='par_1_111' title="bbox 2038 4968 3619 5046">
     <span class='ocr_line' id='line_1_111' title="bbox 2038 4968 3619 5046; baseline -0.008 -15"><span class='ocrx_word' id='word_1_833' title='bbox 2038 4976 2411 5046; x_wconf 87' lang='lat' dir='ltr'><strong>spicuitatcm,</strong></span> <span class='ocrx_word' id='word_1_834' title='bbox 2452 4973 2495 5027; x_wconf 90' lang='lat' dir='ltr'><strong>si</strong></span> <span class='ocrx_word' id='word_1_835' title='bbox 2539 4972 2664 5044; x_wconf 85' lang='lat' dir='ltr'><strong>quis</strong></span> <span class='ocrx_word' id='word_1_836' title='bbox 2697 4972 2862 5036; x_wconf 89' lang='lat' dir='ltr'><strong>alius,</strong></span> <span class='ocrx_word' id='word_1_837' title='bbox 2887 4986 3073 5026; x_wconf 89' lang='lat' dir='ltr'><strong>revera</strong></span> <span class='ocrx_word' id='word_1_838' title='bbox 3098 4968 3220 5040; x_wconf 88' lang='lat' dir='ltr'><strong>plus</strong></span> <span class='ocrx_word' id='word_1_839' title='bbox 3253 4984 3420 5039; x_wconf 56' lang='lat' dir='ltr'><strong>quam</strong></span> <span class='ocrx_word' id='word_1_840' title='bbox 3456 4968 3619 5030; x_wconf 85' lang='lat' dir='ltr'><strong>alius,</strong></span> 
     </span>
    </p>
   </div>
   <div class='ocr_carea' id='block_1_112' title="bbox 2040 5054 3618 5135">
    <p class='ocr_par' dir='ltr' id='par_1_112' title="bbox 2040 5054 3618 5135">
     <span class='ocr_line' id='line_1_112' title="bbox 2040 5054 3618 5135; baseline -0.007 -16"><span class='ocrx_word' id='word_1_841' title='bbox 2040 5066 2244 5135; x_wconf 84' lang='lat' dir='ltr'><strong>ubique</strong></span> <span class='ocrx_word' id='word_1_842' title='bbox 2286 5054 2687 5119; x_wconf 79' lang='lat' dir='ltr'><strong>ittterttiiscens.</strong></span> <span class='ocrx_word' id='word_1_843' title='bbox 2729 5060 2839 5116; x_wconf 83' lang='lat' dir='ltr'><strong>Nec</strong></span> <span class='ocrx_word' id='word_1_844' title='bbox 2888 5061 2975 5115; x_wconf 86' lang='lat' dir='ltr'><strong>hic</strong></span> <span class='ocrx_word' id='word_1_845' title='bbox 3031 5072 3432 5123; x_wconf 78' lang='lat' dir='ltr'><strong>commemoro,</strong></span> <span class='ocrx_word' id='word_1_846' title='bbox 3468 5057 3618 5125; x_wconf 86' lang='lat' dir='ltr'><strong>quod</strong></span> 
     </span>
    </p>
   </div>
   <div class='ocr_carea' id='block_1_113' title="bbox 2041 5152 3620 5223">
    <p class='ocr_par' dir='ltr' id='par_1_113' title="bbox 2041 5152 3620 5223">
     <span class='ocr_line' id='line_1_113' title="bbox 2041 5152 3620 5223; baseline -0.006 -12"><span class='ocrx_word' id='word_1_847' title='bbox 2041 5156 2423 5214; x_wconf 86' lang='lat' dir='ltr'><strong>eoneiliatorio</strong></span> <span class='ocrx_word' id='word_1_848' title='bbox 2468 5164 2522 5211; x_wconf 90' lang='lat' dir='ltr'><strong>et</strong></span> <span class='ocrx_word' id='word_1_849' title='bbox 2548 5153 2841 5210; x_wconf 85' lang='lat' dir='ltr'><strong>dictatorio</strong></span> <span class='ocrx_word' id='word_1_850' title='bbox 2872 5152 3086 5209; x_wconf 88' lang='lat' dir='ltr'><strong>dicendi</strong></span> <span class='ocrx_word' id='word_1_851' title='bbox 3124 5166 3321 5223; x_wconf 86' lang='lat' dir='ltr'><strong>genere</strong></span> <span class='ocrx_word' id='word_1_852' title='bbox 3356 5158 3620 5206; x_wconf 61' lang='lat' dir='ltr'><strong>variatur.</strong></span> 
     </span>
    </p>
   </div>
   <div class='ocr_carea' id='block_1_114' title="bbox 1661 5363 2346 5420">
    <p class='ocr_par' dir='ltr' id='par_1_114' title="bbox 1661 5363 2346 5420">
     <span class='ocr_line' id='line_1_114' title="bbox 1661 5363 2346 5420; baseline 0.001 -2"><span class='ocrx_word' id='word_1_853' title='bbox 1661 5363 1898 5419; x_wconf 70' lang='lat' dir='ltr'><strong>VARUE</strong></span> <span class='ocrx_word' id='word_1_854' title='bbox 1940 5363 2346 5420; x_wconf 77' lang='lat' dir='ltr'><strong>LECTIONES.</strong></span> 
     </span>
    </p>
   </div>
   <div class='ocr_carea' id='block_1_115' title="bbox 464 5454 1003 5528">
    <p class='ocr_par' dir='ltr' id='par_1_115' title="bbox 464 5454 1003 5528">
     <span class='ocr_line' id='line_1_115' title="bbox 464 5454 1003 5528; baseline 0 -18"><span class='ocrx_word' id='word_1_855' title='bbox 464 5464 488 5494; x_wconf 86' lang='grc'><strong><em>⁸</em></strong></span> <span class='ocrx_word' id='word_1_856' title='bbox 508 5454 643 5511; x_wconf 76' lang='lat' dir='ltr'><strong>C.M.</strong></span> <span class='ocrx_word' id='word_1_857' title='bbox 669 5455 1003 5528; x_wconf 86' lang='grc' dir='ltr'><strong>ἐλπίσματα.</strong></span> 
     </span>
    </p>
   </div>
   <div class='ocr_carea' id='block_1_116' title="bbox 1118 5455 1958 5530">
    <p class='ocr_par' dir='ltr' id='par_1_116' title="bbox 1118 5455 1958 5530">
     <span class='ocr_line' id='line_1_116' title="bbox 1118 5455 1958 5530; baseline 0 -21"><span class='ocrx_word' id='word_1_858' title='bbox 1118 5456 1135 5496; x_wconf 74' lang='grc' dir='ltr'><strong><em>ῖ</em></strong></span> <span class='ocrx_word' id='word_1_859' title='bbox 1170 5456 1254 5513; x_wconf 79' lang='grc' dir='ltr'><strong>ῖσ.</strong></span> <span class='ocrx_word' id='word_1_860' title='bbox 1296 5455 1480 5530; x_wconf 80' lang='lat' dir='ltr'><strong>[male]</strong></span> <span class='ocrx_word' id='word_1_861' title='bbox 1517 5455 1866 5528; x_wconf 73' lang='grc' dir='ltr'><strong>ἐπιϐεόηκὸς.</strong></span> <span class='ocrx_word' id='word_1_862' title='bbox 1896 5456 1958 5511; x_wconf 83' lang='lat' dir='ltr'><strong>C.</strong></span> 
     </span>
    </p>
   </div>
   <div class='ocr_carea' id='block_1_117' title="bbox 2016 5455 2385 5530">
    <p class='ocr_par' dir='ltr' id='par_1_117' title="bbox 2016 5455 2385 5530">
     <span class='ocr_line' id='line_1_117' title="bbox 2016 5455 2385 5530; baseline 0.014 -21"><span class='ocrx_word' id='word_1_863' title='bbox 2016 5455 2088 5510; x_wconf 87' lang='grc' dir='ltr'><strong>Μ.</strong></span> <span class='ocrx_word' id='word_1_864' title='bbox 2133 5457 2385 5530; x_wconf 75' lang='grc' dir='ltr'><strong>βεϐηκός.</strong></span> 
     </span>
    </p>
   </div>
   <div class='ocr_carea' id='block_1_118' title="bbox 1886 5545 2115 5603">
    <p class='ocr_par' dir='ltr' id='par_1_118' title="bbox 1886 5545 2115 5603">
     <span class='ocr_line' id='line_1_118' title="bbox 1886 5545 2115 5603; baseline 0.004 -1"><span class='ocrx_word' id='word_1_865' title='bbox 1886 5545 2115 5603; x_wconf 66' lang='lat' dir='ltr'><strong>NCT/1:2.</strong></span> 
     </span>
    </p>
   </div>
   <div class='ocr_carea' id='block_1_119' title="bbox 468 5640 1217 5717">
    <p class='ocr_par' dir='ltr' id='par_1_119' title="bbox 468 5640 1217 5717">
     <span class='ocr_line' id='line_1_119' title="bbox 468 5640 1217 5717; baseline 0.009 -22"><span class='ocrx_word' id='word_1_866' title='bbox 468 5640 601 5713; x_wconf 64' lang='grc' dir='ltr'><strong>(ΗΓ)</strong></span> <span class='ocrx_word' id='word_1_867' title='bbox 628 5641 909 5701; x_wconf 78' lang='lat' dir='ltr'><strong>Platonem</strong></span> <span class='ocrx_word' id='word_1_868' title='bbox 946 5647 1217 5717; x_wconf 75' lang='lat' dir='ltr'><strong>intelligit.</strong></span> 
     </span>
    </p>
   </div>
  </div>
