3846 6188
233 209 339 293 5'81

1390 230 1654 294 PHOTII
1690 231 2199 303 PATRIARCIIE
2226 233 2337 304 CP.

3389 229 3489 297 588

230 344 340 402 Nec
391 343 536 416 quod
563 344 632 400 de
663 344 866 401 divinis
917 345 1082 402 rebus
1137 345 1444 402 instituitur
1487 363 1706 414 sermo;
1762 355 1816 402 ct

1939 346 1980 401 εδ
2034 347 2272 420 σκληρὸν
2319 346 2578 406 ἀπονεύει
2635 347 2908 423 διακρίνον
2947 347 3128 413 καλῶς
3167 345 3492 418 ἀποπέμπει

231 453 355 506 qme
405 437 646 491 maximo
703 437 915 493 honore
967 437 1111 508 apud
1169 438 1424 494 homines
1485 439 1808 493 habentur:

231 543 332 582 nec
356 528 500 598 quod
535 529 808 583 neminem
838 529 1002 584 habet
1028 529 1122 598 qui
1171 529 1350 599 possit
1373 530 1554 599 ipsum
1607 527 1812 583 imitari

231 621 284 673 in
318 619 679 674 illuminanda
708 633 762 674 et
791 621 1111 676 illustranda
1143 620 1413 675 oratione.
1470 637 1490 672 ι
1520 620 1812 676 Certamen

234 710 438 764 bonum
495 711 699 766 certavi
732 729 746 766 :
780 726 1004 766 cursum
1037 711 1249 767 confeci
1283 730 1296 766 :
1356 711 1518 767 [idem
1549 710 1764 766 servavi
1795 727 1810 777 ;

235 801 301 853 tle.
329 809 547 866 caetero,
583 803 820 872 reposita
853 812 936 858 cst
985 803 1118 857 mihi
1167 803 1399 874 justitiae
1453 817 1658 859 corona
1686 803 1753 858 ¹⁹.
1789 820 1808 855 ι

237 889 323 957 Et,
362 892 469 946 illa
499 880 684 958 curro,
726 905 785 950 ut
816 910 925 949 non
956 895 1008 949 in
1044 910 1242 957 vanum
1276 913 1289 958 ξ
1332 895 1404 956 ita
1435 905 1606 959 certo,
1630 902 1816 950 uLnon

237 999 421 1040 aerem
452 986 730 1054 ﬂagellatis
753 988 819 1042 '°.
836 986 938 1039 r—
956 985 1086 1053 «Qui
1109 988 1159 1041 in
1184 986 1359 1043 lorma
1381 987 1520 1044 servi
1547 985 1819 1042 exsistcns

239 1094 348 1134 non
384 1082 656 1153 reputavit
685 1083 931 1152 rapinam
965 1098 1083 1138 esse
1115 1081 1378 1153 aqualem
1416 1083 1550 1147 Deo,
1582 1081 1674 1136 sed
1705 1080 1820 1136 exi-

239 1176 453 1229 nanivit
492 1162 908 1245 'st-tnctipsum.
971 1177 1112 1232 servi
1199 1176 1432 1230 formam
1459 1229 1467 1238 ,
1498 1189 1816 1230 assumens.

237 1269 583 1339 Quapmpter
643 1269 783 1326 Deus
826 1270 1002 1338 ipsum
1059 1268 1508 1338 superexaltavit,
1560 1279 1618 1323 et
1672 1267 1822 1322 dedit

239 1360 316 1414 illi
352 1378 546 1417 nomen
595 1377 761 1430 super
785 1376 949 1416 omne
1001 1375 1226 1425 nomen,
1253 1370 1313 1414 ιιι
1360 1361 1413 1414 in
1445 1360 1667 1414 nomine
1689 1357 1820 1414 Jesn

240 1469 402 1508 omne
459 1468 598 1522 genu
657 1451 929 1517 ﬂectatur,
983 1451 1316 1516 cmlestinm,
1364 1451 1732 1516 terrestrium,
1767 1459 1823 1508 et

241 1544 621 1604 inl’crnornm:
677 1553 731 1597 et
774 1543 954 1597 omnis
1022 1542 1207 1613 lingua
1268 1544 1618 1608 conﬁteatur,
1672 1541 1820 1612 quod

1917 457 2027 505 ται,
2056 440 2236 497 καίτοι
2271 440 2490 510 μεγέθει
2522 441 2585 495 τὸ
2623 442 2812 511 σαφές,
2843 442 2918 506 ώς
2956 441 3010 495 εί
3041 457 3126 506 τις
3153 439 3332 506 ἄλλος,
3360 440 3492 510 μᾶλ-

1917 529 2009 584 λον
2031 531 2076 586 δ’
2105 531 2182 595 ὡς
2207 530 2382 595 οὐδεὶς
2411 531 2620 604 ἕτερος,
2646 532 2714 587 δι’
2742 532 2879 587 ὅλων
2902 531 3364 603 ἐγκερασάμενος.
3393 531 3499 584 Καὶ

1917 622 2071 678 οὔπω
2095 624 2254 678 τοῦτό
2285 641 2428 697 φημι
2470 626 2667 698 ὅτιπερ
2701 625 2780 697 τῷ
2807 623 3254 696 συμϐουλευτικῷ
3301 623 3396 676 καὶ
3419 641 3502 675 νο-

1922 713 2194 786 μοθετικῷ
2227 715 2654 772 διαποικίλλεται
2679 733 2694 748 ·
2742 716 2854 772 οὐδ’
2883 718 2965 771 ὅτι
3009 717 3138 786 περὶ⁸
3167 715 3330 770 θείων
3357 717 3388 768 ό
3415 713 3504 766 λό-

1919 824 2016 876 γος
2040 807 2188 878 αὐτῷ
2210 809 2574 880 πραγμάτων,
2597 809 2694 866 καὶ
2713 809 2824 862 τῶν
2851 810 2909 862 ἐν
2935 807 3245 880 ἀνθρώποις
3270 805 3508 878 μάλιστα

1918 898 2147 970 τιμίων·
2177 900 2294 953 ἀλλ’
2319 899 2427 954 οὐδ’
2463 901 2547 954 ὅτι
2584 899 3006 972 λαμπρύνεσθαι
3043 899 3139 954 καλ⁵
3167 897 3412 970 φαιδρῶς
3434 900 3509 950 εἰ-

1919 993 2044 1046 πεῖν
2073 991 2318 1064 μιμητὴν
2348 992 2448 1046 οὐκ
2479 992 2636 1065 ἔχων.
2674 993 2808 1046 «Τὸν
2830 992 3020 1060 ἀγῶνα
3043 991 3135 1045 τὸν
3159 990 3330 1046 καλὸν
3357 988 3511 1059 ἡγώέ

1922 1103 2113 1158 νισμαι
2130 1103 2146 1119 ·
2185 1087 2278 1141 τὸν
2303 1085 2503 1156 δρόμον
2525 1085 2784 1140 τετέλεκα
2801 1101 2815 1119 ο
2843 1083 2942 1156 τὴν
2977 1083 3161 1138 πίστιν
3189 1083 3473 1154 τετήρηκα
3494 1100 3509 1114 ·

1921 1179 2106 1234 λοιπὸν
2143 1179 2432 1234 ἀπόκειταί
2478 1196 2568 1250 μοι
2619 1181 2648 1232 ὁ
2691 1179 2791 1249 τῆς
2830 1175 3175 1248 δικαιοσύνης
3223 1176 3511 1243 στέφανος.

1923 1269 2081 1324 υῦτω
2100 1270 2299 1342 τρέχω,
2329 1268 2405 1332 ὡς
2431 1268 2532 1322 οὐκ
2554 1266 2784 1337 ἀδήλως.
2812 1264 2970 1320 Οὕτω
2997 1262 3277 1328 πυκτεύω,
3310 1260 3390 1326 ὡς
3417 1261 3517 1315 ούκ

1922 1361 2061 1434 ἀέρα
2085 1361 2279 1428 δέρων.
2309 1379 2328 1414 ›
2367 1360 2499 1425 Καὶ,
2537 1377 2558 1413 ι
2593 1360 2692 1423 ’ος
2727 1359 2786 1412 ἐν
2826 1359 3010 1430 μορφῇ
3058 1356 3194 1411 Θεοῦ
3225 1353 3514 1425 ὑπάρχων,

1923 1453 2023 1523 οὐχ
2051 1450 2344 1524 ἁρπαγμὸν
2371 1451 2620 1522 ἡγήσατο
2651 1447 2712 1502 τὸ
2741 1443 2884 1502 εἷναι
2922 1447 3012 1500 ἶσα
3045 1443 3164 1517 Θεῷ
3187 1459 3204 1476 ο
3237 1442 3354 1497 ἀλλ’
3390 1443 3518 1495 ἐαυ-

1923 1543 2015 1597 τὸν
2055 1543 2313 1605 ἐκένωσε,
2352 1542 2567 1614 μορφὴν
2602 1539 2793 1594 δούλου
2831 1537 3042 1594 λαϐών·
3074 1537 3153 1592 διὸ
3181 1535 3279 1590 καὶ
3321 1535 3351 1589 ό
3384 1533 3519 1597 Θεὸς

240 1634 509 1692 Dominus
539 1633 697 1690 Jesus
718 1633 974 1692 Christus
995 1644 1079 1700 est
1108 1635 1160 1689 in
1187 1635 1360 1706 gloria
1391 1633 1484 1688 Dei
1513 1632 1686 1704 patris
1715 1632 1814 1688 ".r

1939 1633 2088 1692 ιὺτὺν
2134 1632 2482 1705 ὑπερύψωσε,
2535 1631 2630 1686 καὶ
2689 1630 2987 1703 ἐχαρίσατο
3033 1627 3182 1700 αὐτῷ
3231 1627 3411 1697 ,ὄνομα
3457 1624 3519 1678 τὸ

245 1737 299 1782 et
335 1745 347 1780 :
397 1746 415 1781 ι
448 1729 809 1784 Conversatio
839 1738 1032 1787 nostra
1065 1729 1118 1786 in
1142 1729 1296 1784 ccelis
1335 1737 1439 1794 est,
1475 1728 1614 1782 unde
1639 1735 1693 1780 et
1718 1741 1815 1780 ex-

1939 1729 2068 1803 δπὲρ
2094 1731 2201 1786 πᾶν
2223 1701 2413 1800 όνομα,
2439 1728 2529 1782 ἵνα
2562 1728 2620 1780 ἐν
2643 1701 2978 1797 τῷόνόματι
3015 1721 3216 1794 Ἰησοῦ,
3249 1722 3360 1776 πᾶν
3389 1719 3519 1787 γόνυ

239 1827 551 1894 spectamus
592 1817 942 1876 Servatorem
971 1818 1264 1875 Dominum
1290 1818 1478 1875 Jesum
1513 1818 1816 1880 Christum,

1939 1823 2120 1894 κάμψῃ
2149 1821 2512 1892 ἐπουρανίων,
2549 1820 2643 1873 καὶ
2681 1817 2964 1888 ἐπιγείων,
2991 1816 3088 1870 καὶ
3119 1811 3519 1883 καταχθονίων,

241 1909 334 1981 qui
375 1909 797 1966 transformabit
845 1925 1048 1980 corpus
1103 1911 1430 1966 humilitatis
1480 1920 1705 1974 nostrae,
1763 1918 1823 1967 ut

1939 1917 2021 1970 ια).
2048 1917 2196 1972 πᾶσα
2211 1913 2435 1985 γλῶσσα
2461 1911 2945 1984 ἐξομολογήσηται,
2962 1909 3044 1963 ὅτι
3071 1905 3276 1979 Κύριος
3309 1902 3523 1974 Ἰησοῦς

242 2004 576 2066 assimiletnr
623 2005 840 2076 corpori
881 2005 1067 2075 gloriae
1118 2005 1293 2075 ipsius
1320 2005 1387 2058 ²¹.
1428 2022 1446 2057 ι
1508 2003 1674 2058 Valde
1697 2012 1824 2058 sunt

1939 2008 2160 2079 Κριστὸς
2191 2007 2272 2071 εἰς
2296 2005 2454 2073 δόξαν
2482 2004 2617 2058 Θεοῦ
2643 2001 2858 2073 Πατρός
2883 2017 2896 2032 ·
2941 2021 2962 2054 ι
2995 2001 3112 2062 καὶ,
3151 2017 3169 2051 ι
3199 1995 3389 2067 Ἡμῶν
3415 1995 3526 2063 γὰρ

245 2098 362 2159 haec
390 2100 736 2154 admiranda.
796 2099 1020 2178 (Quidni
1049 2099 1218 2169 enim)
1247 2114 1373 2156 cum
1408 2098 1480 2154 ob
1525 2099 1655 2162 alia,
1706 2108 1823 2156 tum

1939 2104 1986 2158 εδ
2019 2102 2326 2170 πολίτευμα
2353 2102 2410 2153 ἐν
2441 2098 2692 2170 οὐρανοῖς
2719 2095 2977 2166 ὑπάρχει,
3009 2092 3069 2158 ἐξ
3087 2085 3151 2146 οῦ
3173 2090 3270 2145 καὶ
3292 2088 3527 2157 Σωτῆρα

243 2200 466 2262 propter
496 2193 939 2262 perspicuitatem
973 2206 1028 2249 et
1058 2193 1352 2264 puritatem
1385 2207 1659 2247 summam
1691 2206 1823 2246 eon-

245 2293 579 2344 currentem.
619 2284 723 2339 Sed
749 2285 929 2355 qualis
960 2283 1064 2340 fuit
1095 2283 1148 2342 in
1177 2283 1485 2362 sententiis.
1507 2282 1631 2337 talis
1671 2281 1824 2336 vide-

245 2382 335 2429 tur
375 2375 429 2428 in
451 2376 721 2438 sententia
760 2375 1000 2441 ferenda,
1033 2377 1086 2431 in
1108 2376 1510 2440 convincenda,
1545 2377 1598 2433 in
1639 2391 1826 2446 repre-

247 2465 560 2533 hendendo,
600 2484 725 2525 eum
775 2478 1012 2539 oportet,
1041 2478 1096 2526 et
1127 2470 1402 2540 quomodo
1453 2464 1691 2540 oportet,
1731 2483 1828 2540 per

246 2557 672 2616 declarationem
713 2569 768 2617 et
799 2562 1236 2618 testiﬁcationem
1283 2578 1392 2616 non
1447 2561 1824 2617 ﬂuctuantem.

255 2667 275 2702 ι
312 2649 371 2704 ln
405 2667 517 2721 quo
563 2653 690 2723 quis
729 2654 991 2718 vincitur,
1027 2655 1077 2709 ei
1125 2669 1322 2710 servus
1388 2654 1676 2724 subjicitur
1700 2653 1766 2707 ".
1804 2670 1823 2706 ι

256 2758 276 2794 ι
313 2741 689 2814 Corrumpunt
734 2746 908 2802 bonos
973 2761 1155 2813 mores
1199 2745 1472 2816 colloquia
1524 2745 1772 2816 prava".
1805 2763 1824 2798 ι

249 2832 336 2896 Ει.
372 2853 392 2883 ι
431 2833 547 2890 Hoc
580 2835 811 2904 aﬂirmo,
857 2837 1002 2907 quod
1036 2852 1168 2894 caro
1198 2846 1252 2892 et
1305 2837 1554 2908 sanguis,
1597 2851 1828 2908 regnum

253 2927 346 2983 Dci
378 2944 487 2990 non
517 2930 908 3000 possidebunt:
943 2946 1119 3001 neque
1147 2932 1296 2989 enim
1331 2929 1617 3000 corruptio
1643 2929 1833 2984 ller-

1926 2194 2338 2267 ἀπεκδεχόμεθα
2351 2192 2555 2263 Κύριον
2585 2187 2793 2262 Ἰησοῦν
2811 2186 3066 2257 Χριστὸν,
3083 2184 3140 2248 ὃς
3164 2198 3415 2254 μετασχη
3425 2196 3527 2249 μα-

1926 2290 2066 2344 τίσει
2097 2287 2159 2340 τὸ
2189 2285 2352 2357 σῶμα
2370 2285 2467 2355 τῆς
2488 2281 2871 2343 ταπεινώσεως
2892 2277 3069 2349 ἡμῶν,
3092 2279 3168 2340 εἰς
3189 2275 3252 2329 τὸ
3269 2270 3530 2342 γενέσθαι
3606 2333 3615 2341 1

1927 2381 2058 2438 αὐτὸ
2084 2379 2363 2451 σύμφορον
2382 2376 2460 2448 τῷ
2483 2373 2698 2445 σώματι
2734 2371 2835 2443 τῆς
2863 2371 3019 2441 δόξης
3038 2367 3227 2424 αὐτοῦ.
3258 2385 3278 2420 ι
3304 2365 3533 2434 Θαυμα·

1933 2474 2035 2529 στά
2054 2474 2152 2545 μὲν
2172 2471 2281 2542 γὰρ
2301 2469 2439 2538 ἄγαν
2460 2469 2555 2521 καὶ
2578 2465 2751 2524 ταῦτα.
2783 2463 2936 2538 (πῶς,
2955 2463 3061 2534 γὰρ
3083 2459 3144 2514 οὗ
3167 2461 3206 2531 ;)
3235 2459 3292 2513 ἐν
3319 2475 3379 2512 τε
3413 2458 3532 2519 τοῖς

1932 2565 2112 2628 ἄλλοις
2160 2565 2254 2618 καὶ
2288 2561 2388 2632 τῆς
2429 2560 2515 2614 ἐπ’
2551 2559 2722 2630 ἄκρον
2746 2555 3052 2627 συνδρομῆς
3077 2548 3436 2624 φαιδρότητός
3465 2564 3530 2602 τε

1931 2659 2027 2712 καὶ
2043 2654 2438 2728 καθαρότητος.
2472 2645 2610 2706 Ἀλλ’
2645 2646 2758 2714 οἶος
2788 2651 2845 2703 ἐν
2873 2646 2951 2718 τῷ
2981 2643 3349 2716 γνωμολογεῖν
3378 2642 3404 2682 8
3431 2638 3532 2693 καὶ

1933 2745 2210 2810 εὐσταθῶς
2231 2741 2630 2814 ἀποφαίνεσθαι
2649 2739 2896 2810 ἐλέγχειν
2933 2734 3062 2789 ένθα
3098 2735 3178 2788 δεῖ
3211 2733 3308 2786 καὶ
3324 2730 3402 2794 ώς
3445 2728 3532 2782 δεῖ

1934 2839 2195 2911 ἐπιτιμᾷν
2251 2831 2763 2908 διαμαρτύρεσθαι;
2815 2823 2930 2902 ιᾯ
2980 2827 3088 2898 γᾴρ
3135 2843 3222 2890 τις
3267 2825 3529 2896 ἥττηται,

1933 2933 2110 3002 τούτῳ
2133 2931 2226 2984 καὶ
2253 2927 2599 2982 δεδούλωται.
2633 2943 2653 2978 ι
2684 2955 2749 2966 -
2782 2942 2801 2976 ι
2836 2922 3152 2994 Φθείρουσιν
3175 2918 3281 2990 ἤθη
3314 2916 3535 2989 χρηστά

250 3022 447 3078 ditabit
492 3023 962 3092 incorruptionem
987 3025 1053 3079 ".
1091 3045 1110 3078 ι
1141 3055 1210 3074 -μ
1265 3043 1283 3076 ι
1315 3023 1632 3083 Currebatis
1672 3023 1830 3089 bene,

1939 3025 2147 3096 ὁμιλίαι
2179 3020 2378 3076 κακαίο
2410 3039 2429 3072 ι
2468 3019 2584 3086 καὶ,
2626 3036 2645 3072 ι
2683 3015 2855 3071 Τοῦτο
2881 3013 2940 3069 δέ
2963 3030 3129 3084 φημι,
3153 3012 3236 3066 ὄτι
3268 3009 3406 3080 σὰρξ
3437 3007 3536 3062 καὶ

250 3114 377 3183 quis
427 3129 526 3168 vos
588 3114 979 3177 fascinavitut
1037 3132 1104 3171 ne
1169 3115 1382 3170 veritati
1422 3116 1832 3184 obtemperare-

251 3208 406 3267 tis".
440 3227 458 3260 ι
493 3207 600 3264 Et:
649 3226 666 3260 ι
692 3207 870 3272 Nolite
899 3224 1110 3277 errare,
1149 3209 1292 3264 Deus
1330 3225 1436 3263 non
1467 3207 1832 3264 illuditur".r

253 3297 356 3354 Et:
405 3317 424 3350 ι
457 3298 533 3352 En
559 3315 661 3369 ego
682 3298 884 3356 Paulus
919 3300 1072 3355 vobis
1131 3299 1399 3357 denuntio
1459 3299 1607 3370 quod
1641 3281 1686 3354 si
1721 3299 1835 3354 cir-

253 3391 669 3455 cumcidemini,
735 3391 987 3451 Christus
1031 3391 1189 3448 vobis
1244 3391 1381 3446 nihil
1452 3389 1780 3460 proderit“.
1814 3408 1833 3443 ι

172 3548 175 3552 _
251 3482 323 3539 Et
349 3502 363 3538 :
393 3501 412 3535 ι
437 3482 730 3541 Testiﬁcor
761 3484 914 3540 omni
947 3483 1153 3539 homini
1196 3483 1542 3548 circumciso,
1577 3482 1724 3553 quod
1746 3483 1842 3537 de-

232 3579 402 3642 bitor
466 3586 555 3639 est
609 3577 703 3634 toti
744 3577 847 3648 legi
909 3578 1194 3634 servanda:
1225 3579 1270 3610 ”
1308 3597 1327 3630 ι
1381 3578 1485 3632 Et:
1542 3595 1561 3630 ι
1592 3577 1843 3632 Audetne

259 3669 387 3740 quis
413 3669 509 3740 qui
541 3669 822 3740 negotium
857 3685 984 3724 cum
1020 3669 1130 3724 alio
1157 3669 1323 3724 habet
1363 3670 1431 3724 de
1457 3669 1674 3741 injuriis
1698 3669 1842 3740 apud

259 3758 772 3828 exterosjudieium
799 3756 1005 3826 subire,
1040 3768 1095 3812 et
1126 3774 1232 3813 non
1274 3774 1456 3814 coram
1489 3759 1760 3815 sanctis'o
1784 3759 1836 3813 ἲ»

257 3849 420 3908 Certe
453 3851 597 3907 idem
625 3859 712 3906 est
738 3851 1144 3920 magnitudines
1183 3865 1373 3906 omnes
1403 3851 1454 3904 in
1483 3867 1652 3906 unum
1685 3852 1844 3907 colli-

257 3955 404 4010 gere,
435 3950 486 3996 et
517 3940 640 4010 ejus
686 3957 1002 4005 sermonum
1039 3941 1470 4011 compositiones
1513 3959 1608 4012 per
1657 3944 1843 3998 omnia

257 4031 536 4104 relegere:
592 4033 732 4088 adeo
779 4033 984 4106 ubique
1049 4034 1288 4103 dignitas
1311 4041 1366 4088 et
1418 4033 1676 4103 majestas
1748 4049 1846 4103 per

259 4122 508 4191 singulas
573 4122 849 4184 dictiones
909 4123 1288 4194 permiscetur,
1359 4124 1430 4178 At
1493 4140 1678 4181 mores
1725 4125 1846 4194 ejus

259 4215 492 4284 quales:
531 4235 548 4264 ι
582 4215 838 4276 Christus
890 4217 946 4273 in
986 4217 1253 4277 mundum
1306 4217 1478 4284 venit,
1529 4225 1846 4288 peccatores

259 4309 443 4363 salvos
492 4306 692 4374 facere,
738 4324 977 4379 quorum
1035 4325 1136 4380 ego
1193 4309 1405 4379 primus
1438 4309 1696 4366 sum“.r
1747 4309 1845 4365 Et:

1939 3115 2080 3188 αἷμα
2113 3112 2392 3186 βασιλείαν
2434 3109 2570 3164 Θεοῦ
2613 3105 3024 3183 κληρονομῆσαι
3054 3104 3118 3160 οὺ
3150 3103 3380 3162 δύνατα
3410 3100 3536 3154 οὐδὲ

1939 3212 1972 3282 ἠ
2007 3206 2183 3280 φθορά
2202 3205 2300 3274 τὴν
2322 3201 2632 3274 ἀφθαρσίαν
2654 3199 3002 3270 κληρονομεῖ.
3043 3215 3062 3248 ι
3096 3224 3168 3235 --
3189 3213 3208 3248 ι
3247 3194 3538 3264 Ἐτρέχετε

1941 3300 2126 3364 καλῶς
2150 3316 2165 3332 ·
2213 3297 2297 3362 τίς
2350 3297 2497 3367 ὑμᾶς
2535 3293 2808 3349 ἐϐάσκανε
2850 3293 2917 3362 τῇ
2955 3288 3188 3360 ἀληθείᾳ
3235 3288 3311 3358 μὴ
3346 3286 3538 3342 πείθερ

1945 3391 2107 3458 σθαι;
2151 3409 2168 3440 ι
2205 3390 2323 3452 καὶ,
2378 3405 2398 3439 ι
2429 3385 2520 3457 Μὴ
2561 3382 2862 3447 πλανᾶσθε,
2905 3380 3036 3444 Θεὸς,
3088 3380 3150 3434 οὑ
3202 3376 3541 3449 μυκτηρίζε-

1943 3501 2067 3540 ται·
2110 3502 2129 3537 ι
2175 3481 2292 3542 καὶ,
2325 3499 2344 3533 ι
2379 3480 2499 3544 Ἰδέ,
2537 3476 2651 3540 ἐγὼ
2703 3476 2917 3540 Παῦλος
2961 3475 3108 3544 λέγω
3135 3473 3267 3544 ύμῖν
3303 3473 3390 3526 ὅτι
3439 3470 3540 3525 ἐὰν

1947 3571 2372 3646 περιτέμνησθε,
2404 3569 2642 3642 Χριστὸς
2668 3569 2813 3640 ὑμᾶς
2844 3567 2996 3622 οὐδὲν
3025 3564 3329 3636 ὠφελήσει·
3363 3581 3383 3615 ι
3418 3565 3538 3626 καὶ,

1964 3688 1982 3721 ι
2007 3666 2374 3740 Μαρτύρομαι
2399 3663 2566 3717 παντὶ
2591 3659 2864 3735 ἀνθρώπῳ
2889 3657 3366 3729 περιτεμνομένῳ,
3386 3654 3540 3723 ὀφει-

1946 3760 2106 3830 λέτης
2143 3758 2293 3814 ἐστὶν
2319 3757 2441 3815 ὅλον
2469 3755 2560 3809 τὸν
2589 3754 2754 3825 νόμον
2793 3752 3021 3824 ποιῆσαι
3041 3768 3056 3784 ο
3100 3769 3119 3802 ι
3153 3751 3268 3815 καὶ,
3308 3767 3326 3800 ι
3349 3747 3542 3818 Τολμᾷ

1947 3873 2032 3919 τις
2061 3855 2294 3925 πρᾶγμα
2325 3852 2464 3923 ἔχων
2489 3849 2626 3922 πρὸς
2651 3849 2743 3916 τὰν
2763 3848 2975 3918 ἕτερον,
3001 3844 3288 3917 κρίνεσθαι
3309 3841 3405 3897 ἐπὶ
3428 3841 3540 3894 τῶν

1947 3948 2173 4012 ἀδίκων,
2205 3948 2302 4001 καὶ
2333 3945 2458 4016 οὐχὶ
2486 3943 2579 3998 ἐπὶ
2603 3942 2711 3996 τῶν
2745 3940 2938 4011 ἁγίων.
2971 3959 2990 3992 ι
3029 3939 3140 3994 Kal.
3172 3939 3288 3992 ἴσον
3317 3935 3440 3990 ἐστὶ
3471 3934 3540 3990 τὰ

1946 4036 2042 4091 τοῦ
2081 4035 2345 4108 μεγέθους
2382 4033 2662 4102 συλλέγειν
2709 4032 2805 4085 καὶ
2850 4030 2947 4093 τάς
2990 4029 3203 4083 ἐκείνου
3256 4024 3539 4089 συντάξεις

1949 4131 2029 4193 είς
2060 4127 2356 4198 ὁλόκληρον
2395 4123 2814 4193 ἀναγινώσκειν,
2847 4119 3022 4183 οὕτως
3053 4119 3188 4174 αὐτὸ
3225 4118 3288 4172 τὸ
3320 4116 3538 4188 ἀξίωμα

1948 4221 2016 4276 δι’
2039 4221 2177 4276 ὅλων
2210 4219 2478 4288 κέκραται
2510 4215 2618 4270 τῶν
2643 4214 2839 4284 λόγων.
2881 4213 3045 4268 Ἀλλά
3075 4213 3136 4267 τὸ
3164 4207 3296 4284 ἦθος
3321 4212 3535 4276 όποῐονς

1959 4311 2253 4385 «Χριστὸς
2283 4306 2448 4382 ἦλθεν
2482 4309 2561 4372 είς
2595 4309 2688 4365 τὸν
2749 4307 2956 4378 κόσμον
3013 4303 3374 4377 ἁμαρτωλοὺς
3431 4302 3538 4357 σῶ-

268 4419 289 4454 ‹
322 4400 433 4473 Ego
467 4403 728 4458 minimus
765 4418 890 4466 sum
927 4404 1330 4486 apostolorum,
1384 4404 1478 4472 qui
1512 4419 1610 4458 nec
1649 4402 1831 4474 dignus

1958 4427 2070 4467 σαι.
2126 4401 2201 4459 ἄν
2261 4403 2478 4477 πρῶτός
2538 4403 2656 4473 εἰμι
2710 4401 2850 4471 ἐγώ·
2891 4420 2912 4455 ι
2977 4401 3094 4465 καὶ,
3162 4416 3182 4452 ι
3245 4397 3388 4466 Ἐγὼ
3432 4397 3540 4468 γάρ

262 4505 386 4544 sum
421 4491 603 4545 Vocari
637 4491 1005 4561 apostolus".
1038 4509 1057 4548 ι
1097 4501 1152 4546 et
1181 4507 1196 4554 ξ
1227 4509 1244 4542 ι
1277 4491 1539 4545 Desidero
1575 4501 1625 4546 te
1651 4492 1855 4559 videre,

263 4597 477 4636 memor
529 4592 750 4637 tuarum
807 4583 1215 4654 lacrytnarum,
1271 4581 1635 4653 tit-gaudium
1682 4583 1860 4651 perci-

263 4674 447 4742 piant;
496 4677 932 4731 recordationem
981 4675 1192 4733 habens
1237 4677 1360 4730 ﬁdei
1397 4692 1520 4747 qute
1563 4674 1622 4732 in
1669 4685 1720 4730 te
1752 4683 1857 4739 est,

263 4767 385 4821 sine
415 4766 716 4837 hypocrisi,
748 4784 874 4838 qua:
917 4771 1158 4838 primum
1208 4768 1474 4824 habitavit
1505 4770 1562 4830 in
1599 4768 1719 4823 avia
1766 4777 1861 4828 tua

271 4857 459 4923 Loide,
494 4867 549 4916 et
578 4871 752 4916 matre
781 4871 872 4924 tua
902 4862 1106 4918 Euniee
1129 4863 1225 4921 “.i
1249 4892 1319 4902 —-
1341 4860 1599 4920 «Utinam
1630 4861 1851 4918 exscin-

273 4955 556 5017 derentur,
590 4950 684 5020 qui
718 4967 815 5008 vos
841 4954 1173 5010 conturbant
1193 4952 1542 5010 ".r—tSinc
1574 4954 1734 5011 nobis
1768 4968 1856 5009 re-

265 5040 498 5112 gnastis,
546 5050 603 5096 et
653 5043 861 5097 utinam
921 5046 1158 5114 regnetis
1181 5045 1250 5112 ³⁸,
1285 5064 1304 5097 ι
1356 5054 1410 5102 et
1465 5055 1724 5102 sexcenta
1771 5057 1854 5102 ta-

265 5131 362 5190 lia.
417 5130 676 5204 Nunquid
719 5149 850 5204 ergo
897 5135 954 5190 in
1007 5136 1193 5206 aliquo
1233 5136 1462 5202 inferior
1520 5147 1605 5192 est
1652 5137 1718 5194 iis
1759 5136 1852 5207 qui

339 5272 383 5344 f’
414 5271 452 5325 ll
493 5269 638 5327 Tim.
670 5287 723 5344 γ,
748 5269 839 5326 21.
889 5271 1031 5344 1","
1059 5272 1186 5328 Cor.
1220 5290 1298 5340 nt,
1341 5275 1434 5330 26.
1511 5277 1554 5308 ’ί
1591 5275 1768 5344 Philip

265 5342 350 5399 "1
381 5344 511 5398 Cor.
535 5357 620 5405 xv,
655 5343 744 5398 55.
823 5345 869 5375 ³³
899 5343 916 5397 1
947 5343 1076 5400 Cor.
1103 5359 1193 5410 xv,
1215 5345 1308 5400 50.

268 5430 342 5482 vt,
383 5416 430 5471 l.
507 5417 549 5449 ⁸¹
583 5414 772 5469 l'l‘itn.
802 5414 952 5484 1,15.

1954 4503 2070 4571 εἰμι
2129 4500 2157 4552 ὁ
2210 4497 2494 4569 ἐλάχιστος
2561 4494 2673 4550 τῶν
2744 4493 3099 4558 ἀποστόλων,
3165 4491 3261 4546 καὶ
3319 4489 3380 4554 ὃς
3442 4489 3539 4542 ούκ

1954 4589 2074 4659 εἰμὶ
2123 4587 2305 4650 ἱκανὸς
2351 4585 2634 4641 καλεῖσθαι
2685 4584 3003 4648 ἀπόστολος.
3042 4601 3061 4634 ι
3095 4611 3166 4624 -
3197 4598 3218 4634 ι
3265 4578 3538 4634 Ἐπιποθῶ

1958 4699 2017 4735 σε
2051 4679 2178 4732 ἰδεῖν
2213 4678 2563 4749 μεμνημένος
2619 4694 2714 4732 σου
2768 4675 2878 4729 τῶν
2921 4673 3198 4744 δακρύων,
3247 4671 3337 4726 ἴνα
3368 4670 3538 4742 χαρᾶς

1960 4771 2255 4844 πληρωθῶ,
2285 4771 2592 4842 ὑπόμνησιν
2649 4767 2944 4840 λαμϐάνων
2989 4767 3092 4838 τῆς
3130 4769 3188 4821 ἐν
3218 4765 3304 4820 σοὶ
3339 4766 3538 4820 ἀνυπο-
3610 4783 3621 4791 ·

1961 4864 2148 4938 κρίτον
2180 4864 2440 4930 πίστεως,
2476 4863 2600 4934 ἥτις
2632 4861 2881 4934 ἐνῴκησε
2910 4861 3126 4932 πρῶτον
3162 4860 3223 4913 ἐν
3247 4861 3313 4930 τῇ
3341 4857 3534 4929 μάμμῃ

1966 4976 2061 5013 σου
2090 4957 2280 5024 Λωῒδι,
2301 4956 2395 5010 καὶ
2423 4959 2490 5030 τῇ
2524 4955 2691 5028 μητρί
2721 4973 2814 5010 σου
2850 4954 3075 5027 Εὐνίκῃ.
3111 4972 3130 5006 ι
3157 4981 3228 4992 -
3263 4970 3283 5004 ι
3316 4950 3535 5021 Ὄφελον

1961 5050 2059 5107 καὶ
2111 5048 2479 5119 ἀποκόψονται
2526 5049 2578 5102 οι
2635 5047 3069 5111 ἀναστατοῦντες
3122 5047 3309 5116 ὑμᾶς’
3347 5063 3366 5096 ι
3424 5044 3530 5107 καὶ,

1969 5160 1990 5195 ι
2025 5143 2210 5215 Χωρὶς
2244 5141 2405 5214 ἡμῶν
2437 5141 2846 5208 ἐϐασιλεύσατε,
2892 5140 2988 5195 καὶ
3024 5138 3217 5209 όφελόν
3259 5154 3324 5209 γε
3353 5135 3531 5191 Mast-

1773 5289 1826 5344 p.

1939 5320 1940 5329 χ
1991 5275 2149 5331 6-11.
2225 5278 2270 5310 ’³
2303 5277 2537 5346 Philipp.
2581 5293 2678 5342 -ιιι,
2715 5275 2805 5343 20,
2829 5276 2919 5331 2|.
2987 5277 3042 5346 _"
3076 5273 3117 5328 Il
3154 5268 3528 5346 Ροιιτιικίθι

1383 5348 1428 5378 ⁸⁸
1449 5345 1628 5408 Colat.
1669 5338 1752 5405 ιιι,
1774 5338 1831 5400 ’1.

1939 5348 1955 5378 ⁷
1978 5346 2154 5406 Galat.
2187 5364 2260 5411 vt,
2287 5349 2338 5404 7.
2413 5338 2461 5380 ³⁵
2487 5338 2673 5409 ΒοΙαι,
2703 5338 2829 5411 νβ.
2904 5348 2946 5379 ³⁸
2986 5343 3116 5401 Ibid.
3151 5345 3207 5402 5.
3282 5345 3328 5378 ³⁸
3362 5338 3528 5405 [Con

1050 5415 1132 5471 ³¹1
1161 5416 1290 5472 Cor.
1327 5431 1414 5486 xv,
1447 5417 1501 5473 9.
1580 5417 1624 5448 ³³
1650 5417 1696 5478 ll
1724 5415 1831 5471 Tini

1939 5463 1940 5472 χ
1974 5417 2026 5473 4.
2104 5417 2149 5450 ³*
2173 5419 2352 5476 Calat.
2383 5435 2437 5486 v,
2473 5417 2558 5474 1?.
2639 5419 2684 5452 "
2708 5418 2729 5474 1
2755 5419 2881 5475 Cor.
2919 5434 2994 5488 ιν,
3025 5419 3080 5481 8,.

1580 5570 1812 5630 ἾᾹΙῖΙίΕ
1866 5569 2271 5630 LECTIONES.

378 5697 403 5744 ⁸
429 5695 490 5752 C.
521 5696 590 5754 Μ.
631 5700 687 5753 ἐν
735 5698 811 5770 τῷ
868 5700 1091 5770 κρίνειν.
