3798 6210
135 235 245 301 589

1110 244 1211 305 AD
1239 244 1839 314 AMPHILOCHIUM
1877 248 2230 323 QUIESTI—O
2254 251 2443 312 XCII.

3296 254 3406 325 590

132 348 368 404 ὶεύσατε
386 366 401 383 ο
431 370 451 405 ι
493 352 589 407 καὶ
615 352 785 426 μυρία
816 354 972 412 ἄλλα.
1004 350 1134 427 'Ap'
1166 351 1261 413 οὖν
1280 359 1423 413 ὲνδεῐ
1448 377 1593 424 τινος
1615 378 1632 413 ιι

1913 377 2001 416 am
2041 378 2201 417 suam
2225 362 2394 418 vitam
2442 363 2495 418 in
2536 362 2656 422 istis
2691 364 3121 437 impenderunt:
3154 369 3273 440 qui,
3312 387 3413 429 nec

132 447 271 517 περὶ
294 446 474 500 ταῦτα
504 447 595 501 τὸν
619 448 733 518 βίον
758 450 879 504 ὅλον
909 451 1384 523 κατατριψάντων,
1412 453 1439 505 ὁ
1468 453 1604 524 μηδέ
1630 454 1729 520 μέ·-

130 524 393 608 χμ’⁴τῶν
449 539 751 608 ὀνομάτων,
805 532 979 613 οἶμαι,
1039 545 1139 613 τῆς
1182 543 1499 611 ἐπιμελείας
1547 545 1728 600 αὐτῶν

127 628 537 699 ἀνασχόμενος.
594 630 712 685 ἀλλ’
762 633 1111 705 αὐτοσχέδιον
1160 633 1299 704 ἔχων
1340 636 1439 708 τὴν
1480 636 1728 705 γλῶτταν

132 719 385 790 ῥήτορας
422 720 565 774 Ἀλλ’
595 723 706 792 ἄρα
732 724 793 777 τὸ
824 725 923 794 μὲν
951 720 1082 796 ἦθος
1141 725 1291 796 αὐτῷ
1320 728 1416 780 καὶ
1459 727 1520 781 τὸ
1560 729 1729 798 σαφὲς

128 809 224 863 διὰ
262 810 357 864 τοῦ
387 813 653 882 μεγέθους
679 813 823 869 οὕτω
855 817 1597 890 διαπρέπει-κεραννύμενον,
1630 819 1727 874 τοῦ

129 901 339 970 τάχους
372 903 417 957 δ’
448 903 604 958 ἐνδεῖ.
641 907 751 959 Καὶ
779 906 864 970 τίς
901 906 1044 962 οὓτω
1076 908 1285 978 πέφυκε
1309 911 1602 982 συγκράτῳ
1631 929 1727 965 κε-

131 994 381 1062 χρῆσθαι
407 996 702 1067 γοργότητι
726 1014 740 1061 ;
776 1017 795 1050 ι
824 999 955 1063 Θεὸς
983 1001 1011 1052 ὁ
1039 1001 1285 1065 δικαιῶν,
1304 1002 1387 1067 τίς
1415 1004 1442 1056 ὁ
1467 1004 1730 1075 κατακρί-

131 1101 248 1137 νων
273 1102 289 1145 ;
323 1086 559 1157 Χριστὸς
588 1088 617 1140 ὀ
640 1088 951 1161 ἀποθανὼν,
984 1091 1183 1160 μᾶλλον
1205 1091 1262 1145 δὲ
1291 1093 1384 1146 καὶ
1416 1094 1719 1165 ὲγερθείς.»

130 1198 251 1229 -σ
284 1180 469 1234 Πάντα
515 1199 606 1251 μοι
650 1182 882 1248 ἔξεστιν,
926 1184 1041 1237 ἀλλ’
1083 1185 1144 1237 οὐ
1186 1185 1367 1239 πάντα
1417 1186 1725 1257 συμφέρειο

132 1271 325 1325 πάντα
368 1290 458 1343 μοι
510 1274 739 1339 ἔξεστιν,
792 1275 905 1328 ἀλλ’
946 1276 1005 1328 οὐ
1056 1277 1237 1330 πάντα
1277 1278 1568 1348 οίκοδομεῖ.
1608 1299 1627 1333 ι
1661 1310 1732 1324 -

139 1381 163 1415 ‹
202 1364 271 1417 Τί
310 1361 403 1418 οὖν
430 1366 490 1419 τὺ
525 1368 783 1439 περισσὸν
816 1368 909 1422 τοῦ
946 1368 1223 1436 Ἰουδαίου,
1252 1370 1285 1440 ἢ
1314 1371 1399 1435 τίς
1433 1374 1465 1443 ἡ
1495 1372 1731 1441 ὠφέλεια

131 1456 242 1525 τῆς
290 1459 635 1529 περιτομῆς;
688 1461 824 1515 πολὺ
856 1462 999 1516 κατά
1032 1463 1209 1517 πάντα
1251 1464 1474 1534 τρόπον.
1506 1464 1732 1535 Πρῶτον

137 1550 246 1620 μὲν
269 1550 380 1619 γὰρ
405 1551 488 1603 ὅτι
517 1552 919 1623 ἐπιστεύθησαν
946 1555 1015 1609 τὰ
1047 1554 1203 1624 λόγια
1220 1554 1313 1609 τοῦ
1339 1556 1492 1610 Θεοῦ.
1529 1556 1595 1610 Τί
1623 1556 1731 1628 γὰρ

132 1642 190 1693 εἰ
220 1642 571 1713 ὴπίστησανς
618 1646 692 1716 μὴ
737 1647 771 1716 ὴ
800 1646 1027 1701 ἀπιστία
1058 1647 1240 1702 αὐτῶν
1267 1648 1366 1718 τὴν
1406 1649 1589 1708 πίστιν
1630 1649 1728 1705 τοῦ

130 1731 283 1785 θεοῦ
313 1735 686 1805 καταργήσεις
716 1735 808 1809 Μὴ
848 1738 1079 1806 γένοιτο.
1119 1757 1140 1791 ι
1186 1740 1319 1807 Καὶ,
1365 1740 1433 1794 Τί
1462 1736 1557 1796 νύν
1589 1758 1725 1814 προ-

131 1824 385 1895 εχόμεθα
409 1843 425 1893 ;
447 1826 508 1879 ού
534 1827 751 1893 πάντως
764 1829 859 1882 καὶ
883 1829 1047 1884 πάλιν
1066 1845 1080 1859 ·
1103 1848 1122 1882 ι
1144 1830 1563 1902 Λοιδορούμενοι
1583 1832 1729 1887 εὐλο-

130 1914 389 1985 γοῦμεν·
450 1916 770 1988 διωκόμενοι
829 1920 1172 1991 ἀνεχόμεθα·
1242 1923 1729 1996 βλασφημούμενοι

131 2007 593 2080 παρακαλοῦμεν.
626 2011 692 2064 Τί
722 2012 749 2052 ιι
775 2011 841 2065 ἄν
869 2030 955 2077 τις
985 2013 1194 2085 πελάγη
1222 2013 1499 2086 Θαλάσσης
1533 2016 1731 2071 σταλα-

130 2102 308 2170 γμοῖς
355 2105 571 2173 μετρεῖν
606 2103 952 2175 ἐπιχειροίης
987 2106 1103 2160 ῑσον
1135 2106 1244 2177 γὰρ
1275 2107 1461 2162 ἐκεῖνά
1490 2125 1551 2162 τε
1603 2125 1731 2164 στα-

130 2192 374 2263 λαγμῶν
416 2194 695 2264 λογισμοῖς
746 2195 1093 2261 ὑποϐάλλειν,
1135 2199 1228 2252 καὶ
1262 2198 1362 2271 τὴν
1390 2200 1604 2255 Παύλου
1642 2219 1729 2255 σο-

131 2285 276 2352 φίαν
325 2285 617 2354 πειρᾶσθαι
665 2285 818 2358 λόγῳ¹
857 2287 1146 2355 διεξελθεῖν
1169 2306 1182 2320 ο
1213 2289 1333 2344 οὐδὲ
1367 2292 1476 2361 γὰρ
1516 2293 1639 2347 οὐδὲ
1669 2292 1730 2347 τδ

131 2376 507 2443 καλλωπίζον,
546 2378 789 2447 καίτοιγε
821 2380 1091 2451 περιορῶν
1125 2382 1257 2435 αὐτὸ
1288 2384 1367 2447 εἰς
1398 2384 1551 2449 τέλος
1588 2403 1725 2457 παρα

130 2467 402 2537 ἔδραμεν,
455 2467 590 2521 ἀλλὰ
638 2469 735 2536 τῆς
777 2469 1075 2539 ἐπιϐουλῆς
1118 2471 1218 2540 μὲν
1250 2470 1567 2541 γυμνώσας,
1600 2474 1658 2525 ἐν

129 2559 206 2611 ἄν
236 2576 320 2621 τις
361 2561 455 2612 καὶ
482 2560 912 2624 ὲκαλλωπίσατο,
940 2560 1018 2631 τῷ
1051 2563 1276 2634 ὲμιρύτῳ
1304 2564 1361 2616 δὲ
1392 2564 1726 2634 περιϐαλὼν,

127 2648 278 2717 ὅπερ
325 2649 391 2703 άν
419 2666 504 2713 τις
556 2650 708 2720 μόλις
754 2650 1045 2715 ἐλπίσειεν,
1094 2650 1240 2706 οὕτω
1302 2654 1395 2706 καὶ
1452 2653 1730 2725 Θαυμάσαι

132 2738 509 2809 προήνεγκεν,
544 2740 619 2803 ὡς
654 2739 788 2794 αὐτὸ
817 2741 977 2794 τοῦτο
1020 2742 1221 2795 κανόνα
1255 2726 1348 2797 καί
1382 2744 1553 2798 τύπον
1600 2746 1732 2800 κάλ-

128 2831 268 2894 λους
296 2830 553 2901 ἀληθινοῦ
586 2834 699 2895 τοῖς
733 2832 998 2902 συνορῶσι
1038 2835 1381 2904 προκεῖσθαι,
1416 2836 1597 2905 πολλῷ
1636 2836 1728 2891 τοῦ

71 2907 95 2923 ’
132 2924 541 2993 σεσοφισμένου
602 2924 696 2976 καὶ
740 2925 860 2977 κατ’
893 2925 1242 2995 ἐπιτήδευσιν
1288 2926 1369 2988 είς
1418 2926 1731 2999 ὡραιότητα

1830 450 2113 505 nominum
2148 462 2328 518 tenus,
2360 444 2504 523 quod
2529 470 2630 525 ego
2660 469 2805 523 reor,
2840 458 3047 528 aliquid
3082 458 3137 513 in
3166 458 3235 515 iis
3264 475 3411 516 cura:

1830 543 2036 608 posuit,
2070 544 2162 598 sed
2198 561 2319 600 cum
2361 546 2656 602 volubilem
2702 564 2733 605 e
2783 566 2841 606 re
2873 559 3001 607 nata
3029 553 3276 624 linguam
3312 556 3411 609 ha-

1829 635 2002 701 beret,
2062 637 2412 704 rhetoricam,
2456 640 2717 707 ethicam,
2772 651 2828 698 et
2881 646 3228 715 perspicuam
3280 664 3420 718 spe-'

1830 728 1967 782 ciem
2000 728 2072 782 ita
2099 744 2223 782 cum
2259 731 2738 802 grandiloquentia
2770 738 3013 792 exercuit
3036 738 3409 807 coniunctam.

1829 819 1899 872 At
1947 819 2231 874 celeritate
2260 823 2612 891 destituitur;
2661 826 2773 880 imo
2801 828 2927 897 quis
2977 846 3101 883 cum
3130 830 3225 885 illo
3259 847 3413 887 com-

1829 910 2104 977 parandus
2135 908 2189 963 in
2228 911 2506 967 miscenda
2547 914 2895 983 granditate:
2933 933 2952 967 ι
2987 914 3134 972 Deus
3178 926 3265 973 est
3302 919 3398 988 qui

1825 1000 2114 1070 justiﬁcat,
2173 1003 2299 1072 quis
2345 1003 2435 1059 ille
2466 1006 2560 1075 qui
2611 1006 2982 1063 condemnat?
3015 1010 3270 1065 Christus
3313 1012 3410 1081 qui

1832 1102 2081 1149 mortuus
2106 1102 2210 1157 est,
2245 1095 2426 1163 potius
2459 1097 2808 1166 quisurrexit
2832 1099 3240 1155 “as—«Omnia
3270 1101 3403 1154 mihi

1831 1183 2013 1250 licent,
2040 1185 2133 1238 sed
2162 1200 2268 1239 non
2290 1187 2601 1241 conducunt
2628 1189 2832 1243 omnia.
2853 1188 3049 1245 Omnia
3072 1191 3202 1245 mihi
3224 1193 3411 1255 licent,

1832 1280 1886 1325 at
1914 1288 2020 1326 non
2065 1274 2252 1328 omnia
2287 1276 2563 1331 aediﬁcant
2582 1277 2930 1345 ³⁷.»-ιριιτε
2958 1289 3041 1334 est
3074 1295 3205 1348 ergo
3236 1278 3411 1336 Judaei

1831 1364 2231 1432 superioritas?
2289 1376 2381 1421 aut
2440 1383 2561 1437 quae
2627 1370 2835 1426 utilitas
2909 1372 3405 1430 circumcisionis?

1832 1454 2022 1517 Multa,
2077 1472 2172 1526 per
2208 1473 2427 1513 omnem
2472 1460 2715 1516 modum.
2745 1461 2804 1515 ln
2838 1460 3054 1530 primis.
3088 1464 3235 1533 quod
3278 1479 3415 1518 con-

1831 1538 2198 1603 credebantur
2239 1550 2375 1621 ipsis
2416 1552 2641 1606 oracula
2682 1553 2800 1607 Dei.
2833 1553 2970 1621 Quid
3018 1564 3198 1608 autem
3233 1553 3278 1608 si
3326 1555 3413 1608 in-

1832 1640 2043 1695 creduli
2078 1640 2302 1706 fuerint,
2331 1658 2463 1696 num
2494 1658 2685 1698 eorum
2715 1645 3069 1700 incredulitas
3106 1645 3199 1701 Dei
3236 1646 3413 1700 ﬁdeli-

1829 1737 1994 1782 tatem
2051 1730 2378 1785 evacuabit?
2410 1732 2567 1785 Absit
2597 1734 2693 1786 ³⁸.»
2733 1765 2805 1775 --
2829 1754 2847 1787 ι
2885 1734 3183 1791 Conviciati
3222 1747 3409 1792 autem

1830 1820 2243 1887 benedicimus;
2282 1825 2577 1892 persecuti,
2610 1826 2986 1891 sustinemus;
3020 1827 3407 1896 blasphemati,

1830 1912 2197 1969 admonemus
2224 1915 2288 1971 ³⁹.
2325 1935 2343 1967 ι
2384 1916 2521 1981 Quid
2553 1926 2734 1972 autem
2782 1934 2932 1973 mare
2960 1934 3211 1989 magnum
3243 1919 3411 1987 guttis

1832 2005 2014 2059 metiri
2071 2006 2204 2060 velit
2252 1994 2419 2076 quis}:
2453 2008 2595 2062 idem
2645 2019 2732 2064 est
2782 2010 2929 2064 enim
2985 2026 3136 2066 mare
3184 2011 3410 2079 guttulis

1831 2095 2143 2161 subjicere,
2199 2106 2255 2151 et
2301 2097 2439 2151 velle
2492 2098 2669 2153 verbis
2724 2100 3032 2168 exprimere
3086 2099 3415 2169 sapientiam

1830 2185 2010 2252 Pauli,
2051 2189 2142 2257 qui
2185 2205 2303 2254 nec,
2344 2200 2594 2244 ornatum
2628 2191 2753 2246 licet
2789 2192 3004 2261 penitus
3052 2208 3159 2246 non
3192 2192 3415 2245 haberet

1834 2280 2077 2350 insuper,
2111 2281 2164 2334 in
2194 2290 2366 2335 totum
2398 2298 2504 2336 non
2546 2283 2751 2350 omisit,
2786 2284 2882 2339 sed
2912 2284 3054 2340 fucis
3083 2284 3409 2345 delibutum.

1833 2373 1887 2427 in
1920 2372 2121 2442 quibus
2163 2388 2269 2427 non
2305 2389 2465 2428 nemo
2493 2376 2835 2445 gloriabitur,
2882 2376 3119 2431 naturali
3154 2392 3283 2431 vero
3308 2376 3406 2431 de-

1832 2481 1961 2519 core
2012 2466 2307 2529 imbutum,
2362 2468 2509 2535 quod
2563 2467 2652 2521 vix
2700 2466 2975 2536 quispiam
3023 2476 3287 2537 speraret,
3335 2466 3409 2521 ita
3482 2534 3485 2537 Α

1830 2559 2083 2628 provexit
2112 2559 2163 2612 in
2209 2559 2657 2621 admirationem,
2701 2568 2760 2614 ut
2800 2576 3063 2615 canonrm
3092 2572 3148 2617 et
3179 2563 3412 2615 formant

1833 2667 1976 2706 vera:
2026 2651 2456 2720 pu!'|n-itudinis
2518 2652 2861 2708 intuentibus
2915 2654 3192 2717 exhibeat,
3258 2654 3417 2721 longe

1832 2751 2107 2799 semotum
2148 2759 2178 2796 a
2227 2745 2527 2812 sophistica
2579 2754 2634 2797 et
2661 2744 2909 2800 studiose
2936 2746 3164 2815 quaesita
3208 2746 3416 2800 ﬂoridi-

1834 2846 1962 2890 tate.
2009 2836 2113 2890 Sed
2162 2830 2299 2890 nihil
2350 2837 2451 2889 hoc
2499 2844 2608 2889 tam
2664 2836 2861 2905 probat
2900 2853 3069 2901 quam
3116 2837 3415 2907 ipsummet

1832 2930 2021 2984 audire
2052 2949 2065 2984 :
2107 2948 2124 2979 ι
2157 2929 2445 2995 Quomodo
2482 2930 2830 2994 invocabant,
2867 2931 2920 2983 in
2948 2945 3112 2999 quem
3148 2944 3256 2983 non
3292 2944 3415 2985 cre-

126 3016 514 3087 διαφέροντος.
557 3016 700 3070 Ἀλλ’
731 3017 883 3070 οὐδέν
926 3019 1073 3071 ἐστιν
1121 3013 1234 3071 οἷον
1278 3018 1443 3072 αὐτοῦ
1484 3018 1626 3073 ἀκού

1913 3023 2129 3077 lerunt?
2157 3021 2432 3089 quomodo
2475 3023 2699 3077 credent
2745 3022 2800 3076 in
2849 3038 2999 3087 eum,
3030 3022 3099 3077 de
3147 3037 3258 3092 quo
3305 3036 3413 3075 non

138 3126 165 3159 ε
194 3108 322 3171 Πῶς
350 3107 441 3162 οὖν
468 3108 885 3162 ἑπικαλέσονται
910 3112 990 3173 είς
1012 3109 1070 3162 ὃν
1098 3109 1200 3163 οὐκ
1223 3109 1583 3177 ὲπίστευσαν;
1614 3112 1731 3178 πῶς

127 3200 196 3253 δὲ
228 3200 633 3265 πιστεύσουσιν,
663 3196 723 3255 οὗ
748 3202 848 3255 οὐκ
876 3202 1148 3273 ἥκουσανς
1184 3204 1301 3266 πῶς
1322 3202 1380 3255 δὲ
1410 3202 1734 3258 ἀκούσουσιν

131 3291 313 3363 χωρὶς
344 3307 415 3362 κη
426 3290 747 3361 ρύσσοντοςς
773 3293 889 3357 πῶς
912 3294 968 3346 δὲ
992 3294 1344 3365 κηρύξουσιν,
1374 3295 1470 3348 ἐὰν
1498 3296 1573 3367 μὴ
1601 3299 1735 3350 ἁπο-

133 3385 453 3440 σταλῶσιν·
504 3387 684 3452 καθὼς
733 3388 1066 3458 γέγραπται,
1116 3389 1203 3453 Ὡς
1247 3387 1439 3461 ὡραῖοι
1485 3390 1535 3444 οἱ
1575 3391 1734 3454 πόδες

130 3478 250 3531 τῶν
278 3478 785 3549 εὐαγγελιζομένων
815 3480 1061 3551 εἰρήνην,
1089 3480 1197 3533 τῶν
1228 3480 1733 3552 εὐαγγελιζομένων

128 3572 206 3623 τὰ
240 3570 466 3637 ἀγαθάς
509 3590 526 3620 ι
560 3571 742 3635 πάλιν,
794 3590 811 3622 ι
851 3555 915 3623 [εῖτ
955 3588 1041 3635 τις
1087 3571 1178 3625 οὖν
1206 3573 1263 3624 ἐν
1295 3572 1554 3643 Χριστῷ,
1597 3571 1733 3626 εἴτι

130 3658 496 3730 παραμύθιον
524 3659 743 3730 ἀγάπης
760 3702 775 3725 ,
805 3660 858 3713 ετ
872 3678 993 3714 τινα
1006 3661 1292 3734 σπλάγχνα
1312 3662 1406 3715 καὶ
1428 3664 1729 3734 οἰκτιρμοὶ,

130 3750 480 3821 πληρώσατέ
512 3768 614 3820 μου
646 3751 746 3821 τὴν
771 3751 976 3821 χαράν·
1014 3770 1032 3802 ι
1071 3750 1210 3817 εἶτα,
1241 3771 1258 3803 ι
1297 3752 1360 3805 Ἢ
1397 3752 1574 3822 θλίψις
1602 3754 1734 3807 ὑπο-

135 3842 318 3916 μονὴν
350 3843 776 3912 κατεργάζεται·
810 3844 842 3913 ἡ
869 3844 924 3897 δὲ
946 3844 1192 3916 ὑπομονὴ
1218 3845 1447 3917 δοκιμήν
1471 3862 1485 3876 ·
1516 3846 1549 3916 ἠ
1572 3845 1627 3898 δὲ
1649 3845 1731 3898 δο-

131 3937 284 4006 κιμὴ
315 3934 537 3989 ἐλπίδα·
568 3937 600 4003 ἡ
625 3935 683 3987 δὲ
716 3935 872 3999 ἐλπὶς
901 3937 961 3989 οὐ
990 3937 1363 4009 καταισχύνει.
1409 3957 1428 3991 ι
1474 3936 1665 4002 Οὕτως
1702 3939 1733 3992 ό

129 4020 253 4084 τῶν
294 4026 625 4081 Ἐπιστολῶν
652 4026 746 4081 τοῦ
779 4028 1018 4103 μεγάλου
1052 4030 1264 4083 Παύλου
1293 4034 1581 4103 χαρακτὴρ
1607 4032 1734 4102 ἀρε-

127 4120 243 4190 τῆς
276 4120 498 4188 ἁπάσης
533 4122 630 4189 τῆς
665 4124 723 4173 ὲν
752 4118 894 4189 λόγῳ
924 4119 1023 4184 τάς
1058 4121 1205 4185 ἰδέας
1252 4122 1731 4193 ὲμμορφούμενος,

130 4212 238 4266 καὶ
266 4212 383 4273 τοῖς
431 4210 785 4280 καταλλήλοις
827 4211 924 4264 καὶ
973 4212 1195 4275 οἰκείοις
1238 4212 1731 4281 ὲμποικιλλόμενος

130 4305 449 4374 σχήμασιν,
480 4302 787 4372 ἀρχετύπου
827 4304 922 4356 καὶ
967 4302 1414 4374 παραδείγματος
1452 4303 1609 4372 λόγον
1636 4305 1733 4357 ὲπο

1834 3113 2163 3169 audierunt?
2193 3113 2470 3183 quomodo
2515 3115 2740 3168 audient
2790 3115 2910 3169 sine
2957 3114 3417 3183 prau-one?quo-

1834 3206 2000 3262 modo
2046 3206 2441 3276 praedicabunt,
2500 3205 2607 3262 nisi
2661 3205 2988 3260 mittantur?
3043 3215 3102 3259 ut
3147 3206 3414 3276 scriptum

1835 3304 1940 3362 est,
1982 3295 2157 3361 Quam
2194 3294 2405 3363 pulchri
2439 3295 2601 3363 pedes
2650 3295 3144 3366 evangelizantium
3185 3310 3411 3363 pacem,

1834 3386 2327 3457 evangelizantium
2389 3386 2593 3441 bonum
2616 3386 2662 3419 “
2692 3389 2705 3441 !
2739 3407 2758 3439 ι
2814 3388 3019 3442 lterum
3050 3406 3063 3441 :
3124 3406 3142 3438 ι
3175 3386 3233 3441 Si
3285 3402 3408 3457 qua:

1834 3496 1965 3549 ergo
1992 3479 2046 3534 in
2074 3479 2293 3533 Christo
2322 3478 2633 3532 consolatio
2667 3497 2679 3531 :
2710 3479 2754 3533 si
2798 3479 3010 3533 amoris
3043 3478 3288 3532 solamen
3322 3496 3335 3531 :
3368 3477 3415 3531 si

1835 3572 2048 3625 viscera
2100 3577 2154 3623 et
2212 3569 2623 3635 miserationes,
2678 3570 2971 3639 adimplete
3038 3585 3218 3623 meum
3280 3585 3416 3639 gau-

1834 3664 1984 3718 dium
2012 3663 2079 3721 ⁸⁸,
2115 3682 2131 3713 ι
2163 3661 2226 3715 Et
2262 3681 2274 3715 :
2317 3682 2334 3712 ‹
2366 3663 2601 3719 Aﬂlictio
2640 3663 2959 3729 patientiam
2994 3672 3274 3732 operatur,
3322 3677 3419 3730 pa-

1833 3755 2026 3809 t'eutia
2072 3755 2475 3825 probationem,
2522 3754 2774 3824 probatio
2823 3770 2974 3825 spem
3011 3773 3025 3809 :
3057 3771 3181 3823 spes
3231 3763 3415 3809 autem

1836 3865 1945 3902 non
1970 3847 2329 3917 pudefacit".
2366 3867 2384 3898 ι
2418 3848 2596 3913 Atque
2625 3847 2700 3901 ita
2726 3848 3013 3901 character
3045 3847 3414 3915 Epistolarum

1838 3939 1994 3997 Pauli
2050 3938 2200 3993 illius
2262 3939 2444 4007 magni
2509 3938 2831 3991 omnimoda
2892 3938 3149 3991 dictionis
3217 3938 3417 3990 virtute

1836 4032 2209 4093 conﬁrmatus,
2241 4028 2505 4099 congruis
2539 4038 2705 4098 atque
2739 4029 2977 4098 propriis
3019 4028 3207 4097 ﬁguris
3240 4027 3417 4081 varie-

1836 4133 2014 4193 gatus,
2072 4121 2350 4191 archetypi
2398 4130 2453 4175 et
2504 4120 2838 4189 exemplaris
2893 4119 3161 4175 rationem
3206 4119 3415 4181 subire,

1836 4225 2000 4282 atque
2047 4211 2357 4267 imitatione
2408 4211 2641 4279 exprimi
2689 4211 2887 4278 dignus
2933 4216 3045 4272 est,
3080 4224 3189 4262 non
3232 4217 3415 4264 autem

1836 4305 1987 4373 religi
2031 4313 2126 4358 aut
2166 4302 2397 4358 rescribi
2430 4302 2497 4355 ad
2544 4300 2778 4356 aliorum
2822 4301 3181 4356 imitationem
3226 4318 3254 4354 a
3288 4317 3419 4371 pru-

129 4398 292 4467 ἐχειν
319 4388 425 4449 και
445 4394 736 4463 ζηλοῦσθαι
775 4395 945 4461 ἄξιος,
978 4386 1114 4449 ἀλλά
1150 4395 1224 4466 μὴ
1247 4395 1382 4465 πρὸς
1407 4394 1613 4466 ἐτέρων

1918 4398 2091 4451 ntibns
2123 4396 2305 4451 debet.
2336 4392 2527 4462 Neque
2561 4392 2707 4447 enim
2743 4393 2849 4446 erit
2888 4394 2939 4446 in
2978 4401 3229 4462 promptu
3268 4394 3418 4445 inve-

133 4505 318 4557 μησιν
382 4488 803 4557 ἀναγεγράφθαι
867 4490 985 4550 τοῖς
1048 4504 1111 4556 γε
1176 4487 1548 4557 σωφρονοῦσιν
1614 4489 1732 4543 ἐστι

128 4582 374 4643 δίκαιος.
404 4580 536 4633 Οὐδὲ
561 4581 669 4650 γὰρ
706 4581 827 4633 οὐδὲ
855 4582 1037 4652 ῥᾴδιον
1071 4581 1280 4651 εὑρεῖν,
1305 4578 1362 4634 ὃν
1386 4580 1732 4636 είκονίσειενο

130 4673 269 4727 ἐπεὶ
310 4672 443 4741 μηδὲ
497 4672 729 4743 μελέτης
769 4674 1001 4743 καρπὸς,
1050 4673 1165 4729 ἀλλ’
1202 4674 1448 4736 ἐπινοίας
1489 4676 1504 4715 ί
1560 4675 1733 4747 ὑπερ-

130 4764 317 4834 φυοῦς
360 4764 428 4817 τὰ
458 4764 672 4817 Παύλου
705 4765 923 4835 ῥήματα
976 4768 1005 4821 ὁ
1050 4766 1153 4836 τῆς
1187 4767 1381 4835 σοφίας
1424 4766 1737 4838 πλοῦτος,ή

128 4860 241 4925 τῆς
271 4856 531 4925 ἀληθείας
560 4856 776 4928 καθαρὰ
812 4859 905 4913 καὶ
929 4858 1157 4929 διαυγὴς
1206 4860 1298 4914 καὶ
1329 4859 1525 4930 ἡδονῆς
1557 4876 1731 4930 σωτη-

134 4947 264 5019 ρίου
326 4943 565 5015 βρύουσα
618 4948 809 5017 πηγή·
856 4948 1016 5002 τοῦτο
1068 4949 1167 5019 τῆς
1215 4949 1423 5003 ἄνωθεν
1489 4950 1727 5020 φοϐερᾶς

130 5037 458 5108 ἀστραπῆς,
490 5035 717 5107 βραχεῖά
750 5056 832 5103 τις
859 5038 1181 5112 λαμπηδὼν,
1215 5041 1326 5095 τῶν
1355 5041 1726 5096 ἀποστολικῶν

132 5126 373 5201 χειλέων
398 5125 786 5182 ἀποπάλλουσα
809 5146 822 5160 ο
847 5130 1005 5184 τοῦτο
1024 5131 1125 5200 τῆς
1146 5133 1204 5185 ὲν
1223 5133 1477 5205 ἀσθενείᾳ
1497 5133 1729 5189 τελειου·

134 5204 319 5295 μένης
361 5217 513 5281 θείας
552 5218 834 5292 δυνάμεως
868 5224 1113 5295 ἀπορροή
1143 5241 1228 5288 τις
1251 5204 1471 5297 μετρία,
1520 5227 1725 5297 κόσμον

1833 4490 1953 4542 nire
2002 4490 2069 4542 ad
2115 4503 2278 4556 quem
2336 4486 2507 4539 alium
2554 4485 2627 4540 sit
2673 4483 3017 4552 eliigiandus.
3072 4484 3214 4536 Sunt
3264 4480 3423 4536 enim

1834 4577 1990 4632 Pauli
2024 4577 2211 4641 verba,
2250 4591 2355 4627 non
2388 4574 2763 4629 tttcdilationis
2794 4574 3026 4637 fructus,
3057 4572 3149 4626 sed
3185 4572 3417 4641 inspira-

1836 4671 2034 4734 tiones,
2080 4677 2133 4723 et
2177 4664 2595 4721 excellentiores
2644 4665 3006 4735 cogitationes
3038 4680 3051 4718 :
3081 4663 3287 4718 divitiae
3332 4679 3417 4719 sa-

1839 4762 2094 4832 pirntim,
2167 4759 2292 4816 fons
2358 4756 2618 4813 virtutem
2685 4756 3022 4812 salutiferam
3102 4756 3417 4820 ebulliens,

1838 4854 2018 4908 brevis
2075 4854 2325 4923 quaedam
2391 4852 2748 4917 coruscatio,
2803 4867 2839 4908 ei
2890 4850 3049 4906 labiis
3100 4850 3417 4921 apostolicis

1835 4946 2125 5011 exsiliens,
2158 4946 2425 5001 terribilis
2468 4961 2499 5001 e
2545 4943 2686 5000 caelo
2728 4942 3137 5013 fulgurationis,
3186 4942 3418 4997 elliuxus

1835 5038 2055 5109 quidam
2088 5047 2568 5093 commensuratus
2597 5038 2796 5092 divina:
2834 5037 2978 5091 illius
3015 5036 3269 5106 potentiae
3309 5052 3409 5105 per

1836 5130 2206 5187 inﬁrmitatem
2243 5130 2505 5202 perfectae
2530 5146 2639 5201 qua
2674 5139 2821 5184 totus
2849 5128 3089 5183 mundus
3129 5127 3416 5198 irrigatur.

1833 5221 2018 5278 Gratia
2051 5234 2137 5279 est
2169 5225 2284 5281 haec
2314 5239 2551 5297 operans
2578 5224 2635 5279 in
2668 5223 2922 5280 testaceis
2951 5222 3119 5289 vasis,
3152 5236 3419 5277 veneran-

211 5397 449 5471 filium.
479 5415 596 5463 vui,
624 5401 713 5463 53,
750 5400 881 5471 '54.:
918 5400 961 5432 ³⁷
988 5400 1006 5453 l
1035 5400 1163 5457 Cor.
1198 5417 1253 5461 ιι.
1285 5400 1377 5467 ει,
1403 5403 1495 5457 ‘23.
1572 5402 1618 5433 ³⁸
1648 5402 1706 5455 η’

1910 5444 1923 5467 ,
1963 5404 1988 5457 l
2024 5403 2078 5459 5.
2152 5404 2198 5437 ³⁹
2229 5403 2400 5461 lCor.
2427 5418 2501 5471 tv,
2542 5402 2631 5471 12,
2666 5404 2753 5460 l5.
2829 5402 2874 5436 ⁸ο
2929 5400 3091 5457 Rom.
3120 5416 3175 5467 κ,
3208 5399 3291 5467 Η,
3327 5396 3407 5451 15.

133 5467 188 5503 “
218 5468 464 5539 Philipp.
495 5486 558 5537 tt,
590 5472 643 5537 1,
670 5472 728 5525 2.
798 5471 843 5502 δ’
868 5470 1030 5524 “Ollio
1063 5486 1114 5537 νο
1153 5472 1274 5530 δ”δο

1432 5587 1665 5646 VARle
1695 5584 1725 5642 Σ
1738 5588 2111 5648 .ECTIONES.

254 5682 375 5738 ΒΟ,
407 5681 475 5739 Μ.
513 5684 621 5738 Καὶ
652 5684 725 5739 τί.
846 5686 861 5727 ί
903 5686 962 5742 C.
1009 5685 1079 5742 Μ.
1108 5687 1416 5751 ἐπιπνοίας.
