3798 6210
386 223 488 292 391

384 435 700 491 indelebile.
752 438 1031 508 Sapientia
1081 443 1356 503 distillaus
1401 463 1433 504 e
1481 450 1673 523 lingua
1719 454 1965 521 idiotica,

384 527 572 595 regula
608 528 857 599 dirigens
875 532 1247 602 eloquentiam
1279 554 1345 594 ex
1373 557 1469 595 ore
1493 542 1835 599 immeditato
1862 564 1875 612 ;
1902 562 1968 600 ex

386 616 679 675 illitteratis
729 620 891 676 labiis
937 637 1030 679 ars
1075 628 1367 682 rhetorica.
1417 629 1558 696 Quid
1616 642 1670 686 tu
1717 633 1786 687 ad
1833 633 1971 688 ista?

384 708 466 762 An
501 718 553 763 te
586 710 771 767 adhuc
795 715 1146 771 ratiocinatio
1174 719 1360 783 dubia,
1388 731 1442 776 et
1475 723 1729 792 ambigua
1761 725 1968 795 Opinio,

384 801 453 857 de
481 800 638 858 Pauli
678 806 944 875 sapientia
979 810 1199 865 turbat?
1238 813 1425 868 Potius
1464 815 1561 869 tibi
1606 816 1970 887 imputabitur

384 895 734 962 parcimonia
766 896 818 949 in
858 898 1063 969 ﬁguras
1097 900 1216 969 ejus
1244 904 1505 972 epistolas
1534 906 1578 960 si
1610 908 1965 974 cunﬁnxcris,

383 985 472 1041 vel
506 987 803 1057 plurimum
840 999 897 1045 tu
935 992 1169 1061 teipsnm
1203 997 1510 1060 accusabis,
1541 999 1688 1067 quod
1735 1000 1969 1056 antehac

385 1088 439 1133 te
487 1088 764 1135 tantarum
815 1084 1118 1152 gratiarum
1175 1102 1405 1142 munera
1461 1089 1762 1147 latuerunt.
1827 1092 1969 1159 Quid

384 1184 551 1239 porro
584 1172 819 1238 diceres,
848 1174 896 1228 si
938 1175 1264 1244 profundius
1302 1180 1604 1240 descendas
1640 1183 1694 1238 in
1735 1184 1964 1241 alteram

383 1272 596 1331 partem
639 1263 913 1321 facultatis
943 1267 1064 1336 ejus
1096 1268 1151 1321 in
1180 1269 1451 1327 dicendo:
1485 1272 1677 1339 Qualis
1720 1276 1969 1333 cernitur

384 1353 440 1408 in
475 1354 754 1427 plerisque
786 1358 1059 1427 capitibus
1099 1362 1331 1418 summis
1362 1363 1743 1434 disponendis,
1786 1371 1968 1438 quoad

383 1447 660 1513 ordinem,
690 1450 1072 1520 prudentiam;
1123 1453 1253 1508 dum
1300 1454 1537 1521 inducit,
1589 1457 1836 1529 disponit
1874 1477 1969 1530 per

382 1538 728 1610 liypOpheras
763 1542 1212 1618 antlnypOplteras
1248 1564 1263 1603 :
1294 1546 1492 1617 quibus
1534 1550 1587 1604 in
1636 1550 1968 1609 inveniendo

380 1628 779 1699 epicbremasi;
814 1647 983 1702 quam
1024 1635 1284 1704 capiosus
1327 1637 1381 1691 in
1431 1640 1752 1707 operando;
1799 1659 1963 1712 quam

1551 247 1819 309 PllOT’ll
1863 232 2375 317 minuscum
2397 260 2508 319 cp.
3549 276 3633 341 διε

383 344 583 401 dorum
617 350 672 399 et
702 345 1106 415 paradoxorum
1146 354 1542 424 mysteriorum
1592 362 1959 417 testimonium

2072 364 2194 422 ὅλον
2220 372 2552 441 άρδεύουσα·
2585 374 2748 429 τοῦτο
2783 371 2885 448 τῆς
2929 374 2986 433 ὲν
3017 372 3365 452 ὀστρακίνοις

3413 401 3632 445 σκευεσιν

2069 460 2473 534 ἐνεργουμένης
2524 465 2767 537 χάριτος.
2821 468 2887 524 Ὠ
2925 471 3173 541 φρικτῶν
3216 472 3313 527 καὶ
3354 478 3634 546 παραδόξων

2072 552 2389 622 μυστηρίων
2440 554 2740 625 μαρτύριον
2785 557 3266 630 άπαράγραπτονι
3305 563 3363 631 ἐξ
3394 566 3635 638 ἰδιωτικῆς

2069 640 2319 713 γλώττης
2368 645 2643 710 στάζουσα
2694 649 2875 718 σοφία,
2906 651 2964 717 ἐξ
2998 652 3341 726 ἀμελετήτου
3404 659 3635 729 στόματος

2069 733 2250 787 κανὼν
2288 736 2641 819 εὐγλωττίας,
2679 740 2738 806 ἐξ
2776 742 3007 812 ἀμαθῶν
3036 744 3267 813 χειλέων
3311 747 3471 820 τέχνη
3506 754 3636 823 ῥητο-

2072 826 2214 897 ρίας.
2248 826 2320 880 Σὺ
2349 827 2405 880 δὲ
2428 828 2481 881 τί
2504 829 2719 899 λέγεις;
2751 834 2873 887 Ἔτι
2899 852 2958 888 σε
2988 835 3253 907 λογισμὸς
3280 838 3543 905 διστάζων
3562 845 3636 913 τῆς

2070 916 2128 970 ἐν
2154 917 2299 989 λόγῳ
2320 919 2537 974 Παύλου
2565 922 2821 994 σοφίας-,ἣ
2840 923 3165 997 διαπόρησις
3189 929 3431 999 ἐνοχλεῖς
3454 933 3638 988 Μᾶλλον

2068 1007 2124 1061 δὲ
2153 1003 2242 1080 ἆρ’
2270 1008 2350 1063 ἔτι
2379 1027 2462 1063 σοι
2489 1012 3017 1085 μικρολογηθήσεται
3056 1015 3156 1090 [εί]
3180 1020 3261 1082 εἰς
3284 1022 3539 1091 σχήματα
3563 1025 3639 1083 τὰς

2082 1100 2405 1166 Ἐπιστολάς
2432 1103 2595 1157 αὑτοῦ
2630 1106 3041 1175 σχηματίσειεν,
3075 1109 3106 1180 ἢ
3147 1111 3339 1181 μακρά
3371 1113 3438 1165 ἂν
3474 1116 3637 1167 σαντοῦ

2068 1188 2178 1246 τῶν
2212 1194 2494 1266 προτέρων
2524 1198 2875 1266 καταγνοίης,
2909 1200 2993 1252 ὅτι
3035 1219 3094 1254 σε
3124 1203 3401 1256 τοσούτων
3435 1206 3639 1276 χαρίτων

2071 1283 2251 1356 δωρεὰ
2282 1286 2628 1354 διελάνθανε;
2660 1289 2728 1343 Τί
2754 1289 2800 1342 δ’
2830 1291 2897 1344 ἂν
2930 1293 3108 1356 εἴποις
3131 1293 3566 1366 ἐμϐαθυνόμενος
3583 1301 3640 1369 τῷ

2072 1374 2244 1447 ἑτέρῳ
2274 1378 2429 1449 μέρει
2458 1381 2558 1449 τῆς
2587 1381 2955 1453 ὲκείνου⁹περὶ
2978 1386 3105 1448 τοὺς
3128 1385 3322 1452 λόγους
3362 1388 3639 1459 δυνάμεως,

2069 1461 2182 1531 οἷος
2229 1470 2287 1522 ὲν
2331 1472 2444 1533 τοῖς
2477 1470 2793 1539 κεφαλαίοις
2819 1475 2919 1544 τὴν
2948 1476 3126 1541 τάξιν,
3158 1479 3261 1549 τὴν
3292 1478 3509 1533 σύνεσιν
3550 1484 3639 1533 εἱσ-

2071 1559 2221 1629 άγων
2251 1562 2727 1634 οίκονομόύμενος.
2760 1566 3052 1637 ὑποφέρων
3097 1568 3522 1642 ἀνθυποφέρων,
3544 1574 3641 1638 r339;

2069 1652 2179 1705 τῶν
2216 1654 2661 1725 ἐπιχειρημάτων
2694 1656 2791 1727 τὴν
2823 1658 3073 1729 εὕρεσιν·
3123 1659 3185 1713 τὸ
3232 1662 3293 1714 ἐν
3343 1666 3469 1726 ταῖς
3509 1664 3643 1735 ἐργα-

379 1732 669 1793 promptus
722 1726 789 1780 ad
843 1729 1328 1795 persuadendum,
1383 1746 1551 1800 quam
1604 1733 1863 1802 frequens
1907 1736 1959 1790 in

2072 1742 2215 1808 σίαις
2248 1722 2504 1816 γόνιμον·
2542 1748 2690 1813 ὅπως
2744 1722 3067 1819 συμπείθειν
3107 1753 3327 1824 ἕτοιμος
3376 1722 3473 1808 καλ
3504 1722 3642 1821 πολὺς

378 1817 655 1887 parabolis
687 1828 741 1873 et
778 1819 1273 1889 similitudinibus;
1315 1833 1556 1892 quantus
1588 1824 1639 1879 in
1678 1826 1963 1898 entltymc~

378 1908 581 1971 masin,
620 1918 676 1967 et
710 1910 830 1965 istis
877 1910 1175 1967 virtutibus
1226 1913 1627 1984 congenerilius
1665 1931 1804 1985 quas
1842 1924 1961 1972 stu-

376 1998 533 2059 diose
573 2001 860 2071 complecti
897 2006 1123 2074 poteris,
1152 2005 1278 2061 licet
1314 2007 1457 2060 nulli
1480 2006 1615 2061 alias
1649 2009 1960 2064 mcditanda

376 2091 516 2149 velis
559 2105 845 2164 praestare,
881 2097 948 2152 ad
978 2113 1221 2155 amorem
1253 2115 1382 2156 vere
1424 2101 1684 2167 celerem,
1720 2111 1769 2157 el
1806 2104 1959 2158 oblev

376 2193 715 2242 clameutum
749 2188 1080 2246 delectabile
1116 2191 1523 2247 conciliandum
1560 2211 1574 2249 :
1608 2194 1851 2249 Accedat
1894 2196 1960 2249 ad

376 2276 483 2334 ista
526 2278 693 2350 hujus
727 2281 964 2340 hominis
990 2281 1059 2337 de
1091 2284 1413 2356 idolothytis
1441 2287 1837 2342 commentatio
1867 2306 1882 2342 :
1908 2297 1963 2343 et

377 2369 467 2424 ubi
496 2370 549 2424 id
578 2372 689 2442 agit
730 2381 789 2426 ut
815 2373 1088 2444 deprimat
1128 2375 1328 2430 fastum
1374 2377 1589 2432 illorum
1622 2387 1676 2433 et
1716 2378 1959 2433 inﬂatio-

375 2475 522 2525 nem,
563 2462 659 2532 qui
700 2464 767 2519 de
808 2464 1025 2533 loquela
1060 2467 1373 2536 linguarum
1426 2469 1672 2541 ingentes
1713 2486 1964 2539 sumpse-

376 2564 501 2608 rant
531 2557 762 2625 spiritus
796 2575 810 2612 :
842 2568 896 2614 et
926 2559 1071 2630 quod
1114 2562 1197 2615 lex
1227 2562 1442 2617 debitor
1464 2574 1583 2618 erat
1612 2579 1735 2633 qua:
1766 2570 1961 2619 cence-

372 2646 504 2702 derc
536 2658 592 2704 ct
627 2650 810 2707 locum
841 2652 973 2707 dare
999 2653 1193 2724 gratia)
1224 2654 1467 2709 deberet.
1511 2654 1616 2710 Sed
1650 2656 1865 2710 abunde
1894 2656 1962 2711 de

376 2738 501 2793 istis
562 2739 776 2796 dictum
836 2753 1173 2814 est:e0que
1225 2761 1400 2817 magis
1448 2747 1593 2818 quod
1647 2747 1956 2802 litterarum

373 2832 710 2887 commercio
775 2833 1185 2890 insinuantur:
1244 2837 1288 2891 si
1353 2838 1652 2907 aliquando
1734 2838 1961 2894 insimul

373 2924 836 2991 converterimus;
891 2929 1283 2983 convenientes
1341 2940 1559 2994 autem,
1612 2930 1669 2985 id
1727 2929 1958 2986 Domino

374 3014 510 3069 milii
539 3027 890 3088 suggerente,
921 3029 1033 3074 tum
1060 3022 1314 3076 dilIusius
1340 3038 1505 3092 quam
1532 3022 1584 3077 in
1615 3023 1876 3094 prmsenti
1894 3024 1965 3079 de
2002 3010 2003 3013 η

374 3107 502 3164 istis
526 3110 671 3180 apud
702 3120 753 3167 tc
778 3112 1072 3169 disseram.

374 3202 705 3273 ρυλεδτιο
784 3208 966 3265 XCIII.
1314 3282 1335 3354 1
1367 3212 1698 3268 CCLXXI".

376 3364 613 3424 Diversa:
656 3371 976 3440 quwstiones
1019 3389 1084 3453 ea;
1112 3375 1370 3498 ,Αροῖιυιο
1410 3391 1503 3443 per
1544 3376 1728 3445 viginti
1771 3386 1966 3446 septem

957 3453 1136 3498 comta
1178 3462 1236 3498 ιο
1265 3456 1393 3498 ιειιυ.
1622 3476 1623 3479 η
1812 3470 1821 3479 ·

957 3453 1136 3513 capita
1178 3453 1393 3499 solum.
1622 3476 1623 3479 η
1812 3470 1821 3479 ·

1789 3212 1958 3270 Timr.
1995 3224 2039 3281 C

2073 1832 2437 1908 παραϐολαῖς,
2458 1839 2926 1912 παραδείγμασιν·
2948 1842 3135 1913 ἡλίκος
3161 1847 3274 1908 τοῖς
3297 1846 3641 1917 ἐνθυμήμασι·

2069 1929 2164 1983 καὶ
2202 1930 2301 2001 τὴν
2347 1929 2517 2001 ἄλλην
2563 1931 2778 1995 τούτοις
2825 1932 3045 1988 ἃπασαν
3079 1938 3321 2008 συγγενῆ
3356 1938 3595 2011 δύναμιν,
3618 1941 3645 1995 ὃ.

2072 2038 2155 2075 σοι
2189 2023 2463 2094 παράσχοι
2492 2025 2820 2098 περιελθεῖν,
2850 2027 2955 2082 κᾶν
2988 2028 3182 2099 μηδενὶ
3221 2029 3466 2103 θελήσῃς
3502 2032 3644 2104 ἑτέρῳ

2068 2112 2210 2168 κατὰ
2255 2115 2487 2187 μελέτην
2530 2118 2808 2187 προσχεῖν,
2847 2119 2928 2182 είς
2978 2118 3055 2183 ὡς
3086 2120 3307 2191 ἀληθῶς
3340 2122 3470 2190 ὀξὺν
3494 2123 3643 2195 ἔρωτι

2073 2204 2166 2257 καὶ
2217 2204 2401 2276 θαῦμα
2460 2206 2657 2275 γλυκὺ,
2691 2210 2725 2278 ἦ
2761 2227 2821 2263 τε
2858 2212 3128 2283 περὶτῶν
3164 2217 3532 2273 εἰδωλοθύτων
3566 2224 3645 2274 τοῦ

2068 2297 2261 2369 ἀνδρὸς
2290 2300 2368 2361 είς
2402 2299 2575 2353 ταῦτα
2620 2304 3033 2376 μεταχείρησις,
3070 2310 3164 2362 καὶ
3198 2311 3257 2365 ὲν
3296 2305 3341 2379 ᾧ
3390 2314 3642 2385 καθαίρειν

2070 2388 2340 2459 ἐπιχειρεῖ
2384 2391 2495 2444 τῶν
2542 2393 3122 2466 μεγαλοφρονούντων,
3168 2401 3257 2471 ἐφ’
3395 2404 3641 2471 γλώσσαις

2069 2479 2294 2533 ἐλάλουν
2322 2480 2383 2533 τὸ
2416 2482 2665 2552 φύσημα,
2698 2491 2792 2539 καὶ
2819 2485 2883 2557 δὴ
2912 2488 3008 2540 καὶ
3032 2489 3107 2553 ὡς
3133 2491 3163 2543 ό
3191 2492 3359 2562 νόμος
3384 2494 3645 2564 ὀφειλέτης

2066 2567 2135 2643 ἦν
2167 2574 2571 2644 παραχωρῆσαι
2610 2578 2677 2646 τῇ
2707 2576 2926 2647 χάριτι;
2969 2579 3130 2634 Ἀλλά
3154 2583 3285 2653 περὶ
3321 2584 3424 2653 μὲν
3463 2584 3642 2637 τούτων

2068 2665 2258 2719 ἱκανά·
2301 2666 2398 2720 καὶ
2429 2665 2602 2722 ταῦτα
2657 2669 2801 2722 κατὰ
2846 2670 3181 2741 γράμματος
3228 2675 3473 2745 ὁμιλίαν.
3510 2677 3642 2729 Εἰ

2068 2774 2201 2810 ποτε
2242 2758 2581 2830 συνεσόμεθα
2634 2758 2995 2829 (συνεσόμεθα
3035 2764 3129 2817 δέ·
3182 2765 3325 2821 θεῖόν
3374 2784 3468 2837 μοι
3510 2768 3643 2821 τοῦτο

2070 2850 2295 2920 μήνυμα
2327 2844 2737 2924 προαγορεύει),
2769 2854 2891 2908 τότε
2939 2853 3279 2928 πλατύτερον
3310 2859 3344 2931 ἢ
3391 2858 3489 2912 νῦν
3538 2860 3643 2930 περὶ

2067 2941 2279 2999 τούτων
2317 2960 2400 2999 σοι
2431 2945 2812 3018 διαλεξόμεθα.

2634 3215 2974 3271 sperum
3010 3216 3124 3283 ιιι.

2070 3369 2393 3440 Ζητήματα
2436 3367 2693 3437 διάφορα
2726 3367 2835 3421 τοῦ
2863 3369 3270 3440 ,Ἀποστόλου
3303 3368 3402 3423 διὰ
3428 3375 3478 3422 κ’
3495 3367 3584 3421 καὶ
3612 3366 3645 3425 ’ζ’

2476 3440 2825 3507 κεφαλαίων
2850 3438 2988 3492 ὲπιλ
2999 3443 3245 3508 υόμεγα.

818 3554 964 3607 Edita
1003 3570 1031 3607 a
1063 3558 1383 3621 Montacutto,
1415 3573 1497 3624 ep.
1540 3559 1650 3621 166,
1688 3559 1754 3611 ad
1789 3562 1966 3629 Georg.
2009 3559 2053 3607 Ν
2063 3554 2184 3608 icom
2210 3592 2229 3617 ,
2267 3570 2319 3619 p.
2351 3556 2446 3605 253i
2468 3569 2575 3618 seq.
2610 3554 2686 3605 De
2718 3527 3029 3635 variis‘POauli
3073 3555 3214 3605 locis.

448 3657 905 3732 Quandoquidem
967 3668 1227 3736 agnoscis
1266 3678 1319 3723 te
1357 3684 1463 3723 non
1512 3669 1677 3724 modo
1728 3670 1959 3733 victum,

378 3750 634 3816 libenter,
688 3755 781 3809 sed
830 3757 1054 3827 insuper
1111 3758 1191 3813 sic
1247 3759 1416 3824 vinci,
1471 3760 1612 3815 inter
1649 3761 1964 3816 festivitatis

377 3847 667 3903 commoda
724 3858 965 3920 reputes,
1007 3851 1138 3921 quid
1186 3860 1272 3906 est
1317 3854 1463 3922 quod
1501 3853 1734 3909 ulterius
1784 3855 1965 3909 adhuc

376 3938 658 3995 desideres
689 3941 937 4012 exempla
972 3942 1411 4013 Seripturarum,
1442 3945 1497 3999 in
1520 3946 1801 4015 prioribus
1823 3944 1966 4000 litte-

377 4033 457 4087 ris
498 4034 636 4089 meis
683 4034 975 4091 allatarum
1023 4036 1363 4107 ﬁgurarum;
1396 4037 1485 4094 cui
1531 4047 1626 4094 tuo
1664 4039 1964 4104 desiderio,

376 4123 630 4179 celeriter
680 4127 839 4196 cupis
905 4127 1165 4183 satisﬁeri
1209 4128 1407 4199 :quod
1449 4138 1503 4185 et
1566 4146 1786 4200 :equum
1841 4146 1966 4187 esse

375 4217 576 4284 sentio,
614 4219 757 4290 sapit
800 4220 947 4275 enim
990 4221 1250 4277 invidiam
1285 4223 1363 4277 illi
1400 4223 1684 4278 veritatem
1732 4240 1840 4278 non
1879 4240 1966 4280 re-

376 4319 732 4379 pra-scntare,
767 4313 897 4383 quia
939 4314 1168 4369 veritate
1211 4314 1412 4383 victus,
1445 4318 1592 4385 quod
1637 4331 1827 4371 verum
1857 4326 1961 4383 est,

375 4401 589 4469 quzerit.
622 4401 914 4470 Quacirca,
935 4415 1175 4477 quatuor
1202 4406 1424 4461 illorum
1454 4407 1743 4462 modorum
1775 4423 1965 4463 exem-

377 4494 462 4564 pla
490 4496 671 4551 adhuc
700 4498 963 4569 adjungo,
996 4500 1066 4554 ita
1101 4511 1160 4554 ut
1191 4500 1336 4555 haud
1371 4498 1665 4556 diliieulter
1695 4501 1963 4572 distingui

376 4597 430 4640 et
457 4586 697 4643 discerni
733 4592 947 4660 possint
984 4607 1051 4646 ex
1088 4591 1235 4657 istis,
1267 4592 1359 4647 illa
1386 4607 1510 4661 quae
1552 4591 1767 4665 reliqua
1813 4603 1962 4659 sunt,

373 4680 492 4731 tum
537 4687 597 4735 ut
642 4696 711 4735 ne
754 4690 903 4737 tuam
953 4684 1301 4754 prudentiam
1362 4685 1697 4740 contumelia
1749 4685 1965 4743 allicere

375 4768 634 4835 videam,
693 4787 793 4827 nec
845 4789 945 4843 pro
986 4775 1218 4845 epistola
1278 4776 1551 4847 integrum
1605 4776 1701 4831 tibi
1760 4777 1959 4833 librum

373 4875 620 4915 cxarem.
657 4860 835 4919 Veluti
859 4865 1005 4920 enim
1042 4868 1221 4938 inepte
1251 4884 1485 4939 qumque
1517 4870 1655 4924 levia
1683 4871 1959 4941 prosequi-,-

2077 4859 2337 4930 θεωρήτῳ
2420 4860 2901 4930 προσαρμόζεται,

373 4951 619 5007 adlitcret
650 4954 765 5011 fere
811 4957 902 5013 ille
945 4960 1093 5029 quod
1135 4960 1469 5016 obscuritate
1509 4954 1842 5026 involvitur,
1890 4964 1964 5018 ita

373 5042 522 5113 quod
571 5044 624 5100 in
660 5056 850 5117 aperto
890 5051 1128 5120 positum
1167 5062 1273 5116 est,
1307 5052 1353 5107 si
1399 5066 1508 5107 non
1534 5068 1659 5107 cum
1694 5053 1961 5109 brevitate

371 5134 703 5194 cxhibeatur
737 5140 792 5196 in
830 5142 1193 5214 opprobrium
1231 5144 1423 5211 tendit,
1457 5145 1542 5201 vel
1574 5146 1844 5213 doctoris,
1878 5147 1963 5203 vel

376 5228 663 5289 discentis.

2154 3666 2491 3737 Ἐπειδήπερ
2543 3665 2603 3718 ού
2653 3666 2815 3735 μόνον
2867 3664 3076 3736 χαίρων
3125 3663 3523 3734 ἀνοπολογεῖςὶ
3558 3665 3641 3734 τὴν

2068 3753 2264 3828 ἧτταν,
2303 3757 2439 3811 ἀλλά
2469 3773 2565 3810 και
2596 3759 2677 3822 είς
2712 3758 2907 3830 ἑορτὴν
2938 3758 3111 3829 αὐτὴν
3136 3757 3413 3827 ὠφελείας
3456 3758 3639 3825 ἀναφέ-

2072 3866 2187 3921 ρεις
2209 3888 2231 3913 ,
2256 3849 2407 3919 ὅμως
2441 3847 2486 3901 δ’
2514 3848 2797 3919 ἐπιζητεῖς
2819 3848 2898 3902 ἔτι
2923 3848 3355 3919 παραδείγματα
3376 3847 3483 3901 τῶν
3506 3850 3557 3900 ὲν
3574 3846 3645 3915 τῷ

2069 3941 2273 4012 πρώτῳ
2298 3940 2589 4011 γράμματι
2618 3940 2928 4011 εἰρημένων
2945 3943 3162 4013 τρόπων
3182 3958 3194 3970 ·
3225 3941 3323 3994 καὶ
3349 3941 3542 4010 ταύτην
3568 3956 3639 3991 om.

2066 4033 2167 4105 τὴν
2223 4031 2504 4103 ἐξαίτησιν
2534 4033 2711 4103 πέρας
2765 4032 2952 4086 λαϐεῖν
2985 4032 3048 4085 οὐ
3076 4032 3345 4103 βραδύνον
3367 4033 3392 4072 ι
3422 4072 3435 4095 ,
3458 4033 3641 4085 δίκαιον

2068 4124 2314 4196 νομίζωο
2365 4124 2523 4197 ἀνδρὶ
2570 4124 2683 4196 γάρ
2721 4124 2980 4196 ἀληθείας
3024 4125 3354 4196 ἡττωμένῳ,
3401 4124 3636 4194 φθονερὸν

2073 4219 2148 4290 μὴ
2177 4220 2441 4289 παρέχειν
2473 4217 2667 4289 μαθεῖν
2696 4224 2797 4287 τὴν
2822 4217 3092 4289 ἀλήθειαν
3119 4215 3493 4289 ἑπιζητοῦντι.
3516 4217 3635 4270 Καθ’

2067 4309 2301 4361 ἕκαστον
2328 4308 2621 4378 τοιγαροῦν
2648 4308 2879 4362 ἐκείνων
2923 4325 3006 4361 σοι
3030 4308 3142 4362 τῶν
3188 4309 3472 4380 τεσσάρων
3520 4308 3632 4378 τρὸς

2069 4418 2190 4454 πων
2228 4399 2387 4468 ὀλίγα
2431 4399 2556 4454 τινὰ
2613 4398 2957 4470 παραθέντες
3000 4401 3111 4453 τῶν
3171 4400 3629 4471 παραδειγμάτων,

2069 4493 2165 4546 ἆτε
2191 4492 2383 4564 ῥᾳδίαν
2409 4491 2576 4546 οὖσαν
2600 4492 2709 4546 τῶν
2738 4492 2947 4545 λοιπῶν
2973 4495 3040 4546 ἐκ
3068 4493 3279 4546 τούτων
3300 4494 3401 4562 τὴν
3430 4492 3632 4561 θεωρίαν

2069 4585 2166 4637 καὶ
2202 4586 2500 4657 διάκρισιν,
2529 4585 2616 4638 ἵνα
2652 4584 2727 4656 μὴ
2763 4587 2858 4638 καὶ
2908 4585 3008 4654 σὴν
3060 4584 3371 4655 ἐξυϐρίζειν
3419 4585 3626 4650 δόξωμεν

2074 4676 2322 4741 σύνεσιν,
2378 4676 2472 4730 καὶ
2514 4674 2697 4746 βίϐλον
2748 4676 2877 4745 ὃλην
2928 4676 3044 4728 ἀντ’
3099 4677 3389 4745 ἐπιστολῆς
3427 4676 3629 4746 γράφειν

2071 4766 2521 4838 παραλείψωμεν.
2557 4768 2769 4839 Ὥσπερ
2802 4768 2912 4838 γάρ
2940 4768 3002 4820 τὸ
3046 4768 3397 4838 λεπτολογεῖν
3419 4768 3492 4837 τῷ
3520 4768 3625 4819 δνσ-

2989 4857 3134 4913 οὖτω
3208 4860 3270 4912 τὸ
3348 4857 3507 4927 σαφὲς
3570 4854 3626 4908 ἂν

2070 4951 2146 5023 μὴ
2187 4951 2274 5005 διὰ
2300 4951 2393 5005 τοῦ
2450 4952 2718 5022 συντόμου
2783 4951 3020 5023 πρόεισι,
3054 4951 3152 5005 τοῦ
3204 4951 3547 5021 μανθάνοντος
3594 4942 3623 5009 ἦ

2071 5045 2167 5096 τοῦ
2203 5043 2545 5107 διδάσκοντος
2572 5060 2637 5113 γε
2693 5044 2910 5109 πάντως
2978 5046 3059 5109 εἰς
3109 5043 3440 5117 κατηγορίαν
3488 5055 3617 5108 περι·

2076 5132 2290 5187 ίσταται
2315 5132 2452 5205 (18).

1681 5330 1923 5386 VARUE
1979 5328 2387 5384 LEGTIONES.

547 5444 751 5516 currig.
787 5460 851 5501 ex
889 5446 951 5503 (ἶ.
980 5445 1051 5501 Μ.
1086 5446 1461 5517 άνομολογεῖς.

1573 5449 1599 5488 ιί
1624 5447 1686 5503 C.
1716 5448 1864 5504 Men.
1898 5449 1996 5504 551
2060 5448 2100 5504 l'.
2138 5448 2239 5504 154
2271 5446 2555 5520 βραδῦναι.

1901 5568 2137 5626 NOTAE.

486 5680 595 5753 (l8)
629 5680 817 5753 Capita
856 5698 919 5739 ex
971 5683 1157 5742 codice
1209 5683 1422 5742 Monac.
1486 5683 1583 5740 551
1637 5682 1944 5739 sinuantur.
1988 5681 2147 5739 Ευιί.
