3798 6210
165 225 262 291 593

1066 224 1167 284 AD
1228 222 1827 286 AMPHILOCIIIUM
1855 224 2207 298 QUI‘ESTIO
2246 225 2466 287 XCIII.

3305 225 3412 292 594

227 309 516 397 mea.
544 339 726 394 τοίνυν
749 339 834 406 τδ,
871 358 892 394 ι
943 340 1010 394 Ti
1036 340 1130 395 οῦν
1168 341 1426 414 ιροῡμεν,
1469 342 1724 414 Ἀϐραὰμ

1898 344 1954 398 1.
1997 341 2070 398 Ut
2102 344 2371 399 instemus
2421 361 2436 398 :
2474 361 2493 396 ι
2546 343 2825 402 Abraham
2866 343 3080 400 Patrem
3136 353 3407 408 nostrum,

164 436 248 490 τὸν
270 432 472 505 πατέρα
488 431 645 504 ἡμῶν
660 433 956 505 εὑρηκέναι
973 434 1114 488 κατὰ
1138 437 1340 507 σάρκα,
1364 454 1383 488 ι
1405 436 1638 506 φανερὸν
1650 435 1726 500 ὡς

166 528 277 583 καθ’
306 525 606 597 ὑπερϐατὸν
638 527 1063 596 ἐσχημάτισται⁹
1087 528 1150 580 τὸ
1175 527 1306 599 γὰρ,
1330 531 1484 582 κατὰ
1505 527 1724 597 σάρκα,

163 621 272 674 δέον
318 608 420 686 προ
467 617 558 672 τοῦ
601 619 828 687 πατέρα
887 620 1124 684 κεῖσθαι,
1184 620 1563 691 ὑπερὸεὸηκος
1628 619 1729 692 τὴν

159 712 355 766 οἰκείαν
411 709 628 782 χώραν,
704 712 847 783 μετὰ
919 715 982 766 τὸ
1053 713 1407 782 εὑρηκέναι,
1469 711 1728 766 συντέτα-

162 825 298 864 κται.

229 899 292 971 β’.
327 898 577 954 Τοιοῦτον
626 899 722 954 καὶ
775 899 857 965 τὸ,
890 900 1126 954 Βλέπετε
1185 901 1279 956 τὸν
1325 902 1541 974 Ἰσραὴλ
1586 902 1729 956 κατὰ

159 992 364 1062 σάρκα·
409 993 531 1046 ἀντὶ
578 991 690 1064 γὰρ
743 991 873 1057 τοῦ,
925 993 1164 1048 Βλέπετε
1229 993 1321 1048 τὸν
1351 996 1494 1049 κατὰ
1549 998 1730 1066 σάρκα

170 1085 394 1154 Ἰσραὴλ,
424 1084 665 1154 εἴρηται.

220 1183 288 1244 γ’.
313 1178 424 1230 Καὶ
464 1175 644 1242 τοῦτο,
699 1179 762 1231 Οί
799 1176 974 1231 δοῦλοι
1029 1177 1085 1231 δὲ
1121 1177 1427 1232 ὑπακούετε
1473 1180 1589 1241 τοῖς
1627 1197 1729 1232 κυ-

157 1269 286 1340 ρίοις
325 1268 471 1336 κατὰ
515 1269 715 1342 σάρκα,
748 1271 867 1325 ἀντὶ
899 1269 1014 1338 τοῦ,
1061 1273 1175 1336 τοῖς
1212 1271 1354 1326 κατὰ
1416 1272 1597 1342 σάρκα
1633 1289 1728 1325 κυ-

155 1359 303 1431 ρίοις.

216 1451 278 1510 δ’.
294 1450 634 1504 ’Λποδέδοται
655 1450 865 1515 τούτοις
888 1450 985 1505 καὶ
1002 1452 1063 1504 τό
1083 1469 1098 1484 ·
1126 1453 1266 1524 Πρὸς
1286 1453 1314 1507 ὃ
1342 1453 1570 1508 δύνασθε
1602 1456 1732 1508 ἀνα-

152 1542 509 1613 γινώσκοντες
542 1546 732 1615 νοῆσαι
764 1545 864 1617 τὴν
893 1545 1108 1599 σύνεσίν
1149 1563 1250 1618 μου
1264 1547 1320 1598 έν
1349 1546 1426 1616 τῷ
1446 1548 1731 1619 μυστηρίῳ

151 1634 240 1690 τοῦ
282 1633 558 1706 Χριστοῦο
604 1635 1164 1692 συνδιαποικίλλεταιο
1219 1637 1282 1690 τὸ
1340 1638 1452 1708 γὰρ
1495 1637 1722 1702 ἁπλοῦν,

1828 435 1962 506 quid
1999 435 2268 500 dicemus,
2317 436 2598 490 inventum
2635 435 2805 492 fuisse
2833 436 2990 506 juxta
3036 451 3258 491 carnem
3282 435 3350 502 ",
3387 453 3406 486 ι

1828 541 1976 600 patet
2013 528 2160 598 quod
2212 528 2440 598 ﬁgurate
2493 543 2589 598 per
2643 528 2975 598 hyperbaton
3017 527 3239 582 dicitur.
3271 525 3410 581 lllud

1829 621 1973 676 enim
2032 621 2176 674 κατὰ
2229 621 2427 691 σάρκα,
2475 621 2766 675 secundum
2814 636 3046 686 carnem,
3106 620 3412 689 prmcederc

1829 713 2038 780 debuit,
2073 713 2289 782 πατέρα
2315 713 2493 783 ἡμῶν,
2522 722 2730 782 patrem
2776 722 3051 775 nostrum;
3089 728 3249 766 suum
3283 725 3413 780 ergo

1830 807 2014 862 locum
2038 821 2397 877 supergressa
2416 804 2606 869 dictio,
2623 803 2977 873 coniungitur
2993 819 3115 857 cum
3135 803 3410 856 invenisse.

1898 897 2100 954 2.Tale
2131 906 2186 952 et
2214 897 2367 964 illud,
2393 914 2412 949 ι
2434 896 2627 952 Videte
2660 895 2825 951 Israel
2859 895 3159 950 secundum
3191 908 3414 948 carnem

1827 1007 1952 1064 pro,
1985 990 2174 1048 Videte
2211 986 2488 1062 lsraelqui
2525 998 2610 1046 est
2639 989 2939 1046 secundum
2979 1003 3199 1043 carnem
3236 985 3306 1041 “.

1901 1163 1954 1218 5.
1992 1160 2083 1230 Et,
2129 1182 2148 1215 ι
2187 1163 2362 1228 Servi,
2423 1164 2638 1220 ohedite
2683 1164 2924 1219 dominis
2953 1164 3267 1219 ‘secundum
3296 1178 3419 1218 car-

1832 1271 1956 1311 nem
1983 1253 2050 1322 ”,
2087 1271 2205 1326 pro,
2237 1259 2538 1312 secundum
2575 1273 2798 1313 carnem
2831 1257 3092 1314 dominis.

1905 1437 2408 1494 4-Accedatadista
2435 1435 2636 1491 etillud
2661 1456 2674 1492 :
2702 1455 2721 1489 ι
2754 1435 2994 1490 Potestis
3022 1451 3146 1490 cum
3177 1435 3418 1506 Iegeritis

1834 1550 2170 1607 cognoscere
2224 1533 2574 1603 prudentiam
2638 1547 2812 1587 meam
2872 1533 2924 1586 in
2985 1533 3248 1602 mysterio
3338 1547 3421 1586 se-

1834 1627 2074 1683 cundum
2141 1625 2424 1680 Christum
2454 1626 2498 1657 ⁸⁸
2530 1641 2545 1680 :
2587 1645 2606 1677 ι
2640 1624 2732 1678 ubi
2798 1624 3068 1696 elegantia
3131 1623 3416 1678 variatur:

154 1726 287 1797 Πρὸς
309 1698 348 1778 ὃ.
365 1724 597 1780 δύνασθε
630 1725 1098 1793 ἀναγινώσκοντες
1119 1728 1311 1798 νοῆσαι
1457 1730 1514 1781 ὲν
1535 1730 1613 1799 τῷ
1633 1698 1727 1798 μυξ

1897 1718 2153 1787 mpliciter
2185 1717 2331 1772 enim
2359 1717 2440 1771 sic
2469 1726 2555 1770 est
2590 1733 2604 1770 ε
2634 1716 2718 1770 Ad
2748 1717 2893 1787 quod
2916 1716 3143 1786 potestis
3179 1716 3419 1784 legentes

155 1815 352 1886 στηρίιρ
379 1815 477 1869 τοῦ
513 1816 755 1887 Χριστοῦ
782 1817 1001 1871 σύνεσίν
1028 1836 1131 1889 μου
1253 1821 1301 1872 εί
1333 1820 1515 1890 βούλει
1535 1837 1550 1853 ο
1587 1821 1729 1893 Πρὸς

152 1909 178 1962 δ
209 1907 434 1963 δύνασθε
466 1910 660 1980 νοῆσαι
699 1909 798 1982 τὴν
833 1910 1051 1966 σύνεσίν
1100 1930 1202 1984 μου
1251 1913 1350 1984 τὴν
1391 1915 1449 1967 ὲν
1495 1913 1573 1984 τῷ
1624 1933 1728 1984 μυ-

154 1999 352 2070 στηρίῳ
383 1998 480 2052 τοῦ
515 1999 775 2071 Χριστοῦ.
814 2000 1047 2056 Δύναται
1077 2001 1188 2073 γὰρ
1213 2003 1369 2057 τοῦτό
1397 2021 1458 2056 τε
1492 2005 1586 2058 καὶ
1612 2004 1729 2060 ἔνια

151 2089 252 2144 τῶν
274 2091 694 2162 προειρημένων
731 2091 798 2146 δι’
819 2093 1081 2165 ἑκατέρου
1127 2093 1334 2164 τρόπον
1366 2096 1447 2160 εἰς
1475 2095 1538 2148 τὸ
1571 2095 1730 2167 ὀρθόν

151 2197 207 2236 τε
235 2181 326 2234 καὶ
353 2181 768 2253 συνειθισμένον
788 2183 888 2253 τῆς
927 2184 1181 2254 φράσεως
1211 2185 1607 2254 ὲπανάγεσθαι.
1625 2188 1730 2240 Λέ-

151 2288 226 2340 γω
248 2273 305 2326 δὲ
349 2274 473 2346 ῆτοι
508 2274 598 2328 διὰ
639 2275 735 2328 τοῦ
776 2276 898 2330 καθ’
942 2276 1276 2348 ὑπερϐατὸν,
1314 2279 1349 2350 ἢ
1383 2278 1472 2332 διά
1516 2296 1581 2346 γε
1635 2277 1730 2334 τοῦ

153 2363 588 2429 κοινοποιοῦντος
615 2366 963 2422 ὲλλειπτικοῦ
987 2367 1049 2421 τὸ
1071 2369 1472 2441 προειρημένον
1498 2373 1611 2435 τοῖς
1632 2369 1733 2426 ἔπ-

137 2471 285 2532 ειτα,
311 2456 504 2528 ὥσπερ
540 2460 637 2512 καὶ
667 2457 784 2523 νῦν,
818 2459 878 2512 τὸ
906 2458 1027 2514 κατ’
1053 2461 1366 2532 αἰτιατικὴν
1405 2462 1732 2534 ὲκπεφωνη-

154 2549 303 2617 μένον
332 2550 516 2604 ἑνικὸν
548 2549 754 2623 ἄρθρον
779 2551 890 2606 ἀπὸ
905 2551 1086 2606 κοινοῦ
1117 2552 1482 2624 παραληφθὲν
1505 2553 1734 2626 ὁλόκλη-

155 2659 242 2712 ρον
273 2643 332 2696 τὸ
363 2645 534 2715 ῥητὸν
565 2643 968 2717 ἀπειργάσατο.

214 2738 273 2788 ε’.
293 2731 550 2789 Τοιοῦτον
574 2735 670 2788 καὶ
692 2737 776 2800 τὸ,
823 2737 901 2790 Δι’
927 2737 955 2791 ὃ
977 2736 1238 2809 αἰτοῦμαι
1286 2738 1362 2808 μὴ
1389 2739 1648 2794 ἐκκακεῖν
1676 2741 1733 2794 ὲν

151 2826 262 2888 ταῖς
277 2823 493 2895 θλίψεσί
532 2842 634 2896 μου
659 2826 800 2898 ὑπὲρ
830 2827 986 2897 ὑμῶν
1004 2844 1018 2858 °
1040 2829 1074 2899 ἢ
1097 2829 1226 2900 γὰρ,
1245 2831 1365 2893 ταῖς
1389 2829 1534 2902 ὑπὲρ
1553 2831 1728 2900 ὑμῶν,

153 2916 347 2984 ὀφείλει
392 2916 816 2988 προσειρῆσθαι,
859 2918 928 2971 δι’
955 2913 1018 2974 οῦ
1053 2920 1333 2988 γνώριμον
1377 2920 1440 2974 τὸ
1468 2921 1577 2975 άπὸ
1622 2939 1734 2976 κοι-

153 3006 260 3074 νοῦ,
292 3008 324 3079 ἢ
352 3010 409 3062 ἐν
437 3011 564 3073 ταῖς
604 3010 745 3080 ὑπὲρ
803 3010 958 3081 ὑμῶν
990 3010 1206 3080 θλίψεσί
1236 3029 1362 3082 μου,
1393 3013 1532 3084 ὅπερ
1564 3013 1732 3067 ἐνδεί-

154 3115 299 3151 κνυσι
359 3098 419 3152 τὸ
469 3099 782 3169 ὑπερϐατόν
808 3117 823 3132 ⁸
861 3101 988 3154 καθ’
1023 3103 1283 3171 ὁπότερον
1332 3103 1442 3173 γὰρ
1477 3102 1588 3156 τῶν
1641 3104 1734 3157 δύο

152 3188 346 3242 τούτων
386 3188 712 3262 διαληφθὲν,
754 3191 1171 3263 ἀπηρτισμένην
1219 3191 1282 3244 τὸ
1323 3193 1490 3262 ῥητὸν
1543 3194 1736 3247 ἀναδέ-

153 3300 295 3352 χεται
328 3286 425 3352 τὴν
461 3287 489 3338 ὲ
497 3303 527 3356 ρ
536 3285 785 3357 μηνείαν.

220 3385 288 3442 ς’.
321 3377 655 3441 Πάλιν,.Δι5ι
697 3376 856 3430 τοῦτο
881 3376 1121 3440 ἀκούσας
1149 3377 1246 3448 τὴν
1287 3377 1411 3431 καθ’
1459 3378 1603 3447 ὑμᾶς
1639 3379 1732 3432 πί-

155 3486 263 3523 στιν
297 3473 352 3524 ἐν
378 3471 458 3542 τῷ
517 3470 704 3541 Κυρίῳ
741 3470 937 3539 Ἰησοῦ,
977 3471 1038 3523 οὑ
1069 3470 1314 3540 παύομαι
1369 3471 1732 3541 εὑχαριστῶν.

157 3561 373 3632 Ὅμοιον
427 3562 543 3632 γὰρ
588 3563 684 3616 καὶ⁸
725 3563 884 3615 τοῦτο
921 3565 1032 3624 τοῖς
1061 3563 1370 3632 εἰρημένοις
1393 3579 1408 3594 ο
1443 3562 1474 3631 ἣ
1506 3564 1614 3634 γάρ
1637 3566 1733 3636 τὴν

154 3655 208 3708 ἐν
232 3655 316 3726 τῷ
340 3654 536 3726 Κυρίῳ
573 3652 749 3722 Ἰησοῦ
782 3653 906 3706 καθ’
931 3652 1078 3722 ὑμᾶς
1131 3653 1313 3707 πίστιν
1341 3654 1414 3724 ’ἢ
1465 3655 1564 3725 τὴν
1609 3656 1731 3708 καθ’

153 3745 288 3813 ὑμᾶς
313 3745 502 3799 πίστιν
539 3743 638 3814 τὴν
672 3746 732 3796 ἐν
766 3742 981 3814 ,Κυρίῳ
1024 3741 1198 3812 Ἰησοῦ
1261 3743 1734 3810 ἀναγινώσκοντες

152 3836 674 3907 κεκοινοποιημένην
700 3854 711 3866 ·
751 3836 845 3890 καὶ
877 3836 1031 3889 οὐδὲν
1071 3833 1304 3904 ἔχουσαν
1334 3852 1731 3908 παρατετραμ-

157 3930 304 3999 μένον
327 3932 430 4002 τὴν
463 3930 669 4000 φράσιν
695 3929 1048 4000 εὑρίσκομεν.

216 4021 282 4087 ζ’.
303 4021 754 4096 [Παραπλήσιον]
769 4023 860 4074 καὶ
875 4023 956 4086 τὸ,
975 4023 1034 4074 Ei
1063 4020 1120 4075 δέ
1142 4039 1224 4086 τις
1239 4021 1338 4092 οὑχ
1357 4019 1626 4075 ὑπακούει
1654 4019 1732 4091 τῷ

153 4115 288 4187 λόγῳ
311 4116 493 4188 ἡμῶν,
523 4114 614 4169 διὰ
634 4117 734 4185 τῆς
751 4114 1043 4184 ἐπιστολῆς
1067 4113 1257 4168 τοῦτον
1279 4112 1610 4184 σημειοῦσθε
1629 4130 1643 4143 ο
1671 4113 1732 4167 τὸ

151 4208 252 4278 γὰρ
266 4209 499 4273 ἐντελὲς,
517 4207 650 4261 Εἰδέ
667 4223 752 4270 τις
773 4207 872 4276 οὑχ
901 4203 1167 4258 ὑπακούει
1195 4202 1275 4275 τῷ
1289 4205 1378 4258 διὰ
1393 4204 1491 4275 τῆς
1507 4206 1726 4257 ἐπιστο-

152 4300 241 4371 λῆς
262 4301 602 4372 ήμῶνλόγῳ,
623 4298 814 4353 τοῦτον
834 4296 1187 4369 σημειοῦσθε
1205 4296 1237 4366 ἦ
1254 4296 1353 4349 καὶ.
1366 4295 1560 4360 οὕτως’
1586 4297 1650 4350 Εἰ
1676 4297 1734 4350 δέ

1757 3053 1804 3116 C

1829 1810 2132 1878 intelligere
2162 1807 2217 1863 in
2241 1807 2506 1879 mysterio
2539 1807 2745 1863 Christi
2799 1807 3149 1877 prudentiam
3199 1821 3418 1867 meam;

1832 1913 1926 1960 aut
1959 1903 2005 1958 si
2029 1903 2216 1967 vultis,
2248 1901 2390 1972 Πρὸς
2421 1900 2449 1954 ὃ
2507 1899 2742 1954 δύνασθε
2792 1903 2984 1970 νοῆσαι
3046 1899 3144 1970 τὴν
3205 1897 3418 1952 σύνεσίν

1833 2014 1958 2069 μου,
2005 1996 2103 2066 τὴν
2125 1998 2183 2049 ὲν
2202 1996 2281 2066 τῷ
2311 1994 2596 2066 μυστηρίῳ
2627 1993 2888 2064 Χριστοῦ.
2918 1994 3109 2049 Potest
3140 1993 3244 2047 hoc
3285 1992 3418 2047 ell‘a--

1832 2100 1971 2156 tum,
2002 2098 2134 2144 utet
2162 2088 2269 2143 alia
2291 2088 2455 2143 etiam
2492 2086 2604 2157 jam
2632 2087 2778 2142 dicta
2821 2102 2918 2156 per
2961 2097 3259 2154 utrumque
3296 2100 3418 2139 mo-

1831 2177 1959 2234 dum
1992 2177 2061 2232 ad
2101 2178 2231 2232 recti
2264 2175 2709 2247 intelligentiam,
2741 2184 2797 2230 et
2824 2175 3044 2246 phrasis
3107 2191 3267 2230 usum
3334 2190 3422 2230 rc-

1831 2270 1976 2325 duci.
2034 2269 2280 2341 Intelligo
2331 2277 2516 2323 autem
2572 2282 2670 2338 per
2729 2267 3100 2338 hyperbaton,
3163 2276 3257 2322 aut
3321 2282 3422 2337 per

1831 2363 2049 2434 ellipsin
2089 2363 2380 2434 quamdam
2407 2377 2630 2428 novam,
2678 2362 3038 2432 praecedentia
3061 2360 3422 2428 sequentibus
3477 2405 3496 2418 .

1832 2457 2204 2526 copulantem,
2239 2455 2317 2509 uti
2349 2470 2497 2510 nunc
2526 2455 2790 2510 articulus
2841 2453 3141 2525 singularis
3177 2454 3413 2518 numeri,

1832 2549 1929 2620 qui
1958 2549 2010 2602 in
2039 2548 2358 2604 accusativo
2385 2547 2632 2615 eli'ertur,
2663 2546 2889 2601 ἀπὸτοῦ
2923 2546 3106 2601 κοινοῦ
3164 2560 3394 2602 consum
3413 2573 3425 2582 -

1844 2653 2048 2696 malam
2079 2641 2365 2708 periodum
2399 2640 2611 2694 reddat.

1905 2735 1960 2790 5.
1990 2733 2121 2789 Tale
2157 2743 2211 2788 et
2247 2734 2401 2797 illud,
2447 2733 2526 2786 Δι’
2561 2733 2591 2787 ὃ
2635 2732 2896 2804 αίτοῦμαι
2930 2733 3006 2804 μὴ
3067 2731 3326 2786 ὲκκακεῖν
3366 2731 3424 2784 έν

1833 2829 1954 2890 ταῖς
1983 2824 2196 2896 θλίψεσί
2222 2840 2344 2895 μου·
2381 2824 2525 2894 quod
2555 2824 2891 2896 hyperbaton
2926 2823 3090 2878 habet
3119 2841 3132 2876 :
3166 2822 3245 2875 vel
3275 2821 3419 2876 enim

1834 2918 2090 2987 conjungi
2119 2918 2279 2974 debet
2307 2932 2432 2972 cum
2471 2919 2592 2982 ταῖς
2626 2917 2768 2988 ὑπὲρ
2798 2917 2976 2987 ὑμῶν,
3012 2933 3108 2987 per
3139 2916 3285 2983 quod
3332 2929 3426 2968 co-

1835 3011 2118 3085 gnoscitur
2144 3010 2288 3080 quod
2319 3019 2405 3065 est
2441 3009 2549 3063 ἀπὸ
2595 3008 2778 3064 κοινοῦ
2821 3018 2938 3072 aut,
2972 3010 3031 3062 ὲν
3093 3009 3214 3071 ταῖς
3281 3007 3425 3076 ὑπὲρ

1837 3103 1991 3174 ὑμῶν
2025 3101 2236 3172 Θλίψεσί
2274 3119 2396 3172 μου.
2429 3100 2636 3168 Quovis
2665 3100 2831 3155 modo
2860 3100 3151 3170 accipitur,
3198 3107 3424 3155 senten-

1837 3198 1913 3252 tia
1945 3197 2242 3267 perleetam
2274 3194 2517 3250 admittit
2563 3192 3094 3264 interpretationem.

1906 3378 1958 3434 6.
1977 3377 2200 3444 lterum,
2231 3375 2331 3432 Διὰ
2357 3375 2518 3430 τοῦτο
2544 3373 2786 3439 ἀκούσας
2812 3373 2910 3446 τὴν
2925 3373 3048 3428 καθ’
3068 3373 3213 3444 ὑμᾶς
3243 3372 3428 3427 πίστιν

1835 3472 1894 3528 ἐν
1919 3470 1996 3542 τῷ
2027 3471 2220 3541 Κυρίῳ
2265 3469 2464 3541 Ἰησοῦ,
2498 3469 2560 3522 ού
2597 3468 2845 3539 παύομαι
2870 3467 3235 3539 εὐχαριστῶν.
3270 3466 3427 3520 Simi-

1835 3564 1904 3619 lis
1933 3563 2022 3618 hic
2057 3563 2209 3618 locus
2259 3571 2387 3616 ante
2415 3561 2616 3626 allatis,
2649 3562 2731 3614 vel
2758 3560 2904 3614 enim
2941 3568 3128 3629 potest
3166 3559 3416 3629 οεερ,τὴι

1836 3655 2001 3726 ὲντῷ
2032 3655 2222 3727 Κυρίῳ
2263 3654 2444 3731 Ἰησοῦ
2486 3653 2610 3707 καθ’
2671 3653 2817 3723 ὑμᾶς
2881 3651 3088 3714 πίστιν,
3151 3659 3269 3715 aut,
3329 3652 3430 3723 τὴν

1835 3749 1959 3804 καθ’
1989 3749 2135 3821 ὑμᾶς
2166 3749 2351 3802 πίστιν
2378 3748 2480 3818 τὴν
2500 3748 2559 3800 ὲν
2581 3748 2771 3818 Κυρίῳ
2810 3744 3010 3815 Ἰησοῦ.
3044 3744 3121 3798 Ita
3189 3744 3429 3813 legentes

1836 3843 1970 3896 nihil
1996 3843 2338 3905 innovatum,
2365 3840 2499 3894 nihil
2522 3853 2842 3911 perversum
2876 3838 2930 3892 in
2975 3836 3236 3906 loquendi
3263 3836 3428 3890 modo

1837 3933 2202 3989 inveniemus.

1911 4027 1964 4081 Ἰ.
1986 4026 2175 4080 Simile
2193 4035 2275 4080 est
2304 4026 2510 4081 ethoc:
2539 4025 2601 4079 El
2624 4023 2683 4078 δέ
2707 4041 2790 4088 τις
2820 4023 2920 4094 οὐχ
2937 4021 3206 4077 ὑπακούει
3234 4020 3312 4091 τῷ
3336 4019 3428 4072 λύ-

1835 4137 1916 4189 γῳ
1945 4118 2126 4190 ἡμῶν,
2154 4117 2245 4172 διὰ
2266 4120 2364 4188 τῆς
2395 4116 2688 4187 ἐπιπολῆς
2715 4115 2906 4170 τοῦτον
2938 4113 3292 4186 σημειοῦσθε.
3319 4113 3429 4165 ΑΙ)-

1835 4212 2013 4266 ευιιιιιι
2043 4212 2220 4265 oratio
2264 4210 2338 4265 ita
2365 4224 2424 4264 se
2451 4209 2650 4271 habet;
2694 4209 2755 4262 Et
2780 4207 2840 4260 δέ
2882 4224 2968 4270 τις
3013 4207 3112 4277 οὐχ
3161 4203 3431 4258 ὑπακούει

1835 4306 1914 4378 τῷ
1939 4306 2028 4360 διὰ
2057 4306 2154 4375 τῆς
2185 4302 2474 4373 ἐπιστολῆς
2503 4299 2662 4372 ήμῶν
2709 4299 2876 4370 λόγῳ,
2908 4297 3100 4350 τοῦτον
3160 4295 3424 4366 σημειοῦ-

150 4409 229 4457 τις
256 4395 352 4465 οὐχ
374 4390 647 4446 ὑπακούει
684 4390 764 4461 τῷ
809 4391 954 4459 λόγῳ
999 4389 1156 4460 ἡμῶν
1199 4387 1278 4458 τῷ
1336 4387 1428 4442 διὰ
1469 4388 1570 4456 τῆς
1601 4389 1728 4441 ἐπι·
1761 4396 1807 4454 1)
1835 4397 1928 4450 σθε
1955 4412 1970 4427 °
2000 4406 2098 4451 aut
2123 4396 2226 4451 hoc
2253 4394 2438 4460 modo,
2472 4394 2535 4446 Εἰ
2567 4392 2626 4446 δέ
2660 4408 2746 4455 τις
2777 4390 2876 4461 οὑχ
2900 4387 3170 4465 ὑπακούει
3221 4387 3300 4457 τῷ
3335 4384 3428 4438 λύ-

154 4486 362 4553 στολῆς,
405 4485 602 4539 τοῦτον
653 4481 1007 4554 σημειοῦσθε.
1053 4481 1160 4534 Καὶ
1211 4479 1394 4550 δῆλον,
1426 4480 1508 4533 ὅτι
1547 4478 1608 4532 τὸ
1635 4480 1734 4551 μὲν

152 4578 411 4648 πρύτερον
473 4575 585 4631 ἀπὸ
628 4574 722 4628 τοῦ
764 4573 887 4628 καθ’
921 4572 1228 4642 ὑπερϐατὸν
1271 4571 1648 4640 ἐπανάγεται·
1674 4570 1735 4624 τὸ

153 4668 205 4723 δὲ,
259 4668 487 4741 ὕστερον
541 4667 728 4740 ῥηθὲν,
760 4665 869 4719 ἀπὸ
915 4663 1007 4718 τοῦ
1039 4663 1158 4716 κατ’
1186 4662 1424 4732 ἔλλειψιν
1459 4678 1732 4715 κοινοποι-

153 4755 333 4821 οῦντος
391 4758 508 4821 τοῖς
573 4755 774 4825 ἐφεξῆς
844 4753 914 4808 τὰ
987 4753 1366 4824 προειρημένα
1428 4752 1732 4822 ἀπαρτίζε-

150 4867 254 4904 ται.

215 4945 286 5009 η’.
308 4941 583 5005 Καὶ,Τοῖς
613 4937 888 5002 πλουσίοις
917 4938 975 4990 ὲν
993 4937 1068 5007 τῷ
1087 4934 1181 4990 νῦν
1199 4936 1357 4989 αξῶνι
1380 4934 1731 5006 παράγγελλε

155 5033 223 5102 μὴ
255 5033 685 5103 ὑψηλοφρονεῖν·
718 5033 840 5084 ἀντὶ
892 5031 1008 5094 τοῦ,
1034 5035 1144 5094 τοῖς
1187 5033 1244 5082 ἐν
1294 5028 1373 5100 τῷ
1424 5028 1519 5082 νῦν
1562 5028 1724 5082 αίῶνι

154 5125 446 5192 πλουσίοις,
470 5127 528 5197 ἢ,
558 5130 669 5190 τοῖς
717 5125 992 5188 πλουσίοις
1045 5126 1154 5187 τοῖς
1200 5124 1257 5175 ὲν
1297 5122 1383 5193 τῷ
1409 5122 1502 5186 νῦν
1539 5121 1725 5176 αἰῶνι.

154 5218 276 5281 Καὶ,
303 5220 419 5271 Νῦν
447 5219 628 5289 χαίρω
653 5220 712 5271 ἐν
741 5218 852 5280 τοῖς
881 5215 1203 5285 παθήμασιν
1228 5215 1369 5286 ὑπὲρ
1389 5215 1546 5285 ὑμῶν
1571 5233 1583 5245 ·
1605 5215 1728 5267 ἀντὶ

153 5309 264 5374 τοῦ,
297 5311 353 5362 ὲν
383 5313 498 5374 τοῖς
527 5310 668 5380 ὑπὲρ
705 5310 862 5379 ὑμῶν
910 5308 1233 5380 παθήμασιν
1255 5325 1268 5339 ·
1301 5307 1334 5378 ἦ
1375 5309 1434 5361 ὲν
1473 5308 1585 5370 τοῖς
1628 5323 1731 5358 πα-

160 5400 358 5471 θήμασι
385 5405 498 5466 τοῖς
527 5403 668 5473 ὑπὲρ
699 5403 876 5472 ὑμῶν.

225 5492 288 5548 θ’.
319 5495 442 5548 Ἔτι
462 5495 542 5548 δέ’
568 5496 680 5567 Τὴν
702 5495 758 5548 δέ
783 5512 885 5566 ,σιν
905 5495 1254 5565 ποιούμενος,
1288 5493 1379 5546 ἐπὶ
1396 5494 1462 5563 τῇ
1480 5489 1736 5563 κοινωνία

735 5674 817 5732 “l
847 5676 972 5731 Cor.
1011 5692 1061 5739 κ,
1111 5673 1193 5728 l8.

227 5672 448 5732 “liam.
491 5692 561 5743 tv,
610 5676 654 5731 l.
735 5674 817 5732 “l
847 5676 972 5731 Cor.
1011 5692 1061 5739 κ,
1111 5673 1193 5728 l8.
1273 5673 1313 5707 ³⁵
1342 5672 1540 5739 Ephcs.
1575 5688 1648 5739 γι,

1836 4506 1920 4560 γῳ
1945 4487 2120 4561 ἡμῶν,
2159 4487 2250 4540 διὰ
2313 4489 2415 4558 τῆς
2476 4483 2772 4553 ἐπιστολῆς
2815 4481 3009 4536 τοῦτον
3063 4477 3426 4551 σημειοῦσθε,

1839 4582 2022 4649 Patet,
2051 4581 2192 4651 quod
2247 4580 2478 4634 istorum
2534 4577 2824 4632 modorum
2867 4575 3040 4646 prior,
3083 4589 3180 4644 per
3230 4573 3432 4644 hyper-

1836 4675 2004 4729 baton
2036 4673 2314 4728 redneitnr
2349 4689 2362 4725 ε
2401 4669 2675 4740 posterius
2732 4669 2941 4744 dictum
2982 4667 3154 4737 liquet
3193 4681 3289 4736 per
3348 4665 3430 4720 cl-

1835 4766 2001 4836 lipsiu
2038 4780 2069 4819 a
2100 4764 2481 4834 superioribus
2518 4762 2936 4833 intelligendam
2968 4760 3200 4816 absolvi.

1908 4948 1963 5002 8.
1988 4949 2072 5008 Et,
2121 4947 2245 5009 Τοῖς
2273 4944 2550 5009 πλουσίοις
2587 4945 2643 4997 ὲν
2660 4942 2738 5014 τῷ
2768 4940 2864 4996 νῦν
2889 4942 3047 4996 αἰῶνι
3083 4939 3434 5012 παράγγελλε

1839 5042 1916 5113 μὴ
1955 5041 2368 5112 ὑψηλοφρονεῖν,
2407 5054 2504 5109 pro
2535 5040 2646 5102 τοῖς
2676 5038 2735 5090 ὲν
2765 5036 2845 5107 τῷ
2879 5038 2996 5090 νυνὶ
3047 5035 3208 5090 αἰῶνι
3259 5034 3426 5086 πλου-

1837 5135 1973 5198 σίοις
2011 5150 2025 5165 ⁸
2057 5142 2132 5199 et,
2163 5132 2278 5185 Νῦν
2303 5131 2478 5204 χαίρω
2511 5131 2570 5184 ἐν
2599 5127 3035 5200 τοῖςὺπὲρὺμῶν
3065 5128 3385 5200 παθήμασιν
3416 5138 3432 5154 ’

1837 5238 1952 5292 aut,
1985 5227 2042 5280 ὲν
2063 5228 2178 5290 τοῖς
2204 5225 2496 5295 παθήμασι
2532 5223 2647 5286 τοῖς
2679 5221 2821 5293 ὑπὲρ
2855 5221 3033 5294 ὑμῶν.

1914 5491 1967 5546 9.
1991 5489 2205 5555 Adhuc,
2233 5489 2346 5562 Τὴν
2383 5489 2565 5564 δέησιν
2591 5489 2932 5561 ποιούμενοι,
2971 5487 3062 5542 ἐπὶ
3092 5488 3158 5558 τῇ
3176 5483 3429 5556 κοινωνίᾳ

1824 5671 1865 5701 ’⁵⁸
1895 5671 2096 5742 ἱεῖιιιιςδ.
2138 5687 2149 5726 l
2185 5688 2219 5735 ι,
2259 5672 2311 5730 4.

3457 5237 3469 5289 i
