3798 6210
373 249 488 317 595

1548 260 1814 322 PHOTII
1843 258 2354 321 PATRIARCHIE
2385 260 2494 321 CP.
2678 262 2687 275 ’
3560 252 3648 317 59θ

379 363 541 436 ὑμῶν
566 366 634 437 τῇ
670 366 751 433 είς
777 368 843 424 τὸ
872 368 1233 441 Εὐαγγέλιον.
1258 368 1485 443 Singula
1509 374 1657 430 enim
1690 372 1963 428 antedicta

2114 354 2319 441 μῶντῇ
2349 372 2430 434 είς
2459 368 2520 423 τὸ
2544 368 2878 438 Εὐαγγέλιον
2899 381 2913 399 ⁸
2947 366 3236 422 τουτέστιν
3265 364 3364 420 ἐπὶ
3388 366 3457 435 τῇ
3501 365 3578 428 είς
3599 375 3649 419 τῆ

375 471 477 527 per
536 467 836 530 utrumque
867 463 1089 517 modum
1144 463 1386 528 dicendi,
1448 479 1758 535 regressum
1797 465 1850 519 in
1910 462 1962 518 id

377 550 523 618 quod
553 559 638 606 est
668 551 730 605 τδ
757 553 936 607 κοινὸν
969 556 1233 626 recipiant
1263 572 1384 627 :per
1408 557 1741 626 hyperbaton
1776 564 1962 611 autem

379 640 723 709 simpliciter,
766 642 820 699 id
851 645 999 715 quod
1036 646 1387 718 byperthesin
1441 650 1648 704 dictum
1686 659 1791 718 est,
1827 664 1964 705 con-

380 732 605 790 texitur.

450 1000 539 1054 10.
562 1000 695 1056 Illud
724 1020 739 1057 :
771 1003 1115 1078 Ἀσπάζομαι
1146 1006 1288 1078 ὑμᾶς
1324 1008 1436 1077 ἐγὼ
1452 1007 1673 1081 Τέρτιος
1693 1010 1723 1063 6
1745 1011 1965 1083 γράψας

377 1091 478 1155 τὴν
509 1094 801 1167 ἐπιστολὴν
820 1098 890 1175 ’ἐν
927 1099 1145 1169 Κυρίῳο
1179 1100 1268 1155 ubi
1307 1100 1459 1163 il1ud,
1489 1101 1548 1154 ἐν
1612 1102 1824 1175 Κυρίῳ,
1862 1120 1964 1158 an-

381 1197 582 1237 nexum
614 1199 698 1240 est
727 1172 1168 1260 ἰΙΙίξάσπάζομαι
1218 1192 1385 1261 ὑμᾶς,
1441 1192 1596 1262 juxta
1659 1211 1817 1250 usum
1876 1211 1965 1251 se-

379 1286 636 1343 quentem
670 1279 882 1333 dicendi
909 1281 973 1334 ad
993 1281 1153 1335 linem
1186 1284 1468 1352 repetitur.
1498 1284 1560 1340 Et
1583 1286 1712 1340 illud
1739 1305 1752 1343 :
1776 1286 1966 1350 Ὅπως

380 1367 628 1439 ἐξέληται
657 1371 805 1440 ἡμᾶς
837 1373 902 1425 ἐκ
939 1372 1033 1426 τοῦ
1089 1375 1385 1440 ἐνεστῶτος
1445 1377 1639 1442 αἰῶνος
1687 1378 1962 1450 πονηροῦ’

380 1461 545 1515 simili
613 1463 784 1532 figura
826 1463 1074 1522 ell‘crtur.
1137 1466 1275 1522 Nam
1326 1484 1428 1523 vox
1488 1472 1727 1542 πονηροῦ
1782 1474 1965 1529 locum

378 1553 631 1622 supplere
660 1555 821 1609 debet
848 1557 970 1626 ejus
1016 1561 1164 1628 quod
1212 1560 1464 1633 sequitur
1529 1563 1846 1631 ἐνεστῶτος,
1912 1574 1967 1619 ct

377 1655 716 1714 postremum
749 1647 931 1703 locum
965 1649 1220 1708 absolvit.

446 1826 531 1879 ll.
565 1825 761 1881 lterum
799 1847 812 1883 :
855 1828 1060 1883 Τούτου
1091 1832 1270 1903 χάριν,
1294 1833 1321 1885 6
1346 1833 1566 1905 δέσμιος
1592 1834 1702 1903 ἐγὼ
1715 1833 1809 1888 τοὺ
1827 1834 1963 1906 Χρι-

375 1916 502 1968 στοῦ
543 1918 717 1989 Ἰησοῦ
749 1920 890 1992 ὑπὲρ
915 1921 1070 1990 ὑμῶν
1092 1922 1201 1975 τῶν
1238 1923 1411 1977 ἐθνῶν
1433 1942 1448 1956 ·
1496 1925 1654 1995 quasi
1707 1926 1916 1981 diceret
1945 1944 1960 1982 :

374 2007 581 2060 Τούτου
614 2010 795 2080 χάριν,
828 2013 855 2062 6
886 2011 1025 2082 ὑπὲρ
1065 2012 1221 2081 ὑμῶν
1252 2015 1361 2067 τῶν
1391 2013 1561 2067 ἐθνῶν
1588 2015 1807 2085 δέσμιος
1829 2017 1965 2089 Χρι-

375 2097 524 2151 στοῦ.
557 2100 769 2169 Captivi
804 2102 1111 2158 enimJesu
1136 2104 1342 2160 Christi
1369 2108 1547 2176 plures
1576 2106 1794 2162 fuerant
1820 2125 1966 2163 mar-

375 2199 543 2259 tyres,
572 2193 666 2246 sed
693 2209 801 2246 non
836 2210 933 2263 pro
965 2195 1222 2265 gentibus
1278 2198 1331 2251 in
1382 2213 1658 2254 carcerem
1702 2202 1960 2272 conjecti.

374 2283 488 2338 Non
513 2286 657 2339 enim
692 2287 816 2342 ideo
850 2288 1232 2344 vinciebantur
1263 2300 1317 2346 et
1360 2294 1780 2358 occidebantur,
1817 2295 1960 2364 quod

373 2386 561 2446 gentes
593 2379 926 2435 adducerent
958 2380 1025 2435 ad
1070 2382 1373 2447 Christum,
1412 2385 1505 2438 sed
1538 2385 1681 2454 quod
1734 2386 1839 2455 ipsi
1893 2372 1960 2442 li-

372 2473 495 2527 dem
526 2474 578 2529 in
617 2475 900 2532 Christum
933 2479 1193 2534 nolebant
1252 2480 1541 2552 abnegare.
1582 2482 1785 2537 Paulus
1839 2483 1962 2538 tlin-

373 2576 496 2623 ctus
533 2567 662 2624 Jesu
685 2570 911 2637 Christi,
956 2571 1101 2627 haud
1131 2574 1290 2628 aliter
1324 2574 1450 2640 fuit,
1518 2591 1683 2644 quam
1741 2588 1964 2648 propter

373 2671 595 2730 gentes;
626 2678 825 2732 nempe
871 2666 1015 2735 quod
1052 2666 1158 2720 illis
1180 2665 1367 2720 Jesum
1406 2666 1711 2733 Christum,
1765 2678 1819 2722 et
1851 2686 1960 2724 nou

372 2761 647 2837 lluuc.aut
678 2758 829 2812 illum
859 2762 1242 2823 annuntiabat,
1298 2762 1508 2816 nullttm
1572 2765 1959 2832 particularem

372 2850 671 2917 nominem,
704 2853 798 2907 sed
838 2854 1081 2923 integras
1110 2855 1363 2908 nationes
1399 2854 1466 2908 ad
1492 2856 1773 2911 Christum
1830 2873 1963 2913 cou-

372 2950 620 2997 verteret.
650 2945 1214 3015 Eapmptercaptirus
1242 2947 1554 3002 tenebatur.
1581 2948 1684 3003 Sed
1717 2950 1784 3005 de
1799 2966 1959 3005 sensu

2070 462 2403 532 Εὐαγγέλιον
2444 460 2702 531 κοινωνίᾳ
2767 457 2925 530 ὑμῶν
2945 475 2960 491 ·
2991 460 3025 531 ἢ
3062 458 3164 513 καὶ
3222 458 3439 520 οὕτως·
3470 457 3563 509 ἐπὶ
3592 461 3648 527 τῇ

2067 556 2327 627 κοινωνίᾳ
2356 554 2514 625 ὑμῶν
2537 557 2606 625 τῇ
2636 555 2716 617 είς
2753 552 2816 605 τὸ
2862 551 3205 620 Εὐαγγέλιον
3226 566 3240 579 ο
3273 550 3513 602 ἕκαστον
3554 549 3651 618 γάρ

2064 646 2178 701 τῶν
2208 647 2517 719 εἰρημένων
2544 646 2638 714 ἀφ’
2661 643 2928 715 ἐκατέρου
2953 643 3162 713 τρόπου
3202 640 3310 713 τὴν
3356 642 3441 704 είς
3467 640 3528 693 τὺ
3556 658 3651 693 κοι-

2067 743 2158 796 νὸν
2238 739 2498 795 ἐπάνοδον
2563 738 2948 806 ἀπολαμϐάνει
2976 752 2990 766 ·
3040 735 3168 790 καθ’
3221 733 3543 805 ὑπερϐατὸν
3602 733 3650 786 δέ

2066 831 2349 905 καθαρῶς,
2408 830 2437 885 ὃ
2493 830 2616 885 καθ’
2670 828 2971 901 ὑπέρθεσιν
3046 829 3318 897 λέγεται,
3371 826 3651 880 διαπλέκε-

2065 941 2180 979 ται.
3352 944 3373 951 ⁷

2140 1012 2301 1078 ι’.Τδ,
2331 1013 2670 1082 ’Δσπάζομαι
2700 1012 2845 1082 ὑμᾶς
2872 1011 2983 1081 ἐγὼ
3008 1011 3233 1082 Τέρτιος
3255 1012 3285 1064 6
3309 1009 3534 1081 γράψας
3562 1008 3648 1080 τὴν

2068 1105 2357 1176 ἐπιστολὴν
2386 1106 2445 1159 ἐν
2476 1105 2666 1175 Κυρίῳ
2692 1121 2707 1136 ο
2737 1104 2799 1158 τὸ
2851 1105 2981 1174 γὰρ,
3008 1106 3066 1157 ἐν
3109 1103 3329 1174 Κυρίῳ,
3384 1103 3647 1157 συναπτό-

2072 1216 2232 1269 μενον
2283 1200 2344 1251 τδ
2383 1196 2427 1264 ι,
2460 1198 2776 1267 ἀσπάζομαι
2805 1197 2974 1267 ὑμᾶς,
3014 1197 3160 1251 κατὰ
3212 1196 3317 1267 τὴν
3365 1196 3647 1249 ἀκόλουθον

2066 1290 2162 1344 τοῦ
2193 1290 2351 1358 λόγου
2380 1292 2576 1361 χρῆσιν
2603 1289 2740 1358 πρὸς
2769 1288 2846 1358 τῷ
2873 1288 3020 1342 τέλει
3049 1288 3150 1344 νῦν
3171 1289 3527 1343 ἀποδέδοται.
3550 1290 3647 1341 Καὶ

2066 1382 2150 1445 τὸ,
2181 1383 2373 1445 Ὅπως
2405 1381 2657 1452 ἐξέληται
2702 1382 2850 1452 ἡμᾶς
2890 1382 2957 1435 ἐκ
2994 1380 3091 1435 τοῦ
3130 1380 3440 1445 ἐνεστῶτος
3467 1383 3647 1445 αἰῶνος

2067 1476 2307 1549 πονηροῦ
2335 1518 2349 1543 ,
2415 1476 2802 1547 παραπλήσιον
2866 1474 2995 1545 ἔσχε
3072 1474 3167 1529 τὸν
3237 1475 3646 1545 σχηματισμόν·

2067 1572 2128 1625 τὸ
2184 1570 2313 1641 γὰρ,
2375 1568 2638 1641 πονηροῦ,
2690 1568 2791 1639 τὴν
2840 1568 3041 1638 ἐφεξῆς
3062 1567 3159 1622 τοῦ
3206 1568 3515 1628 ἐνεστῶτος
3555 1566 3649 1638 χὼ-

1997 1712 2039 1769 B
2071 1681 2172 1736 ραν
2234 1662 2455 1734 ἐπέχειν
2525 1661 2783 1730 ὀφεῖλον,
2836 1661 2937 1733 τὴν
3007 1661 3253 1733 ἐσχάτην
3334 1660 3648 1731 ἀνεπλήρω-

2067 1773 2182 1810 σεν.

2138 1856 2231 1902 ια’.
2267 1847 2378 1902 Καὶ
2411 1847 2597 1907 πάλιν,
2627 1845 2833 1900 Τούτου
2864 1845 3026 1917 χάριν
3066 1845 3094 1898 6
3126 1843 3355 1913 δέσμιος
3392 1842 3494 1896 τοῦ
3529 1843 3650 1913 Χριο

2066 1938 2193 1992 στοῦ
2235 1939 2411 2011 Ἰησοῦ
2441 1938 2583 2010 ὑπὲρ
2615 1938 2771 2009 ὑμῶν
2794 1936 2906 1990 τῶν
2930 1937 3121 1999 ἐθνῶν,
3145 1930 3281 1996 οἷον,
3311 1936 3526 1987 Τούτου
3562 1933 3649 2003 χά-

2069 2048 2152 2098 ριν
2184 2033 2213 2083 6
2245 2031 2385 2101 ὑπὲρ
2413 2029 2568 2100 ὑμῶν
2588 2029 2698 2082 τῶν
2727 2028 2896 2082 ἐθνῶν
2925 2028 3149 2096 δέσμιος
3162 2024 3260 2079 τοῦ
3287 2024 3536 2097 Χριστοῦ
3558 2024 3648 2091 Ἰηι

2066 2119 2179 2174 σοῦ’.
2206 2121 2430 2190 Δέσμιοι
2464 2120 2564 2190 μέν
2596 2119 2705 2190 γὰρ
2734 2119 2993 2189 γεγόνασι
3044 2117 3139 2171 τοῦ
3190 2115 3439 2187 Χριστοῦ
3484 2113 3650 2183 Ἰησοῦ

2066 2212 2158 2266 καὶ
2187 2213 2376 2265 πολλοὶ
2406 2211 2515 2266 τῶν
2547 2211 2864 2284 μαρτύρων,
2908 2210 3023 2264 ἀλλ’
3045 2211 3144 2279 οὐχ
3174 2210 3321 2279 ὐπέρ
3343 2207 3455 2260 τῶν
3472 2207 3648 2261 ἐθνῶν.

2065 2307 2138 2360 Οὐ
2170 2307 2279 2375 γὰρ
2305 2307 2387 2359 ὅτι
2415 2306 2485 2358 τά
2519 2306 2647 2375 ἐθνη
2680 2304 2960 2374 προσῆγον
2989 2301 3068 2371 τῷ
3104 2301 3335 2371 Χριστῴ
3384 2300 3476 2353 διά
3506 2298 3651 2352 τοῦτο

2064 2399 2301 2451 ἐδέδεντο
2330 2400 2422 2450 καὶ
2451 2397 2807 2457 ἐσφάττοντο,
2840 2393 2955 2447 ἀλλ’
2984 2394 3068 2445 ὅτι
3093 2393 3252 2445 αὐτοὶ
3282 2391 3410 2444 καθ’
3431 2392 3649 2454 ἐαυτοῦς

2063 2491 2160 2562 τὴν
2199 2492 2281 2553 είς
2300 2479 2544 2559 Χριστὸν
2581 2487 2682 2541 οὐκ
2727 2485 2957 2556 ἡθέτουν
3000 2485 3208 2537 πίστιν.
3260 2483 3404 2536 Οὐδέ
3453 2481 3652 2544 Παῦλος

2063 2582 2283 2651 δέσμιος
2319 2581 2420 2649 μὲν
2446 2575 2515 2650 ἦν
2561 2577 2655 2631 τοῦ
2688 2577 2927 2648 Χριστοῦ
2976 2575 3173 2648 Ἰησοῦ,
3212 2575 3354 2629 ἀλλὰ
3389 2577 3485 2627 καὶ
3523 2574 3652 2644 ὑπὲρ

2064 2673 2171 2725 τῶν
2205 2671 2395 2724 ἐθνῶν.
2435 2671 2559 2723 Ὀτι
2594 2670 2710 2738 γάρ
2743 2669 3043 2739 ἐκήρυττεν
3088 2668 3279 2730 αὐτοῖς
3310 2667 3405 2718 τὸν
3429 2665 3652 2736 Χριστὸν

2065 2766 2159 2818 καὶ
2205 2765 2287 2816 ὅτι
2314 2764 2433 2832 οὐχὶ
2476 2762 2625 2815 τόνδε
2657 2761 2688 2831 ἣ
2733 2760 2916 2822 τόνδε,
2952 2759 3089 2813 ἀλλὰ
3139 2760 3235 2812 καὶ
3267 2760 3481 2829 δήμους
3511 2759 3651 2821 ὅλους

2068 2856 2339 2925 μετετίθει
2371 2854 2504 2925 πρὸς
2538 2853 2772 2922 Χριστόν
2793 2868 2807 2881 °
2848 2852 2939 2905 διὰ
2953 2851 3114 2904 τοῦτο
3137 2851 3197 2903 τὸ
3230 2851 3399 2904 πλέον
3430 2850 3650 2905 ἐδέδετο.

2078 2948 2240 3002 Ἀλλὰ
2265 2947 2396 3017 περὶ
2424 2948 2526 3017 μὲν
2558 2950 2659 3015 τῆς
2688 2948 2746 2999 ἐν
2777 2949 2844 3017 τῇ
2875 2945 3088 3016 διανοίᾳ
3136 2944 3381 3015 θεωρίας
3423 2945 3520 2998 καὶ
3559 2943 3652 3014 τῆς

370 3032 475 3086 .οοὶ
506 3033 778 3099 interiori,
808 3047 863 3090 et
896 3038 1188 3093 verborum
1220 3039 1645 3110 signiﬁcatione,
1685 3042 1816 3097 alibi
1839 3060 1961 3098 sum

2114 3042 2173 3094 Iw
2201 3039 2405 3094 λέξεων
2427 3038 2785 3104 άναπτύξεως
2811 3040 2868 3092 ἐν
2904 3037 3106 3100 ἄλλοις.

372 3124 643 3180 dicturus.

442 3217 530 3271 12.
561 3218 642 3272 Ad
673 3234 796 3274 eum
827 3221 1141 3292 tropologia:
1173 3224 1395 3279 modum
1426 3237 1675 3295 spectat:
1710 3229 1773 3281 Οί
1799 3227 1856 3281 δέ
1881 3246 1965 3281 πι-

372 3308 530 3369 στοὺς
580 3307 796 3378 ἔχοντες
854 3311 1121 3375 δεσπότας
1171 3314 1246 3384 μὴ
1300 3316 1814 3387 καταφρονείτωσαν
1882 3316 1993 3373 ὅτε

373 3398 590 3467 ἀδελφοί
631 3402 788 3467 εἰσιν,
812 3402 946 3456 ἀλλὰ
978 3404 1186 3474 μᾶλλον
1211 3405 1637 3473 δουλευέτωσαν,
1675 3410 1756 3462 ὅτι
1785 3411 1964 3463 πιστοί

373 3491 479 3543 είσι
516 3491 610 3543 καὶ
633 3493 926 3560 ἀγαπητοὶ,
955 3495 1004 3548 oi
1034 3496 1135 3565 τῆς
1180 3496 1497 3568 εὐεργεσίας
1571 3499 1965 3571 άντιλαμῦανό-

375 3597 527 3648 μενοι
562 3581 593 3651 ἢ
630 3583 971 3652 μετέχοντες.
1011 3586 1165 3642 Patet
1214 3597 1398 3642 autem
1478 3590 1625 3659 quod
1675 3591 1966 3659 εὐργεσίας

374 3671 900 3744 ἀντιλαμϐανόμενοι
927 3692 1022 3746 per
1055 3678 1393 3748 hyperbaton
1423 3680 1623 3734 dicitur
1646 3697 1660 3744 ;
1682 3682 1962 3751 proprium

377 3778 505 3817 vero
541 3765 715 3818 locum
744 3766 788 3819 si
831 3767 1152 3837 disponatur
1178 3779 1324 3825 recte
1357 3771 1439 3826 sic
1465 3773 1736 3841 supplebit
1770 3771 1967 3828 εἈλλά

379 3855 579 3924 μᾶλλον
601 3858 647 3909 οἱ
675 3858 772 3928 τῆς
789 3859 1112 3930 εὐεργεσίας
1128 3861 1679 3933 ἀντιλαμϐανόμενοι.
1703 3865 1960 3919 δουλευέ-

375 3966 576 4013 τωσαν,
614 3951 695 4003 ὃτι
721 3953 901 4004 πιστοί
931 3954 1038 4005 είσι
1068 3955 1161 4007 καὶ
1208 3956 1517 4027 άγαπητοί’
1581 3974 1775 4028 nempe
1821 3965 1965 4029 quod

378 4039 623 4108 ipsorum
663 4041 777 4094 heri
812 4044 953 4097 tales
980 4043 1113 4098 sint.

452 4133 534 4186 l5.
568 4132 646 4186 Ad
683 4135 934 4189 eunulcm
968 4137 1188 4190 modum
1228 4146 1282 4192 et
1320 4137 1425 4192 hoc
1460 4139 1717 4206 refertur,
1770 4140 1967 4211 Ὑμεῖς

376 4224 431 4281 δὲ
453 4225 551 4295 οὐχ
589 4224 760 4291 οὑτως
794 4228 1026 4298 ἐμάθετε
1048 4230 1140 4283 τὸν
1170 4230 1426 4302 Χριστὸν,
1463 4232 1581 4299 εῐγε
1604 4232 1769 4285 αὐτὸν
1792 4233 1962 4302 ἠκού-

380 4335 508 4370 σατε
530 4361 543 4375 .
570 4320 663 4372 καὶ
698 4322 756 4372 ἐν
778 4321 927 4392 αὐτῷ
957 4321 1274 4392 ἐδιδάχθητε
1299 4339 1315 4355 ⁶
1346 4323 1533 4386 καθώς
1554 4324 1701 4378 ἐστιν
1754 4325 1786 4395 ἠ
1832 4324 1965 4395 ἀλή-

2138 3213 2227 3283 ιβ¹.
2247 3212 2361 3281 Τῆς
2381 3210 2555 3281 αὐτῆς
2582 3209 2763 3281 μέντοι
2789 3207 3152 3280 τροπολογίας
3175 3207 3365 3277 ἔχεται
3390 3208 3483 3260 καὶ
3496 3206 3576 3261 τό·
3594 3206 3653 3259 Ol

2064 3306 2118 3360 δέ
2144 3305 2368 3366 πιστοὺς
2384 3302 2598 3371 ἔχοντες
2616 3301 2883 3364 δεσπότας
2904 3300 2979 3372 μὴ
3006 3298 3552 3370 καταφρονείτωσαν,
3574 3300 3649 3352 ὅτι

2065 3395 2287 3462 ἀδελφοί
2315 3395 2484 3447 εἰσινο
2516 3392 2655 3446 ἀλλὰ
2684 3391 2891 3462 μᾶλλον
2911 3391 3345 3454 δουλευέτωσαν,
3373 3390 3457 3444 ὅτι
3484 3390 3655 3442 πιστοί

2065 3489 2174 3541 είσι
2214 3487 2308 3540 καὶ
2332 3486 2629 3557 ἀγαπητοὶ,
2676 3485 2729 3537 οί
2769 3484 2870 3553 τῆς
2909 3483 3235 3555 εὐεργεσίας
3257 3482 3651 3551 ἀντιλαμϐανό-

2070 3597 2220 3649 μενοι
2262 3578 2295 3650 ἢ
2348 3578 2705 3647 μετέχοντεςο
2760 3578 2823 3631 τὸ
2874 3577 3006 3647 γάρ,
3071 3577 3124 3631 oi
3174 3578 3282 3646 τῆς
3331 3577 3651 3647 εὐεργεσίας

2067 3670 2611 3740 ἀντιλαμϐανόμενοι,
2660 3670 2896 3740 φανερὸν
2938 3670 3016 3733 ὡς
3057 3669 3450 3741 ὐπερτέθειται
3475 3687 3488 3699 ·
3530 3671 3658 3722 ἀνα·

2069 3763 2354 3835 πληρώσει
2374 3764 2433 3817 δέ
2450 3766 2549 3835 τὴν
2572 3763 2781 3817 οίκείαν
2811 3762 2997 3833 χώραν
3018 3761 3164 3815 οὕτω
3187 3779 3307 3825 πως
3338 3760 3654 3829 διαταχθέν·

2072 3857 2236 3912 ’Δλλά
2299 3856 2501 3927 μᾶλλον
2530 3858 2579 3910 οἱ
2624 3856 2722 3924 τῆς
2761 3854 3083 3924 εὐεργεσίας
3133 3853 3657 3924 ἀντιλαμϐανόμενοι

2066 3945 2487 4011 δουλευέτωσαν,
2516 3946 2597 3998 ὅτι
2627 3944 2804 3997 πιστοί
2830 3945 2934 3997 είσι
2970 3944 3066 3998 καὶ
3112 3944 3391 4015 ἀγαπητοί
3418 3960 3433 3975 ⁸
3462 3944 3511 3997 oi
3573 3943 3656 3996 δε-

2069 4041 2266 4094 σπόται
2288 4038 2553 4109 δηλονότι.

2142 4137 2233 4199 ιγ’.
2271 4132 2360 4193 Εἰς
2413 4130 2503 4183 τὸν
2530 4130 2696 4183 αὐτὸν
2737 4128 2794 4181 δέ
2824 4128 3030 4201 τρόπον
3077 4129 3415 4200 ἀναφέρεται
3451 4128 3545 4183 καὶ
3578 4128 3655 4189 τὲ,

2083 4224 2276 4294 Ὑμεῖς
2295 4225 2352 4277 δέ
2378 4225 2477 4294 οὐχ
2506 4222 2679 4285 οὕτως
2706 4224 2939 4293 ἐμάθετε
2954 4225 3046 4277 τὸν
3059 4224 3297 4295 Χριστόν
3313 4242 3327 4254 ·
3364 4223 3479 4291 είγε
3504 4223 3657 4275 αὐτὸν

2068 4316 2343 4389 ἠκούσατε
2360 4316 2455 4370 καὶ
2479 4318 2537 4369 ἐν
2555 4314 2702 4385 αὐτῷ
2730 4316 3070 4386 ἐδιδάχθητε,
3097 4316 3284 4378 καθώς
3308 4318 3459 4369 ἐστιν
3478 4318 3511 4385 ἡ
3530 4315 3657 4381 ἀλή-

378 4410 497 4463 θεια
523 4412 580 4465 ἐν
612 4410 691 4483 τῷ
730 4412 930 4484 Ἰησοῦ,
961 4413 1264 4467 ἀποθέσθαι
1289 4414 1434 4485 ὑμᾶς
1460 4408 1729 4487 κατὰτὴν
1770 4394 1965 4487 προ-τέ.
2000 4394 2041 4448 θ
2072 4410 2192 4464 θεια
2218 4411 2276 4462 ἐν
2303 4407 2380 4478 τῷ
2430 4407 2604 4478 Ἰησοῦ
2636 4407 2941 4461 ἀποθέσθαι
2982 4408 3127 4477 ὑμᾶς
3154 4409 3299 4462 κατὰ
3333 4407 3435 4478 τὴν
3473 4406 3659 4479 xpeti-

381 4520 478 4572 ραν
503 4504 847 4577 ἀναστροφὴν
894 4507 984 4559 τὸν
1032 4505 1267 4560 παλαιὸν
1316 4507 1625 4576 ἄνθρωπον.
1678 4507 1793 4563 Nisi
1822 4510 1968 4563 enim

377 4594 568 4648 ordine
599 4605 807 4652 mutato
833 4595 1124 4651 dieerenus
1150 4614 1163 4651 :
1195 4596 1520 4653 ’Λποθέσοαι
1539 4598 1683 4669 ὑμᾶς
1711 4602 1803 4652 τὸν
1830 4599 1972 4653 κατὰ

377 4689 478 4757 τὴν
506 4689 778 4760 προτέραν
807 4688 1157 4761 ἀναστροφὴν
1185 4690 1411 4743 παλαιὸν
1439 4690 1726 4762 ἄντρωπον
1748 4707 1765 4723 ’
1800 4702 1895 4746 aut
1924 4693 1971 4747 si

379 4781 538 4846 velis,
578 4782 908 4837 Ἀποθέσθαι
941 4783 1086 4853 ὑμᾶς
1110 4782 1202 4837 τὸν
1245 4782 1479 4837 παλαιὸν
1535 4782 1848 4854 ἄνθρωπον,
1875 4784 1965 4837 τὸν

380 4872 525 4926 κατὰ
566 4875 664 4945 τὴν
708 4876 985 4947 προτέραν
1026 4876 1377 4947 ἀναστροφήν
1403 4891 1417 4905 ⁸
1474 4876 1627 4933 locus
1671 4891 1837 4933 sensu
1878 4877 1971 4932 dc-

380 4965 720 5021 stituerctur.

462 5057 542 5110 14.
588 5055 664 5110 lta
694 5064 749 5110 et
784 5056 836 5109 iu
868 5057 1011 5124 istis,
1047 5058 1166 5112 ’Ἰνα
1186 5059 1281 5132 δῳ,
1315 5060 1458 5114 κατὰ
1490 5058 1583 5112 τδν
1612 5045 1846 5113 πλοῦτον
1869 5060 1965 5131 τῆς

382 5148 542 5219 δόξης
568 5148 737 5202 αὐτοῦ
769 5150 997 5221 δυνάμει
1025 5153 1436 5225 κραταιωθῆναι
1458 5154 1550 5209 διὰ
1575 5152 1669 5207 τοῦ
1710 5152 1967 5225 Πνεύμα-

386 5259 477 5307 τος
504 5243 671 5297 αὐτοῦ
715 5243 796 5308 είς
841 5247 931 5298 τὸν
983 5246 1091 5300 ἐσω
1137 5248 1464 5317 άνθρωπων,
1513 5249 1842 5319 κατοικῆσαι
1881 5245 1973 5299 τὸν

386 5336 621 5407 Χριστὸν
671 5336 764 5410 διά
788 5339 888 5410 τῆς
921 5340 1155 5407 πίστεως
1186 5343 1244 5398 ἐν
1275 5345 1396 5409 ταῖς
1427 5340 1681 5416 καρδίαις
1716 5340 1893 5408 ὑμῶν,
1914 5341 1974 5396 έν

2078 4521 2177 4574 ραν
2234 4500 2580 4573 ἀναστροφὴν
2630 4502 2723 4555 τὸν
2759 4501 2984 4554 παλαιὸν
3016 4501 3327 4573 ἄνθρωπον.
3365 4502 3427 4553 Εἰ
3460 4503 3531 4571 μὴ
3557 4501 3659 4567 γάρ

2078 4596 2410 4668 ὑπερθέντες
2438 4597 2574 4650 είποι
2590 4612 2711 4665 μεν,
2742 4593 3073 4648 ’Δποθέσθαι
3097 4595 3244 4658 ὑμᾶς
3268 4594 3361 4646 τὸν
3393 4593 3535 4647 κατὰ
3566 4593 3658 4660 τὴν

2075 4690 2349 4760 προτέραν
2382 4689 2731 4757 ἀναστροφὴν
2759 4687 2989 4741 παλαιὸν
3020 4684 3314 4757 ἄνθρωπον
3334 4704 3349 4717 ο
3386 4687 3446 4756 ἢ,
3475 4688 3520 4738 εξ
3549 4684 3659 4753 βοός

2075 4783 2178 4846 λει,
2209 4780 2535 4836 Ἀποθέσθαι
2554 4780 2699 4850 ὑμᾶς
2724 4778 2816 4832 τὸν
2838 4778 3071 4833 παλαιὸν
3095 4778 3387 4849 ἄνθρωπον
3412 4778 3504 4831 τὸν
3528 4777 3657 4830 κατά

2080 4874 2177 4945 τὴν
2200 4874 2477 4947 προτέραν
2507 4872 2861 4944 ἀναστροφὴν
2911 4872 2996 4935 είς
3037 4872 3365 4943 ἀδιανόητον
3387 4871 3455 4926 ἂν
3511 4888 3657 4940 περι-

2077 4968 2389 5039 ενεχθέντες
2420 4966 2506 5039 εἴη
2515 4984 2635 5036 μεν.

2152 5059 2232 5112 ιδ’.
2252 5059 2364 5112 Καὶ
2387 5057 2451 5129 δὴ
2477 5056 2571 5112 καὶ
2602 5058 2659 5109 ἐν
2684 5056 2784 5127 τῷ,
2814 5055 2934 5111 Ἵνα
2960 5055 3038 5127 δῷ
3054 5055 3199 5109 κατὰ
3213 5056 3308 5109 τὸν
3324 5056 3549 5108 πλοῦτον
3562 5051 3658 5121 τῆς

2076 5150 2234 5220 δόξης
2262 5149 2427 5203 αὐτοῦ
2461 5148 2690 5219 δυνάμει
2721 5146 3133 5218 κραταιωθῆναι
3157 5147 3249 5201 διὰ
3294 5145 3387 5199 τοῦ
3422 5144 3657 5211 [1926;451-

2078 5261 2169 5307 τος
2200 5242 2363 5297 αὑτοῦ
2388 5244 2468 5307 εἰς
2490 5242 2578 5296 τὸν
2608 5244 2718 5294 ἐσω
2734 5240 3048 5310 ἄνθρωπον,
3073 5239 3401 5308 κατοικῆσαι
3423 5237 3512 5291 τὸν
3532 5236 3656 5302 Kr:-

2083 5337 2208 5392 στὸν
2227 5336 2317 5391 διὰ
2348 5339 2450 5409 τῆς
2473 5337 2708 5400 πίστεως
2739 5334 2798 5391 ἐν
2816 5336 2939 5399 ταῖς
2961 5333 3214 5405 καρδίαις
3240 5332 3415 5403 ὑμῶν,
3442 5331 3499 5385 ἐν
3520 5326 3653 5398 ἁγά-

1664 5568 1906 5626 νΑιιιιΕ
1945 5568 2346 5626 LECTlONES.

486 5724 496 5761 ¹
528 5724 619 5781 Ia.
655 5726 756 5795 τῷ.
