3846 6188
100 206 186 281 591
996 211 1099 271 AD
1127 201 1729 271 AMPHILOCHIUM
1761 201 2113 273 QUIESTIO
2150 203 2369 267 XCIII.

3238 204 3397 277 598.

99 338 164 395 πῃ
184 315 525 392 ἐρριζωμένοι
554 315 648 372 καὶ
674 315 1168 390 τεθεμελιωμένοιο
1205 316 1292 369 ἵνα
1308 311 1636 384 ἐξισχύσητε
1662 309 1717 370 Α
1741 311 1930 383 ἀγάπῃ
1973 311 2336 395 ἐρριζωμένοι
2399 310 2503 365 καὶ
2542 311 3029 385 τεθεμελιωμένοι,
3085 312 3173 368 τνα
3227 315 3341 382 ἐξι-

98 408 460 468 καταλαϐέσθαι
488 408 588 464 σὺν
621 412 756 464 πᾶσι
783 411 897 473 τοῖς
923 409 1100 476 ἁγίοις
1127 406 1179 461 τί
1215 406 1276 460 rb
1308 406 1511 469 πλάτος
1542 404 1640 458 καὶ

102 505 263 574 μῆκος,
293 500 385 555 καὶ
419 500 605 570 βάθος,
640 501 737 554 καὶ
760 499 915 570 ὕψος.
961 498 1051 554 Ἑν
1115 495 1291 567 τούτῳ
1346 494 1639 566 τοιγαροῦν

98 594 160 663 τῷ
175 592 362 662 χωρίῳ,
395 591 533 654 εἴτις
581 592 663 658 rb,
695 594 752 645 ἐν
784 592 977 661 ἀγάπῃ
1018 588 1381 663 ἐρριζωμένοι
1427 589 1524 641 καὶ
1550 602 1641 640 τε·

101 680 470 750 θεμελιωμένοι,
498 682 564 752 τῇ
589 679 953 752 ὑπερτεθείση
973 677 1118 744 λέξει
1146 678 1222 750 μὴ
1252 675 1527 741 ὑποτάξας
1549 673 1642 729 οὔ·

97 788 161 823 τω
183 770 271 839 τὴν
299 768 611 839 σύμφρασιν
654 771 735 834 είς
772 769 833 824 rb
884 770 1026 823 κατὰ
1056 768 1218 838 φύσιν
1254 765 1379 838 ἐχον
1437 768 1642 820 ἐπανα-

100 860 306 929 στρέφει,
362 858 803 930 βαρϐαρίζουσαν
851 853 1008 924 οὗτος
1063 858 1331 928 ὑπόληψιν
1381 856 1462 928 τῷ
1511 854 1643 928 θείῳ

100 952 262 1023 Παύλῳ
290 951 547 1022 περιάψει
572 969 587 983 ·
621 954 684 1006 τὸ
716 952 900 1022 μέντοι
940 952 1314 1024 διηρθωμένον
1339 959 1379 988 πη
1435 950 1520 1022 εἴη
1575 949 1643 1004 ἂν

98 1044 321 1101 τοιοῦτονο
349 1044 467 1097 Ἵνα
497 1048 555 1097 ἐν
584 1047 775 1117 ἀγάπῃ
799 1045 1159 1118 ἐρριζωμένοι
1185 1044 1282 1098 καί¹
1313 1042 1644 1113 τεθεμελιω-

103 1140 225 1210 μένοι
256 1138 579 1208 ἐξισχύσητε
605 1140 1015 1195 καταλαϐέσθαι
1040 1154 1053 1168 ’
1086 1140 1182 1194 καὶ
1217 1138 1369 1210 ἐξῆς.
1409 1139 1519 1217 Καὶ.
1540 1139 1643 1209 ὅρα

74 1233 216 1305 ⁵ὅπως
261 1230 569 1300 ἔμπροσθεν
618 1231 717 1302 μὲν
755 1234 868 1296 τοῖς
918 1234 994 1304 μὴ
1029 1232 1308 1304 προορῶσι
1351 1231 1412 1287 τὸ
1444 1233 1645 1286 ἀνακε-

100 1323 379 1393 χωρημένον
410 1324 504 1376 καὶ
538 1324 706 1392 σοφὸν
728 1324 837 1378 τῶν
877 1326 1141 1395 ῥημάτων
1170 1325 1349 1380 ἐδόκει
1384 1324 1445 1378 τὸ
1479 1323 1645 1397 ῥητὸν

102 1417 335 1487 βάρϐαρον
360 1432 375 1447 ’
407 1418 778 1489 ἀναιρανείσης
802 1419 861 1473 δὲ
879 1422 976 1492 τῆς
1016 1420 1251 1491 τροπῆς,
1298 1420 1643 1493 συνανεφάνη

100 1510 172 1560 καὶ
193 1510 246 1560 τὸ
273 1510 597 1579 ἐμμέθοδον.

154 1605 221 1651 ιε’.
236 1599 302 1652 Τὸ
328 1598 465 1654 αὐτὸ
479 1600 536 1654 δὲ
562 1595 704 1664 εἶδος
722 1599 1025 1672 καθορᾶται
1037 1600 1133 1654 καὶ
1160 1599 1289 1654 ἔνθα
1309 1602 1497 1671 φησιν,
1519 1602 1646 1667 Τοῖς

1744 405 1981 477 σχύσητε
2014 392 2419 459 καταλαϐέσθαι
2448 404 2542 458 καὶ
2580 406 2676 458 σὺν
2716 407 2854 459 πᾶσι
2890 409 3003 472 τοῖς
3040 406 3221 475 ἁγίοις
3287 408 3342 461 τί

1739 497 1803 552 rb
1857 497 2083 561 πλάτος,
2148 497 2243 551 καὶ
2302 496 2500 568 μῆκος,
2569 497 2665 550 καὶ
2713 496 2898 568 βάθος,
2926 499 3022 552 καὶ
3048 498 3204 569 ὑψος.
3230 497 3333 554 Ubi

1743 590 1789 645 si
1820 590 1945 660 quis
1972 588 2102 643 illud
2140 605 2154 642 :
2203 587 2291 642 Ἐν
2320 588 2512 661 ἀγάπῃ
2547 589 2913 660 ἐρριζωμένοι
2958 590 3056 644 καὶ
3110 590 3340 660 τεθεμε-

1742 678 2018 749 λιωμένοι,
2046 679 2271 734 dictioni
2305 680 2651 748 transpositaa
2683 696 2793 734 non
2818 680 3104 749 subjiciat,
3143 682 3190 736 is
3207 697 3342 736 con-

1744 770 2034 825 nexionem
2062 768 2168 824 loci
2208 768 2262 822 in
2301 768 2351 823 id
2376 810 2392 836 ,
2433 769 2580 839 quod
2631 778 2827 825 natura
2876 770 3139 838 postulat,
3204 786 3341 825 cond

1746 872 1984 923 vertens.
2025 863 2321 917 barbarum
2364 877 2589 917 sensum
2644 862 2831 917 divino
2881 860 3052 917 Paulo
3090 863 3336 934 aliinget:

1745 953 2017 1009 sententia
2056 953 2157 1007 rite
2184 952 2552 1007 etarticulate
2587 953 2820 1023 prolata,
2862 954 2977 1007 haec
3024 960 3108 1007 est
3148 969 3161 1006 :
3224 952 3342 1005 Ἵνα

1745 1047 1804 1099 ἐν
1826 1045 2015 1116 ἀγάπῃ
2042 1043 2404 1117 ἐρριζωμένοι
2452 1045 2548 1099 καὶ
2609 1044 3073 1117 τεθεμελιωμένοι
3123 1043 3335 1115 ἐξισχύ-

1748 1155 1878 1207 σητε
1913 1136 2342 1205 καταλαϐέσθαι,
2384 1146 2491 1191 etc.
2527 1135 2743 1191 Videsis
2771 1144 2960 1192 autem
2989 1136 3229 1206 qualiter
3273 1136 3342 1191 iis

1746 1232 1841 1302 qui
1872 1230 1942 1284 ab
1971 1238 2086 1284 arte
2110 1244 2220 1284 non
2272 1229 2577 1299 prazvident
2636 1228 2689 1282 id
2717 1228 2863 1297 quod
2922 1227 3228 1296 resultabit,
3286 1236 3341 1282 et

1747 1335 1911 1392 quam
1942 1317 2237 1389 prudenter
2262 1316 2419 1372 verba
2452 1316 2563 1372 sint
2596 1315 2889 1386 disposita,
2954 1316 3187 1371 barbare
3245 1330 3339 1371 so-

1748 1426 1881 1466 nare
1903 1408 2180 1464 xidebitur
2238 1405 2467 1470 dictum,
2498 1416 2562 1461 ut
2621 1406 2795 1477 ﬁgura
2860 1406 2954 1461 ubi
3001 1407 3335 1478 comparuit,

1751 1519 1858 1558 una
1886 1502 2089 1572 patebit
2114 1509 2168 1555 et
2197 1499 2433 1555 illustris
2454 1499 2615 1554 ordo.

1823 1594 1911 1649 l5.
1948 1592 2150 1647 Eadem
2173 1590 2349 1647 forma
2380 1592 2626 1645 cernitur
2655 1600 2711 1645 et
2742 1589 2834 1646 ubi
2880 1590 2983 1646 ista
3034 1590 3155 1646 ait:
3210 1590 3339 1656 Τοῖς

100 1689 178 1757 μὶν
220 1688 332 1744 καθ’
368 1691 654 1763 ὑπομονὴν
707 1692 872 1762 ἔργου
922 1692 1132 1761 ἀγαθοῦ
1169 1693 1329 1759 δόξαν
1360 1694 1454 1748 καὶ
1474 1692 1644 1765 τιμὴν
1679 1674 1723 1730 Β
1754 1689 1853 1760 μὲν
1884 1687 2009 1742 καθ’
2037 1685 2318 1756 ὑπομονὴν
2370 1683 2535 1755 ἔργον
2579 1682 2790 1757 ἀγαθοῦ
2824 1684 2982 1751 δόξαν
3028 1686 3123 1738 καὶ
3147 1684 3338 1756 τιμὴν,

100 1780 172 1831 καὶ
196 1781 498 1851 ἀφθαρσίαν
531 1782 792 1853 ζητοῦσιν
823 1782 970 1853 ζωὴν
1002 1786 1225 1839 αἰώνιον
1244 1801 1260 1817 ·
1289 1785 1641 1857 ὑπερϐέϐηκε

1749 1779 2060 1852 ἀφθαρσίαν
2088 1775 2381 1833 ἀποδώσει.
2401 1774 2637 1830 Attende
2660 1784 2842 1831 autem
2863 1776 3329 1847 quemadmodum

98 1870 182 1939 γὰρ
231 1872 509 1928 κάνταῦθα
548 1875 633 1939 rb,
684 1874 909 1946 ζητοῦσι
935 1875 1080 1946 ζωὴν
1107 1876 1327 1930 αἰώνιον
1353 1893 1369 1908 ο
1401 1878 1497 1931 καὶ
1527 1878 1640 1933 ἐστι

1762 1888 1865 1929 una
1900 1887 2024 1927 cum
2055 1867 2356 1941 hyperbato
2379 1866 2487 1919 άπὸ
2511 1863 2606 1918 τοῦ
2655 1863 2860 1931 κοινοῦ,
2904 1865 3154 1935 repetitio
3214 1873 3338 1921 est:

95 1962 142 2013 τὸ
160 1965 282 2017 κατά
327 1966 467 2020 πόδα
499 1968 601 2038 τῆς
645 1968 940 2039 ἑρμηνείας
969 1987 983 1999 ·
1021 1969 1149 2033 Τοῖς
1204 1969 1331 2023 καθ’
1362 1970 1640 2043 ὑπομονὴν

1762 1971 1888 2025 Nam
1919 1962 2195 2020 ἀποδώσει
2222 1962 2275 2015 in
2316 1960 2423 2014 [ine
2451 1960 2724 2028 adjectum
2782 1969 2838 2014 et
2894 1960 2984 2015 hic
3011 1960 3337 2015 assumitur.

96 2056 224 2126 ἔργον
252 2060 456 2129 ἀγαθοῦ
488 2062 714 2134 ζητοῦσι
741 2062 887 2134 ζωὴν
908 2063 1146 2129 αἰώνιον,
1171 2065 1330 2132 δόξαν
1352 2068 1447 2121 καὶ
1472 2068 1641 2141 τιμὴν
1680 2069 1776 2124 καὶ
1840 2062 2153 2135 ἀφθαρσίαν
2211 2056 2507 2113 ἀποδώσει.
2542 2055 2652 2108 Καὶ
2675 2055 2869 2109 σκόπει
2894 2074 2985 2126 μοι
3011 2055 3175 2111 πάλιν
3191 2059 3342 2120 ὅπως

97 2152 399 2223 συνανεφάνη
452 2152 533 2225 τῷ
582 2155 877 2228 ὑπερϐατῷ
905 2158 939 2227 ὴ
968 2157 1064 2211 τοῦ
1103 2157 1210 2212 ἀπὸ
1256 2161 1437 2215 κοινοῦ
1464 2162 1867 2235 μεταχείρισις·
1895 2158 1955 2213 rb
2004 2155 2135 2226 γάρ,
2192 2149 2486 2216 ἀποδώσει,
2516 2147 2743 2204 δπισθεν
2771 2149 2938 2219 ρηθέν
2966 2150 3065 2203 καὶ
3096 2147 3337 2204 ἐνταῦθα

99 2247 471 2315 συνεφέλκεται.

148 2352 228 2410 ις’.
260 2346 340 2399 Τά
379 2347 564 2418 μέντοι
594 2364 658 2416 γε
686 2346 780 2401 τοῦ
822 2350 1187 2421 προκειμένου
1236 2349 1403 2423 ῥητοῦ
1441 2351 1642 2422 ἐφεξῆς

93 2434 237 2505 ἔχουσι
268 2438 369 2508 μὲν
397 2438 491 2491 καὶ
518 2438 660 2492 αὑτά
688 2440 749 2493 rb
775 2441 885 2494 ἀπὸ
936 2442 1120 2496 κοινοῦ
1140 2459 1155 2474 ·
1184 2440 1368 2513 έχουσι
1396 2442 1443 2494 δ’
1466 2443 1549 2505 είς
1580 2440 1643 2494 rb

92 2528 387 2599 καλούμενον
416 2530 632 2602 ζεῦγμα
648 2534 1121 2605 ἀπομεριζόμενόν
1140 2552 1200 2588 τε
1224 2537 1318 2589 καὶ
1338 2536 1641 2591 είδοποιού-

96 2636 243 2689 μενον,
270 2623 349 2676 Tb
379 2623 513 2695 γάρ,
550 2624 903 2696 Πειθομένοις
926 2626 985 2680 δὲ
1006 2630 1072 2696 τῇ
1100 2627 1303 2699 ἀδικίᾳ,
1336 2627 1506 2698 θυμὸς
1546 2629 1642 2682 καὶ

91 2709 199 2781 ὀργὴ
230 2713 324 2767 καὶ
374 2713 556 2784 θλίψις
620 2718 715 2768 καὶ
761 2716 1089 2787 στενοχωρία
1132 2718 1225 2771 ἐπὶ
1257 2721 1441 2773 πᾶσαν
1460 2718 1640 2788 ψυχὴν

94 2802 348 2874 ἀνθρώπου
383 2803 483 2859 τοῦ
508 2807 990 2878 κατεργαζομένου
1026 2809 1088 2862 rb
1137 2810 1329 2873 κακὸν,
1381 2811 1639 2865 Ἰουδαίου

96 2911 141 2947 τε
184 2897 388 2969 πρῶτον
439 2900 537 2952 καὶ
569 2899 853 2969 Ἕλληνος,
888 2900 989 2954 οὑκ
1019 2902 1086 2955 ἂν
1111 2903 1525 2974 ἀπηρτισμένον
1552 2905 1638 2977 εἴη

100 2988 138 3037 εί
173 2988 238 3059 μὴ
290 2987 577 3059 ἐλκυσθείη
627 2989 791 3043 πάλιν
820 2990 900 3055 rb,
937 2990 1229 3057 ἀποδώσει,
1264 2992 1642 3062 σχηματισθὲν

1813 2345 1899 2401 l6.
1932 2344 2064 2412 Quae
2084 2356 2216 2414 ergo
2236 2340 2289 2395 in
2310 2335 2568 2409 praesenti
2587 2337 2861 2392 sententia
2881 2344 3209 2406 sequuntur,
3238 2334 3306 2390 ha
3324 2365 3341 2378 -

1747 2439 1979 2505 bentur;
2001 2446 2050 2491 et
2084 2435 2172 2489 illa
2195 2449 2316 2503 qua:
2340 2430 2450 2486 ἀπὸ
2464 2428 2642 2484 κοινοῦ
2673 2428 3055 2500 intelliguntur
3087 2447 3101 2483 :
3139 2428 3343 2483 habent

1746 2540 1929 2586 autem
1958 2539 2013 2585 et
2037 2528 2089 2582 in
2120 2541 2189 2582 eo
2212 2523 2357 2596 quod
2394 2523 2635 2590 Zeugma
2662 2520 2972 2590 appellatur
3002 2521 3338 2575 abstractum

1745 2631 1799 2676 et
1821 2620 2216 2691 specilicatum.
2241 2614 2372 2669 illud
2394 2615 2541 2667 enim
2568 2630 2582 2666 :
2610 2630 2629 2663 ι
2657 2610 3008 2681 Πειθομένοις
3036 2610 3095 2665 δὲ
3127 2612 3195 2681 τῇ
3220 2610 3339 2664 ἀδι-

1748 2710 1864 2782 κίᾳ,
1900 2708 2075 2781 θυμὸς
2106 2706 2203 2761 καὶ⁵
2231 2706 2392 2777 ὀργὴ,
2441 2704 2536 2757 καὶ
2594 2702 2796 2772 θλίψις,
2855 2701 2952 2755 καὶ
3007 2702 3343 2772 στενοχωρία.

1750 2805 1852 2857 ἐπὶ
1888 2805 2072 2857 πᾶσαν
2103 2799 2284 2872 ψυχὴν
2345 2795 2662 2869 ἀνθρώπου,
2711 2794 2806 2848 τοῦ
2861 2795 3340 2866 κατεργαζομένου

1747 2897 1808 2948 rb
1832 2895 2023 2960 κακὸν,
2065 2891 2318 2947 Ἰουδαίου
2357 2906 2418 2943 τε
2452 2887 2668 2959 πρῶτον
2703 2888 2798 2940 καὶ
2844 2886 3136 2956 Ἐλληνος-
3178 2904 3197 2937 ι
3230 2901 3338 2940 non

1750 2994 1898 3042 esset
1950 2985 2189 3057 perfecta
2252 2981 2546 3044 sententia,
2586 2980 2689 3034 nisi
2747 2980 2946 3035 iterum
3005 2977 3339 3043 attrahatur,

94 3080 155 3141 είς
180 3081 255 3147 rb,
283 3081 696 3153 ἀποδοθήσεται,
726 3083 861 3135 Ὀπε
875 3099 905 3151 ρ
925 3082 1210 3148 ἐξακούειν
1227 3083 1409 3156 δεήσει
1432 3085 1529 3139 καὶ
1545 3085 1639 3138 ἐπὶ

1762 3077 2013 3133 ίποδὼσει
2061 3077 2296 3132 formata
2333 3090 2428 3145 per
2457 3072 2880 3143 ἀποδοθήσεται,
2907 3069 3055 3142 quod
3107 3069 3339 3123 omnino

91 3170 329 3240 τοῦ,Δόξα
352 3174 408 3227 δὲ
444 3175 538 3228 καί¹
565 3172 700 3246 τιμὴ
747 3175 841 3228 καὶ
900 3175 1091 3247 εἰρήνη
1143 3176 1308 3229 παντὶ
1353 3177 1430 3248 τῷ
1476 3179 1640 3248 ἐργα-

93 3260 272 3335 ζομένῳ
322 3266 381 3319 rb
433 3266 644 3335 ἀγαθὸν
701 3265 943 3338 Ἰουδαίῳ
1001 3284 1063 3320 τε
1124 3267 1341 3341 πρῶτον
1389 3270 1488 3324 καὶ
1514 3269 1642 3323 Ἐλ-

93 3352 207 3423 ληνι,

152 3444 225 3511 ιζ’.
252 3450 353 3502 Ναὶ
383 3449 448 3523 δὴ
475 3453 543 3521 τῇ
578 3451 686 3505 ἀπὸ
713 3452 895 3508 κοινοῦ
932 3456 1107 3526 τροπῇ
1158 3454 1638 3526 διαμεμόρφωται,

95 3538 269 3591 ια’ίτό·
300 3540 418 3593 Εἴτε
465 3541 785 3613 θλιϐόμεθα,
834 3544 974 3614 ὑπὲρ
1001 3545 1101 3614 τῆς
1140 3545 1295 3614 ὑμῶν
1350 3546 1639 3617 παρακλή-

94 3647 233 3696 σεως
265 3634 342 3688 δεῖ
375 3635 487 3707 γάρ
522 3636 689 3691 πάλιν
743 3639 1301 3710 προσνπακουσθῆναι
1347 3640 1430 3708 rb,
1461 3638 1641 3693 θλιϐό-

93 3723 229 3793 μεθα.

151 3826 229 3889 ιη’.
260 3820 467 3895 Ὠσπερ
496 3822 594 3875 καὶ
620 3823 677 3875 ἐν
698 3822 796 3893 τῷ,
832 3822 961 3876 Είτε
1001 3822 1470 3894 παρακαλούμεθα
1498 3823 1640 3896 ὑπὲρ

92 3910 172 3979 τῆς
191 3914 328 3982 ὑμῶν
359 3914 762 3986 παρακλήσεως
796 3916 889 3969 καὶ
909 3915 1184 3985 σωτηρίας
1203 3930 1217 3945 ο
1235 3915 1441 3986 ὀφείλει
1467 3933 1638 3988 προσ-

100 4006 432 4077 επισυνῆφθαι
468 4008 552 4072 rb,
581 4007 1069 4078 παρακαλούμεθα.

152 4096 225 4152 ιθ¹.
257 4099 360 4157 Καὶ
389 4099 473 4167 rb,
494 4099 619 4152 Εἴτε
647 4099 755 4171 γὰρ
771 4099 1095 4170 ἐξέστημεν,
1122 4099 1269 4174 Θεῷ·
1292 4101 1402 4155 εἴτε
1422 4116 1639 4172 σωφρο-

96 4188 279 4259 νοῦμεν,
297 4193 423 4262 ὑμῖν
442 4209 456 4224 ο
491 4194 573 4255 εἱς
596 4192 692 4246 τὸν
714 4192 880 4246 αὑτὸν
906 4193 1080 4246 τύπον
1112 4194 1544 4264 ἐσχημάτισται’
1578 4193 1639 4245 τὺ

96 4280 183 4352 γὰρ
207 4284 422 4352 ἐντελὲς,
454 4286 585 4339 Εἴτε
623 4285 733 4357 γὰρ
786 4285 1109 4356 ἐξέστημεν,
1152 4284 1273 4357 Θεῷ
1300 4285 1601 4355 ἐξέστημεν
1621 4301 1634 4316 ·

95 4371 185 4426 sire
209 4376 602 4448 σωφρονοῦμεν,
621 4378 651 4431 ὑ
659 4381 751 4449 μίν
784 4377 1199 4450 σωφρονοῦμεν.

152 4543 211 4600 κ’.
236 4547 481 4603 Μάλιστα
528 4548 587 4602 δὲ
614 4548 899 4614 πλεονάζει
923 4548 994 4604 τά
1033 4549 1303 4622 είρημένα
1331 4552 1390 4604 ἐν
1419 4550 1498 4623 τῷ
1524 4570 1636 4622 χω-

100 4633 180 4705 ρίφ
195 4639 350 4711 τούτῳ
365 4656 379 4670 ’
404 4660 425 4695 ι
445 4640 776 4706 Δοξάζοντες
801 4644 893 4695 τδν
917 4642 1051 4696 Θεὸν
1072 4643 1165 4695 ἐπὶ
1181 4644 1245 4713 τῇ
1277 4642 1521 4714 ὑποταγῇ
1542 4644 1641 4712 τῆς

98 4724 342 4798 ἐ’μολογίιμς
376 4733 534 4804 ὑμῶν
564 4736 645 4798 εἰς
671 4734 732 4788 rb
762 4734 1097 4804 Εὑαγγέλιον
1126 4735 1220 4789 τοῦ
1254 4734 1518 4805 Χριστοῦ,
1546 4738 1641 4789 καί

101 4819 318 4894 ἁπλότητι
348 4829 449 4897 τῆς
474 4830 766 4895 κοινωνίας
817 4831 898 4893 είς
939 4830 1143 4894 αὑτοὺς
1175 4830 1270 4884 καὶ
1298 4833 1379 4894 εἰς
1405 4832 1636 4897 πάντας,

102 4912 359 4973 ηὶαὺτῶν
387 4920 575 4990 δεήσει
627 4922 769 4993 ὑπὲρ
833 4922 988 4993 ὑμῶν
1040 4922 1449 4977 ἐπιποθούντων
1493 4924 1640 4996 ὑμᾶς

100 5000 165 5055 Bai
188 5007 273 5075 τὴν
311 5012 761 5083 ὑπερϐάλλουσαν
807 5015 969 5086 χάριν
999 5016 1096 5070 τοῦ
1127 5015 1265 5070 Θεοῦ
1319 5018 1405 5088 ἐφ’
1428 5019 1580 5090 ὑμῖν.
1613 5038 1633 5073 ι

103 5092 244 5171 Ἀπερ
276 5105 326 5157 εἴ
365 5122 451 5169 τις
500 5104 579 5178 μὴ
626 5107 1055 5177 προσαποδιδοῦς
1108 5108 1190 5179 τῷ
1229 5112 1379 5182 ῥητῷ
1422 5112 1503 5171 εἰς
1540 5111 1642 5183 τὴν

103 5188 391 5265 καθέίρμον
431 5197 776 5268 ἀπαγγελίαν
817 5199 1260 5273 καθαρρυθμίζοι
1312 5202 1405 5256 τὸν
1455 5203 1637 5273 λόγον,

108 5279 165 5343 εἰς
179 5283 470 5361 ἀδιανόητον
503 5291 573 5345 ἂν
608 5292 904 5362 περισταίη
937 5292 1218 5356 παντελῶς
1249 5294 1584 5368 ἠὺφὼγησις
1613 5306 1642 5336 ιι

107 5367 177 5422 τοῦ
205 5380 572 5451 προκειμένου.
603 5382 714 5436 Καὶ
741 5382 869 5454 τόγε
887 5382 1061 5439 αἴτιον
1078 5383 1141 5438 οὑ
1162 5383 1258 5439 τοῦ
1282 5367 1639 5458 γράμματος,

1669 4429 1716 4488 D

1742 3169 2076 3240 subintelligi
2105 3169 2268 3223 debet
2298 3167 2352 3221 in
2378 3166 2469 3228 iis,
2495 3164 2622 3229 δόξα
2637 3163 2713 3229 δὲ,
2739 3164 2834 3218 καὶ
2854 3163 3012 3234 τιμὴ,
3043 3160 3340 3233 καὶείρήνη

1743 3263 1911 3317 παντὶ
1938 3261 2017 3334 τῷ
2042 3260 2399 3333 ἐργαζομένῳ
2424 3256 2658 3328 ἀγαθὸν,
2728 3254 2970 3327 Ἰουδαίῳ
3010 3270 3073 3308 τε
3125 3252 3342 3325 πρῶτον

1744 3355 1841 3410 καὶ
1870 3353 2117 3425 Ἕλληνι.

1814 3447 1902 3502 l7.
1925 3444 2099 3500 Etiam
2130 3453 2185 3499 et
2213 3460 2308 3516 per
2326 3444 2745 3501 conversionem
2776 3441 2886 3498 ἀπὸ
2904 3438 3003 3495 τοῦ
3027 3439 3209 3494 κοινοῦ
3225 3436 3340 3493 ior-

1743 3551 1948 3595 matur.
2007 3537 2074 3593 Et
2106 3538 2250 3595 istud
2295 3556 2308 3592 :
2351 3537 2477 3591 Εἴτε
2514 3534 2814 3608 θλιϐόμεθα
2865 3534 3007 3605 ὑπὲρ
3036 3533 3135 3604 τῆς
3185 3531 3340 3603 ὑμῶν

1742 3628 2178 3703 παρακλήσεως’
2238 3646 2367 3686 nam
2418 3630 2602 3686 denuo
2658 3624 3182 3697 subintelligendum
3256 3635 3341 3680 est

1742 3723 2060 3793 θλιϐόμεθα.

1813 3815 1902 3870 l8.
1938 3813 2009 3869 Ut
2037 3823 2085 3870 et
2116 3814 2172 3870 in
2208 3812 2332 3872 istis
2361 3834 2375 3871 :
2412 3817 2537 3872 Εἴτε
2568 3818 3043 3891 παρακαλούμεθα
3069 3818 3217 3890 ὑπὲρ
3235 3817 3334 3886 τῆς

1740 3908 1897 3979 ὑμῶν
1940 3908 2347 3979 παρακλήσεως
2398 3911 2495 3964 καὶ
2546 3911 2863 3982 σωτηρίας’
2923 3928 3121 3984 nempe
3164 3928 3339 3967 anne-
3438 3972 3456 3987 ,

1741 4003 1999 4057 ctendutn
2023 4010 2110 4059 est
2130 4001 2624 4073 παρακαλούμεθα.

1813 4095 1899 4150 19.
1924 4094 2056 4149 item
2078 4106 2132 4149 et
2149 4094 2279 4149 illud
2305 4113 2319 4149 :
2342 4094 2462 4148 Εἴτε
2478 4094 2585 4165 γὰρ
2602 4094 2923 4166 ἐξέστημεν,
2936 4094 3077 4167 seqa-
3095 4095 3205 4149 εἴτε
3228 4113 3338 4150 σω-

1738 4186 2068 4259 φρονοῦμεν,
2104 4187 2267 4259 ὑμῖν·
2315 4202 2411 4259 per
2439 4187 2687 4242 eamdem
2735 4188 2963 4258 ﬁgurant
3024 4187 3334 4243 formatur:

1740 4294 1865 4335 nam
1897 4280 2153 4335 absolute
2186 4280 2258 4335 ita
2300 4288 2432 4336 est:
2486 4281 2612 4334 Εἴτε
2669 4280 2780 4350 γάρ
2830 4280 3157 4352 ἐξέστημεν,
3215 4278 3337 4350 Θεῷ

1743 4371 2045 4445 ἐξέστημεν
2073 4387 2088 4403 ο
2150 4372 2265 4426 εἴτε
2335 4370 2728 4444 σωφρονοῦμεν
2755 4410 2773 4439 ,
2833 4372 2965 4443 ὑμῖν
3023 4372 3339 4445 σωφρονοῦ-

1746 4479 1868 4533 μεν.

1808 4554 1900 4612 20.
1927 4553 1999 4611 Ita
2029 4555 2336 4612 redundant
2363 4556 2590 4612 omnino
2619 4558 2673 4612 in
2692 4558 2797 4613 hoc
2828 4558 2948 4613 loco
2973 4576 2989 4626 ;
3016 4555 3343 4624 Δοξάζοντες

1740 4647 1874 4702 θεὸν
1903 4649 1996 4702 ἐπὶ
2026 4651 2091 4721 τῇ
2125 4650 2374 4721 ὑποταγῇ
2398 4651 2500 4721 τῆς
2541 4650 2836 4721 ὁμολογίας
2908 4651 3087 4723 ὑμῶν,
3145 4654 3226 4714 είς
3280 4652 3341 4705 rb

1703 4775 1711 4778 κ
1743 4739 2074 4808 Εὑαγγέλιον
2106 4740 2201 4794 τοῦ
2231 4741 2391 4805 Θεοῦ,
2418 4741 2511 4794 καὶ
2524 4742 2791 4814 ἁπλότητι
2820 4743 2921 4813 τῆς
2949 4742 3237 4807 κοινωνίας
3259 4742 3341 4805 είς

1744 4831 1943 4895 αὑτοὺς
1966 4833 2061 4884 καὶ
2089 4833 2170 4895 είς
2202 4832 2431 4899 πάντας,
2460 4835 2555 4888 καὶ¹
2580 4834 2761 4889 αὑτῶν
2795 4835 2979 4906 δεήσει
3012 4835 3155 4907 ὑπὲρ
3185 4834 3342 4905 ὑμῶν

1747 4926 2156 4982 ἐπιποθούντων
2195 4928 2340 5000 ὑμᾶς
2371 4930 2461 4984 διὰ
2509 4931 2609 4984 τὴν
2671 4930 3122 5003 ὑπερϐάλλουσαν
3177 4931 3341 5001 χάριν

1746 5020 1841 5074 τοῦ
1880 5019 2017 5074 Θεοῦ
2052 5021 2137 5090 ἐφ’
2169 5021 2319 5090 ὑμῖν.
2350 5020 2493 5089 Quae
2522 5023 2625 5078 nisi
2656 5026 2784 5094 quis
2838 5024 3063 5079 indulta:
3117 5036 3341 5079 senten-

1753 5113 1841 5166 ti'e
1866 5112 2111 5167 seriatim
2143 5112 2377 5170 deducta
2410 5115 2716 5185 prolatione
2743 5116 2797 5170 in
2829 5115 3081 5171 ordinem
3105 5115 3337 5184 redigat,

1751 5204 2129 5275 interpretatio
2159 5204 2263 5261 loci
2298 5206 2524 5261 omnino
2581 5208 2703 5263 sine
2758 5223 2925 5263 sensu
2975 5207 3329 5263 destituetnr.

1749 5298 1924 5368 Cujus
1952 5314 2120 5355 eausa
2170 5316 2278 5355 non
2309 5309 2395 5356 est
2455 5299 2755 5371 Scriptura:
2803 5300 3179 5362 attribuenda,
3237 5295 3332 5351 sed

1748 5390 2134 5462 ignorantibus
2164 5392 2389 5464 ﬁguras,
2422 5393 2624 5465 quibus
2657 5393 2894 5466 scriptor
2949 5392 3142 5448 utitur.
3194 5385 3331 5443 Ver-

1357 5544 1593 5602 VARUE
1641 5545 2041 5606 LECTIONES.

162 5656 196 5693 ³
219 5653 293 5712 la.
324 5658 744 5733 διηρθρωμένον.
771 5660 831 5717 C.
870 5661 938 5719 Μ.
964 5661 1357 5736 διηρθωμένον.

1472 5671 1499 5701 ³³
1528 5662 1589 5720 C.
1623 5663 1691 5720 Μ.
1720 5674 1862 5723 recte
1893 5665 2055 5723 habet
2087 5667 2384 5739 ὑφήγησις.
