3846 6188
153 345 242 412 601
1074 346 1173 405 ΑΙ)
1210 344 1672 404 AMPIIILOCIII

1860 345 2187 416 )UzESTIO
2226 350 2442 411 XCIII.
2956 426 2959 428 ς
3094 366 3097 370 ’
3272 358 3379 422 602

148 464 241 531 τὴν
271 457 546 527 ἀναλογίαν
578 459 676 528 τῆς
701 457 960 521 πίστεως,
997 456 1107 510 εἴτε
1142 454 1420 508 διακονίαν
1462 455 1519 506 ἐν
1548 458 1615 525 τῇ
1643 454 1913 525 διακονίᾳ,
1947 457 2056 508 εἴτε
2086 458 2115 509 ὁ
2153 457 2422 511 διδάσκων
2459 460 2516 512 ἐν
2543 461 2610 532 τῇ
2642 460 2976 535 διδασκαλίᾳ,
3012 466 3122 520 εἴτε
3149 468 3177 520 6
3207 485 3381 538 παρα-

151 557 315 610 καλῶν
342 557 395 607 ἐν
422 557 489 625 τῇ
518 555 946 624 παρακλήσει,.ό
992 550 1302 622 μεταδιδοὺς
1332 552 1390 600 ὲν
1423 547 1711 619 ἁπλότητι,
1757 550 1784 600 6
1837 550 2233 619 προϊστάμενος
2285 552 2342 603 ἐν
2399 553 2627 624 σπουδῇ,
2651 556 2678 607 6
2712 556 2894 608 ⁴ἔιλεῶν
2948 561 3005 611 ὲν
3055 560 3337 631 ἱλαρότητι
3360 580 3374 595 ο

148 647 291 701 τοῦτο
314 647 394 717 δὴ,
425 646 588 700 τοῦτο
617 646 678 698 τὸ
705 645 868 715 ῥητὸν
911 642 1163 715 λαμπρὸν
1222 641 1293 695 ἂν
1347 641 1431 712 είη
1491 640 1958 711 περιϐεϐλημένου
2012 641 2172 710 λόγου
2222 644 2609 716 παράδειγμα·
2657 646 2768 717 ἔχει
2806 647 2904 717 μὲν
2942 651 3049 720 γὰρ
3083 652 3244 715 εὐθὺς
3300 654 3380 723 τῷ

151 739 401 810 meo),ng
428 739 802 809 ἐπιφερόμενα
833 737 901 791 τά
933 736 1135 808 μερικά
1154 751 1168 764 ⁸
1192 733 1353 788 τοῦτο
1381 734 1500 803 μὲν,
1526 732 1603 802 τῷ
1630 732 1926 804 χαρίσματι
1958 735 2058 806 τὴν
2090 736 2424 806 προφητείαν
2451 740 2543 791 καὶ
2565 739 2664 809 τὴν
2696 741 2974 796 διακονίαν
3002 760 3014 773 ·
3044 744 3201 797 τοῦτο
3229 746 3273 799 δ’
3305 744 3374 803 αὖ

152 835 295 890 πάλιν
314 835 379 902 τῇ
409 831 655 903 διακονίᾳ
676 832 742 884 τὰ
772 828 1121 900 μερικώτερα
1156 827 1358 896 ταύτης
1383 825 1480 895 τὴν
1501 824 1850 877 διδασκαλίαν
1878 826 1975 897 τὴν
1999 828 2362 898 παράκλησιν,
2399 830 2493 883 καὶ
2542 831 2655 899 εἴγε
2699 832 2901 905 βούλει,
2934 837 2997 904 τῇ
3029 836 3373 904 παρακλήσει

150 930 238 1000 τὴν
262 927 555 998 μετάδοσιν,
594 926 694 993 τὴν
720 922 1075 988 προστασίαν,
1107 921 1206 991 τὴν
1239 920 1631 990 ἐλεημοσύνην.
1655 919 1722 971 ὐ
1747 936 1804 971 τε
1826 919 1933 990 γὰρ
1966 914 2400 989 μεταδιδούςκαί
2419 924 2446 974 ὀ
2466 926 2865 995 προϊστάμενος
2902 929 2997 981 καὶ
3026 930 3054 980 6
3084 929 3271 993 ἐλεῶν,
3296 933 3375 995 εἰς

150 1020 456 1092 παραψυχήν
478 1035 603 1072 τινα
631 1019 725 1071 καὶ
749 1001 1096 1087 παράκλησιν
1121 1014 1509 1068 καθίστανται·
1547 1015 1659 1075 τοῖς
1688 1012 1732 1065 δ’
1778 1013 1958 1066 αὐτῶν
1995 1015 2474 1085 εὐεργετουμένοις
2508 1019 2568 1070 οὐ
2609 1020 2715 1088 μὴν
2741 1019 2876 1073 ἀλλά
2912 1020 3007 1073 καὶ
3037 1021 3154 1074 καθ’
3188 1022 3375 1091 ἕτερον

148 1115 324 1183 τρόπον
354 1111 750 1184 περιϐέϐληται
771 1126 787 1141 ο
817 1110 918 1181 τὴν
951 1109 1130 1163 αἰτίαν
1160 1107 1266 1178 γάρ
1295 1109 1444 1160 ἐστιν
1479 1103 1561 1169 οἷς
1589 1106 1893 1178 προσάπτει
1918 1106 2025 1159 τῶν
2059 1110 2506 1178 κεχαρισμένων⁹
2559 1111 2619 1163 οὐ
2665 1112 3055 1183 περιϐέϐληται
3101 1114 3158 1166 δὲ
3194 1113 3374 1183 μόνον,

149 1206 269 1260 ἀλλά
288 1204 376 1257 καὶ
401 1204 481 1273 τῷ
510 1202 699 1275 τρόπῳ
730 1201 1066 1255 ποικίλλεται
1096 1199 1173 1269 τῷ
1206 1209 1227 1237 ³
1263 1199 1373 1252 ἀπὸ
1394 1197 1577 1250 κοινοῦ
1596 1213 1612 1229 ο
1646 1199 1741 1251 καὶ
1772 1198 1835 1268 δὴ
1861 1198 2224 1267 προϐάλλεται
2254 1201 2348 1253 καὶ
2373 1200 2468 1272 τὴν
2495 1202 2713 1265 εἰδικῶς
2732 1204 3074 1285 καλουμένην
3105 1206 3373 1277 ἔλλειψιν·

147 1301 203 1351 τὸ
230 1298 346 1368 γὰρ,
381 1296 619 1367 ἔχοντες,
646 1295 759 1349 ἀπὸ
790 1292 970 1347 κοινοῦ
1009 1295 1028 1331 ι
1066 1293 1164 1362 μὲν
1196 1292 1421 1361 φέρεται
1452 1290 1592 1343 κατά
1618 1290 1733 1353 τοῦ,
1760 1290 1881 1342 Εἴτε
1930 1292 2267 1359 προφητείαν
2288 1291 2397 1344 εἴτε
2428 1293 2733 1347 διακονίαν·
2758 1296 2839 1357 εἰς
2871 1297 2930 1349 τὸ
2960 1298 3294 1368 καλούμενον
3314 1301 3373 1353 δὲ

148 1388 335 1459 ζεῦγμα
352 1386 690 1456 διασχίζεται
714 1427 727 1451 ,
752 1386 845 1438 ἐπὶ
872 1385 990 1450 τοῦ,
1020 1386 1129 1438 εἴτε
1158 1385 1187 1436 6
1220 1383 1507 1445 διδάσκων,
1544 1383 1653 1435 εἴτε
1682 1383 1709 1434 6
1744 1380 2103 1449 παρακαλῶν·
2144 1382 2237 1434 καὶ
2256 1384 2315 1435 ὲν
2341 1386 2454 1446 τοῖς
2491 1385 2692 1454 ἐφεξῆς
2719 1387 2775 1439 δὲ
2821 1388 3009 1457 μέρεσι
3043 1391 3139 1443 τοῦ
3188 1392 3373 1459 λόγου.

146 1484 243 1536 Καὶ
265 1482 365 1551 γὰρ
396 1480 457 1533 ὲν
486 1480 629 1549 ἀρχῇ
657 1476 1033 1547 πληθυντικῶς
1058 1474 1518 1543 ὲκπεφωνημένου
1545 1472 1662 1536 τοῦ,
1688 1472 1922 1543 ἔχοντες,
1954 1470 2149 1534 ἑνικῶς
2177 1472 2506 1543 ἑξακούομεν
2541 1477 2632 1527 ἐπί
2663 1494 2723 1529 τε
2742 1477 2857 1542 τοῦ,
2886 1478 2947 1532 ’0
2982 1480 3245 1535 διδάσκων
3275 1483 3371 1535 καὶ⁵

144 1573 523 1644 ὁπαρακαλῶν,
552 1574 648 1625 καὶ
672 1570 780 1622 τῶν
797 1569 969 1624 ἄλλων
989 1585 1003 1598 ·
1024 1568 1185 1622 πάλιν
1208 1568 1263 1620 δὲ
1291 1567 1351 1620 τὸ
1380 1566 1510 1619 αὐτὸ
1536 1565 1735 1636 χωρίον
1747 1565 2177 1637 κρέματαιόλον,
2206 1565 2512 1618 ἀνάπαυσιν
2540 1568 2639 1620 οὐκ
2667 1569 2788 1637 ἕχον
2804 1571 3081 1640 οὐδεμίαν,
3119 1574 3185 1626 ἂν
3215 1576 3290 1645 μή
3316 1583 3373 1626 τι

146 1672 275 1740 ῥῆμα
332 1666 758 1739 προσεπινοηθῇ.
797 1667 896 1719 Ἂν
946 1664 1058 1735 γὰρ
1112 1666 1186 1735 μὴ
1220 1664 1594 1732 ἐπινοήσωμεν
1616 1661 1699 1724 τὸ,
1731 1662 1938 1732 μενέτω
1970 1661 2069 1731 μὲν
2093 1661 2149 1713 ἐν
2196 1676 2258 1711 τε
2291 1662 2358 1728 τῇ
2401 1660 2642 1749 διακονίᾳ
2688 1665 2779 1715 καὶ
2821 1664 3135 1737 διδασκαλίᾳ
3184 1668 3277 1720 καὶ
3303 1671 3368 1739 τῇ

144 1763 458 1834 παραϐλησει
487 1756 711 1831 [corrig.
750 1756 1115 1830 παρακλήσει]
1140 1775 1153 1789 ·
1185 1756 1281 1810 καὶ
1312 1756 1420 1826 πρό
1444 1772 1507 1824 γε
1530 1754 1733 1808 τούτων
1782 1757 1840 1809 ἐν
1860 1754 1973 1825 νεῷ,
2007 1756 2119 1809 εἴτε
2164 1754 2509 1827 προφητείαν
2540 1756 2685 1808 κατὰ
2714 1756 2811 1828 τὴν
2844 1758 3134 1827 ἀναλογίαν
3157 1762 3257 1830 τῆς
3279 1763 3370 1813 πί-

150 1873 292 1917 ςτεως
322 1857 458 1924 μετά
484 1855 582 1907 καὶ
604 1852 920 1922 προσθήκης
947 1850 1063 1916 τοῦ,
1087 1852 1144 1903 ἐν
1164 1852 1231 1920 τῇ
1259 1844 1569 1919 προφητείᾳ
1594 1863 1609 1877 ο
1635 1847 1709 1918 μὴ
1738 1847 2063 1917 συνάψωμεν
2093 1848 2149 1901 δὲ
2182 1849 2341 1902 πάλιν
2366 1850 2443 1919 τῷ
2460 1858 2511 1913 ιι,
2536 1850 2862 1919 μεταδιδότω
2887 1853 2980 1904 καὶ
3022 1856 3370 1924 προῖστάσθω

150 1948 223 1998 ut
255 1944 486 2009 ἐλεείτω,
519 1946 631 2006 τοῖς
656 1942 874 2013 ἐφεξῆς,
893 1941 1081 2003 ἀτελὲς
1120 1941 1244 1994 ὅλον
1268 1940 1363 1993 καὶ
1383 1939 1714 2010 παράσημον
1736 1938 2099 2008 πεποιηκότες
2136 1940 2204 1993 ἂν
2228 1939 2421 2010 εἴημεν
2451 1941 2512 1994 τὸ
2533 1940 2752 2011 χωρίον.
2792 1942 2951 1995 Ἀλλά
2978 1945 3039 1996 1:6
3078 1946 3178 2014 μὲν
3201 1951 3364 2020 ῥητὸν

149 2037 273 2089 τοῦτο
301 2037 476 2107 τρισὶν
504 2035 623 2106 ἅμα
646 2032 1096 2107 διεσχηματίζετο
1123 2031 1369 2102 τρόποις.

200 2135 296 2194 κςι,
335 2128 567 2197 Ἐφεξῆς
593 2128 651 2181 δὲ
681 2126 843 2180 πάλιν
873 2127 901 2178 6
934 2123 1275 2187 ὲλλειπτικὸς
1303 2120 1634 2194 προκύπτει.
1671 2119 1864 2174 Λείπει
1884 2119 1993 2193 γὰρ
2016 2121 2073 2175 ὲν
2094 2119 2193 2191 τῷ,
2231 2120 2296 2176 Ἥ
2326 2124 2516 2196 ἀγάπη
2543 2125 2927 2199 ἀνυπόκριτος,
2970 2131 3052 2197 τὸ,
3082 2131 3245 2199 ἔστω,
3274 2123 3369 2187 καὶ

142 2218 301 2272 λοιπὸν
325 2219 546 2289 ἑφεξῆς.

197 2313 289 2376 κζ’.
328 2312 525 2383 ’Δρχὴν
556 2310 692 2379 άλλη
721 2308 969 2380 περίοδος
998 2305 1235 2376 δέχεται,
1263 2304 1321 2374 ἡ,
1372 2299 1835 2369 ’Λποστυγοῦντες
1870 2300 1932 2354 τὸ
1962 2301 2197 2372 πονηρόν
2223 2317 2240 2335 θ
2266 2302 2387 2373 ἥτις
2424 2302 2511 2357 διά
2545 2308 2889 2375 μακροτάτου
2920 2314 3217 2385 ποιουμένη
3265 2314 3364 2386 τὴν

135 2406 384 2469 ἀχόδθσιν,
414 2406 493 2466 εἰς
532 2402 749 2472 πνεῦμα
785 2399 885 2466 μὲν
925 2396 1272 2452 ἀποτείνεται
1291 2411 1305 2424 ·
1334 2394 1435 2447 οὐκ
1466 2391 1814 2463 ἀπήλλακται
1846 2391 1902 2444 δὲ
1928 2391 2051 2444 οὐδὲ
2080 2392 2176 2446 τοῦ
2196 2392 2645 2465 περιϐεϐλῆσθαι.
2674 2396 2749 2448 T6
2771 2398 2896 2468 γάρ,
2925 2400 3364 2472 ἀποστυγοῦντες

138 2499 189 2551 τὸ
219 2499 459 2568 πονηρὸν,
495 2498 576 2557 είς
602 2496 664 2551 τὸ
683 2537 700 2563 ,
732 2495 1019 2570 Εὐλογείτε
1045 2482 1173 2554 τοὺς
1216 2489 1514 2549 διώκοντας
1574 2487 1740 2556 ὑμᾶς,
1792 2484 2064 2552 εὐλογεῖτε
2104 2487 2199 2539 καὶ
2245 2485 2320 2557 μὴ
2346 2487 2685 2557 καταρᾶσθε,
2714 2489 2808 2542 τὸν
2848 2491 3199 2563 ἀπαρτισμὸν
3224 2497 3366 2566 λαμ·

138 2592 291 2645 ϐάνει.
332 2592 481 2644 Ἐπεί
509 2591 607 2643 καὶ
636 2587 744 2641 τῶν
773 2587 948 2641 ἄλλων
980 2582 1169 2637 πασῶν
1209 2580 1417 2651 ἀρετῶν
1455 2580 1603 2643 τέλος
1632 2578 1747 2630 ἐστὶ
1775 2579 1870 2631 καὶ⁵
1902 2578 2063 2631 οἱονεὶ
2110 2579 2587 2648 συγκεφαλαίωσις
2610 2582 2673 2633 τὸ
2709 2581 2870 2652 μέχρι
2904 2584 3013 2637 τῶν
3035 2585 3245 2655 ἐχθρῶν
3268 2590 3368 2640 καί-

137 2684 505 2754 μεμισηκότων
528 2681 627 2752 τὴν
657 2679 965 2749 ἀγαθότητα
997 2676 1094 2731 καὶ
1159 2677 1381 2745 ἀγάπην
1436 2674 1810 2745 παρατείνειν.
1867 2673 2023 2726 Κατά
2050 2674 2157 2742 γὰρ
2200 2672 2403 2743 ταύτην
2426 2673 2525 2743 τὴν
2555 2674 2755 2743 πρᾶξιν
2781 2677 2876 2729 καὶ
2914 2679 2942 2730 6
2970 2680 3238 2748 σωτήριος
3273 2694 3368 2733 και.

141 2775 351 2846 ἀψευδὴς
381 2783 407 2811 ν
437 2774 592 2841 λόγος
633 2769 1026 2843 ἀφομοιοῦσθαι
1062 2768 1190 2831 τοὺς
1224 2768 1318 2819 ἐπὶ
1364 2765 1468 2834 γῆς
1517 2764 1837 2835 ἀνθρώπους
1870 2762 2006 2834 πρὸς
2030 2761 2126 2815 τὸν
2153 2764 2211 2816 ὲν
2252 2763 2506 2833 οὐρανοῖς
2543 2764 2905 2819 ἐπιστώσατο·
2928 2769 3166 2840 Πατέρα.
3205 2772 3367 2827 Ἀλλά

135 2874 231 2941 γὰρ
261 2869 386 2922 πολύ
420 2868 624 2939 πλῆθος
648 2870 706 2921 ὲν
736 2870 849 2932 τοῖς
876 2874 1166 2940 γράμμασι
1195 2868 1291 2922 τοῦ
1323 2867 1467 2921 θείου
1522 2866 1736 2922 Παύλου
1791 2864 1898 2918 τῶν
1946 2862 2204 2917 τοιούτων
2243 2864 2421 2917 ἔνεστι
2466 2866 2928 2935 παραδειγμάτων
2949 2883 2961 2896 ·
3001 2869 3060 2933 ἐξ
3103 2864 3177 2923 ὧν
3206 2871 3365 2941 ὀλίγα

135 2966 449 3039 παρεθέμην,
469 2966 537 3020 δι’
564 2968 632 3031 ἃς
647 2969 745 3020 καὶ
772 2967 1050 3038 καταρχὰς
1073 2965 1368 3037 ὑπολήψεις
1397 2964 1552 3034 ἔφην,
1587 2957 1677 3027 αἷς
1700 2962 1801 3024 τὰς
1832 2960 2011 3023 αἰτίας
2039 2960 2358 3030 ἀνατίθημι,
2391 2960 2485 3013 καὶ
2508 2961 2644 3014 διότι
2682 2963 2818 3032 μηδὲ⁹
2852 2964 2982 3035 περί
3020 2965 3128 3019 τῶν
3155 2965 3361 3020 λοιπῶν

130 3054 207 3123 οἷς
228 3064 583 3133 συνεχρήσατο
611 3061 889 3132 διεξῆλθον
913 3062 1113 3133 τρόπον
1140 3062 1277 3125 ὅλως
1304 3078 1364 3114 τε
1396 3060 1529 3130 περὶ
1569 3059 1775 3130 τρόπου
1804 3058 2073 3125 γενέσεως
2116 3055 2208 3107 καὶ
2236 3055 2501 3124 διαφορᾶς
2536 3053 2834 3123 ποσότητός
2862 3073 2920 3108 τε
2954 3059 3046 3109 καὶ
3083 3060 3353 3129 χρήσεως’

132 3146 241 3202 ὃθεν
262 3166 316 3203 τε
350 3152 384 3221 ἡ
419 3150 750 3222 τροπολογία
778 3152 904 3222 ἔφυ,
937 3152 1033 3204 καὶ
1061 3151 1130 3205 δι’
1161 3152 1230 3223 ῆν
1280 3168 1410 3203 ποτε
1442 3149 1620 3203 αἰτίαν
1674 3150 1709 3219 η
1780 3144 2025 3215 Ἑλληνὶς
2063 3144 2267 3215 ταύτην
2312 3143 2625 3213 ᾠκειώσατο
2670 3145 2891 3213 γλῶσσα
2916 3165 2929 3177 ·
2968 3150 3087 3202 οὐδὲ
3118 3152 3224 3219 γὰρ
3253 3152 3363 3205 οὐδ’

132 3242 401 3314 ἀξιώσαιμι
427 3261 439 3272 ·
471 3243 596 3297 οὔτε
629 3244 691 3296 σὲ
720 3244 925 3299 δεῖσθαι
955 3243 1253 3315 μαθήσεως
1274 3243 1411 3307 ὅλως
1456 3243 1557 3313 τῆς
1600 3244 1731 3313 περὶ
1761 3237 1937 3292 ταῦτα
1981 3236 2303 3308 τηλικοῦτον
2343 3236 2475 3292 ὄντα
2502 3237 2619 3292 οὐθ’
2649 3239 2797 3311 ἡμᾶς
2817 3241 2874 3293 ὲν
2902 3242 2969 3312 τῇ
2999 3243 3129 3313 περὶ
3155 3244 3360 3299 τούτων

130 3334 423 3407 διδασκαλίᾳ
449 3335 874 3406 φιλοτιμεῖσθαι.

186 3428 258 3480 Τὰ
289 3429 385 3499 μὲν
426 3430 533 3500 γὰρ
568 3431 883 3502 στοιχειώδη
912 3448 973 3485 τε
1000 3430 1098 3486 καὶ
1128 3433 1305 3485 οἰκεῖα
1319 3433 1431 3495 τοῖς
1463 3433 1682 3500 εἰσαγο-

1847 3427 1982 3494 Quae
1999 3427 2145 3482 enim
2174 3436 2304 3483 sunt
2331 3428 2577 3498 quadam
2595 3427 2946 3485 elementaria
2972 3430 3224 3501 primitus
3250 3435 3358 3489 ini-

133 3521 323 3588 μένοιςο
351 3522 421 3575 τὰ
462 3522 542 3588 δὲ,
589 3523 657 3577 δι’
685 3517 763 3578 ὧν
791 3524 1003 3596 ἔφημεν
1068 3524 1485 3595 ὑποδειγμάτων
1531 3527 1652 3592 σαφῆ

1837 3522 1972 3576 atis:
2012 3521 2120 3575 alia
2154 3520 2457 3575 redduntur
2484 3521 2632 3576 clara
2660 3530 2715 3575 et
2746 3520 3037 3577 manifesta
3088 3524 3243 3590 satis,
3285 3526 3356 3580 ita

134 3614 212 3665 καὶ
234 3614 411 3686 ῥᾳδίαν
445 3615 637 3685 εἴληφε
660 3616 761 3685 τὴν
790 3616 1015 3685 γνῶσιν.
1044 3617 1166 3671 Τῶν
1200 3617 1299 3688 μὲν
1324 3613 1417 3671 οὖν
1442 3617 1653 3670 ἀποστοι

1839 3611 2021 3667 .l'acile
2048 3612 2376 3683 apprehendi
2408 3614 2626 3684 possint
2664 3628 2761 3683 per
2802 3614 2895 3669 illa
2953 3631 3077 3685 qua:
3129 3619 3358 3686 protuli-

132 3705 274 3761 λικῶν
299 3709 645 3779 γραμμάτων
697 3709 795 3762 καὶ
835 3712 947 3774 τοῖς
980 3710 1292 3781 εἰρημένοις
1337 3710 1433 3763 καὶ
1465 3708 1651 3763 πολλοῖς

1842 3720 1903 3759 us
1929 3706 2198 3774 exempla.
2224 3705 2402 3774 Atque
2449 3705 2523 3759 ita
2555 3706 2887 3775 scriptorum
2929 3708 3356 3777 apnstolicorutu

132 3799 311 3871 ἑτέροις
342 3804 615 3871 σχήμασιν
638 3800 666 3853 6
696 3803 983 3872 χαρακτὴρ
1016 3801 1157 3854 οὓτω
1197 3804 1408 3872 πέφυκε
1449 3801 1651 3872 διαμορ·

1839 3806 2068 3852 mractcr
2096 3814 2194 3868 per
2220 3806 2345 3853 ante
2382 3799 2641 3855 recitata:
2672 3809 2726 3854 et
2752 3800 2953 3855 multas
2984 3802 3121 3856 alias
3154 3804 3358 3873 ﬁguras

132 3892 335 3960 σοῦσθαι
358 3910 371 3924 ο
403 3894 526 3964 οὐχὶ
547 3893 591 3946 δ’
611 3894 747 3966 ὅπερ
767 3895 859 3947 καὶ
888 3894 1155 3965 πολλαχοῦ
1173 3895 1497 3965 ἀπειπάμην
1511 3896 1651 3966 τέχνῃ

1834 3886 1846 3939 l
1881 3886 2027 3943 hunc
2058 3888 2278 3941 modum
2313 3888 2628 3946 conﬁrmari
2666 3900 2865 3959 potest.
2892 3890 3002 3945 Nec
3054 3894 3198 3961 quod
3240 3895 3353 3963 jam

132 3984 209 4036 καὶ
235 3984 421 4056 μελέτῃ
452 3984 629 4039 ταῦτα
656 3987 889 4056 γράφειν
930 3986 1094 4039 αὐτὸν
1127 3987 1294 4058 ἡδέως
1331 3987 1543 4058 εἴποιμι
1566 3986 1632 4041 άν

1837 3979 2070 4047 iqunties
2138 3979 2351 4049 negavi,
2405 3980 2639 4034 dixerim
2686 3997 2812 4034 enm
2870 3982 3157 4038 affectasse
3207 3987 3353 4042 hunc

132 4077 214 4145 οὐχ
232 4076 391 4142 οὕτως
421 4078 734 4149 μικρολογεῖ)
756 4077 847 4130 τὸν
867 4077 1117 4148 οὐράνιον
1137 4079 1420 4149 ἄνθρωπον
1444 4079 1650 4131 ἐκεῖνον

1832 4069 2050 4122 :ribendi
2083 4068 2328 4122 modum.
2370 4068 2488 4123 Non
2518 4071 2590 4124 ita
2649 4073 2741 4125 vili
2768 4073 2944 4139 pendo
2968 4076 3242 4130 cmlestem
3284 4080 3351 4132 il-

133 4162 208 4215 τὸν
242 4162 311 4227 ὼς
354 4166 531 4219 οἰκίαν
585 4165 620 4236 ἢ
657 4165 808 4220 πόλιν
859 4165 988 4232 μίαν
1035 4166 1132 4237 τὴν
1178 4167 1507 4238 οἰκουμένην
1546 4168 1652 4237 ὃληε

1839 4174 1889 4211 In
1942 4158 2139 4221 virum,
2198 4159 2294 4229 qui
2342 4168 2512 4214 totum
2557 4162 2745 4215 orbem
2813 4171 3073 4232 tanquam
3134 4167 3348 4225 unicant

136 4253 395 4310 πολίσαντα
421 4256 501 4327 τῷ
524 4242 840 4327 κηρύγματι
862 4273 876 4289 ο
921 4257 1036 4310 ἀλλ’
1067 4257 1293 4329 ἑμφύτῳ
1337 4259 1528 4327 κράτει
1560 4259 1655 4311 δια·

1836 4252 2016 4321 iquain
2051 4253 2363 4307 urbeculam
2397 4254 2740 4323 praedicando
2775 4256 3051 4310 circumiit
3082 4276 3095 4310 :
3159 4260 3254 4314 sed
3284 4260 3351 4314 ab

135 4346 257 4409 νοίας
307 4350 400 4403 καὶ
428 4350 509 4420 τῷ
544 4351 674 4422 περὶ
713 4351 889 4405 πάντα
914 4348 1245 4421 δραστηρίῳ,
1277 4350 1478 4418 μᾶλλον
1512 4349 1569 4402 δὲ
1603 4352 1654 4420 τῇ

1828 4345 1940 4398 ιείιιι
1964 4344 2134 4399 animi
2166 4344 2440 4410 facultate,
2472 4358 2521 4401 et
2554 4356 2782 4403 actuoso
2812 4364 2908 4418 per
2937 4350 3117 4404 omnia
3141 4351 3347 4419 habitu,

131 4440 308 4493 ἀνωθεν
334 4442 514 4513 χάριτι
531 4459 546 4473 ο
582 4442 618 4513 ἢ
650 4442 850 4496 καὶτὸν
889 4441 1113 4496 πλοῦτον
1132 4442 1281 4512 αὐτῷ
1304 4444 1401 4513 τῆς
1428 4442 1650 4513 ἐμφύτοι

1829 4451 1887 4489 ιο
1925 4438 2106 4506 potius
2131 4451 2160 4491 a
2195 4438 2404 4493 etelesti
2436 4441 2609 4510 gratia
2638 4441 2956 4509 inspiratus,
2985 4459 3104 4512 qua:
3133 4446 3348 4502 divitias

130 4532 349 4598 γνώσεως
382 4535 477 4589 καὶ
507 4534 605 4605 τῆς
640 4535 779 4606 ὑπὲρ
804 4535 863 4588 τὸ
890 4534 1228 4606 ἀνθρώπινον
1269 4536 1548 4605 ἀγχινοίας
1578 4553 1648 4588 κα

1831 4528 1875 4582 si
1898 4528 2041 4596 illas,
2077 4530 2256 4585 insitae
2293 4532 2624 4602 cognitionis
2655 4543 2709 4587 et
2735 4534 3035 4604 prudentiaa
3058 4536 3197 4590 uitra
3245 4539 3346 4591 hu-

132 4628 413 4697 φρονήσεως
451 4626 764 4698 χορηγοῦσα
806 4628 894 4683 διὰ
945 4629 1163 4683 πάντων
1209 4629 1269 4684 οὐ
1306 4629 1564 4695 διέλιπεν,
1604 4629 1651 4683 δι

1830 4635 1989 4702 anam
2045 4632 2098 4676 et
2130 4622 2504 4694 intelligentia:
2551 4626 2763 4696 copiam
2802 4642 2899 4696 per
2963 4629 3145 4682 omnia
3180 4639 3235 4685 et
3290 4632 3342 4685 in

129 4709 185 4786 ἧς
204 4720 285 4771 καὶ
331 4718 436 4772 τῶν
473 4732 501 4759 ι
554 4720 734 4782 ἄλλοις
786 4721 889 4775 ὅσα
940 4722 1091 4774 πόνοι
1141 4722 1236 4774 καὶ
1266 4721 1484 4791 μελέται
1517 4720 1648 4792 μόλω

1825 4715 2028 4768 mribus
2059 4717 2319 4770 continuo
2350 4731 2604 4789 suggesta
2642 4720 3025 4788 suppeditavit,
3062 4722 3205 4777 unde
3226 4723 3344 4779 sine

134 4785 448 4879 κατορθοῦσιν
470 4810 635 4875 αὐτὸς
661 4812 1043 4883 ἀταλαίπωρον
1066 4813 1192 4884 ἔσχε
1233 4785 1331 4884 την
1354 4785 1548 4885 χρῆσιν
1573 4814 1653 4867 καί

1827 4802 1956 4858 bore
1986 4813 2040 4857 et
2065 4802 2382 4862 dilﬁcultate
2412 4823 2574 4863 usum
2614 4824 2803 4863 earum
2858 4825 3041 4865 rerum
3077 4822 3131 4866 et
3189 4829 3343 4869 exse-

136 4901 490 4973 μεταχείρισιν.
520 4903 595 4957 Σὺ
627 4902 686 4956 δέ
739 4920 829 4974 μοι
865 4906 985 4968 ταῖς
1030 4888 1242 4957 ἐκεῖθεν
1286 4904 1544 4975 καθαρῶς
1574 4904 1655 4959 ἐλ-

1822 4894 2045 4950 itionem
2082 4898 2525 4965 nanciscebatur,
2567 4916 2705 4971 quas
2752 4901 2844 4955 alii
2877 4918 2974 4973 per
3019 4903 3232 4960 labores
3290 4918 3341 4961 et

135 4985 441 5062 λαμπόμενος
490 4995 590 5065 τῆς
629 4993 889 5065 ἀληθείας
937 4996 1173 5061 ἀκτῖσιν,
1219 4993 1336 5064 εἴης
1364 4994 1552 5066 ὥσπερ
1605 4997 1654 5050 τὶ

1816 4989 1942 5041 :rias
2000 4987 2381 5046 meditationes
2434 4995 2523 5045 vix
2582 5004 2966 5061 assequuntur.
3022 4995 3101 5051 Tu
3154 5009 3335 5054 autem

140 5076 426 5153 θεωρητικὸν
479 5085 919 5156 όμματούμενος,
961 5084 1104 5139 οὓτω
1150 5086 1243 5138 καὶ
1274 5086 1334 5138 τὸ
1361 5085 1659 5158 πρακτικὸν

1820 5078 2015 5133 :ritatis
2054 5079 2224 5136 radiis
2251 5081 2383 5137 hinc
2416 5071 2834 5142 eoruscantibns
2876 5087 3236 5157 illuminatus,
3282 5101 3339 5146 ut

139 5170 230 5233 ταῖς
251 5172 457 5229 αὐτόθεν
482 5174 724 5240 ἐντολαῖς
745 5175 835 5230 διὰ
854 5174 970 5247 βίου
1002 5174 1419 5247 ρυθμιζόμενος.

1816 5170 1913 5225 uod
1943 5172 2203 5228 theoriam
2238 5176 2434 5231 attinet
2456 5176 2763 5245 illustraris,
2794 5181 2867 5236 ita
2900 5182 3079 5252 quoad
3125 5185 3335 5252 praxim

1769 5264 2055 5334 praeceptis
2085 5266 2328 5326 Paulinis
2356 5286 2452 5343 per
2482 5283 2655 5331 totum
2680 5277 2802 5333 vitae
2831 5287 2936 5335 tute
2964 5295 3187 5335 cursum
3210 5296 3340 5337 con-

1769 5353 2025 5413 ﬁrmeris.

1360 5541 1595 5598 VARLE
1638 5544 2045 5603 LECTIOhEb.

138 5685 575 5803 631:,E;3l;;,l.eri5,ij
720 5693 876 5803 T:3").
903 5694 971 5752 Μ.
1005 5700 1062 5753 τ’)
1098 5699 1204 5771 γὰρ
1236 5698 1343 5754 ἀπὸ
1374 5699 1553 5755 κοινοῦ
1585 5700 1657 5773 ἔχε

1808 5742 1817 5755 .
1866 5714 1910 5778 ιι,
1926 5701 2004 5755 τό.
2048 5705 2191 5777 (mi
2220 5705 2457 5779 ἀψευδής
2486 5708 2601 5764 des.
2641 5708 2692 5763 in
2718 5708 2781 5764 C.
2819 5707 3025 5765 Monac.
3105 5716 3129 5746 ²
3158 5708 3219 5767 C.
3252 5707 3327 5766 Μ.

163 5751 377 5827 λλειπεν,
399 5763 463 5817 δι’
487 5751 568 5829 δίς
602 5767 695 5817 καὶ
720 5767 850 5827 τοῖς.
