3846 6188
200 268 291 335 ωδ
1011 262 1112 322 AD
1144 258 1745 322 AMPHILOCHIUM
1778 258 2127 331 QUIESTIO
2154 262 2353 325 XCIV.
2385 264 2550 327 XCV.

3336 282 3447 350 606

200 383 369 453 ὥσπερ
416 379 481 451 δή
514 376 689 433 ταῦτα
747 375 849 431 τοῦ
894 374 1328 448 προσλήμματος
1374 368 1476 444 ἦν,
1530 371 1592 424 οὑ
1656 368 1748 425 τοῦ

1857 370 1997 427 facta
2037 373 2440 444 disquisitione,
2490 378 2790 449 quidquam
2838 382 3068 456 invenit,
3112 388 3302 459 veluti,
3358 410 3446 451 tn-

200 474 368 534 ὶόγου·
418 470 559 523 οὕτω
615 469 711 522 καὶ
797 468 880 534 τὺ,
918 485 936 519 t
1007 466 1065 521 Ὀ
1127 466 1317 535 Πατήρ
1384 480 1489 533 μου
1546 462 1748 534 μείζων

202 561 287 635 μού
308 562 436 614 ἐστι’
470 577 489 610 ι
523 556 727 628 μεταξὺ
757 556 867 628 γὰρ
882 554 1108 607 ἐκείνων
1130 553 1311 618 τοῦτο,
1340 552 1434 606 καὶ
1450 551 1747 622 παραπλη-

202 654 313 715 σίως
352 650 531 713 αὐτοῖς
572 647 812 722 εἴρηται.
848 645 1004 709 Τινὲς
1032 644 1113 710 δὲ,
1155 643 1286 713 περ)⁵
1319 643 1418 713 μὲν
1447 641 1544 695 τοῦ
1573 640 1747 709 Λόγου

198 746 248 799 τὸ
280 744 451 815 μεῖζον
496 739 916 811 συνεχώρησανν
958 737 1058 807 οὑχ
1106 735 1297 799 ἁπλῶς
1339 734 1398 790 δὲ
1446 732 1610 788 τοῦτο
1654 731 1750 787 καὶ

197 839 301 892 κατ’
325 834 530 901 οὐσίαν,
560 833 676 888 ἀλλ’
711 832 870 903 εἴπερ
911 830 1060 886 ἐστὶν
1085 832 1119 901 ή
1151 828 1567 900 ὲνανθρώπησις
1605 826 1750 897 ἄκρα

196 931 399 990 κένωσις
429 928 524 979 καὶ
553 925 904 988 ταπείνωσς,
945 922 1068 977 καθ’
1100 922 1130 977 ὃ
1167 925 1474 976 κεκένωκεν
1506 919 1700 974 ἑαυτὸν
1720 920 1749 973 ὁ

195 1020 342 1087 Λόγος
357 1018 446 1070 καὶ
474 1016 810 1071 ἐταπείνωσε
840 1015 868 1055 δ
893 1034 911 1067 ι
940 1012 1153 1086 μορφὴν
1180 1012 1370 1066 δούλου
1398 1010 1647 1066 ὑπελθὼν
1662 1022 1741 1077 «³,»

195 1108 329 1178 δῆλον
348 1110 427 1161 ὃτι
460 1106 556 1160 τοῦ
583 1105 851 1177 μηδαμῶς
880 1106 1212 1169 ὑποστάντος
1252 1104 1351 1175 τὴν
1400 1103 1633 1157 κένωσιν
1655 1102 1750 1157 καὶ

195 1198 516 1261 ταπείνωσιν,
567 1198 878 1261 ἀκολούθως
928 1194 1128 1261 λέγοιτ’
1153 1197 1221 1250 ἂν
1264 1196 1326 1249 τὺ
1355 1196 1577 1249 ἔλαττον
1634 1195 1749 1248 ἀπ·

195 1292 522 1361 ενέγκασθαν
556 1293 615 1345 ὲν
643 1291 856 1361 μείζοσι
879 1290 990 1359 γὰρ
1027 1290 1347 1362 ὑπεροχαῖς,
1379 1288 1502 1343 κατ’
1530 1288 1663 1343 αὑτό
1684 1305 1749 1359 γε

192 1383 345 1447 τοῦτο,
375 1383 403 1435 ὁ
433 1382 704 1445 ἀκένωτος
731 1381 826 1435 τοῦ
856 1381 1231 1451 κεκενωμένου
1257 1381 1461 1452 μείζων
1507 1380 1626 1434 ἐστὶ
1652 1381 1748 1434 καὶ

194 1476 327 1546 ὁτῆς
370 1474 505 1538 ἰδίας
558 1473 835 1545 ὑπεροχῆς
872 1473 1037 1545 μηδὲν
1080 1474 1345 1542 καθαφεὶς
1374 1472 1424 1540 ά,
1460 1471 1556 1526 τοῦ
1588 1471 1749 1544 μέχρι

193 1568 274 1623 καὶ
316 1568 420 1621 τῶν
462 1566 850 1621 ὲπονειδίστων
904 1565 1117 1632 παθῶν,
1161 1564 1420 1637 σταυροῦ,
1455 1565 1620 1636 φημὶ,
1654 1566 1751 1618 καὶ

194 1662 397 1716 θανάτου
415 1659 793 1729 διεληλυθότος
815 1659 916 1730 τῆς
938 1659 1282 1730 ἀνθρωπίνης
1299 1659 1533 1726 φύσεως.
1564 1659 1749 1713 Ἐκδέ-

1854 478 2018 533 quam
2058 465 2174 520 haec
2210 466 2277 520 ad
2323 479 2663 538 assumptam
2710 489 2930 531 carnem
2960 481 3296 550 referuntur,
3330 502 3442 542 non

1854 567 2036 610 autem
2080 557 2148 610 ad
2183 558 2430 625 verbum,
2470 560 2551 616 sic
2598 572 2651 617 et
2688 564 2837 630 illud,
2876 586 2894 620 ι
2933 568 3093 626 Pater
3149 590 3303 632 meus
3355 594 3443 632 me

1853 642 2033 712 major
2081 651 2184 709 est,
2219 664 2236 696 ι
2284 647 2424 702 inter
2476 650 2622 706 enim
2674 656 2930 724 superius
2994 662 3219 719 recitata
3270 664 3441 723 simili

1855 735 2018 790 modo
2068 738 2344 806 prolatum
2388 751 2442 796 et
2481 741 2586 798 hoc
2616 746 2837 801 dicitur.
2866 749 3101 815 Quidam
3157 757 3324 812 etiam
3370 762 3440 817 de

1855 825 2037 882 Verbo
2065 833 2376 886 concedunt
2403 833 2558 901 illud,
2592 837 2765 906 major
2798 856 2905 895 non
2951 853 3133 899 autem
3180 848 3442 921 simplici-

1856 925 1958 983 ter,
1992 920 2073 973 vel
2122 927 2422 981 secundum
2470 928 2831 986 substantiam
2866 949 2881 986 :
2922 936 3015 990 sed
3056 938 3100 992 si
3136 920 3441 1011 incarnatio

1856 1011 2020 1068 fuerit
2058 1031 2271 1070 summa
2317 1020 2616 1078 exinanitio
2653 1032 2707 1079 ct
2758 1026 3085 1097 humiliatio,
3136 1036 3438 1092 secundum

1854 1120 2020 1175 quam
2055 1112 2338 1165 cvacuavit
2379 1128 2436 1168 se
2472 1113 2710 1171 Verbum
2754 1129 2808 1174 et
2850 1121 3157 1179 Itumiliavit
3192 1144 3207 1181 :
3249 1146 3267 1179 ι
3304 1128 3442 1185 Foi--

1855 1212 2000 1252 mam
2032 1200 2172 1254 servi
2210 1201 2441 1259 inducns
2468 1206 2535 1271 θ’,
2574 1227 2591 1258 ο
2629 1220 2775 1279 patet
2809 1213 2957 1282 quod
2988 1215 3135 1272 illius
3174 1219 3272 1286 rei,
3319 1236 3441 1290 qua:

1856 1291 2005 1347 nullo
2038 1294 2202 1348 modo
2232 1296 2707 1363 substet-uehatur,
2742 1310 3026 1363 evacuatio
3051 1320 3104 1364 et
3139 1313 3443 1370 humiiiatio

1855 1396 2250 1455 consequenter
2314 1390 2530 1445 dicatur
2585 1395 2957 1452 minoritatem
3017 1402 3328 1470 retulisse;
3385 1405 3438 1457 in

1856 1481 2160 1553 majoribus
2184 1482 2328 1537 enim
2346 1485 2710 1553 excellentiis,
2745 1491 2836 1560 qui
2869 1494 3171 1548 vacuabilis
3192 1512 3297 1551 non
3333 1508 3438 1557 est,

1856 1574 2032 1646 major
2060 1585 2144 1631 est
2186 1592 2352 1645 quam
2390 1576 2435 1631 is
2470 1579 2563 1648 qui
2596 1592 2931 1651 evacuatur;
2965 1594 3017 1640 et
3065 1588 3157 1657 qui
3203 1588 3339 1644 nihil
3373 1590 3440 1645 de

1857 1688 1956 1727 sua
1991 1672 2325 1727 sublimitate
2369 1673 2618 1739 remittit,
2672 1675 2848 1745 major
2898 1687 2982 1732 est
3024 1694 3088 1735 eo
3127 1680 3215 1749 qui
3244 1680 3327 1734 vel
3369 1681 3437 1735 ad

194 1755 322 1820 ξαιτο
344 1754 388 1807 δ’
415 1755 482 1809 ἄν
510 1770 593 1816 τις
622 1754 723 1806 οὑκ
749 1751 1057 1815 ἀπεικότως
1079 1754 1175 1805 καὶ
1201 1751 1338 1823 πρὸς
1370 1751 1469 1822 τὴν
1501 1751 1612 1804 τῶν
1645 1768 1748 1821 μα.-

1853 1778 2028 1833 nsque
2064 1764 2450 1835 despectabilia
2496 1765 2780 1821 descendit
2821 1768 3155 1834 sull‘erenda,
3192 1789 3436 1837 erucem,

193 1843 346 1914 θητῶν
399 1843 640 1896 διάνοιαν
693 1841 946 1912 εἰρῆσθαι
989 1841 1081 1894 τὸν
1121 1840 1304 1911 λόγον·
1340 1842 1465 1895 ἐπεὶ
1507 1842 1617 1913 γὰρ
1664 1841 1744 1895 ἔτι

191 1932 369 1995 ἀτελῶς
394 1924 544 1985 οὗτοι
576 1930 848 1984 διέκειντο
892 1930 1021 2000 περὶ
1070 1930 1162 1983 τὸν
1192 1929 1325 1984 Θεὸν
1359 1930 1457 1985 καὶ
1490 1930 1747 1984 διδάσκα-

190 2024 285 2089 λον,
312 2022 532 2094 μείζονά
559 2039 619 2075 τε
664 2020 846 2091 πολλῷ
893 2021 984 2074 τὸν
1015 2022 1242 2093 Πατέρα
1266 2021 1518 2093 ἐνόμιζον
1538 2037 1552 2052 ·
1588 2010 1747 2076 τοῦτο

194 2114 278 2182 μὲν
305 2112 406 2165 τῶν
432 2110 749 2166 Μωσαῖκῶν
783 2109 965 2181 νόμων
988 2110 1416 2180 ἐμφανέστερον,
1447 2110 1631 2174 αὑτοῖς
1656 2110 1747 2164 τὶν

192 2203 382 2275 Πατέρα
407 2204 442 2275 ἢ
471 2203 564 2257 τὸν
595 2202 723 2255 Υίὺν
773 2200 1292 2271 καταγγελλόντων⁸
1322 2199 1483 2254 τοῦτο
1511 2200 1570 2254 δὲ
1598 2211 1622 2239 ε
1650 2200 1745 2254 τοῦ

191 2295 415 2365 Σωτῆρος
440 2294 576 2348 ,ἄνω
607 2293 703 2347 καὶ
732 2292 884 2347 κάτω
928 2293 1388 2363 περιστρέφοντος
1435 2292 1618 2356 αὑτοῖς
1655 2291 1748 2345 τδν

191 2388 401 2458 Πατέρα.
445 2386 601 2440 Ἐπεὶ
632 2385 724 2440 οὖν
748 2384 977 2455 τοιαύτη
1007 2401 1092 2447 τις
1126 2384 1311 2447 αὑτοῖς
1336 2384 1690 2455 ἐνεστήρικτο
1708 2383 1743 2454 ή

190 2480 296 2545 δόξα
314 2481 423 2547 (διὰ
441 2480 551 2551 γὰρ
571 2479 731 2534 τοῦτο
759 2478 853 2532 καὶ
881 2478 1090 2547 ἔλεγον,
1130 2496 1149 2529 t
1172 2478 1359 2545 Δεῖξον
1378 2478 1509 2548 ἡμῖν
1536 2477 1629 2531 τὸν
1646 2478 1750 2530 Πα⁸

186 2573 320 2643 τέρα,
333 2574 431 2627 καὶ
440 2572 601 2644 ἀρκεῖ
611 2574 745 2643 ἡμῖν
764 2590 781 2623 ι
792 2573 834 2639 ),
849 2571 983 2642 πρὸς
994 2569 1093 2643 τήν
1106 2570 1329 2623 ἐκείνων
1341 2568 1610 2640 ὑπόληψιν
1623 2569 1751 2622 ἀπο-

186 2666 470 2737 τεινόμενος
489 2666 729 2729 ἵσταται,
755 2662 996 2717 τοιοῦτόν
1021 2660 1494 2731 τιλέγων,‹ιὺτοὺς
1523 2660 1541 2699 ί
1568 2660 1750 2730 ἀσύμ-

188 2776 319 2829 φωνα
332 2761 456 2823 ταῖς
474 2757 622 2828 σφῶν
636 2755 948 2828 ὁμολογίαις
964 2754 1410 2825 διαπράττεσθαι,
1430 2754 1574 2823 λύπῃ
1593 2751 1753 2805 διδόν-

186 2852 510 2917 τεςέαυτοὺς,
533 2869 551 2903 ι
567 2851 761 2904 Ὅτιπε
768 2866 801 2919 ρ
817 2848 975 2918 ἔφην’
994 2847 1302 2919 Πορεῠομαι
1322 2847 1459 2919 πρὸς
1474 2846 1565 2899 τὸν
1586 2845 1754 2899 Πατέ-

190 2959 265 3011 ρα.
288 2961 303 2993 ι
321 2943 501 3013 Εἱγὰρ
511 2943 764 3013 ἠγαπᾶτέ
784 2957 874 3012 με,
891 2941 1039 2994 δοκεῖ
1052 2941 1110 2995 δὲ
1132 2941 1263 3011 ὑμῖν
1278 2940 1372 2993 καὶ
1390 2938 1594 3010 μείζων
1610 2932 1747 2991 εἶναι

188 3033 213 3084 ὁ
231 3035 427 3105 Πατήρ,
442 3036 659 3106 χαίρειν
676 3035 822 3105 ὑμᾶς
844 3033 972 3099 ἔδει,
990 3034 1124 3087 διότι
1140 3034 1278 3107 πρὸς
1292 3035 1383 3088 τὸν
1409 3033 1629 3105 μείζονα
1650 3051 1752 3087 πο-

1846 1859 1969 1914 dico
2002 1869 2056 1913 et
2097 1869 2352 1922 mortem,
2383 1875 2505 1929 quae
2543 1872 2738 1916 natura
2770 1862 2972 1918 subivit
3018 1866 3256 1921 humana
3288 1885 3302 1921 :
3343 1869 3437 1922 sed

1845 1962 1900 2005 et
1931 1952 2141 2022 Opinari
2172 1952 2297 2023 quis
2345 1954 2543 2023 poterit
2600 1970 2700 2010 nec
2737 1956 3191 2027 improbabiliter,
3231 1960 3435 2014 dictum

1849 2043 2020 2101 fuisse
2048 2045 2115 2099 de
2147 2056 2328 2100 mente
2361 2046 2759 2117 discipulorum
2793 2068 2806 2104 :
2840 2059 2998 2104 erant
3029 2052 3229 2106 etenim
3262 2052 3442 2108 adhuc

1848 2136 1924 2191 illi
1966 2136 2291 2207 imperfecti,
2336 2154 2435 2193 nec
2468 2139 2536 2194 de
2575 2142 2839 2211 magistro
2868 2158 2989 2206 suo,
3020 2152 3077 2197 ut
3100 2143 3168 2197 de
3211 2143 3324 2198 Deo
3346 2162 3440 2200 cu-

1848 2229 2112 2301 gitabant,
2144 2231 2315 2284 multo
2340 2240 2525 2286 autem
2565 2232 2830 2302 majorem
2871 2234 3042 2289 Deum
3082 2236 3298 2290 Patrem
3348 2254 3442 2291 eo-

1850 2320 2118 2389 gitabant,
2151 2322 2425 2392 praecipue
2463 2338 2588 2377 cum
2624 2323 2859 2379 Mosaica
2885 2325 2968 2380 lex
3002 2329 3177 2380 multo
3202 2328 3442 2398 explica-

1849 2412 1960 2469 tius
1987 2413 2205 2466 Patrem
2228 2429 2391 2483 quam
2417 2413 2613 2469 Filium
2656 2416 2789 2485 ipsis
2814 2416 3052 2473 insinuet
3083 2437 3098 2474 :
3130 2428 3182 2473 et
3215 2420 3441 2489 ipsemet.

1851 2503 2110 2559 Servatur
2142 2504 2356 2559 Patrem
2384 2507 2527 2576 apud
2557 2522 2651 2561 eos
2691 2508 3049 2564 mtdtil’ariam
3092 2511 3439 2580 przcdicaret.

1850 2593 2117 2662 Quocirca
2147 2596 2291 2665 apud
2337 2595 2486 2665 ipsos
2513 2613 2634 2652 cum
2678 2598 2792 2653 haec
2840 2600 3027 2669 Opinio
3076 2600 3370 2668 obtineret,
3406 2618 3438 2657 ο

1850 2698 1957 2753 qua
2007 2683 2234 2752 profecti
2284 2684 2535 2740 dicebant
2564 2704 2579 2739 :
2613 2704 2633 2738 ι
2672 2685 2908 2742 Ostende
2947 2688 3104 2743 nobis
3139 2689 3353 2743 Patrem
3383 2697 3439 2745 et

1851 2774 2052 2830 sullicit.
2085 2776 2243 2831 nobis
2265 2776 2333 2831 ⁸².
2375 2795 2394 2829 ι
2436 2776 2587 2831 Hane
2631 2778 2850 2833 illorum
2905 2781 3216 2849 opinionem
3266 2782 3442 2852 respi-

1849 2865 2002 2920 ciens
2039 2865 2185 2918 sistit
2239 2880 2298 2920 se
2344 2881 2444 2921 nec
2493 2868 2879 2937 progreditur;
2918 2870 3011 2924 sed
3068 2879 3277 2925 tantum
3326 2889 3437 2927 non

1852 2958 2009 3024 dixit,
2060 2973 2252 3027 parum
2296 2968 2663 3014 consentanea
2696 2960 2850 3035 vobis
2891 2961 3024 3031 ipsis
3073 2963 3233 3033 agitis
3262 2972 3315 3017 et
3345 2980 3441 3019 ve-

1854 3059 1983 3106 strae
2011 3050 2277 3121 opinioni,
2310 3052 2439 3105 dum
2472 3052 2705 3107 tristitiae
2734 3067 2833 3108 vos
2863 3054 3099 3119 traditis,
3137 3074 3155 3107 ι
3194 3072 3262 3110 eo
3290 3057 3437 3127 quod

191 3130 401 3200 ρεύομαι
422 3147 435 3161 ·
461 3130 655 3185 τοῦτον
676 3131 786 3202 γὰρ
802 3131 895 3184 καὶ
911 3131 1043 3201 ὑμῖν
1057 3130 1173 3199 εἴγε
1194 3131 1354 3202 μόνον
1375 3130 1741 3203 ὑποδείξαιμι,

1852 3142 2108 3209 dixerim,
2150 3142 2293 3196 vado
2319 3142 2386 3195 ad
2424 3142 2634 3198 Patrem
2666 3146 2737 3209 ⁸³,
2772 3164 2790 3197 ι
2819 3145 2864 3200 si
2895 3161 2982 3200 me
3021 3147 3342 3219 diligeretis,
3383 3160 3439 3205 et

189 3223 294 3277 ἀντὶ
330 3225 547 3278 πάντων
573 3223 890 3293 ἐξαρκέσειν
922 3223 1270 3279 διετείνεσθε.
1316 3223 1602 3296 Ἀλλὰγὰρ
1649 3223 1745 3279 καὶ

189 3312 525 3384 κατὰταύτην
549 3314 650 3384 τὴν
683 3314 949 3379 διάνοιαν,
970 3314 1191 3385 μείζονα
1224 3313 1477 3385 λελέχθαι
1506 3314 1598 3368 τὸν
1630 3317 1746 3370 Πα-

1849 3231 1896 3288 si
1936 3249 2125 3289 revera
2152 3234 2414 3304 majorem
2446 3251 2534 3291 me
2558 3234 2774 3291 Patrem
2804 3237 3167 3307 arbitramini,
3200 3242 3439 3310 gaudere

1847 3326 2035 3396 potius
2066 3324 2358 3392 deberetis,
2385 3328 2512 3398 quia
2548 3328 2689 3383 vado
2742 3328 2810 3383 ad
2860 3329 3075 3386 Patrem
3122 3348 3302 3387 meum
3349 3349 3439 3388 me

186 3403 303 3476 τέρα
316 3406 464 3476 παρὰ
474 3405 568 3459 τοῦ
582 3407 738 3473 Υίοῦ,
755 3407 888 3471 εἴτις
904 3407 1202 3478 ἑκδέχοιτο,
1222 3410 1322 3461 οὑκ
1335 3407 1403 3462 ἂν
1418 3408 1745 3480 ἀπενεχθείη

1852 3424 2135 3493 majorem.
2176 3420 2334 3478 llunc
2365 3424 2408 3479 si
2442 3440 2540 3494 ego
2574 3425 2729 3479 vobis
2763 3426 3053 3480 ostendere
3102 3436 3310 3481 tantum
3348 3443 3440 3481 ve-

186 3499 270 3551 τοῦ
316 3501 640 3570 πρέποντος.
698 3500 865 3554 Οὐδὲν
911 3500 969 3554 δὲ
1025 3501 1156 3564 ῐσως
1206 3500 1407 3555 κωλύει
1454 3501 1548 3555 καὶ⁵
1596 3502 1748 3571 ῥῆμα

1852 3516 1969 3581 lim,
2000 3516 2228 3572 omnino
2267 3515 2625 3571 suﬂecturum
2661 3518 2812 3573 vobis
2839 3517 2906 3571 ad
2948 3518 3129 3572 omnia
3161 3520 3457 3585 diceretis;

188 3590 328 3645 τοῦτο
345 3592 639 3647 ὑπολαϐεῖν
659 3592 1145 3662 συγκαταὸάσεως,
1175 3593 1264 3647 διὰ
1282 3594 1381 3666 τὴν
1402 3594 1515 3648 τῶν
1544 3594 1748 3665 ἀκροα-

1852 3606 2007 3675 Quod
2042 3607 2089 3663 si
2112 3623 2240 3663 vero
2285 3609 2443 3676 juxta
2491 3624 2713 3664 sensum
2758 3611 2921 3664 istum
2971 3612 3240 3680 putaverit
3286 3613 3438 3681 quis-

190 3684 284 3738 τῶν
311 3684 595 3739 ἀσθένειαν
648 3684 1122 3755 ἐσχηματισμένον
1176 3685 1313 3755 πρὸς
1341 3684 1404 3737 τὸ
1428 3686 1747 3762 ταπεινότε-

1852 3716 2041 3772 quam,
2081 3719 2101 3753 ‹
2146 3701 2361 3756 Patrem
2409 3703 2613 3756 dictum
2654 3702 2917 3772 majorem
2944 3701 3105 3765 Filio,
3151 3722 3170 3755 ι
3210 3719 3240 3757 a
3296 3704 3435 3759 bona

193 3792 304 3844 ρονο
332 3775 444 3830 ἔστι
490 3778 602 3849 γὰρ
633 3775 805 3847 πολλὴ
844 3778 870 3818 ⁸
903 3777 999 3831 καὶ
1045 3776 1156 3832 τῶν
1203 3775 1459 3831 τοιούτων
1513 3775 1748 3847 λόγωνή

1852 3791 2231 3848 convenientia
2258 3808 2365 3847 non
2390 3794 2648 3847 deviabit.
2668 3792 2813 3847 Nihil
2848 3809 3012 3864 porro
3042 3795 3269 3864 impedit
3292 3798 3436 3851 hanc

190 3868 451 3940 οίκονομία
504 3870 601 3922 ἐπὶ
654 3868 840 3940 κέρδει
868 3870 964 3923 καὶ
999 3869 1248 3941 σωτηρίᾳ
1276 3869 1387 3922 τῶν
1426 3868 1496 3923 τὰ
1538 3867 1747 3923 τελειό-

189 3973 308 4029 τερα
367 3961 534 4032 μήπω
609 3960 800 4030 φέρειν
868 3959 1219 4028 δυναμένωνο
1276 3959 1466 4029 ὥσπερ
1518 3959 1614 4013 καὶ
1664 3959 1747 4025 τὸ,

194 4067 212 4100 ι
231 4050 511 4124 Ἐρωτήσω
532 4053 627 4106 τδν
659 4053 901 4124 Πατέρα,
927 4054 1023 4107 καὶ
1051 4052 1210 4108 ἄλλον
1231 4054 1585 4126 Παράκλητον
1605 4055 1750 4124 πέμ-

190 4142 271 4211 ψει
290 4159 303 4173 °
326 4163 345 4196 ι
366 4146 508 4211 καὶ,‹
536 4145 860 4216 Εὑχαριστῶ
878 4161 982 4210 σοι,
1000 4144 1082 4198 ὃτι
1099 4144 1330 4198 πάντοτέ
1347 4162 1451 4215 μου
1466 4144 1705 4213 ἀκούεις,
1726 4162 1745 4194 ι

192 4236 274 4288 καὶ
303 4238 462 4307 μυρία
518 4238 677 4292 ἄλλα.
714 4235 884 4290 Πόθεν
934 4232 1027 4289 οὖν
1072 4235 1253 4307 δῆλον,
1277 4237 1360 4289 ὅτι
1406 4236 1582 4289 ταῦτα
1616 4237 1752 4305 πρὸς

1850 3898 2039 3937 vocem
2070 3898 2167 3953 per
2198 3883 2638 3939 condescentiam
2686 3885 2955 3951 adhiberi,
3004 3894 3059 3940 et
3100 3886 3167 3939 ad
3208 3886 3435 3941 humili-

1854 3986 2022 4030 tatem
2063 3974 2465 4030 cont‘ormatam
2504 3985 2726 4047 propter
2779 3977 3094 4031 auditorum
3146 3978 3435 4032 inﬁrmita-

1855 4075 1984 4121 tem.
2020 4065 2301 4136 Multiplex
2329 4068 2475 4122 enim
2517 4067 2807 4136 dispositio
2858 4068 3170 4123 istiusmodi
3228 4070 3436 4123 oratio-

1854 4173 1985 4212 num
2050 4158 2298 4212 adhiberi
2362 4158 2523 4226 solet,
2575 4159 2643 4213 ad
2698 4161 3049 4214 commodum
3098 4168 3152 4214 et
3199 4161 3433 4216 salutem

1854 4264 2045 4302 eorum
2095 4249 2522 4317 procurandam,
2578 4250 2673 4319 qui
2728 4250 2969 4304 nondum
3006 4251 3147 4306 ferre
3205 4264 3438 4323 possunt

191 4328 278 4397 τὴν
294 4329 621 4385 ἀσθενοῦσαν
641 4328 811 4400 ἀκοήν
838 4328 1244 4400 ἐσχημάτισται
1262 4344 1278 4394 ;
1313 4327 1488 4391 Αὑτδς
1508 4330 1536 4381 ὁ
1558 4328 1748 4398 Σωτὴρ

1854 4339 2321 4394 consummatiora
2359 4358 2372 4394 :
2425 4340 2500 4394 uti
2554 4341 2687 4395 illud
2725 4359 2739 4396 :
2800 4360 2819 4392 ι
2862 4340 3087 4412 Rogabo
3110 4342 3351 4410 Patrem,
3382 4355 3439 4400 et

193 4424 378 4495 ήπηγὴ
403 4425 501 4497 τῆς
540 4424 756 4492 σορίας,
792 4423 1184 4500 καὶσυνέσεως
1213 4422 1449 4486 ἄϐυσσος
1485 4423 1533 4487 ιι,
1558 4423 1748 4475 ἑαυτὸν

1856 4428 2022 4482 alium
2057 4428 2396 4485 Paracletum
2426 4431 2576 4486 dabit
2597 4432 2846 4499 vobis“;
2874 4452 2892 4485 ι
2927 4444 2980 4488 et
3013 4452 3031 4485 ι
3071 4434 3288 4491 Gratias
3316 4436 3435 4501 tihi,

193 4514 485 4586 ἑρμηνεύων
505 4515 747 4579 ἐδίδαξεν
775 4514 946 4567 εἰπών
966 4530 981 4544 ·
1016 4532 1035 4566 t
1072 4513 1216 4582 Ἐγὼ
1241 4514 1298 4568 δὲ
1327 4514 1478 4585 ᾔδειν
1510 4514 1593 4567 ὃτι
1613 4512 1748 4565 πάν-

1856 4519 2035 4584 Pater,
2065 4535 2187 4588 ago,
2219 4522 2364 4593 quod
2395 4537 2614 4593 semper
2637 4541 2724 4579 me
2762 4536 2816 4580 et
2839 4526 3040 4594 ubique
3062 4528 3253 4583 audias
3282 4530 3328 4561 ⁸⁸
3356 4548 3371 4595 ;
3408 4550 3427 4583 ι

193 4609 298 4661 τοτέ
312 4626 408 4679 μου
433 4609 676 4675 ἀκούεις,
695 4609 833 4663 ἀλλὰ
860 4608 953 4662 διὰ
981 4608 1073 4661 τὸν
1098 4609 1256 4679 ὄχλον
1282 4610 1374 4661 τὸν
1405 4606 1748 4679 περιεστῶτα

1854 4618 1910 4665 et
1943 4611 2146 4667 similia
2191 4612 2369 4683 plura.
2422 4615 2525 4669 Sed
2563 4617 2707 4670 unde
2737 4619 3029 4683 constabit,
3060 4622 3203 4689 quod
3233 4622 3299 4676 ad
3334 4639 3438 4678 au-

194 4694 348 4765 εἷπον,
382 4703 468 4757 ἵνα
520 4702 891 4756 πιστεύσωσιν
943 4702 1026 4754 ὅτι
1081 4701 1144 4754 σύ
1204 4718 1272 4771 με
1337 4699 1689 4763 ἀπέστειλας.
1726 4719 1746 4753 ι

1855 4702 2095 4758 ditorum
2154 4705 2584 4761 imbecillitatem
2636 4709 2738 4763 ista
2791 4711 3209 4768 conﬁrmantur.
3275 4714 3437 4772 Certe

208 4791 346 4848 Ἀλλὰ
389 4796 494 4867 γὰρ
538 4794 662 4848 κατ’
698 4793 994 4863 ἐπιστολὴν
1025 4792 1418 4865 ἀποχρώντως,
1455 4787 1634 4863 οἶμαι,
1664 4793 1748 4847 σοὶ

1855 4794 2077 4865 quidem
2136 4795 2414 4864 Servator,
2458 4798 2582 4854 fons
2609 4800 2728 4872 jugi
2781 4803 3083 4872 sapientiae,
3121 4813 3173 4859 et
3235 4808 3438 4865 intelli-

198 4880 297 4953 ἔχει
324 4886 413 4940 τοῦ
443 4885 774 4958 ζητηθέντος
798 4885 899 4956 τὴν
928 4886 1186 4955 μάθησιν.

1857 4888 2055 4959 gentia!
2089 4889 2346 4960 abyssus,
2399 4892 2581 4962 ipsum
2639 4908 2699 4947 se
2730 4896 3048 4963 explanatis,
3100 4898 3150 4953 id
3208 4915 3305 4970 per
3333 4902 3437 4959 ista

198 4973 331 5031 docet
362 4996 376 5033 :
409 4998 425 5031 ι
461 4980 577 5050 Ego
602 4988 789 5033 autem
862 4978 999 5043 scio,
1036 4976 1185 5047 quod
1244 4991 1330 5032 me
1374 4992 1593 5049 semper
1640 4978 1820 5046 audis,
1862 4982 1959 5037 sed
1990 4994 2214 5053 propter
2260 4986 2475 5037 turbam
2526 4985 2975 5040 circumstantem
3025 4987 3137 5043 dixi
3170 5006 3185 5045 :
3214 4991 3285 5047 Ut
3318 5009 3443 5048 cre-

201 5067 308 5124 dant
332 5070 454 5142 quia
484 5072 686 5129 misisti
752 5087 859 5126 me.
888 5074 1108 5141 iAtque
1167 5070 1244 5125 ita
1306 5068 1646 5126 sufﬁcienter
1698 5071 1891 5138 habes,
1925 5082 1985 5130 ut
2015 5090 2113 5146 per
2148 5075 2455 5145 epistolam,
2491 5076 2813 5147 quaestionis
2866 5093 2895 5132 a
2943 5087 2994 5133 te
3048 5082 3238 5150 posita:
3288 5085 3439 5141 Solu-

201 5164 396 5223 tionem.

258 5348 298 5382 “
334 5352 557 5427 Philipp.
608 5371 671 5424 ιι,
715 5353 773 5407 7.
849 5355 895 5389 ⁵²
929 5353 1086 5411 Joan.
1119 5368 1229 5422 xw,
1259 5351 1313 5421 8,
1390 5350 1436 5384 "
1461 5348 1619 5411 Joan.
1654 5371 1764 5422 τινι,
1804 5355 1856 5411 6.
1933 5356 1981 5389 ⁸⁸
2016 5355 2177 5414 Joan.
2218 5376 2333 5429 xxv,
2370 5357 2454 5414 16.
2531 5358 2577 5390 ⁵⁸
2610 5359 2771 5420 Joan.
2805 5380 2883 5432 χι,
2917 5365 3008 5421 42.

1459 5512 1696 5569 νΛΠΙίΕ
1728 5514 2135 5575 LECTIONES.

298 5667 401 5746 b_C_.
439 5671 509 5746 bl».
537 5672 1079 5746 verane_{tht_zs.___"_
1102 5666 1264 5746 C._M.
1306 5668 1490 5746 add._6
1515 5669 1808 5746 δεσπρτης.
1923 5669 2140 5746 d_C.7M.
2173 5684 2321 5732 recte
2349 5675 2634 5746 καθυφείς.
2750 5687 2774 5714 ε
2802 5675 2913 5729 καί.

301 5677 395 5724 "U.
441 5677 509 5728 bl.
537 5677 932 5729 τεταπείνωκε.
1045 5682 1066 5706 ⁸
1102 5677 1165 5728 U.
1192 5677 1264 5723 Μ.
1306 5677 1431 5724 add.
1461 5677 1490 5722 ὸ
1515 5677 1808 5742 δεσπότης.
1923 5677 1950 5714 ἀ
1971 5677 2036 5731 C.
2068 5677 2140 5730 M.
2173 5684 2321 5732 recte
2349 5677 2634 5746 καθυφείς.
2750 5687 2774 5714 ε
2802 5677 2913 5729 καί.
3032 5677 3051 5716 τ
3087 5678 3147 5738 C.
3181 5677 3251 5735 Μ.
3276 5694 3329 5734 τι
3353 5678 3442 5737 λέ·

209 5742 349 5801 τωνό
368 5742 568 5817 Σωτὴρ.
682 5746 707 5786 ε
734 5744 800 5808 C,
830 5742 901 5798 Μ.
940 5741 1041 5797 152
1068 5742 1122 5798 b.
1159 5740 1275 5795 ἐστι
1300 5740 1407 5810 γὰρ
1438 5739 1551 5797 ἔστι
1578 5741 1772 5814 πολλή.
1883 5746 1913 5790 ιι
1944 5744 2012 5812 Q.
2045 5745 2118 5804 Μ.
2148 5748 2244 5801 καὶ
2268 5749 2301 5817 ή
2343 5748 2442 5818 τῆς
2473 5747 2732 5817 γνώσεως
2760 5746 3017 5811 ἄϐυσσος.
