  <div class='ocr_page' id='page_1' title='image "/cluster/home/n/w/nwhite01/storage/ocr_20150623/101 pt.1/mdp.39015061955830/326.png"; bbox 0 0 3846 6188; ppageno 0'>
   <div class='ocr_carea' id='block_1_1' title="bbox 158 256 255 319">
    <p class='ocr_par' dir='ltr' id='par_1_1' title="bbox 158 256 255 319">
     <span class='ocr_line' id='line_1_1' title="bbox 158 256 255 319; baseline -0.021 0"><span class='ocrx_word' id='word_1_1' title='bbox 158 256 255 319; x_wconf 75' lang='lat'><strong>609</strong></span> 
     </span>
    </p>
   </div>
   <div class='ocr_carea' id='block_1_2' title="bbox 1065 246 2422 329">
    <p class='ocr_par' dir='ltr' id='par_1_2' title="bbox 1065 246 2422 329">
     <span class='ocr_line' id='line_1_2' title="bbox 1065 246 2422 329; baseline 0.006 -17"><span class='ocrx_word' id='word_1_2' title='bbox 1065 255 1156 315; x_wconf 74' lang='lat' dir='ltr'><strong>AD</strong></span> <span class='ocrx_word' id='word_1_3' title='bbox 1188 252 1780 317; x_wconf 85' lang='lat' dir='ltr'><strong>AMPHILOCHIUM</strong></span> <span class='ocrx_word' id='word_1_4' title='bbox 1809 253 2155 329; x_wconf 70' lang='lat' dir='ltr'><strong>QUIESTIO</strong></span> <span class='ocrx_word' id='word_1_5' title='bbox 2192 246 2422 321; x_wconf 70' lang='lat' dir='ltr'><strong>XCVII.</strong></span> 
     </span>
    </p>
   </div>
   <div class='ocr_carea' id='block_1_3' title="bbox 3281 251 3387 329">
    <p class='ocr_par' dir='ltr' id='par_1_3' title="bbox 3281 251 3387 329">
     <span class='ocr_line' id='line_1_3' title="bbox 3281 251 3387 329; baseline 0 0"><span class='ocrx_word' id='word_1_6' title='bbox 3281 251 3387 329; x_wconf 82' lang='lat'><strong>610</strong></span> 
     </span>
    </p>
   </div>
   <div class='ocr_carea' id='block_1_4' title="bbox 160 366 1711 445">
    <p class='ocr_par' dir='ltr' id='par_1_4' title="bbox 160 366 1699 441">
     <span class='ocr_line' id='line_1_4' title="bbox 160 366 1699 441; baseline -0.001 -17"><span class='ocrx_word' id='word_1_7' title='bbox 160 370 348 440; x_wconf 76' lang='grc' dir='ltr'><strong>ἐγράφη</strong></span> <span class='ocrx_word' id='word_1_8' title='bbox 374 368 431 420; x_wconf 89' lang='grc' dir='ltr'><strong>ἐν</strong></span> <span class='ocrx_word' id='word_1_9' title='bbox 454 368 569 430; x_wconf 87' lang='grc' dir='ltr'><strong>τοῖς</strong></span> <span class='ocrx_word' id='word_1_10' title='bbox 606 366 873 438; x_wconf 77' lang='grc' dir='ltr'><strong>οὐρανοῖς.</strong></span> <span class='ocrx_word' id='word_1_11' title='bbox 905 367 1038 431; x_wconf 73' lang='grc' dir='ltr'><strong>Καὶ,</strong></span> <span class='ocrx_word' id='word_1_12' title='bbox 1070 367 1256 424; x_wconf 75' lang='grc' dir='ltr'><strong>πολλοὶ</strong></span> <span class='ocrx_word' id='word_1_13' title='bbox 1298 368 1483 439; x_wconf 81' lang='grc' dir='ltr'><strong>ἐροῦσί</strong></span> <span class='ocrx_word' id='word_1_14' title='bbox 1518 387 1608 441; x_wconf 91' lang='grc' dir='ltr'><strong>μοι</strong></span> <span class='ocrx_word' id='word_1_15' title='bbox 1639 369 1699 423; x_wconf 86' lang='grc' dir='ltr'><strong>ἐν</strong></span> 
     </span>
    </p>
   </div>
   <div class='ocr_carea' id='block_1_5' title="bbox 1817 366 3385 445">
    <p class='ocr_par' dir='ltr' id='par_1_5' title="bbox 1817 369 3385 445">
     <span class='ocr_line' id='line_1_5' title="bbox 1817 369 3385 445; baseline 0.008 -22"><span class='ocrx_word' id='word_1_16' title='bbox 1817 369 2012 425; x_wconf 87' lang='lat' dir='ltr'><strong>.ionem</strong></span> <span class='ocrx_word' id='word_1_17' title='bbox 2042 369 2274 436; x_wconf 79' lang='lat' dir='ltr'><strong>inducit,</strong></span> <span class='ocrx_word' id='word_1_18' title='bbox 2305 371 2351 425; x_wconf 83' lang='lat' dir='ltr'><strong>si</strong></span> <span class='ocrx_word' id='word_1_19' title='bbox 2379 384 2489 425; x_wconf 91' lang='lat' dir='ltr'><strong>non</strong></span> <span class='ocrx_word' id='word_1_20' title='bbox 2522 384 2617 440; x_wconf 91' lang='lat' dir='ltr'><strong>per</strong></span> <span class='ocrx_word' id='word_1_21' title='bbox 2642 372 2995 429; x_wconf 69' lang='lat' dir='ltr'><strong>conscientia:</strong></span> <span class='ocrx_word' id='word_1_22' title='bbox 3020 374 3385 445; x_wconf 82' lang='lat' dir='ltr'><strong>dejectionem</strong></span> 
     </span>
    </p>
   </div>
   <div class='ocr_carea' id='block_1_6' title="bbox 157 457 1702 533">
    <p class='ocr_par' dir='ltr' id='par_1_6' title="bbox 157 457 1702 533">
     <span class='ocr_line' id='line_1_6' title="bbox 157 457 1702 533; baseline -0.002 -16"><span class='ocrx_word' id='word_1_23' title='bbox 157 463 320 533; x_wconf 74' lang='grc' dir='ltr'><strong>ἐκείνῃ</strong></span> <span class='ocrx_word' id='word_1_24' title='bbox 348 462 410 529; x_wconf 77' lang='grc' dir='ltr'><strong>τῇ</strong></span> <span class='ocrx_word' id='word_1_25' title='bbox 444 460 654 530; x_wconf 73' lang='grc' dir='ltr'><strong>ἡμέρᾳ,</strong></span> <span class='ocrx_word' id='word_1_26' title='bbox 689 459 769 513; x_wconf 83' lang='grc' dir='ltr'><strong>Οὐ</strong></span> <span class='ocrx_word' id='word_1_27' title='bbox 801 457 880 529; x_wconf 86' lang='grc' dir='ltr'><strong>τῷ</strong></span> <span class='ocrx_word' id='word_1_28' title='bbox 913 459 993 531; x_wconf 85' lang='grc' dir='ltr'>σῷ</span> <span class='ocrx_word' id='word_1_29' title='bbox 1021 459 1247 530; x_wconf 85' lang='grc' dir='ltr'><strong>ὀνόματι</strong></span> <span class='ocrx_word' id='word_1_30' title='bbox 1275 461 1535 532; x_wconf 82' lang='grc' dir='ltr'><strong>δυνάμεις</strong></span> <span class='ocrx_word' id='word_1_31' title='bbox 1574 461 1702 514; x_wconf 55' lang='grc' dir='ltr'><strong>πολι</strong></span> 
     </span>
    </p>
   </div>
   <div class='ocr_carea' id='block_1_7' title="bbox 157 544 1695 621">
    <p class='ocr_par' dir='ltr' id='par_1_7' title="bbox 157 544 1695 621">
     <span class='ocr_line' id='line_1_7' title="bbox 157 544 1695 621; baseline -0.001 -18"><span class='ocrx_word' id='word_1_32' title='bbox 157 552 241 614; x_wconf 76' lang='grc' dir='ltr'><strong>λὰς</strong></span> <span class='ocrx_word' id='word_1_33' title='bbox 273 548 628 620; x_wconf 74' lang='grc' dir='ltr'><strong>ἐποιήσαμενς</strong></span> <span class='ocrx_word' id='word_1_34' title='bbox 659 545 754 601; x_wconf 79' lang='grc' dir='ltr'><strong>καί</strong></span> <span class='ocrx_word' id='word_1_35' title='bbox 799 547 909 619; x_wconf 84' lang='grc' dir='ltr'><strong>ἐρῶ</strong></span> <span class='ocrx_word' id='word_1_36' title='bbox 952 550 1157 618; x_wconf 75' lang='grc' dir='ltr'><strong>αὐτοῖς,</strong></span> <span class='ocrx_word' id='word_1_37' title='bbox 1196 550 1309 604; x_wconf 84' lang='grc' dir='ltr'><strong>Οὐκ</strong></span> <span class='ocrx_word' id='word_1_38' title='bbox 1330 546 1448 605; x_wconf 78' lang='grc' dir='ltr'><strong>οῖδα</strong></span> <span class='ocrx_word' id='word_1_39' title='bbox 1484 544 1648 621; x_wconf 72' lang='grc' dir='ltr'><strong>ὑμᾶς.</strong></span> <span class='ocrx_word' id='word_1_40' title='bbox 1678 564 1695 601; x_wconf 77' lang='grc' dir='ltr'><strong>ι</strong></span> 
     </span>
    </p>
   </div>
   <div class='ocr_carea' id='block_1_8' title="bbox 157 638 1703 711">
    <p class='ocr_par' dir='ltr' id='par_1_8' title="bbox 157 638 1703 711">
     <span class='ocr_line' id='line_1_8' title="bbox 157 638 1703 711; baseline 0.003 -19"><span class='ocrx_word' id='word_1_41' title='bbox 157 641 243 694; x_wconf 71' lang='grc' dir='ltr'><strong>Διά</strong></span> <span class='ocrx_word' id='word_1_42' title='bbox 265 638 409 692; x_wconf 79' lang='grc' dir='ltr'><strong>τοῦτο</strong></span> <span class='ocrx_word' id='word_1_43' title='bbox 442 639 540 692; x_wconf 67' lang='grc' dir='ltr'><strong>καὶ</strong></span> <span class='ocrx_word' id='word_1_44' title='bbox 564 638 777 703; x_wconf 81' lang='grc' dir='ltr'><strong>Παῦλος</strong></span> <span class='ocrx_word' id='word_1_45' title='bbox 811 641 1136 711; x_wconf 76' lang='grc' dir='ltr'><strong>πειρασμοῖς</strong></span> <span class='ocrx_word' id='word_1_46' title='bbox 1162 658 1272 694; x_wconf 87' lang='grc' dir='ltr'><strong>τισι</strong></span> <span class='ocrx_word' id='word_1_47' title='bbox 1310 642 1564 695; x_wconf 81' lang='grc' dir='ltr'><strong>παλαίειν</strong></span> <span class='ocrx_word' id='word_1_48' title='bbox 1594 643 1703 711; x_wconf 84' lang='grc' dir='ltr'><strong>ἀφ-</strong></span> 
     </span>
    </p>
   </div>
   <div class='ocr_carea' id='block_1_9' title="bbox 157 729 1703 803">
    <p class='ocr_par' dir='ltr' id='par_1_9' title="bbox 157 729 1703 803">
     <span class='ocr_line' id='line_1_9' title="bbox 157 729 1703 803; baseline 0.001 -19"><span class='ocrx_word' id='word_1_49' title='bbox 157 732 297 795; x_wconf 85' lang='grc' dir='ltr'><strong>ίεται,</strong></span> <span class='ocrx_word' id='word_1_50' title='bbox 333 746 350 781; x_wconf 80' lang='grc' dir='ltr'><strong>ι</strong></span> <span class='ocrx_word' id='word_1_51' title='bbox 382 729 469 782; x_wconf 86' lang='grc' dir='ltr'><strong>ἴνα</strong></span> <span class='ocrx_word' id='word_1_52' title='bbox 502 729 599 799; x_wconf 82' lang='grc' dir='ltr'><strong>μὴ,</strong></span> <span class='ocrx_word' id='word_1_53' title='bbox 654 730 727 792; x_wconf 82' lang='grc' dir='ltr'><strong>ὡς</strong></span> <span class='ocrx_word' id='word_1_54' title='bbox 772 730 932 794; x_wconf 80' lang='grc' dir='ltr'><strong>αὑτός</strong></span> <span class='ocrx_word' id='word_1_55' title='bbox 974 746 1160 802; x_wconf 84' lang='grc' dir='ltr'><strong>φησιν,</strong></span> <span class='ocrx_word' id='word_1_56' title='bbox 1199 732 1566 803; x_wconf 83' lang='grc' dir='ltr'><strong>ὑπεραίρηται</strong></span> <span class='ocrx_word' id='word_1_57' title='bbox 1608 734 1703 787; x_wconf 77' lang='grc' dir='ltr'><strong>καὶ</strong></span> 
     </span>
    </p>
   </div>
   <div class='ocr_carea' id='block_1_10' title="bbox 155 821 1698 895">
    <p class='ocr_par' dir='ltr' id='par_1_10' title="bbox 155 821 1698 895">
     <span class='ocr_line' id='line_1_10' title="bbox 155 821 1698 895; baseline 0.001 -18"><span class='ocrx_word' id='word_1_58' title='bbox 155 825 247 877; x_wconf 79' lang='grc' dir='ltr'><strong>τῶν</strong></span> <span class='ocrx_word' id='word_1_59' title='bbox 270 821 660 891; x_wconf 77' lang='grc' dir='ltr'><strong>ἀποκαλύψεων</strong></span> <span class='ocrx_word' id='word_1_60' title='bbox 681 823 715 892; x_wconf 82' lang='grc' dir='ltr'>ἡ</span> <span class='ocrx_word' id='word_1_61' title='bbox 752 822 1051 895; x_wconf 76' lang='grc' dir='ltr'><strong>ὑπερϐολὴ,</strong></span> <span class='ocrx_word' id='word_1_62' title='bbox 1089 842 1108 874; x_wconf 73' lang='grc' dir='ltr'><strong>ι</strong></span> <span class='ocrx_word' id='word_1_63' title='bbox 1143 824 1213 878; x_wconf 79' lang='grc' dir='ltr'><strong>τὰ</strong></span> <span class='ocrx_word' id='word_1_64' title='bbox 1238 825 1386 895; x_wconf 78' lang='grc' dir='ltr'><strong>πάθη</strong></span> <span class='ocrx_word' id='word_1_65' title='bbox 1421 825 1698 893; x_wconf 87' lang='grc' dir='ltr'><strong>παιδαγω-</strong></span> 
     </span>
    </p>
   </div>
   <div class='ocr_carea' id='block_1_11' title="bbox 155 914 1703 986">
    <p class='ocr_par' dir='ltr' id='par_1_11' title="bbox 155 914 1703 986">
     <span class='ocr_line' id='line_1_11' title="bbox 155 914 1703 986; baseline 0.003 -19"><span class='ocrx_word' id='word_1_66' title='bbox 155 917 235 983; x_wconf 76' lang='grc' dir='ltr'><strong>γὸν</strong></span> <span class='ocrx_word' id='word_1_67' title='bbox 274 914 637 983; x_wconf 74' lang='grc' dir='ltr'><strong>ἐπιφέρουσα,</strong></span> <span class='ocrx_word' id='word_1_68' title='bbox 679 914 1089 986; x_wconf 82' lang='grc' dir='ltr'><strong>περιστέλλοιτό</strong></span> <span class='ocrx_word' id='word_1_69' title='bbox 1124 932 1184 968; x_wconf 82' lang='grc' dir='ltr'><strong>τε</strong></span> <span class='ocrx_word' id='word_1_70' title='bbox 1230 917 1323 970; x_wconf 75' lang='grc' dir='ltr'><strong>καὶ</strong></span> <span class='ocrx_word' id='word_1_71' title='bbox 1360 916 1703 971; x_wconf 85' lang='grc' dir='ltr'><strong>διακόπτοιτο</strong></span> 
     </span>
    </p>
   </div>
   <div class='ocr_carea' id='block_1_12' title="bbox 154 996 1701 1078">
    <p class='ocr_par' dir='ltr' id='par_1_12' title="bbox 154 996 1701 1078">
     <span class='ocr_line' id='line_1_12' title="bbox 154 996 1701 1078; baseline 0.002 -22"><span class='ocrx_word' id='word_1_72' title='bbox 154 1003 211 1056; x_wconf 68' lang='grc' dir='ltr'><strong>τὰ</strong></span> <span class='ocrx_word' id='word_1_73' title='bbox 239 1003 601 1073; x_wconf 74' lang='grc' dir='ltr'><strong>σκιρτήματα,</strong></span> <span class='ocrx_word' id='word_1_74' title='bbox 639 996 723 1066; x_wconf 74' lang='grc' dir='ltr'><strong>οἷς</strong></span> <span class='ocrx_word' id='word_1_75' title='bbox 753 1004 786 1072; x_wconf 82' lang='grc' dir='ltr'>ἡ</span> <span class='ocrx_word' id='word_1_76' title='bbox 829 1003 1147 1074; x_wconf 82' lang='grc' dir='ltr'><strong>ἀνθρωπίνη</strong></span> <span class='ocrx_word' id='word_1_77' title='bbox 1197 1005 1360 1075; x_wconf 83' lang='grc' dir='ltr'><strong>φύσις</strong></span> <span class='ocrx_word' id='word_1_78' title='bbox 1407 1006 1701 1078; x_wconf 77' lang='grc' dir='ltr'><strong>ἐκφέρεται</strong></span> 
     </span>
    </p>
   </div>
   <div class='ocr_carea' id='block_1_13' title="bbox 156 1092 1704 1168">
    <p class='ocr_par' dir='ltr' id='par_1_13' title="bbox 156 1092 1704 1168">
     <span class='ocr_line' id='line_1_13' title="bbox 156 1092 1704 1168; baseline 0.005 -21"><span class='ocrx_word' id='word_1_79' title='bbox 156 1094 273 1161; x_wconf 65' lang='grc' dir='ltr'><strong>πρὸς</strong></span> <span class='ocrx_word' id='word_1_80' title='bbox 304 1093 583 1162; x_wconf 85' lang='grc' dir='ltr'><strong>φυσίωσιν.</strong></span> <span class='ocrx_word' id='word_1_81' title='bbox 617 1094 682 1146; x_wconf 79' lang='grc' dir='ltr'><strong>Εἰ</strong></span> <span class='ocrx_word' id='word_1_82' title='bbox 708 1092 889 1162; x_wconf 80' lang='grc' dir='ltr'><strong>βούλει</strong></span> <span class='ocrx_word' id='word_1_83' title='bbox 913 1096 989 1160; x_wconf 86' lang='grc' dir='ltr'><strong>δὲ,</strong></span> <span class='ocrx_word' id='word_1_84' title='bbox 1021 1099 1116 1149; x_wconf 82' lang='grc' dir='ltr'><strong>καὶ</strong></span> <span class='ocrx_word' id='word_1_85' title='bbox 1147 1097 1236 1152; x_wconf 81' lang='grc' dir='ltr'><strong>ἵνα</strong></span> <span class='ocrx_word' id='word_1_86' title='bbox 1255 1100 1392 1168; x_wconf 83' lang='grc' dir='ltr'><strong>μετὰ</strong></span> <span class='ocrx_word' id='word_1_87' title='bbox 1412 1097 1585 1154; x_wconf 82' lang='grc' dir='ltr'><strong>ταῦτα</strong></span> <span class='ocrx_word' id='word_1_88' title='bbox 1605 1099 1704 1163; x_wconf 87' lang='grc' dir='ltr'><strong>τὰς</strong></span> 
     </span>
    </p>
   </div>
   <div class='ocr_carea' id='block_1_14' title="bbox 156 1185 1701 1263">
    <p class='ocr_par' dir='ltr' id='par_1_14' title="bbox 156 1185 1701 1263">
     <span class='ocr_line' id='line_1_14' title="bbox 156 1185 1701 1263; baseline 0.005 -25"><span class='ocrx_word' id='word_1_89' title='bbox 156 1185 366 1255; x_wconf 72' lang='grc' dir='ltr'><strong>φοϐερὰς</strong></span> <span class='ocrx_word' id='word_1_90' title='bbox 392 1186 609 1249; x_wconf 89' lang='grc' dir='ltr'><strong>ἐκείνας</strong></span> <span class='ocrx_word' id='word_1_91' title='bbox 627 1186 881 1252; x_wconf 79' lang='grc' dir='ltr'><strong>ἀπειλὰς,</strong></span> <span class='ocrx_word' id='word_1_92' title='bbox 906 1189 999 1241; x_wconf 69' lang='grc' dir='ltr'><strong>καὶ</strong></span> <span class='ocrx_word' id='word_1_93' title='bbox 1016 1190 1143 1253; x_wconf 80' lang='grc' dir='ltr'><strong>τοὺς</strong></span> <span class='ocrx_word' id='word_1_94' title='bbox 1158 1191 1389 1262; x_wconf 79' lang='grc' dir='ltr'><strong>πικροὺς</strong></span> <span class='ocrx_word' id='word_1_95' title='bbox 1406 1192 1701 1263; x_wconf 77' lang='grc' dir='ltr'><strong>διωγμοὺς,</strong></span> 
     </span>
    </p>
   </div>
   <div class='ocr_carea' id='block_1_15' title="bbox 155 1278 1703 1355">
    <p class='ocr_par' dir='ltr' id='par_1_15' title="bbox 155 1278 1703 1355">
     <span class='ocr_line' id='line_1_15' title="bbox 155 1278 1703 1355; baseline 0.006 -25"><span class='ocrx_word' id='word_1_96' title='bbox 155 1278 347 1341; x_wconf 75' lang='grc' dir='ltr'><strong>καὶτὰς</strong></span> <span class='ocrx_word' id='word_1_97' title='bbox 380 1279 583 1349; x_wconf 85' lang='grc' dir='ltr'><strong>μυρίας</strong></span> <span class='ocrx_word' id='word_1_98' title='bbox 618 1280 835 1349; x_wconf 81' lang='grc' dir='ltr'><strong>σφαγὰς</strong></span> <span class='ocrx_word' id='word_1_99' title='bbox 884 1282 941 1332; x_wconf 84' lang='grc' dir='ltr'><strong>ἐν</strong></span> <span class='ocrx_word' id='word_1_100' title='bbox 972 1281 1253 1354; x_wconf 82' lang='grc' dir='ltr'><strong>ἀκλονήτῳ</strong></span> <span class='ocrx_word' id='word_1_101' title='bbox 1278 1284 1461 1355; x_wconf 82' lang='grc' dir='ltr'><strong>φέρων</strong></span> <span class='ocrx_word' id='word_1_102' title='bbox 1480 1287 1510 1339; x_wconf 88' lang='grc' dir='ltr'><strong>ό</strong></span> <span class='ocrx_word' id='word_1_103' title='bbox 1539 1302 1703 1355; x_wconf 86' lang='grc' dir='ltr'><strong>κορυ-</strong></span> 
     </span>
    </p>
   </div>
   <div class='ocr_carea' id='block_1_16' title="bbox 156 1369 1705 1448">
    <p class='ocr_par' dir='ltr' id='par_1_16' title="bbox 156 1369 1705 1448">
     <span class='ocr_line' id='line_1_16' title="bbox 156 1369 1705 1448; baseline -0.008 -27"><span class='ocrx_word' id='word_1_104' title='bbox 156 1371 294 1436; x_wconf 81' lang='grc' dir='ltr'><strong>φαῖος</strong></span> <span class='ocrx_word' id='word_1_105' title='bbox 325 1369 413 1420; x_wconf 76' lang='grc' dir='ltr'><strong>καὶ</strong></span> <span class='ocrx_word' id='word_1_106' title='bbox 449 1369 736 1442; x_wconf 79' lang='grc' dir='ltr'><strong>ἀσαλεύτῳ</strong></span> <span class='ocrx_word' id='word_1_107' title='bbox 767 1371 845 1442; x_wconf 85' lang='grc' dir='ltr'><strong>τῷ</strong></span> <span class='ocrx_word' id='word_1_108' title='bbox 880 1373 1215 1442; x_wconf 80' lang='grc' dir='ltr'><strong>φρονήματι,</strong></span> <span class='ocrx_word' id='word_1_109' title='bbox 1255 1377 1337 1439; x_wconf 76' lang='grc' dir='ltr'><strong>εἰς</strong></span> <span class='ocrx_word' id='word_1_110' title='bbox 1382 1375 1569 1447; x_wconf 75' lang='grc' dir='ltr'><strong>θαῦμα</strong></span> <span class='ocrx_word' id='word_1_111' title='bbox 1605 1377 1705 1448; x_wconf 68' lang='grc' dir='ltr'><strong>τῆς</strong></span> 
     </span>
    </p>
   </div>
   <div class='ocr_carea' id='block_1_17' title="bbox 155 1457 1701 1531">
    <p class='ocr_par' dir='ltr' id='par_1_17' title="bbox 155 1457 1701 1531">
     <span class='ocr_line' id='line_1_17' title="bbox 155 1457 1701 1531; baseline 0.006 -21"><span class='ocrx_word' id='word_1_112' title='bbox 155 1457 462 1527; x_wconf 80' lang='grc' dir='ltr'><strong>Δεσποτικῆς</strong></span> <span class='ocrx_word' id='word_1_113' title='bbox 481 1459 793 1531; x_wconf 78' lang='grc' dir='ltr'><strong>συμμαχίας</strong></span> <span class='ocrx_word' id='word_1_114' title='bbox 813 1461 1201 1531; x_wconf 76' lang='grc' dir='ltr'><strong>προσκαλεῖται</strong></span> <span class='ocrx_word' id='word_1_115' title='bbox 1216 1464 1342 1526; x_wconf 87' lang='grc' dir='ltr'><strong>τοὺς</strong></span> <span class='ocrx_word' id='word_1_116' title='bbox 1355 1463 1701 1529; x_wconf 74' lang='grc' dir='ltr'><strong>κολάζονταςο</strong></span> 
     </span>
    </p>
   </div>
   <div class='ocr_carea' id='block_1_18' title="bbox 154 1548 1703 1623">
    <p class='ocr_par' dir='ltr' id='par_1_18' title="bbox 154 1548 1703 1623">
     <span class='ocr_line' id='line_1_18' title="bbox 154 1548 1703 1623; baseline 0.005 -22"><span class='ocrx_word' id='word_1_117' title='bbox 154 1548 502 1620; x_wconf 71' lang='grc' dir='ltr'><strong>καθορῶντας,</strong></span> <span class='ocrx_word' id='word_1_118' title='bbox 524 1551 616 1604; x_wconf 80' lang='grc' dir='ltr'><strong>τὸν</strong></span> <span class='ocrx_word' id='word_1_119' title='bbox 647 1551 751 1605; x_wconf 83' lang='grc' dir='ltr'><strong>ὑπὸ</strong></span> <span class='ocrx_word' id='word_1_120' title='bbox 781 1552 967 1622; x_wconf 84' lang='grc' dir='ltr'><strong>φωνῆς</strong></span> <span class='ocrx_word' id='word_1_121' title='bbox 988 1552 1281 1623; x_wconf 85' lang='grc' dir='ltr'><strong>παιδίσκης</strong></span> <span class='ocrx_word' id='word_1_122' title='bbox 1302 1554 1703 1621; x_wconf 85' lang='grc' dir='ltr'><strong>καταπεσόντα,</strong></span> 
     </span>
    </p>
   </div>
   <div class='ocr_carea' id='block_1_19' title="bbox 152 1640 1703 1718">
    <p class='ocr_par' dir='ltr' id='par_1_19' title="bbox 152 1640 1703 1718">
     <span class='ocr_line' id='line_1_19' title="bbox 152 1640 1703 1718; baseline 0.006 -25"><span class='ocrx_word' id='word_1_123' title='bbox 152 1640 301 1704; x_wconf 75' lang='grc' dir='ltr'><strong>οὕτως</strong></span> <span class='ocrx_word' id='word_1_124' title='bbox 327 1641 580 1713; x_wconf 82' lang='grc' dir='ltr'><strong>ἀκίνητον</strong></span> <span class='ocrx_word' id='word_1_125' title='bbox 612 1643 751 1713; x_wconf 69' lang='grc' dir='ltr'><strong>πρὸς</strong></span> <span class='ocrx_word' id='word_1_126' title='bbox 778 1643 1019 1699; x_wconf 83' lang='grc' dir='ltr'><strong>τοσαῦτα</strong></span> <span class='ocrx_word' id='word_1_127' title='bbox 1070 1645 1218 1716; x_wconf 81' lang='grc' dir='ltr'><strong>πάθη</strong></span> <span class='ocrx_word' id='word_1_128' title='bbox 1264 1646 1665 1718; x_wconf 80' lang='grc' dir='ltr'><strong>καθιστάμενον</strong></span> <span class='ocrx_word' id='word_1_129' title='bbox 1688 1664 1703 1679; x_wconf 89' lang='grc'><strong>·</strong></span> 
     </span>
    </p>
   </div>
   <div class='ocr_carea' id='block_1_20' title="bbox 1804 461 3387 531">
    <p class='ocr_par' dir='ltr' id='par_1_20' title="bbox 1804 461 3387 531">
     <span class='ocr_line' id='line_1_20' title="bbox 1804 461 3387 531; baseline 0.006 -16"><span class='ocrx_word' id='word_1_130' title='bbox 1804 461 1873 516; x_wconf 87' lang='lat' dir='ltr'><strong>ad</strong></span> <span class='ocrx_word' id='word_1_131' title='bbox 1942 461 2381 519; x_wconf 75' lang='lat' dir='ltr'><strong>moderationem</strong></span> <span class='ocrx_word' id='word_1_132' title='bbox 2447 461 2773 518; x_wconf 87' lang='lat' dir='ltr'><strong>deducatur.</strong></span> <span class='ocrx_word' id='word_1_133' title='bbox 2840 464 3113 531; x_wconf 84' lang='lat' dir='ltr'><strong>Quocirca</strong></span> <span class='ocrx_word' id='word_1_134' title='bbox 3167 469 3387 525; x_wconf 89' lang='lat' dir='ltr'><strong>dicebat</strong></span> 
     </span>
    </p>
   </div>
   <div class='ocr_carea' id='block_1_21' title="bbox 1805 552 3385 629">
    <p class='ocr_par' dir='ltr' id='par_1_21' title="bbox 1805 552 3385 629">
     <span class='ocr_line' id='line_1_21' title="bbox 1805 552 3385 629; baseline 0.006 -21"><span class='ocrx_word' id='word_1_135' title='bbox 1805 552 2102 609; x_wconf 79' lang='lat' dir='ltr'><strong>Salvator:</strong></span> <span class='ocrx_word' id='word_1_136' title='bbox 2168 571 2188 605; x_wconf 76' lang='grc' dir='ltr'><strong>ι</strong></span> <span class='ocrx_word' id='word_1_137' title='bbox 2253 552 2433 610; x_wconf 82' lang='lat' dir='ltr'><strong>Nolito</strong></span> <span class='ocrx_word' id='word_1_138' title='bbox 2485 553 2556 609; x_wconf 85' lang='lat' dir='ltr'><strong>ob</strong></span> <span class='ocrx_word' id='word_1_139' title='bbox 2615 554 2669 609; x_wconf 90' lang='lat' dir='ltr'><strong>id</strong></span> <span class='ocrx_word' id='word_1_140' title='bbox 2729 557 2987 625; x_wconf 86' lang='lat' dir='ltr'><strong>gaudere,</strong></span> <span class='ocrx_word' id='word_1_141' title='bbox 3048 561 3195 629; x_wconf 87' lang='lat' dir='ltr'><strong>quod</strong></span> <span class='ocrx_word' id='word_1_142' title='bbox 3227 563 3385 618; x_wconf 84' lang='lat' dir='ltr'><strong>vobis</strong></span> 
     </span>
    </p>
   </div>
   <div class='ocr_carea' id='block_1_22' title="bbox 1804 646 3386 717">
    <p class='ocr_par' dir='ltr' id='par_1_22' title="bbox 1804 646 3386 717">
     <span class='ocr_line' id='line_1_22' title="bbox 1804 646 3386 717; baseline 0.006 -17"><span class='ocrx_word' id='word_1_143' title='bbox 1804 646 2075 701; x_wconf 66' lang='lat' dir='ltr'><strong>damonis</strong></span> <span class='ocrx_word' id='word_1_144' title='bbox 2112 646 2500 717; x_wconf 74' lang='lat' dir='ltr'><strong>subiiciantur,</strong></span> <span class='ocrx_word' id='word_1_145' title='bbox 2541 646 2633 702; x_wconf 88' lang='lat' dir='ltr'><strong>sed</strong></span> <span class='ocrx_word' id='word_1_146' title='bbox 2664 649 2926 716; x_wconf 81' lang='lat' dir='ltr'><strong>quoniam</strong></span> <span class='ocrx_word' id='word_1_147' title='bbox 2954 651 3173 706; x_wconf 80' lang='lat' dir='ltr'><strong>nomina</strong></span> <span class='ocrx_word' id='word_1_148' title='bbox 3201 664 3386 709; x_wconf 86' lang='lat' dir='ltr'><strong>vestra</strong></span> 
     </span>
    </p>
   </div>
   <div class='ocr_carea' id='block_1_23' title="bbox 1805 728 3387 808">
    <p class='ocr_par' dir='ltr' id='par_1_23' title="bbox 1805 728 3387 808">
     <span class='ocr_line' id='line_1_23' title="bbox 1805 728 3387 808; baseline 0.004 -15"><span class='ocrx_word' id='word_1_149' title='bbox 1805 739 2008 808; x_wconf 88' lang='lat' dir='ltr'><strong>scripta</strong></span> <span class='ocrx_word' id='word_1_150' title='bbox 2045 740 2155 793; x_wconf 85' lang='lat' dir='ltr'><strong>sint</strong></span> <span class='ocrx_word' id='word_1_151' title='bbox 2186 739 2239 792; x_wconf 93' lang='lat' dir='ltr'><strong>in</strong></span> <span class='ocrx_word' id='word_1_152' title='bbox 2271 739 2446 795; x_wconf 73' lang='lat' dir='ltr'><strong>ctelis.</strong></span> <span class='ocrx_word' id='word_1_153' title='bbox 2508 738 2661 794; x_wconf 85' lang='lat' dir='ltr'><strong>Multi</strong></span> <span class='ocrx_word' id='word_1_154' title='bbox 2713 739 2845 794; x_wconf 91' lang='lat' dir='ltr'><strong>mihi</strong></span> <span class='ocrx_word' id='word_1_155' title='bbox 2899 728 3099 794; x_wconf 90' lang='lat' dir='ltr'><strong>dicturi</strong></span> <span class='ocrx_word' id='word_1_156' title='bbox 3152 752 3281 797; x_wconf 89' lang='lat' dir='ltr'><strong>sunt</strong></span> <span class='ocrx_word' id='word_1_157' title='bbox 3330 745 3387 799; x_wconf 91' lang='lat' dir='ltr'><strong>in</strong></span> 
     </span>
    </p>
   </div>
   <div class='ocr_carea' id='block_1_24' title="bbox 1804 829 3388 905">
    <p class='ocr_par' dir='ltr' id='par_1_24' title="bbox 1804 829 3388 905">
     <span class='ocr_line' id='line_1_24' title="bbox 1804 829 3388 905; baseline 0.003 -19"><span class='ocrx_word' id='word_1_158' title='bbox 1804 830 1897 886; x_wconf 88' lang='lat' dir='ltr'><strong>illa</strong></span> <span class='ocrx_word' id='word_1_159' title='bbox 1926 830 2016 885; x_wconf 88' lang='lat' dir='ltr'><strong>die</strong></span> <span class='ocrx_word' id='word_1_160' title='bbox 2038 849 2050 884; x_wconf 89' lang='lat'>:</span> <span class='ocrx_word' id='word_1_161' title='bbox 2074 829 2268 884; x_wconf 85' lang='lat' dir='ltr'><strong>Nonne</strong></span> <span class='ocrx_word' id='word_1_162' title='bbox 2299 831 2352 883; x_wconf 91' lang='lat' dir='ltr'><strong>in</strong></span> <span class='ocrx_word' id='word_1_163' title='bbox 2385 840 2477 886; x_wconf 92' lang='lat' dir='ltr'><strong>tuo</strong></span> <span class='ocrx_word' id='word_1_164' title='bbox 2509 832 2731 887; x_wconf 85' lang='lat' dir='ltr'><strong>nomine</strong></span> <span class='ocrx_word' id='word_1_165' title='bbox 2765 833 2995 888; x_wconf 85' lang='lat' dir='ltr'><strong>virtutes</strong></span> <span class='ocrx_word' id='word_1_166' title='bbox 3030 836 3232 889; x_wconf 90' lang='lat' dir='ltr'><strong>multas</strong></span> <span class='ocrx_word' id='word_1_167' title='bbox 3256 852 3388 905; x_wconf 92' lang='lat' dir='ltr'><strong>ope-</strong></span> 
     </span>
    </p>
   </div>
   <div class='ocr_carea' id='block_1_25' title="bbox 1804 920 3386 993">
    <p class='ocr_par' dir='ltr' id='par_1_25' title="bbox 1804 920 3386 993">
     <span class='ocr_line' id='line_1_25' title="bbox 1804 920 3386 993; baseline 0.003 -18"><span class='ocrx_word' id='word_1_168' title='bbox 1804 920 1907 975; x_wconf 85' lang='lat' dir='ltr'><strong>rati</strong></span> <span class='ocrx_word' id='word_1_169' title='bbox 1955 920 2186 975; x_wconf 82' lang='lat' dir='ltr'><strong>suinus?</strong></span> <span class='ocrx_word' id='word_1_170' title='bbox 2233 921 2298 975; x_wconf 89' lang='lat' dir='ltr'><strong>ad</strong></span> <span class='ocrx_word' id='word_1_171' title='bbox 2328 936 2466 990; x_wconf 88' lang='lat' dir='ltr'><strong>quos</strong></span> <span class='ocrx_word' id='word_1_172' title='bbox 2512 921 2763 977; x_wconf 90' lang='lat' dir='ltr'><strong>dicturus</strong></span> <span class='ocrx_word' id='word_1_173' title='bbox 2811 933 2955 989; x_wconf 86' lang='lat' dir='ltr'><strong>sum,</strong></span> <span class='ocrx_word' id='word_1_174' title='bbox 2991 925 3247 993; x_wconf 76' lang='lat' dir='ltr'><strong>Apagcte,</strong></span> <span class='ocrx_word' id='word_1_175' title='bbox 3278 941 3386 980; x_wconf 93' lang='lat' dir='ltr'><strong>non</strong></span> 
     </span>
    </p>
   </div>
   <div class='ocr_carea' id='block_1_26' title="bbox 1807 1011 3385 1083">
    <p class='ocr_par' dir='ltr' id='par_1_26' title="bbox 1807 1011 3385 1083">
     <span class='ocr_line' id='line_1_26' title="bbox 1807 1011 3385 1083; baseline 0.003 -18"><span class='ocrx_word' id='word_1_176' title='bbox 1807 1011 1932 1066; x_wconf 89' lang='lat' dir='ltr'><strong>novi</strong></span> <span class='ocrx_word' id='word_1_177' title='bbox 1958 1026 2057 1065; x_wconf 87' lang='lat' dir='ltr'><strong>vos</strong></span> <span class='ocrx_word' id='word_1_178' title='bbox 2084 1012 2151 1064; x_wconf 78' lang='lat'><strong>&quot;.</strong></span> <span class='ocrx_word' id='word_1_179' title='bbox 2198 1028 2216 1061; x_wconf 76' lang='grc' dir='ltr'><strong>ι</strong></span> <span class='ocrx_word' id='word_1_180' title='bbox 2271 1013 2451 1081; x_wconf 76' lang='lat' dir='ltr'><strong>Atque</strong></span> <span class='ocrx_word' id='word_1_181' title='bbox 2497 1012 2638 1067; x_wconf 90' lang='lat' dir='ltr'><strong>hanc</strong></span> <span class='ocrx_word' id='word_1_182' title='bbox 2675 1013 2746 1067; x_wconf 95' lang='lat' dir='ltr'><strong>ob</strong></span> <span class='ocrx_word' id='word_1_183' title='bbox 2794 1028 3019 1067; x_wconf 86' lang='lat' dir='ltr'><strong>causam</strong></span> <span class='ocrx_word' id='word_1_184' title='bbox 3055 1016 3385 1083; x_wconf 87' lang='lat' dir='ltr'><strong>permissum</strong></span> 
     </span>
    </p>
   </div>
   <div class='ocr_carea' id='block_1_27' title="bbox 1806 1102 3390 1174">
    <p class='ocr_par' dir='ltr' id='par_1_27' title="bbox 1806 1102 3390 1174">
     <span class='ocr_line' id='line_1_27' title="bbox 1806 1102 3390 1174; baseline 0.003 -17"><span class='ocrx_word' id='word_1_185' title='bbox 1806 1102 1910 1159; x_wconf 80' lang='lat' dir='ltr'><strong>fuit</strong></span> <span class='ocrx_word' id='word_1_186' title='bbox 1957 1112 2015 1157; x_wconf 89' lang='lat' dir='ltr'><strong>ut</strong></span> <span class='ocrx_word' id='word_1_187' title='bbox 2054 1103 2258 1158; x_wconf 87' lang='lat' dir='ltr'><strong>Paulus</strong></span> <span class='ocrx_word' id='word_1_188' title='bbox 2305 1118 2428 1158; x_wconf 90' lang='lat' dir='ltr'><strong>cum</strong></span> <span class='ocrx_word' id='word_1_189' title='bbox 2468 1104 2801 1174; x_wconf 80' lang='lat' dir='ltr'><strong>quibusdam</strong></span> <span class='ocrx_word' id='word_1_190' title='bbox 2842 1107 3219 1161; x_wconf 81' lang='lat' dir='ltr'><strong>tentatonibus</strong></span> <span class='ocrx_word' id='word_1_191' title='bbox 3274 1108 3390 1161; x_wconf 89' lang='lat' dir='ltr'><strong>col-</strong></span> 
     </span>
    </p>
   </div>
   <div class='ocr_carea' id='block_1_28' title="bbox 1807 1195 3391 1267">
    <p class='ocr_par' dir='ltr' id='par_1_28' title="bbox 1807 1195 3391 1267">
     <span class='ocr_line' id='line_1_28' title="bbox 1807 1195 3391 1267; baseline 0 -18"><span class='ocrx_word' id='word_1_192' title='bbox 1807 1195 2137 1263; x_wconf 85' lang='lat' dir='ltr'><strong>luctaretur,</strong></span> <span class='ocrx_word' id='word_1_193' title='bbox 2208 1213 2227 1246; x_wconf 81' lang='grc'><strong><em>‹</em></strong></span> <span class='ocrx_word' id='word_1_194' title='bbox 2268 1211 2356 1261; x_wconf 85' lang='lat' dir='ltr'><strong>tte,</strong></span> <span class='ocrx_word' id='word_1_195' title='bbox 2386 1196 2532 1264; x_wconf 89' lang='lat' dir='ltr'><strong>quod</strong></span> <span class='ocrx_word' id='word_1_196' title='bbox 2563 1195 2796 1250; x_wconf 87' lang='lat' dir='ltr'><strong>allirmat</strong></span> <span class='ocrx_word' id='word_1_197' title='bbox 2831 1196 2965 1267; x_wconf 78' lang='lat' dir='ltr'><strong>ipse,</strong></span> <span class='ocrx_word' id='word_1_198' title='bbox 3014 1196 3180 1251; x_wconf 88' lang='lat' dir='ltr'><strong>nimis</strong></span> <span class='ocrx_word' id='word_1_199' title='bbox 3211 1196 3391 1251; x_wconf 87' lang='lat' dir='ltr'><strong>elatus</strong></span> 
     </span>
    </p>
   </div>
   <div class='ocr_carea' id='block_1_29' title="bbox 1807 1287 3384 1358">
    <p class='ocr_par' dir='ltr' id='par_1_29' title="bbox 1807 1287 3384 1358">
     <span class='ocr_line' id='line_1_29' title="bbox 1807 1287 3384 1358; baseline 0.001 -17"><span class='ocrx_word' id='word_1_200' title='bbox 1807 1288 2066 1355; x_wconf 82' lang='lat' dir='ltr'><strong>ferretur,</strong></span> <span class='ocrx_word' id='word_1_201' title='bbox 2126 1296 2349 1358; x_wconf 87' lang='lat' dir='ltr'><strong>propter</strong></span> <span class='ocrx_word' id='word_1_202' title='bbox 2427 1287 2841 1341; x_wconf 87' lang='lat' dir='ltr'><strong>multitudinem</strong></span> <span class='ocrx_word' id='word_1_203' title='bbox 2894 1287 3384 1342; x_wconf 78' lang='lat' dir='ltr'><strong>revelationum&quot;.</strong></span> 
     </span>
    </p>
   </div>
   <div class='ocr_carea' id='block_1_30' title="bbox 1806 1376 3392 1450">
    <p class='ocr_par' dir='ltr' id='par_1_30' title="bbox 1806 1376 3392 1450">
     <span class='ocr_line' id='line_1_30' title="bbox 1806 1376 3392 1450; baseline 0.001 -17"><span class='ocrx_word' id='word_1_204' title='bbox 1806 1378 2009 1445; x_wconf 82' lang='lat' dir='ltr'><strong>Quare,</strong></span> <span class='ocrx_word' id='word_1_205' title='bbox 2038 1378 2225 1448; x_wconf 85' lang='lat' dir='ltr'><strong>passio</strong></span> <span class='ocrx_word' id='word_1_206' title='bbox 2273 1379 2392 1448; x_wconf 86' lang='lat' dir='ltr'><strong>ejus</strong></span> <span class='ocrx_word' id='word_1_207' title='bbox 2438 1394 2536 1447; x_wconf 83' lang='lat' dir='ltr'><strong>pro</strong></span> <span class='ocrx_word' id='word_1_208' title='bbox 2567 1376 2868 1450; x_wconf 69' lang='lat' dir='ltr'><strong>Paedagogo</strong></span> <span class='ocrx_word' id='word_1_209' title='bbox 2907 1381 3181 1433; x_wconf 81' lang='lat' dir='ltr'><strong>contraxit</strong></span> <span class='ocrx_word' id='word_1_210' title='bbox 3206 1389 3260 1435; x_wconf 91' lang='lat' dir='ltr'><strong>et</strong></span> <span class='ocrx_word' id='word_1_211' title='bbox 3289 1380 3392 1435; x_wconf 88' lang='lat' dir='ltr'><strong>ab-</strong></span> 
     </span>
    </p>
   </div>
   <div class='ocr_carea' id='block_1_31' title="bbox 1807 1469 3391 1541">
    <p class='ocr_par' dir='ltr' id='par_1_31' title="bbox 1807 1469 3391 1541">
     <span class='ocr_line' id='line_1_31' title="bbox 1807 1469 3391 1541; baseline 0 -15"><span class='ocrx_word' id='word_1_212' title='bbox 1807 1471 1969 1526; x_wconf 88' lang='lat' dir='ltr'><strong>scidit</strong></span> <span class='ocrx_word' id='word_1_213' title='bbox 2012 1469 2259 1525; x_wconf 84' lang='lat' dir='ltr'><strong>exsnltus</strong></span> <span class='ocrx_word' id='word_1_214' title='bbox 2312 1484 2526 1533; x_wconf 89' lang='lat' dir='ltr'><strong>omnes,</strong></span> <span class='ocrx_word' id='word_1_215' title='bbox 2581 1486 2612 1524; x_wconf 89' lang='lat' dir='ltr'><strong>a</strong></span> <span class='ocrx_word' id='word_1_216' title='bbox 2658 1471 2863 1541; x_wconf 85' lang='lat' dir='ltr'><strong>quibus</strong></span> <span class='ocrx_word' id='word_1_217' title='bbox 2912 1479 3106 1533; x_wconf 85' lang='lat' dir='ltr'><strong>natura</strong></span> <span class='ocrx_word' id='word_1_218' title='bbox 3150 1472 3391 1526; x_wconf 85' lang='lat' dir='ltr'><strong>hominis</strong></span> 
     </span>
    </p>
   </div>
   <div class='ocr_carea' id='block_1_32' title="bbox 1807 1561 3394 1633">
    <p class='ocr_par' dir='ltr' id='par_1_32' title="bbox 1807 1561 3394 1633">
     <span class='ocr_line' id='line_1_32' title="bbox 1807 1561 3394 1633; baseline 0 -16"><span class='ocrx_word' id='word_1_219' title='bbox 1807 1562 2006 1633; x_wconf 68' lang='lat' dir='ltr'><strong>inﬂata:</strong></span> <span class='ocrx_word' id='word_1_220' title='bbox 2035 1562 2281 1618; x_wconf 77' lang='lat' dir='ltr'><strong>eﬂertur.</strong></span> <span class='ocrx_word' id='word_1_221' title='bbox 2336 1561 2571 1616; x_wconf 84' lang='lat' dir='ltr'><strong>Accedat</strong></span> <span class='ocrx_word' id='word_1_222' title='bbox 2628 1563 2753 1627; x_wconf 92' lang='lat' dir='ltr'><strong>huc,</strong></span> <span class='ocrx_word' id='word_1_223' title='bbox 2823 1571 2883 1616; x_wconf 91' lang='lat' dir='ltr'><strong>ut</strong></span> <span class='ocrx_word' id='word_1_224' title='bbox 2930 1561 3187 1629; x_wconf 82' lang='lat' dir='ltr'><strong>deinceps</strong></span> <span class='ocrx_word' id='word_1_225' title='bbox 3234 1563 3394 1617; x_wconf 83' lang='lat' dir='ltr'><strong>terri-</strong></span> 
     </span>
    </p>
   </div>
   <div class='ocr_carea' id='block_1_33' title="bbox 1808 1653 3393 1723">
    <p class='ocr_par' dir='ltr' id='par_1_33' title="bbox 1808 1653 3393 1723">
     <span class='ocr_line' id='line_1_33' title="bbox 1808 1653 3393 1723; baseline 0.001 -15"><span class='ocrx_word' id='word_1_226' title='bbox 1808 1654 1947 1710; x_wconf 85' lang='lat' dir='ltr'><strong>biles</strong></span> <span class='ocrx_word' id='word_1_227' title='bbox 1994 1654 2114 1709; x_wconf 90' lang='lat' dir='ltr'><strong>illas</strong></span> <span class='ocrx_word' id='word_1_228' title='bbox 2160 1654 2335 1707; x_wconf 87' lang='lat' dir='ltr'><strong>minas</strong></span> <span class='ocrx_word' id='word_1_229' title='bbox 2364 1692 2379 1715; x_wconf 89' lang='lat'><strong>,</strong></span> <span class='ocrx_word' id='word_1_230' title='bbox 2428 1653 2575 1707; x_wconf 88' lang='lat' dir='ltr'><strong>mille</strong></span> <span class='ocrx_word' id='word_1_231' title='bbox 2628 1662 2873 1717; x_wconf 83' lang='lat' dir='ltr'><strong>mortes,</strong></span> <span class='ocrx_word' id='word_1_232' title='bbox 2929 1667 3083 1708; x_wconf 87' lang='lat' dir='ltr'><strong>acres</strong></span> <span class='ocrx_word' id='word_1_233' title='bbox 3135 1669 3393 1723; x_wconf 87' lang='lat' dir='ltr'><strong>persecu-</strong></span> 
     </span>
    </p>
   </div>
   <div class='ocr_carea' id='block_1_34' title="bbox 156 1724 1711 1814">
    <p class='ocr_par' dir='ltr' id='par_1_34' title="bbox 156 1734 1709 1809">
     <span class='ocr_line' id='line_1_34' title="bbox 156 1734 1709 1809; baseline 0.003 -22"><span class='ocrx_word' id='word_1_234' title='bbox 156 1734 380 1805; x_wconf 78' lang='grc' dir='ltr'><strong>μεθὲλκοι</strong></span> <span class='ocrx_word' id='word_1_235' title='bbox 418 1752 479 1788; x_wconf 88' lang='grc' dir='ltr'><strong>τε</strong></span> <span class='ocrx_word' id='word_1_236' title='bbox 502 1736 597 1789; x_wconf 76' lang='grc' dir='ltr'><strong>καὶ</strong></span> <span class='ocrx_word' id='word_1_237' title='bbox 625 1736 714 1789; x_wconf 85' lang='grc' dir='ltr'><strong>διὰ</strong></span> <span class='ocrx_word' id='word_1_238' title='bbox 742 1736 935 1790; x_wconf 89' lang='grc' dir='ltr'><strong>τούτου</strong></span> <span class='ocrx_word' id='word_1_239' title='bbox 970 1737 1107 1808; x_wconf 79' lang='grc' dir='ltr'><strong>πρὸς</strong></span> <span class='ocrx_word' id='word_1_240' title='bbox 1146 1736 1207 1791; x_wconf 84' lang='grc' dir='ltr'><strong>τὸ</strong></span> <span class='ocrx_word' id='word_1_241' title='bbox 1249 1738 1391 1808; x_wconf 83' lang='grc' dir='ltr'><strong>μέγα</strong></span> <span class='ocrx_word' id='word_1_242' title='bbox 1419 1737 1517 1809; x_wconf 86' lang='grc' dir='ltr'><strong>τῆς</strong></span> <span class='ocrx_word' id='word_1_243' title='bbox 1555 1740 1709 1791; x_wconf 79' lang='grc' dir='ltr'><strong>εὐσε-</strong></span> 
     </span>
    </p>
   </div>
   <div class='ocr_carea' id='block_1_35' title="bbox 1817 1724 3383 1814">
    <p class='ocr_par' dir='ltr' id='par_1_35' title="bbox 1817 1743 3383 1814">
     <span class='ocr_line' id='line_1_35' title="bbox 1817 1743 3383 1814; baseline 0.003 -17"><span class='ocrx_word' id='word_1_244' title='bbox 1817 1744 2007 1808; x_wconf 84' lang='lat' dir='ltr'><strong>liones,</strong></span> <span class='ocrx_word' id='word_1_245' title='bbox 2030 1743 2352 1814; x_wconf 60' lang='lat' dir='ltr'><strong>coryphaeus</strong></span> <span class='ocrx_word' id='word_1_246' title='bbox 2380 1743 2471 1797; x_wconf 90' lang='lat' dir='ltr'><strong>ille</strong></span> <span class='ocrx_word' id='word_1_247' title='bbox 2490 1743 2844 1805; x_wconf 89' lang='lat' dir='ltr'><strong>inconcusso.</strong></span> <span class='ocrx_word' id='word_1_248' title='bbox 2869 1753 2923 1797; x_wconf 90' lang='lat' dir='ltr'><strong>et</strong></span> <span class='ocrx_word' id='word_1_249' title='bbox 2951 1746 3179 1797; x_wconf 90' lang='lat' dir='ltr'><strong>immoto</strong></span> <span class='ocrx_word' id='word_1_250' title='bbox 3199 1743 3383 1801; x_wconf 81' lang='lat' dir='ltr'><strong>ferens</strong></span> 
     </span>
    </p>
   </div>
   <div class='ocr_carea' id='block_1_36' title="bbox 153 1828 1710 1903">
    <p class='ocr_par' dir='ltr' id='par_1_36' title="bbox 153 1828 1710 1903">
     <span class='ocr_line' id='line_1_36' title="bbox 153 1828 1710 1903; baseline 0.002 -22"><span class='ocrx_word' id='word_1_251' title='bbox 153 1829 283 1893; x_wconf 77' lang='grc' dir='ltr'><strong>ϐείας</strong></span> <span class='ocrx_word' id='word_1_252' title='bbox 312 1830 609 1901; x_wconf 86' lang='grc' dir='ltr'><strong>μυστήριον</strong></span> <span class='ocrx_word' id='word_1_253' title='bbox 651 1830 954 1902; x_wconf 82' lang='grc' dir='ltr'><strong>Ἰουδαϊκῆς</strong></span> <span class='ocrx_word' id='word_1_254' title='bbox 977 1831 1364 1903; x_wconf 79' lang='grc' dir='ltr'><strong>ταπεινότητος</strong></span> <span class='ocrx_word' id='word_1_255' title='bbox 1398 1828 1444 1885; x_wconf 84' lang='lat' dir='ltr'><strong>i.</strong></span> <span class='ocrx_word' id='word_1_256' title='bbox 1477 1833 1587 1886; x_wconf 79' lang='grc' dir='ltr'><strong>Καὶ</strong></span> <span class='ocrx_word' id='word_1_257' title='bbox 1617 1830 1710 1885; x_wconf 79' lang='grc' dir='ltr'><strong>τέ-</strong></span> 
     </span>
    </p>
   </div>
   <div class='ocr_carea' id='block_1_37' title="bbox 154 1921 1709 1995">
    <p class='ocr_par' dir='ltr' id='par_1_37' title="bbox 154 1921 1709 1995">
     <span class='ocr_line' id='line_1_37' title="bbox 154 1921 1709 1995; baseline -0.001 -19"><span class='ocrx_word' id='word_1_258' title='bbox 154 1938 346 1995; x_wconf 76' lang='grc' dir='ltr'><strong>ταρτον,</strong></span> <span class='ocrx_word' id='word_1_259' title='bbox 377 1922 569 1992; x_wconf 79' lang='grc' dir='ltr'><strong>ἔμοιγε</strong></span> <span class='ocrx_word' id='word_1_260' title='bbox 598 1921 745 1975; x_wconf 90' lang='grc' dir='ltr'><strong>δοκεῖ</strong></span> <span class='ocrx_word' id='word_1_261' title='bbox 769 1921 1022 1993; x_wconf 80' lang='grc' dir='ltr'><strong>λαμπρὸν</strong></span> <span class='ocrx_word' id='word_1_262' title='bbox 1057 1922 1152 1976; x_wconf 82' lang='grc' dir='ltr'><strong>καὶ</strong></span> <span class='ocrx_word' id='word_1_263' title='bbox 1185 1922 1329 1993; x_wconf 79' lang='grc' dir='ltr'><strong>μέγα</strong></span> <span class='ocrx_word' id='word_1_264' title='bbox 1351 1921 1709 1992; x_wconf 69' lang='grc' dir='ltr'><strong>ψυχαγωγίας</strong></span> 
     </span>
    </p>
   </div>
   <div class='ocr_carea' id='block_1_38' title="bbox 153 2014 1711 2089">
    <p class='ocr_par' dir='ltr' id='par_1_38' title="bbox 153 2014 1711 2089">
     <span class='ocr_line' id='line_1_38' title="bbox 153 2014 1711 2089; baseline -0.004 -16"><span class='ocrx_word' id='word_1_265' title='bbox 153 2018 498 2089; x_wconf 75' lang='grc' dir='ltr'><strong>παράδειγμα.</strong></span> <span class='ocrx_word' id='word_1_266' title='bbox 553 2015 619 2067; x_wconf 84' lang='grc' dir='ltr'><strong>Τί</strong></span> <span class='ocrx_word' id='word_1_267' title='bbox 665 2014 759 2069; x_wconf 76' lang='grc' dir='ltr'><strong>τοῦ</strong></span> <span class='ocrx_word' id='word_1_268' title='bbox 806 2016 1104 2087; x_wconf 80' lang='grc' dir='ltr'><strong>κορυφαίου</strong></span> <span class='ocrx_word' id='word_1_269' title='bbox 1162 2016 1539 2089; x_wconf 83' lang='grc' dir='ltr'><strong>λαμπρότερον</strong></span> <span class='ocrx_word' id='word_1_270' title='bbox 1587 2017 1711 2079; x_wconf 86' lang='grc' dir='ltr'><strong>ταῖς</strong></span> 
     </span>
    </p>
   </div>
   <div class='ocr_carea' id='block_1_39' title="bbox 155 2107 1711 2179">
    <p class='ocr_par' dir='ltr' id='par_1_39' title="bbox 155 2107 1711 2179">
     <span class='ocr_line' id='line_1_39' title="bbox 155 2107 1711 2179; baseline -0.003 -16"><span class='ocrx_word' id='word_1_271' title='bbox 155 2108 323 2163; x_wconf 77' lang='grc' dir='ltr'><strong>ἔπειτα</strong></span> <span class='ocrx_word' id='word_1_272' title='bbox 345 2111 580 2177; x_wconf 78' lang='grc' dir='ltr'><strong>γενεαῖς,</strong></span> <span class='ocrx_word' id='word_1_273' title='bbox 623 2108 875 2162; x_wconf 83' lang='grc' dir='ltr'><strong>ἐπειδ’ἄν</strong></span> <span class='ocrx_word' id='word_1_274' title='bbox 906 2125 991 2172; x_wconf 86' lang='grc' dir='ltr'><strong>τις</strong></span> <span class='ocrx_word' id='word_1_275' title='bbox 1020 2108 1388 2179; x_wconf 72' lang='grc' dir='ltr'><strong>ἐξασθενήσας</strong></span> <span class='ocrx_word' id='word_1_276' title='bbox 1411 2108 1549 2179; x_wconf 78' lang='grc' dir='ltr'><strong>ἁλῷ,</strong></span> <span class='ocrx_word' id='word_1_277' title='bbox 1573 2107 1711 2178; x_wconf 84' lang='grc' dir='ltr'><strong>πρὸς</strong></span> 
     </span>
    </p>
   </div>
   <div class='ocr_carea' id='block_1_40' title="bbox 151 2200 1703 2273">
    <p class='ocr_par' dir='ltr' id='par_1_40' title="bbox 151 2200 1703 2273">
     <span class='ocr_line' id='line_1_40' title="bbox 151 2200 1703 2273; baseline 0 -18"><span class='ocrx_word' id='word_1_278' title='bbox 151 2202 210 2255; x_wconf 77' lang='grc' dir='ltr'><strong>τὰ</strong></span> <span class='ocrx_word' id='word_1_279' title='bbox 226 2203 399 2255; x_wconf 83' lang='grc' dir='ltr'><strong>τέλεια</strong></span> <span class='ocrx_word' id='word_1_280' title='bbox 424 2200 808 2273; x_wconf 85' lang='grc' dir='ltr'><strong>ἀναστηλῶσαι</strong></span> <span class='ocrx_word' id='word_1_281' title='bbox 831 2200 1188 2271; x_wconf 80' lang='grc' dir='ltr'><strong>βουλόμενος;</strong></span> <span class='ocrx_word' id='word_1_282' title='bbox 1217 2202 1280 2254; x_wconf 84' lang='grc' dir='ltr'><strong>Εἰ</strong></span> <span class='ocrx_word' id='word_1_283' title='bbox 1311 2202 1418 2273; x_wconf 85' lang='grc' dir='ltr'><strong>γὰρ</strong></span> <span class='ocrx_word' id='word_1_284' title='bbox 1451 2201 1561 2255; x_wconf 83' lang='grc' dir='ltr'><strong>τῶν</strong></span> <span class='ocrx_word' id='word_1_285' title='bbox 1597 2218 1703 2271; x_wconf 86' lang='grc' dir='ltr'><strong>μα-</strong></span> 
     </span>
    </p>
   </div>
   <div class='ocr_carea' id='block_1_41' title="bbox 154 2287 1710 2364">
    <p class='ocr_par' dir='ltr' id='par_1_41' title="bbox 154 2287 1710 2364">
     <span class='ocr_line' id='line_1_41' title="bbox 154 2287 1710 2364; baseline -0.001 -17"><span class='ocrx_word' id='word_1_286' title='bbox 154 2293 308 2364; x_wconf 84' lang='grc' dir='ltr'><strong>θητῶν</strong></span> <span class='ocrx_word' id='word_1_287' title='bbox 342 2295 374 2346; x_wconf 87' lang='grc' dir='ltr'>ὁ</span> <span class='ocrx_word' id='word_1_288' title='bbox 402 2294 697 2364; x_wconf 82' lang='grc' dir='ltr'><strong>κορυφαῖος</strong></span> <span class='ocrx_word' id='word_1_289' title='bbox 749 2292 890 2363; x_wconf 84' lang='grc' dir='ltr'><strong>μετὰ</strong></span> <span class='ocrx_word' id='word_1_290' title='bbox 938 2293 1270 2364; x_wconf 82' lang='grc' dir='ltr'><strong>τηλικαύτας</strong></span> <span class='ocrx_word' id='word_1_291' title='bbox 1306 2294 1565 2363; x_wconf 84' lang='grc' dir='ltr'><strong>δυνάμεις</strong></span> <span class='ocrx_word' id='word_1_292' title='bbox 1589 2333 1602 2357; x_wconf 92' lang='grc'><strong>,</strong></span> <span class='ocrx_word' id='word_1_293' title='bbox 1635 2287 1710 2346; x_wconf 82' lang='grc' dir='ltr'><strong>ὧν</strong></span> 
     </span>
    </p>
   </div>
   <div class='ocr_carea' id='block_1_42' title="bbox 152 2384 1710 2457">
    <p class='ocr_par' dir='ltr' id='par_1_42' title="bbox 152 2384 1710 2457">
     <span class='ocr_line' id='line_1_42' title="bbox 152 2384 1710 2457; baseline -0.001 -19"><span class='ocrx_word' id='word_1_294' title='bbox 152 2387 235 2449; x_wconf 77' lang='grc' dir='ltr'><strong>τὰς</strong></span> <span class='ocrx_word' id='word_1_295' title='bbox 264 2387 361 2456; x_wconf 78' lang='grc' dir='ltr'><strong>μὲν</strong></span> <span class='ocrx_word' id='word_1_296' title='bbox 397 2387 525 2452; x_wconf 82' lang='grc' dir='ltr'><strong>ῐδεν,</strong></span> <span class='ocrx_word' id='word_1_297' title='bbox 572 2384 672 2447; x_wconf 82' lang='grc' dir='ltr'><strong>τὰς</strong></span> <span class='ocrx_word' id='word_1_298' title='bbox 710 2386 767 2439; x_wconf 85' lang='grc' dir='ltr'><strong>δὲ</strong></span> <span class='ocrx_word' id='word_1_299' title='bbox 816 2386 912 2439; x_wconf 75' lang='grc' dir='ltr'><strong>καὶ</strong></span> <span class='ocrx_word' id='word_1_300' title='bbox 955 2385 1211 2439; x_wconf 75' lang='grc' dir='ltr'><strong>ἐτέλεσεο</strong></span> <span class='ocrx_word' id='word_1_301' title='bbox 1255 2385 1395 2457; x_wconf 87' lang='grc' dir='ltr'><strong>μετὰ</strong></span> <span class='ocrx_word' id='word_1_302' title='bbox 1441 2386 1710 2456; x_wconf 84' lang='grc' dir='ltr'><strong>τοσαύτην</strong></span> 
     </span>
    </p>
   </div>
   <div class='ocr_carea' id='block_1_43' title="bbox 152 2473 1710 2546">
    <p class='ocr_par' dir='ltr' id='par_1_43' title="bbox 152 2473 1710 2546">
     <span class='ocr_line' id='line_1_43' title="bbox 152 2473 1710 2546; baseline -0.001 -18"><span class='ocrx_word' id='word_1_303' title='bbox 152 2475 477 2529; x_wconf 78' lang='grc' dir='ltr'><strong>διδασκαλίαν</strong></span> <span class='ocrx_word' id='word_1_304' title='bbox 503 2493 517 2506; x_wconf 83' lang='grc'><em>’</em></span> <span class='ocrx_word' id='word_1_305' title='bbox 556 2474 676 2546; x_wconf 84' lang='grc' dir='ltr'><strong>μεθ’</strong></span> <span class='ocrx_word' id='word_1_306' title='bbox 704 2473 847 2527; x_wconf 79' lang='grc' dir='ltr'><strong>οὕτω</strong></span> <span class='ocrx_word' id='word_1_307' title='bbox 878 2474 1079 2546; x_wconf 81' lang='grc' dir='ltr'><strong>πολλὴν</strong></span> <span class='ocrx_word' id='word_1_308' title='bbox 1108 2476 1203 2528; x_wconf 76' lang='grc' dir='ltr'><strong>καὶ</strong></span> <span class='ocrx_word' id='word_1_309' title='bbox 1220 2476 1473 2545; x_wconf 81' lang='grc' dir='ltr'><strong>ποικίλην</strong></span> <span class='ocrx_word' id='word_1_310' title='bbox 1504 2475 1597 2527; x_wconf 81' lang='grc' dir='ltr'><strong>τοῦ</strong></span> <span class='ocrx_word' id='word_1_311' title='bbox 1620 2477 1710 2527; x_wconf 86' lang='grc' dir='ltr'><strong>Δι-</strong></span> 
     </span>
    </p>
   </div>
   <div class='ocr_carea' id='block_1_44' title="bbox 152 2566 1713 2638">
    <p class='ocr_par' dir='ltr' id='par_1_44' title="bbox 152 2566 1713 2638">
     <span class='ocr_line' id='line_1_44' title="bbox 152 2566 1713 2638; baseline -0.003 -17"><span class='ocrx_word' id='word_1_312' title='bbox 152 2567 400 2622; x_wconf 61' lang='grc' dir='ltr'><strong>ῶσκάλου</strong></span> <span class='ocrx_word' id='word_1_313' title='bbox 429 2570 647 2637; x_wconf 83' lang='grc' dir='ltr'><strong>πεῖραν,</strong></span> <span class='ocrx_word' id='word_1_314' title='bbox 674 2568 795 2637; x_wconf 78' lang='grc' dir='ltr'><strong>τρὶς</strong></span> <span class='ocrx_word' id='word_1_315' title='bbox 824 2567 1237 2638; x_wconf 81' lang='grc' dir='ltr'><strong>ἀρνησάμενος,</strong></span> <span class='ocrx_word' id='word_1_316' title='bbox 1278 2566 1366 2620; x_wconf 77' lang='grc' dir='ltr'><strong>διὰ</strong></span> <span class='ocrx_word' id='word_1_317' title='bbox 1416 2566 1713 2636; x_wconf 80' lang='grc' dir='ltr'><strong>μετανοίας</strong></span> 
     </span>
    </p>
   </div>
   <div class='ocr_carea' id='block_1_45' title="bbox 151 2658 1712 2731">
    <p class='ocr_par' dir='ltr' id='par_1_45' title="bbox 151 2658 1712 2731">
     <span class='ocr_line' id='line_1_45' title="bbox 151 2658 1712 2731; baseline -0.001 -17"><span class='ocrx_word' id='word_1_318' title='bbox 151 2662 282 2731; x_wconf 85' lang='grc' dir='ltr'><strong>δμως</strong></span> <span class='ocrx_word' id='word_1_319' title='bbox 305 2661 402 2714; x_wconf 77' lang='grc' dir='ltr'><strong>καὶ</strong></span> <span class='ocrx_word' id='word_1_320' title='bbox 428 2660 649 2731; x_wconf 82' lang='grc' dir='ltr'><strong>θερμῶν</strong></span> <span class='ocrx_word' id='word_1_321' title='bbox 683 2659 954 2730; x_wconf 82' lang='grc' dir='ltr'><strong>δακρύων,</strong></span> <span class='ocrx_word' id='word_1_322' title='bbox 984 2660 1043 2713; x_wconf 81' lang='grc' dir='ltr'><strong>ού</strong></span> <span class='ocrx_word' id='word_1_323' title='bbox 1092 2660 1153 2713; x_wconf 86' lang='grc' dir='ltr'><strong>τὸ</strong></span> <span class='ocrx_word' id='word_1_324' title='bbox 1193 2658 1500 2730; x_wconf 82' lang='grc' dir='ltr'><strong>ἁμάρτημα</strong></span> <span class='ocrx_word' id='word_1_325' title='bbox 1552 2659 1712 2729; x_wconf 83' lang='grc' dir='ltr'><strong>μόνον</strong></span> 
     </span>
    </p>
   </div>
   <div class='ocr_carea' id='block_1_46' title="bbox 153 2748 1714 2826">
    <p class='ocr_par' dir='ltr' id='par_1_46' title="bbox 153 2748 1714 2826">
     <span class='ocr_line' id='line_1_46' title="bbox 153 2748 1714 2826; baseline -0.003 -19"><span class='ocrx_word' id='word_1_326' title='bbox 153 2755 423 2826; x_wconf 81' lang='grc' dir='ltr'><strong>ἐκάθηρεν,</strong></span> <span class='ocrx_word' id='word_1_327' title='bbox 452 2754 589 2807; x_wconf 79' lang='grc' dir='ltr'><strong>ἀλλὰ</strong></span> <span class='ocrx_word' id='word_1_328' title='bbox 628 2753 764 2824; x_wconf 67' lang='grc' dir='ltr'><strong>πρὸς</strong></span> <span class='ocrx_word' id='word_1_329' title='bbox 789 2752 852 2805; x_wconf 81' lang='grc' dir='ltr'><strong>τὺ</strong></span> <span class='ocrx_word' id='word_1_330' title='bbox 880 2750 1014 2805; x_wconf 80' lang='grc' dir='ltr'><strong>αὐτὸ</strong></span> <span class='ocrx_word' id='word_1_331' title='bbox 1042 2751 1142 2821; x_wconf 87' lang='grc' dir='ltr'><strong>τῆς</strong></span> <span class='ocrx_word' id='word_1_332' title='bbox 1170 2749 1476 2818; x_wconf 81' lang='grc' dir='ltr'><strong>ἀποστολῆς</strong></span> <span class='ocrx_word' id='word_1_333' title='bbox 1496 2748 1714 2818; x_wconf 75' lang='grc' dir='ltr'><strong>ἀξίωμα</strong></span> 
     </span>
    </p>
   </div>
   <div class='ocr_carea' id='block_1_47' title="bbox 154 2836 1706 2916">
    <p class='ocr_par' dir='ltr' id='par_1_47' title="bbox 154 2836 1706 2916">
     <span class='ocr_line' id='line_1_47' title="bbox 154 2836 1706 2916; baseline -0.005 -20"><span class='ocrx_word' id='word_1_334' title='bbox 154 2843 567 2916; x_wconf 80' lang='grc' dir='ltr'><strong>ἐπανέστρεψεν·</strong></span> <span class='ocrx_word' id='word_1_335' title='bbox 620 2843 679 2895; x_wconf 79' lang='grc' dir='ltr'>οὐ</span> <span class='ocrx_word' id='word_1_336' title='bbox 743 2839 851 2913; x_wconf 82' lang='grc' dir='ltr'><strong>χρὴ</strong></span> <span class='ocrx_word' id='word_1_337' title='bbox 910 2841 1172 2912; x_wconf 77' lang='grc' dir='ltr'><strong>ῥᾳθυμεῖν</strong></span> <span class='ocrx_word' id='word_1_338' title='bbox 1227 2836 1329 2909; x_wconf 82' lang='grc' dir='ltr'><strong>ἐμὲ</strong></span> <span class='ocrx_word' id='word_1_339' title='bbox 1352 2840 1447 2891; x_wconf 75' lang='grc' dir='ltr'><strong>καὶ</strong></span> <span class='ocrx_word' id='word_1_340' title='bbox 1479 2837 1706 2891; x_wconf 76' lang='grc' dir='ltr'><strong>καταπί·</strong></span> 
     </span>
    </p>
   </div>
   <div class='ocr_carea' id='block_1_48' title="bbox 156 2931 1713 3003">
    <p class='ocr_par' dir='ltr' id='par_1_48' title="bbox 156 2931 1713 3003">
     <span class='ocr_line' id='line_1_48' title="bbox 156 2931 1713 3003; baseline -0.004 -13"><span class='ocrx_word' id='word_1_341' title='bbox 156 2937 389 3003; x_wconf 74' lang='grc' dir='ltr'><strong>πτειν,ὲξ</strong></span> <span class='ocrx_word' id='word_1_342' title='bbox 435 2936 724 2997; x_wconf 78' lang='grc' dir='ltr'><strong>ἀσθενείας</strong></span> <span class='ocrx_word' id='word_1_343' title='bbox 766 2933 1175 2987; x_wconf 70' lang='grc' dir='ltr'><strong>ὀλισθαίνοντα*</strong></span> <span class='ocrx_word' id='word_1_344' title='bbox 1203 2931 1343 2986; x_wconf 81' lang='grc' dir='ltr'><strong>ἀλλὰ</strong></span> <span class='ocrx_word' id='word_1_345' title='bbox 1394 2931 1586 2985; x_wconf 80' lang='grc' dir='ltr'><strong>θᾶττον</strong></span> <span class='ocrx_word' id='word_1_346' title='bbox 1618 2932 1713 2984; x_wconf 86' lang='grc' dir='ltr'><strong>ἀν-</strong></span> 
     </span>
    </p>
   </div>
   <div class='ocr_carea' id='block_1_49' title="bbox 158 3022 1713 3101">
    <p class='ocr_par' dir='ltr' id='par_1_49' title="bbox 158 3022 1713 3101">
     <span class='ocr_line' id='line_1_49' title="bbox 158 3022 1713 3101; baseline -0.005 -19"><span class='ocrx_word' id='word_1_347' title='bbox 158 3028 389 3082; x_wconf 87' lang='grc' dir='ltr'><strong>ίστασθαι</strong></span> <span class='ocrx_word' id='word_1_348' title='bbox 422 3028 561 3101; x_wconf 86' lang='grc' dir='ltr'><strong>πρὸς</strong></span> <span class='ocrx_word' id='word_1_349' title='bbox 599 3027 909 3099; x_wconf 84' lang='grc' dir='ltr'><strong>μετάνοιαν,</strong></span> <span class='ocrx_word' id='word_1_350' title='bbox 944 3026 1039 3080; x_wconf 74' lang='grc' dir='ltr'><strong>καὶ</strong></span> <span class='ocrx_word' id='word_1_351' title='bbox 1072 3025 1163 3078; x_wconf 80' lang='grc' dir='ltr'><strong>τὸν</strong></span> <span class='ocrx_word' id='word_1_352' title='bbox 1207 3023 1437 3078; x_wconf 78' lang='grc' dir='ltr'><strong>πλοῦτον</strong></span> <span class='ocrx_word' id='word_1_353' title='bbox 1488 3022 1587 3092; x_wconf 87' lang='grc' dir='ltr'><strong>τῆς</strong></span> <span class='ocrx_word' id='word_1_354' title='bbox 1612 3024 1713 3075; x_wconf 78' lang='grc' dir='ltr'><strong>Δε-</strong></span> 
     </span>
    </p>
   </div>
   <div class='ocr_carea' id='block_1_50' title="bbox 158 3115 1712 3192">
    <p class='ocr_par' dir='ltr' id='par_1_50' title="bbox 158 3115 1712 3192">
     <span class='ocr_line' id='line_1_50' title="bbox 158 3115 1712 3192; baseline -0.003 -20"><span class='ocrx_word' id='word_1_355' title='bbox 158 3121 400 3191; x_wconf 85' lang='grc' dir='ltr'><strong>σποτικῆς</strong></span> <span class='ocrx_word' id='word_1_356' title='bbox 456 3122 825 3192; x_wconf 78' lang='grc' dir='ltr'><strong>χρηστότητος</strong></span> <span class='ocrx_word' id='word_1_357' title='bbox 852 3116 1157 3183; x_wconf 81' lang='grc' dir='ltr'><strong>ἐννοοῦντα,</strong></span> <span class='ocrx_word' id='word_1_358' title='bbox 1209 3116 1330 3170; x_wconf 81' lang='grc' dir='ltr'><strong>ὅλον</strong></span> <span class='ocrx_word' id='word_1_359' title='bbox 1376 3115 1566 3169; x_wconf 82' lang='grc' dir='ltr'><strong>ἐαυτὸν</strong></span> <span class='ocrx_word' id='word_1_360' title='bbox 1592 3115 1618 3154; x_wconf 76' lang='grc' dir='ltr'><strong>ιι</strong></span> <span class='ocrx_word' id='word_1_361' title='bbox 1652 3116 1712 3167; x_wconf 89' lang='grc' dir='ltr'><strong>ἐν</strong></span> 
     </span>
    </p>
   </div>
   <div class='ocr_carea' id='block_1_51' title="bbox 158 3207 1711 3287">
    <p class='ocr_par' dir='ltr' id='par_1_51' title="bbox 158 3207 1711 3287">
     <span class='ocr_line' id='line_1_51' title="bbox 158 3207 1711 3287; baseline -0.005 -21"><span class='ocrx_word' id='word_1_362' title='bbox 158 3215 463 3287; x_wconf 85' lang='grc' dir='ltr'><strong>συντριμμῷ</strong></span> <span class='ocrx_word' id='word_1_363' title='bbox 495 3214 723 3285; x_wconf 78' lang='grc' dir='ltr'><strong>καρδίας</strong></span> <span class='ocrx_word' id='word_1_364' title='bbox 760 3211 1072 3266; x_wconf 77' lang='grc' dir='ltr'><strong>ἀνατιθέναι</strong></span> <span class='ocrx_word' id='word_1_365' title='bbox 1110 3210 1189 3281; x_wconf 80' lang='grc' dir='ltr'><strong>τῷ</strong></span> <span class='ocrx_word' id='word_1_366' title='bbox 1218 3211 1315 3274; x_wconf 82' lang='grc' dir='ltr'><strong>τὰς</strong></span> <span class='ocrx_word' id='word_1_367' title='bbox 1340 3209 1528 3272; x_wconf 80' lang='grc' dir='ltr'><strong>νόσους</strong></span> <span class='ocrx_word' id='word_1_368' title='bbox 1556 3207 1711 3279; x_wconf 77' lang='grc' dir='ltr'><strong>ἡμῶν</strong></span> 
     </span>
    </p>
   </div>
   <div class='ocr_carea' id='block_1_52' title="bbox 156 3294 1712 3377">
    <p class='ocr_par' dir='ltr' id='par_1_52' title="bbox 156 3294 1712 3377">
     <span class='ocr_line' id='line_1_52' title="bbox 156 3294 1712 3377; baseline -0.005 -16"><span class='ocrx_word' id='word_1_369' title='bbox 156 3307 360 3370; x_wconf 75' lang='grc' dir='ltr'><strong>καὶτὰς</strong></span> <span class='ocrx_word' id='word_1_370' title='bbox 390 3306 674 3370; x_wconf 80' lang='grc' dir='ltr'><strong>ἀσθενείας</strong></span> <span class='ocrx_word' id='word_1_371' title='bbox 706 3305 1059 3377; x_wconf 83' lang='grc' dir='ltr'><strong>βαστάσαντι.</strong></span> <span class='ocrx_word' id='word_1_372' title='bbox 1108 3304 1208 3357; x_wconf 78' lang='grc' dir='ltr'><strong>Διὰ</strong></span> <span class='ocrx_word' id='word_1_373' title='bbox 1252 3300 1428 3356; x_wconf 75' lang='grc' dir='ltr'><strong>ταῦτα</strong></span> <span class='ocrx_word' id='word_1_374' title='bbox 1473 3298 1587 3366; x_wconf 76' lang='grc' dir='ltr'><strong>οὖν,</strong></span> <span class='ocrx_word' id='word_1_375' title='bbox 1629 3294 1712 3353; x_wconf 78' lang='grc' dir='ltr'><strong>οἵ·</strong></span> 
     </span>
    </p>
   </div>
   <div class='ocr_carea' id='block_1_53' title="bbox 158 3389 1714 3469">
    <p class='ocr_par' dir='ltr' id='par_1_53' title="bbox 158 3389 1714 3469">
     <span class='ocr_line' id='line_1_53' title="bbox 158 3389 1714 3469; baseline -0.006 -16"><span class='ocrx_word' id='word_1_376' title='bbox 158 3416 262 3469; x_wconf 83' lang='grc' dir='ltr'><strong>μαι,</strong></span> <span class='ocrx_word' id='word_1_377' title='bbox 291 3400 386 3453; x_wconf 74' lang='grc' dir='ltr'><strong>καὶ</strong></span> <span class='ocrx_word' id='word_1_378' title='bbox 414 3398 485 3452; x_wconf 62' lang='grc' dir='ltr'><strong>τὰ</strong></span> <span class='ocrx_word' id='word_1_379' title='bbox 513 3397 759 3463; x_wconf 77' lang='grc' dir='ltr'><strong>τοιαῦτα,</strong></span> <span class='ocrx_word' id='word_1_380' title='bbox 797 3396 1001 3467; x_wconf 83' lang='grc' dir='ltr'><strong>Πέτρος</strong></span> <span class='ocrx_word' id='word_1_381' title='bbox 1021 3395 1223 3449; x_wconf 83' lang='grc' dir='ltr'><strong>ἁλῶναι</strong></span> <span class='ocrx_word' id='word_1_382' title='bbox 1254 3391 1609 3465; x_wconf 82' lang='grc' dir='ltr'><strong>συνεχωρήθη</strong></span> <span class='ocrx_word' id='word_1_383' title='bbox 1635 3389 1714 3462; x_wconf 83' lang='grc' dir='ltr'><strong>τῷ</strong></span> 
     </span>
    </p>
   </div>
   <div class='ocr_carea' id='block_1_54' title="bbox 156 3485 1714 3565">
    <p class='ocr_par' dir='ltr' id='par_1_54' title="bbox 156 3485 1714 3565">
     <span class='ocr_line' id='line_1_54' title="bbox 156 3485 1714 3565; baseline -0.004 -21"><span class='ocrx_word' id='word_1_384' title='bbox 156 3493 493 3565; x_wconf 80' lang='grc' dir='ltr'><strong>ἁμαρτήματι</strong></span> <span class='ocrx_word' id='word_1_385' title='bbox 519 3507 532 3519; x_wconf 79' lang='lat'>&#39;</span> <span class='ocrx_word' id='word_1_386' title='bbox 571 3490 685 3544; x_wconf 81' lang='grc' dir='ltr'><strong>ἀλλ’</strong></span> <span class='ocrx_word' id='word_1_387' title='bbox 715 3492 814 3561; x_wconf 80' lang='grc' dir='ltr'><strong>οὐχ</strong></span> <span class='ocrx_word' id='word_1_388' title='bbox 843 3492 927 3543; x_wconf 86' lang='grc' dir='ltr'><strong>δτι</strong></span> <span class='ocrx_word' id='word_1_389' title='bbox 960 3490 1291 3562; x_wconf 86' lang='grc' dir='ltr'><strong>προανεῖπεν</strong></span> <span class='ocrx_word' id='word_1_390' title='bbox 1311 3486 1409 3558; x_wconf 84' lang='grc' dir='ltr'><strong>τὴν</strong></span> <span class='ocrx_word' id='word_1_391' title='bbox 1431 3486 1662 3557; x_wconf 83' lang='grc' dir='ltr'><strong>ἄρνησιν</strong></span> <span class='ocrx_word' id='word_1_392' title='bbox 1684 3485 1714 3539; x_wconf 84' lang='grc' dir='ltr'><strong>ό</strong></span> 
     </span>
    </p>
   </div>
   <div class='ocr_carea' id='block_1_55' title="bbox 155 3579 1710 3658">
    <p class='ocr_par' dir='ltr' id='par_1_55' title="bbox 155 3579 1710 3658">
     <span class='ocr_line' id='line_1_55' title="bbox 155 3579 1710 3658; baseline -0.005 -19"><span class='ocrx_word' id='word_1_393' title='bbox 155 3587 482 3650; x_wconf 74' lang='grc' dir='ltr'><strong>Διδάσκαλος,</strong></span> <span class='ocrx_word' id='word_1_394' title='bbox 524 3587 738 3658; x_wconf 68' lang='grc' dir='ltr'><strong>ἀνάγκη</strong></span> <span class='ocrx_word' id='word_1_395' title='bbox 769 3586 875 3639; x_wconf 79' lang='grc' dir='ltr'><strong>τινὶ</strong></span> <span class='ocrx_word' id='word_1_396' title='bbox 901 3587 999 3653; x_wconf 82' lang='grc' dir='ltr'><strong>τῆς</strong></span> <span class='ocrx_word' id='word_1_397' title='bbox 1024 3581 1387 3655; x_wconf 82' lang='grc' dir='ltr'><strong>προγνώσεως</strong></span> <span class='ocrx_word' id='word_1_398' title='bbox 1417 3579 1710 3651; x_wconf 80' lang='grc' dir='ltr'><strong>ἐξεϐιάσθη</strong></span> 
     </span>
    </p>
   </div>
   <div class='ocr_carea' id='block_1_56' title="bbox 159 3672 1714 3748">
    <p class='ocr_par' dir='ltr' id='par_1_56' title="bbox 159 3672 1714 3748">
     <span class='ocr_line' id='line_1_56' title="bbox 159 3672 1714 3748; baseline -0.002 -20"><span class='ocrx_word' id='word_1_399' title='bbox 159 3680 276 3748; x_wconf 71' lang='grc' dir='ltr'><strong>πρὸς</strong></span> <span class='ocrx_word' id='word_1_400' title='bbox 301 3678 361 3731; x_wconf 80' lang='grc' dir='ltr'><strong>τὸ</strong></span> <span class='ocrx_word' id='word_1_401' title='bbox 396 3677 681 3748; x_wconf 84' lang='grc' dir='ltr'><strong>ἀθέλητον.</strong></span> <span class='ocrx_word' id='word_1_402' title='bbox 742 3676 895 3729; x_wconf 78' lang='grc' dir='ltr'><strong>Ἐπεὶ</strong></span> <span class='ocrx_word' id='word_1_403' title='bbox 932 3673 1075 3729; x_wconf 78' lang='grc' dir='ltr'><strong>οὕτω</strong></span> <span class='ocrx_word' id='word_1_404' title='bbox 1124 3691 1189 3743; x_wconf 92' lang='grc' dir='ltr'><strong>γε</strong></span> <span class='ocrx_word' id='word_1_405' title='bbox 1235 3673 1459 3743; x_wconf 78' lang='grc' dir='ltr'><strong>φθάνοις</strong></span> <span class='ocrx_word' id='word_1_406' title='bbox 1506 3672 1574 3726; x_wconf 81' lang='grc' dir='ltr'><strong>ἂν</strong></span> <span class='ocrx_word' id='word_1_407' title='bbox 1604 3672 1714 3725; x_wconf 86' lang='grc' dir='ltr'><strong>τῶν</strong></span> 
     </span>
    </p>
   </div>
   <div class='ocr_carea' id='block_1_57' title="bbox 158 3765 1715 3840">
    <p class='ocr_par' dir='ltr' id='par_1_57' title="bbox 158 3765 1715 3840">
     <span class='ocr_line' id='line_1_57' title="bbox 158 3765 1715 3840; baseline -0.003 -19"><span class='ocrx_word' id='word_1_408' title='bbox 158 3769 354 3838; x_wconf 66' lang='grc' dir='ltr'><strong>φαύλων</strong></span> <span class='ocrx_word' id='word_1_409' title='bbox 408 3770 661 3839; x_wconf 80' lang='grc' dir='ltr'><strong>πράξεων</strong></span> <span class='ocrx_word' id='word_1_410' title='bbox 701 3768 930 3822; x_wconf 81' lang='grc' dir='ltr'><strong>ἁπασῶν</strong></span> <span class='ocrx_word' id='word_1_411' title='bbox 965 3768 1065 3840; x_wconf 84' lang='grc' dir='ltr'><strong>τὴν</strong></span> <span class='ocrx_word' id='word_1_412' title='bbox 1117 3767 1322 3831; x_wconf 73' lang='grc' dir='ltr'><strong>αἰτίαν,</strong></span> <span class='ocrx_word' id='word_1_413' title='bbox 1372 3768 1453 3829; x_wconf 87' lang='grc' dir='ltr'><strong>είς</strong></span> <span class='ocrx_word' id='word_1_414' title='bbox 1485 3766 1582 3829; x_wconf 81' lang='grc' dir='ltr'><strong>τὴν</strong></span> <span class='ocrx_word' id='word_1_415' title='bbox 1608 3765 1715 3818; x_wconf 87' lang='grc' dir='ltr'><strong>τῶν</strong></span> 
     </span>
    </p>
   </div>
   <div class='ocr_carea' id='block_1_58' title="bbox 156 3855 1717 3929">
    <p class='ocr_par' dir='ltr' id='par_1_58' title="bbox 156 3855 1717 3929">
     <span class='ocr_line' id='line_1_58' title="bbox 156 3855 1717 3929; baseline -0.001 -19"><span class='ocrx_word' id='word_1_416' title='bbox 156 3857 352 3927; x_wconf 81' lang='grc' dir='ltr'><strong>ἀγαθῶν</strong></span> <span class='ocrx_word' id='word_1_417' title='bbox 401 3858 585 3929; x_wconf 79' lang='grc' dir='ltr'><strong>πηγὴν</strong></span> <span class='ocrx_word' id='word_1_418' title='bbox 632 3857 955 3929; x_wconf 60' lang='grc' dir='ltr'><strong>ἀναφέρων</strong></span> <span class='ocrx_word' id='word_1_419' title='bbox 985 3860 1214 3929; x_wconf 85' lang='grc' dir='ltr'><strong>προεῖπε</strong></span> <span class='ocrx_word' id='word_1_420' title='bbox 1262 3858 1369 3928; x_wconf 75' lang='grc' dir='ltr'><strong>γὰρ</strong></span> <span class='ocrx_word' id='word_1_421' title='bbox 1417 3857 1513 3910; x_wconf 77' lang='grc' dir='ltr'><strong>καὶ</strong></span> <span class='ocrx_word' id='word_1_422' title='bbox 1546 3855 1717 3927; x_wconf 71' lang='grc' dir='ltr'><strong>Ἰούδᾳ</strong></span> 
     </span>
    </p>
   </div>
   <div class='ocr_carea' id='block_1_59' title="bbox 156 3945 1716 4020">
    <p class='ocr_par' dir='ltr' id='par_1_59' title="bbox 156 3945 1716 4020">
     <span class='ocr_line' id='line_1_59' title="bbox 156 3945 1716 4020; baseline 0.001 -23"><span class='ocrx_word' id='word_1_423' title='bbox 156 3946 240 4018; x_wconf 74' lang='grc' dir='ltr'><strong>τὴν</strong></span> <span class='ocrx_word' id='word_1_424' title='bbox 279 3947 593 4020; x_wconf 86' lang='grc' dir='ltr'><strong>προδοσίαν·</strong></span> <span class='ocrx_word' id='word_1_425' title='bbox 644 3947 915 4001; x_wconf 82' lang='grc' dir='ltr'><strong>Ἰουδαίων</strong></span> <span class='ocrx_word' id='word_1_426' title='bbox 960 3949 1058 4019; x_wconf 78' lang='grc' dir='ltr'><strong>τὴν</strong></span> <span class='ocrx_word' id='word_1_427' title='bbox 1113 3947 1459 4019; x_wconf 82' lang='grc' dir='ltr'><strong>μιαιφονίαν·</strong></span> <span class='ocrx_word' id='word_1_428' title='bbox 1506 3947 1598 4001; x_wconf 78' lang='grc' dir='ltr'><strong>ναὶ</strong></span> <span class='ocrx_word' id='word_1_429' title='bbox 1632 3945 1716 4017; x_wconf 75' lang='grc' dir='ltr'><strong>δὴ</strong></span> 
     </span>
    </p>
   </div>
   <div class='ocr_carea' id='block_1_60' title="bbox 159 4038 1717 4113">
    <p class='ocr_par' dir='ltr' id='par_1_60' title="bbox 159 4038 1717 4113">
     <span class='ocr_line' id='line_1_60' title="bbox 159 4038 1717 4113; baseline 0 -23"><span class='ocrx_word' id='word_1_430' title='bbox 159 4038 245 4091; x_wconf 79' lang='grc' dir='ltr'><strong>κάν</strong></span> <span class='ocrx_word' id='word_1_431' title='bbox 283 4040 356 4111; x_wconf 83' lang='grc' dir='ltr'><strong>μὴ</strong></span> <span class='ocrx_word' id='word_1_432' title='bbox 386 4042 673 4111; x_wconf 81' lang='grc' dir='ltr'><strong>προεῖπεν,</strong></span> <span class='ocrx_word' id='word_1_433' title='bbox 703 4039 838 4093; x_wconf 82' lang='grc' dir='ltr'><strong>ἀλλά</strong></span> <span class='ocrx_word' id='word_1_434' title='bbox 869 4057 933 4110; x_wconf 91' lang='grc' dir='ltr'><strong>γε</strong></span> <span class='ocrx_word' id='word_1_435' title='bbox 982 4040 1211 4113; x_wconf 75' lang='grc' dir='ltr'><strong>προῄδει</strong></span> <span class='ocrx_word' id='word_1_436' title='bbox 1242 4040 1485 4107; x_wconf 87' lang='grc' dir='ltr'><strong>πάντως,</strong></span> <span class='ocrx_word' id='word_1_437' title='bbox 1523 4040 1717 4110; x_wconf 82' lang='grc' dir='ltr'><strong>ὅτιπερ</strong></span> 
     </span>
    </p>
   </div>
   <div class='ocr_carea' id='block_1_61' title="bbox 158 4130 1717 4205">
    <p class='ocr_par' dir='ltr' id='par_1_61' title="bbox 158 4130 1717 4205">
     <span class='ocr_line' id='line_1_61' title="bbox 158 4130 1717 4205; baseline 0.001 -21"><span class='ocrx_word' id='word_1_438' title='bbox 158 4130 243 4200; x_wconf 77' lang='grc' dir='ltr'><strong>τῆς</strong></span> <span class='ocrx_word' id='word_1_439' title='bbox 267 4132 517 4204; x_wconf 82' lang='grc' dir='ltr'><strong>δοθείσης</strong></span> <span class='ocrx_word' id='word_1_440' title='bbox 560 4132 780 4203; x_wconf 81' lang='grc' dir='ltr'><strong>ἐντολῆς</strong></span> <span class='ocrx_word' id='word_1_441' title='bbox 808 4135 836 4187; x_wconf 86' lang='grc' dir='ltr'>ὁ</span> <span class='ocrx_word' id='word_1_442' title='bbox 868 4134 1084 4203; x_wconf 82' lang='grc' dir='ltr'><strong>πρῶτος</strong></span> <span class='ocrx_word' id='word_1_443' title='bbox 1128 4132 1437 4205; x_wconf 83' lang='grc' dir='ltr'><strong>ἄνθρωπος,</strong></span> <span class='ocrx_word' id='word_1_444' title='bbox 1468 4132 1588 4186; x_wconf 74' lang='grc' dir='ltr'><strong>ἀντὶ</strong></span> <span class='ocrx_word' id='word_1_445' title='bbox 1615 4131 1717 4202; x_wconf 86' lang='grc' dir='ltr'><strong>τῆς</strong></span> 
     </span>
    </p>
   </div>
   <div class='ocr_carea' id='block_1_62' title="bbox 161 4223 1716 4298">
    <p class='ocr_par' dir='ltr' id='par_1_62' title="bbox 161 4223 1716 4298">
     <span class='ocr_line' id='line_1_62' title="bbox 161 4223 1716 4298; baseline 0.001 -22"><span class='ocrx_word' id='word_1_446' title='bbox 161 4226 388 4297; x_wconf 67' lang='grc' dir='ltr'><strong>φυλακῆς</strong></span> <span class='ocrx_word' id='word_1_447' title='bbox 471 4226 741 4297; x_wconf 78' lang='grc' dir='ltr'><strong>προέλοιτ⁹</strong></span> <span class='ocrx_word' id='word_1_448' title='bbox 792 4225 857 4279; x_wconf 85' lang='grc' dir='ltr'><strong>ἂν</strong></span> <span class='ocrx_word' id='word_1_449' title='bbox 909 4227 1007 4298; x_wconf 81' lang='grc' dir='ltr'><strong>τὴν</strong></span> <span class='ocrx_word' id='word_1_450' title='bbox 1071 4225 1411 4298; x_wconf 75' lang='grc' dir='ltr'><strong>ὑπεροψίανο</strong></span> <span class='ocrx_word' id='word_1_451' title='bbox 1467 4226 1563 4279; x_wconf 71' lang='grc' dir='ltr'><strong>καὶ</strong></span> <span class='ocrx_word' id='word_1_452' title='bbox 1618 4223 1716 4277; x_wconf 79' lang='grc' dir='ltr'><strong>τοῦ</strong></span> 
     </span>
    </p>
   </div>
   <div class='ocr_carea' id='block_1_63' title="bbox 161 4318 1715 4392">
    <p class='ocr_par' dir='ltr' id='par_1_63' title="bbox 161 4318 1715 4392">
     <span class='ocr_line' id='line_1_63' title="bbox 161 4318 1715 4392; baseline 0.002 -24"><span class='ocrx_word' id='word_1_453' title='bbox 161 4318 281 4371; x_wconf 82' lang='grc' dir='ltr'><strong>Κὰἰν</strong></span> <span class='ocrx_word' id='word_1_454' title='bbox 308 4321 403 4392; x_wconf 81' lang='grc' dir='ltr'><strong>τὴν</strong></span> <span class='ocrx_word' id='word_1_455' title='bbox 433 4318 883 4388; x_wconf 79' lang='grc' dir='ltr'><strong>ἀδελφοκτονίαν·</strong></span> <span class='ocrx_word' id='word_1_456' title='bbox 910 4319 1111 4389; x_wconf 81' lang='grc' dir='ltr'><strong>Φαραὼ</strong></span> <span class='ocrx_word' id='word_1_457' title='bbox 1136 4319 1234 4391; x_wconf 81' lang='grc' dir='ltr'><strong>τὴν</strong></span> <span class='ocrx_word' id='word_1_458' title='bbox 1260 4318 1715 4391; x_wconf 70' lang='grc' dir='ltr'><strong>σκληροκαρδίαν,</strong></span> 
     </span>
    </p>
   </div>
   <div class='ocr_carea' id='block_1_64' title="bbox 1810 1832 3391 1903">
    <p class='ocr_par' dir='ltr' id='par_1_64' title="bbox 1810 1832 3391 1903">
     <span class='ocr_line' id='line_1_64' title="bbox 1810 1832 3391 1903; baseline -0.001 -13"><span class='ocrx_word' id='word_1_459' title='bbox 1810 1836 1995 1891; x_wconf 89' lang='lat' dir='ltr'><strong>animo</strong></span> <span class='ocrx_word' id='word_1_460' title='bbox 2021 1835 2086 1889; x_wconf 89' lang='lat' dir='ltr'><strong>ad</strong></span> <span class='ocrx_word' id='word_1_461' title='bbox 2125 1835 2437 1889; x_wconf 87' lang='lat' dir='ltr'><strong>mirandum</strong></span> <span class='ocrx_word' id='word_1_462' title='bbox 2474 1834 2719 1903; x_wconf 77' lang='lat' dir='ltr'><strong>Magistri</strong></span> <span class='ocrx_word' id='word_1_463' title='bbox 2779 1832 3070 1899; x_wconf 81' lang='lat' dir='ltr'><strong>auxilium,</strong></span> <span class='ocrx_word' id='word_1_464' title='bbox 3102 1835 3391 1889; x_wconf 86' lang='lat' dir='ltr'><strong>carnilices</strong></span> 
     </span>
    </p>
   </div>
   <div class='ocr_carea' id='block_1_65' title="bbox 1812 1925 3395 2000">
    <p class='ocr_par' dir='ltr' id='par_1_65' title="bbox 1812 1925 3395 2000">
     <span class='ocr_line' id='line_1_65' title="bbox 1812 1925 3395 2000; baseline -0.001 -17"><span class='ocrx_word' id='word_1_465' title='bbox 1812 1929 1962 2000; x_wconf 91' lang='lat' dir='ltr'><strong>ipsos</strong></span> <span class='ocrx_word' id='word_1_466' title='bbox 1997 1928 2301 1992; x_wconf 85' lang='lat' dir='ltr'><strong>induceret,</strong></span> <span class='ocrx_word' id='word_1_467' title='bbox 2334 1943 2459 1981; x_wconf 90' lang='lat' dir='ltr'><strong>cum</strong></span> <span class='ocrx_word' id='word_1_468' title='bbox 2489 1928 2736 1981; x_wconf 84' lang='lat' dir='ltr'><strong>viderent</strong></span> <span class='ocrx_word' id='word_1_469' title='bbox 2769 1940 2918 1991; x_wconf 86' lang='lat' dir='ltr'><strong>eum,</strong></span> <span class='ocrx_word' id='word_1_470' title='bbox 2973 1927 3069 1995; x_wconf 89' lang='lat' dir='ltr'><strong>qui</strong></span> <span class='ocrx_word' id='word_1_471' title='bbox 3101 1925 3169 1979; x_wconf 89' lang='lat' dir='ltr'><strong>ad</strong></span> <span class='ocrx_word' id='word_1_472' title='bbox 3202 1942 3395 1982; x_wconf 87' lang='lat' dir='ltr'><strong>vocem</strong></span> 
     </span>
    </p>
   </div>
   <div class='ocr_carea' id='block_1_66' title="bbox 1812 2018 3397 2091">
    <p class='ocr_par' dir='ltr' id='par_1_66' title="bbox 1812 2018 3397 2091">
     <span class='ocr_line' id='line_1_66' title="bbox 1812 2018 3397 2091; baseline -0.003 -14"><span class='ocrx_word' id='word_1_473' title='bbox 1812 2022 2028 2077; x_wconf 62' lang='lat' dir='ltr'><strong>ancilla</strong></span> <span class='ocrx_word' id='word_1_474' title='bbox 2059 2021 2318 2091; x_wconf 72' lang='lat' dir='ltr'><strong>deiectus</strong></span> <span class='ocrx_word' id='word_1_475' title='bbox 2343 2020 2545 2083; x_wconf 80' lang='lat' dir='ltr'><strong>fuerat,</strong></span> <span class='ocrx_word' id='word_1_476' title='bbox 2603 2018 2741 2072; x_wconf 89' lang='lat' dir='ltr'><strong>adeo</strong></span> <span class='ocrx_word' id='word_1_477' title='bbox 2772 2018 3060 2072; x_wconf 88' lang='lat' dir='ltr'><strong>immotum</strong></span> <span class='ocrx_word' id='word_1_478' title='bbox 3095 2028 3287 2073; x_wconf 88' lang='lat' dir='ltr'><strong>contra</strong></span> <span class='ocrx_word' id='word_1_479' title='bbox 3315 2027 3397 2074; x_wconf 85' lang='lat' dir='ltr'><strong>tot</strong></span> 
     </span>
    </p>
   </div>
   <div class='ocr_carea' id='block_1_67' title="bbox 1812 2111 3397 2184">
    <p class='ocr_par' dir='ltr' id='par_1_67' title="bbox 1812 2111 3397 2184">
     <span class='ocr_line' id='line_1_67' title="bbox 1812 2111 3397 2184; baseline -0.003 -14"><span class='ocrx_word' id='word_1_480' title='bbox 1812 2128 2103 2184; x_wconf 83' lang='lat' dir='ltr'><strong>prcssuras</strong></span> <span class='ocrx_word' id='word_1_481' title='bbox 2133 2113 2477 2168; x_wconf 88' lang='lat' dir='ltr'><strong>consistere:</strong></span> <span class='ocrx_word' id='word_1_482' title='bbox 2528 2111 2843 2181; x_wconf 78' lang='lat' dir='ltr'><strong>exindeque</strong></span> <span class='ocrx_word' id='word_1_483' title='bbox 2875 2111 2941 2165; x_wconf 89' lang='lat' dir='ltr'><strong>ad</strong></span> <span class='ocrx_word' id='word_1_484' title='bbox 2981 2126 3244 2180; x_wconf 85' lang='lat' dir='ltr'><strong>magnum</strong></span> <span class='ocrx_word' id='word_1_485' title='bbox 3277 2113 3397 2182; x_wconf 73' lang='lat' dir='ltr'><strong>pie-‘</strong></span> 
     </span>
    </p>
   </div>
   <div class='ocr_carea' id='block_1_68' title="bbox 1815 2203 3396 2278">
    <p class='ocr_par' dir='ltr' id='par_1_68' title="bbox 1815 2203 3396 2278">
     <span class='ocr_line' id='line_1_68' title="bbox 1815 2203 3396 2278; baseline -0.002 -17"><span class='ocrx_word' id='word_1_486' title='bbox 1815 2209 1941 2262; x_wconf 91' lang='lat' dir='ltr'><strong>tatis</strong></span> <span class='ocrx_word' id='word_1_487' title='bbox 1975 2206 2298 2278; x_wconf 83' lang='lat' dir='ltr'><strong>mysterium</strong></span> <span class='ocrx_word' id='word_1_488' title='bbox 2356 2207 2412 2259; x_wconf 91' lang='lat' dir='ltr'><strong>in</strong></span> <span class='ocrx_word' id='word_1_489' title='bbox 2460 2203 2678 2259; x_wconf 70' lang='lat' dir='ltr'><strong>Judaaos</strong></span> <span class='ocrx_word' id='word_1_490' title='bbox 2732 2205 3044 2273; x_wconf 81' lang='lat' dir='ltr'><strong>pervicaces</strong></span> <span class='ocrx_word' id='word_1_491' title='bbox 3072 2205 3396 2275; x_wconf 88' lang='lat' dir='ltr'><strong>impelleret.</strong></span> 
     </span>
    </p>
   </div>
   <div class='ocr_carea' id='block_1_69' title="bbox 1814 2295 3397 2369">
    <p class='ocr_par' dir='ltr' id='par_1_69' title="bbox 1814 2295 3397 2369">
     <span class='ocr_line' id='line_1_69' title="bbox 1814 2295 3397 2369; baseline -0.002 -15"><span class='ocrx_word' id='word_1_492' title='bbox 1814 2301 1909 2355; x_wconf 85' lang='lat' dir='ltr'><strong>Est</strong></span> <span class='ocrx_word' id='word_1_493' title='bbox 1938 2309 1991 2353; x_wconf 86' lang='lat' dir='ltr'><strong>et</strong></span> <span class='ocrx_word' id='word_1_494' title='bbox 2022 2308 2279 2369; x_wconf 85' lang='lat' dir='ltr'><strong>quartum</strong></span> <span class='ocrx_word' id='word_1_495' title='bbox 2312 2298 2465 2367; x_wconf 90' lang='lat' dir='ltr'><strong>quid,</strong></span> <span class='ocrx_word' id='word_1_496' title='bbox 2525 2296 2669 2365; x_wconf 91' lang='lat' dir='ltr'><strong>quod</strong></span> <span class='ocrx_word' id='word_1_497' title='bbox 2717 2295 2857 2349; x_wconf 87' lang='lat' dir='ltr'><strong>mihi</strong></span> <span class='ocrx_word' id='word_1_498' title='bbox 2906 2295 3124 2351; x_wconf 81' lang='lat' dir='ltr'><strong>videtur</strong></span> <span class='ocrx_word' id='word_1_499' title='bbox 3157 2296 3397 2359; x_wconf 77' lang='lat' dir='ltr'><strong>illustre,</strong></span> 
     </span>
    </p>
   </div>
   <div class='ocr_carea' id='block_1_70' title="bbox 1813 2386 3396 2461">
    <p class='ocr_par' dir='ltr' id='par_1_70' title="bbox 1813 2386 3396 2461">
     <span class='ocr_line' id='line_1_70' title="bbox 1813 2386 3396 2461; baseline -0.003 -16"><span class='ocrx_word' id='word_1_500' title='bbox 1813 2400 1867 2445; x_wconf 90' lang='lat' dir='ltr'><strong>et</strong></span> <span class='ocrx_word' id='word_1_501' title='bbox 1900 2406 2002 2461; x_wconf 91' lang='lat' dir='ltr'><strong>pro</strong></span> <span class='ocrx_word' id='word_1_502' title='bbox 2030 2390 2236 2460; x_wconf 82' lang='lat' dir='ltr'><strong>ingenti</strong></span> <span class='ocrx_word' id='word_1_503' title='bbox 2265 2389 2647 2444; x_wconf 84' lang='lat' dir='ltr'><strong>consolatione</strong></span> <span class='ocrx_word' id='word_1_504' title='bbox 2675 2386 2990 2457; x_wconf 83' lang='lat' dir='ltr'><strong>exemplum</strong></span> <span class='ocrx_word' id='word_1_505' title='bbox 3026 2405 3040 2441; x_wconf 88' lang='lat'><strong>:</strong></span> <span class='ocrx_word' id='word_1_506' title='bbox 3087 2386 3220 2457; x_wconf 87' lang='lat' dir='ltr'><strong>quid</strong></span> <span class='ocrx_word' id='word_1_507' title='bbox 3250 2386 3396 2442; x_wconf 82' lang='lat' dir='ltr'><strong>enim</strong></span> 
     </span>
    </p>
   </div>
   <div class='ocr_carea' id='block_1_71' title="bbox 1815 2479 3397 2554">
    <p class='ocr_par' dir='ltr' id='par_1_71' title="bbox 1815 2479 3397 2554">
     <span class='ocr_line' id='line_1_71' title="bbox 1815 2479 3397 2554; baseline -0.001 -19"><span class='ocrx_word' id='word_1_508' title='bbox 1815 2482 2168 2554; x_wconf 68' lang='lat' dir='ltr'><strong>praestantius</strong></span> <span class='ocrx_word' id='word_1_509' title='bbox 2194 2482 2484 2552; x_wconf 68' lang='lat' dir='ltr'><strong>coryphaeo</strong></span> <span class='ocrx_word' id='word_1_510' title='bbox 2513 2480 2652 2550; x_wconf 81' lang='lat' dir='ltr'><strong>apud</strong></span> <span class='ocrx_word' id='word_1_511' title='bbox 2691 2479 3051 2534; x_wconf 86' lang='lat' dir='ltr'><strong>succedentes</strong></span> <span class='ocrx_word' id='word_1_512' title='bbox 3082 2481 3397 2551; x_wconf 60' lang='lat' dir='ltr'><strong>generatio-‘-</strong></span> 
     </span>
    </p>
   </div>
   <div class='ocr_carea' id='block_1_72' title="bbox 1816 2566 3403 2638">
    <p class='ocr_par' dir='ltr' id='par_1_72' title="bbox 1816 2566 3403 2638">
     <span class='ocr_line' id='line_1_72' title="bbox 1816 2566 3403 2638; baseline -0.001 -14"><span class='ocrx_word' id='word_1_513' title='bbox 1816 2570 1958 2626; x_wconf 87' lang='lat' dir='ltr'><strong>nes?</strong></span> <span class='ocrx_word' id='word_1_514' title='bbox 2003 2585 2129 2625; x_wconf 88' lang='lat' dir='ltr'><strong>cum</strong></span> <span class='ocrx_word' id='word_1_515' title='bbox 2181 2580 2365 2624; x_wconf 88' lang='lat' dir='ltr'><strong>autem</strong></span> <span class='ocrx_word' id='word_1_516' title='bbox 2395 2569 2523 2638; x_wconf 90' lang='lat' dir='ltr'><strong>quis</strong></span> <span class='ocrx_word' id='word_1_517' title='bbox 2552 2568 2871 2623; x_wconf 76' lang='lat' dir='ltr'><strong>inﬁrmitate</strong></span> <span class='ocrx_word' id='word_1_518' title='bbox 2894 2566 3104 2621; x_wconf 85' lang='lat' dir='ltr'><strong>laboret</strong></span> <span class='ocrx_word' id='word_1_519' title='bbox 3157 2568 3225 2622; x_wconf 85' lang='lat' dir='ltr'><strong>ad</strong></span> <span class='ocrx_word' id='word_1_520' title='bbox 3275 2583 3403 2637; x_wconf 88' lang='lat' dir='ltr'><strong>per-</strong></span> 
     </span>
    </p>
   </div>
   <div class='ocr_carea' id='block_1_73' title="bbox 1816 2657 3400 2730">
    <p class='ocr_par' dir='ltr' id='par_1_73' title="bbox 1816 2657 3400 2730">
     <span class='ocr_line' id='line_1_73' title="bbox 1816 2657 3400 2730; baseline 0 -15"><span class='ocrx_word' id='word_1_521' title='bbox 1816 2660 2014 2716; x_wconf 83' lang='lat' dir='ltr'><strong>fectam</strong></span> <span class='ocrx_word' id='word_1_522' title='bbox 2063 2661 2350 2715; x_wconf 84' lang='lat' dir='ltr'><strong>sanitatem</strong></span> <span class='ocrx_word' id='word_1_523' title='bbox 2406 2660 2605 2715; x_wconf 85' lang='lat' dir='ltr'><strong>reverti</strong></span> <span class='ocrx_word' id='word_1_524' title='bbox 2652 2660 2841 2713; x_wconf 86' lang='lat' dir='ltr'><strong>volens</strong></span> <span class='ocrx_word' id='word_1_525' title='bbox 2881 2666 2986 2713; x_wconf 92' lang='lat' dir='ltr'><strong>est.</strong></span> <span class='ocrx_word' id='word_1_526' title='bbox 3049 2657 3106 2714; x_wconf 82' lang='lat' dir='ltr'><strong>8i</strong></span> <span class='ocrx_word' id='word_1_527' title='bbox 3142 2659 3400 2730; x_wconf 77' lang='lat' dir='ltr'><strong>princeps</strong></span> 
     </span>
    </p>
   </div>
   <div class='ocr_carea' id='block_1_74' title="bbox 1816 2752 3398 2822">
    <p class='ocr_par' dir='ltr' id='par_1_74' title="bbox 1816 2752 3398 2822">
     <span class='ocr_line' id='line_1_74' title="bbox 1816 2752 3398 2822; baseline -0.001 -14"><span class='ocrx_word' id='word_1_528' title='bbox 1816 2753 1906 2808; x_wconf 89' lang='lat' dir='ltr'><strong>ille</strong></span> <span class='ocrx_word' id='word_1_529' title='bbox 1938 2753 2360 2822; x_wconf 89' lang='lat' dir='ltr'><strong>discipulorum,</strong></span> <span class='ocrx_word' id='word_1_530' title='bbox 2414 2763 2538 2822; x_wconf 91' lang='lat' dir='ltr'><strong>post</strong></span> <span class='ocrx_word' id='word_1_531' title='bbox 2592 2759 2673 2805; x_wconf 89' lang='lat' dir='ltr'><strong>tot</strong></span> <span class='ocrx_word' id='word_1_532' title='bbox 2719 2752 2972 2814; x_wconf 88' lang='lat' dir='ltr'><strong>virtutes,</strong></span> <span class='ocrx_word' id='word_1_533' title='bbox 3025 2766 3165 2820; x_wconf 86' lang='lat' dir='ltr'><strong>quas</strong></span> <span class='ocrx_word' id='word_1_534' title='bbox 3201 2752 3398 2819; x_wconf 89' lang='lat' dir='ltr'><strong>partim</strong></span> 
     </span>
    </p>
   </div>
   <div class='ocr_carea' id='block_1_75' title="bbox 1819 2840 3400 2915">
    <p class='ocr_par' dir='ltr' id='par_1_75' title="bbox 1819 2840 3400 2915">
     <span class='ocr_line' id='line_1_75' title="bbox 1819 2840 3400 2915; baseline 0.001 -20"><span class='ocrx_word' id='word_1_535' title='bbox 1819 2846 1971 2911; x_wconf 77' lang='lat' dir='ltr'><strong>vidit,</strong></span> <span class='ocrx_word' id='word_1_536' title='bbox 2019 2845 2255 2915; x_wconf 79' lang='lat' dir='ltr'><strong>patravit</strong></span> <span class='ocrx_word' id='word_1_537' title='bbox 2278 2844 2501 2913; x_wconf 89' lang='lat' dir='ltr'><strong>partim,</strong></span> <span class='ocrx_word' id='word_1_538' title='bbox 2534 2852 2656 2912; x_wconf 90' lang='lat' dir='ltr'><strong>post</strong></span> <span class='ocrx_word' id='word_1_539' title='bbox 2683 2843 2843 2897; x_wconf 87' lang='lat' dir='ltr'><strong>talem</strong></span> <span class='ocrx_word' id='word_1_540' title='bbox 2877 2840 3243 2910; x_wconf 86' lang='lat' dir='ltr'><strong>disciplinam,</strong></span> <span class='ocrx_word' id='word_1_541' title='bbox 3275 2852 3400 2897; x_wconf 63' lang='lat' dir='ltr'><strong>tan-i</strong></span> 
     </span>
    </p>
   </div>
   <div class='ocr_carea' id='block_1_76' title="bbox 1818 2932 3399 3005">
    <p class='ocr_par' dir='ltr' id='par_1_76' title="bbox 1818 2932 3399 3005">
     <span class='ocr_line' id='line_1_76' title="bbox 1818 2932 3399 3005; baseline -0.003 -14"><span class='ocrx_word' id='word_1_542' title='bbox 1818 2946 1930 2991; x_wconf 88' lang='lat' dir='ltr'><strong>tam</strong></span> <span class='ocrx_word' id='word_1_543' title='bbox 1959 2946 2018 2991; x_wconf 88' lang='lat' dir='ltr'><strong>et</strong></span> <span class='ocrx_word' id='word_1_544' title='bbox 2057 2947 2165 2990; x_wconf 89' lang='lat' dir='ltr'><strong>tam</strong></span> <span class='ocrx_word' id='word_1_545' title='bbox 2210 2934 2561 3005; x_wconf 88' lang='lat' dir='ltr'><strong>multiplicem</strong></span> <span class='ocrx_word' id='word_1_546' title='bbox 2606 2934 2673 2988; x_wconf 91' lang='lat' dir='ltr'><strong>de</strong></span> <span class='ocrx_word' id='word_1_547' title='bbox 2697 2932 2952 3004; x_wconf 77' lang='lat' dir='ltr'><strong>Magistro</strong></span> <span class='ocrx_word' id='word_1_548' title='bbox 2984 2934 3399 3003; x_wconf 83' lang='lat' dir='ltr'><strong>experientiam,</strong></span> 
     </span>
    </p>
   </div>
   <div class='ocr_carea' id='block_1_77' title="bbox 1818 3025 3403 3098">
    <p class='ocr_par' dir='ltr' id='par_1_77' title="bbox 1818 3025 3403 3098">
     <span class='ocr_line' id='line_1_77' title="bbox 1818 3025 3403 3098; baseline -0.002 -16"><span class='ocrx_word' id='word_1_549' title='bbox 1818 3036 1900 3082; x_wconf 90' lang='lat' dir='ltr'><strong>ter</strong></span> <span class='ocrx_word' id='word_1_550' title='bbox 1929 3028 2024 3082; x_wconf 92' lang='lat' dir='ltr'><strong>illo</strong></span> <span class='ocrx_word' id='word_1_551' title='bbox 2053 3028 2322 3097; x_wconf 87' lang='lat' dir='ltr'><strong>abnegato</strong></span> <span class='ocrx_word' id='word_1_552' title='bbox 2348 3065 2365 3091; x_wconf 94' lang='lat'><strong>,</strong></span> <span class='ocrx_word' id='word_1_553' title='bbox 2400 3041 2496 3096; x_wconf 88' lang='lat' dir='ltr'><strong>per</strong></span> <span class='ocrx_word' id='word_1_554' title='bbox 2519 3025 2897 3096; x_wconf 69' lang='lat' dir='ltr'><strong>paenitentiam</strong></span> <span class='ocrx_word' id='word_1_555' title='bbox 2934 3034 3113 3079; x_wconf 86' lang='lat' dir='ltr'><strong>tamen</strong></span> <span class='ocrx_word' id='word_1_556' title='bbox 3147 3034 3202 3080; x_wconf 92' lang='lat' dir='ltr'><strong>et</strong></span> <span class='ocrx_word' id='word_1_557' title='bbox 3229 3025 3403 3098; x_wconf 78' lang='lat' dir='ltr'><strong>lacry-</strong></span> 
     </span>
    </p>
   </div>
   <div class='ocr_carea' id='block_1_78' title="bbox 1821 3119 3402 3191">
    <p class='ocr_par' dir='ltr' id='par_1_78' title="bbox 1821 3119 3402 3191">
     <span class='ocr_line' id='line_1_78' title="bbox 1821 3119 3402 3191; baseline -0.001 -17"><span class='ocrx_word' id='word_1_558' title='bbox 1821 3135 1963 3187; x_wconf 87' lang='lat' dir='ltr'><strong>mas,</strong></span> <span class='ocrx_word' id='word_1_559' title='bbox 2004 3136 2111 3174; x_wconf 90' lang='lat' dir='ltr'><strong>non</strong></span> <span class='ocrx_word' id='word_1_560' title='bbox 2148 3119 2312 3175; x_wconf 89' lang='lat' dir='ltr'><strong>modo</strong></span> <span class='ocrx_word' id='word_1_561' title='bbox 2339 3119 2592 3191; x_wconf 84' lang='lat' dir='ltr'><strong>purgavit</strong></span> <span class='ocrx_word' id='word_1_562' title='bbox 2617 3127 2929 3189; x_wconf 87' lang='lat' dir='ltr'><strong>peccatum,</strong></span> <span class='ocrx_word' id='word_1_563' title='bbox 2981 3119 3075 3173; x_wconf 86' lang='lat' dir='ltr'><strong>sed</strong></span> <span class='ocrx_word' id='word_1_564' title='bbox 3127 3120 3194 3173; x_wconf 86' lang='lat' dir='ltr'><strong>ad</strong></span> <span class='ocrx_word' id='word_1_565' title='bbox 3243 3134 3402 3173; x_wconf 86' lang='lat' dir='ltr'><strong>cum-</strong></span> 
     </span>
    </p>
   </div>
   <div class='ocr_carea' id='block_1_79' title="bbox 1820 3211 3405 3283">
    <p class='ocr_par' dir='ltr' id='par_1_79' title="bbox 1820 3211 3405 3283">
     <span class='ocr_line' id='line_1_79' title="bbox 1820 3211 3405 3283; baseline -0.001 -16"><span class='ocrx_word' id='word_1_566' title='bbox 1820 3213 1941 3267; x_wconf 90' lang='lat' dir='ltr'><strong>dcm</strong></span> <span class='ocrx_word' id='word_1_567' title='bbox 1973 3222 2194 3270; x_wconf 87' lang='lat' dir='ltr'><strong>evectus</strong></span> <span class='ocrx_word' id='word_1_568' title='bbox 2228 3223 2314 3269; x_wconf 91' lang='lat' dir='ltr'><strong>est</strong></span> <span class='ocrx_word' id='word_1_569' title='bbox 2345 3212 2689 3283; x_wconf 85' lang='lat' dir='ltr'><strong>apostolatus</strong></span> <span class='ocrx_word' id='word_1_570' title='bbox 2721 3211 2933 3282; x_wconf 90' lang='lat' dir='ltr'><strong>apicem</strong></span> <span class='ocrx_word' id='word_1_571' title='bbox 2972 3229 2986 3266; x_wconf 88' lang='lat'><strong>:</strong></span> <span class='ocrx_word' id='word_1_572' title='bbox 3042 3213 3286 3281; x_wconf 77' lang='lat' dir='ltr'><strong>proiecto</strong></span> <span class='ocrx_word' id='word_1_573' title='bbox 3317 3227 3405 3266; x_wconf 89' lang='lat' dir='ltr'><strong>me</strong></span> 
     </span>
    </p>
   </div>
   <div class='ocr_carea' id='block_1_80' title="bbox 1821 3299 3405 3375">
    <p class='ocr_par' dir='ltr' id='par_1_80' title="bbox 1821 3299 3405 3375">
     <span class='ocr_line' id='line_1_80' title="bbox 1821 3299 3405 3375; baseline -0.004 -16"><span class='ocrx_word' id='word_1_574' title='bbox 1821 3306 2224 3375; x_wconf 78' lang='lat' dir='ltr'><strong>ignavnmcsse</strong></span> <span class='ocrx_word' id='word_1_575' title='bbox 2270 3311 2325 3357; x_wconf 91' lang='lat' dir='ltr'><strong>et</strong></span> <span class='ocrx_word' id='word_1_576' title='bbox 2372 3300 2644 3371; x_wconf 84' lang='lat' dir='ltr'><strong>ahjectum</strong></span> <span class='ocrx_word' id='word_1_577' title='bbox 2700 3316 2810 3353; x_wconf 91' lang='lat' dir='ltr'><strong>non</strong></span> <span class='ocrx_word' id='word_1_578' title='bbox 2857 3299 3033 3363; x_wconf 83' lang='lat' dir='ltr'><strong>decet,</strong></span> <span class='ocrx_word' id='word_1_579' title='bbox 3091 3299 3186 3368; x_wconf 92' lang='lat' dir='ltr'><strong>qui</strong></span> <span class='ocrx_word' id='word_1_580' title='bbox 3220 3299 3405 3368; x_wconf 89' lang='lat' dir='ltr'><strong>lapsus</strong></span> 
     </span>
    </p>
   </div>
   <div class='ocr_carea' id='block_1_81' title="bbox 1822 3393 3407 3462">
    <p class='ocr_par' dir='ltr' id='par_1_81' title="bbox 1822 3393 3407 3462">
     <span class='ocr_line' id='line_1_81' title="bbox 1822 3393 3407 3462; baseline -0.006 -7"><span class='ocrx_word' id='word_1_581' title='bbox 1822 3413 1943 3456; x_wconf 88' lang='lat' dir='ltr'><strong>sum</strong></span> <span class='ocrx_word' id='word_1_582' title='bbox 1998 3397 2067 3451; x_wconf 89' lang='lat' dir='ltr'><strong>ab</strong></span> <span class='ocrx_word' id='word_1_583' title='bbox 2123 3395 2461 3459; x_wconf 75' lang='lat' dir='ltr'><strong>infirmitate,</strong></span> <span class='ocrx_word' id='word_1_584' title='bbox 2500 3393 2593 3450; x_wconf 89' lang='lat' dir='ltr'><strong>sed</strong></span> <span class='ocrx_word' id='word_1_585' title='bbox 2627 3409 2751 3449; x_wconf 89' lang='lat' dir='ltr'><strong>cum</strong></span> <span class='ocrx_word' id='word_1_586' title='bbox 2800 3393 2959 3448; x_wconf 89' lang='lat' dir='ltr'><strong>ocius</strong></span> <span class='ocrx_word' id='word_1_587' title='bbox 2990 3406 3282 3462; x_wconf 79' lang='lat' dir='ltr'><strong>resurgere</strong></span> <span class='ocrx_word' id='word_1_588' title='bbox 3311 3407 3407 3460; x_wconf 84' lang='lat' dir='ltr'><strong>per</strong></span> 
     </span>
    </p>
   </div>
   <div class='ocr_carea' id='block_1_82' title="bbox 1823 3485 3407 3562">
    <p class='ocr_par' dir='ltr' id='par_1_82' title="bbox 1823 3485 3407 3562">
     <span class='ocr_line' id='line_1_82' title="bbox 1823 3485 3407 3562; baseline -0.005 -15"><span class='ocrx_word' id='word_1_589' title='bbox 1823 3490 2204 3562; x_wconf 60' lang='lat' dir='ltr'><strong>penitentiam</strong></span> <span class='ocrx_word' id='word_1_590' title='bbox 2232 3497 2287 3543; x_wconf 92' lang='lat' dir='ltr'><strong>et</strong></span> <span class='ocrx_word' id='word_1_591' title='bbox 2325 3488 2658 3543; x_wconf 86' lang='lat' dir='ltr'><strong>recolentem</strong></span> <span class='ocrx_word' id='word_1_592' title='bbox 2717 3486 2935 3541; x_wconf 84' lang='lat' dir='ltr'><strong>divitias</strong></span> <span class='ocrx_word' id='word_1_593' title='bbox 2968 3485 3227 3539; x_wconf 83' lang='lat' dir='ltr'><strong>bonitatis</strong></span> <span class='ocrx_word' id='word_1_594' title='bbox 3264 3486 3407 3539; x_wconf 75' lang='lat' dir='ltr'><strong>divi-</strong></span> 
     </span>
    </p>
   </div>
   <div class='ocr_carea' id='block_1_83' title="bbox 1823 3577 3409 3649">
    <p class='ocr_par' dir='ltr' id='par_1_83' title="bbox 1823 3577 3409 3649">
     <span class='ocr_line' id='line_1_83' title="bbox 1823 3577 3409 3649; baseline -0.004 -10"><span class='ocrx_word' id='word_1_595' title='bbox 1823 3600 1928 3649; x_wconf 79' lang='lat' dir='ltr'><strong>nae,</strong></span> <span class='ocrx_word' id='word_1_596' title='bbox 1985 3592 2161 3638; x_wconf 89' lang='lat' dir='ltr'><strong>totum</strong></span> <span class='ocrx_word' id='word_1_597' title='bbox 2193 3597 2280 3637; x_wconf 91' lang='lat' dir='ltr'><strong>me</strong></span> <span class='ocrx_word' id='word_1_598' title='bbox 2308 3598 2430 3638; x_wconf 87' lang='lat' dir='ltr'><strong>cum</strong></span> <span class='ocrx_word' id='word_1_599' title='bbox 2463 3580 2644 3637; x_wconf 91' lang='lat' dir='ltr'><strong>cordis</strong></span> <span class='ocrx_word' id='word_1_600' title='bbox 2672 3579 3002 3635; x_wconf 85' lang='lat' dir='ltr'><strong>contritione</strong></span> <span class='ocrx_word' id='word_1_601' title='bbox 3048 3578 3126 3633; x_wconf 91' lang='lat' dir='ltr'><strong>illi</strong></span> <span class='ocrx_word' id='word_1_602' title='bbox 3158 3578 3286 3633; x_wconf 89' lang='lat' dir='ltr'><strong>date</strong></span> <span class='ocrx_word' id='word_1_603' title='bbox 3314 3577 3409 3643; x_wconf 88' lang='lat' dir='ltr'><strong>qui</strong></span> 
     </span>
    </p>
   </div>
   <div class='ocr_carea' id='block_1_84' title="bbox 1823 3671 3411 3743">
    <p class='ocr_par' dir='ltr' id='par_1_84' title="bbox 1823 3671 3411 3743">
     <span class='ocr_line' id='line_1_84' title="bbox 1823 3671 3411 3743; baseline -0.005 -10"><span class='ocrx_word' id='word_1_604' title='bbox 1823 3677 2050 3733; x_wconf 84' lang='lat' dir='ltr'><strong>morbos</strong></span> <span class='ocrx_word' id='word_1_605' title='bbox 2088 3685 2143 3732; x_wconf 88' lang='lat' dir='ltr'><strong>et</strong></span> <span class='ocrx_word' id='word_1_606' title='bbox 2174 3676 2528 3731; x_wconf 80' lang='lat' dir='ltr'><strong>inﬁrmitates</strong></span> <span class='ocrx_word' id='word_1_607' title='bbox 2558 3681 2777 3730; x_wconf 88' lang='lat' dir='ltr'><strong>nostras</strong></span> <span class='ocrx_word' id='word_1_608' title='bbox 2812 3671 3052 3743; x_wconf 85' lang='lat' dir='ltr'><strong>portavit</strong></span> <span class='ocrx_word' id='word_1_609' title='bbox 3079 3672 3145 3726; x_wconf 77' lang='lat'><strong>‘°.</strong></span> <span class='ocrx_word' id='word_1_610' title='bbox 3179 3671 3411 3741; x_wconf 85' lang='lat' dir='ltr'><strong>Propter</strong></span> 
     </span>
    </p>
   </div>
   <div class='ocr_carea' id='block_1_85' title="bbox 1824 3762 3412 3840">
    <p class='ocr_par' dir='ltr' id='par_1_85' title="bbox 1824 3762 3412 3840">
     <span class='ocr_line' id='line_1_85' title="bbox 1824 3762 3412 3840; baseline -0.004 -14"><span class='ocrx_word' id='word_1_611' title='bbox 1824 3773 1980 3837; x_wconf 84' lang='lat' dir='ltr'><strong>istas,</strong></span> <span class='ocrx_word' id='word_1_612' title='bbox 2013 3770 2235 3840; x_wconf 92' lang='lat' dir='ltr'><strong>opinor,</strong></span> <span class='ocrx_word' id='word_1_613' title='bbox 2267 3781 2320 3825; x_wconf 89' lang='lat' dir='ltr'><strong>et</strong></span> <span class='ocrx_word' id='word_1_614' title='bbox 2353 3768 2673 3824; x_wconf 89' lang='lat' dir='ltr'><strong>consimiles</strong></span> <span class='ocrx_word' id='word_1_615' title='bbox 2704 3780 2904 3821; x_wconf 88' lang='lat' dir='ltr'><strong>causas</strong></span> <span class='ocrx_word' id='word_1_616' title='bbox 2940 3764 3275 3836; x_wconf 88' lang='lat' dir='ltr'><strong>permissum</strong></span> <span class='ocrx_word' id='word_1_617' title='bbox 3310 3762 3412 3819; x_wconf 80' lang='lat' dir='ltr'><strong>fuit</strong></span> 
     </span>
    </p>
   </div>
   <div class='ocr_carea' id='block_1_86' title="bbox 1824 3856 3413 3933">
    <p class='ocr_par' dir='ltr' id='par_1_86' title="bbox 1824 3856 3413 3933">
     <span class='ocr_line' id='line_1_86' title="bbox 1824 3856 3413 3933; baseline -0.004 -15"><span class='ocrx_word' id='word_1_618' title='bbox 1824 3863 1984 3919; x_wconf 89' lang='lat' dir='ltr'><strong>Petro</strong></span> <span class='ocrx_word' id='word_1_619' title='bbox 2012 3879 2041 3919; x_wconf 89' lang='lat' dir='ltr'><strong>a</strong></span> <span class='ocrx_word' id='word_1_620' title='bbox 2071 3870 2297 3933; x_wconf 79' lang='lat' dir='ltr'><strong>peccato</strong></span> <span class='ocrx_word' id='word_1_621' title='bbox 2333 3859 2670 3931; x_wconf 85' lang='lat' dir='ltr'><strong>apprehendi</strong></span> <span class='ocrx_word' id='word_1_622' title='bbox 2709 3878 2723 3912; x_wconf 92' lang='lat'><strong>:</strong></span> <span class='ocrx_word' id='word_1_623' title='bbox 2775 3874 2885 3913; x_wconf 91' lang='lat' dir='ltr'><strong>non</strong></span> <span class='ocrx_word' id='word_1_624' title='bbox 2913 3856 3061 3927; x_wconf 91' lang='lat' dir='ltr'><strong>quod</strong></span> <span class='ocrx_word' id='word_1_625' title='bbox 3094 3856 3413 3926; x_wconf 64' lang='lat' dir='ltr'><strong>praedixerit.</strong></span> 
     </span>
    </p>
   </div>
   <div class='ocr_carea' id='block_1_87' title="bbox 1827 3948 3407 4026">
    <p class='ocr_par' dir='ltr' id='par_1_87' title="bbox 1827 3948 3407 4026">
     <span class='ocr_line' id='line_1_87' title="bbox 1827 3948 3407 4026; baseline -0.008 -15"><span class='ocrx_word' id='word_1_626' title='bbox 1827 3956 2086 4026; x_wconf 81' lang='lat' dir='ltr'><strong>Magister</strong></span> <span class='ocrx_word' id='word_1_627' title='bbox 2132 3954 2572 4024; x_wconf 85' lang='lat' dir='ltr'><strong>abnegationcm,</strong></span> <span class='ocrx_word' id='word_1_628' title='bbox 2627 3950 2695 4004; x_wconf 88' lang='lat' dir='ltr'><strong>ad</strong></span> <span class='ocrx_word' id='word_1_629' title='bbox 2724 3957 2907 4004; x_wconf 91' lang='lat' dir='ltr'><strong>actum</strong></span> <span class='ocrx_word' id='word_1_630' title='bbox 2970 3948 3407 4002; x_wconf 88' lang='lat' dir='ltr'><strong>involuntarium</strong></span> 
     </span>
    </p>
   </div>
   <div class='ocr_carea' id='block_1_88' title="bbox 1824 4036 3411 4115">
    <p class='ocr_par' dir='ltr' id='par_1_88' title="bbox 1824 4036 3411 4115">
     <span class='ocr_line' id='line_1_88' title="bbox 1824 4036 3411 4115; baseline -0.007 -15"><span class='ocrx_word' id='word_1_631' title='bbox 1824 4060 1923 4115; x_wconf 89' lang='lat' dir='ltr'><strong>per</strong></span> <span class='ocrx_word' id='word_1_632' title='bbox 1969 4042 2353 4098; x_wconf 87' lang='lat' dir='ltr'><strong>necessitatem</strong></span> <span class='ocrx_word' id='word_1_633' title='bbox 2407 4038 2766 4111; x_wconf 68' lang='lat' dir='ltr'><strong>praescientiaa</strong></span> <span class='ocrx_word' id='word_1_634' title='bbox 2827 4036 3210 4107; x_wconf 88' lang='lat' dir='ltr'><strong>impellebatur</strong></span> <span class='ocrx_word' id='word_1_635' title='bbox 3258 4053 3272 4090; x_wconf 87' lang='lat'><strong>:</strong></span> <span class='ocrx_word' id='word_1_636' title='bbox 3335 4036 3411 4089; x_wconf 89' lang='lat' dir='ltr'><strong>ita</strong></span> 
     </span>
    </p>
   </div>
   <div class='ocr_carea' id='block_1_89' title="bbox 1825 4128 3413 4206">
    <p class='ocr_par' dir='ltr' id='par_1_89' title="bbox 1825 4128 3413 4206">
     <span class='ocr_line' id='line_1_89' title="bbox 1825 4128 3413 4206; baseline -0.006 -16"><span class='ocrx_word' id='word_1_637' title='bbox 1825 4135 1973 4190; x_wconf 90' lang='lat' dir='ltr'><strong>enim</strong></span> <span class='ocrx_word' id='word_1_638' title='bbox 2012 4131 2397 4206; x_wconf 67' lang='lat' dir='ltr'><strong>praeveniendo</strong></span> <span class='ocrx_word' id='word_1_639' title='bbox 2455 4130 2658 4185; x_wconf 77' lang='lat' dir='ltr'><strong>referes</strong></span> <span class='ocrx_word' id='word_1_640' title='bbox 2700 4129 2970 4184; x_wconf 87' lang='lat' dir='ltr'><strong>malorum</strong></span> <span class='ocrx_word' id='word_1_641' title='bbox 3022 4128 3271 4182; x_wconf 87' lang='lat' dir='ltr'><strong>omnium</strong></span> <span class='ocrx_word' id='word_1_642' title='bbox 3320 4143 3413 4181; x_wconf 89' lang='lat' dir='ltr'><strong>ac-</strong></span> 
     </span>
    </p>
   </div>
   <div class='ocr_carea' id='block_1_90' title="bbox 1827 4217 3407 4298">
    <p class='ocr_par' dir='ltr' id='par_1_90' title="bbox 1827 4217 3407 4298">
     <span class='ocr_line' id='line_1_90' title="bbox 1827 4217 3407 4298; baseline -0.006 -15"><span class='ocrx_word' id='word_1_643' title='bbox 1827 4235 2043 4298; x_wconf 83' lang='lat' dir='ltr'><strong>ceptam</strong></span> <span class='ocrx_word' id='word_1_644' title='bbox 2067 4240 2292 4282; x_wconf 88' lang='lat' dir='ltr'><strong>causam</strong></span> <span class='ocrx_word' id='word_1_645' title='bbox 2324 4225 2379 4279; x_wconf 93' lang='lat' dir='ltr'><strong>in</strong></span> <span class='ocrx_word' id='word_1_646' title='bbox 2402 4222 2610 4278; x_wconf 79' lang='lat' dir='ltr'><strong>fontem</strong></span> <span class='ocrx_word' id='word_1_647' title='bbox 2633 4223 2901 4277; x_wconf 90' lang='lat' dir='ltr'><strong>bonorum</strong></span> <span class='ocrx_word' id='word_1_648' title='bbox 2926 4220 3171 4276; x_wconf 85' lang='lat' dir='ltr'><strong>omnium</strong></span> <span class='ocrx_word' id='word_1_649' title='bbox 3198 4217 3369 4273; x_wconf 82' lang='lat' dir='ltr'><strong>Deum</strong></span> <span class='ocrx_word' id='word_1_650' title='bbox 3394 4238 3407 4273; x_wconf 92' lang='lat'>:</span> 
     </span>
    </p>
   </div>
   <div class='ocr_carea' id='block_1_91' title="bbox 1828 4309 3412 4389">
    <p class='ocr_par' dir='ltr' id='par_1_91' title="bbox 1828 4309 3412 4389">
     <span class='ocr_line' id='line_1_91' title="bbox 1828 4309 3412 4389; baseline -0.005 -19"><span class='ocrx_word' id='word_1_651' title='bbox 1828 4317 2079 4389; x_wconf 66' lang='lat' dir='ltr'><strong>praedixit</strong></span> <span class='ocrx_word' id='word_1_652' title='bbox 2107 4326 2161 4372; x_wconf 91' lang='lat' dir='ltr'><strong>et</strong></span> <span class='ocrx_word' id='word_1_653' title='bbox 2184 4314 2337 4372; x_wconf 66' lang='lat' dir='ltr'><strong>Iudae</strong></span> <span class='ocrx_word' id='word_1_654' title='bbox 2368 4313 2741 4379; x_wconf 87' lang='lat' dir='ltr'><strong>traditionem,</strong></span> <span class='ocrx_word' id='word_1_655' title='bbox 2772 4321 2826 4367; x_wconf 91' lang='lat' dir='ltr'><strong>et</strong></span> <span class='ocrx_word' id='word_1_656' title='bbox 2853 4309 3165 4366; x_wconf 71' lang='lat' dir='ltr'><strong>Judaaorum</strong></span> <span class='ocrx_word' id='word_1_657' title='bbox 3192 4309 3412 4364; x_wconf 83' lang='lat' dir='ltr'><strong>animos</strong></span> 
     </span>
    </p>
   </div>
   <div class='ocr_carea' id='block_1_92' title="bbox 161 4401 1711 4504">
    <p class='ocr_par' dir='ltr' id='par_1_92' title="bbox 161 4408 1711 4484">
     <span class='ocr_line' id='line_1_92' title="bbox 161 4408 1711 4484; baseline 0.003 -25"><span class='ocrx_word' id='word_1_658' title='bbox 161 4408 245 4460; x_wconf 78' lang='grc' dir='ltr'><strong>καὶ</strong></span> <span class='ocrx_word' id='word_1_659' title='bbox 263 4411 430 4463; x_wconf 79' lang='grc' dir='ltr'><strong>Σαοὺλ</strong></span> <span class='ocrx_word' id='word_1_660' title='bbox 464 4410 564 4483; x_wconf 79' lang='grc' dir='ltr'><strong>τὴν</strong></span> <span class='ocrx_word' id='word_1_661' title='bbox 595 4412 962 4484; x_wconf 79' lang='grc' dir='ltr'><strong>παρανομίαν.</strong></span> <span class='ocrx_word' id='word_1_662' title='bbox 995 4412 1107 4465; x_wconf 73' lang='grc' dir='ltr'><strong>Καὶ</strong></span> <span class='ocrx_word' id='word_1_663' title='bbox 1127 4411 1180 4464; x_wconf 89' lang='grc' dir='ltr'><strong>τί</strong></span> <span class='ocrx_word' id='word_1_664' title='bbox 1211 4410 1334 4464; x_wconf 80' lang='grc' dir='ltr'><strong>καθ’</strong></span> <span class='ocrx_word' id='word_1_665' title='bbox 1365 4411 1595 4465; x_wconf 69' lang='grc' dir='ltr'><strong>ἕκαστον</strong></span> <span class='ocrx_word' id='word_1_666' title='bbox 1630 4409 1711 4464; x_wconf 86' lang='grc' dir='ltr'><strong>λέ-</strong></span> 
     </span>
    </p>
   </div>
   <div class='ocr_carea' id='block_1_93' title="bbox 1817 4401 3412 4504">
    <p class='ocr_par' dir='ltr' id='par_1_93' title="bbox 1828 4401 3412 4482">
     <span class='ocr_line' id='line_1_93' title="bbox 1828 4401 3412 4482; baseline -0.008 -15"><span class='ocrx_word' id='word_1_667' title='bbox 1828 4410 2214 4482; x_wconf 86' lang='lat' dir='ltr'><strong>sanguinarios</strong></span> <span class='ocrx_word' id='word_1_668' title='bbox 2253 4426 2266 4464; x_wconf 90' lang='lat'><strong>:</strong></span> <span class='ocrx_word' id='word_1_669' title='bbox 2307 4407 2443 4478; x_wconf 89' lang='lat' dir='ltr'><strong>quin</strong></span> <span class='ocrx_word' id='word_1_670' title='bbox 2476 4405 2523 4462; x_wconf 93' lang='lat' dir='ltr'><strong>si</strong></span> <span class='ocrx_word' id='word_1_671' title='bbox 2551 4421 2663 4461; x_wconf 91' lang='lat' dir='ltr'><strong>non</strong></span> <span class='ocrx_word' id='word_1_672' title='bbox 2696 4405 3042 4475; x_wconf 65' lang='lat' dir='ltr'><strong>praedixerat,</strong></span> <span class='ocrx_word' id='word_1_673' title='bbox 3078 4410 3135 4456; x_wconf 88' lang='lat' dir='ltr'><strong>at</strong></span> <span class='ocrx_word' id='word_1_674' title='bbox 3163 4401 3412 4472; x_wconf 66' lang='lat' dir='ltr'><strong>praavidit</strong></span> 
     </span>
    </p>
   </div>
   <div class='ocr_carea' id='block_1_94' title="bbox 160 4501 1721 4575">
    <p class='ocr_par' dir='ltr' id='par_1_94' title="bbox 160 4501 1721 4575">
     <span class='ocr_line' id='line_1_94' title="bbox 160 4501 1721 4575; baseline -0.002 -18"><span class='ocrx_word' id='word_1_675' title='bbox 160 4516 231 4566; x_wconf 81' lang='grc' dir='ltr'><strong>γω</strong></span> <span class='ocrx_word' id='word_1_676' title='bbox 261 4519 275 4569; x_wconf 88' lang='grc'><strong>;</strong></span> <span class='ocrx_word' id='word_1_677' title='bbox 300 4504 396 4575; x_wconf 71' lang='grc' dir='ltr'><strong>οὐχ</strong></span> <span class='ocrx_word' id='word_1_678' title='bbox 420 4504 499 4557; x_wconf 84' lang='grc' dir='ltr'><strong>δτι</strong></span> <span class='ocrx_word' id='word_1_679' title='bbox 530 4506 644 4567; x_wconf 76' lang='grc' dir='ltr'><strong>καὶ</strong></span> <span class='ocrx_word' id='word_1_680' title='bbox 696 4504 838 4558; x_wconf 83' lang='grc' dir='ltr'><strong>κατὰ</strong></span> <span class='ocrx_word' id='word_1_681' title='bbox 872 4503 1056 4569; x_wconf 82' lang='grc' dir='ltr'><strong>πόλεις</strong></span> <span class='ocrx_word' id='word_1_682' title='bbox 1088 4504 1236 4568; x_wconf 82' lang='grc' dir='ltr'><strong>ὅλας,</strong></span> <span class='ocrx_word' id='word_1_683' title='bbox 1282 4504 1378 4557; x_wconf 77' lang='grc' dir='ltr'><strong>καὶ</strong></span> <span class='ocrx_word' id='word_1_684' title='bbox 1418 4502 1548 4575; x_wconf 80' lang='grc' dir='ltr'><strong>ἔθνη</strong></span> <span class='ocrx_word' id='word_1_685' title='bbox 1603 4501 1721 4555; x_wconf 86' lang='grc' dir='ltr'><strong>ὁλό-</strong></span> 
     </span>
    </p>
   </div>
   <div class='ocr_carea' id='block_1_95' title="bbox 163 4591 1717 4666">
    <p class='ocr_par' dir='ltr' id='par_1_95' title="bbox 163 4591 1717 4666">
     <span class='ocr_line' id='line_1_95' title="bbox 163 4591 1717 4666; baseline 0.001 -19"><span class='ocrx_word' id='word_1_686' title='bbox 163 4591 343 4664; x_wconf 77' lang='grc' dir='ltr'><strong>κληρα,</strong></span> <span class='ocrx_word' id='word_1_687' title='bbox 373 4597 429 4647; x_wconf 81' lang='lat' dir='ltr'><strong>ai</strong></span> <span class='ocrx_word' id='word_1_688' title='bbox 458 4595 692 4665; x_wconf 77' lang='grc' dir='ltr'><strong>πράξεις</strong></span> <span class='ocrx_word' id='word_1_689' title='bbox 714 4593 893 4649; x_wconf 81' lang='grc' dir='ltr'><strong>αὐτῶν</strong></span> <span class='ocrx_word' id='word_1_690' title='bbox 922 4598 987 4666; x_wconf 80' lang='grc' dir='ltr'><strong>τῇ</strong></span> <span class='ocrx_word' id='word_1_691' title='bbox 1017 4595 1325 4666; x_wconf 83' lang='grc' dir='ltr'><strong>προγνώσει</strong></span> <span class='ocrx_word' id='word_1_692' title='bbox 1348 4591 1717 4663; x_wconf 74' lang='grc' dir='ltr'><strong>περιέχονται.</strong></span> 
     </span>
    </p>
   </div>
   <div class='ocr_carea' id='block_1_96' title="bbox 163 4678 1719 4760">
    <p class='ocr_par' dir='ltr' id='par_1_96' title="bbox 163 4678 1719 4760">
     <span class='ocr_line' id='line_1_96' title="bbox 163 4678 1719 4760; baseline -0.001 -24"><span class='ocrx_word' id='word_1_693' title='bbox 163 4682 388 4755; x_wconf 75' lang='grc' dir='ltr'><strong>Σοδόμων</strong></span> <span class='ocrx_word' id='word_1_694' title='bbox 422 4689 519 4741; x_wconf 73' lang='grc' dir='ltr'><strong>καὶ</strong></span> <span class='ocrx_word' id='word_1_695' title='bbox 558 4678 843 4760; x_wconf 61' lang='grc' dir='ltr'><strong>Γομόρρας</strong></span> <span class='ocrx_word' id='word_1_696' title='bbox 887 4690 942 4743; x_wconf 88' lang='grc' dir='ltr'><strong>αί</strong></span> <span class='ocrx_word' id='word_1_697' title='bbox 990 4685 1719 4759; x_wconf 72' lang='grc' dir='ltr'><strong>ἀρῥητουργίαι,Ἑλλήνων,</strong></span> 
     </span>
    </p>
   </div>
   <div class='ocr_carea' id='block_1_97' title="bbox 163 4776 1723 4851">
    <p class='ocr_par' dir='ltr' id='par_1_97' title="bbox 163 4776 1723 4851">
     <span class='ocr_line' id='line_1_97' title="bbox 163 4776 1723 4851; baseline 0.002 -25"><span class='ocrx_word' id='word_1_698' title='bbox 163 4776 474 4845; x_wconf 76' lang='grc' dir='ltr'><strong>Αἰγυπτίων,</strong></span> <span class='ocrx_word' id='word_1_699' title='bbox 526 4780 727 4851; x_wconf 81' lang='grc' dir='ltr'><strong>μικροῦ</strong></span> <span class='ocrx_word' id='word_1_700' title='bbox 776 4781 1108 4850; x_wconf 81' lang='grc' dir='ltr'><strong>συμπάντων</strong></span> <span class='ocrx_word' id='word_1_701' title='bbox 1154 4780 1448 4851; x_wconf 77' lang='grc' dir='ltr'><strong>βαρϐάρων</strong></span> <span class='ocrx_word' id='word_1_702' title='bbox 1483 4780 1552 4841; x_wconf 69' lang='grc' dir='ltr'><strong>,ἐν</strong></span> <span class='ocrx_word' id='word_1_703' title='bbox 1592 4777 1723 4830; x_wconf 83' lang='grc' dir='ltr'><strong>πολ-</strong></span> 
     </span>
    </p>
   </div>
   <div class='ocr_carea' id='block_1_98' title="bbox 164 4869 1724 4947">
    <p class='ocr_par' dir='ltr' id='par_1_98' title="bbox 164 4869 1724 4947">
     <span class='ocr_line' id='line_1_98' title="bbox 164 4869 1724 4947; baseline -0.006 -15"><span class='ocrx_word' id='word_1_704' title='bbox 164 4869 258 4936; x_wconf 80' lang='grc' dir='ltr'><strong>λοῖς</strong></span> <span class='ocrx_word' id='word_1_705' title='bbox 286 4877 496 4944; x_wconf 72' lang='grc' dir='ltr'><strong>χρόνοις</strong></span> <span class='ocrx_word' id='word_1_706' title='bbox 535 4877 593 4929; x_wconf 73' lang='grc' dir='ltr'><strong>αἱ</strong></span> <span class='ocrx_word' id='word_1_707' title='bbox 631 4876 1033 4947; x_wconf 79' lang='grc' dir='ltr'><strong>είδωλομανίαι,</strong></span> <span class='ocrx_word' id='word_1_708' title='bbox 1082 4875 1241 4928; x_wconf 75' lang='grc' dir='ltr'><strong>Ἀλλὰ</strong></span> <span class='ocrx_word' id='word_1_709' title='bbox 1283 4874 1335 4926; x_wconf 87' lang='grc' dir='ltr'><strong>τί</strong></span> <span class='ocrx_word' id='word_1_710' title='bbox 1366 4871 1539 4926; x_wconf 76' lang='grc' dir='ltr'><strong>ταῦτα</strong></span> <span class='ocrx_word' id='word_1_711' title='bbox 1566 4890 1581 4939; x_wconf 88' lang='lat'><strong>;</strong></span> <span class='ocrx_word' id='word_1_712' title='bbox 1613 4871 1724 4924; x_wconf 78' lang='grc' dir='ltr'><strong>Αύ-</strong></span> 
     </span>
    </p>
   </div>
   <div class='ocr_carea' id='block_1_99' title="bbox 165 4964 1725 5038">
    <p class='ocr_par' dir='ltr' id='par_1_99' title="bbox 165 4964 1725 5038">
     <span class='ocr_line' id='line_1_99' title="bbox 165 4964 1725 5038; baseline 0.003 -24"><span class='ocrx_word' id='word_1_713' title='bbox 165 4964 246 5016; x_wconf 85' lang='grc' dir='ltr'><strong>τοῦ</strong></span> <span class='ocrx_word' id='word_1_714' title='bbox 274 4966 363 5020; x_wconf 78' lang='grc' dir='ltr'><strong>τοῦ</strong></span> <span class='ocrx_word' id='word_1_715' title='bbox 396 4968 646 5038; x_wconf 82' lang='grc' dir='ltr'><strong>σπορέως</strong></span> <span class='ocrx_word' id='word_1_716' title='bbox 672 4967 781 5022; x_wconf 85' lang='grc' dir='ltr'><strong>τῶν</strong></span> <span class='ocrx_word' id='word_1_717' title='bbox 806 4968 995 5021; x_wconf 82' lang='grc' dir='ltr'><strong>κακῶν</strong></span> <span class='ocrx_word' id='word_1_718' title='bbox 1037 4967 1130 5021; x_wconf 81' lang='grc' dir='ltr'><strong>καὶ</strong></span> <span class='ocrx_word' id='word_1_719' title='bbox 1175 4966 1579 5038; x_wconf 81' lang='grc' dir='ltr'><strong>ἀρχιτέκτονος,</strong></span> <span class='ocrx_word' id='word_1_720' title='bbox 1628 4965 1725 5019; x_wconf 70' lang='grc' dir='ltr'><strong>καὶ</strong></span> 
     </span>
    </p>
   </div>
   <div class='ocr_carea' id='block_1_100' title="bbox 166 5056 1726 5131">
    <p class='ocr_par' dir='ltr' id='par_1_100' title="bbox 166 5056 1726 5131">
     <span class='ocr_line' id='line_1_100' title="bbox 166 5056 1726 5131; baseline 0.001 -24"><span class='ocrx_word' id='word_1_721' title='bbox 166 5056 270 5110; x_wconf 77' lang='grc' dir='ltr'><strong>ὅσαι</strong></span> <span class='ocrx_word' id='word_1_722' title='bbox 296 5062 442 5131; x_wconf 72' lang='grc' dir='ltr'><strong>αὐτῷ</strong></span> <span class='ocrx_word' id='word_1_723' title='bbox 467 5060 726 5131; x_wconf 87' lang='grc' dir='ltr'><strong>δυνάμεις</strong></span> <span class='ocrx_word' id='word_1_724' title='bbox 764 5060 866 5130; x_wconf 81' lang='grc' dir='ltr'><strong>τῆς</strong></span> <span class='ocrx_word' id='word_1_725' title='bbox 920 5058 1033 5113; x_wconf 83' lang='grc' dir='ltr'><strong>ἄνω</strong></span> <span class='ocrx_word' id='word_1_726' title='bbox 1082 5059 1579 5131; x_wconf 79' lang='grc' dir='ltr'><strong>συναπερράγησαν</strong></span> <span class='ocrx_word' id='word_1_727' title='bbox 1627 5056 1726 5126; x_wconf 80' lang='grc' dir='ltr'><strong>λή-</strong></span> 
     </span>
    </p>
   </div>
   <div class='ocr_carea' id='block_1_101' title="bbox 170 5147 1725 5225">
    <p class='ocr_par' dir='ltr' id='par_1_101' title="bbox 170 5147 1725 5225">
     <span class='ocr_line' id='line_1_101' title="bbox 170 5147 1725 5225; baseline -0.007 -13"><span class='ocrx_word' id='word_1_728' title='bbox 170 5147 308 5215; x_wconf 83' lang='grc' dir='ltr'><strong>ξεως.</strong></span> <span class='ocrx_word' id='word_1_729' title='bbox 334 5148 458 5225; x_wconf 64' lang='grc' dir='ltr'><strong>Ἆρ’</strong></span> <span class='ocrx_word' id='word_1_730' title='bbox 490 5155 675 5224; x_wconf 72' lang='grc' dir='ltr'><strong>ἠγνόει</strong></span> <span class='ocrx_word' id='word_1_731' title='bbox 699 5152 797 5225; x_wconf 83' lang='grc' dir='ltr'><strong>τὴν</strong></span> <span class='ocrx_word' id='word_1_732' title='bbox 831 5152 1154 5217; x_wconf 85' lang='grc' dir='ltr'><strong>ἀλαζονείαν</strong></span> <span class='ocrx_word' id='word_1_733' title='bbox 1182 5154 1275 5205; x_wconf 73' lang='grc' dir='ltr'><strong>καὶ</strong></span> <span class='ocrx_word' id='word_1_734' title='bbox 1315 5151 1415 5222; x_wconf 82' lang='grc' dir='ltr'><strong>τὴν</strong></span> <span class='ocrx_word' id='word_1_735' title='bbox 1452 5149 1725 5222; x_wconf 78' lang='grc' dir='ltr'><strong>ἐπιϐλαδῆ</strong></span> 
     </span>
    </p>
   </div>
   <div class='ocr_carea' id='block_1_102' title="bbox 168 5241 1729 5319">
    <p class='ocr_par' dir='ltr' id='par_1_102' title="bbox 168 5241 1729 5319">
     <span class='ocr_line' id='line_1_102' title="bbox 168 5241 1729 5319; baseline -0.003 -21"><span class='ocrx_word' id='word_1_736' title='bbox 168 5241 262 5297; x_wconf 78' lang='grc' dir='ltr'><strong>τῶν</strong></span> <span class='ocrx_word' id='word_1_737' title='bbox 288 5246 585 5319; x_wconf 78' lang='grc' dir='ltr'><strong>ἀνθρώπων</strong></span> <span class='ocrx_word' id='word_1_738' title='bbox 616 5246 1023 5317; x_wconf 82' lang='grc' dir='ltr'><strong>ἀνυπέρὸλητον</strong></span> <span class='ocrx_word' id='word_1_739' title='bbox 1072 5246 1250 5301; x_wconf 76' lang='grc' dir='ltr'><strong>αὐτῶν</strong></span> <span class='ocrx_word' id='word_1_740' title='bbox 1295 5242 1632 5317; x_wconf 81' lang='grc' dir='ltr'><strong>μοχθηρίαν;</strong></span> <span class='ocrx_word' id='word_1_741' title='bbox 1662 5241 1729 5293; x_wconf 89' lang='grc' dir='ltr'><strong>Τί</strong></span> 
     </span>
    </p>
   </div>
   <div class='ocr_carea' id='block_1_103' title="bbox 1830 4495 3412 4573">
    <p class='ocr_par' dir='ltr' id='par_1_103' title="bbox 1830 4495 3412 4573">
     <span class='ocr_line' id='line_1_103' title="bbox 1830 4495 3412 4573; baseline -0.008 -14"><span class='ocrx_word' id='word_1_742' title='bbox 1830 4514 2053 4571; x_wconf 86' lang='lat' dir='ltr'><strong>tamen;</strong></span> <span class='ocrx_word' id='word_1_743' title='bbox 2084 4501 2230 4573; x_wconf 90' lang='lat' dir='ltr'><strong>quod</strong></span> <span class='ocrx_word' id='word_1_744' title='bbox 2265 4500 2476 4571; x_wconf 88' lang='lat' dir='ltr'><strong>primus</strong></span> <span class='ocrx_word' id='word_1_745' title='bbox 2507 4500 2676 4555; x_wconf 86' lang='lat' dir='ltr'><strong>homo</strong></span> <span class='ocrx_word' id='word_1_746' title='bbox 2705 4513 2805 4571; x_wconf 92' lang='lat' dir='ltr'><strong>pro</strong></span> <span class='ocrx_word' id='word_1_747' title='bbox 2840 4495 3224 4553; x_wconf 85' lang='lat' dir='ltr'><strong>observatione</strong></span> <span class='ocrx_word' id='word_1_748' title='bbox 3254 4509 3412 4548; x_wconf 87' lang='lat' dir='ltr'><strong>man-</strong></span> 
     </span>
    </p>
   </div>
   <div class='ocr_carea' id='block_1_104' title="bbox 1828 4585 3413 4663">
    <p class='ocr_par' dir='ltr' id='par_1_104' title="bbox 1828 4585 3413 4663">
     <span class='ocr_line' id='line_1_104' title="bbox 1828 4585 3413 4663; baseline -0.008 -11"><span class='ocrx_word' id='word_1_749' title='bbox 1828 4597 1939 4652; x_wconf 88' lang='lat' dir='ltr'><strong>dati</strong></span> <span class='ocrx_word' id='word_1_750' title='bbox 1966 4613 1998 4651; x_wconf 92' lang='lat' dir='ltr'><strong>a</strong></span> <span class='ocrx_word' id='word_1_751' title='bbox 2020 4596 2132 4651; x_wconf 90' lang='lat' dir='ltr'><strong>Deo</strong></span> <span class='ocrx_word' id='word_1_752' title='bbox 2156 4593 2445 4660; x_wconf 82' lang='lat' dir='ltr'><strong>dati,illius</strong></span> <span class='ocrx_word' id='word_1_753' title='bbox 2469 4592 2693 4663; x_wconf 88' lang='lat' dir='ltr'><strong>eligeret</strong></span> <span class='ocrx_word' id='word_1_754' title='bbox 2720 4589 3121 4661; x_wconf 87' lang='lat' dir='ltr'><strong>negligentiam,</strong></span> <span class='ocrx_word' id='word_1_755' title='bbox 3143 4585 3413 4657; x_wconf 72' lang='lat' dir='ltr'><strong>prmscivit</strong></span> 
     </span>
    </p>
   </div>
   <div class='ocr_carea' id='block_1_105' title="bbox 1830 4678 3415 4751">
    <p class='ocr_par' dir='ltr' id='par_1_105' title="bbox 1830 4678 3415 4751">
     <span class='ocr_line' id='line_1_105' title="bbox 1830 4678 3415 4751; baseline -0.009 -6"><span class='ocrx_word' id='word_1_756' title='bbox 1830 4689 2017 4745; x_wconf 86' lang='lat' dir='ltr'><strong>Cainis</strong></span> <span class='ocrx_word' id='word_1_757' title='bbox 2042 4685 2423 4751; x_wconf 80' lang='lat' dir='ltr'><strong>fratricidium,</strong></span> <span class='ocrx_word' id='word_1_758' title='bbox 2466 4682 2770 4738; x_wconf 85' lang='lat' dir='ltr'><strong>Pharaonis</strong></span> <span class='ocrx_word' id='word_1_759' title='bbox 2802 4679 3241 4742; x_wconf 89' lang='lat' dir='ltr'><strong>obdurationem,</strong></span> <span class='ocrx_word' id='word_1_760' title='bbox 3276 4678 3415 4731; x_wconf 84' lang='lat' dir='ltr'><strong>Sau-</strong></span> 
     </span>
    </p>
   </div>
   <div class='ocr_carea' id='block_1_106' title="bbox 1831 4770 3413 4850">
    <p class='ocr_par' dir='ltr' id='par_1_106' title="bbox 1831 4770 3413 4850">
     <span class='ocr_line' id='line_1_106' title="bbox 1831 4770 3413 4850; baseline -0.009 -13"><span class='ocrx_word' id='word_1_761' title='bbox 1831 4783 1901 4838; x_wconf 87' lang='lat' dir='ltr'><strong>lis</strong></span> <span class='ocrx_word' id='word_1_762' title='bbox 1931 4780 2441 4850; x_wconf 84' lang='lat' dir='ltr'><strong>transgressionem.</strong></span> <span class='ocrx_word' id='word_1_763' title='bbox 2470 4776 2538 4831; x_wconf 88' lang='lat' dir='ltr'><strong>Et</strong></span> <span class='ocrx_word' id='word_1_764' title='bbox 2559 4775 2691 4847; x_wconf 87' lang='lat' dir='ltr'><strong>quid</strong></span> <span class='ocrx_word' id='word_1_765' title='bbox 2719 4773 2931 4845; x_wconf 81' lang='lat' dir='ltr'><strong>singula</strong></span> <span class='ocrx_word' id='word_1_766' title='bbox 2956 4770 3291 4844; x_wconf 89' lang='lat' dir='ltr'><strong>persequar?</strong></span> <span class='ocrx_word' id='word_1_767' title='bbox 3318 4784 3413 4840; x_wconf 85' lang='lat' dir='ltr'><strong>per</strong></span> 
     </span>
    </p>
   </div>
   <div class='ocr_carea' id='block_1_107' title="bbox 1832 4864 3408 4941">
    <p class='ocr_par' dir='ltr' id='par_1_107' title="bbox 1832 4864 3408 4941">
     <span class='ocr_line' id='line_1_107' title="bbox 1832 4864 3408 4941; baseline -0.011 -11"><span class='ocrx_word' id='word_1_768' title='bbox 1832 4884 1978 4930; x_wconf 86' lang='lat' dir='ltr'><strong>totas</strong></span> <span class='ocrx_word' id='word_1_769' title='bbox 2001 4873 2275 4937; x_wconf 83' lang='lat' dir='ltr'><strong>civitates,</strong></span> <span class='ocrx_word' id='word_1_770' title='bbox 2340 4877 2529 4941; x_wconf 84' lang='lat' dir='ltr'><strong>gentes</strong></span> <span class='ocrx_word' id='word_1_771' title='bbox 2570 4870 2836 4940; x_wconf 86' lang='lat' dir='ltr'><strong>integras,</strong></span> <span class='ocrx_word' id='word_1_772' title='bbox 2892 4864 3157 4936; x_wconf 87' lang='lat' dir='ltr'><strong>quidquid</strong></span> <span class='ocrx_word' id='word_1_773' title='bbox 3206 4864 3408 4932; x_wconf 79' lang='lat' dir='ltr'><strong>agitur,</strong></span> 
     </span>
    </p>
   </div>
   <div class='ocr_carea' id='block_1_108' title="bbox 1831 4954 3412 5033">
    <p class='ocr_par' dir='ltr' id='par_1_108' title="bbox 1831 4954 3412 5033">
     <span class='ocr_line' id='line_1_108' title="bbox 1831 4954 3412 5033; baseline -0.008 -11"><span class='ocrx_word' id='word_1_774' title='bbox 1831 4966 1982 5023; x_wconf 85' lang='lat' dir='ltr'><strong>cadit</strong></span> <span class='ocrx_word' id='word_1_775' title='bbox 2015 4964 2118 5019; x_wconf 89' lang='lat' dir='ltr'><strong>sub</strong></span> <span class='ocrx_word' id='word_1_776' title='bbox 2169 4962 2517 5033; x_wconf 80' lang='lat' dir='ltr'><strong>praescientia</strong></span> <span class='ocrx_word' id='word_1_777' title='bbox 2564 4978 2578 5015; x_wconf 93' lang='lat'><strong>:</strong></span> <span class='ocrx_word' id='word_1_778' title='bbox 2636 4958 3047 5016; x_wconf 87' lang='lat' dir='ltr'><strong>Sodomitarum</strong></span> <span class='ocrx_word' id='word_1_779' title='bbox 3094 4964 3148 5009; x_wconf 90' lang='lat' dir='ltr'><strong>et</strong></span> <span class='ocrx_word' id='word_1_780' title='bbox 3178 4954 3412 5009; x_wconf 86' lang='lat' dir='ltr'><strong>Gomor-</strong></span> 
     </span>
    </p>
   </div>
   <div class='ocr_carea' id='block_1_109' title="bbox 1832 5044 3412 5125">
    <p class='ocr_par' dir='ltr' id='par_1_109' title="bbox 1832 5044 3412 5125">
     <span class='ocr_line' id='line_1_109' title="bbox 1832 5044 3412 5125; baseline -0.009 -13"><span class='ocrx_word' id='word_1_781' title='bbox 1832 5044 2101 5114; x_wconf 68' lang='lat' dir='ltr'><strong>rhazorum</strong></span> <span class='ocrx_word' id='word_1_782' title='bbox 2134 5053 2359 5111; x_wconf 73' lang='lat' dir='ltr'><strong>infanda</strong></span> <span class='ocrx_word' id='word_1_783' title='bbox 2390 5052 2969 5125; x_wconf 78' lang='lat' dir='ltr'><strong>ﬂagitia,Graecorum,</strong></span> <span class='ocrx_word' id='word_1_784' title='bbox 3005 5046 3412 5120; x_wconf 66' lang='lat' dir='ltr'><strong>Egyptiorum,</strong></span> 
     </span>
    </p>
   </div>
   <div class='ocr_carea' id='block_1_110' title="bbox 1833 5135 3415 5212">
    <p class='ocr_par' dir='ltr' id='par_1_110' title="bbox 1833 5135 3415 5212">
     <span class='ocr_line' id='line_1_110' title="bbox 1833 5135 3415 5212; baseline -0.011 -9"><span class='ocrx_word' id='word_1_785' title='bbox 1833 5148 2078 5205; x_wconf 89' lang='lat' dir='ltr'><strong>onmium</strong></span> <span class='ocrx_word' id='word_1_786' title='bbox 2096 5145 2208 5202; x_wconf 84' lang='lat' dir='ltr'><strong>fere</strong></span> <span class='ocrx_word' id='word_1_787' title='bbox 2233 5144 2589 5202; x_wconf 86' lang='lat' dir='ltr'><strong>barbararum</strong></span> <span class='ocrx_word' id='word_1_788' title='bbox 2620 5143 2903 5199; x_wconf 87' lang='lat' dir='ltr'><strong>nationum</strong></span> <span class='ocrx_word' id='word_1_789' title='bbox 2923 5156 3017 5212; x_wconf 88' lang='lat' dir='ltr'><strong>per</strong></span> <span class='ocrx_word' id='word_1_790' title='bbox 3035 5140 3203 5193; x_wconf 87' lang='lat' dir='ltr'><strong>multa</strong></span> <span class='ocrx_word' id='word_1_791' title='bbox 3218 5135 3415 5192; x_wconf 75' lang='lat' dir='ltr'><strong>saecula</strong></span> 
     </span>
    </p>
   </div>
   <div class='ocr_carea' id='block_1_111' title="bbox 1850 5223 3411 5303">
    <p class='ocr_par' dir='ltr' id='par_1_111' title="bbox 1850 5223 3411 5303">
     <span class='ocr_line' id='line_1_111' title="bbox 1850 5223 3411 5303; baseline -0.01 -12"><span class='ocrx_word' id='word_1_792' title='bbox 1850 5236 2221 5293; x_wconf 83' lang='lat' dir='ltr'><strong>idolomaniae.</strong></span> <span class='ocrx_word' id='word_1_793' title='bbox 2279 5234 2385 5292; x_wconf 84' lang='lat' dir='ltr'><strong>Sed</strong></span> <span class='ocrx_word' id='word_1_794' title='bbox 2436 5235 2580 5291; x_wconf 87' lang='lat' dir='ltr'><strong>unde</strong></span> <span class='ocrx_word' id='word_1_795' title='bbox 2607 5234 2724 5293; x_wconf 62' lang='lat' dir='ltr'><strong>hanc</strong></span> <span class='ocrx_word' id='word_1_796' title='bbox 2754 5226 3289 5303; x_wconf 76' lang='lat' dir='ltr'><strong>proﬁciscebantur?</strong></span> <span class='ocrx_word' id='word_1_797' title='bbox 3330 5223 3411 5279; x_wconf 86' lang='lat' dir='ltr'><strong>ni-</strong></span> 
     </span>
    </p>
   </div>
   <div class='ocr_carea' id='block_1_112' title="bbox 234 5402 1958 5473">
    <p class='ocr_par' dir='ltr' id='par_1_112' title="bbox 234 5402 1958 5473">
     <span class='ocr_line' id='line_1_112' title="bbox 234 5402 1958 5473; baseline -0.002 -14"><span class='ocrx_word' id='word_1_798' title='bbox 234 5402 275 5433; x_wconf 77' lang='grc'><strong>⁵⁸</strong></span> <span class='ocrx_word' id='word_1_799' title='bbox 301 5404 429 5461; x_wconf 91' lang='lat' dir='ltr'><strong>Luc.</strong></span> <span class='ocrx_word' id='word_1_800' title='bbox 496 5423 550 5472; x_wconf 64' lang='grc' dir='ltr'><strong>ιι,</strong></span> <span class='ocrx_word' id='word_1_801' title='bbox 621 5407 709 5473; x_wconf 79' lang='grc' dir='ltr'><strong>Π,</strong></span> <span class='ocrx_word' id='word_1_802' title='bbox 766 5406 856 5461; x_wconf 73' lang='grc'><strong>20.</strong></span> <span class='ocrx_word' id='word_1_803' title='bbox 934 5406 979 5439; x_wconf 83' lang='grc'><strong><em>⁵⁹</em></strong></span> <span class='ocrx_word' id='word_1_804' title='bbox 1015 5406 1059 5460; x_wconf 88' lang='lat' dir='ltr'><strong>Il</strong></span> <span class='ocrx_word' id='word_1_805' title='bbox 1113 5405 1239 5461; x_wconf 89' lang='lat' dir='ltr'><strong>Cor.</strong></span> <span class='ocrx_word' id='word_1_806' title='bbox 1280 5421 1376 5472; x_wconf 80' lang='lat' dir='ltr'><strong>xu,</strong></span> <span class='ocrx_word' id='word_1_807' title='bbox 1434 5406 1484 5459; x_wconf 83' lang='grc'><strong>’7.</strong></span> <span class='ocrx_word' id='word_1_808' title='bbox 1525 5404 1568 5435; x_wconf 68' lang='grc' dir='ltr'><strong>⁸ο</strong></span> <span class='ocrx_word' id='word_1_809' title='bbox 1611 5402 1711 5457; x_wconf 85' lang='lat' dir='ltr'><strong>lsa.</strong></span> <span class='ocrx_word' id='word_1_810' title='bbox 1756 5418 1872 5468; x_wconf 82' lang='lat' dir='ltr'><strong>Lm,</strong></span> <span class='ocrx_word' id='word_1_811' title='bbox 1909 5405 1958 5458; x_wconf 75' lang='grc'><strong>4.</strong></span> 
     </span>
    </p>
   </div>
   <div class='ocr_carea' id='block_1_113' title="bbox 1426 5557 2112 5613">
    <p class='ocr_par' dir='ltr' id='par_1_113' title="bbox 1426 5557 2112 5613">
     <span class='ocr_line' id='line_1_113' title="bbox 1426 5557 2112 5613; baseline -0.003 0"><span class='ocrx_word' id='word_1_812' title='bbox 1426 5559 1659 5613; x_wconf 63' lang='grc' dir='ltr'><strong>ΥΜὶΙΑὖ</strong></span> <span class='ocrx_word' id='word_1_813' title='bbox 1710 5557 2112 5613; x_wconf 68' lang='lat' dir='ltr'><strong>LECTlONES.</strong></span> 
     </span>
    </p>
   </div>
   <div class='ocr_carea' id='block_1_114' title="bbox 244 5692 1405 5771">
    <p class='ocr_par' dir='ltr' id='par_1_114' title="bbox 244 5692 1405 5771">
     <span class='ocr_line' id='line_1_114' title="bbox 244 5692 1405 5771; baseline 0.003 -22"><span class='ocrx_word' id='word_1_814' title='bbox 244 5692 257 5739; x_wconf 67' lang='lat' dir='ltr'><strong>l</strong></span> <span class='ocrx_word' id='word_1_815' title='bbox 288 5694 371 5752; x_wconf 81' lang='grc' dir='ltr'><strong>ῑσ.</strong></span> <span class='ocrx_word' id='word_1_816' title='bbox 401 5698 784 5771; x_wconf 84' lang='grc' dir='ltr'><strong>σκληρότητος.</strong></span> <span class='ocrx_word' id='word_1_817' title='bbox 807 5699 867 5752; x_wconf 71' lang='grc'><strong>(3.</strong></span> <span class='ocrx_word' id='word_1_818' title='bbox 902 5698 970 5752; x_wconf 76' lang='grc' dir='ltr'><strong>Μ.</strong></span> <span class='ocrx_word' id='word_1_819' title='bbox 1000 5698 1405 5769; x_wconf 80' lang='grc' dir='ltr'><strong>ταπεινότητος.</strong></span> 
     </span>
    </p>
   </div>
   <div class='ocr_carea' id='block_1_115' title="bbox 472 5796 1027 5859">
    <p class='ocr_par' dir='ltr' id='par_1_115' title="bbox 472 5796 1027 5859">
     <span class='ocr_line' id='line_1_115' title="bbox 472 5796 1027 5859; baseline -0.002 -1"><span class='ocrx_word' id='word_1_820' title='bbox 472 5797 747 5859; x_wconf 66' lang='grc' dir='ltr'><strong>Ρειτιιοιι.</strong></span> <span class='ocrx_word' id='word_1_821' title='bbox 789 5798 905 5855; x_wconf 81' lang='lat' dir='ltr'><strong>Gn.</strong></span> <span class='ocrx_word' id='word_1_822' title='bbox 928 5796 1027 5858; x_wconf 88' lang='lat' dir='ltr'><strong>Cl.</strong></span> 
     </span>
    </p>
   </div>
   <div class='ocr_carea' id='block_1_116' title="bbox 1488 5690 2362 5765">
    <p class='ocr_par' dir='ltr' id='par_1_116' title="bbox 1488 5690 2362 5765">
     <span class='ocr_line' id='line_1_116' title="bbox 1488 5690 2362 5765; baseline -0.007 -15"><span class='ocrx_word' id='word_1_823' title='bbox 1488 5696 1513 5736; x_wconf 67' lang='grc' dir='ltr'><strong>ιι</strong></span> <span class='ocrx_word' id='word_1_824' title='bbox 1550 5696 1634 5750; x_wconf 85' lang='grc' dir='ltr'><strong>ἲσ.</strong></span> <span class='ocrx_word' id='word_1_825' title='bbox 1661 5693 1922 5765; x_wconf 78' lang='grc' dir='ltr'><strong>ἐμαυτόν.</strong></span> <span class='ocrx_word' id='word_1_826' title='bbox 1952 5691 2013 5748; x_wconf 88' lang='lat' dir='ltr'><strong>C.</strong></span> <span class='ocrx_word' id='word_1_827' title='bbox 2041 5690 2111 5745; x_wconf 79' lang='grc' dir='ltr'><strong>Μ.</strong></span> <span class='ocrx_word' id='word_1_828' title='bbox 2152 5692 2362 5745; x_wconf 76' lang='grc' dir='ltr'><strong>ἑαυτόν.</strong></span> 
     </span>
    </p>
   </div>
   <div class='ocr_carea' id='block_1_117' title="bbox 3056 5779 3141 5847">
    <p class='ocr_par' dir='ltr' id='par_1_117' title="bbox 3056 5779 3141 5847">
     <span class='ocr_line' id='line_1_117' title="bbox 3056 5779 3141 5847; baseline -0.071 0"><span class='ocrx_word' id='word_1_829' title='bbox 3056 5779 3141 5847; x_wconf 80' lang='grc'><strong>20</strong></span> 
     </span>
    </p>
   </div>
  </div>
