3846 6188
348 267 445 332 (ill

1507 261 1774 325 PHOTII
1813 262 2318 324 PATRIARCHIE
2351 263 2459 322 ΟΡ.

3510 267 3613 335 612

351 395 572 449 nurum,
607 377 677 434 ab
701 377 798 433 illo
819 375 1154 433 seminatore
1177 373 1474 438 malorum,
1505 383 1560 430 et
1589 375 1927 430 architecto:

2047 369 2153 439 οὖν,
2180 372 2306 426 ἐπεὶ
2347 370 2515 443 μηδὲν
2568 371 2705 441 μηδὲ
2752 370 2860 426 τῶν
2909 372 3236 444 τοιούτωνή
3278 372 3616 447 haecum;

347 490 374 528 a
409 469 775 543 potestatibus
814 468 949 532 illis,
987 467 1084 537 qui
1115 480 1149 519 ~a
1188 465 1410 520 sedibus
1439 465 1759 520 caelestibus
1785 464 1933 520 exci-

347 567 566 621 derunt.
639 563 1000 634 lgnorabatne
1065 558 1418 615 insolentiam
1466 558 1822 623 damnosam,
1878 565 1934 613 et

353 673 668 728 supremam
735 655 1000 710 malitiam
1057 651 1390 706 hominum?
1447 649 1504 704 Si
1558 649 1696 704 nihil
1735 649 1931 704 talium

350 751 620 820 sapientia
672 749 942 803 bonorum
975 745 1249 816 operatrix
1285 743 1595 812 ignorabat,
1654 757 1782 796 num
1811 742 1933 796 ideo

350 842 635 897 hominum
689 848 995 910 spontaneo
1057 844 1209 890 motu
1260 835 1609 905 peccantium
1639 872 1654 898 ,
1703 842 1758 887 et
1788 833 1929 888 bona

351 947 454 1002 pro
505 930 664 985 malis
709 927 1027 998 eligentium
1079 934 1296 979 reatum
1354 923 1664 987 abolentes,
1717 923 1770 976 iu
1806 937 1930 977 eum

349 1027 445 1096 qui
496 1022 794 1095 praescivit,
829 1035 914 1086 ea,
952 1027 1161 1073 tantum
1206 1016 1352 1086 quod
1385 1015 1658 1086 prieseivit
1715 1015 1931 1084 culpam

349 1132 569 1173 onmem
618 1110 1018 1184 conjiciemus?
1063 1110 1164 1164 Ast
1201 1109 1422 1163 ubinam
1475 1108 1604 1163 huic
1651 1109 1936 1164 sententiae

351 1204 845 1274 locus?Siquidem
890 1202 1105 1256 intuear
1135 1215 1234 1271 ego
1277 1200 1514 1271 aliquem
1566 1199 1620 1254 in
1677 1200 1934 1270 praecipi-

349 1301 484 1354 tium
537 1305 719 1368 aperte
751 1293 1015 1357 delatum,
1049 1301 1104 1347 et
1153 1307 1219 1348 ex
1260 1306 1323 1347 eo
1355 1299 1632 1346 mortuum
1685 1292 1932 1358 intuear;

2034 465 2220 535 ἠγνόει
2248 464 2432 534 σοφία,
2468 461 2578 535 ἆρα
2603 463 2692 518 διὰ
2731 463 2910 532 τοῦτο,
2944 466 3054 520 τῶν
3081 465 3617 542 ἐθελοκάκῳχνὼμῃ

2033 556 2102 609 τά
2131 557 2301 627 χείρω
2330 555 2440 609 τῶν
2469 557 2797 628 κρειττόνων
2823 555 3216 628 ἀλλαξαμένων
3246 559 3541 628 ἀφελόντες
3558 562 3620 614 τὸ

2035 647 2358 713 ὑπεύθυνον,
2395 647 2489 700 τοῦ
2526 649 2950 719 προεγνωκότος
2972 650 3482 721 καταγνωσόμεθα;
3508 653 3618 705 Καὶ

2034 739 2140 792 ποῦ
2168 739 2328 793 τοῦτο
2360 739 2546 812 χώραν
2581 740 2732 810 ἔχει;
2763 742 2825 794 Ei
2857 741 2968 812 γὰρ
2996 742 3111 812 ἐγώ
3149 761 3270 797 τινα
3317 746 3620 816 φερόμενον

2035 831 2131 884 ἐπὶ
2159 830 2406 903 κρημνὸν
2443 830 2586 894 ἰδὼν,
2632 831 2828 886 ἔπειτα
2860 833 2952 886 τὸν
2982 834 3202 906 δλεθρον
3237 835 3517 908 διαγνοίην
3538 853 3550 866 ⁸
3582 837 3616 908 ἢ

2038 919 2191 990 ξίφος
2214 920 2567 990 σπασάμενον
2607 923 2749 977 κατά
2793 922 2887 976 τοῦ
2931 923 3188 996 πλησίου,
3222 927 3324 981 οὑκ
3366 927 3622 1000 ἀγνοὴσω

2035 1011 2126 1066 τὸν
2172 1011 2367 1082 φόνον·
2404 1009 2493 1084 ἆρ’
2517 1015 2637 1068 ἀντὶ¹
2679 1013 2776 1068 τοῦ
2815 1015 3138 1088 δεδρακότος
3183 1019 3297 1087 ἐγὼ
3323 1019 3424 1091 τὴν
3463 1020 3621 1090 δίκην

2037 1104 2260 1175 ὑπέχειν
2289 1105 2498 1170 δίκαιος
2555 1106 2669 1177 είμί
2695 1125 2710 1174 ;
2740 1107 2803 1159 Εἰ
2833 1107 2890 1159 δὲ
2915 1107 3089 1176 γέλως
3125 1108 3287 1163 τοῦτο
3314 1111 3411 1164 καὶ
3441 1111 3621 1182 παρά-

2035 1211 2176 1261 νοια,
2210 1195 2328 1260 πῶς
2359 1197 2420 1250 οὑ
2455 1197 2624 1268 μανία
2647 1199 2742 1252 καὶ
2768 1199 2945 1270 τόλμα
2974 1201 3097 1255 ἀντὶ
3130 1203 3226 1255 τοῦ
3259 1203 3415 1267 δίκας
3447 1205 3620 1258 ἀπαι-

2035 1288 2172 1352 τεῖν,
2209 1287 2336 1351 τοὺς
2360 1289 2568 1352 αἰτίους
2599 1288 2709 1343 τῶν
2741 1289 2962 1360 φαύλων
2987 1292 3260 1362 πράξεων,
3288 1293 3390 1364 τὴν
3411 1294 3620 1365 δυσφη-

349 1393 396 1447 si
461 1391 628 1444 alium
670 1386 960 1458 evaginato
1012 1385 1194 1456 gladio
1227 1384 1282 1439 in
1330 1384 1643 1455 proximum
1695 1384 1933 1454 aliquem

351 1484 620 1539 furentem
674 1480 923 1545 videam,
1001 1477 1245 1532 occisum
1299 1475 1511 1541 videbo,
1563 1475 1656 1530 sed
1718 1491 1826 1530 non
1876 1485 1938 1530 ut

2039 1378 2170 1448 μίαν
2204 1378 2487 1449 μεθέλκειν
2515 1382 2658 1436 κατά
2699 1381 2802 1451 τῆς
2840 1382 2991 1447 θείας
3037 1383 3404 1456 προγνώσεως
3429 1402 3444 1450 ;
3471 1385 3532 1438 Εί
3578 1382 3622 1436 δ’

2034 1471 2068 1540 ἡ
2093 1468 2403 1539 πρόγνωσις
2436 1471 2549 1524 τῶν
2575 1471 2843 1526 ὑπαιτίων
2872 1473 3190 1540 ἀνεύθυνος,
3223 1471 3333 1546 ἆρα
3367 1475 3621 1548 πρόρρη..

349 1585 501 1629 actor
531 1585 725 1642 poenas
753 1568 914 1624 dabo.
951 1567 1107 1634 Quod
1161 1567 1204 1621 si
1259 1566 1359 1620 hoc
1400 1564 1691 1620 ridiculum
1729 1564 1820 1629 sit,
1881 1572 1937 1620 et

2047 1579 2124 1627 τις
2151 1561 2170 1601 1
2195 1562 2416 1634 ένοχος;
2455 1563 2531 1616 Οὑ
2559 1564 2669 1636 γάρ
2700 1565 2836 1618 διότι
2868 1565 3252 1636 προέγνωσται
3281 1566 3313 1636 ἢ
3355 1567 3624 1637 προείρη-

347 1664 596 1721 amentiae
653 1663 897 1734 plenum,
942 1659 1219 1728 quomodo
1264 1672 1371 1711 non
1415 1656 1591 1711 audax
1624 1655 1774 1711 furor
1803 1671 1934 1711 cen-

2047 1671 2148 1720 ται,
2179 1654 2272 1708 διά
2301 1654 2461 1708 τοῦτο
2505 1655 2919 1726 διαπέπρακται
2940 1698 2955 1723 ,
2990 1657 3108 1710 ἀλλ’
3140 1658 3264 1710 ἐπεὶ
3309 1658 3625 1729 αὐθαιρέτῳ

348 1756 581 1816 sebitur,
630 1767 750 1808 cum
797 1749 1007 1821 culpari
1047 1748 1305 1812 debeant,
1359 1746 1454 1817 qui
1498 1746 1549 1800 id
1611 1755 1930 1816 patrarunt,

2047 1746 2222 1818 κρίσει
2257 1745 2487 1819 πράξειν
2527 1747 2750 1818 ἔμελλον
2781 1748 2820 1802 ἀ
2858 1749 2934 1820 μὴ
2963 1748 3219 1819 ὤφειλον,
3250 1749 3312 1803 τὸ
3347 1750 3626 1821 ἀλάθητον

347 1847 479 1901 ntali
534 1841 766 1910 alicujus
833 1855 1000 1896 causa
1067 1838 1133 1893 ad
1194 1837 1433 1892 divinam
1487 1837 1761 1892 attrahere
1798 1852 1934 1906 pra:-

2047 1840 2132 1892 καὶ
2165 1838 2582 1893 πανεπίσκοπον
2598 1839 2754 1910 δμμα
2773 1841 2868 1894 τοῦ
2899 1840 3038 1894 Θεοῦ
3063 1851 3103 1879 ω
3120 1842 3304 1895 λαϐεῖν
3323 1843 3427 1895 οὑκ
3463 1842 3624 1912 ἔσχον

348 1935 679 1992 scientiam?
722 1933 806 1988 sin
838 1929 1178 2003 praescientia
1215 1937 1370 1983 vacet
1413 1927 1591 1998 culpa,
1635 1943 1702 1981 an
1736 1928 1934 1998 praedi-

2047 1931 2100 1983 τὸ
2125 1930 2406 1986 δυνάσθαι.
2427 1931 2528 1986 Διά
2553 1932 2714 1986 τοῦτο
2733 1933 3024 2004 τοιγαροῦν
3043 1934 3139 1988 καὶ
3160 1934 3188 1986 6
3211 1935 3485 2005 μακάριος
3523 1932 3628 1986 Πέ-

347 2029 458 2083 ctio
490 2036 641 2082 reatu
678 2024 850 2080 teneri
888 2021 1134 2094 poterit?
1164 2018 1283 2076 Non
1311 2020 1434 2076 ideo
1461 2019 1522 2074 fit
1543 2019 1746 2090 aliquid
1785 2021 1932 2090 quod

2047 2039 2187 2094 τρος,
2219 2023 2318 2094 οὐχ
2350 2026 2435 2079 ὅτι
2471 2027 2736 2098 προεῖπεν
2756 2028 2784 2079 6
2822 2027 3127 2097 Δεσπότης,
3169 2027 3476 2098 ἠρνήσατο,
3510 2023 3626 2079 ἀλλ’

349 2117 634 2186 prmseitur
663 2124 718 2171 et
743 2113 1098 2186 pamidetur,
1139 2115 1234 2167 sed
1269 2106 1399 2182 quia
1439 2119 1743 2180 spontaneo
1773 2120 1926 2165 motu

2047 2113 2120 2167 ὅτι
2145 2116 2613 2186 προσολισθαίνειν
2632 2121 2699 2190 τῇ
2727 2120 2962 2190 ἀρνήσει
2985 2118 3202 2190 ἔμελλε,
3233 2120 3325 2172 καὶ
3350 2115 3623 2189 προγινώ-

359 2209 556 2264 facturi
589 2207 826 2274 fuerant,
860 2220 981 2276 quae
1012 2205 1187 2260 facere
1216 2218 1324 2258 non
1355 2201 1614 2257 deberent
1641 2201 1930 2270 homines;

2040 2222 2228 2261 σκεται
2255 2208 2334 2280 τῷ
2361 2208 2678 2281 Διδασκάλῳ
2694 2221 2721 2249 ιι
2754 2212 2850 2264 καὶ
2881 2211 3448 2285 προανακηρύττεται.

348 2316 412 2356 ca
459 2299 682 2354 minime
741 2297 911 2352 latere
959 2303 1190 2366 possunt
1242 2294 1425 2349 omnia
1460 2302 1834 2363 permeantem
1863 2303 1916 2349 et
1951 2305 2282 2369 retegentem
2327 2302 2422 2357 Dei
2471 2304 2714 2360 oculum.
2758 2303 3030 2370 Quocirca
3075 2313 3130 2360 et
3185 2304 3378 2360 beatus
3407 2303 3626 2366 Petrus,

347 2392 617 2463 nonquia
682 2389 930 2460 praedixit
983 2387 1268 2448 Dominus,
1327 2385 1620 2456 abnegavit
1681 2401 1832 2453 eum,
1900 2387 1994 2444 sed
2041 2393 2300 2460 quoniam
2375 2395 2685 2454 exorbitare
2747 2412 2844 2468 per
2904 2397 3322 2469 abnegatiouetn
3372 2397 3627 2461 volebat,

349 2486 470 2543 ideo
501 2483 756 2553 Magister
794 2483 913 2553 ejus
943 2481 996 2536 id
1021 2481 1294 2552 prazscivit
1318 2491 1371 2536 et
1410 2480 1665 2549 praedixit
1711 2480 1914 2550 palam.

328 2595 676 2668 ,QUJ‘ESTIO
747 2595 975 2655 XCVIII.
1009 2596 1198 2669 [CoisL
1243 2595 1469 2653 CCLXI.
1503 2596 1668 2651 Taur.
1701 2597 1928 2671 CCLIIJ

2582 2607 2920 2664 sparum:
2945 2612 3067 2678 ur.

465 2715 609 2767 Edita
649 2728 678 2763 a
721 2715 1036 2776 Montacutio,
1079 2728 1158 2779 ep.
1208 2714 1315 2777 180,
1359 2715 1423 2766 ad
1460 2715 2481 2841 Constant,ep'lzfglftahdiiantilogia
2519 2720 2652 2769 inter
2690 2717 2842 2772 verba
2891 2721 3073 2775 Christi
3121 2723 3291 2774 Joaun.
3338 2739 3386 2785 ι’,
3443 2725 3498 2774 3|

408 2892 746 2965 Expeditam
816 2887 1135 2960 quaestionis
1199 2896 1308 2944 tuae
1371 2886 1702 2943 solutionem
1772 2887 1934 2944 dabo.

357 3006 376 3040 ι
409 2986 476 3042 Si
505 3001 609 3058 ego
639 2982 1014 3042 testimonium
1045 2980 1181 3035 mihi
1213 2979 1280 3035 de
1336 2993 1426 3034 me
1463 2979 1746 3049 perhibeo,
1783 2980 1940 3037 testi-

2118 2888 2394 2962 Σύντομόν
2420 2907 2503 2944 σοι
2526 2891 2625 2962 τῆς
2654 2891 2890 2962 ἀτορίας
2920 2889 3018 2962 τὴν
3048 2889 3201 2944 λύσιν
3232 2890 3342 2965 ἐρῶ
3362 2907 3375 2920 ·
3403 2892 3464 2946 τὺ
3501 2892 3630 2963 μὲν,

2053 2998 2072 3031 ι
2114 2979 2243 3036 Ἐὰν
2274 2978 2387 3050 ἐγὼ
2415 2981 2678 3052 μαρτυρῶ
2707 2981 2838 3053 περὶ
2870 2980 3135 3053 ἐμαυτοῦ,
3161 2983 3194 3052 ή
3227 2982 3502 3054 μαρτυρία
3524 3001 3628 3054 μου

353 3079 600 3136 monium
637 3091 820 3132 meum
859 3087 1047 3130 verum
1084 3087 1192 3127 non
1225 3079 1310 3126 est
1329 3071 1412 3126 “z
1456 3088 1475 3123 ι
1507 3071 1624 3141 lege
1657 3085 1752 3140 per
1778 3072 1940 3128 inter-

2047 3071 2144 3126 οὑκ
2187 3071 2336 3126 ἔστιν
2367 3072 2572 3144 ἀληθής
2595 3091 2608 3104 ·
2649 3093 2668 3126 ι
2704 3073 3022 3143 ἀνάγνωσον
3078 3074 3202 3128 κατ’
3234 3073 3524 3146 ἐρώτησιν,
3560 3077 3632 3130 δι’

355 3172 692 3245 rogationem
726 3187 740 3226 :
795 3182 892 3240 per
925 3165 1073 3222 istud
1104 3163 1363 3220 Servator
1395 3161 1712 3219 Judaaorum
1747 3163 1934 3234 suspi-

356 3268 570 3322 eionem
603 3262 886 3332 redarguit
913 3268 966 3316 et
996 3257 1222 3315 refellit.
1259 3255 1354 3311 Est
1380 3265 1565 3312 autem
1597 3275 1612 3313 :
1653 3275 1673 3309 ι
1707 3256 1940 3312 Etiamsi

355 3360 425 3414 de
461 3358 668 3428 meipso
727 3352 1107 3410 testimonium
1156 3351 1294 3419 fero,
1347 3349 1725 3407 testimonium
1757 3364 1939 3405 meum

355 3464 545 3504 verum
573 3445 742 3501 est".
781 3463 801 3496 ι
851 3442 1044 3512 Cogita
1096 3441 1387 3496 Dominum
1433 3440 1537 3495 hoc
1573 3439 1629 3493 in
1656 3439 1779 3494 loco
1817 3454 1944 3508 pro-

356 3540 534 3610 priam
570 3552 726 3593 suam
771 3535 1006 3590 sententi
1047 3549 1100 3588 m
1134 3547 1339 3604 ponere
1364 3547 1427 3588 ac
1457 3531 1816 3603 pronuntiare
1846 3549 1858 3586 :
1891 3541 1944 3586 et

359 3640 656 3702 prietextus
684 3630 773 3685 ille
799 3628 1152 3685 dubitationis
1189 3641 1474 3683 accessum
1508 3641 1619 3681 non
1649 3625 1886 3680 admittit
1927 3642 1939 3678 :

359 3734 452 3779 aut
487 3724 534 3778 si
591 3733 644 3777 tu
676 3721 854 3776 mavis
895 3719 1206 3788 (difﬁculter
1240 3718 1386 3773 enim
1440 3717 1681 3788 suppetit
1712 3717 1944 3772 facultas

360 3817 426 3870 ad
486 3815 731 3870 omnium
799 3811 1201 3868 dubitationum
1277 3809 1604 3880 solutiones)
1654 3808 1946 3878 dupliciter

359 3904 696 3960 constitutus
740 3910 858 3956 erat
891 3899 1154 3954 Dominus
1192 3895 1568 3954 noster-Jesus
1601 3897 1880 3963 Christus,
1916 3912 1947 3952 e

360 3997 568 4052 Deitate
598 3995 857 4049 nimirum
910 4001 965 4048 et
1002 3991 1364 4047 humanitate.
1394 3990 1532 4045 Illud
1558 3990 1765 4045 dictum
1795 4007 1810 4045 :
1841 4010 1859 4042 ι
1888 3988 1947 4044 Si

360 4081 736 4137 testimonium
765 4096 867 4151 ego
923 4081 1205 4150 perhibeo,
1243 4099 1260 4132 ι
1303 4088 1434 4144 etc.,
1469 4080 1772 4136 secundum
1802 4080 1946 4150 leges

358 4176 614 4229 humanas
655 4182 864 4228 natura:
906 4171 1342 4244 intelligendum,
1378 4171 1658 4242 quomodo
1689 4183 1742 4228 et
1775 4173 1947 4228 multa

360 4270 588 4339 insuper
644 4267 750 4321 alia
818 4267 1205 4335 suscipiemus.
1272 4264 1444 4320 Nemo
1481 4265 1628 4320 enim
1663 4265 1946 4320 hominum

360 4362 426 4415 de
457 4360 640 4430 seipso
668 4359 848 4415 ferens
867 4358 1240 4415 testimonium
1271 4358 1430 4414 testis
1462 4359 1565 4414 fide
1601 4358 1800 4427 dignus
1825 4367 1944 4414 est:

2043 3158 2129 3236 ἦς,
2165 3163 2273 3236 πρὸ
2295 3165 2568 3232 ἁπάντων,
2593 3166 2620 3218 6
2651 3165 2840 3239 Σωτὴρ
2863 3166 2962 3238 τὴν
2986 3165 3098 3220 τῶν
3127 3167 3397 3221 Ἰουδαίων
3427 3167 3630 3238 ὑπόληι

2043 3256 2136 3327 ψιν
2165 3257 2377 3328 ἐλέγχει
2403 3257 2497 3311 καὶ
2525 3257 2877 3328 διακρούεται
2903 3273 2918 3288 ⁶
2949 3260 3010 3311 τὸ
3039 3258 3116 3324 δὲ,
3151 3277 3169 3310 ι
3199 3257 3320 3312 Κᾶν
3337 3257 3448 3327 ἐγὼ
3481 3275 3633 3330 μαρ-

2044 3347 2195 3418 τυρῶ
2225 3347 2354 3418 περὶ
2400 3346 2663 3418 ἐμαυτοῦ,
2693 3349 2724 3418 ἡ
2756 3347 3030 3420 μαρτυρία
3056 3365 3158 3419 μου
3197 3349 3405 3420 ἀληθής
3432 3349 3549 3401 ἐστι
3569 3366 3582 3379 ’
3605 3367 3625 3400 ι

2044 3439 2145 3511 τὴν
2179 3439 2314 3493 ίδίαν
2339 3439 2556 3493 τιθέντα
2593 3439 2779 3510 ψῆφον
2839 3439 2936 3492 καὶ
2967 3441 3407 3510 ἀποφαινόμενον
3455 3443 3636 3494 εἰπεῖν

2047 3533 2138 3586 τὸν
2165 3533 2440 3603 Δεσπότην
2483 3532 2693 3603 νόμιζε,
2725 3532 2821 3587 καὶ
2865 3533 3220 3605 παρείσδυσιν
3253 3534 3350 3604 οὐχ
3392 3532 3504 3600 ἐξει
3532 3533 3636 3600 τῆς

2047 3626 2281 3697 ἀπορίας
2313 3628 2344 3697 ἡ
2385 3625 2678 3698 πρόφασις.
2719 3627 2790 3679 Ἣ
2822 3627 2871 3680 εί
2915 3625 3096 3698 βούλει
3124 3626 3246 3697 (οὑκ
3294 3627 3500 3699 ἄπορον
3523 3628 3635 3697 γὰρ

2046 3721 2127 3782 είς
2159 3719 2438 3783 ἐπιλύσεις
2461 3720 2561 3789 τῆς
2581 3720 2844 3788 ἀληθείας
2875 3721 2908 3791 ἡ
2939 3718 3217 3791 δύναμις),
3245 3719 3562 3783 ἐπιδιπλοῦς
3582 3724 3634 3756 ιι·

2045 3808 2114 3884 ἦν
2157 3814 2186 3866 ὁ
2218 3813 2423 3882 Κύριος
2458 3813 2617 3884 ἡμῶν
2655 3815 2864 3885 Ἰησοῦς
2891 3817 2918 3869 6
2950 3813 3187 3885 Χριστὸς
3213 3851 3228 3877 ,
3265 3814 3330 3867 ὲκ
3375 3811 3635 3882 θεότητος

2048 3908 2144 3961 καὶ⁷
2195 3905 2636 3978 ἀνθρωπότητος.
2680 3908 2755 3960 Τὸ
2802 3907 2900 3977 μὲν
2924 3946 2940 3972 ,
2979 3925 3000 3958 ι
3039 3905 3168 3961 Ἐἀν
3207 3903 3319 3972 ἐγὼ
3361 3902 3634 3975 μαρτυρῶ

2051 4001 2179 4071 περὶ
2209 3999 2474 4070 ἐμαυτοῦ,
2519 4001 2554 4070 ἡ
2587 4001 2862 4071 μαρτυρία
2891 4017 2992 4070 μου
3022 3998 3124 4052 οὑκ
3154 3996 3301 4051 ἔστιν
3331 3995 3538 4067 ἀληθής
3567 4011 3581 4024 ο
3609 4013 3628 4046 ι

2049 4091 2198 4163 νόμῳ
2225 4090 2440 4160 φύσεως
2459 4092 2557 4160 τῆς
2579 4091 2932 4162 ἀνθρωπίνης
2949 4133 2963 4157 ,
2989 4090 3178 4160 ὥσπερ
3203 4090 3298 4143 καὶ
3324 4088 3495 4142 πολλά
3516 4088 3634 4141 ἓτε-

2052 4200 2140 4256 ρα,
2176 4190 2201 4216 °
2231 4181 2624 4253 διαληψόμεθα.
2655 4182 2843 4246 Οὐδεὶς
2893 4183 3003 4253 γὰρ
3049 4181 3354 4253 ἀνθρώπων
3396 4183 3474 4244 εἰς
3533 4179 3634 4252 τὴν

2050 4274 2211 4339 αὑτὸς
2268 4274 2433 4327 αὑτοῦ
2474 4275 2784 4346 μαρτυρίαν
2834 4275 3184 4340 ἀξιόπιστος’
3217 4275 3279 4328 τὸ
3316 4274 3392 4338 δὲ,
3434 4293 3454 4326 ι
3509 4273 3632 4326 Ἐὰν

2052 4367 2165 4436 ἐγὼ
2209 4367 2472 4438 μαρτυρῶ
2505 4369 2634 4435 περὶ
2679 4367 2943 4438 ἐμαυτοῦ,
2977 4369 3010 4437 ἡ
3044 4366 3321 4438 μαρτυρία
3356 4383 3460 4435 μου
3492 4365 3630 4436 ἀλη-

360 4463 418 4507 at
450 4473 467 4506 ι
506 4457 550 4508 si
582 4468 684 4524 ego
714 4452 1092 4508 testimonium
1129 4451 1196 4508 de
1219 4467 1304 4506 me
1324 4451 1608 4522 perhibeo,
1638 4469 1656 4503 ι
1696 4459 1826 4519 etc.,
1857 4467 1940 4506 se-

2051 4455 2153 4527 θής
2201 4457 2370 4521 ἐστιν,
2419 4455 2694 4527 ἀξιώματι
2762 4458 2858 4512 καὶ
2906 4457 3127 4530 ἐξουσίᾳ
3182 4457 3281 4529 τῆς
3331 4457 3629 4528 θεότητοςο

360 4547 605 4602 cundum
639 4545 962 4616 dignitatem
1004 4553 1058 4601 et
1102 4544 1402 4614 potentiam
1454 4543 1692 4600 deitatis.
1752 4541 1948 4598 Nullus

361 4637 506 4690 enim
541 4636 748 4707 indiget
780 4650 1037 4706 suprema
1064 4635 1310 4690 omnium
1354 4633 1562 4690 Natura
1593 4643 1648 4690 et
1685 4635 1948 4690 Dominus

361 4729 444 4782 vel
482 4729 782 4784 testimonii
825 4728 910 4783 vel
953 4727 1388 4784 conﬁrmationis
1447 4727 1710 4793 aliunde;
1763 4734 1950 4797 utpote

363 4835 486 4889 qua:
545 4820 614 4874 ab
668 4820 816 4876 intus
866 4829 921 4876 et
963 4837 993 4877 e
1026 4820 1190 4876 domo
1230 4820 1388 4875 fidem
1435 4819 1538 4875 sibi
1586 4817 1949 4874 adhibendam

366 4918 627 4979 procurat
657 4927 671 4975 ;
728 4910 821 4965 sed
870 4913 1103 4968 ulterius
1130 4913 1254 4967 aliis
1287 4911 1547 4966 omnibus
1583 4911 1782 4982 quibus
1816 4910 1950 4966 ﬁdes

371 5000 682 5070 adhibetur,
715 5011 978 5074 tanquam
1007 5004 1133 5061 fons
1161 5004 1490 5062 exsistendae
1515 5011 1570 5059 et
1591 5002 1951 5059 subsistendae

371 5093 499 5150 ﬁdei
525 5104 612 5149 est
643 5109 708 5150 ac
767 5097 942 5167 origo.
989 5095 1058 5152 Et
1102 5098 1219 5154 hac
1275 5097 1524 5153 sullicere
1560 5104 1819 5166 tanquam
1853 5109 1952 5166 per

375 5187 653 5258 epitomen
702 5187 946 5244 sublecta
991 5189 1337 5246 crediderim.
1386 5190 1526 5245 Sunt
1557 5199 1818 5260 praeterea
1844 5203 1952 5244 non

373 5295 563 5351 pauca:
626 5279 932 5338 solutiones
993 5281 1415 5348 antedictorum,
1453 5297 1575 5351 qua:
1611 5280 1785 5353 magis
1810 5279 1953 5336 dila-

442 5396 488 5430 “
516 5393 674 5454 Joan.
715 5414 767 5464 ν,
799 5398 888 5454 51.
965 5399 1010 5432 θ’
1038 5397 1198 5456 Joan.
1227 5415 1326 5456 νιιι
1382 5399 1469 5455 14.

2053 4547 2362 4619 ἀπροσδεὴς
2389 4548 2498 4620 γὰρ
2529 4550 2562 4620 ή
2596 4548 2784 4604 πασῶν
2817 4550 3080 4605 ἀνωτάτω
3136 4548 3319 4618 φύσις,
3361 4549 3458 4602 καὶ
3491 4549 3631 4602 πάν-

2050 4655 2159 4695 των
2192 4639 2495 4708 Δεσπότης,
2525 4642 2624 4711 τῆς
2654 4640 2925 4710 ἑτέρωθεν
2951 4639 3261 4712 μαρτυρίας
3283 4639 3375 4693 καὶ
3404 4638 3636 4710 βεόαιὼ-

2054 4746 2216 4797 σεως,
2239 4731 2340 4784 οὑκ
2358 4729 2569 4784 οίκοθεν
2591 4731 2752 4802 μόνον
2767 4731 3182 4803 προϐαλλομένη
3206 4731 3266 4785 τὸ
3283 4731 3633 4794 αὑτόπιστον,

2055 4823 2192 4878 ἀλλὰ
2212 4823 2322 4894 γὰρ
2353 4822 2448 4877 καὶ
2471 4825 2586 4887 τοῖς
2608 4823 2792 4887 ἄλλοις
2818 4823 3045 4890 ἀπασιν,
3073 4819 3156 4888 οἷς
3199 4822 3260 4877 τὸ
3307 4822 3502 4876 πιστὸν
3535 4840 3633 4876 πε-

2059 4915 2349 4988 ριγίνεται,
2385 4913 2576 4986 ὥσπερ
2628 4912 2780 4986 πηγὴ
2811 4914 3119 4979 οὑσιὼσεως
3166 4916 3261 4968 καὶ
3307 4914 3593 4984 ὑπάρξεως
3618 4953 3632 4978 ,

2057 5004 2198 5058 οὕτω
2221 5004 2281 5058 δὲ
2325 5005 2421 5059 καὶ
2472 5002 2815 5069 ἀξιοπιστίας
2864 5004 3208 5076 ὑπάρχουσα.
3255 5002 3417 5058 Ἀλλὰ
3462 5004 3638 5058 ταῦτα

2059 5097 2185 5169 μὲν,
2213 5097 2288 5162 ὡς
2334 5095 2455 5150 κατ’
2485 5096 2754 5168 ἐπιτομὴν
2790 5095 2992 5159 ἱκανῶς
3028 5097 3173 5167 ἔχειν
3213 5092 3390 5168 οἶμαι.
3429 5095 3552 5149 Εἰσὶ
3582 5095 3640 5148 δὲ

2061 5189 2156 5243 καὶ
2185 5188 2295 5243 τῶν
2325 5188 2632 5260 εἰρημένων
2659 5189 2741 5252 είς
2767 5187 2970 5252 πλάτος
2998 5189 3202 5260 μᾶλλον
3221 5187 3640 5259 ἀποτεινόμεναι

2059 5279 2153 5334 τοῦ
2185 5280 2556 5352 προκειμένου
2585 5279 2769 5345 λύσεις
2786 5281 2888 5336 οὑκ
2919 5280 3128 5350 ὀλίγαι·
3160 5274 3248 5345 αἷς
3273 5281 3354 5336 ὅτι
3377 5283 3502 5344 ταῖς
3535 5297 3639 5334 πα·-

1694 5489 1933 5547 VARUS
1973 5487 2379 5548 LECTIONES.

433 5657 495 5736 1n
503 5651 674 5736 θερί,
705 5655 818 5736 οὑξ
856 5657 890 5728 ἡ
914 5656 1244 5736 πρόρρησιῇ
1266 5658 1384 5715 sine
1413 5657 1572 5736 signo
1601 5659 2064 5736 interrogationis.

372 5726 428 5762 ³³⁵
452 5723 515 5784 C.
547 5721 622 5782 Μ.
647 5722 688 5784 f.
717 5727 822 5784 155
853 5721 890 5785 ti
910 5721 1037 5784 ἐπεῖ
1053 5721 1300 5795 διπλοῦς.
1375 5740 1397 5762 °
1422 5721 1718 5806 είῖρῆσθαιη

2185 5673 2224 5747 _‘"
2259 5662 2346 5718 τσ.
2378 5660 2584 5717 λαθεῖν.
2700 5669 2723 5696 π’
2755 5658 2819 5717 C.
2859 5657 2928 5712 Μ.
2961 5656 3048 5713 hic
3105 5654 3229 5713 add.
3283 5652 3632 5727 προλέγεται.
