3846 6188
220 261 325 326 613

1055 256 1153 315 AD
1194 249 1788 313 AMPHILOCHIUM
1817 244 2162 322 QUfESTIO
2200 243 2468 317 XCVIII,
2510 242 2715 302 XCIX.

3375 236 3481 301 614

218 369 435 441 τρικαῖς
466 362 810 437 ἐνομιλοῦντι
844 360 1049 433 βίϐλοις
1091 362 1220 432 ῥᾷόν
1242 361 1393 413 ἐστιν
1414 359 1679 430 ἐντυχεῖν,
1703 358 1798 412 καὶ
1825 409 1831 420 ,

1937 363 2107 419 tntur,
2141 354 2195 408 in
2236 367 2377 423 quas
2405 348 2563 406 facile
2615 359 2694 415 tu,
2727 348 2819 418 qui
2852 348 3076 404 Patrum
3126 347 3347 404 lectioni
3380 364 3484 405 as—

219 459 474 531 οὑδεμίαν
501 458 752 528 ἀνάγκην
781 453 892 526 ὁρῶ
906 456 1020 517 τοῖς
1045 455 1251 524 ἐτέρων
1271 452 1550 524 φροντίσιν
1572 450 1797 523 ἐμαυτῷ

222 546 651 619 συναπαρτίςειν
686 545 748 598 τὸ
797 545 1028 614 ῥᾷστον·
1058 539 1200 594 ἐκὼν
1240 538 1336 593 νῦν
1384 539 1607 609 ἀφίημι.
1648 536 1801 591 Είδέ-

220 660 305 696 ναι
329 640 517 711 μέντοι
542 638 668 710 χρὴ,
683 638 765 690 ὅτι
791 636 885 689 καὶ
902 634 1154 698 τδ,‹Ἐὰν
1178 630 1289 701 ἐγὼ
1307 630 1514 696 δοξάζω
1535 631 1799 701 ἐμαυτὸν,

221 738 253 805 ὴ
288 734 415 799 δόξα
450 750 554 804 μου
614 731 765 785 οὑδέν
812 728 1061 799 ἐστινσῆ
1101 727 1191 781 διὰ
1229 729 1330 795 τῆς
1368 724 1488 779 κατ’
1533 722 1803 795 ἐρώτησιν

222 824 613 894 ἀναγνώσεως,
650 823 683 894 ἢ
714 821 859 876 κατὰ
910 822 1034 884 τοὺς
1077 820 1459 888 προσήκοντας
1511 815 1710 887 νόμους
1734 817 1799 886 τῇ

223 921 545 995 ἀνθρωπίνῃ
577 918 760 990 φύσει,
798 918 861 971 τὸ
888 916 1050 988 ῥητὸν
1085 913 1334 986 εἰρῆσθαι
1355 910 1803 977 ἐξακούοντεςείς

224 1013 485 1086 οὐδεμίαν
518 1012 584 1068 ἂν
617 1010 917 1080 συζήτησιν
946 1002 1456 1075 περιενεχθείημεν.

775 1295 1110 1355 εΡοΤΗΣιΣ
1137 1299 1252 1368 te.

1907 442 2097 507 suetis,
2152 441 2390 497 incidere
2419 440 2594 510 possis
2621 456 2636 505 ;
2672 452 2773 494 nec
2798 439 2963 493 ullam
2995 440 3265 510 perspicio
3296 456 3488 513 neces-

1906 535 2142 599 sitatem,
2211 549 2308 588 cur
2367 547 2468 603 ego
2524 533 2592 588 ab
2668 531 2900 587 aliorum
2956 534 3191 589 inventis
3242 542 3487 589 astruam

1909 626 2159 681 mihimet
2206 625 2561 692 facilitatem;
2615 617 2789 680 libens
2822 640 2950 695 ergo
2997 626 3265 680 omittam.
3301 624 3490 680 Scien-

1911 717 2040 773 dum
2072 732 2237 788 porro
2268 729 2449 772 tamen
2472 727 2575 782 est,
2609 719 2757 788 quod
2786 716 3006 772 effatum
3041 717 3193 774 illud.
3234 737 3251 769 ι
3290 717 3345 771 Si
3376 716 3464 787 glo

1913 806 2069 863 rilico
2099 807 2392 877 mcipsum,
2426 808 2597 878 gloria
2631 824 2751 863 mea
2806 808 2943 862 nihil
2978 808 3126 863 est”
3158 825 3170 860 :
3208 827 3227 859 ι
3284 809 3366 863 vel
3398 822 3495 878 per

1910 898 2391 969 interrogationem
2465 900 2779 970 legendum,
2838 908 2934 955 aut
2995 901 3294 955 secundum
3350 901 3496 970 leges

1912 1007 2035 1061 quae
2089 999 2402 1060 congruunt
2454 990 2711 1048 humanae
2780 1002 2991 1048 natum
3055 993 3493 1062 intelligendum.

1916 1083 2093 1153 Atque
2123 1081 2197 1137 ita
2224 1098 2334 1138 non
2387 1082 2515 1151 erit,
2559 1098 2658 1139 cur
2686 1083 2755 1138 ab
2786 1084 2912 1141 ullis
2951 1085 3354 1155 quaestionibus
3385 1085 3498 1140 cir-

1918 1189 2294 1245 cumagamur.

1928 1290 2257 1358 ρυΑΞδΤΙΟ
2292 1292 2477 1349 XCIX.
2511 1291 2701 1365 [CoisL
2752 1292 3002 1348 CCLXII.
3053 1292 3215 1349 Taur.
3254 1292 3498 1363 CCLIIIJ

231 1418 369 1471 Edita
392 1434 419 1470 a
444 1414 768 1477 Montacutio,
817 1429 899 1478 ep.
954 1414 1061 1475 181,
1099 1413 1164 1463 ad
1190 1411 1436 1473 Eulamp.,
1473 1422 1520 1471 p.
1542 1404 1831 1519 ἓὲἓῖἓτιὶέ

1937 1410 2157 1529 [ἲιιὲἒῖιὲ
2187 1406 2341 1456 verba
2380 1404 2610 1469 discipuli
2643 1407 2818 1457 Joann.
2850 1419 2949 1467 xw,
2989 1407 3033 1466 5,
3081 1420 3191 1456 cum
3214 1408 3503 1469 praeceden-

305 1593 388 1664 Τῇ
420 1591 731 1659 Δεσποτικῇ
767 1590 918 1658 φωνῇ
947 1590 1012 1659 τῇ
1042 1585 1303 1655 λεγούσῃ,
1342 1602 1361 1634 ‹
1396 1582 1571 1636 Ὅπου
1616 1576 1815 1646 ὑπάγω

1992 1575 2051 1630 1η
2077 1576 2360 1633 Dominico
2390 1578 2484 1633 illo
2527 1578 2900 1648 pronuntiato,
2934 1595 2953 1629 ι
2973 1575 3094 1643 Quo
3120 1592 3221 1648 ego
3251 1579 3388 1633 vado
3414 1580 3503 1634 in-

236 1684 346 1754 ἐγὼ
379 1684 583 1751 οίδατε,
611 1682 706 1737 καὶ
730 1681 829 1751 τὴν
861 1679 980 1732 ὁδὸν
1020 1677 1222 1743 οίδατὲ,
1256 1695 1275 1728 ι
1306 1675 1407 1729 οὑκ
1456 1668 1818 1733 ἀνακόλουθος

235 1776 355 1830 οὐδὲ
384 1775 648 1829 τάναντία
672 1773 969 1842 φθέγγεται
996 1770 1149 1841 ήτοῦ
1169 1766 1416 1839 μαθητοῦ
1435 1763 1782 1833 ὑποφώνησις
1799 1774 1816 1792 ο

241 1881 260 1915 ι
297 1865 496 1936 Κύριε,
528 1863 629 1916 οὑκ
685 1862 909 1931 οἴδαμεν
942 1859 1046 1913 ποῦ
1082 1860 1339 1927 ὑπάγεις,
1378 1856 1471 1911 καὶ
1514 1853 1631 1917 πῶς
1658 1849 1820 1906 δυνά-

240 1956 380 2026 μεθα
412 1955 512 2026 τὴν
534 1954 656 2008 ὁδὸν
686 1953 892 2021 γνῶναι
918 1970 932 2019 ;
970 1970 990 2004 ι
1028 1952 1104 2005 Οὑ
1148 1950 1262 2021 γὰρ
1292 1948 1480 2011 ἅπλῶς
1499 1986 1512 2013 ,
1546 1945 1651 1999 οὐδ’
1679 1946 1821 1999 ἀπο-

238 2050 411 2112 λύτως
456 2047 638 2111 τοῦτο,
690 2046 811 2100 οὑδέ
854 2046 1027 2118 χωρίς
1062 2061 1208 2108 τινος
1252 2040 1672 2114 προηγουμένης
1696 2037 1823 2089 ὑπο-

241 2140 443 2202 θέσεως
484 2139 703 2210 είρηται
730 2155 744 2168 ·
778 2137 895 2192 ἀλλ’
924 2137 1038 2208 ἔχει
1066 2132 1500 2207 προηγούμενον,
1517 2124 1561 2200 ᾧ
1579 2130 1674 2184 καλ⁹
1696 2146 1823 2182 συν-

240 2232 475 2284 άπτεται
534 2228 618 2292 τὸ,
690 2246 709 2280 ι
766 2228 937 2284 Πάλιν
982 2227 1239 2300 ἔρχομαι,
1288 2226 1385 2278 κοιλ⁸
1422 2221 1823 2294 παραλήψομαι

245 2323 405 2392 ὑμᾶς.
445 2340 465 2374 ι
496 2319 668 2374 Τοῦτο
695 2321 807 2391 γὰρ
837 2319 1029 2387 εἰπὼν,
1055 2317 1414 2373 ἐπισυνάπτει
1434 2316 1523 2370 διὰ
1550 2313 1642 2369 τοῦ
1662 2354 1675 2377 ,
1701 2314 1822 2379 ἵνα,

247 2415 338 2468 καὶ
374 2414 477 2486 τὴν
509 2415 693 2469 αἰτίαν
723 2415 821 2485 τῆς
854 2413 1223 2485 παραλήψεως
1256 2414 1335 2477 είς
1362 2411 1490 2483 τρία
1518 2408 1693 2464 ταῦτα
1744 2408 1826 2462 δι-

248 2507 378 2560 ελὼν
405 2508 581 2579 αὑτήν
612 2523 626 2538 ’
668 2508 751 2570 είς
777 2525 838 2561 τε
867 2506 930 2560 τὺ
964 2503 1104 2561 εῖναι
1128 2508 1251 2569 τοὺς
1285 2504 1556 2576 μαθητὰς,
1581 2503 1708 2557 ἔνθα
1733 2501 1828 2556 καὶ

245 2601 273 2652 ό
300 2599 632 2663 Διδάσκαλος
657 2615 670 2629 ·
709 2601 805 2655 καὶ
853 2599 934 2663 εἰς
966 2598 1028 2652 τὸ
1061 2598 1259 2652 ειδέναι
1288 2598 1422 2652 ὅπου
1463 2596 1696 2665 ὑπάγει·
1732 2596 1829 2650 καὶ

247 2694 325 2755 εἰς
357 2692 417 2745 τὸ
452 2691 551 2761 τὴν
577 2692 692 2745 ὁδὸν
718 2692 938 2747 εἰδέναι.
969 2692 1106 2763 Φησὶ
1137 2690 1267 2763 γάρ,
1308 2710 1325 2742 ι
1364 2690 1532 2743 Πάλιν
1569 2688 1825 2760 ἔρχομαι,

250 2786 339 2838 καὶ
400 2785 795 2856 παραλήψομαι
860 2787 1006 2855 ὑμᾶς
1054 2786 1189 2855 πρὸς
1248 2782 1509 2853 ἐμαυτόν.
1550 2801 1569 2834 ι
1600 2781 1699 2835 Διὰ
1737 2781 1828 2847 τίς

257 2899 275 2930 ε
308 2879 430 2933 Ἵνα
482 2881 619 2932 ὅπου
662 2880 779 2948 εἰμὶ
810 2877 944 2947 ἐγὼ,
978 2879 1073 2932 καὶ
1104 2878 1261 2947 ὑμεῖς
1291 2871 1389 2948 ἦτε
1412 2893 1424 2906 ·
1462 2874 1559 2928 καὶ
1585 2874 1670 2929 ἵνα
1696 2874 1829 2926 ὅπου

250 2972 446 3040 ὑπάγω
476 2972 679 3037 οἴδατε,
719 2971 810 3025 καὶ
840 2972 928 3023 ἵνα
964 2970 1061 3041 τὴν
1101 2970 1218 3024 όδὺν
1260 2968 1441 3022 οἴδατε
1473 2983 1486 2997 ⁶
1531 2986 1550 3019 ›
1586 2965 1683 3021 τοῦ
1707 2967 1827 3032 ἵνα,

249 3065 491 3135 δηλο;ότι
527 3069 644 3128 ταῖς
678 3066 856 3135 τρισὶν
886 3063 1109 3127 αἰτίαις,
1140 3063 1213 3127 ὡς
1237 3061 1497 3125 πολλάκις
1519 3059 1697 3122 εῐωθε,
1720 3077 1835 3113 κοι-

252 3160 663 3229 νοποιουμένου.
724 3157 936 3211 Οὐκοῦν
988 3157 1068 3222 τὸ,
1102 3156 1306 3210 είδέναι
1330 3154 1430 3227 τὴν
1459 3154 1579 3209 ὁδόν
1599 3170 1614 3187 ο
1644 3154 1741 3207 καὶ
1772 3154 1834 3207 τὸ

250 3251 382 3303 ὅπου
439 3250 665 3319 ὑπάγει,
693 3248 848 3302 οὑπω
889 3248 1077 3317 ἔλεγεν
1112 3248 1297 3310 αὑτοῖς
1323 3247 1613 3318 παρεῖναι·
1645 3244 1835 3314 ὥσπερ

251 3343 370 3396 οὑδέ
405 3342 489 3408 τὸ,
524 3343 605 3406 είς
652 3341 917 3413 οὐρανοὺς
960 3339 1109 3409 αὑτῷ
1159 3342 1437 3394 συνεῖναι·
1472 3338 1589 3392 ἀλλ’
1615 3339 1695 3402 εἰς
1744 3338 1836 3391 τὸν

252 3434 344 3487 τοῦ
376 3431 776 3503 ἐπανέρχεσθαι
809 3432 1026 3503 καιριν,
1081 3431 1177 3483 καὶ
1236 3430 1689 3502 παραλαμϐάνειν
1737 3431 1837 3483 αὑ-

253 3528 403 3589 τοὺς,
458 3524 857 3595 τεταμιεὺσθαι
916 3525 1104 3587 αὑτοῖς
1145 3523 1341 3578 ταῦτα.
1374 3523 1555 3594 Τριῶν
1598 3523 1692 3577 οὖν
1725 3526 1839 3589 τοῖς

260 3619 561 3689 μαθηταῖς,
621 3618 764 3672 κατὰ
789 3619 888 3690 τὴν
921 3618 1200 3684 ἐπάνοδον,
1251 3616 1632 3687 ὑπισχομένων
1659 3634 1672 3648 ο
1703 3617 1839 3669 ἀπο-

258 3710 556 3781 θαυμάζων
580 3713 608 3763 ὁ
638 3710 841 3781 Θωμᾶς
864 3710 924 3764 ἰδ
955 3711 1187 3781 μέγεθος
1241 3710 1350 3764 τῶν
1384 3711 1837 3782 ἐπηγγελμένων,

259 3806 352 3856 ἆτε
368 3803 433 3873 δὴ
453 3802 591 3873 μηδὲ
615 3802 709 3855 τοὺ
736 3801 1017 3866 ἐλάττονός
1044 3820 1129 3855 πω
1163 3805 1222 3855 ἐν
1250 3802 1553 3873 καταλήψει
1577 3801 1839 3870 γεγονὼς,

260 3895 488 3956 εἰκότως
514 3892 913 3963 διαμφισϐητεῖ
948 3893 1066 3956 πῶς
1116 3894 1175 3947 ἐν
1238 3894 1462 3964 μεθέξει
1518 3895 1842 3966 γενήσονται

258 3984 367 4039 τῶν
431 3982 695 4054 μειζόνων
718 4001 732 4014 ·
765 3984 987 4038 ἔλαττον
1026 3985 1134 4056 γὰρ
1181 3988 1243 4039 τὸ
1288 3988 1489 4040 εἰδέναι
1529 3987 1715 4050 ἁπλῶς
1739 3987 1842 4040 ποῦ

260 4077 377 4130 τόδε
412 4077 599 4141 ἐστὶν,
634 4078 778 4148 ἥπερ
824 4078 925 4149 τὴν
980 4078 1305 4147 ἁπάγουσαν
1329 4079 1446 4133 ὁδὸν
1473 4079 1675 4132 εἰδέναι
1698 4094 1712 4109 ’
1752 4079 1846 4132 καὶ

259 4169 418 4223 τοῦτο
470 4168 653 4236 πάλιν,
711 4169 806 4223 τοῦ
852 4172 911 4223 ἐν
942 4170 1091 4241 αὑτῷ
1115 4170 1215 4242 ἤδη
1239 4171 1319 4242 τῷ
1342 4170 1666 4242 ζητουμένῳ
1693 4174 1846 4241 τόπῳ

1920 1669 2181 1740 telligitis,
2234 1678 2288 1725 et
2333 1670 2483 1724 viam
2520 1670 2694 1726 nostis
2719 1669 2785 1735 “,
2827 1688 2846 1721 ι
2877 1670 3024 1725 nulla
3052 1670 3501 1741 inconsequentia

1920 1762 2216 1833 reperitur,
2247 1762 2331 1817 vel
2376 1763 2739 1819 contrarietas
2787 1765 2844 1819 in
2887 1764 3139 1835 discipuli
3187 1765 3500 1836 suhloquio,

1927 1871 1947 1905 ι
1991 1852 2237 1920 Domine,
2291 1870 2398 1910 non
2446 1840 2701 1910 novimus
2756 1871 2867 1926 quo
2912 1857 3086 1924 vadis,
3126 1865 3180 1911 et
3226 1858 3505 1927 quomodo

1921 1946 2066 2000 viam
2117 1961 2448 2017 cognoscere
2502 1950 2804 2018 poterimus
2850 1949 2939 2003 “?
2997 1967 3017 2001 ι
3087 1947 3206 2002 Non
3252 1949 3397 2003 enim
3450 1948 3505 2003 id

1923 2038 2264 2109 simpliciter,
2296 2054 2404 2094 non
2433 2039 2714 2095 indefinite
2756 2041 2982 2106 dieitur,
3016 2054 3118 2096 nec
3152 2041 3272 2095 sine
3302 2055 3508 2110 praace—

1924 2131 2086 2188 dente
2125 2133 2361 2202 quodam
2409 2141 2773 2205 argumento;
2808 2134 2975 2189 habet
3002 2134 3147 2189 enim
3177 2134 3309 2204 quid
3355 2148 3512 2203 pra:-

1926 2224 2127 2280 cedens
2154 2225 2243 2281 cui
2288 2225 2656 2290 subnectitur,
2696 2225 2959 2280 nimirum
3007 2226 3186 2281 illud:
3227 2244 3247 2277 ι
3295 2223 3511 2281 Rursus

1926 2320 2227 2388 reveniam,
2281 2327 2335 2375 et
2387 2336 2667 2377 assumam
2702 2335 2799 2376 vos
2849 2322 2918 2376 ad
2967 2334 3056 2375 me
3083 2320 3151 2375 “.
3209 2339 3228 2372 ι
3272 2318 3389 2381 Hoc
3418 2319 3512 2374 ubi

1928 2410 2164 2480 dixerat,
2193 2412 2435 2467 annectit
2462 2427 2560 2484 per
2588 2412 2698 2476 ἵνα,
2743 2419 3006 2483 tanquam
3043 2425 3267 2466 causam
3295 2422 3515 2466 assum-

1928 2505 2133 2575 ptionis
2163 2505 2448 2576 tripliciter
2486 2505 2833 2561 distributam
2861 2521 2874 2558 :
2909 2504 3109 2574 primo,
3143 2511 3201 2557 ut
3231 2502 3511 2574 discipuli,

1932 2596 2024 2654 ubi
2055 2595 2333 2668 Magister,
2367 2597 2700 2660 consistant,
2736 2606 2794 2651 ut
2823 2604 3160 2667 cognoscant
3187 2610 3297 2665 quo
3325 2594 3512 2660 vadit;

1931 2700 1986 2746 et
2016 2700 2073 2745 ut
2102 2691 2407 2760 intelligant
2433 2690 2599 2745 viam.
2623 2690 2714 2744 Ait
2739 2690 2886 2745 enim
2927 2708 2939 2743 :
2976 2707 2994 2741 ι
3032 2689 3248 2743 Rursus
3271 2688 3512 2749 veniam,

1933 2792 1987 2838 et
2020 2798 2299 2839 assumam
2330 2797 2428 2836 vos
2460 2782 2527 2837 ad
2565 2798 2672 2837 me.
2707 2801 2726 2834 ι
2768 2782 2878 2837 Cur
2913 2782 3031 2837 ita?
3061 2782 3345 2847 nimirum,
3393 2801 3410 2833 ‹
3448 2780 3520 2834 Ut

1936 2875 2029 2931 ubi
2056 2890 2159 2946 ego
2203 2890 2347 2938 sum,
2384 2883 2439 2930 et
2469 2890 2564 2931 vos
2595 2875 2751 2930 sitis:
2786 2882 2840 2930 et
2872 2889 2983 2945 quo
3015 2873 3210 2928 vadam
3245 2873 3424 2937 scitis,
3463 2881 3519 2926 et

1938 2968 2081 3025 viam
2108 2968 2258 3024 scitis
2295 2968 2360 3020 ⁸⁷.
2397 2985 2416 3019 ι
2449 2967 2590 3035 Ἵνα,
2622 2975 2677 3022 ut
2716 2966 3032 3037 frequenter
3072 2967 3152 3029 fit,
3189 2965 3362 3019 tribus
3409 2964 3518 3018 illis

1935 3063 2120 3119 causis
2172 3061 2602 3117 communicato.
2651 3059 2856 3131 Igitur,
2889 3060 3033 3113 viam
3089 3059 3251 3123 scire,
3307 3065 3363 3112 et
3407 3069 3518 3127 quo

1937 3156 2106 3223 vadit,
2142 3156 2239 3220 ait,
2271 3153 2416 3211 haud
2445 3156 2575 3209 dum
2604 3153 2671 3207 iis
2701 3153 2977 3223 cognitum
3014 3166 3028 3205 :
3066 3158 3126 3205 ιιι
3160 3166 3259 3206 nec
3284 3149 3430 3220 quod
3461 3149 3518 3203 in

1937 3250 2095 3307 ccelis
2126 3264 2255 3305 cum
2290 3263 2356 3305 eo
2390 3247 2758 3303 versabuntur
2807 3264 2821 3302 :
2855 3246 2950 3302 sed
2981 3246 3096 3300 haec
3130 3245 3370 3315 seposita
3397 3257 3522 3299 esse

1938 3340 2073 3412 ipsis
2104 3340 2328 3410 praamia
2356 3336 2424 3393 ad
2458 3347 2675 3408 tempus
2703 3337 3063 3393 reversionis.
3103 3333 3232 3391 Tria
3258 3341 3387 3390 sunt
3415 3333 3523 3404 igi«

1941 3438 2031 3485 tur
2060 3444 2182 3501 qua:
2218 3428 2506 3498 discipulis
2536 3428 2652 3483 suis
2683 3427 2972 3498 pollicetur
3016 3426 3071 3481 in
3109 3425 3288 3481 reditu
3325 3441 3339 3479 :
3375 3423 3527 3478 Tho-

1942 3538 2084 3590 mas,
2146 3520 2583 3593 magnitudinem
2638 3520 3040 3590 promissorum
3098 3517 3403 3573 admiratus
3472 3524 3528 3570 et

1941 3611 2344 3677 excellentiam,
2380 3618 2567 3680 utpOIe
2588 3609 2684 3679 qui
2717 3624 2785 3664 ne
2818 3609 3044 3664 minima
3080 3609 3239 3679 plane
3279 3623 3527 3678 compre-

1944 3704 2181 3760 hendere
2225 3712 2459 3775 poterat,
2522 3703 2876 3774 probabiliter
2921 3702 3205 3757 addubitat
3250 3702 3527 3773 quomodo

1946 3797 2250 3866 majoribus
2306 3797 2682 3868 periruentur.
2734 3796 2869 3852 Nam
2924 3798 3154 3852 omnino
3209 3797 3395 3852 minus
3444 3808 3531 3852 est

1946 3891 2269 3960 simpliciter
2328 3890 2470 3947 scire
2528 3890 2619 3944 ubi
2670 3888 2874 3958 aliquid
2919 3898 3022 3954 est,
3068 3904 3230 3957 quam
3262 3889 3405 3942 viam
3463 3903 3531 3943 eo

1949 3983 2259 4037 tendentem
2293 3991 2479 4037 tenere
2514 4000 2528 4037 :
2564 3990 2619 4035 et
2652 3980 2755 4035 hoc
2779 3981 2942 4035 etiam
2978 3979 3162 4034 minus
3200 3995 3365 4050 quam
3396 3980 3531 4034 illud

1948 4077 2002 4130 in
2031 4075 2262 4146 quaesito
2294 4074 2417 4129 loco
2450 4073 2818 4144 acquiescere.
2880 4071 3292 4141 Consequenter
3329 4086 3529 4141 eapro-

1950 4175 2071 4238 pter
2098 4164 2407 4236 discipulus
2437 4163 2672 4229 dubitat,
2707 4178 2809 4218 nec
2844 4161 3095 4219 consistit
3121 4163 3187 4217 ad
3220 4164 3531 4233 oppositum

261 4262 595 4319 διαιτᾶσθαι.
644 4262 966 4327 Ἀκόλουθος
997 4258 1148 4334 οὑνὴ
1189 4262 1285 4316 τοῦ
1332 4263 1577 4334 μαθητοῦ
1614 4263 1831 4333 διαμφι-

1950 4276 2057 4317 vox
2091 4258 2462 4314 informantis.
2501 4258 2623 4311 Non
2655 4256 2799 4311 enim
2829 4254 3060 4310 afﬁrmat
3086 4255 3231 4311 viam
3277 4256 3399 4311 illos
3436 4256 3533 4311 ad-

264 4354 553 4426 σὸήτησις,
583 4355 678 4408 καὶ
701 4354 852 4408 οὑδέν
884 4356 952 4425 τῇ
987 4354 1347 4425 διδασκαλικῇ
1396 4357 1546 4424 φωνῇ
1584 4355 1839 4425 μάχεται.

264 4449 335 4502 οὑ
359 4449 470 4518 γὰρ
500 4449 706 4510 ἐκεῖνος
735 4447 834 4517 τὴν
872 4446 990 4501 ὁδὸν
1014 4448 1214 4512 αὑτοὺς
1248 4448 1349 4519 ήδη
1377 4448 1580 4518 ἔφησεν
1614 4449 1840 4510 ειδέναι.

263 4539 468 4610 ἢόπου
499 4540 726 4606 ὑπάγει,
768 4536 893 4609 ῆτὸ
940 4540 999 4592 ἐν
1055 4540 1304 4611 οὐρανοῖς
1356 4540 1503 4611 αὑτῷ
1562 4544 1839 4595 συνεῖναι’

265 4631 379 4686 ἀλλ’
402 4629 631 4685 ἔσεσθαι
686 4631 872 4695 αὐτοῖς
922 4631 1118 4698 ταῦτα,
1159 4632 1326 4687 ἐπειδ’
1352 4632 1418 4687 ἂν
1474 4634 1640 4687 αὑτοῦ
1682 4635 1780 4703 μὲν
1812 4636 1846 4705 ή

265 4722 550 4787 ἐπάνοδος,
581 4720 810 4776 ἐκείνων
838 4721 895 4776 δὲ
926 4723 1291 4795 διαπραχθείη
1317 4726 1351 4796 ἡ
1369 4724 1697 4795 πρόσληψις.
1726 4726 1849 4779 Ἐπο

264 4813 450 4878 άνοδος
485 4812 530 4866 δ’
564 4813 630 4868 ἂν
653 4812 741 4885 εἴη
766 4813 860 4867 τοῦ
898 4816 1193 4882 Δεσπότου,
1227 4819 1261 4888 ή
1301 4817 1438 4887 μετὰ
1476 4817 1568 4870 τὸν
1616 4817 1849 4889 σταυρὸν

266 4908 358 4960 καὶ
388 4907 493 4978 τὴν
529 4907 830 4961 ἀνάστασιν
876 4908 1195 4964 τελεσθεῖσα
1233 4912 1347 4973 τοῖς
1402 4909 1675 4980 μαθηταῖς
1728 4911 1851 4963 ἐπι-

266 4999 465 5065 φάνεια
489 5013 503 5025 '
535 4996 656 5049 καθ’
688 4997 756 5068 ην
784 4997 918 5053 Θεὸν
974 4999 1140 5054 αὑτὸν
1170 4999 1387 5070 ἀληθῶς
1444 5000 1849 5068 ἐπεγνωκότες,

265 5091 363 5160 τήν
388 5106 449 5143 τε
482 5089 626 5154 ὁδὸν,
654 5092 749 5144 καὶ
773 5086 834 5143 οὑ
865 5092 1182 5163 πορεύεται,
1219 5092 1454 5164 ἔμαθον,
1486 5095 1582 5147 καὶ
1612 5094 1696 5146 ὄτι
1724 5110 1852 5148 συν-

236 5182 239 5185 ’
269 5185 486 5237 ἐσονται
516 5184 671 5254 αὑτῷ
700 5188 759 5237 ἐν
787 5184 1110 5257 ἀδιηγήτοις
1138 5185 1403 5254 ἀγαθοῖς,
1457 5186 1644 5239 οὐκέτι
1677 5187 1856 5241 διστα-

270 5290 411 5345 γμον
435 5271 607 5346 εἶχον,
631 5275 747 5329 ἀλλ’
778 5277 853 5340 ὼς
886 5276 1138 5343 συνόντες
1170 5279 1273 5349 ἤδη
1305 5282 1423 5341 ταῖς
1455 5278 1669 5334 ἐλπίσιν
1706 5279 1856 5351 ἔχαι-

276 5385 387 5437 ρον.
422 5369 496 5422 ’Ἡ
522 5368 617 5423 οὑν
667 5368 829 5423 τοῦτο
857 5370 1010 5441 δηλοῖ
1038 5369 1125 5438 τὸ,
1163 5390 1181 5422 ι
1216 5371 1383 5427 Πάλιν
1402 5371 1657 5444 ἔρχομαι,
1697 5393 1715 5426 ι
1762 5375 1858 5427 καὶ

279 5458 401 5528 ἑξῆς
425 5476 441 5491 ο
470 5460 504 5533 ἢ
537 5462 680 5515 κατὰ
703 5462 803 5532 τὴν
831 5461 1092 5535 δευτέραν
1122 5462 1288 5516 αὑτοῦ
1338 5465 1433 5518 καὶ
1464 5467 1696 5536 φρικτὴν
1723 5483 1857 5536 παρ.

282 5552 466 5608 ουσίαν
509 5555 771 5610 ἐπάνοδον
800 5573 814 5588 ’
847 5557 934 5611 ὅτε
984 5556 1080 5610 καὶ
1110 5556 1208 5627 τὴν
1252 5557 1390 5624 ὁδὸν,
1423 5562 1517 5613 καὶ
1547 5560 1639 5614 τὸν
1676 5561 1855 5631 μακά-

365 5714 407 5747 ⁵³
442 5713 602 5773 Joan.
633 5731 755 5787 vni,
799 5716 887 5773 54.
968 5718 1013 5750 ⁸⁸
1037 5716 1199 5774 Joan.
1232 5734 1345 5788 xxv,
1373 5720 1424 5772 4.
1506 5722 1549 5755 ⁸³
1590 5721 1721 5777 ibid.
1757 5722 1808 5777 5.

365 5823 469 5834 μιν--

977 5844 983 5848 -
1022 5842 1059 5850 .-
1073 5844 1085 5849 -
1575 5848 1579 5852 .
1595 5845 1742 5853 -..Μ-υτ

1890 5723 1932 5755 ⁸⁵
1970 5722 2103 5779 ibid.
2144 5721 2197 5776 5.

1953 4356 2059 4410 huc
2091 4363 2305 4420 tenere,
2335 4351 2419 4407 vel
2452 4366 2561 4421 quo
2584 4349 2761 4416 vadit;
2793 4349 2876 4403 vel
2900 4349 3376 4404 conversationem
3411 4365 3533 4404 cum

1952 4448 2101 4503 eoin
2145 4445 2323 4512 caelis,
2360 4444 2455 4499 sed
2490 4444 2741 4498 futurum
2798 4442 2952 4509 olim,
3005 4441 3120 4496 haec
3151 4441 3287 4510 ipsis
3318 4442 3535 4497 innote-

1968 4548 2147 4605 scant,
2206 4554 2330 4594 cum
2380 4544 2685 4593 revertetur
2718 4536 2857 4607 ipse,
2891 4543 2945 4590 et
2982 4536 3284 4605 assumptio
3314 4536 3537 4591 illorum

1956 4612 2396 4690 continuabitur.
2447 4628 2543 4686 Est
2562 4637 2746 4697 autem
2776 4642 3060 4700 regressus
3090 4628 3180 4682 ille
3211 4628 3535 4691 sacerdotis,

1958 4732 2082 4797 post
2092 4739 2307 4780 crucem
2331 4733 2385 4778 et
2402 4721 2858 4779 resurrectionem
2879 4720 3117 4790 perfecta
3139 4719 3281 4790 apud
3299 4719 3541 4792 discipu-

1957 4818 2042 4873 los
2062 4816 2380 4887 apparentia
2408 4829 2565 4869 :cum
2582 4812 2751 4868 Deum
2777 4812 3096 4884 planissime
3127 4811 3216 4867 ille
3234 4826 3538 4883 agnoscen-

1961 4920 2065 4975 tes,
2094 4921 2148 4965 et
2183 4911 2327 4965 viam
2355 4908 2674 4973 didicerint,
2712 4916 2767 4965 et
2794 4920 2905 4978 quo
2928 4906 3077 4961 vadit
3114 4924 3126 4960 :
3159 4916 3214 4962 et
3243 4905 3388 4976 quod
3415 4920 3541 4959 cum

1962 5004 2082 5074 ipso
2102 5004 2351 5060 mansuri
2387 5003 2500 5058 sint
2531 5002 2587 5057 in
2620 5000 2882 5057 fruitione
2944 5000 3215 5055 bonorum
3256 5000 3575 5054 inenarra-:

1963 5096 2188 5163 bilium;
2237 5110 2339 5150 nec
2369 5094 2779 5150 distractionem
2831 5094 2920 5149 hic
2962 5092 3128 5148 ullam
3172 5091 3543 5161 patiebantur,

1962 5190 2058 5247 sed
2088 5205 2195 5245 non
2221 5189 2378 5244 aliter
2399 5203 2561 5258 quam
2601 5187 2647 5242 si
2680 5187 2792 5257 jam
2817 5202 2941 5243 cum
2973 5201 3040 5241 eo
3068 5184 3141 5240 ibi
3167 5190 3540 5246 versarentur,

1962 5285 2049 5339 ita"
2074 5298 2171 5355 per
2199 5298 2350 5354 spem
2385 5281 2823 5337 laetificabantur.
2863 5278 3105 5334 Omnino
3134 5287 3285 5332 certe
3326 5274 3407 5329 vel
3440 5274 3543 5327 hoc

1964 5378 2079 5432 vult
2104 5377 2275 5432 illud:
2314 5394 2332 5427 ι
2371 5374 2587 5430 Rursus
2622 5375 2806 5440 venio,
2851 5392 2869 5426 ι
2907 5372 2993 5427 vel
3039 5384 3350 5441 regressum
3384 5366 3545 5419 intel-

1968 5467 2085 5536 Iigit
2110 5467 2162 5521 in
2192 5466 2435 5523 secundo
2464 5466 2637 5536 ipsius
2679 5474 2735 5520 et
2766 5462 3095 5518 formidabili
3130 5460 3385 5520 adventu,
3420 5471 3546 5510 cum

1967 5570 2020 5616 et
2052 5560 2231 5615 locum
2266 5559 2417 5613 illum
2466 5559 2687 5615 beatum
2742 5567 2797 5613 et
2847 5556 3012 5621 viam,
3058 5562 3109 5608 et
3132 5548 3548 5607 oblectationem

2273 5719 2317 5753 ⁸⁷
2352 5719 2483 5776 ibid.
2526 5719 2579 5773 4.
