3798 6210
299 276 406 345 615

1457 275 1728 339 ΡΗΟΤΙΙ
1755 273 2261 336 PATRIARCHIE
2297 272 2410 334 ΟΡ.

3465 269 3566 335 616

299 397 354 448 in
408 392 622 457 eodem,
678 405 776 464 per
829 400 1092 450 aeternum
1146 390 1387 448 habituri
1436 391 1548 446 sint
1598 391 1851 462 experien

2022 405 2114 442 nov
2145 387 2354 441 ἐκεῖνον
2383 384 2582 457 χῶρον,
2611 384 2707 439 καὶ
2733 383 2846 438 τῶν
2864 384 2922 438 ἐν
2950 381 3100 454 αὗτῷ
3125 380 3228 453 τὴν
3254 380 3565 437 ἀπολαυσινι

305 487 460 541 tiam.

301 593 634 661 QUJESTIO
673 595 714 650 C
763 593 951 667 [CoisL
1009 589 1294 661 CCLXIII,
1363 591 1527 646 Taur.
1583 589 1885 664 CCLXIV].

372 683 482 756 Cur
514 689 732 759 angelus
773 704 877 742 non
911 688 1048 759 venit
1081 686 1155 759 ad
1193 683 1391 759 .I_oseph
1417 695 1721 759 antequam
1766 687 1821 738 in

566 754 952 813 dubitationem
981 757 1046 813 de
1081 754 1296 827 Virgine
1321 755 1616 810 incideret?

1990 477 2084 532 διὰ
2123 478 2226 550 τῆς
2251 478 2450 549 πείρας
2476 479 2648 548 αὐτῆς
2680 477 2866 541 ἀῖδίως
2893 477 3154 531 είσονται.

2556 592 2895 646 ΕΡΩΊἩΣΙΣ
2938 591 3018 645 P’.

1992 683 2097 738 Διὰ
2124 684 2182 737 τί
2205 682 2292 754 μὴ
2336 683 2457 754 πρρ
2493 680 2601 735 τοῦ
2647 680 2863 754 πεσεῖν
2899 682 3009 754 toi}
3044 679 3401 754 Ἰωσὴφ-είς
3442 679 3577 754 ἁποο

2057 746 2495 878 ρίρνὲπὲρὶὶῆς
2519 753 2856 822 Παρθένου,
2895 755 2927 805 ὁ
2971 746 3235 822 tim-8.106
3260 746 3411 822 ἦλθε
3438 752 3575 818 πρὸς

2063 841 2172 879 αυτ
2215 841 2253 878 ν
2288 840 2308 888 ;

945 933 1091 985 Edita
1127 947 1154 984 a
1179 931 1498 995 Montacutio,
1535 945 1616 996 ep.
1646 933 1756 997 182,
1779 934 1847 984 ad

2022 950 2118 1001 rtp.,
2139 951 2187 1000 p.
2211 935 2442 986 ατο-2η.
2473 937 2528 988 In
2554 935 2726 986 Matth.
2763 947 2796 994 ι,
2819 934 2898 983 20.

369 1040 508 1096 Cum
542 1039 743 1112 Ioseph
790 1039 1218 1111 cogitationibus
1257 1039 1735 1097 inextricabilibus
1767 1039 1886 1098 dis-

302 1134 630 1198 traheretur,
686 1131 856 1186 all'uit.
892 1139 1094 1201 praesto
1146 1130 1375 1200 angelus
1409 1131 1636 1186 illarum
1667 1130 1884 1188 discor-

302 1226 451 1280 diam
510 1224 822 1278 sedaturus.
874 1220 1012 1276 Cum
1065 1219 1212 1274 enim
1264 1219 1331 1274 de
1383 1228 1543 1290 partu
1590 1219 1883 1289 dubitaret,

299 1327 464 1387 atque
482 1323 631 1370 totus
661 1312 1051 1368 incertitudine
1083 1311 1390 1378 laboraret,
1419 1326 1451 1366 e
1474 1311 1729 1382 cogitatis
1751 1312 1886 1368 satis

298 1416 473 1478 patet,
511 1405 645 1476 quid
679 1412 906 1460 acturus
935 1401 1238 1472 parturiret
1271 1418 1285 1455 :
1323 1420 1341 1452 ι
1379 1399 1667 1472 Cogitabat
1702 1412 1885 1456 autem

298 1497 606 1552 clanculum
634 1493 911 1549 dimittere
951 1492 1098 1546 illam
1132 1492 1198 1546 ⁸⁸.
1236 1511 1257 1545 ›
1291 1491 1430 1558 Quin
1467 1506 1568 1546 nec
1615 1491 1756 1546 clam
1789 1505 1891 1546 nec

299 1589 526 1641 omnino
573 1584 724 1638 illam
773 1583 1099 1651 dimisisset,
1151 1582 1198 1638 si
1249 1593 1520 1638 tumorem
1558 1581 1714 1637 illum
1748 1581 1887 1638 uteri

2067 1041 2198 1096 Ὅτε
2249 1043 2330 1106 είς
2386 1041 2620 1113 ἀπορίαν
2675 1039 2958 1111 λογισμῶν
3009 1038 3252 1111 κατέστη
3292 1039 3324 1092 ό
3365 1037 3576 1110 Ἰωσὴφ,

1994 1133 2114 1188 τότε
2142 1135 2170 1188 ὁ
2200 1133 2434 1204 ἄγγελος
2463 1133 2668 1204 ἐπέστη
2691 1132 2836 1186 λύων
2862 1131 2964 1202 τὴν
2991 1131 3108 1203 ἔριν
3136 1130 3247 1185 τῶν
3270 1131 3574 1202 λογισμῶν·

1994 1226 2084 1280 ὅτε
2120 1225 2232 1296 γὰρ
2279 1226 2597 1297 διηπορεῖτο
2649 1225 2782 1296 περὶ
2829 1223 2906 1294 τῷ
2931 1223 3096 1295 τόκῳ,
3130 1224 3227 1276 καὶ
3274 1223 3580 1295 ἀμηχανίας

1995 1318 2116 1382 ὅλος
2141 1317 2380 1386 ἐγένετο,
2414 1312 2574 1388 δῆλον
2608 1315 2667 1382 ἐξ
2695 1309 2770 1369 ὧν
2804 1314 3084 1380 διενοεῖτο,
3134 1314 3232 1368 καὶ
3277 1315 3406 1368 ὅσον
3437 1313 3580 1367 οὔπω

1996 1408 2227 1480 πράξειν
2255 1407 2479 1478 ἔμελλεν
2501 1424 2517 1438 ο
2558 1425 2577 1459 ι
2625 1406 2927 1478 Ἐϐουλήθη
2957 1406 3087 1478 γὰρ,
3114 1409 3270 1478 φησὶ,
3293 1404 3474 1477 λάθρα
3488 1406 3578 1460 αὖ·

1995 1499 2096 1571 τὴν
2145 1499 2457 1554 ἀπολῦσαι·
2496 1517 2516 1552 ι
2573 1500 2673 1554 οὐκ
2741 1500 2807 1553 ἂν
2873 1498 2999 1551 οὔτε
3041 1498 3217 1568 λάθρα
3279 1497 3404 1551 οὕτε
3457 1498 3580 1561 ὅλως

1997 1590 2280 1661 ἐκπέμψαι
2309 1589 2633 1661 διανοηθεὶς,
2669 1591 2718 1644 εί
2745 1589 2900 1644 νόθου
2925 1589 3092 1660 γονῆς
3137 1589 3228 1644 τὸν
3262 1589 3430 1658 ὄγκον
3464 1591 3583 1643 ἐπέο

299 1679 366 1731 de
411 1676 687 1732 adulterio
739 1686 1098 1747 procuratum
1137 1675 1450 1746 suspicatus
1501 1674 1717 1733 fuisset.
1753 1676 1851 1731 Cui

2022 1698 2188 1736 ιειστο
2225 1683 2326 1753 τῆς
2369 1682 2645 1753 γαστρός·
2684 1683 2834 1754 νόμῳ
2855 1682 2912 1736 δὲ
2945 1682 3042 1736 καὶ
3064 1682 3329 1754 τιμωρίᾳ,
3383 1682 3582 1736 δικαιο-

297 1773 446 1825 enim
506 1780 655 1826 esset
720 1769 952 1839 iustitiae
1006 1785 1134 1824 cum
1192 1769 1386 1840 primis
1434 1777 1648 1824 amator
1708 1768 1775 1824 ad
1812 1767 1889 1824 le-

297 1880 392 1935 ges
443 1876 498 1919 et
583 1863 915 1933 supplicium
970 1861 1120 1916 illam
1180 1860 1616 1930 Iranscripsisset
1668 1869 1891 1932 propter

297 1958 428 2014 illud
481 1957 768 2028 ﬂagitium.
808 1955 1169 2025 Nequaquam
1203 1969 1336 2009 vero
1371 1953 1478 2010 sibi
1527 1954 1630 2009 hoc
1659 1967 1890 2024 persua-

297 2061 466 2117 serat,
521 2066 646 2105 cum
704 2062 854 2104 esset
888 2048 1228 2103 incredibilis
1276 2049 1626 2119 desponsata:
1661 2048 1837 2110 virtus
1872 2063 1884 2100 :

296 2156 351 2200 et
401 2145 552 2214 proci
584 2158 897 2214 congruens
938 2143 1216 2209 custodia,
1273 2157 1500 2212 pravam
1533 2155 1756 2196 omnem
1788 2155 1891 2196 su-

296 2237 596 2308 spicionem
629 2234 974 2300 cxcludebat,
1025 2234 1122 2290 sed
1163 2248 1268 2290 nec
1297 2234 1607 2302 intelligere
1651 2241 1888 2303 poterat,

295 2329 442 2400 quod
477 2328 769 2399 conceptio
805 2344 836 2383 a
863 2327 1050 2383 divina
1076 2327 1399 2398 operatione
1421 2337 1581 2394 erat;
1606 2335 1891 2383 transcen-

295 2423 461 2476 debat
510 2422 808 2476 humanam
861 2435 1085 2475 omnem
1135 2419 1528 2490 cogitationem
1586 2419 1678 2475 illa
1723 2419 1888 2474 actio.

297 2514 622 2570 Fluctuabat
646 2514 810 2585 igitur
829 2513 1255 2585 cogitabundus,
1280 2514 1410 2582 quid
1439 2513 1622 2570 facere
1643 2512 1889 2581 deberet,

295 2605 443 2660 unde
497 2605 741 2674 placeret
797 2601 932 2658 Deo.
978 2602 1115 2658 Cum
1151 2602 1467 2673 hujusmodi
1499 2603 1744 2658 volveret
1773 2610 1892 2656 tur-

294 2697 458 2752 batus
509 2695 896 2766 cogitationes,
954 2695 1208 2764 angelum
1271 2695 1325 2748 in
1394 2708 1511 2748 rem
1563 2702 1889 2763 praisentem

297 2789 617 2844 amandavit
649 2787 816 2856 Deus,
851 2787 948 2858 qui
981 2785 1310 2842 miraculose
1342 2795 1617 2840 tumorem
1653 2785 1805 2839 illum
1834 2784 1890 2838 in

296 2882 544 2952 virgineo
576 2889 736 2936 utero
791 2879 1046 2935 minister
1080 2877 1306 2945 fecerat,
1361 2886 1423 2932 ut
1471 2877 1527 2931 in
1572 2876 1685 2931 illis
1733 2875 1892 2932 Jose-

296 2972 464 3041 phum
490 2970 898 3037 constabiliret,
932 2971 986 3024 in
1013 2970 1219 3040 quibus
1257 2969 1471 3025 stabilis
1505 2971 1735 3025 omnino
1765 2984 1889 3040 per»

1995 1773 2165 1845 σύνης
2193 1774 2269 1828 ὢν
2303 1774 2542 1845 μάλιστα
2581 1775 2830 1846 ἐραστὴς
2853 1776 3048 1830 θᾶττον
3083 1775 3151 1830 ἂν
3192 1777 3494 1848 παρεδίδου
3527 1778 3584 1832 τὺ

1990 1865 2250 1938 τόλμημα
2275 1883 2290 1897 ο
2320 1867 2456 1923 ἀλλὰ
2493 1867 2655 1922 τοῦτο
2695 1869 2796 1939 μὲν
2831 1870 2930 1922 οὐκ
2957 1868 3257 1923 ἐπέπειστο
3277 1887 3290 1900 ·
3324 1871 3358 1942 ἦ
3388 1887 3454 1924 τε
3482 1871 3583 1942 γὰρ

1991 1959 2404 2031 ἀνυπέρϐλητος
2426 1962 2600 2034 ἁρετὴ
2633 1961 2736 2032 τῆς
2762 1963 3193 2035 μνηστευθείσης
3211 2005 3227 2030 ,
3258 1964 3357 2019 καὶ
3385 1967 3422 2036 η
3457 1966 3582 2036 πρέ-

1992 2067 2173 2105 πουσα
2233 2053 2452 2125 φυλακὴ
2509 2054 2606 2107 τοῦ
2668 2053 2984 2126 μνηστῆρος
3023 2057 3207 2110 πᾶσαν
3235 2056 3583 2128 ἀπετείχιζεν

1993 2143 2232 2214 ὑποψίαν
2279 2147 2381 2200 οὐκ
2426 2146 2637 2218 εὐαγῆο
2671 2147 2792 2201 οὐδὲ
2829 2149 3038 2202 ἐκείνου
3070 2149 3126 2203 δὲ
3165 2148 3334 2203 πάλιν
3370 2149 3582 2204 σύνεσιν

1995 2230 2181 2306 εἶχεν,
2219 2236 2296 2301 ὡς
2344 2237 2454 2308 ἄρα
2501 2237 2652 2304 θείας
2691 2240 2973 2311 ἐνεργείας
3005 2243 3038 2310 ἡ
3079 2239 3276 2310 κύησις
3307 2237 3412 2312 ἦν·
3451 2241 3583 2312 ὑπὲρ

1996 2325 2207 2382 ἔννοιαν
2229 2329 2336 2400 γὰρ
2365 2330 2716 2403 ἀνθρωπίνην
2751 2332 3124 2404 ἐχρημάτιζεν
3157 2336 3188 2403 ἡ
3241 2333 3447 2404 πρᾶξις
3471 2351 3484 2363 ·
3511 2333 3583 2386 διὸ

1990 2421 2103 2483 τοῖς
2119 2419 2400 2492 λογισμοῖς
2415 2424 2511 2476 ἐκυ
2520 2421 2761 2491 μαίνετο,
2787 2424 2881 2477 καὶ
2901 2425 2953 2478 τί
2977 2423 3066 2489 ἂν,
3090 2425 3430 2496 διηπορεῖτο,
3453 2441 3583 2495 πρα-

1995 2510 2248 2582 ξάμενος,
2280 2512 2350 2566 τὰ
2375 2514 2584 2584 ἀρεστὰ
2617 2515 2850 2585 πράττοι
2874 2515 2956 2588 τῷ
2986 2515 3129 2587 Θεῷ.
3158 2516 3288 2569 Ὀτε
3312 2515 3448 2585 γοῦν
3475 2516 3584 2570 τοὺ-

1991 2621 2106 2668 τοις
2133 2606 2406 2660 ἐκλονείτο
2435 2609 2551 2670 τοῖς
2597 2606 2904 2678 λογισμοῖς,
2958 2609 3082 2662 τότε
3121 2608 3246 2661 λίαν
3284 2609 3583 2680 ἐπικαίρως

1981 2697 2224 2768 ,ἄγγελον
2249 2699 2464 2768 ἀφῆκεν
2499 2708 2547 2766 Ρ,
2575 2697 2603 2750 ὁ
2630 2702 2696 2771 τῇ
2744 2701 3049 2772 παρθενικῇ
3079 2700 3278 2772 γαστρὶ
3306 2701 3402 2753 τδν
3429 2701 3586 2768 ὄγκον

1993 2789 2459 2863 θαυματουργῶν,
2504 2793 2834 2864 στηρίζοντα
2862 2793 3025 2848 αὐτὸν
3043 2795 3128 2861 ἐφ’
3157 2788 3238 2858 οἷς
3268 2795 3380 2849 ἔδει
3411 2799 3583 2866 μένειν

1992 2883 2291 2955 ἁκλόνητον
2347 2886 2442 2938 καὶ¹
2489 2886 2790 2955 σταθερόνσ
2821 2885 2902 2940 διό
2958 2903 3116 2956 φησι,
3157 2905 3174 2936 ι
3205 2887 3300 2956 Μὴ
3342 2887 3582 2959 φοϐηθῇς

2002 2973 2369 3044 παραλαϐεῖν,
2409 2993 2428 3026 ι
2465 2975 2559 3028 καὶ⁵
2589 2975 2718 3046 ἑξῆς
2744 2993 2758 3007 ·
2795 2995 2814 3028 ι
2863 2977 2936 3029 Σὺ
2970 2979 3089 3046 μὲν,
3120 2978 3276 3048 φησὶ,
3312 2977 3581 3048 λαθραίως

297 3040 494 3119 sistere
533 3063 744 3119 debuit.
777 3062 869 3117 Ait
907 3077 1038 3132 ergo
1073 3079 1087 3116 :
1125 3080 1144 3113 ι
1175 3059 1257 3116 Ne
1285 3060 1479 3117 timeas
1510 3061 1760 3132 accipere
1775 3061 1842 3126 5°,

2022 3040 2229 3136 ιελετᾷς
2273 3064 2555 3137 ἐκπέμψαι
2577 3040 2685 3138 τὴν.
2712 3040 3003 3139 παρθένον,
3034 3087 3052 3119 ι
3077 3040 3268 3132 dedidi;-
3310 3040 3581 3139 κατέχειν,

297 3165 405 3210 etc.
439 3155 546 3222 Tu,
589 3155 869 3225 inquiens,
923 3163 1139 3209 secreto
1169 3153 1416 3208 statuisti
1471 3153 1617 3225 apud
1645 3152 1889 3208 animum

297 3248 578 3302 dimittere
606 3247 903 3316 virginem,
944 3246 1159 3301 veritus
1190 3245 1340 3300 illam
1381 3243 1648 3311 detinere,
1681 3259 1802 3316 quae
1824 3245 1894 3300 ab

297 3341 487 3409 ignoto
535 3339 970 3408 imprtegnatur;
1025 3352 1126 3407 ego
1177 3346 1229 3392 te
1278 3324 1482 3404 iubeo'
1518 3335 1670 3392 illam
1718 3337 1784 3391 ad
1841 3345 1895 3392 te

299 3445 585 3487 assumere
616 3446 630 3482 :
671 3447 692 3480 ι
720 3444 850 3483 nam
877 3431 1020 3499 quod
1053 3429 1109 3483 in
1136 3445 1202 3484 ea
1242 3437 1429 3484 natum
1461 3428 1657 3507 est,ide
1687 3427 1892 3500 Spiritu

301 3529 492 3578 sancto
519 3522 702 3589 est”;
736 3540 756 3573 ι
796 3535 898 3577 nec
927 3521 1305 3577 tantummodo
1331 3506 1632 3577 immunﬁt
1667 3535 1700 3575 a
1732 3520 1894 3592 culpa

299 3622 668 3686 praegnantem
721 3613 947 3678 statuit,
985 3613 1080 3669 sed
1127 3613 1301 3684 gloria
1359 3629 1481 3668 eam
1529 3621 1584 3670 et
1629 3613 1896 3686 dignitate

302 3705 442 3760 ultra
476 3705 774 3758 humanam
811 3711 1066 3758 naturam
1108 3704 1315 3774 replet:
1347 3705 1477 3774 quia
1504 3705 1693 3759 mundi
1725 3703 1894 3762 totius

299 3798 644 3852 Servatorem
707 3805 763 3852 et
825 3797 1230 3866 redemptorem
1314 3797 1506 3868 gignit.
1574 3795 1896 3868 Opportune

296 3886 558 3955 quocirca
607 3885 840 3956 angelus
890 3895 944 3942 et
987 3902 1095 3940 non
1151 3887 1306 3957 prius
1357 3887 1615 3959 apparuit
1664 3885 1891 3958 Ioseph,

301 3987 414 4032 tum
447 3993 572 4034 cum
603 3977 971 4049 cogitationes
1020 3979 1292 4045 ambiguae
1321 3979 1617 4036 distractae
1652 3979 1732 4034 illi
1772 3983 1896 4036 red-

297 4072 491 4124 derent
517 4069 914 4138 cogitationes,
964 4085 1090 4125 cum
1134 4069 1283 4125 enim
1315 4070 1697 4128 vehementius
1735 4073 1898 4128 attol-

297 4166 488 4220 luntur
529 4164 752 4232 ﬂuctus,
808 4165 1179 4236 tranquillitas
1224 4174 1311 4222 est
1356 4168 1790 4238 exoptatissima.
1831 4169 1894 4224 In

301 4271 368 4310 eo
398 4255 544 4326 quod
594 4255 750 4321 dicit,
817 4275 836 4309 ι
889 4254 1126 4312 Uxorem
1158 4266 1332 4322 tuam,
1395 4276 1416 4309 ›
1468 4258 1704 4314 intendit
1742 4259 1893 4315 illam

302 4349 437 4402 nulli
469 4349 743 4404 addictam
787 4366 802 4403 :
839 4366 939 4406 nec
966 4351 1147 4406 visum
1178 4365 1281 4407 nec
1301 4350 1697 4421 cogitationem
1717 4353 1889 4408 alior-

303 4458 423 4496 sum
453 4443 807 4512 impcndisse,
859 4442 957 4498 sed
1012 4443 1202 4498 uxoris
1254 4450 1459 4498 sta-tum
1511 4443 1786 4515 integrum
1832 4452 1886 4500 et

297 4531 621 4587 inviolatum
664 4534 977 4590 custodisse
1001 4534 1185 4598 docet,
1211 4533 1287 4590 ita
1314 4542 1375 4590 ut
1403 4548 1505 4590 nec
1545 4535 1732 4590 animo
1767 4535 1888 4590 vio-

292 4624 489 4679 laverit
534 4625 682 4696 leges
738 4625 1102 4695 sponsalium.
1152 4624 1363 4681 Uxores
1406 4641 1575 4697 porro
1604 4627 1789 4683 dicere
1818 4627 1887 4683 ab

293 4716 520 4786 antiquo
543 4733 647 4773 usu
669 4730 776 4783 est,
809 4733 948 4789 quas
975 4718 1258 4774 vinculum
1283 4719 1542 4790 Sponsale
1565 4719 1745 4776 solum
1771 4720 1884 4776 col-

289 4808 499 4878 ligavit,
532 4808 660 4863 licet
691 4824 1026 4881 congressus
1053 4811 1170 4882 lege
1198 4825 1307 4867 non
1332 4820 1602 4868 servatur.

361 4919 697 4987 QUIESTIO
734 4923 799 4980 CI
839 4922 1028 4997 [CoisL
1060 4924 1334 4981 CCLXIV.
1375 4925 1541 4981 Taur.
1580 4924 1806 4998 CCLV].

294 5010 435 5076 Quid
485 5013 587 5066 sibi
627 5013 736 5068 vult
768 5029 788 5069 :
845 5035 864 5068 ι
925 5014 1138 5070 i’endite
1166 5032 1283 5088 qua:
1332 5019 1637 5088 possidetis,
1678 5028 1726 5073 et
1757 5019 1882 5073 date

822 5088 1162 5156 pauperibus,
1209 5107 1228 5140 ι
1263 5097 1373 5144 etc.

1994 3157 2063 3228 ἢν
2105 3156 2263 3220 τόκος
2311 3157 2507 3228 ἄδηλος
2535 3157 2651 3229 ἔχει
2673 3175 2687 3188 ⁵
2727 3159 2838 3227 ἐγὼ
2871 3159 2929 3213 δέ
2966 3159 3072 3232 [σε]
3097 3160 3464 3232 παραλαϐεῖν,
3499 3163 3585 3215 καὶ

1997 3249 2149 3322 παρὰ
2173 3250 2384 3322 σεαυτῷ
2405 3250 2550 3321 ἔχειν
2572 3253 2920 3323 προστάσσωο
2962 3273 2980 3306 ι
3003 3252 3181 3326 τὸγὰρ
3201 3255 3261 3308 ἐν
3292 3255 3435 3325 αὐτῇ
3467 3272 3582 3324 γεν-

1996 3343 2180 3414 νηθὲν,
2215 3345 2281 3398 ἐκ
2328 3344 2653 3416 Πνεύματός
2692 3346 2840 3400 ἐστιν
2877 3347 3071 3416 ἁγίου·
3117 3366 3136 3399 ι
3184 3349 3281 3402 καὶ
3314 3349 3378 3402 οὐ
3433 3350 3584 3418 μόνον

1996 3436 2296 3492 ἀνεύθυνον
2334 3437 2436 3509 τὴν
2470 3436 2850 3511 κυοφοροῦσαν
2871 3439 3039 3506 τελεῖ,
3066 3440 3178 3495 οὐδ’
3208 3443 3351 3514 ὑπὲρ
3383 3442 3585 3512 ἀνθρω-

1997 3545 2101 3583 πον
2143 3527 2302 3601 δόξης
2337 3530 2434 3582 καὶ
2473 3530 2863 3602 λαμπρότητος
2921 3532 3142 3604 πληροῖ,
3183 3532 3324 3588 ἀλλὰ
3371 3535 3464 3587 καὶ
3495 3535 3581 3588 κό-

2001 3638 2130 3692 σμῳ
2164 3621 2330 3675 παντὶ
2364 3621 2558 3694 Σωτὴρ
2595 3623 2842 3676 τίκτεται
2881 3623 2978 3677 καὶ
3023 3624 3330 3696 λυτρωτης.
3382 3625 3581 3680 Εὐκαί-

2006 3730 2114 3784 ρως
2151 3713 2262 3786 ἄρα
2289 3713 2350 3767 οὐ
2376 3715 2654 3787 πρότερον
2676 3717 2703 3769 ὁ
2724 3715 2956 3785 ἄγγελος
2981 3717 3335 3788 ἐπιφαίνεται
3363 3719 3444 3791 τῷ
3481 3721 3583 3773 ἰω-

1999 3805 2131 3878 σὴφ,
2160 3806 2276 3860 ἀλλ’
2301 3807 2391 3860 ὅτε
2413 3808 2574 3864 αὐτὸν
2598 3808 2894 3879 ἀμφίϐολοι
2913 3810 3272 3882 διετάρασσον
3293 3813 3541 3885 λογισμοί
3564 3828 3576 3842 ·

1995 3899 2086 3954 ὅτε
2114 3901 2222 3970 γὰρ
2259 3899 2468 3971 σφοδρὰ
2502 3902 2535 3971 ἡ
2571 3899 2732 3972 ζάλη,
2765 3903 2888 3956 τότε
2918 3904 3155 3972 μάλιστα
3176 3905 3462 3977 γλυκεῖαή
3490 3923 3580 3972 γα-

1996 3989 2153 4063 λήνη.
2187 3991 2298 4045 Καὶ
2331 3990 2416 4055 τὺ,
2453 4009 2471 4044 ι
2509 3991 2609 4062 τὴν
2632 3993 2870 4061 γυναῖκά
2917 4011 3008 4048 σου
3035 4014 3054 4046 ›
3085 3995 3143 4049 δέ
3167 4012 3181 4027 ⁸
3227 3997 3350 4051 ἀντὶ
3396 3999 3488 4052 τοῦ
3513 4001 3578 4062 β’,

1995 4083 2099 4137 ὅσα
2129 4099 2194 4152 γε
2228 4083 2294 4138 ἐκ
2320 4081 2416 4138 τοῦ
2473 4083 2548 4154 μὴ
2607 4083 2746 4156 πρὸς
2790 4085 2977 4158 ἕτερον
3026 4087 3219 4160 ἄνδρα,
3259 4090 3398 4161 μήτε
3435 4089 3579 4160 ὄμμα

2001 4177 2140 4249 μήτε
2170 4175 2432 4248 λογισμὸν
2464 4176 2912 4249 ἐπιϐεϐληκέναι,
2943 4181 3083 4235 σῶόν
3117 4199 3199 4235 σοι
3245 4184 3344 4236 καὶ
3365 4185 3576 4238 ἀκαινο·

1997 4269 2231 4340 τόμητον
2257 4267 2356 4340 τὴν
2381 4269 2478 4339 τῆς
2511 4270 2775 4338 γυναικὸς
2835 4271 3070 4344 διατηρή
3082 4290 3257 4328 σασαν
3272 4275 3427 4340 τάξιν
3449 4292 3462 4304 ·
3488 4274 3575 4327 καὶ

2000 4360 2122 4430 μηδ’
2153 4360 2371 4430 ἐπινοίᾳ
2409 4359 2654 4416 λύσασαν
2679 4363 2806 4427 τοὺς
2836 4362 3077 4434 θεσμοὺς
3117 4366 3226 4435 τῆς
3259 4367 3570 4438 μνηστείας.

1995 4451 2210 4516 ’Ἄλλως
2245 4469 2306 4506 τε
2334 4453 2392 4506 δὲ
2421 4453 2518 4508 καὶ
2548 4458 2819 4523 γυναῖκας
2853 4455 2977 4522 ἔθος
3013 4453 3083 4528 ἦν
3113 4456 3303 4514 καλεῖν
3332 4460 3569 4524 παλαιὸν,

1991 4543 2088 4598 καὶ
2147 4542 2214 4608 ἃς
2278 4544 2512 4616 μόνοςή
2560 4546 2661 4616 τῆς
2747 4549 3048 4619 μνηστείας
3116 4549 3317 4622 δεσμὸς
3368 4551 3566 4607 συνεδέ-

1991 4653 2120 4705 σμει
2148 4637 2254 4692 κᾶν
2278 4637 2308 4689 ὁ
2331 4638 2436 4709 τῆς
2457 4638 2674 4710 ὁμιλίας
2721 4640 2914 4707 αὐταῖς
2966 4643 3067 4697 οὐκ
3117 4644 3451 4713 ἐγινώσκετο
3495 4643 3570 4699 νό-

1994 4746 2116 4799 μσς.

2539 4934 2881 4990 ΕΡΩΤΗΣΙΣ
2921 4937 3049 4992 PA'.

1996 5023 2058 5076 Τί
2096 5024 2264 5079 ἐστι’
2334 5047 2353 5080 ι
2397 5029 2728 5094 Πωλήσατε
2785 5027 2859 5082 τὰ
2900 5025 3255 5096 ὑπάρχοντα
3298 5027 3397 5082 καὶ
3446 5025 3567 5080 δότε

2493 5099 2770 5168 πτωχοῖς,
2811 5117 2830 5150 ι
2862 5115 2916 5152 κ.
2955 5115 3007 5150 τ.
3047 5097 3096 5150 λ.

881 5199 1025 5254 Edita
1059 5216 1086 5252 a
1109 5202 1426 5264 Montacutio,
1467 5217 1549 5267 ep.
1595 5205 1702 5268 187,
1730 5206 1795 5256 ad
1834 5206 2195 5273 Cln'istopltor.,
2219 5224 2268 5274 p.
2291 5212 2520 5263 275-286.
2546 5212 2602 5262 In
2627 5212 2747 5263 Luc.
2778 5226 2866 5274 xu,
2893 5213 2971 5261 55.

365 5306 602 5365 Dubium
631 5325 661 5366 a
695 5320 747 5366 te
779 5312 1121 5383 propositum
1150 5313 1266 5368 scio
1292 5313 1420 5368 olim
1456 5322 1506 5369 et
1535 5315 1786 5371 acerbius
1836 5326 1891 5372 et

360 5487 406 5520 ⁸⁸
445 5487 635 5544 Matth.
668 5507 706 5555 ι,
747 5491 833 5546 I9.
908 5492 951 5522 ⁶⁹
989 5489 1235 5546 ibid.20.
1316 5493 1359 5523 ’¹⁰
1400 5492 1533 5548 ibid.

2071 5319 2182 5392 Τὴν
2215 5320 2313 5392 σὴν
2343 5321 2599 5394 ἀπορίαν,
2633 5322 2727 5375 καὶ
2751 5322 3080 5395 πικρότερον
3113 5322 3208 5375 καὶ
3251 5321 3560 5399 διαμὺτερον

1597 5606 1837 5665 ἾΛΒΙᾹΞ
1872 5610 2282 5670 LECTIONES.

369 5717 485 5800 pc.
507 5717 578 5801 Μ,
610 5719 804 5803 £157:
824 5705 1051 5793 ἐφῆκεν.
1127 5720 1301 5778 μισ.
1342 5721 1464 5794 τήν.
