3846 6188
315 310 411 373 617

1289 316 1390 375 AD
1417 307 2010 374 AMPHILOCHIUM
2032 284 2386 381 ‘QUzESTIO
2414 313 2476 387 c,
2509 314 2603 373 c1.

3452 318 3559 381 618

310 420 423 476 οἶδα
455 421 588 475 ποτὲ
629 421 904 495 Ἰουλιανῷ
929 421 1003 492 τῷ
1049 422 1345 494 Παραϐάτῃ
1384 419 1880 490 διεσκευασμένην·

2001 417 2310 473 rirulentius
2340 434 2437 489 per
2464 419 2742 475 Julianum
2775 420 3090 490 parabatem
3121 421 3485 493 propositum,
3513 431 3568 482 et

306 514 341 567 ἃ
363 512 493 582 γοῦν
533 514 594 567 ἑν
634 517 744 579 τοῖς
769 516 902 586 πρὸς
934 517 1139 569 ἐκεῖνον
1167 510 1339 579 εἶπον,
1383 516 1477 569 καὶ
1503 511 1579 568 ὧν
1618 516 1652 583 ὴ
1685 515 1873 584 μνήμη

301 604 397 674 τήν
422 605 698 675 σωτηρίαν
720 606 855 676 ἔχει,
888 606 1059 659 ταῦτα
1086 606 1150 673 δή
1183 622 1266 658 σοι
1305 605 1413 676 ἄρα
1444 604 1694 675 γράφων,
1742 605 1878 657 ἁπο-

300 697 523 769 χρῶσαν
550 696 701 767 οἶμαι
724 699 823 768 τὴν
866 698 1023 752 λύσιν
1071 699 1500 769 παρεσχηκέναι.
1539 697 1763 766 Ἔλεγεν
1786 695 1878 749 οὖν

299 791 530 851 ἐκεῖνος,
562 788 752 860 ὥσπερ
779 790 1239 861 ὲμπανηγυρίζων
1264 793 1382 853 ταῖς
1401 790 1542 843 κατά
1584 790 1687 858 τῆς
1720 790 1878 860 Ἀλη-

300 880 448 943 θείας
478 881 723 951 ὕϐρεσιν,
753 882 1046 952 τοιαῦταίσ
1088 884 1386 936 Ἀκούσατε
1416 881 1583 935 καλοῦ
1608 881 1701 935 καὶ⁴
1723 880 1879 934 πολι-

266 1001 270 1015 ι
299 972 451 1025 τικοῦ
486 974 977 1045 παραγγέλματοςο
1006 974 1304 1045 Πωλήσατε
1334 974 1402 1027 τὰ
1418 974 1750 1046 ὑπάρχοντα,
1785 972 1879 1026 καὶ

298 1062 416 1115 δότε
461 1066 701 1135 πτωχοῖς
728 1080 742 1094 °
776 1067 1040 1137 ποιήσατε
1086 1066 1300 1130 ἑαυτοῖς
1340 1066 1599 1137 βαλάντια
1643 1066 1717 1137 μὴ
1769 1081 1879 1119 πα-

298 1153 627 1224 λαιούμενα*
661 1155 865 1228 ταύτης
917 1157 1002 1224 τίς
1059 1160 1234 1211 εἰπεῖν
1281 1158 1397 1230 ἔχει
1448 1159 1879 1230 πολιτικωτέραν

296 1244 395 1313 τῆς
423 1245 648 1315 ἐντολῆς
674 1264 688 1311 ;
714 1245 776 1299 Εί
796 1247 907 1317 γὰρ
938 1248 1141 1312 πάντες
1160 1265 1240 1302 σοι
1267 1248 1561 1315 πεισθεῖεν,
1584 1248 1667 1312 τίς
1689 1247 1879 1318 ὁὼνη-

300 1337 565 1405 σόμενος;
600 1339 813 1392 ἐπαινεῖ
859 1339 942 1404 τίς
996 1340 1202 1411 ταύτην
1253 1341 1353 1412 τήν
1404 1324 1879 1411 διδασκαλίαν,ἦς

300 1426 720 1496 κρατυνθείσης,
745 1429 806 1482 οὐ
843 1430 1019 1494 πόλις,
1057 1432 1157 1484 ούκ
1194 1431 1366 1497 ἔθνος,
1426 1431 1529 1483 ούκ
1573 1431 1722 1484 οίκία
1781 1431 1880 1499 μία

300 1517 664 1586 συστήσεται;
705 1519 825 1582 πῶς
869 1520 997 1591 γάρ,
1046 1520 1363 1593 πραθέντων
1406 1521 1701 1588 ἁπάντων,
1732 1516 1880 1585 οἶκος

299 1606 518 1677 ἔντιμος
568 1608 790 1664 δύναταί
846 1629 927 1678 τε,
958 1611 991 1683 ἢ
1027 1612 1173 1665 οίκία
1203 1624 1231 1662 q
1259 1630 1274 1678 ;
1303 1614 1365 1667 τὸ
1404 1613 1481 1678 δὲ,
1522 1614 1604 1667 ὅτι
1663 1614 1881 1668 πάντων

297 1698 437 1769 ὁμοῦ
470 1699 580 1753 τῶν
610 1702 667 1753 ὲν
694 1704 758 1773 τῇ
796 1703 950 1757 πόλει
984 1705 1474 1775 πιπρασκομένων,
1505 1706 1607 1759 οὐκ
1635 1707 1701 1760 ἂν
1728 1707 1883 1777 εὑρε-

1985 510 2310 565 meditatum
2348 530 2360 564 :
2404 510 2538 576 Quae
2571 512 2624 565 in
2673 511 2825 567 illum
2871 514 3165 582 aliquando
3213 516 3482 582 dicebam,
3514 528 3569 574 et

1984 616 2108 669 qua:
2158 603 2422 657 memoria
2479 612 2688 657 retenta
2748 607 3104 673 conservavi,
3158 608 3345 662 eadem
3397 609 3465 663 ad
3517 622 3570 663 te

1984 709 2130 749 nunc
2155 696 2477 765 perscripta,
2503 695 2892 758 sufﬁcientem,
2912 698 3128 767 opinor,
3149 701 3569 770 suppeditabunt

1985 786 2336 842 solutionem.
2381 786 2606 843 Dicebat
2638 803 2769 860 ergo
2839 790 2949 855 ille,
2991 792 3347 848 contumelias
3379 793 3568 863 conje-

1984 887 2139 935 etans
2173 879 2224 934 in
2244 878 2561 947 Veritatem,
2585 883 2743 951 quasi
2777 897 2873 951 per
2901 897 3226 954 panegyrem
3261 885 3395 939 ista:
3415 903 3434 936 ι
3456 886 3568 939 Au-

1985 970 2097 1026 dite
2127 986 2228 1027 vos
2257 974 2603 1043 praeclarum,
2634 986 2688 1029 et
2728 991 2851 1029 cum
2883 975 3169 1045 prudentia
3198 977 3416 1045 politica
3439 993 3570 1033 con-

1979 1059 2232 1130 junctum
2287 1064 2627 1121 consilium:
2684 1064 2913 1122 Vendite
2963 1082 3085 1136 qua:
3133 1068 3461 1137 possidetis,
3519 1080 3575 1124 et

1991 1158 2116 1212 date
2166 1159 2514 1228 pauperibus.
2566 1160 2890 1229 Comparate
2938 1160 3092 1215 vobis
3139 1173 3429 1214 crumenas
3466 1174 3571 1215 non

1986 1258 2407 1305 veterascentes.
2462 1250 2663 1319 Ecquis
2720 1249 2895 1317 magis
2946 1264 3071 1303 cum
3110 1248 3295 1317 politia
3340 1248 3573 1318 conjun-

1994 1350 2143 1396 ctum
2168 1352 2498 1412 praeceptum
2529 1342 2782 1397 dederit?
2805 1340 2905 1396 Cui
2944 1341 2989 1395 si
3020 1355 3212 1396 omnes
3244 1340 3572 1409 obtenpera-

1987 1440 2140 1498 rent,
2188 1434 2623 1503 quotusquisque
2656 1441 2890 1488 restaret
2933 1432 3183 1500 emptor?
3211 1430 3411 1501 Ecquis
3437 1432 3579 1485 hanc

2000 1526 2306 1581 doctrinam
2333 1526 2673 1581 laudaverit?
2696 1540 2819 1597 quae
2843 1525 2890 1580 si
2923 1524 3186 1585 obtineat,
3222 1539 3330 1578 non
3363 1524 3575 1585 civitas.

1991 1632 2101 1672 non
2131 1632 2295 1687 gens,
2331 1633 2439 1672 non
2488 1617 2683 1673 domus
2729 1616 3068 1671 subsisteret.
3100 1613 3387 1679 Quomodo
3429 1612 3575 1667 enim

1990 1708 2283 1764 divenditis
2318 1718 2373 1763 et
2399 1708 2680 1764 distractis
2709 1706 2987 1771 omnibus,
3019 1705 3218 1760 domus
3245 1704 3426 1773 aliqua
3458 1702 3579 1757 fue-

299 1791 442 1846 θεῖεν
483 1794 530 1845 οἱ
562 1792 949 1864 ἀγοράζοντες,
992 1797 1225 1866 φανερόν
1257 1798 1406 1850 ἐστιν
1458 1799 1552 1850 καὶ
1595 1797 1884 1867 σιωπώμε-

2001 1800 2058 1854 -ἰι
2100 1800 2274 1870 pretio
2320 1799 2679 1855 redimenda?
2723 1797 2920 1868 Liquet
2962 1806 3166 1860 autem,
3199 1796 3325 1850 licet
3364 1810 3464 1850 nos
3494 1803 3577 1849 ta-

299 1901 408 1939 νον.
442 1902 462 1935 ι
491 1885 590 1937 Διά
615 1885 872 1940 τοιούτων
899 1888 999 1956 μὲν
1026 1887 1326 1957 λογισμῶν,
1354 1890 1383 1941 ὁ
1411 1887 1750 1959 Παραὸάτης
1779 1888 1880 1955 τῆς

2001 1906 2241 1955 :eamus,
2278 1890 2426 1961 quod
2470 1891 2519 1945 si
2565 1889 2749 1944 omnia
2784 1888 3178 1953 venderentur,
3208 1886 3354 1940 haud
3401 1872 3578 1939 futuri

300 1975 449 2037 θείας
474 1976 693 2046 ἐντολῆς
723 1978 1144 2044 κατασκεδάζων
1172 1983 1224 2029 τι*
1248 1980 1349 2051 τὴν
1377 1980 1601 2051 χλεύην,
1629 1980 1799 2033 οἴεταί
1827 1996 1883 2033 τι

2001 1990 2115 2037 sum
2144 1980 2377 2036 ulterius
2405 1992 2701 2050 emptores.
2751 1996 2771 2030 ι
2825 1976 3031 2031 Taliter
3060 1975 3372 2031 discursum
3413 1974 3573 2030 insti~

302 2067 466 2137 σοφὸν
507 2068 603 2122 καὶ
634 2072 882 2137 γενναῖον
906 2073 1107 2125 ποιεῖν.
1148 2070 1207 2125 Ὀ
1249 2071 1305 2125 δὲ
1342 2072 1441 2143 τῆς
1484 2070 1769 2142 Ἀληθείας
1799 2072 1885 2125 λό-

2001 2088 2146 2128 ,uens
2189 2072 2469 2141 parabata,
2517 2071 2833 2125 mandatum
2884 2069 3132 2125 divinum
3178 2068 3414 2123 ludibrio
3486 2082 3584 2122 ex-

299 2178 413 2229 γος,
442 2153 546 2214 ὧδέ
596 2178 713 2225 πως
760 2163 1144 2234 ὲπιρραπίςων
1189 2162 1251 2216 τὸ
1309 2164 1672 2235 μειρακιῶδες
1719 2162 1882 2217 αὐτοῦ

2001 2164 2161 2232 ponit,
2224 2179 2393 2233 seque
2443 2163 2497 2218 in
2547 2177 2614 2217 eo
2691 2161 2993 2231 prudenter
3038 2170 3092 2215 et
3132 2174 3393 2231 generose
3433 2167 3583 2214 retur

300 2252 396 2305 καὶ
426 2252 631 2321 σαθρὸν
658 2252 769 2305 τῶν
802 2253 976 2321 λόγων
996 2268 1010 2283 ·
1039 2254 1256 2326 πρῶτον
1299 2256 1398 2326 μέν
1427 2273 1591 2327 φησιν
1622 2256 1698 2320 ὡς
1734 2254 1884 2309 οὐδὲν

301 2342 640 2412 θαυμαστὸν,
678 2345 726 2396 εί
751 2343 820 2396 δι’
857 2339 927 2417 ἦς
969 2345 1213 2414 ἐντολῆς,
1252 2345 1328 2416 τῷ
1364 2346 1713 2416 σοφρονοῦντι
1738 2346 1886 2415 μέγα

300 2434 495 2503 ὄφελος
519 2437 887 2507 περιγίνεται,
944 2440 1040 2490 καὶ
1083 2438 1271 2507 θαῦμα
1308 2438 1482 2507 γλυκὺ
1518 2439 1655 2509 πρὸς
1683 2438 1887 2509 ὕμνους

300 2528 570 2598 διεγεῖρον
597 2528 691 2582 τοῦ
722 2530 1038 2600 νομοθέτου,
1058 2531 1146 2585 διὰ
1175 2534 1273 2601 τῆς
1294 2533 1463 2603 αὐτῆς
1488 2535 1515 2585 ὁ
1538 2532 1883 2603 παραϐάτης,

301 2620 422 2672 ἀντὶ
459 2621 557 2688 μὲν
578 2622 855 2693 σωτηρίας
884 2623 1111 2693 βλάϐην,
1138 2626 1261 2678 ἀντὶ
1295 2625 1350 2678 δὲ
1389 2626 1613 2695 κέρδους
1660 2626 1883 2695 ζημίαν,

305 2714 396 2766 καὶ
428 2713 551 2766 ἀντὶ
577 2714 672 2767 τοῦ
704 2716 866 2787 χάριν
904 2717 1102 2771 εἰδέναι
1125 2718 1193 2771 τὰ
1232 2718 1529 2790 βλάσφημα
1550 2719 1729 2785 λέγειν
1752 2720 1886 2772 ἑαυ-

306 2804 383 2875 τῷ
405 2808 1035 2878 προσεπορίσατο.”Εστι
1064 2810 1161 2880 μὲν
1185 2812 1315 2882 γὰρ,
1342 2811 1490 2865 ἔστιν
1513 2813 1646 2884 ὁρᾷν
1666 2812 1727 2864 τὸ
1750 2812 1888 2878 ἀγα-

310 2897 419 2963 θον,
453 2900 561 2952 ὑπὸ
589 2899 689 2969 τῆς
728 2903 859 2971 περὶ
903 2902 1037 2955 αὐτὸ
1072 2902 1180 2956 τῶν
1231 2903 1533 2974 ἀνθρώπων
1574 2904 1888 2970 διαθέσεως,

1984 2257 2244 2327 gessisse.
2288 2255 2490 2310 Verum
2534 2255 2780 2310 veritatis
2813 2254 3105 2318 sententia,
3151 2252 3310 2321 quasi
3352 2251 3582 2321 colapho

1986 2345 2246 2416 impacto,
2281 2346 2348 2401 ad
2374 2346 2522 2402 hunc
2554 2345 2775 2400 modum
2810 2345 3069 2414 rejectam
3111 2344 3364 2400 exsibilat
3396 2344 3581 2413 pueri-

1987 2439 2094 2495 lem
2143 2448 2198 2495 et
2240 2439 2486 2509 putidam
2529 2438 3029 2494 ratiocinationem.
3081 2435 3336 2506 Inprimis
3391 2436 3581 2493 Statuit

1988 2532 2299 2589 mirandum
2350 2545 2459 2585 non
2512 2545 2670 2593 esse,
2719 2529 2769 2585 si
2825 2536 3153 2598 praeceptum
3210 2527 3381 2591 illud,
3439 2529 3583 2581 unde

1988 2624 2171 2694 quivis
2206 2623 2487 2678 modestus
2511 2637 2575 2677 ac
2612 2620 2853 2692 prudens
2901 2620 3193 2675 utilitatem
3225 2628 3581 2689 percepturus

1990 2727 2095 2780 est,
2120 2715 2210 2769 ille
2239 2711 2522 2784 transfuga
2571 2711 2962 2783 nequissimus,
2999 2724 3100 2780 pro
3145 2709 3323 2764 salute
3357 2724 3578 2772 noxam,

1991 2824 2092 2878 pro
2121 2806 2357 2863 utilitate
2387 2806 2665 2870 damnum,
2702 2818 2802 2873 pro
2850 2802 3149 2873 gratiarum
3183 2802 3399 2855 actione
3430 2801 3581 2855 blas-

1992 2904 2240 2974 phemias
2297 2909 2545 2957 eructare
2600 2898 2703 2953 sibi
2760 2895 3065 2967 proposuit.
3136 2895 3582 2949 Animadvertere

308 2990 426 3043 δυσὶ
475 2992 690 3056 τούτοις
735 2994 1295 3066 περιστοιχιζόμενθν,
1331 2996 1563 3068 αἱρέσει,
1597 2996 1762 3063 λέγω,
1794 2998 1892 3050 καὶ

2001 2997 2142 3052 enim
2179 2996 2305 3049 licet
2332 2994 2535 3048 bonum
2563 2990 2927 3060 quodcunque
2955 2987 3113 3057 juxta
3161 2986 3446 3041 hominum
3495 2986 3582 3038 di—

311 3087 458 3155 φυγῇ
490 3101 506 3116 ο
532 3079 608 3140 ὧν
638 3089 670 3156 ἡ
706 3087 806 3157 μὲν
831 3088 957 3151 τοὺς
988 3091 1365 3160 αἱρουμένους,
1416 3090 1511 3144 ἐπὶ
1543 3090 1643 3161 τὴν
1683 3091 1893 3160 ἀμείνω

2001 3104 2212 3145 versam
2266 3103 2393 3156 erga
2425 3086 2605 3155 ipsum
2656 3081 3111 3153 dispositionem,
3167 3079 3382 3134 duobus
3432 3079 3586 3138 hisce

311 3178 462 3243 τάξιν
488 3179 792 3247 ἀνάγουσα,
822 3179 1017 3244 θεατὰς
1040 3180 1133 3233 τοῦ
1173 3181 1402 3244 κάλλους
1434 3181 1515 3234 ἔτι
1552 3182 1773 3251 μᾶλλον,
1799 3183 1894 3235 καὶ

2003 3179 2480 3247 circumscriptum
2504 3214 2522 3241 ,
2572 3175 2836 3230 electione
2877 3172 3138 3225 nimirum
3177 3177 3231 3225 et
3255 3170 3581 3225 aversione:

313 3270 575 3339 γνησίους
609 3272 847 3340 ἐραστὰς
897 3273 1304 3343 ἀπεργάζεται*
1341 3276 1407 3345 τῇ
1460 3274 1747 3345 προσθήκῃ
1795 3274 1898 3345 τῆς

314 3362 371 3413 ὲν
427 3361 636 3434 θεωρίᾳ
686 3363 1069 3434 καταλήψεως,
1132 3365 1453 3437 προσθήκην
1506 3362 1777 3420 ὲντιθεῖσα
1804 3365 1899 3418 τοῦ

316 3454 516 3523 ἔρωτος
542 3472 556 3486 ο
591 3456 624 3525 ή
654 3455 711 3507 δὲ
742 3457 868 3520 τοὺς
920 3457 1176 3524 οἰκείους,
1203 3458 1278 3520 ὼς
1326 3458 1665 3527 πορρωτάτω
1694 3474 1903 3527 συμφυ-

318 3548 641 3616 γαδεύουσα,
684 3549 780 3602 καὶ
833 3550 976 3604 κατά
1026 3550 1286 3620 κρημνῶν
1333 3552 1429 3603 καὶ
1477 3549 1762 3604 σκοπέλων
1809 3549 1901 3602 καὶ

322 3640 524 3710 μυρίας
553 3639 766 3711 πλάνης
794 3641 1062 3711 φέρουσα,
1097 3643 1193 3696 ἆτε
1236 3642 1301 3714 δὴ
1342 3643 1572 3712 ἐφάπαξ
1622 3644 1725 3713 τῆς
1766 3641 1904 3714 πρὸς

315 3730 377 3782 τὸ
411 3730 616 3797 ἀγαθὸν
653 3730 903 3795 νεύσεως
930 3732 1295 3803 διαστήσασα,
1336 3734 1430 3787 καὶ
1475 3732 1646 3804 λήθην
1684 3733 1904 3804 βαθεῖαν

317 3818 411 3873 τοῦ
443 3820 613 3873 καλοῦ
645 3820 928 3891 θεάματος
994 3824 1363 3894 ὲμποιήσασα,
1397 3823 1543 3895 μόνῳ
1584 3824 1649 3893 δὴ
1691 3825 1906 3895 χαίρειν

319 3911 396 3980 τῷ
425 3911 526 3979 τῆς
557 3914 763 3976 κακίας
799 3912 1035 3978 ὲνεθ,ίζει
1074 3915 1244 3984 ζόφῳ,
1286 3915 1379 3967 καί⁵
1421 3913 1653 3984 τυφλοὺς
1680 3916 1778 3987 ούχ
1812 3910 1910 3988 ἦτ-

320 4020 412 4056 τον
459 4003 493 4074 ἢ
536 4003 848 4074 πολεμίους
901 4006 1003 4074 τῆς
1049 4004 1197 4075 σφῶν
1248 4005 1522 4077 σωτηρίας
1568 4007 1905 4077 περιίστησι.

326 4094 511 4169 Ταύτῃ
543 4113 627 4149 τοι
668 4099 764 4149 καὶ⁸
802 4097 1113 4163 Ἰουλιανὸς,
1156 4097 1235 4167 τῷ
1282 4098 1382 4168 τῆς
1426 4100 1763 4162 ἀποστασίας
1786 4100 1910 4168 γνό-

327 4202 411 4254 φῳ
441 4186 570 4254 ὃλην
600 4185 701 4255 τὴν
738 4185 921 4257 ψυχὴν
952 4185 1345 4256 τεθολωμένος,
1370 4187 1465 4239 καλ⁵
1506 4186 1605 4250 τὰς
1632 4186 1808 4256 ὄψεις,
1837 4187 1906 4241 δι’

326 4270 399 4330 ὧν
424 4279 456 4349 ή
486 4277 795 4348 κατάληψις
837 4277 931 4332 τοῦ
987 4279 1193 4350 κυρίως
1231 4277 1382 4341 ὄντος
1408 4279 1783 4353 ἀφῃρημένος,
1816 4281 1906 4351 ὲχ-

329 4370 457 4441 θρὺς
480 4370 576 4425 καὶ
625 4371 888 4440 πολέμιος
935 4374 1055 4435 ταῖς
1092 4371 1169 4434 εἰς
1201 4372 1264 4425 τὸ
1304 4372 1526 4442 ἄριστον
1575 4372 1910 4441 ἀναγούσαις

2000 3285 2235 3343 quarum
2268 3268 2381 3333 illa,
2412 3266 2704 3339 seligentes
2735 3264 2801 3319 ad
2826 3262 3053 3318 meliora
3083 3258 3340 3327 traducit,
3368 3266 3583 3329 specta-

2003 3377 2149 3421 tores
2195 3374 2551 3433 quoscunque
2598 3367 2872 3413 amatores
2909 3355 3087 3410 adhuc
3118 3354 3294 3425 magis
3346 3352 3584 3422 majores

2003 3463 2249 3526 operata,
2280 3470 2376 3523 per
2402 3451 2762 3523 adjectionem
2795 3446 3107 3503 theoreticm
3136 3442 3588 3515 apprehensionis

2006 3563 2246 3605 amorem
2296 3547 2450 3602 illum
2498 3539 2918 3598 accumulando.
2945 3538 3073 3593 Haec
3094 3547 3275 3592 autem
3308 3550 3438 3591 suos
3466 3534 3586 3588 afﬁ-

2008 3658 2106 3696 nes
2151 3650 2206 3696 et
2245 3638 2546 3695 familiares
2574 3649 2740 3705 quam
2772 3633 2929 3703 longe
2958 3629 3279 3699 eﬂ‘ugando,
3324 3642 3419 3698 per
3450 3641 3590 3696 pra:-

2007 3733 2213 3804 eipitia,
2243 3728 2523 3799 scopulos,
2553 3736 2606 3781 et
2638 3724 2880 3780 inﬁnitos
2909 3736 3124 3777 errores
3163 3719 3407 3780 trahens,
3443 3725 3592 3787 post-

2010 3840 2174 3896 quam
2224 3823 2392 3879 semel
2439 3821 2510 3876 ab
2570 3816 2925 3873 inclinatione
2971 3813 3039 3868 ab
3092 3813 3294 3867 bonum
3344 3818 3593 3880 separata

2008 3916 2198 3981 fuerit,
2244 3922 2299 3969 ct
2336 3910 2663 3983 profundam
2704 3906 2833 3961 boni
2865 3904 3232 3959 animadversi
3265 3902 3592 3956 oblivionem

2010 4009 2245 4073 induxit,
2280 4005 2414 4061 solis
2466 4002 2737 4058 malorum
2768 4000 3011 4055 tenebris
3052 3994 3312 4052 obiectari
3346 3993 3592 4049 assuefa-

2012 4103 2105 4167 cit,
2141 4108 2197 4154 et
2222 4112 2397 4154 caecos
2429 4110 2537 4149 non
2571 4094 2754 4148 minus
2785 4106 2950 4161 quam
2976 4104 3088 4144 sua;
3119 4086 3312 4143 salutis
3340 4085 3593 4139 inimicos

2012 4193 2210 4249 reddit.
2250 4190 2543 4255 Julianus,
2574 4201 2698 4241 cum
2748 4192 2929 4254 partes
2973 4181 3170 4234 animae
3216 4177 3456 4247 singulas
3500 4192 3597 4245 per

2012 4301 2170 4342 suam
2202 4281 2537 4354 apostasiam
2568 4279 2802 4349 pollutas
2846 4275 3071 4330 haberet
3099 4281 3154 4327 et
3192 4271 3479 4327 obvolutas
3511 4280 3593 4323 te-

2018 4378 2225 4441 nebris,
2254 4374 2517 4444 exemplis
2540 4373 2605 4427 iis
2637 4370 2811 4425 oculis
2831 4412 2845 4434 ,
2886 4383 2982 4438 per
3009 4380 3179 4435 quos,
3209 4365 3261 4419 id
3292 4363 3437 4433 quod
3468 4377 3594 4416 vere

329 4456 587 4526 ἐντολαῖς
619 4464 991 4517 ἐπιδείκνυται
1018 4479 1030 4491 ·
1067 4464 1124 4527 ὃς
1176 4464 1294 4518 οὐδὲ
1346 4464 1679 4535 τηλικαύτης
1743 4466 1894 4534 ἐφεί-

2011 4469 2279 4532 subsistit,
2308 4468 2635 4527 intueretur,
2668 4460 2874 4516 hostem
2904 4476 2962 4515 se
2986 4457 3227 4512 declarat
3255 4464 3311 4508 et
3340 4446 3593 4523 perduel-

327 4573 456 4609 σατο
506 4554 868 4608 καθυλακτεῖν
922 4556 1334 4627 παραινέσεως·
1366 4554 1480 4608 ἀλλ’
1535 4558 1616 4619 είς
1680 4555 1906 4627 μώμους

326 4648 562 4716 ἀπάγειν
591 4648 974 4719 ἐφιλονείκησε
1018 4649 1116 4718 τήν
1148 4649 1347 4710 παντὸς
1375 4647 1532 4712 ἀξίαν
1554 4648 1782 4703 ἐπαίνου
1815 4651 1909 4703 καὶ

328 4740 631 4812 θαύματος.
658 4742 730 4794 Τὸ
750 4743 878 4812 γὰρ,
906 4759 925 4792 ι
964 4742 1257 4812 Πωλήσατε
1283 4742 1352 4796 τὰ
1386 4742 1701 4811 ὑπάρχοντα
1731 4742 1904 4812 ὑμῶν,

329 4834 421 4887 καὶ
449 4833 569 4885 δότε
604 4833 1033 4904 έλεημοσύνην,›
1060 4832 1181 4885 τίνα
1206 4832 1571 4903 συμπαθείας,
1596 4834 1715 4887 τίνα
1738 4833 1793 4886 δὲ
1809 4833 1908 4903 τῆς

331 4926 468 4995 πρὸς
502 4926 768 4997 ἀλλήλους
805 4926 1039 4997 ἀληθοῦς
1085 4927 1302 4990 εὐνοίας
1340 4926 1596 4998 ἀφορμὴν
1626 4926 1865 4980 ἐλλείπει
1890 4944 1905 4960 ·

332 5017 444 5070 ἀλλ’
476 5018 830 5088 ἐγκράτειαν,
867 5018 1002 5072 ἀλλά
1048 5018 1430 5090 σωφροσύνην,
1465 5021 1549 5083 τίς
1603 5021 1661 5074 δὲ
1708 5020 1908 5090 μᾶλλον

332 5110 431 5177 τῆς
483 5109 707 5180 ἐντολῆς
759 5109 965 5179 ταύτης
1021 5110 1344 5181 φιλοσοφίας
1389 5110 1744 5177 διδάσκαλος;
1776 5113 1912 5183 Ούχ)⁵

335 5196 390 5249 δὲ
419 5198 639 5253 πάντων
666 5200 775 5253 τῶν
799 5200 1010 5266 παθῶν,
1037 5202 1139 5257 ὅσα
1162 5202 1375 5255 τίκτειν
1404 5198 1514 5255 οἵδε
1548 5202 1608 5256 τὸ
1637 5203 1905 5274 φιλάργυ-

340 5303 451 5356 ρον,
482 5288 803 5360 ἐλευθερίαν
838 5290 1165 5361 χαρίζεται;
1196 5290 1294 5345 ποῦ
1334 5295 1442 5362 γὰρ
1493 5293 1667 5364 κλοπή
1711 5294 1908 5365 φιλαρ-

340 5380 530 5450 γυρίας
552 5382 927 5455 ἀνῃρημένης,
955 5384 1059 5436 ποῦ
1076 5384 1122 5437 δ’
1144 5384 1370 5454 ἁρπαγή
1405 5401 1421 5449 ;
1446 5384 1548 5438 πού
1571 5383 1628 5437 δὲ
1651 5384 1907 5457 λῃστεία;

2017 4564 2121 4619 lem
2156 4567 2348 4616 contra
2374 4558 2463 4611 illa
2498 4563 2798 4626 praecepta,
2846 4565 2970 4620 qua:
3010 4549 3077 4604 ad
3119 4546 3320 4617 optima
3366 4559 3597 4614 quaeque

2015 4653 2314 4709 reformant
2345 4668 2359 4705 :
2393 4664 2495 4703 nec
2534 4645 2752 4702 desistit
2794 4644 3047 4698 allatrare
3087 4638 3336 4710 quamvis
3379 4636 3595 4690 adhibi-

2016 4757 2124 4799 tam
2152 4741 2609 4804 exhortationem,
2650 4745 2704 4791 et
2732 4734 2877 4805 quod
2918 4745 3102 4787 revera
3128 4727 3287 4782 laude
3312 4742 3376 4782 ac
3416 4725 3593 4779 admi-

2019 4838 2230 4891 ratione
2260 4832 2644 4903 dignissimum
2665 4828 2913 4889 habetur,
2944 4822 3175 4878 momice
3201 4818 3592 4875 traducendum

2022 4931 2230 4986 statuit.
2260 4928 2397 4982 Illud
2445 4926 2591 4981 enim
2623 4923 2888 4979 eﬂ‘atum:
2944 4936 2961 4969 ι
3002 4916 3230 4972 Vendite
3275 4928 3395 4984 quae
3433 4913 3598 4968 hahe-

2014 5021 2105 5086 tis,
2133 5031 2187 5075 et
2215 5020 2618 5087 eleemosynam
2655 5014 2837 5079 facite,
2880 5030 2899 5063 ι
2937 5012 2988 5065 in
3015 5024 3125 5077 quo
3157 5007 3427 5062 defectum
3457 5003 3597 5073 pati-

2014 5123 2103 5170 tur
2163 5112 2394 5180 alicujus
2462 5107 2897 5178 compassionis,
2975 5112 3067 5159 aut
3113 5100 3333 5172 genuini
3392 5095 3597 5152 amoris

2016 5206 2298 5261 hominum
2331 5218 2455 5272 erga
2492 5201 2777 5266 homines;
2804 5195 3199 5254 continentiam
3230 5204 3360 5246 vero
3388 5197 3441 5242 et
3465 5195 3601 5240 tem-

2014 5295 2315 5364 perantiam
2341 5292 2467 5361 quis
2502 5291 2553 5345 in
2583 5287 2928 5360 philosophia
2952 5285 3231 5354 magister,
3264 5276 3595 5334 luculentius

2020 5401 2183 5457 quam
2220 5385 2324 5439 hoc
2350 5393 2679 5455 praeceptum
2730 5380 2927 5437 docet?
2955 5376 3145 5432 Nonne
3174 5371 3457 5445 passiones
3480 5366 3600 5421 illas

1628 5605 1858 5661 VARI/13
1899 5604 2191 5661 LECTION
2200 5603 2304 5661 ES.

417 5795 445 5837 εὶ
471 5785 530 5844 C.
566 5786 641 5844 Μ.
678 5781 822 5853 οἶκος
849 5787 1062 5858 ἔντιμος
1090 5785 1313 5843 δύναταί
1341 5803 1391 5840 τι
1420 5785 1451 5856 ἢ
1481 5784 1701 5843 δύναταί
1729 5786 1839 5858 τεὴ
1869 5785 2031 5840 οἰκία.
2118 5784 2173 5835 ει*
2201 5782 2260 5839 tl.
2298 5780 2369 5837 M.
2408 5778 2849 5843 κατασκευάζων.
