3798 6210
262 310 370 374 819

1409 251 1707 365 'PHOTlI'
1731 249 2237 362 mammona:
2271 299 2382 361 cr.

3441 301 3544 365 620

261 435 490 486 omnes,
538 433 674 490 quas
722 433 915 490 parere
954 419 1093 476 solet
1121 417 1374 485 avaritia,
1408 417 1690 474 liberrime
1737 429 1856 470 am-

1991 431 2020 466 ν
2074 405 2157 476 οἷς
2210 413 2308 465 καὶ⁹
2361 411 2472 465 τῶν
2535 410 2682 466 ίδίων
2717 412 2752 482 ὴ
2781 412 3012 484 διανομὴ
3073 410 3547 484 περισπούδαστον

261 512 561 585 plectitur?
583 513 808 583 rapinae,
832 512 1204 578 latrocinium,
1232 519 1364 577 etc.,
1385 509 1479 565 ubi
1509 506 1854 564 consistent?

263 605 313 662 si
336 619 458 677 qua:
486 604 833 674 possidemus
857 605 1102 660 studiose
1122 603 1438 673 dispergere
1462 597 1857 656 tolerabimus?

206 708 212 716 '
264 698 727 767 concertationes,
785 697 940 762 ήκω,
973 697 1250 769 pugnandi
1281 695 1523 752 studium
1543 735 1560 760 ,
1591 691 1856 748 continuo

263 798 626 853 evanescunt,
679 789 726 845 si
771 789 979 844 divitiis
1011 805 1116 844 non
1151 803 1441 860 parcamus
1469 783 1804 855 dissipandis
1839 795 1856 836 :

263 879 504 946 lasciva,
552 882 800 952 prodiga,
835 881 1113 938 luxuriosa
1160 881 1374 936 vivendi
1405 879 1546 934 ratio
1582 893 1857 949 nusquam

266 972 570 1042 subrepere
616 974 847 1043 poterit,
907 974 1002 1028 ubi
1054 973 1370 1029 dominatur
1409 970 1756 1042 eleemosyna
1803 979 1862 1027 et

264 1064 532 1134 quidquid
563 1075 842 1136 superstat
870 1066 923 1120 in
954 1081 1118 1122 usum
1157 1071 1495 1136 pauperum,
1528 1071 1584 1118 et
1613 1063 1857 1118 necessi-

267 1157 410 1207 tates
439 1153 772 1209 alleviandas
799 1154 1130 1223 impenditur
1171 1170 1185 1207 :
1235 1169 1362 1223 quae
1392 1167 1500 1207 non
1530 1151 1737 1222 patitur
1764 1152 1862 1206 bo-

266 1241 471 1297 minem
518 1243 964 1299 contumeliosius
1005 1259 1065 1299 se
1109 1258 1329 1313 gerere,
1365 1249 1587 1312 propter
1630 1242 1862 1296 luxuriae

272 1337 580 1392 satietatem
620 1343 712 1390 aut
739 1333 970 1402 alicujus
1000 1335 1228 1390 alterius
1256 1334 1554 1403 voluptatis
1589 1334 1733 1388 unde
1765 1347 1860 1389 so-

265 1427 380 1484 lent
409 1427 695 1497 passiones
723 1426 829 1482 illa:
852 1425 1149 1495 pullulare,
1177 1425 1261 1480 vel
1282 1423 1654 1493 turpitudines
1681 1431 1863 1478 tactus

264 1516 714 1574 accommodatae.
759 1515 1050 1582 Quocirca,
1111 1514 1390 1586 quomodo
1426 1512 1545 1569 ﬁeri
1585 1521 1766 1584 potest
1804 1518 1865 1568 ut

265 1611 606 1670 humanitas.
632 1610 949 1665 communio
975 1609 1269 1672 bonorum,
1304 1607 1594 1679 dispositio
1621 1607 1687 1661 ad
1713 1621 1861 1661 cum-

1959 501 2189 573 όρᾶται·
2229 501 2376 572 ἕρεις
2410 500 2468 555 δὲ
2510 501 2607 554 καὶ
2639 503 2834 572 μάχαι,
2871 502 2966 555 καὶ
3012 501 3364 571 φιλονεικίαι,
3398 504 3457 556 οὑ
3481 507 3547 576 τῇ

1959 591 2069 644 τῶν
2099 590 2404 662 χρημάτων
2435 590 2656 661 ἀφειδίᾳ
2685 590 2882 644 αὐτίκα
2924 591 3385 660 συναφανίξονται
3404 609 3420 624 ’
3456 595 3482 646 ὁ
3503 593 3549 646 δ’

1959 682 2261 746 ἀκόλαστος
2305 681 2401 737 καὶ
2439 681 2648 743 ἄσωτος
2680 679 2794 750 βίος
2845 681 2955 752 ἄρα
3004 683 3369 754 παρείσδυσιν
3413 683 3546 751 ἕξει,

1959 776 2064 848 τῆς
2102 774 2476 848 ὲλεημοσὺνης
2526 771 2958 846 ἐπικρατούσης,
3015 775 3111 828 καὶ
3163 776 3224 827 τὸ
3285 776 3550 846 περισσὸν

1963 868 2111 922 ἀπαν
2143 870 2225 932 είς
2253 867 2353 939 τὴν
2381 868 2492 921 τῶν
2543 865 2739 921 ἐνδεῶν
2781 865 3294 937 καταναλισκοὺσης
3337 867 3551 937 χρείαν,

1963 961 2059 1016 καὶ
2088 961 2189 1014 οὐκ
2214 958 2393 1032 ὲὼσης
2425 960 2507 1024 είς
2555 959 2718 1030 κόρον
2752 959 2988 1030 τρυφῆς,
3025 959 3056 1029 ἢ
3089 958 3189 1027 τῆς
3230 957 3400 1028 ἄλλης
3427 958 3553 1029 ήδυο

1967 1051 2203 1114 παθείας
2235 1051 2327 1104 τὸν
2355 1050 2646 1121 ἄνθρωπον
2692 1049 3022 1122 ἐξυϐρίζειν,
3061 1049 3130 1103 δι’
3155 1043 3233 1103 ὧν
3268 1051 3432 1104 εἴωθε
3460 1052 3555 1104 καὶ

1963 1141 2033 1194 τά
2065 1141 2196 1212 περὶ
2217 1140 2360 1211 ἁφὴν
2404 1139 2735 1212 αίσχρότερα
2774 1139 2924 1209 πάθη
2971 1138 3389 1210 παραφύεσθαι.
3429 1139 3554 1203 Πῶς

1965 1231 2060 1286 οῦν
2087 1232 2146 1286 τὸ
2175 1233 2562 1303 φιλάνθρωπον
2616 1232 2711 1286 καὶ⁵
2759 1230 3078 1286 κοινωνικὸν
3099 1268 3116 1295 ,
3147 1230 3209 1283 τὸ
3267 1229 3408 1300 πρὸς
3462 1232 3553 1284 τον

1965 1324 2116 1378 ἔλεον
2145 1323 2255 1378 τῶν
2287 1323 2657 1395 ἠπορημένων
2695 1321 2940 1393 ἕτοιμον,
2974 1321 3311 1392 ἀναστρέψει
3335 1321 3436 1385 τὰς
3458 1323 3553 1374 πό-

1971 1415 2088 1480 λεις
2118 1415 2214 1470 καὶ
2241 1414 2311 1469 τά
2341 1415 2494 1487 ἔθνη,
2530 1415 2625 1468 καὶ
2658 1415 2756 1478 τὰς
2787 1413 2965 1477 οἰκίας
2989 1431 3004 1481 ;
3027 1413 3146 1476 πῶς
3175 1413 3234 1466 δὲ
3257 1414 3290 1482 ἡ
3318 1413 3420 1483 τῆς
3453 1415 3550 1485 ἀρ-

1966 1506 2207 1578 παγῆςῆ
2244 1507 2344 1578 τῆς
2372 1506 2631 1579 λῃστείας
2663 1516 2686 1544 ι’
2714 1507 2746 1577 ἢ
2777 1506 2962 1574 πάσης
2983 1503 3171 1568 ἁπλῶς
3200 1503 3420 1567 ἀδικίας
3449 1505 3545 1557 καὶ

1967 1601 2290 1672 τυραννίδος
2314 1600 2606 1671 ἀναίρησις
2633 1599 2795 1670 acip;
2819 1597 3168 1670 ἀνθρωπίνης
3197 1597 3352 1650 ἔσται
3385 1613 3550 1654 κατα-

265 1702 646 1760 miserandum
671 1717 837 1771 super
862 1711 1104 1771 egentes,
1145 1699 1414 1762 civitates,
1439 1707 1648 1770 gentes,
1671 1698 1865 1754 domos

1987 1689 2178 1762 ςτροφὴ
2206 1689 2521 1756 πολιτείας;
2565 1689 2626 1743 Ὁ
2652 1689 2762 1760 γάρ
2792 1706 2875 1743 τοι
2916 1689 3014 1741 καὶ
3045 1688 3155 1741 τῶν
3187 1687 3389 1741 ἑαυτοῦ
3416 1704 3551 1757 κτη-

263 1803 532 1853 everteret
578 1801 635 1849 et
679 1792 951 1848 familias?
979 1792 1270 1858 Quomodo
1297 1791 1524 1860 rapinae,
1561 1789 1858 1853 latrocinii,

1987 1761 2174 1836 ιάτων
2196 1782 2340 1854 ὑπὲρ
2357 1781 2451 1835 τοῦ
2478 1780 2634 1852 κοινῆ
2656 1780 3064 1845 λυσιτελοῦντος
3095 1780 3434 1851 ἠφειδηκὼς,
3457 1783 3550 1835 καὶ

263 1888 552 1958 iniustitiae
581 1895 636 1942 et
673 1885 978 1958 tyrannidis
1012 1884 1250 1940 sublatio
1293 1883 1469 1939 civilis
1502 1897 1624 1938 esse
1665 1881 1867 1952 poterit

264 1978 682 2052 gubernationis
716 1977 1044 2033 subversio?
1073 1977 1212 2032 Nam
1247 1977 1340 2047 qui
1374 1991 1473 2046 pro
1502 1974 1648 2030 bono
1691 1973 1868 2044 publi-

267 2087 335 2129 eo
361 2070 598 2142 propriis
627 2070 744 2126 suis
775 2069 1131 2124 facultatibus
1164 2084 1271 2123 non
1307 2067 1644 2138 pepercerit,
1681 2067 1774 2138 qui
1808 2067 1863 2122 in

265 2161 482 2216 vicinos
520 2159 588 2216 de
618 2159 858 2230 propriis
915 2159 1032 2213 suis
1083 2157 1247 2213 rebus
1303 2158 1630 2221 contulerit,
1676 2157 1772 2227 qui
1804 2172 1865 2213 se

267 2251 644 2309 sublimiorem
690 2250 1035 2322 praestiterit,
1063 2264 1228 2320 quam
1268 2256 1331 2304 ut
1376 2247 1622 2304 materize
1663 2247 1864 2305 affixus

267 2345 629 2407 adhaerescat.
668 2343 945 2412 quomodo
990 2341 1037 2397 is
1067 2357 1166 2412 per
1192 2343 1446 2411 quamvis
1479 2341 1863 2412 praedictarum

265 2437 590 2509 passionum
641 2435 921 2505 captivum
958 2450 1018 2491 se
1048 2435 1247 2490 abduci
1299 2435 1575 2504 patietur?
1602 2433 1718 2489 lmo
1761 2449 1862 2505 po-

265 2532 407 2598 tius,
451 2545 578 2586 cum
611 2529 681 2585 ab
724 2529 845 2584 istis
876 2529 1134 2583 omnibus
1162 2541 1336 2597 purus
1379 2524 1568 2590 fuerit,
1605 2534 1657 2580 et
1685 2527 1865 2580 omni-

267 2622 437 2678 modo
467 2621 580 2686 illa,
611 2635 734 2690 qua:
768 2633 891 2673 vere
922 2618 1067 2672 bona
1102 2625 1254 2681 sunt,
1292 2615 1395 2670 sibi
1428 2614 1740 2685 conquirat,
1771 2613 1866 2683 qui

268 2729 379 2769 non
425 2713 589 2768 modo
637 2711 851 2767 civibus
902 2709 1274 2780 indigentibus
1322 2707 1588 2762 auxilium
1638 2706 1862 2771 afferat,

269 2806 366 2862 sed
400 2812 455 2860 et
495 2820 591 2876 per
631 2804 900 2875 privatam
945 2801 1032 2856 sui
1075 2800 1250 2870 ipsius
1283 2799 1776 2861 conversationem,
1813 2807 1867 2853 et

269 2899 568 2954 maximam
615 2897 932 2968 praestiterit
973 2895 1265 2950 utilitatem
1293 2932 1310 2958 ,
1355 2907 1422 2948 ac
1474 2892 1867 2963 philosophica

271 2999 326 3042 et
350 2987 602 3044 sublimis
628 2988 756 3043 vitae
795 2987 1127 3058 exemplum.
1168 2985 1284 3052 Illi,
1310 2983 1406 3055 qui
1434 2983 1595 3054 quasi
1646 2983 1866 3054 publica

1967 1874 2081 1936 τοῖς
2113 1872 2344 1946 πλησίον
2377 1873 2736 1944 ἐξιστάμενος
2785 1873 2886 1943 τῆς
2939 1873 3076 1937 ίδίας
3122 1871 3415 1942 ὡφελείας,
3458 1875 3550 1927 καὶ

1966 1964 2092 2019 ὅλον
2121 1966 2317 2019 ἑαυτὸν
2343 1965 2676 2037 ὑψηλότερον
2707 1965 2910 2038 φέρων,
2941 1966 3043 2036 τῆς
3081 1964 3213 2034 περὶ
3259 1965 3365 2035 τὴν
3420 1963 3550 2034 ὕλην

1967 2051 2368 2124 προσπαθείας,
2395 2053 2513 2117 πῶς
2545 2052 2612 2107 ἂν
2638 2052 2720 2106 ἐνί
2751 2071 2858 2107 τινι
2898 2053 3008 2106 τῶν
3046 2053 3360 2125 εἰρημένων
3398 2054 3546 2124 ἁλοίη

1967 2142 2190 2211 παθῶν;
2221 2144 2442 2198 Μᾶλλον
2468 2144 2547 2208 δὲ,
2575 2143 2693 2209 πῶς
2737 2145 2860 2215 οὑχ).
2891 2144 3098 2198 τούτων
3127 2145 3390 2198 ἁπάντων
3453 2161 3548 2197 κα-

1969 2233 2240 2306 θαρεύων,
2276 2235 2457 2307 ἑαυτῷ
2501 2253 2560 2290 τε
2589 2236 2962 2306 διαφερόντως
3013 2235 3457 2306 καταπράττοιτο
3483 2235 3549 2288 τά

1967 2325 2138 2391 ὅντως
2166 2327 2295 2382 ὄντα
2322 2327 2526 2396 ἀγαθὰ,
2566 2328 2664 2382 καὶ
2706 2329 2823 2392 τοῖς
2871 2327 3138 2395 πολίταις,
3179 2328 3240 2380 οὑ
3296 2327 3460 2397 μόνον
3485 2327 3548 2379 δι’

1967 2410 2042 2472 ὧν
2069 2417 2442 2489 ὲπεκούρησεν
2501 2418 2920 2491 ἀπορουμένοις,
2967 2419 3103 2473 ἀλλά
3147 2418 3244 2471 καὶ
3284 2418 3355 2472 δι’
3390 2415 3547 2474 αὑτοῦ

1968 2509 2089 2564 καθ’
2117 2509 2314 2564 ἑαυτὸν
2351 2510 2751 2581 πολιτεύματος
2810 2516 2952 2582 μέγα
2978 2509 3044 2564 ἂν
3092 2511 3175 2580 ετη
3207 2510 3404 2578 όφελος
3461 2509 3550 2562 καὶ

1970 2601 2277 2672 ὑπόδειγμα
2307 2601 2601 2671 φιλοσόφου
2653 2604 2749 2657 καὶ
2789 2602 2996 2674 ὑψηλοῦ
3034 2602 3152 2673 βίου
3188 2601 3549 2672 προτεθειμέ-

1968 2711 2078 2756 νος.
2124 2693 2220 2746 Ἐκ
2244 2691 2303 2745 δὲ
2334 2692 2594 2747 τοιούτων
2624 2692 2858 2762 ἀνδρῶν,
2880 2692 3040 2746 κοινά
3057 2693 3156 2762 μὲν
3183 2691 3254 2744 τὰ
3274 2691 3408 2744 ὄντα
3427 2707 3550 2760 προ-

1967 2784 2250 2850 τιθέντων,
2289 2783 2474 2848 ἐλέους
2499 2784 2558 2838 ss
2589 2783 2832 2855 πλήρους
2861 2783 2963 2848 τάς
3006 2785 3191 2852 δεξιὰς
3236 2784 3547 2855 προτεινόν-

1967 2893 2099 2941 των,
2127 2875 2224 2928 καὶ
2255 2874 2379 2946 βίαν
2432 2875 2533 2947 μὲν
2569 2877 2750 2930 πᾶσαν
2795 2876 3153 2940 ἐλαυνόντων,
3179 2877 3242 2930 τὸ
3263 2877 3474 2929 δίκαιον
3499 2875 3549 2928 ἃ

1967 2967 2276 3040 τιμώντων,
2305 2969 2402 3021 καὶ
2424 2968 2705 3040 συντόμως
2737 2970 2934 3034 εἰπεῖν,
2968 2969 3026 3022 ὲν
3059 2969 3160 3038 ἴσῳ
3194 2969 3412 3031 ἑαυτοῖς
3432 2967 3548 3031 τοὺς

271 3081 715 3152 complectuntur
757 3079 964 3145 omnia,
1008 3078 1103 3149 qui
1134 3077 1398 3133 dexteras
1426 3077 1617 3148 plenas
1644 3077 1864 3133 miseri-

1987 3059 2200 3131 πλησίον
2259 3059 2603 3131 ποιουμένων
2623 3075 2637 3090 °
2672 3062 2706 3133 ἡ
2747 3060 2814 3114 ὲκ
2843 3060 3103 3115 τοιούτων
3171 3060 3384 3132 ἀνδρῶν
3408 3059 3551 3118 πόλις

271 3151 459 3226 cordia
489 3170 766 3235 attollunt,
803 3169 899 3238 qui
931 3167 1041 3221 vim
1075 3178 1132 3222 et
1155 3166 1473 3221 violentiam
1496 3167 1865 3222 exterminant

1987 3152 2314 3224 ›ίκιξομένη,
2362 3153 2481 3224 ἄρα
2529 3152 2740 3224 φθορᾶς
2772 3154 2836 3206 ὲκ
2880 3151 3141 3220 γειτόνων
3172 3151 3364 3205 ἔσται·
3391 3151 3423 3221 ἣ
3455 3168 3551 3221 μα-

269 3271 525 3324 omnem,
569 3256 663 3326 qui
686 3255 963 3326 justitiam
1001 3253 1309 3316 honorant,
1352 3261 1405 3309 et
1446 3260 1507 3308 ut
1540 3256 1863 3324 compendio

1987 3242 2092 3315 ιρῷ
2130 3244 2226 3296 καὶ
2248 3245 2374 3296 ὅσαι
2403 3242 2625 3296 πώποτε
2650 3243 2868 3312 συχνοῖς
2891 3241 3037 3296 ἔτεσι
3077 3241 3178 3304 τὴν
3207 3240 3551 3311 εὐδαιμονίαν

272 3344 490 3412 dicam,
522 3343 616 3414 qui
669 3357 730 3399 se
773 3357 900 3398 cum
956 3340 1169 3396 caeteris
1223 3341 1330 3396 sub
1381 3341 1501 3412 pari
1554 3342 1865 3399 conditione

1987 3337 2132 3409 ίσχον
2172 3335 2713 3409 παραμετρουμένην
2741 3335 2838 3390 καὶ
2885 3335 3094 3390 τούτων
3137 3334 3367 3390 ἀπασῶν
3396 3332 3550 3403 ἀμεί-

274 3440 512 3504 gerunt:
547 3429 640 3485 ubi
674 3445 768 3500 per
810 3428 946 3483 tales
983 3425 1243 3484 incolitur
1273 3427 1457 3499 aliqua
1500 3429 1714 3497 civitas,
1755 3446 1865 3488 non

1987 3449 2052 3488 νω
2073 3448 2135 3486 τε
2159 3431 2256 3487 καὶ
2285 3429 2707 3496 διαιωνίζουσαν
2738 3430 2941 3501 μᾶλλον
2963 3429 3060 3504 τὴν
3091 3429 3358 3502 διαμονήν
3380 3444 3442 3482 τε
3463 3427 3549 3481 καὶ

272 3531 538 3592 sequetur
565 3520 830 3576 desolatio
866 3518 1168 3573 vicinorum
1195 3534 1210 3573 :
1243 3519 1357 3574 imo
1386 3520 1478 3590 qui
1509 3519 1702 3576 diutini
1733 3530 1870 3578 tem-

1974 3523 2040 3578 τδ
2069 3523 2229 3588 κλέος
2263 3523 2399 3590 ἔξει.

273 3615 422 3686 poris
469 3613 729 3676 felicitate
771 3621 902 3669 sunt
933 3611 1143 3682 gavisi,
1177 3612 1426 3669 eamdem
1501 3615 1747 3670 numeris
1789 3616 1903 3674 suis
1939 3617 2354 3688 perfectionem,
2398 3625 2454 3672 et
2517 3616 2676 3688 longa
2706 3614 2997 3671 duratione
3030 3613 3407 3670 continuatam
3434 3624 3548 3667 cum

274 3707 450 3777 gloria
484 3707 720 3762 trahent.

349 3793 553 3851 Verum
584 3799 824 3867 prudens
867 3798 959 3857 ille
988 3799 1232 3859 Iulianus
1257 3816 1367 3857 non
1397 3801 1503 3858 hoc
1526 3800 1865 3869 intendebat,

277 3890 341 3937 ut
370 3883 583 3945 videtur
617 3901 632 3939 :
663 3887 811 3942 cives
840 3902 973 3945 suos
1005 3891 1222 3946 volebat
1269 3891 1419 3962 gravi
1452 3900 1506 3946 et
1534 3892 1670 3948 dura
1701 3907 1865 3947 manu

275 3975 498 4048 injecta,
539 3978 610 4034 de
657 3979 850 4036 alienis
877 3981 1162 4039 laboribus
1191 3982 1481 4040 facultates
1523 3984 1626 4039 sibi
1675 3986 1868 4055 acqui-

275 4085 431 4137 rere,
483 4086 585 4128 nec
630 4087 856 4143 parcere
897 4075 987 4130 vel
1026 4075 1390 4133 latrocinandi
1436 4076 1712 4142 audaciae,
1758 4091 1868 4132 non

277 4159 500 4232 quidem
544 4161 810 4230 insidias,
865 4179 972 4220 non
1026 4165 1136 4220 vim
1187 4175 1436 4237 apertam
1466 4163 1865 4236 subterfugere.

279 4250 437 4318 Quod
468 4251 514 4307 si
537 4268 632 4322 per
662 4254 1008 4324 tyrannidem
1039 4257 1305 4312 insultare
1331 4265 1597 4327 oporteat,
1633 4255 1679 4312 si
1712 4255 1870 4326 quid-

279 4357 446 4413 quam
477 4343 766 4399 Phalaride
795 4347 1160 4404 truculentius
1186 4357 1240 4404 et
1281 4347 1559 4404 crudelius
1595 4347 1667 4403 sit
1706 4361 1871 4418 agen-

2057 3797 2201 3854 ’Δλλ’
2242 3799 2271 3851 ό
2315 3796 2499 3866 σοφὸς,
2532 3796 2609 3861 ὡς
2637 3796 2832 3862 ἔοικεν,
2873 3793 3160 3858 Ἰουλιανὸς
3202 3793 3264 3846 οὐ
3309 3791 3548 3863 βούλεται

1975 3889 2132 3944 τοῦτο
2151 3905 2166 3920 ·
2193 3888 2367 3942 ἐθέλει
2398 3887 2456 3941 δὲ
2484 3887 2612 3950 τοὺς
2642 3884 2806 3939 αὑτοῦ
2852 3885 3078 3949 πολίτας
3125 3885 3284 3955 χεῖρα
3331 3881 3432 3953 μὲν
3462 3881 3551 3952 βα-

1977 3983 2134 4052 ρεῖαν
2158 3977 2571 4050 προϐεϐλῆσθαι
2593 3979 2658 4031 ὲκ
2687 3976 2796 4030 τῶν
2819 3975 3120 4048 ἀλλοτρίων
3149 3975 3333 4028 πόνων
3377 3973 3552 4034 αὑτοῖς

1973 4072 2076 4144 τὴν
2105 4070 2424 4143 περιουσίαν
2451 4069 2817 4138 συλλέγουσαν
2847 4072 2892 4136 t,-
2925 4067 3001 4139 μὴ
3029 4064 3312 4136 φείδεσθαι
3337 4064 3392 4119 δὲ
3422 4064 3552 4135 μήτε

1975 4162 2274 4238 λῃστρικοῦ
2315 4161 2522 4234 τόλμης
2547 4202 2562 4228 ,
2597 4163 2738 4234 μήτε
2781 4160 3051 4232 λαθραίας
3074 4200 3091 4226 ,
3125 4159 3254 4231 μήτ’
3282 4156 3554 4228 ἐμφανοῦς

1974 4253 2289 4326 ἐπιϐουλῆς.
2331 4253 2494 4307 Ἀλλά
2521 4254 2628 4307 κᾶν
2660 4252 2938 4322 τυραννίδι
2970 4249 3256 4306 ἐπιθέσθαι
3284 4249 3394 4304 δέοι
3413 4265 3429 4281 ⁶
3460 4249 3553 4302 κᾶν

1973 4347 2275 4419 Φαλάριδος
2306 4344 2587 4418 ὠμότερον
2619 4343 2831 4416 πράξαι
2854 4361 2915 4398 τε
2946 4345 3041 4398 καὶ
3065 4343 3213 4408 δόξαι
3233 4359 3248 4376 ο
3287 4341 3394 4396 κᾶν
3425 4343 3552 4396 πάν-

282 4435 435 4499 dum,
484 4434 529 4488 si
569 4435 866 4505 superandi
914 4451 1106 4491 omnes
1140 4436 1208 4490 ab
1246 4437 1360 4492 ullo
1406 4435 1650 4492 facinore
1706 4435 1865 4490 fami-

1987 4456 2070 4503 ιας
2105 4437 2532 4510 ἀποκρύψασθαι
2565 4439 2693 4501 τοὺς
2739 4437 2834 4491 ἐπὶ
2863 4437 3014 4510 πάσῃ
3066 4436 3239 4508 κακία
3288 4436 3552 4507 βεϐοημέ-

282 4525 476 4596 gerati,
527 4524 662 4586 nihil
701 4525 932 4586 omnino
973 4527 1395 4597 praetermittere
1441 4543 1538 4582 eos
1586 4527 1721 4594 vult,
1769 4534 1867 4582 aut

282 4614 572 4689 diffugere,
618 4626 678 4672 ut
709 4633 822 4674 rem
855 4633 1007 4674 suam
1046 4618 1249 4678 faciant
1280 4619 1622 4690 ampliorem,
1649 4627 1708 4673 ut
1748 4634 1868 4675 om-

281 4706 494 4778 nigenae
521 4707 818 4778 voluptatis
839 4719 1078 4780 segetem
1103 4711 1438 4778 uberiorem,
1463 4720 1518 4767 et
1551 4711 1867 4782 cupiditatis

281 4797 565 4853 materiem
613 4809 934 4870 comparent
975 4809 1029 4856 et
1054 4803 1351 4859 recondam
1393 4821 1408 4858 :
1459 4818 1572 4874 quo
1617 4803 1866 4859 securius

282 4890 543 4961 deinceps
580 4891 818 4951 licentia:
842 4903 1065 4963 possent
1105 4895 1418 4966 indulgere,
1460 4895 1640 4955 ventri
1670 4904 1725 4952 et
1761 4911 1866 4965 pu-

282 4982 478 5039 dendis
510 4982 776 5052 viventes,
820 4985 988 5040 vitam
1017 5002 1142 5042 cum
1178 4987 1385 5044 honore
1416 5003 1482 5044 ac
1519 4988 1869 5045 aemulatione

285 5077 631 5147 conjunctatn
663 5087 718 5134 et
763 5078 1088 5150 longissimo
1138 5090 1315 5138 tractu
1349 5082 1704 5148 duraturam,
1757 5097 1864 5138 non

287 5167 449 5223 aliam
473 5183 638 5238 quam
666 5179 987 5239 praesentem
1015 5171 1118 5226 sibi
1147 5173 1610 5230 circumscribunt
1641 5191 1655 5228 :
1689 5187 1868 5243 neque

285 5261 433 5316 enim
480 5261 690 5321 laudari
725 5262 885 5318 debet
916 5265 1205 5319 consilium
1237 5265 1392 5328 illud,
1435 5281 1546 5336 quo
1571 5279 1668 5336 per
1707 5266 1871 5320 sedu-

287 5354 394 5409 lam
419 5367 610 5415 curam
647 5354 842 5416 civitas
864 5355 1191 5424 aedificatur,
1220 5357 1379 5426 cujus
1409 5373 1622 5413 summa
1656 5368 1710 5413 et
1737 5373 1869 5428 pro-

287 5445 452 5502 funda
481 5447 768 5518 prudentia
813 5458 1001 5518 gentes
1043 5449 1322 5517 continet,
1371 5459 1424 5504 et
1477 5450 1669 5504 domos
1703 5450 1872 5506 stabi-

1975 4549 2120 4596 νους,
2161 4532 2302 4604 ὑπὲρ
2348 4530 2443 4584 τοῦ
2475 4529 2643 4584 πλείω
2680 4530 2750 4584 τὰ
2785 4531 3102 4602 ὑπάρχοντα
3134 4529 3364 4600 ποιῆσαι
3395 4528 3552 4600 μηδὲν

1978 4623 2249 4695 μηδαμῶς
2295 4621 2704 4693 παραιτεῖσθαι,
2744 4621 2822 4685 ὡς
2851 4621 2919 4675 ἂν
2967 4620 3190 4691 ἀπάσης
3238 4619 3436 4691 ἡδονῆς
3473 4619 3552 4672 καὶ

1974 4714 2275 4786 ἐπιθυμίας
2308 4713 2441 4784 ὓλην
2463 4713 2698 4783 ἄφθονον
2720 4714 2936 4776 ἑαυτοῖς
2957 4710 3448 4784 παρεσκευακότες
3470 4708 3552 4762 καὶ

1975 4806 2328 4879 ἀποθέμενοι,
2360 4805 2535 4869 ἀδεῶς
2565 4806 2659 4860 τοῦ
2683 4805 2873 4859 λοιποῦ
2901 4805 3151 4877 τρυφῶσί
3178 4821 3241 4857 τε
3265 4803 3366 4858 καὶ
3387 4819 3551 4857 κατα-

1977 4899 2322 4966 σπαταλῶσι,
2350 4903 2555 4971 γαστρὶ
2585 4898 2683 4953 καὶ
2717 4899 2945 4963 αίδοίοις
2969 4897 3196 4962 ζῶντες,
3229 4897 3327 4951 καὶ
3361 4896 3452 4950 τὸν
3477 4895 3554 4948 εὑ-

1977 4992 2112 5048 κλεᾶ
2141 4994 2237 5047 καὶ
2260 4991 2627 5065 ἀξιοζήλωτον
2659 4991 2794 5063 βίον,
2835 4993 2932 5046 καὶ
2962 4993 3042 5056 είς
3078 4993 3356 5062 μήκιστον
3379 5005 3550 5060 παρα-

1975 5083 2293 5154 τεινόμενον
2321 5083 2534 5156 χρόνον,
2570 5084 2672 5137 οὑκ
2697 5083 2859 5137 ἀλλον
2891 5083 3008 5136 ἀλλ’
3033 5078 3116 5146 οίς
3145 5075 3294 5135 οὗτοι
3332 5079 3548 5152 βιοῦσιν,

1979 5172 2406 5246 περιορίζοντες.
2430 5173 2505 5226 υὺ
2533 5172 2643 5244 γάρ
2667 5172 2806 5244 καλή
2838 5189 2902 5240 γε
2939 5175 2971 5243 ἡ
3008 5171 3290 5243 συμϐουλὴ
3319 5171 3437 5236 τοῦ,
3465 5170 3550 5233 τὰς

1980 5265 2186 5330 πόλεις,
2215 5265 2280 5317 δι’
2313 5257 2390 5318 ὧν
2420 5263 2722 5335 φροντίζει,
2744 5263 3076 5328 πολίζοντος,
3106 5264 3205 5318 καὶ
3228 5257 3290 5317 οὑ
3313 5265 3347 5335 η
3371 5261 3548 5334 βαθεῖα

1977 5359 2072 5413 καὶ
2100 5357 2314 5429 μεγάλη
2338 5356 2567 5426 πρόνοια
2596 5358 2663 5410 τὰ
2696 5356 2826 5428 ἔθνη
2861 5355 3096 5427 συνέχει,
3132 5355 3355 5420 καὶτὰς
3385 5355 3546 5416 οἰκίας

1983 5451 2320 5522 συνίστησιν,
2370 5449 2428 5512 ὃς
2460 5447 2521 5515 ἐξ
2555 5441 2633 5502 ὧν
2664 5448 2811 5514 ἔδοξε
2862 5449 3062 5519 λέγειν,
3118 5449 3244 5505 ἀντὶ
3295 5449 3394 5520 μὲν
3440 5445 3544 5518 φιλ·

1585 5649 1820 5708 ΫΑΒιίΕ
1860 5647 2270 5706 LECTIONES.

399 5778 419 5815 τ
451 5767 513 5826 C.
542 5765 615 5825 Μ.
673 5767 709 5839 ἡ
748 5765 843 5838 τῆς
876 5764 1031 5838 λῃστ.
1147 5774 1168 5804 ⁵
1201 5763 1262 5820 0.
1311 5762 1383 5822 Μ.
1443 5764 1745 5836 ἀναίρεσις.

1867 5768 1882 5807 ι
1927 5764 2014 5820 ῖσ.
2050 5763 2440 5834 συλλέγοντας,
2474 5762 2538 5823 C.
2570 5762 2640 5823 bl.
2699 5763 3082 5835 συλλέγουσαν.
