3798 6210
221 283 316 351 021
1174 269 1285 343 Ἀι)
1338 283 1933 344 AMPHILOCHIUM
1987 288 2334 359 QUIESTIO
2386 291 2480 352 (τι,
3343 289 3446 349 622

214 400 526 469 ανθρωπων,
555 396 945 467 φιλαργύρους,
994 396 1112 448 ἀντὶ
1154 394 1209 447 δὲ
1245 396 1604 465 φιλαλλήλων,
1643 397 1758 449 ἐπι-

1873 394 1994 452 litas
2025 397 2173 464 facit,
2219 401 2347 470 qui,
2386 399 2531 470 quod
2573 412 2604 453 e
2650 397 2994 453 sermonibus
3036 396 3210 467 colligi
3246 408 3446 466 potest.

211 490 441 554 ϐούλους,
475 491 565 543 καί
592 489 712 542 ἀντὶ
743 488 1068 559 ἐλεημόνων,
1094 487 1481 559 ἀνελεήμονας,
1501 492 1616 555 καὶ,
1643 509 1769 544 συν-

208 584 376 652 τόμως
406 583 599 645 εἰπεῖν,
622 581 742 634 ἀντί
774 580 867 633 τοῦ
894 579 985 633 διὰ
1009 578 1229 633 πάντων
1250 580 1527 649 ἀρίστους,
1548 585 1606 634 ἐν
1634 584 1768 635 πᾶσι

210 674 487 735 κακίστους
515 668 686 735 εἶναι,
722 670 1131 742 εἰσηγούμενος.
1165 670 1334 741 Δῆλον
1368 672 1499 741 γάρ,
1530 674 1612 725 ὅτι
1647 673 1767 727 καθ’

212 768 264 819 ὃν
304 765 500 833 τρόπον
528 764 589 817 τὸ
622 763 999 834 ἀφιλάργυρον
1040 759 1172 833 ἦθος
1221 763 1613 833 συνεφέλκεται
1668 764 1767 827 τάς

206 856 359 918 άλλας
406 854 640 925 ἀρετάςο
684 854 858 917 οὕτως
901 855 935 923 ἡ
984 852 1322 925 φιλάργυρος
1360 856 1514 916 νόσος
1549 871 1769 909 συνεπιο

205 948 415 1017 σύρεται
448 947 628 1000 πᾶσαν
656 945 756 1016 τὴν
791 946 1030 1016 συγγενῆ
1066 946 1287 1001 κακίαν.
1309 946 1447 1000 Ἀλλ’
1480 942 1594 1013 οὖν,
1630 948 1767 1018 ὅπερ

202 1037 375 1105 ἔλεγον
396 1049 444 1099 ιι,
466 1036 496 1089 ὁ
527 1036 690 1100 καλὸς
719 1029 876 1101 οὗτος
908 1036 1231 1107 σύμϐουλος,
1261 1037 1354 1092 καὶ
1384 1041 1484 1110 τῆς
1507 1040 1767 1093 Δεσποτι-

204 1129 298 1197 κῆς
325 1128 541 1195 ἐντολῆς
573 1128 907 1199 χλευαστῆς,
938 1129 1059 1183 ἀντὶ
1087 1129 1181 1182 τοῦ
1218 1129 1522 1200 βελτίστου,
1554 1132 1624 1184 τὰ
1653 1131 1768 1201 χεί-

205 1235 353 1287 ριστα
382 1218 509 1280 τοὺς
543 1217 867 1288 ἀνθρώπους
909 1217 1201 1287 αἱρεῖσθαι,
1246 1221 1388 1273 κατά
1431 1218 1494 1273 τὺ
1542 1220 1768 1273 ἀκόλουο

203 1309 318 1372 θον,
390 1309 815 1379 ὑποτιθέμενος,
881 1311 1005 1381 μηδ’
1066 1311 1130 1363 ἂν
1195 1310 1370 1375 ἄλλως
1430 1313 1763 1383 εὐδαιμόνως

202 1399 400 1470 βιῶσιν,
436 1401 575 1470 μήτε
608 1401 782 1465 πόλιν,
819 1403 959 1472 μήτε
992 1402 1144 1465 ἔθνος
1169 1443 1183 1467 ,
1223 1404 1346 1474 μηδ’
1392 1405 1588 1471 οἰκίαν,
1630 1422 1766 1458 κατ-

198 1491 601 1558 επαγγέλλεταιο
628 1494 765 1547 ἀλλά
789 1496 925 1566 μηδὲ
958 1496 1244 1567 προελθεῖν
1279 1486 1371 1551 ἐπὶ
1400 1499 1763 1569 μακρότατον,

198 1578 240 1631 εἰ
270 1579 339 1647 μὴ
363 1579 571 1633 ἕλοιντο
604 1582 826 1652 μᾶλλον,
856 1585 979 1638 ἀνθετί⁸
1007 1584 1100 1638 τοῦ
1138 1588 1313 1640 πάντα
1341 1583 1478 1640 εἰναι
1513 1590 1761 1659 χρηστοὶ,

196 1669 257 1722 τὰ
291 1670 463 1724 πάντα
496 1668 643 1727 εἶναι
674 1674 1021 1741 φαυλότατοι.
1054 1679 1149 1742 Εἰς
1174 1678 1414 1732 τοιοῦτον
1455 1680 1623 1749 αὐτῷ,
1670 1684 1763 1735 καὶ

199 1762 409 1832 βουλῆς,
439 1765 535 1816 καὶ
583 1765 879 1832 πολιτείας,
918 1772 1289 1841 καταστρέφει
1320 1772 1491 1837 τέλος,
1522 1742 1586 1825 rb
1612 1742 1761 1827 ’κατά
1794 1742 1835 1796 Β

194 1854 282 1922 τῆς
306 1854 452 1919 θείας
487 1858 707 1927 ἐντολή.⁵
740 1859 967 1930 θράσος,
998 1864 1092 1915 καὶ
1123 1865 1154 1935 ή
1192 1865 1354 1934 εἴρων
1385 1864 1638 1933 γλῶσσα,
1668 1867 1764 1920 καὶ

194 1944 257 1997 τὰ
289 1944 383 2015 τῆς
415 1948 735 2021 ἀνατροπῆς
775 1954 914 2020 σοφά
947 1954 1339 2023 ἐνθυμήματα’
1374 1957 1551 2010 καίτοι
1584 1948 1668 2026 γε,
1712 1961 1762 2012 εἰ

197 2038 261 2107 μή
290 2055 339 2091 τι
368 2038 519 2106 ἄλλο,
557 2043 684 2105 τοὺς
713 2043 841 2108 σοὺς
869 2047 1057 2109 κύνας,
1091 2046 1185 2112 οὓς
1214 2047 1544 2119 ἐθαύμαζες,
1563 2051 1671 2104 ἔδει
1700 2069 1759 2105 σε

197 2128 519 2198 μεμνῆσθαι,
552 2131 645 2183 καὶ
674 2133 1026 2204 αἰσχύνεσθαι
1056 2136 1147 2189 τὸν
1178 2140 1432 2210 Διογένη,
1463 2140 1560 2194 τὸν
1586 2142 1763 2197 Ἀντι-

193 2218 363 2291 σθένη.
394 2222 485 2275 τὸν
520 2224 811 2295 Κράτητα,
864 2227 956 2280 τὸν
1005 2228 1167 2283 ἄλλον
1216 2231 1381 2302 χορὸν
1405 2231 1515 2287 τῶν
1550 2234 1762 2305 θαυμα-

194 2312 313 2365 cran
370 2330 463 2367 σου
514 2315 711 2370 κυνῶν.
774 2319 837 2373 Οἳ
896 2322 943 2372 εἰ
995 2321 1088 2373 καὶ
1129 2321 1208 2392 τῷ
1263 2324 1614 2396 ἐπιδεικτικῷ
1665 2328 1761 2380 τοῦ

191 2403 345 2475 ήθους
397 2407 491 2460 τὸν
554 2410 655 2479 τῆς
705 2410 943 2481 ἀληθοῦς
994 2413 1382 2486 ἁκτημοσύνης
1434 2421 1762 2493 χαρακτῆρα

190 2496 555 2568 ἐκιϐδήλευονο
622 2500 735 2555 ἀλλ’
784 2501 876 2555 οὖν
935 2505 1305 2577 μεμισηκότες
1358 2508 1641 2575 ἐφαίνοντο
1701 2513 1762 2565 τὸ

189 2588 556 2657 φιλόπλουτον,
608 2593 704 2647 καὶ
731 2593 821 2646 τδν
846 2594 993 2647 λιτὸν
1026 2596 1205 2651 δοκεῖν
1238 2599 1584 2664 ἀσπάζεσθαι
1606 2644 1621 2667 ,
1666 2604 1760 2661 καὶ

192 2679 556 2753 ἀφιλάργυρον
589 2683 703 2753 βίον
736 2685 879 2756 μέγα
904 2686 1187 2742 ἐποιοῦντο
1210 2706 1224 2720 ο
1251 2690 1483 2755 ἐκείνοις
1510 2693 1675 2764 ἐχρῆν
1702 2712 1761 2748 σε

196 2768 381 2838 μᾶλλον
406 2772 610 2841 λέγειν,
638 2776 757 2830 ἀντί
788 2776 887 2829 τοῦ
919 2778 1176 2844 θειάξειν,
1205 2780 1282 2844 ὡς
1318 2784 1367 2836 εί
1400 2784 1601 2849 πάντες
1632 2787 1760 2854 ὑμῖν

194 2860 486 2915 πεισθεῖεν·
528 2866 631 2918 οὐκ
662 2865 727 2919 ἂν
766 2866 948 2933 ἔθνος,
1000 2870 1061 2922 οὐ
1103 2871 1294 2939 πόλις,
1328 2873 1429 2927 οὐκ
1458 2875 1607 2929 οἰκία
1662 2879 1762 2949 μία

193 2953 547 3024 συστήσεται·
608 2956 725 3021 πῶς
790 2960 899 3029 γὰρ
959 2959 1081 3025 ἔτι,
1145 2966 1551 3035 μιμησαμένων
1614 2969 1759 3040 ὑμᾶς

192 3040 431 3137 ἁπάντων
466 3046 797 3119 ἀνθρώπων,
830 3047 978 3115 οἰκος
1024 3053 1240 3125 ἔντιμος
1284 3056 1509 3111 δύναταί
1548 3077 1601 3112 τι
1664 3061 1829 3137 καία

188 3132 353 3200 οἰκία;
380 3136 441 3188 τὸ
466 3137 635 3206 σοφόν
664 3157 757 3193 σου
788 3141 967 3208 τοῦτο,
985 3146 1079 3198 καὶ
1102 3146 1283 3218 πάσης
1314 3149 1535 3214 ναυτίας
1560 3151 1756 3222 γέμον,

192 3227 322 3316 κατά
368 3230 463 3299 τῆς
493 3232 720 3302 ἐντολῆς
764 3236 1103 3309 ἐπαπόρημα
1128 3254 1144 3270 ⁸
1179 3239 1300 3304 πῶς
1340 3238 1490 3305 οἶκος
1539 3243 1759 3316 ἔντιμος

188 3314 401 3373 δύναταί
428 3338 481 3374 τι
534 3322 629 3376 καὶ
659 3325 839 3392 οἰκίας
869 3326 1005 3382 άλλά
1038 3331 1147 3400 γάρ
1176 3331 1318 3397 πῶς,
1350 3334 1471 3387 ἀντί
1502 3335 1596 3389 τοῦ
1627 3314 1759 3389 ταῦο

188 3420 279 3471 τα,
304 3411 413 3474 τοῖς
459 3413 576 3478 σοῖς
619 3414 880 3486 ἐπιτιμᾷν
913 3433 972 3470 σε
1005 3418 1153 3482 κυσὶ,
1192 3420 1417 3486 τούτους
1454 3423 1552 3493 μὲν
1588 3425 1755 3495 ὑπερ-

189 3497 518 3569 θαυμάζειςο
569 3503 606 3558 ἃ.
638 3504 833 3576 δὲτὴν
883 3508 1095 3577 ἀμείνω
1144 3511 1326 3582 πολλῷ
1371 3514 1598 3581 τούτων,
1663 3519 1759 3572 καὶ

187 3587 351 3661 ἀμιγῆ
413 3594 600 3664 πάσης
661 3597 999 3668 μοχθηρίας,
1072 3603 1377 3674 εἰσηγεῖται
1455 3608 1755 3675 πολιτείαν,

189 3678 349 3771 ταῦτα
376 3683 431 3735 δὲ
464 3684 535 3737 τά
569 3685 726 3753 λόγια
755 3688 1061 3761 διασύρεις;
1101 3695 1152 3746 τί
1196 3696 1253 3748 δὲ
1297 3696 1394 3750 καὶ
1444 3698 1537 3751 ἐπὶ
1587 3700 1754 3771 μόνης

187 3769 278 3841 τῆς
296 3772 647 3840 διδασκαλίας
674 3780 899 3851 ταύτης,
952 3784 1012 3837 τὸ
1041 3784 1203 3856 δριμύ
1247 3805 1340 3841 σου
1376 3789 1484 3843 τῶν
1520 3769 1760 3863 ἐνθυμη·

186 3863 381 3930 μάτων,
414 3870 512 3921 καὶ
541 3870 641 3940 τῆς
684 3870 927 3927 ἰθυϐόλου
979 3876 1193 3944 φύσεως
1222 3881 1281 3932 τὸ
1310 3880 1450 3951 βαθὺ
1486 3884 1579 3936 καὶ
1605 3884 1755 3938 ἔντο-

184 3971 285 4018 νον,
315 3959 611 4028 ἐπεδείξω;
640 3963 818 4033 ἠδύνω
846 3967 954 4039 γάρ
983 3967 1054 4021 τά
1074 3970 1213 4023 αὐτὰ
1246 3974 1631 4043 ματαιολογεῖν
1659 3978 1755 4031 καὶ

182 4046 267 4099 ἐπ)⁸
295 4050 560 4108 πλειόνων
590 4056 789 4114 ἄλλων.
826 4077 845 4110 ι
883 4061 1170 4131 Λαμψάτω
1209 4064 1272 4117 τὸ
1318 4066 1432 4135 φῶς
1461 4069 1616 4139 ὑμῶν
1657 4071 1755 4139 ἔμ-

185 4140 407 4232 προσθεν
433 4144 546 4198 τῶν
571 4148 894 4221 ἀνθρώπων,
928 4152 1078 4218 ὅπως
1120 4156 1271 4211 ἴδωσι
1309 4158 1379 4212 τά
1424 4160 1566 4214 καλά
1600 4162 1755 4232 ὑμῶν

180 4230 325 4325 ἔργα,
354 4238 449 4290 καὶ
481 4238 750 4305 δοξάσωσι
780 4243 870 4297 τὸν
905 4244 1123 4317 Πατέρα
1180 4248 1336 4319 ὑμῶν
1364 4251 1456 4305 τὸν
1489 4254 1546 4306 ἐν
1585 4230 1751 4325 ούρα-

181 4324 303 4386 νοῖς.
332 4344 349 4376 ι
373 4328 514 4381 Ἀλλ’
532 4331 581 4382 εἰ
606 4332 807 4397 πάντες
838 4333 1199 4406 ἐκλάμψουσι,
1218 4340 1361 4404 τίνες
1396 4344 1443 4394 οἰ
1462 4324 1750 4415 ὀψόμενοι,

1872 503 1972 556 pro
1996 489 2247 547 homines
2274 491 2584 546 amantibus
2603 490 2811 559 argenti
2840 490 3125 545 substituit
3150 498 3445 555 amatores,

1870 594 1969 649 pro
2016 589 2206 635 mutuo
2262 596 2451 636 amore
2502 579 2766 643 insidias,
2812 593 2911 648 pro
2970 580 3449 636 commiseratione

1869 671 2408 738 immisericordiam,
2440 681 2495 727 et
2524 672 2759 727 breviter
2794 678 2850 723 ut
2879 672 3182 739 expediam,
3218 689 3317 743 pro
3351 690 3448 743 op-

1870 763 2005 819 timo
2058 766 2355 835 pessimum
2419 780 2600 821 rerum
2647 771 2850 819 statum
2917 764 3232 819 introducit.
3296 764 3450 821 Patet

1869 857 2039 920 enim,
2074 857 2220 926 quod
2257 856 2721 927 quemadmodum
2773 856 2843 909 ab
2881 855 3107 911 avaritia
3148 857 3450 913 abhorrens

1869 947 2102 1001 virtutes
2135 963 2327 1002 omnes
2370 946 2674 1009 contrahit,
2726 947 2799 1000 ita
2838 955 2892 999 et
2937 947 3181 1001 avaritiae
3227 948 3450 1003 morbus

1868 1036 2087 1092 afﬁnem
2142 1045 2198 1093 et
2243 1052 2600 1108 congenerem
2652 1037 3053 1107 improbitatem
3101 1052 3318 1092 omnem
3366 1054 3452 1093 sc-

1869 1144 1994 1183 cum
2028 1129 2216 1183 trahit.
2253 1129 2429 1199 Atque
2457 1128 2552 1195 ita,
2585 1130 2729 1198 quod
2766 1128 3033 1194 dicebam,
3067 1130 3316 1199 egregius
3350 1130 3453 1184 iste

1869 1220 2251 1284 consiliarius,
2297 1220 2562 1277 Dominici
2593 1221 2848 1295 prazcepti
2895 1220 3128 1286 irrisor,
3178 1221 3269 1288 qui
3315 1236 3452 1289 prae-

1869 1312 2016 1366 clara
2049 1327 2283 1381 quaeque.
2315 1326 2606 1382 suggerere
2632 1311 2837 1376 debuit,
2861 1311 3101 1383 pessima
3136 1311 3453 1369 hominibus

1867 1403 2117 1473 eligenda
2178 1402 2368 1468 oﬂ'ert,
2420 1404 2495 1461 ita
2538 1411 2597 1457 ut
2640 1403 2783 1457 haud
2818 1402 2973 1457 aliter
3014 1418 3139 1456 cum
3196 1401 3453 1457 felicitate

1867 1493 2082 1559 vivere,
2112 1504 2222 1546 non
2250 1490 2440 1547 urbem
2464 1530 2477 1557 ,
2524 1501 2737 1562 gentem
2757 1532 2772 1557 ,
2824 1491 3049 1545 domum
3094 1492 3450 1551 constituere.

1868 1600 1990 1653 qua:
2020 1583 2342 1649 consistent,
2378 1585 2627 1654 possint:
2671 1585 2781 1637 imo
2826 1583 3007 1639 nullos
3053 1584 3279 1637 omnino
3323 1600 3451 1652 pro-

1870 1664 2096 1741 gressus.
2122 1672 2322 1737 facere,
2375 1673 2419 1728 si
2458 1689 2587 1734 non,
2621 1674 2714 1741 qui
2746 1674 3013 1729 debebant
3056 1674 3301 1727 omnium
3332 1689 3455 1728 esse

1866 1764 2089 1835 optimi,
2140 1765 2360 1834 pessimi
2414 1765 2659 1819 omnium
2714 1766 2886 1820 velint
2936 1781 3079 1821 esse.
3134 1764 3251 1819 llue
3305 1764 3451 1819 enim

1866 1864 2073 1924 spectat
2102 1856 2277 1925 ipsius
2315 1864 2367 1910 et
2415 1856 2706 1911 consilium
2740 1865 2794 1911 et
2824 1856 3009 1927 politia
3031 1899 3045 1921 ,
3096 1870 3191 1925 per
3216 1856 3454 1911 insolen-

1867 1947 1995 2000 tiam
2025 1955 2215 2001 contra
2241 1946 2557 2002 mandatum
2590 1946 2860 2011 divinutn,
2888 1963 2985 2016 per
3017 1946 3212 2019 lingua-
3242 1946 3453 2016 diasyr-

1865 2053 1986 2093 mos
2019 2046 2072 2093 et
2116 2039 2408 2107 praeclaras
2443 2039 2851 2093 conclusiones.
2889 2038 3018 2103 Sed,
3056 2039 3129 2090 mi
3176 2038 3360 2100 homo,
3406 2042 3451 2092 si

1865 2139 2047 2184 tamen
2093 2128 2229 2182 nihil
2259 2128 2431 2194 aliud,
2469 2144 2636 2185 canes
2667 2129 2789 2183 illos
2821 2137 2963 2192 tuos,
2996 2144 3137 2197 quos
3168 2128 3249 2183 sic
3279 2126 3455 2182 admi-

1863 2222 2026 2285 raris,
2059 2220 2382 2291 Diogenem,
2411 2221 2814 2286 Antisthenem,
2850 2220 3149 2286 Cratetem,
3194 2229 3451 2276 caeteros-

1863 2329 1969 2384 que
2004 2313 2266 2383 praeclaro
2294 2312 2385 2366 illo
2414 2327 2701 2377 consessu,
2751 2312 2990 2367 recolere
3018 2321 3071 2367 et
3100 2313 3452 2367 verecundari

1864 2405 2155 2461 debueras.
2188 2404 2267 2459 llli
2321 2414 2598 2475 utcunque
2648 2420 2743 2475 per
2799 2420 2994 2460 vanam
3030 2406 3451 2461 ostentationem

1864 2515 2007 2555 vera:
2038 2501 2379 2570 paupertatis
2409 2500 2784 2554 characterem
2817 2498 3195 2553 adulterahant
3227 2517 3239 2553 :
3274 2507 3452 2556 tamen

1866 2606 2108 2645 amorem
2143 2592 2459 2645 divitiarum
2496 2589 2931 2654 detestabantur,
2985 2605 3105 2644 cum
3143 2591 3310 2643 videri
3343 2591 3455 2644 vel-

1863 2682 1978 2738 lent
2039 2682 2292 2751 amplecti
2353 2680 2570 2749 inopem
2628 2689 2681 2735 et
2730 2680 3031 2736 immunem
3098 2681 3166 2735 ab
3224 2682 3454 2736 avaritia

1864 2775 2012 2828 omni
2054 2774 2243 2828 vitam.
2285 2773 2443 2849 Apud
2470 2773 2595 2827 illos
2620 2784 2859 2843 poteras,
2890 2787 3029 2841 quos
3056 2771 3279 2837 adoras,
3318 2773 3453 2829 eﬂ‘u-

1864 2869 1967 2920 tire
1998 2867 2321 2937 praeclarum
2359 2865 2489 2921 illud
2537 2875 2688 2920 tuum
2725 2866 3155 2935 apophthegma,
3186 2867 3230 2920 si
3259 2870 3453 2922 Omnes

1863 2958 2061 3013 vellent
2106 2957 2262 3013 vobis
2294 2956 2695 3027 obtemperare,
2742 2971 2852 3010 non
2889 2956 3067 3011 adhuc
3095 2972 3249 3026 gens,
3297 2959 3450 3019 urbs,

1862 3048 2060 3103 domus
2104 3048 2451 3104 subsisteret.
2520 3045 2644 3102 Haec
2695 3056 2775 3103 est
2801 3047 2945 3101 enim
2986 3045 3082 3100 illa
3118 3057 3209 3101 tua
3242 3047 3449 3101 vomitu

1868 3141 2120 3197 ftedanda
2160 3140 2225 3195 ad
2272 3148 2602 3210 praeceptum
2657 3138 2915 3210 qumstio,
2964 3139 3053 3193 illa
3098 3144 3359 3209 praeclara
3393 3149 3452 3194 ut

1867 3234 2081 3290 videtur
2128 3233 2248 3287 tibi.
2281 3232 2565 3299 Quomodo
2614 3233 2808 3288 domus
2839 3232 2925 3288 vel
2972 3232 3233 3287 habitatio
3269 3230 3451 3288 subsi-

1866 3326 2005 3381 stet?
2031 3325 2137 3380 Sed
2164 3333 2243 3391 tu,
2265 3324 2356 3395 qui
2382 3326 2498 3381 haec
2516 3326 2746 3381 canibus
2762 3326 2870 3380 tuis
2898 3325 3138 3396 obiicere
3158 3323 3444 3389 debueras.

1867 3420 1989 3475 illos
2018 3418 2343 3484 admiratus,
2382 3418 2603 3473 oracula
2638 3427 2819 3472 autem
2876 3417 2966 3471 illa
3018 3417 3200 3471 divina
3246 3416 3448 3472 derisui

1867 3512 2056 3577 habes,
2091 3526 2213 3584 qua:
2238 3511 2395 3581 longe
2427 3511 2708 3565 meliorem
2737 3508 2953 3563 vivendi
2986 3509 3252 3564 rationem
3300 3517 3354 3561 et
3382 3509 3451 3560 ab

1866 3604 2211 3675 improbitate
2250 3602 2632 3659 abhorrentem
2691 3602 3067 3657 introducunt.
3120 3599 3259 3667 Quid
3321 3602 3451 3655 est9

1867 3698 2012 3766 quod
2040 3697 2093 3752 in
2126 3697 2285 3751 istam
2318 3695 2697 3756 tantummodo
2732 3696 3037 3751 doctrinam
3069 3695 3450 3750 conclusiones

1866 3797 1973 3843 tua:
2020 3787 2324 3842 virulentia:
2373 3787 2649 3850 intendas,
2682 3796 2737 3841 et
2776 3787 3150 3857 dispositionis
3188 3785 3451 3854 improha:

1859 3880 2042 3949 jacula
2081 3879 2299 3935 incussa
2338 3878 2606 3933 violenter
2659 3878 2920 3947 stringas,
2971 3891 3095 3931 cum
3127 3890 3235 3929 non
3265 3875 3448 3929 minus

1865 3981 2058 4025 contra
2102 3970 2209 4025 alia
2250 3984 2415 4040 quam
2446 3970 2570 4034 ista,
2600 3968 2647 4023 si
2678 3969 2891 4032 liberet,
2928 3968 3194 4022 blaterare
3223 3967 3445 4024 debeas.

1868 4082 1891 4117 ι
1927 4063 2129 4118 Luceat
2154 4062 2233 4117 sic
2256 4062 2345 4116 lux
2378 4070 2559 4115 vestra
2578 4074 2762 4114 coram
2790 4059 3123 4123 hominibus,
3146 4066 3205 4112 ut
3229 4059 3448 4115 videant

1861 4155 2005 4211 bona
2052 4161 2235 4210 vestra
2279 4167 2444 4222 opera
2489 4161 2544 4207 et
2592 4152 2896 4220 glorificent
2944 4151 3155 4205 Patrem
3200 4159 3443 4204 vestrum
3518 4187 3529 4199 .

1863 4249 1952 4323 qui
1982 4256 2066 4309 est
2094 4248 2148 4302 in
2197 4247 2437 4303 caelis“.
2472 4266 2490 4299 ι
2529 4245 2682 4311 Quod
2732 4245 2777 4299 si
2809 4258 2999 4299 omnes
3047 4252 3101 4298 et
3140 4244 3336 4313 singuli
3366 4244 3448 4297 sic

1864 4340 2125 4403 lucerent,
2158 4338 2248 4394 tibi
2286 4347 2447 4394 erunt
2481 4338 2573 4407 qui
2597 4337 2836 4400 videant,
2887 4346 2941 4390 et
2976 4335 3165 4401 Deum,
3211 4352 3309 4405 pro
3339 4336 3445 4388 illis

178 4415 380 4471 καὶτὸν
414 4420 569 4485 Θεὸν,
602 4424 688 4494 ἐφ’
712 4421 792 4490 οἷς
817 4428 945 4496 ίδον,
975 4431 1065 4486 διὰ
1099 4431 1259 4503 δόξης
1289 4433 1739 4506 θεραπεύσοντες;

1872 4447 1980 4503 tum
2009 4432 2212 4497 vident,
2239 4429 2575 4502 gloriﬁcent?
2604 4448 2622 4481 (
2652 4429 2802 4493 Date,
2822 4436 2875 4482 et
2904 4427 3119 4482 dabitur
3142 4427 3396 4490 vobis'”°;
3421 4445 3438 4476 ι

182 4520 201 4555 t
234 4506 431 4572 Δίδοτε,
464 4512 561 4564 καί
585 4513 867 4587 δοθήσεται
894 4520 1044 4590 ὑμῖν
1074 4542 1093 4575 ι
1126 4524 1175 4575 εἰ
1206 4524 1408 4589 πάντες
1432 4525 1637 4582 ἕλοιντο
1670 4530 1749 4584 διη-

176 4592 316 4649 δόναι
340 4638 355 4664 ,
387 4600 473 4663 τίς
500 4602 529 4655 ό
558 4602 894 4675 ληψόμενος;
935 4630 953 4661 ‹
993 4612 1228 4683 Ἀφίετε,
1262 4616 1357 4669 καὶ
1412 4618 1748 4689 ἀφεθήσεται

179 4688 326 4785 ὑμῖν*
365 4712 385 4746 ι
445 4697 497 4748 εί
550 4697 749 4764 πάντες
801 4703 1037 4785 ἀφῶσιν,
1074 4708 1221 4771 τινες
1273 4704 1355 4773 οἷς
1405 4688 1746 4782 ἀφήσουσινς

183 4800 200 4831 t
221 4782 490 4852 Ἀγαπᾶτε
518 4790 642 4856 τοὺς
669 4792 900 4867 ἐχθροὺς
928 4782 1081 4868 ὑμῶν
1102 4816 1116 4831 ·
1155 4819 1173 4853 ι
1212 4804 1259 4855 εἰ
1295 4804 1496 4869 πάντες
1524 4808 1748 4878 ἀγαπήο

178 4890 342 4944 σουσι,
373 4879 475 4933 ποῦ
504 4883 552 4933 οἰ
588 4883 799 4957 ἐχθρῶς
837 4886 1083 4958 ἔχοντες;
1122 4910 1141 4946 ι
1178 4894 1240 4945 Εἰ
1267 4893 1466 4959 πάντες
1496 4898 1611 4959 τοῖς
1649 4897 1749 4967 τὴν

177 4971 395 5059 σιαγόνα
427 4973 649 5029 παίουσι
675 4979 773 5049 τήν
802 4979 1004 5046 δεξιὰν,
1034 4983 1127 5035 καὶ
1150 4984 1247 5055 τὴν
1278 4986 1445 5057 ἄλλην
1478 4988 1558 5051 εἰς
1588 4988 1747 5059 ὓϐριν

176 5058 292 5127 ἴσην
329 5066 662 5135 ἐκδώσουσι,
710 5071 814 5124 πού
846 5075 894 5128 οἰ
924 5076 1329 5146 τυπτήσοντες;
1370 5098 1388 5129 ι
1421 5080 1532 5132 Καὶ
1579 5082 1748 5152 μυρία

175 5150 336 5209 ana-
399 5162 601 5232 μᾶλλον
634 5163 754 5229 δέν,
799 5165 876 5229 ὡς
910 5164 1040 5230 ἔπος
1089 5168 1286 5234 εἰπεῖν,
1340 5171 1570 5242 οὐδεμία
1626 5150 1747 5225 θεία

175 5249 509 5320 παραίνεσις,
558 5257 617 5309 ἐν
648 5258 713 5327 τῇ
761 5256 903 5326 πρὸς
950 5258 1137 5329 ἕτερον
1186 5261 1280 5317 ἀφ’
1312 5262 1501 5317 ἐτέοου
1538 5263 1736 5334 πράξει

240 5426 279 5457 ⁷¹
326 5428 513 5487 Matth.
543 5449 594 5499 v,
630 5434 714 5488 l6.
792 5435 860 5467 7"
894 5434 1025 5491 Luc.
1048 5452 1120 5501 vr,
1150 5437 1237 5492 58.
1317 5440 1361 5470 τ’
1388 5436 1577 5493 Matth.
1610 5455 1761 5508 xvm,
1804 5440 1892 5495 55.

1858 4525 1905 4581 si
1930 4539 2119 4579 omnes
2176 4523 2445 4589 dederint,
2491 4521 2614 4591 quis
2668 4519 2932 4589 accipiet?
2988 4538 3006 4570 ι
3042 4518 3340 4582 Remittite,
3389 4528 3444 4572 et

1858 4614 2251 4679 remittetur";
2292 4632 2311 4667 ι
2368 4613 2414 4669 si
2464 4628 2656 4669 omnes
2706 4611 3083 4680 indulgentes,
3140 4610 3229 4663 ubi
3280 4621 3443 4665 erunt

1858 4707 2055 4777 quibus
2088 4704 2442 4777 indulgetur?
2493 4724 2511 4757 t
2552 4704 2766 4775 Diligite
2803 4704 3053 4759 inimicos
3084 4703 3381 4769 vestros";
3418 4723 3434 4751 ι

1859 4800 1903 4854 si
1936 4815 2127 4855 omnes
2155 4799 2404 4870 diligant,
2431 4798 2521 4852 tibi
2556 4800 2948 4866 comparebunt
2972 4798 3063 4866 qui
3096 4804 3227 4852 sunt
3252 4796 3438 4849 animo

1858 4890 2119 4945 inimico?
2150 4907 2168 4941 ι
2190 4888 2246 4943 Si
2275 4904 2466 4944 omnes
2493 4888 2670 4942 aﬂ‘ecti
2692 4888 3042 4951 contumelia,
3068 4888 3313 4943 dextram
3344 4901 3435 4953 gr-

1856 5000 1979 5039 nam
2004 4991 2057 5038 et
2079 4983 2357 5039 sinistram
2382 4984 2666 5039 obvertere
2688 4982 2944 5038 debent"
2967 5002 2985 5034 ν
3014 4982 3223 5050 injuria:
3256 4982 3435 5043 illatae,

1859 5077 1949 5131 ubi
2000 5084 2163 5131 erunt
2205 5076 2299 5146 qui
2335 5076 2547 5145 plagam
2595 5074 2879 5144 intligent?
2927 5071 3068 5128 Sunt
3124 5072 3435 5141 hujusntodi

1856 5170 2064 5225 infinita
2100 5187 2112 5223 :
2141 5178 2194 5224 et
2223 5179 2282 5223 ut
2310 5149 2421 5223 uno
2450 5169 2615 5223 verbo
2653 5166 2936 5241 expediam
2985 5165 3191 5229 omnia,
3225 5163 3434 5217 nullntn

1854 5262 2015 5331 plane
2039 5262 2140 5316 erit
2166 5260 2410 5315 divinum
2446 5259 2784 5322 mandatum,
2838 5256 2984 5315 nulla
3016 5252 3321 5311 exhortatio
3348 5252 3435 5304 iu-

1976 5440 2021 5472 νι
2052 5438 2236 5493 Matth.
2274 5456 2324 5505 ν,
2366 5436 2457 5493 ιι.
2530 5435 2571 5467 τι
2600 5434 2732 5490 Ibid.
2760 5434 2849 5490 39.

1488 5576 1717 5632 Willle
1754 5575 2162 5661 LECTIONES.

175 5705 205 5737 ’⁸
237 5698 383 5789 (λιι.
416 5705 617 5779 ἔλεγεν.
734 5721 759 5749 ν
789 5713 849 5768 C.
889 5711 957 5767 Μ.
992 5712 1091 5767 οὐκ
1114 5711 1285 5769 ἔστιν.
