3798 6210
68 291 157 356 62')
1093 289 1193 350 AD
1220 286 1822 349 AMPHILOCHIUM
1860 282 2212 356 QUIESTIO
2243 281 2338 342 Cl.

3207 269 3316 336 626

65 422 145 458 ται
164 418 179 434 °
211 399 403 458 οὐκοῦν
458 399 601 456 κατὰ
623 400 782 455 τοῦτὸ
803 417 869 470 γε
903 399 966 454 τὸ
997 402 1368 472 περιπόνηρόν
1403 418 1496 453 σου
1538 399 1630 470 λή-

1775 400 1826 454 ηἰ
1855 400 1905 454 id
1944 398 2074 469 agit,
2115 407 2174 452 ut
2202 393 2453 450 homines
2493 391 2708 448 honesti
2731 399 2787 446 et
2817 387 2974 460 probi
3000 387 3152 442 fiant.
3180 382 3308 440 llznc

69 508 205 564 ρημα
226 529 242 554 ,
274 491 480 561 πολλῆς
510 491 607 544 καὶ
656 490 904 562 μεγάλης
951 490 1134 561 ἔνοχος
1179 491 1358 554 αἰτίας
1385 531 1399 556 ,
1441 492 1470 544 6
1503 491 1630 552 τοὺς

69 582 366 655 ἀνθρώπους
415 584 618 646 καλοὺς
669 585 764 637 καὶ
814 583 1055 651 ἀγαθοὺς
1101 581 1428 653 βουλόμενος
1468 577 1627 636 εἶναι.

56 673 464 755 ’Κρατυνθείσης
497 674 607 744 γὰρ
637 675 736 744 τῆς
759 683 786 711 κ
817 674 1168 739 διδασκαλίας
1190 712 1205 738 ,
1241 674 1526 744 οἰχήσεται
1563 673 1630 727 τὰ

55 768 315 838 ,κράτιστα
353 767 467 828 τῶν
503 767 972 838 κατορθωμάτων*
1012 766 1108 820 καὶ
1153 766 1307 819 αὐτοὶ
1355 767 1403 818 οἱ
1452 765 1628 834 νόμοι,

54 859 279 931 νμάταιόν
307 877 381 925 τι,
435 859 533 913 καὶ
564 859 818 931 περιττὸς
855 860 1010 930 ὄχλος
1038 858 1270 914 ἔσονται.
1319 858 1429 911 Καὶ
1476 856 1631 911 οῠπω

66 952 214 1020 λέγω,
245 951 325 1004 ὅτι
354 950 424 1004 δι’
472 951 660 1016 αὐτοῦ,
693 950 898 1020 ἀγαθοῦ
932 951 1212 1022 ἀναίρεσις
1246 949 1634 1020 καταπράττεσι

56 1060 176 1120 οται·
206 1043 311 1098 οὐδ’
343 1044 424 1098 ὅτι
457 1046 492 1115 ἡ
526 1043 622 1098 τοῦ
669 1045 892 1113 ἀρίστου
941 1045 1154 1115 αἵρεσις
1198 1043 1482 1112 εἰσαγωγὴ
1523 1041 1633 1096 τῶν

66 1136 306 1206 χειρόνων
335 1136 740 1190 ἐπιδείκνυται·
774 1137 836 1190 οὐ
864 1136 974 1206 γὰρ
1012 1135 1154 1203 σοφά
1191 1152 1320 1201 σου,
1354 1134 1449 1188 καὶ
1484 1133 1633 1187 πόλις

65 1227 208 1297 τικῆς
234 1227 472 1299 θεωρίας
503 1227 717 1300 ἔμπλεα
737 1228 807 1281 τὰ
830 1227 1218 1298 ἐνθυμήματα,
1239 1230 1267 1282 6
1287 1229 1356 1280 τὰ
1380 1225 1633 1280 πολιτικά

57 1323 182 1391 ,ἡμῖν
211 1320 492 1386 ἐπισείων,
527 1321 623 1376 καὶ
668 1321 866 1390 λέγων,
909 1320 1114 1391 ταύτης
1161 1321 1274 1391 ἔχει
1322 1337 1406 1385 τις
1455 1321 1632 1373 εἰπεῖν

57 1413 482 1492 Ιπολιτικωτέραν
509 1413 614 1484 τῆς
643 1413 899 1484 ἐντολῆςς
947 1413 1152 1482 καίτοι,
1198 1413 1290 1466 τὸν
1343 1413 1445 1477 τάς
1489 1413 1634 1466 Πλά·

53 1521 215 1574 Ἴτωνος
263 1504 545 1569 πολιτείας
607 1505 895 1576 μονονουχὶ
946 1504 1380 1576 προσκυνοῦντα,
1432 1504 1632 1575 μυρίας

54 1597 155 1685 ζμὲν
203 1595 483 1668 γεμούσας
535 1596 848 1665 ἀσελγείας.
906 1597 1109 1669 μυρίας
1150 1597 1209 1650 δὲ
1253 1596 1391 1668 πρδς
1431 1596 1633 1660 ἑαυτὰς

70 1689 251 1760 μάχης,
280 1691 374 1743 καὶ
399 1689 824 1760 πολεμιωτάτας
859 1689 959 1760 μὲν
991 1689 1144 1763 πάσῃ
1177 1687 1497 1761 ἀνθρωπίνῃ
1526 1705 1626 1742 πο-

67 1781 240 1855 λιτείᾳ,
264 1783 325 1836 τὸ
355 1782 712 1856 ἀνύπαρκτον
741 1783 798 1838 δέ
831 1784 929 1838 καὶ
956 1782 1207 1838 ἀνούσιον
1237 1783 1366 1856 παρ’
1390 1781 1510 1835 ὅλον
1529 1781 1623 1835 τὸν

58 1876 220 1930 ἀἰῶνα
253 1876 714 1949 πολιτευομέναςο
762 1877 854 1930 τὸν
887 1876 1105 1940 ὲκείνας
1157 1878 1216 1929 ἐν
1261 1875 1452 1948 μνήμη
1489 1873 1632 1945 λαμ-

69 1966 295 2034 θάνοντα,
323 1969 421 2023 καὶ
450 1970 683 2034 ταύταις
711 1969 1194 2040 ἐνσεμνυνόμενον,
1215 1966 1303 2040 ἆρ’
1329 1969 1430 2022 οὐκ
1458 1968 1631 2038 ἐχρῆν

69 2056 187 2120 ὅλως
212 2057 586 2130 αἰσχύνεσθαι,
636 2060 731 2113 καὶ
773 2059 905 2114 αὐτὸ
930 2061 992 2114 τὸ
1016 2060 1117 2130 τῆς
1147 2060 1430 2123 πολιτείας
1456 2059 1629 2132 ὄνομα

68 2150 200 2215 ψιλὸν
219 2150 303 2204 διὰ
329 2151 562 2222 χειλέων
590 2152 892 2222 προάγεινς
927 2154 995 2207 σὺ
1022 2153 1079 2207 δέ
1105 2154 1198 2208 καὶ
1243 2152 1630 2225 ἐπειρωνεύειν

71 2243 183 2310 ἡμῖν
211 2242 408 2315 ταύτην
451 2243 832 2315 ἐθρασύνθης’
868 2245 961 2299 καὶ
988 2245 1243 2299 τοσοῦτόν
1275 2262 1355 2298 σοι
1401 2245 1462 2298 τὸ
1500 2245 1631 2316 δρα-

73 2334 284 2404 στήριον,
309 2335 392 2389 ὅτι
417 2335 453 2389 ἃ
486 2337 588 2404 μὲν
619 2336 810 2406 ψέγειν
847 2336 1194 2402 σπουδάζεις,
1225 2339 1470 2402 ἐπαινεῖς
1503 2337 1631 2390 λαν-

72 2422 255 2478 θιὶνων⁸
303 2420 381 2490 οἷς
409 2427 468 2480 δέ
517 2426 610 2481 τὸν
644 2427 867 2481 ἔπαινον
909 2428 1100 2500 φέρειν
1125 2428 1368 2500 ἀγωνίζῃ
1391 2469 1406 2494 ,
1455 2427 1632 2483 ταῦτα

71 2517 230 2586 ψέγων
251 2520 346 2573 οὐκ
379 2519 646 2592 αἰσθάνῃ.
699 2520 841 2574 Ἀλλ’
871 2521 946 2575 ἐῶ
979 2521 1078 2592 μὲν
1098 2530 1124 2570 1
1150 2519 1310 2575 τοῦτο
1341 2520 1501 2585 τέως.

142 2609 413 2682 Ἐνόμισας
467 2613 530 2666 δὲ
589 2615 699 2684 ἄρα
746 2613 850 2667 ὑπὸ
905 2613 1108 2682 πολλῆς
1144 2612 1336 2682 σοφίας
1377 2629 1490 2676 σου,
1554 2611 1630 2677 ὡς

73 2704 153 2757 καί
179 2706 586 2779 προηγούμενον
635 2701 749 2778 εἶχε
800 2707 1002 2760 σκοπὸν
1047 2708 1074 2759 ὁ
1121 2705 1311 2778 Σωτὴρ
1346 2705 1632 2776 πολιτικὴν

75 2797 377 2867 παραδοῦναι
411 2800 637 2869 τέχνην.
669 2799 795 2863 Πῶς
845 2795 940 2854 οὖν
987 2800 1087 2852 οὐκ
1135 2799 1339 2862 αίτίαις
1392 2798 1627 2867 ὑπάγεις

75 2888 251 2959 (καίτοι
294 2889 711 2959 φιλαιτιώτατος
731 2890 829 2958 ὢν,
860 2892 956 2944 καὶ
978 2891 1160 2944 πνέων
1188 2891 1287 2962 τὴν
1319 2889 1522 2961 ὓϐριν),
1547 2890 1630 2941 ὅτι

77 2979 220 3048 μηδὲν
268 2982 393 3051 περὶ
434 2980 790 3052 στρατηγῶν,
837 2981 972 3052 μηδέ
1023 2980 1426 3053 στρατοπέδων,
1493 2979 1630 3050 μηδέ

76 3073 394 3141 στρατιωτῶν
447 3073 688 3144 ὥρισεν⁹
741 3073 850 3126 οὐδ’
900 3075 1050 3136 ὅπως
1101 3074 1181 3126 δεῖ
1224 3058 1504 3142 πολεμίοις
1542 3072 1631 3125 διὰ

78 3164 234 3236 μάχης
279 3167 438 3234 ξέναι,
503 3167 612 3221 οὐδ’
645 3168 737 3221 ὅτε
780 3167 1140 3222 σπένδεσθαιο
1189 3167 1306 3222 ἀλλ’
1350 3168 1460 3221 οὐδ’
1504 3168 1630 3222 ὅσου

74 3258 165 3311 δέοι
183 3259 264 3312 τὸν
286 3261 427 3313 σῖτον
454 3259 495 3330 ἢ
523 3259 594 3314 τὰ
616 3259 753 3318 ἄλλα
778 3259 1193 3331 πιπράσκεσθαι
1211 3277 1224 3291 ο
1254 3259 1634 3332 ἀγορανόμους

75 3349 122 3402 δέ
146 3354 230 3408 καὶ
255 3351 516 3416 δικαστὰς
543 3351 640 3406 καὶ
667 3351 986 3422 νομοθέτας.
1008 3351 1182 3405 ὁποῖοί
1204 3369 1264 3405 τε
1298 3351 1513 3405 ἔσονται
1540 3353 1636 3405 καὶ

75 3441 190 3505 ὅσοι,
223 3446 279 3498 οὐ
315 3444 698 3516 δυσχεραίνεις
724 3443 806 3497 ὅτι
841 3443 1006 3514 μηδὲν
1053 3445 1431 3514 είσηγήσατο;
1465 3443 1633 3514 τυφλέ

75 3535 156 3588 καὶ
189 3537 348 3606 μωρέ,
381 3538 533 3591 οὕτω
560 3536 731 3607 βαθὺν
795 3535 962 3589 ὕπνον
1001 3535 1287 3600 ἐκάθευδες
1313 3534 1431 3608 (καὶ
1460 3538 1635 3589 ταῦτα

73 3627 156 3690 τὰς
185 3629 372 3693 νύκτας
411 3630 626 3688 ἄϋπνος
663 3627 865 3690 τελῶν,
912 3628 1006 3682 ἐπὶ
1035 3630 1102 3699 τῇ
1152 3628 1295 3681 κατὰ
1323 3628 1432 3682 τῶν
1473 3627 1634 3682 θείων

74 3716 247 3788 λογίων
273 3721 638 3792 ματαιοπονίᾳ
659 3722 702 3788 ),
737 3719 878 3773 ὥστε
923 3719 1061 3791 μηδέ
1110 3721 1304 3775 τούτου
1338 3721 1636 3792 συναίσθη-

75 3829 147 3865 σιν
164 3814 438 3883 δέξασθαι,
498 3815 692 3886 ὅτιπερ
720 3816 749 3868 6
778 3812 968 3883 Σωτὴρ
997 3813 1154 3884 ἡμῶν
1186 3813 1282 3866 καὶ
1316 3813 1483 3877 Θεὸς,
1525 3813 1634 3867 τῶν

76 3903 163 3972 μὲν
200 3907 490 3962 πολιτικῶν
533 3907 742 3972 τύπων,
795 3908 891 3960 καὶ
925 3907 1026 3976 τῆς
1064 3906 1194 3978 περὶ
1240 3905 1385 3960 αὐτὰ
1428 3905 1636 3972 τάξεως

74 3994 158 4049 οὐκ
185 3995 299 4068 ἔσχε
330 3997 749 4069 προηγούμενον
771 3998 864 4052 τὸν
895 3997 1120 4052 σκοπόν.
1159 3998 1314 4073 ’ᾙδει
1345 3997 1477 4070 γὰρ,
1516 3997 1634 4069 ᾔδει

73 4088 181 4152 τοὺς
206 4089 526 4160 ἀνθρώπους
576 4090 771 4162 ἱκανὴν
802 4093 868 4161 τῇ
901 4089 1070 4162 πείρᾳ
1100 4090 1457 4163 παρασκευὴν
1497 4090 1636 4159 πρὸς

73 4177 225 4233 ταῦτα
251 4181 430 4236 λαϐεῖν
451 4199 472 4216 ο
499 4183 598 4253 τῆς
642 4182 833 4254 χρείας
861 4183 955 4237 καὶ
986 4181 1085 4253 τῆς
1117 4182 1364 4250 ἀνάγκης
1393 4182 1492 4253 τὴν
1529 4182 1636 4252 μά·-

77 4273 213 4343 θησιν
233 4279 408 4342 αὐτοῖς
437 4276 716 4348 ὁσημέραι
745 4275 936 4349 ῥᾳδίαν
971 4277 1379 4346 παρεχομένης,
1404 4275 1498 4328 καὶ
1523 4274 1635 4328 τῶν

76 4367 429 4436 προλαϐόντων
457 4371 530 4424 τά
582 4369 905 4439 πταίσματα
955 4366 1290 4439 ἀποχρῶσαν
1324 4369 1436 4431 τοῖς
1501 4368 1626 4420 ἐσο-

1735 493 1987 550 doctrina
2015 492 2060 546 si
2097 489 2364 555 obtineat,
2398 487 2661 558 praeclara
2694 483 2939 539 facinora
2977 485 3317 536 evanescunt

1733 584 1938 641 omnia.
1974 582 2148 651 Leges
2191 580 2324 651 ipsa:
2383 586 2544 632 erunt
2577 577 2741 630 inane
2771 587 2992 639 nomen,
3021 580 3074 649 et
3121 583 3316 639 super-

1733 677 1876 733 ﬂuus
1908 675 2174 732 tumultus
2223 669 2615 728 censebuntur.
2648 664 2771 721 Non
2809 665 2940 720 dum
2989 647 3093 716 hec
3124 672 3314 728 urgeo,

1734 772 2060 842 probitatem
2118 767 2196 820 ita
2253 763 2394 828 tolli,
2450 777 2550 817 nec
2612 758 2759 831 quod
2810 753 3052 810 melioris
3119 749 3316 806 electio

1733 865 2001 937 pessimas
2029 857 2450 918 subintro’dueat
2483 850 2942 923 consequentias:
2975 843 3310 915 nequeenim

1733 935 2045 1030 prudentia,
2086 960 2142 1008 et
2171 951 2410 1024 politicae
2446 944 2911 1004 considerationis
2937 940 3098 1011 plena
3128 935 3316 1006 enthy—

1739 1058 1969 1106 memata
2033 1045 2215 1101 adhuc
2264 1042 2424 1098 nobis
2479 1039 2790 1110 proclamat
2849 1032 3065 1106 (ecquis
3133 1036 3315 1084 autem

1743 1140 1913 1211 magis
1945 1137 2220 1209 politicam
2245 1132 2521 1188 rationem
2549 1126 2728 1196 inibit)
2759 1133 3041 1193 utcunque
3070 1117 3319 1175 Platonis
3356 1171 3361 1211 ξ

1736 1230 2133 1304 rempublicam
2168 1234 2379 1280 tantum
2404 1237 2516 1278 non
2540 1221 2751 1284 adoret,
2783 1217 2864 1286 (in
2893 1230 2999 1286 qua
3019 1220 3146 1269 sunt
3177 1209 3320 1266 mul-
3356 1197 3360 1232 ἶ

1736 1328 1951 1398 tipliees
2006 1321 2373 1393 impuritates,
2432 1313 2762 1384 multiplices
2803 1309 2948 1364 inter
2993 1321 3053 1362 se
3091 1313 3321 1359 contra-

1735 1397 2040 1480 dictiones,
2095 1420 2150 1467 et
2193 1411 2260 1465 ad
2310 1407 2620 1478 oppositum
2669 1401 2977 1458 constitutae
3008 1397 3320 1464 cuicunque

1735 1509 2051 1581 reipublicae
2092 1503 2348 1558 humana:
2384 1495 2806 1554 constitutiones
2826 1532 2842 1558 ,
2873 1504 3146 1560 nusquam
3170 1484 3318 1541 exsi-

1736 1615 1963 1667 stentes,
1996 1596 2193 1654 nullilli
2216 1595 2284 1650 ab
2325 1591 2476 1647 omni
2522 1604 2638 1644 aevo
2696 1592 3004 1656 usurpatae:
3050 1581 3170 1636 illas
3201 1592 3320 1632 mc-

1737 1696 1913 1754 moria
1947 1691 2277 1748 recolentem
2307 1683 2576 1744 rationes,
2597 1684 2660 1759 et
2692 1676 2912 1733 easdem
2963 1671 3142 1743 magni
3178 1667 3320 1723 aesti-

1740 1796 2009 1849 mantem,
2045 1780 2274 1837 omnino
2303 1775 2516 1847 pudore
2565 1767 2805 1826 sulfundi
2826 1771 3062 1836 oportet,
3103 1759 3319 1831 quoties

1736 1878 1823 1934 vel
1855 1874 2062 1932 nudum
2101 1865 2422 1939 reipublicae
2453 1875 2655 1917 nomen
2684 1857 2844 1912 labiis
2880 1853 3187 1925 protulerit.
3221 1851 3319 1904 Ast

1741 1972 1835 2027 hic
1873 1978 1930 2024 tu
1960 1975 2016 2021 te
2045 1961 2258 2020 ironice
2283 1970 2475 2032 gerere
2513 1967 2682 2010 ausus
2707 1967 2767 2006 es
2792 1960 2848 2005 et
2872 1957 3078 2004 tantam
3113 1953 3319 2015 prretu-

1739 2061 1852 2120 listi
1890 2056 2144 2132 patrandi
2188 2051 2498 2114 audaciam,
2533 2056 2594 2102 ut
2643 2060 2766 2117 quae
2819 2043 3130 2111 vituperare
3167 2033 3321 2105 cogi—

1744 2167 1850 2220 tas,
1877 2127 2046 2209 t-acite
2097 2147 2330 2203 laudes:
2372 2157 2498 2214 quae
2533 2139 2758 2194 laudare
2785 2135 2871 2200 vel
2909 2132 3148 2188 maxime
3173 2127 3323 2183 desi-

1743 2249 1927 2314 deras,
1969 2259 2030 2300 ea
2065 2241 2382 2310 vituperare
2411 2245 2463 2292 te
2490 2248 2598 2290 non
2619 2228 3008 2303 persentiscas.
3035 2223 3142 2280 Sed
3166 2221 3322 2277 mitto

1743 2343 1799 2398 in
1815 2337 2074 2414 pmsenti
2097 2334 2266 2394 istud.

1832 2610 2116 2684 Opinaris,
2185 2621 2287 2678 pro
2343 2615 2436 2661 tua
2496 2613 2712 2658 summa
2762 2592 3070 2668 prudentia,
3123 2587 3324 2662 princi-

1743 2707 1923 2781 palem
1967 2704 2246 2760 Servatori
2294 2713 2521 2768 scopum
2567 2693 2908 2767 propositum
2938 2688 3125 2751 fuisse,
3153 2694 3325 2740 artem

1740 2775 1964 2856 tradere
2015 2795 2321 2868 politicam.
2375 2791 2444 2846 Et
2475 2802 2740 2859 quorsum
2775 2801 2882 2839 non
2945 2783 3182 2844 incusas,
3229 2775 3324 2845 qui

1741 2909 1809 2950 eo
1848 2890 2008 2946 facile
2041 2886 2354 2951 descendis,
2416 2881 2563 2953 quod
2615 2879 2683 2934 de
2750 2875 3041 2938 militibus,
3101 2870 3320 2934 castris,

1739 2983 1998 3045 ducibus,
2026 2979 2161 3035 nihil
2198 2976 2412 3040 statuit,
2461 2989 2569 3029 non
2603 2971 2790 3028 docuit
2823 2966 3097 3040 quomodo
3136 2966 3324 3020 hostes

1740 3077 1852 3132 sint
1877 3070 2206 3144 excipiendi,
2235 3068 2440 3124 fmdera
2472 3064 2733 3128 ineunda,
2791 3061 3129 3116 frumentum
3177 3072 3282 3112 con

1741 3167 1883 3223 trahi
1927 3175 1983 3220 et
2036 3169 2376 3218 commeatus
2427 3157 2664 3229 possint.
2722 3154 2834 3209 Nec
2891 3151 3082 3220 iniquo
3137 3148 3323 3203 animo

1741 3260 1872 3325 fers,
1896 3257 2040 3330 quod
2076 3254 2212 3311 nihil
2245 3250 2489 3308 intulerit
2521 3251 2588 3305 de
2616 3247 2895 3308 venalium
2937 3258 3126 3299 rerum
3161 3255 3326 3298 cura-

1736 3349 1974 3413 toribus,
2030 3345 2334 3418 judicibus,
2399 3338 2876 3413 legumlatoribus.
2937 3333 3095 3390 Caace
3154 3340 3210 3387 tu
3273 3340 3330 3387 et

1738 3444 1928 3508 stulte,
1962 3441 2116 3497 itane
2163 3436 2444 3510 profundo
2479 3447 2679 3489 somno
2729 3429 2978 3500 sepultus
3036 3423 3265 3496 jacuisti
3301 3423 3324 3476 ?

1739 3537 1857 3609 (qui
1913 3545 2096 3591 tamen
2136 3539 2283 3588 totas
2345 3535 2542 3584 noctes
2608 3526 2899 3581 insomnes
2953 3516 3326 3579 transmeasti,

1739 3632 1867 3687 dum
1898 3628 2084 3697 inepta
2125 3622 2412 3680 meditaris
2469 3628 2524 3675 et
2563 3617 2870 3673 frustranea
2907 3612 3173 3668 adversus
3204 3624 3330 3664 ora-

1739 3721 1863 3778 cula
1897 3719 2012 3790 Dei)
2049 3729 2110 3774 ut
2165 3717 2374 3772 nullum
2405 3715 2566 3772 istius
2607 3727 2831 3769 sensum
2861 3707 3142 3771 habueris,
3172 3705 3320 3777 quod

1743 3813 1888 3870 Deus
1934 3821 1989 3868 ct
2023 3809 2290 3867 Servator
2351 3816 2544 3864 noster
2610 3806 2678 3860 de
2741 3801 2933 3858 formis
2970 3798 3212 3871 politicis
3265 3803 3320 3850 et

1741 3902 2073 3968 actionibus,
2101 3899 2306 3955 nullam
2340 3895 2702 3969 principalem
2729 3893 2921 3948 habuit
2959 3890 3324 3945 intentionem

1739 3993 2039 4049 statuendi.
2075 3990 2420 4060 lnlelligebat
2471 3989 2617 4042 enim
2652 3984 2903 4040 homines
2962 3980 3096 4036 satis
3127 3979 3198 4033 ab
3228 3993 3327 4032 ex—

1740 4077 2005 4157 perientia
2049 4084 2348 4138 instructos
2391 4080 2458 4133 ad
2513 4078 2641 4142 ista,
2667 4075 2868 4145 quibus
2912 4071 3215 4128 necessitas
3262 4077 3318 4122 et

1741 4195 1899 4245 usus,
1951 4175 2110 4232 facile
2135 4173 2205 4229 ad
2245 4187 2363 4228 eam
2396 4170 2602 4226 aditum
2635 4164 2882 4222 discendi
2917 4162 3152 4218 faciebat
3183 4175 3324 4230 quo-

1741 4270 1896 4333 tidie,
1926 4277 1981 4324 et
2020 4282 2053 4322 a
2077 4262 2509 4337 praecedentibus
2539 4256 2767 4314 admissi
2795 4269 3016 4311 errores
3065 4253 3120 4306 in
3170 4249 3329 4306 simi-

1746 4364 1891 4420 libus
1933 4358 2228 4418 actitandis
2255 4355 2566 4428 expeditam
2604 4348 3022 4422 suppeditarent
3053 4344 3313 4400 emenda-

80 4460 240 4527 μένοις
267 4465 358 4517 ἐπὶ
397 4463 509 4518 τῶν
543 4436 769 4534 ὁμοίων⁷
795 4436 1142 4529 ἀντεισάγειν
1179 4459 1280 4531 τὴν
1323 4458 1630 4531 διόρθωσιν.

1772 4459 1972 4514 ionem.
2003 4453 2159 4522 Quod
2211 4451 2258 4508 si
2288 4449 2567 4505 admissus
2618 4445 2749 4500 inibi
2779 4456 2938 4498 error
2990 4438 3176 4503 fuerit,
3247 4436 3315 4491 ad

77 4552 136 4604 Εἴ
160 4571 206 4607 τι
228 4555 282 4608 δὲ
312 4557 408 4610 καὶ
437 4555 647 4624 ταύτης
695 4554 987 4626 ἡμάρτητο
1023 4555 1118 4607 καὶ
1148 4551 1242 4606 τοῦ
1275 4551 1373 4623 μὲν
1405 4550 1543 4621 πρὸς
1575 4550 1636 4603 τὸ

80 4641 132 4700 εὖ
154 4647 266 4717 ἔχον
289 4651 382 4704 καὶ
413 4650 755 4720 καθεστηκὸς
785 4647 1260 4719 ἐπανορθούμενος
1294 4642 1638 4715 μεταρύθμι-

79 4736 176 4802 ζει·
200 4744 578 4815 προηγουμένη
612 4742 670 4796 δὲ
695 4741 776 4813 τῷ
803 4741 1018 4812 Σωτῆρι
1059 4740 1303 4812 φροντὶς,
1333 4740 1367 4809 ἡ
1391 4736 1497 4791 τῶν
1533 4736 1642 4808 ψυ-

80 4829 173 4898 χῶν
214 4833 431 4907 ὕπεῖρχε
457 4845 479 4872 ι
533 4834 798 4906 σωτηρία,
838 4833 934 4887 καὶ
979 4831 1262 4901 εἰσαγωγὴ
1317 4829 1434 4900 βίου
1488 4828 1637 4897 φιλο-

83 4923 228 4992 σόφου
250 4929 342 4981 καὶ⁵
373 4929 519 4998 ζωῆς
545 4925 886 4998 ὑψηλοτέρας
909 4943 924 4957 ·
979 4925 1068 4978 διὰ
1093 4924 1300 4992 ταύτης
1330 4921 1438 4990 γὰρ
1466 4921 1500 4986 ἡ
1529 4918 1637 4970 τῶν

83 5017 252 5071 παθῶν
296 5020 597 5092 ἐλευθερία,
651 5021 747 5074 καὶ
795 5020 830 5089 η
885 5017 1021 5087 πρὸς
1060 5015 1121 5068 τὸ
1166 5014 1384 5086 πρῶτον
1435 5011 1640 5080 ἀγαθὸν

83 5104 362 5181 ἐπιστροφὴ
397 5112 488 5166 καὶ
518 5111 815 5178 συνάφεια,
864 5109 980 5162 ἀλλ’
1018 5107 1079 5160 οὐ
1115 5104 1400 5174 πολιτικῆς
1448 5103 1640 5170 διαγω-

85 5196 173 5266 γῆς
211 5201 243 5272 ἢ
289 5205 606 5274 σωματικῆς
648 5199 998 5272 εὐδαιμονίας
1027 5201 1060 5268 η
1091 5196 1381 5269 ἐπιμέλεια
1409 5195 1638 5250 κατεϐέ-

86 5286 258 5360 6λητο·
288 5295 459 5370 ταύτῃ
498 5313 580 5378 τοι
611 5297 707 5350 καὶ
749 5297 861 5359 τοῖς
897 5292 1249 5363 φιλοσάρκοις
1287 5291 1382 5344 καὶ
1407 5289 1638 5357 φιλοσω-

93 5379 260 5447 μάτοις
298 5388 330 5456 ἡ
377 5388 695 5457 Δεσποτικὴτ
726 5386 1070 5458 παραίνεσις,
1097 5383 1286 5454 ῶσπερ
1319 5380 1384 5452 δὴ
1426 5380 1520 5435 xui.
1551 5379 1637 5433 σοὶ

87 5466 339 5542 δύσοιστός
369 5495 429 5532 τε
462 5481 556 5534 καὶ
584 5479 880 5552 δυσάρετος
903 5496 918 5511 ·
968 5478 1138 5549 ἐχρῆν
1185 5475 1242 5529 δέ
1288 5474 1396 5546 ἄρα
1421 5512 1437 5539 9
1470 5474 1631 5543 εἴπερ

1746 4560 1950 4609 statum
1988 4547 2150 4604 facile
2204 4545 2530 4616 praeclarum
2575 4539 2868 4594 reducetur
2903 4551 2916 4588 :
2957 4546 3157 4602 scopus
3201 4531 3331 4584 Ser-

1746 4643 1920 4698 vatori
1955 4638 2254 4711 primarius
2287 4635 2413 4701 fuit,
2447 4618 2754 4687 animarum
2785 4627 2970 4683 salus:
3007 4624 3131 4678 vitae
3159 4621 3331 4675 subli-

1745 4736 1938 4793 mioris
1973 4729 2370 4805 philosophicas
2403 4724 2712 4782 institutio:
2757 4737 2852 4794 per
2899 4722 3061 4773 istam
3112 4714 3258 4771 enim
3297 4729 3328 4768 a

1745 4821 2098 4895 passionibus
2137 4819 2316 4890 quies,
2347 4815 2633 4871 conversio
2675 4812 2744 4867 ad
2792 4822 3070 4865 summum
3101 4806 3331 4870 bonum,

1746 4926 1802 4972 et
1831 4913 2148 4983 coniunctio
2178 4927 2306 4967 cum
2339 4908 2554 4973 eodem,
2591 4921 2741 4970 cura,
2786 4915 2839 4960 et
2898 4901 3138 4958 studium
3170 4899 3335 4954 doce—

1745 5009 1930 5072 batur,
1956 5022 2068 5062 non
2105 5004 2282 5060 civilis
2328 5001 2565 5072 alicujus
2596 4993 3056 5060 conversationis,
3086 4999 3181 5047 aut
3210 4989 3332 5045 feli~

1745 5101 1931 5158 citatis
1964 5097 2293 5168 corporalis.
2341 5095 2635 5150 Enimvero
2668 5089 2980 5145 Servatoris
3008 5087 3184 5142 nostri
3223 5086 3328 5140 ista

1749 5192 2056 5249 admonitio
2105 5191 2173 5245 iis
2214 5189 2308 5260 qui
2343 5201 2563 5244 carnem
2612 5191 2666 5239 et
2700 5197 2905 5254 corpus
2945 5180 3202 5251 diligunt,
3245 5177 3327 5237 uti

1747 5302 1813 5342 ac
1857 5285 1956 5340 tibi
1990 5299 2102 5338 non
2151 5283 2349 5353 placet,
2396 5279 2493 5334 sed
2541 5278 2761 5334 videtur
2827 5271 3228 5331 intolerabilis:
3279 5267 3327 5322 si

1744 5390 1875 5446 ergo
1923 5375 2099 5430 inerat
2142 5373 2323 5443 aliqua
2387 5369 2550 5432 ratio,
2603 5366 2731 5424 licet
2782 5371 2896 5420 tota
2953 5355 3330 5434 sycophantiis

1744 5476 2003 5536 scaterct,
2058 5465 2353 5522 observare
2401 5463 2671 5519 debueras
2715 5453 3176 5528 consequentias,
3224 5462 3327 5506 nec

1332 5648 1499 5707 VARI
1506 5649 1574 5706 ΑΒ
1606 5645 2008 5705 LECTIONES.

181 5765 321 5857 ἰ’ῖσ.
358 5767 575 5842 ταύτης.
600 5770 817 5828 Etenim
861 5771 916 5827 in
947 5770 1068 5830 cod.
1106 5769 1252 5827 Μοῑι.
1288 5769 1459 5826 deest-

1571 5774 1596 5817 7
1632 5765 1695 5822 C.
1732 5764 1804 5821 Μ.
1840 5764 1955 5823 ἀλλ’
1974 5762 2176 5835 ἐῶμεν.
2258 5772 2278 5800 ι
2315 5761 2376 5818 C.
2407 5759 2477 5819 Μ.
2503 5759 2738 5835 ὑπῆρχε.
