3846 6188
517 313 621 384 C27

1677 319 1939 382 PHUTII
1970 320 2474 385 ΡΑΤΒΙΑΒΟΗᾸΕ
2512 327 2622 386 CP.

3645 327 3728 390 623

515 447 611 503 per
643 429 878 486 ironiam
933 430 1198 496 cavillari,
1247 430 1393 501 quod
1453 431 1738 499 poltttcum
1796 433 1872 487 nil
1921 434 2091 504 sapiat

2198 454 2280 502 τις
2333 436 2401 511 ἦν
2455 440 2751 511 λογισμὸς,
2785 441 2890 495 κᾶν
2932 439 3061 509 γοῦν
3101 439 3159 492 ἐν
3209 442 3328 503 ταῖς
3391 444 3731 511 συκοφαντίαις

515 522 721 579 Christi
773 536 995 577 sermo:
1029 521 1123 575 sed
1167 521 1312 591 quod
1345 522 1471 577 vitae
1517 523 1662 578 illius
1695 533 1748 577 et
1807 539 2101 580 conversa-

516 615 683 669 tionis
737 613 940 668 l'undus
975 611 1417 682 phil050phicam
1466 614 1634 669 vitam
1681 630 1794 670 non
1844 615 2096 685 attingat.

514 708 701 772 Actu,
754 707 807 761 in
831 704 1037 776 quibus
1071 706 1300 760 minime
1334 707 1726 777 vituperandus
1771 709 1891 780 ejus
1918 725 2100 766 sermo

520 800 720 864 fuerat,
756 815 989 856 accusas
1024 809 1248 854 tamen:
1301 799 1399 854 tibi
1449 815 1690 870 namque
1750 801 2096 871 propositum

517 894 625 949 fuit
673 895 906 962 ineptias
937 893 1173 956 ell‘utire,
1208 892 1357 946 nulla
1398 891 1543 948 illius
1593 893 1792 964 injeCIa
1825 897 2102 951 mentione

515 988 661 1058 quod
712 985 1013 1042 concedere
1060 986 1114 1039 in
1163 984 1495 1054 vituperiutn
1549 987 1812 1054 praecepti
1864 995 2097 1056 poterat.

515 1078 594 1134 lta
629 1079 922 1133 invalidam
955 1086 1009 1132 et
1065 1077 1296 1131 ﬂuidam
1331 1077 1602 1147 protulisti
1649 1080 1940 1145 rationem,
1976 1095 2100 1150 qua:

515 1178 755 1224 mentem
784 1169 878 1224 tibi
912 1167 1288 1222 calumniandi
1336 1167 1551 1222 avidam
1591 1170 1973 1225 malefaciendi
2003 1187 2100 1226 cu-

516 1261 696 1330 pidam
727 1269 779 1314 et
808 1259 1076 1327 putridam
1109 1258 1354 1315 declaras
1384 1277 1398 1313 :
1449 1269 1502 1315 et
1536 1268 1596 1314 ut
1645 1277 1754 1315 non
1796 1271 1990 1332 sponte
2019 1273 2098 1317 ta-

515 1367 639 1404 men
673 1350 1014 1414 mandatum,
1035 1351 1175 1404 ultra
1194 1367 1412 1405 omnem
1438 1353 1692 1422 vituperii
1725 1365 1778 1409 et
1808 1356 2098 1411 calumnia:

513 1441 689 1494 aleam
744 1442 1003 1510 positum.
1035 1439 1252 1497 Videsis
1285 1443 1536 1505 ulterius,
1589 1445 1826 1512 qualiter
1881 1446 1970 1500 ille
2001 1447 2097 1516 qui

514 1533 620 1587 sibi
661 1532 1000 1601 impossibile
1046 1544 1414 1603 pr0posuerat
1444 1534 1602 1590 aliter
1645 1537 1861 1591 videtur
1899 1552 2097 1592 conse-

512 1633 685 1688 quens
724 1620 1023 1676 absurdum
1076 1621 1299 1680 inferre.
1337 1621 1473 1677 Nam
1500 1612 1877 1692 cumﬂixerat,
1911 1627 2098 1682 siom-

510 1726 608 1766 nes
639 1713 898 1778 vendant,
933 1715 1058 1784 quis
1091 1715 1426 1786 eritemptor
1452 1734 1467 1783 ;
1504 1731 1599 1787 per
1629 1717 1807 1774 thesin
1837 1720 2094 1788 impossi-

509 1802 673 1857 bilem
715 1807 1013 1860 absurdum
1043 1807 1188 1877 quod
1215 1818 1301 1864 est
1340 1809 1507 1864 infert
1555 1829 1569 1865 :
1612 1810 1869 1880 opinatur
1907 1824 2091 1867 autem

509 1909 620 1949 non
651 1896 891 1966 ejusdem
925 1913 1046 1954 esse
1095 1899 1361 1962 stultitia),
1403 1901 1611 1956 crimen
1662 1903 1956 1960 calumniis
1997 1920 2091 1975 pe-

510 1989 670 2042 titum
729 1992 1046 2045 mandatum
1078 1994 1238 2062 quasi
1299 1995 1472 2064 culpae
1539 2011 1786 2052 causam.
1837 1996 1953 2052 Non
2006 2009 2092 2056 est

509 2080 689 2148 enim,
723 2081 849 2136 licet
895 2083 1148 2139 Christus
1201 2085 1330 2139 illud
1373 2086 1533 2142 toties
1586 2088 2089 2156 commonefecerit,

510 2171 643 2226 licet
675 2173 862 2228 multis
903 2173 1066 2229 minis
1113 2175 1444 2244 devinxerit,
1482 2178 1609 2233 licet
1670 2177 1926 2249 fulgetra,
1983 2181 2092 2236 ful-

510 2264 682 2329 mina,
715 2266 976 2332 tonitrua,
1016 2266 1200 2322 hiatus
1248 2275 1410 2324 terrae
1443 2271 1793 2326 sermonibus
1843 2272 1960 2327 suis
1996 2274 2094 2328 ad-

503 2356 794 2427 junxerit,
834 2373 941 2413 non
996 2369 1079 2414 est
1118 2361 1401 2431 possibile,
1432 2372 1493 2417 ut
1542 2377 1734 2420 omnes
1791 2379 1888 2434 per
1947 2365 2090 2421 idem

509 2460 846 2505 momentum
874 2453 1110 2508 vendere
1153 2455 1344 2521 velint,
1393 2459 1467 2511 ita
1500 2466 1560 2513 ut
1598 2474 1758 2514 nemo
1806 2475 2008 2516 avarus
2040 2471 2094 2516 et

508 2542 822 2598 divitiarum
881 2546 1112 2614 cupidus
1150 2547 1526 2618 relinquatur;
1593 2566 1811 2622 semper
1841 2554 1985 2608 enim
2040 2564 2096 2609 et

510 2634 712 2705 ubique
739 2636 875 2691 tales
898 2639 1190 2693 exsistunt.
1218 2637 1337 2694 Non
1380 2650 1464 2695 est
1506 2642 1682 2697 virtus
1709 2645 1966 2701 omnibus
1993 2663 2093 2717 pa-

506 2725 697 2783 rahilis
727 2745 740 2781 :
783 2727 983 2787 sulIicit
1012 2730 1055 2784 si
1097 2745 1218 2785 eam
1249 2732 1494 2786 ambiant
1525 2733 1709 2802 plures
1763 2735 2043 2806 sigillatim
2075 2757 2089 2793 :

508 2820 603 2872 sed
637 2834 739 2875 nec
769 2819 902 2875 illud
931 2821 1171 2888 obviam,
1215 2839 1314 2878 nec
1349 2824 1402 2877 in
1432 2825 1617 2894 aliqua
1651 2826 1854 2882 virtute
1902 2830 2094 2885 obser-

505 2913 793 2979 vandum;
860 2917 1146 2984 pauciores
1211 2918 1469 2973 virtutem
1552 2935 1718 2990 quam
1795 2921 1925 2977 vitia
1991 2924 2092 2978 ad-

506 3012 715 3057 amanl.
755 3001 864 3059 Nec
915 3014 1093 3062 tamen
1139 3006 1298 3062 debet
1353 3010 1577 3064 humani
1631 3012 1847 3082 generis
1902 3029 2090 3070 curam

2208 531 2472 605 μελετῶν,
2529 535 2820 604 φυλάττειν
2847 534 2909 588 τὸ
2942 533 3258 602 ἀκόλουθον,
3302 533 3376 605 μὴ
3412 534 3489 587 ὅτι
3519 538 3608 589 οὐκ
3640 538 3729 592 ἔστι

2204 623 2523 696 πολιτικὴή
2556 625 2862 698 Δεσποτικὴ
2899 626 3088 696 ἐντολὴ
3137 627 3196 678 έν
3245 625 3427 697 εἶρωνι
3481 625 3608 697 λόγῳ
3639 629 3730 682 δια-

2204 715 2573 787 θρύπτεσθαιτ
2603 716 2719 771 ἀλλ’
2763 717 2845 770 ὅτι
2893 716 2954 770 ού
3002 717 3294 786 φιλόσοφος
3337 716 3453 769 οὐδὲ
3485 717 3728 786 φιλοσόφον

2203 806 2320 878 βίου
2353 809 2564 882 κρηπίς
2585 824 2599 839 ·
2629 808 2693 861 σὺ
2723 807 2804 874 δὲ,
2841 808 2899 874 ἐξ
2930 803 3004 862 ὧν
3046 808 3145 880 μὲν
3189 809 3375 878 ἐκείνη
3403 807 3559 877 ψόγον
3592 811 3643 863 ού
3665 812 3730 864 δέ-

2202 919 2380 972 χεται,
2426 901 2586 955 τοῦτο
2614 901 3028 969 αἰτιασάμενος,
3077 900 3253 954 καίτοι
3302 900 3406 954 κάν
3467 901 3624 972 τούτῳ
3649 921 3729 970 μα-

2200 993 2500 1061 ταιολογεῖν
2548 991 3050 1064 προεληλεγμένος·
3108 991 3177 1045 δι’
3229 985 3306 1047 ὧν
3365 993 3411 1046 δ’
3466 991 3528 1046 ἂν
3576 995 3727 1067 ἐντολὴ

2201 1085 2428 1158 τοιαύτη
2459 1084 2711 1156 ψεχθείη,
2748 1086 2884 1156 μηδὲ
2930 1083 3242 1156 μεμνῆσθαι
3271 1083 3550 1156 θαρρήσας
3577 1089 3655 1138 καὶ
3685 1088 3729 1139 τὸ

2200 1175 2302 1246 τῆς
2350 1175 2452 1246 σῆς
2495 1175 2721 1246 γνώμης
2759 1175 3033 1244 φιλαίτιον
3070 1174 3166 1228 καὶ
3215 1173 3627 1244 φιλοκακοῦργον
3659 1180 3728 1231 καὶ

2203 1267 2403 1337 σαθρὸν
2439 1267 2637 1336 ἀμάχῳ
2694 1265 2839 1338 λόγῳ
2867 1266 3148 1338 διήλεγξαι
3167 1283 3180 1296 ο
3214 1265 3312 1318 καὶ
3350 1264 3410 1318 τὸ
3439 1266 3528 1335 τῆς
3553 1267 3728 1338 ἐντολῆς

2201 1361 2448 1429 κρεῖττον
2511 1357 2705 1429 μώμου
2753 1360 2847 1412 καὶ
2900 1358 3154 1428 διαϐολῆς
3209 1358 3428 1426 ἀπάσης
3479 1358 3564 1411 καὶ
3615 1360 3728 1413 ἄκων

2201 1450 2755 1521 προσεμαρτύρησας.
2813 1449 2955 1522 Ὅρα
3007 1451 3063 1504 δὲ
3128 1449 3360 1514 λοιπὸν,
3411 1449 3549 1511 ὅπως
3600 1451 3727 1514 αὐτὸς

2200 1538 2384 1609 ἑαυτῷ
2419 1539 2752 1609 ὑποθέμενος
2805 1539 2866 1592 τὸ
2912 1539 3174 1592 ἀδύνατον
3225 1537 3355 1592 καθ’
3389 1539 3564 1610 ἑτέρου
3613 1539 3729 1593 δοκεῖ

2203 1629 2456 1699 συνάγειν
2485 1630 2554 1707 τὸ.
2576 1631 2841 1701 ἑπόμενον
2865 1631 3086 1686 ἄτοπον.
3137 1631 3332 1699 Λέγων
3363 1631 3488 1700 γάρ,
3519 1633 3591 1684 ὅτι
3630 1633 3726 1684 Πω-

2199 1722 2437 1777 λούντων
2461 1723 2738 1790 ἁπάντων,
2782 1723 2865 1787 τίς
2901 1726 2929 1777 ὁ
2970 1724 3352 1794 ώνησόμενοςς
3408 1723 3628 1794 ἀδυνάτῳ
3652 1725 3726 1794 μὲν

2198 1818 2362 1881 αὐτὸς
2388 1818 2537 1871 θέσει
2564 1818 2664 1885 τὴν
2688 1817 2921 1872 ἀτοπίαν
2954 1817 3246 1890 ἐφέλκεται
3267 1835 3281 1847 ο
3311 1819 3479 1871 οἴεται
3502 1817 3553 1869 δὲ
3582 1818 3633 1870 οὐ
3651 1819 3726 1887 τῆς

2194 1911 2359 1964 αὑτοῦ
2393 1911 2746 1982 ῥᾳδιουργίας
2775 1905 2921 1964 εἶναι
2954 1910 3016 1963 τὸ
3051 1909 3309 1980 ἔγκλημα
3356 1908 3452 1980 τὴν
3479 1909 3727 1979 ἐπηρεαζο-

2198 2001 2367 2072 μένην
2395 2001 2441 2053 δ’
2467 2001 2689 2072 ἐντολὴν
2739 2001 3003 2072 παρέχειν
3035 2002 3096 2054 τὸ
3128 2001 3324 2055 αἴτιον.
3360 2001 3430 2053 Οὐ
3464 2001 3563 2071 γὰρ
3596 2001 3724 2062 ἐστιν,

2194 2094 2296 2148 οὐκ
2323 2093 2470 2148 ἔστιν
2501 2093 2605 2148 κᾶν
2630 2093 2890 2157 πολλάκις
2921 2093 3079 2147 τοῦτο
3100 2093 3340 2164 Χριστὸς
3371 2094 3722 2162 παραινέσειεν,

2195 2189 2301 2243 κᾶν
2353 2189 2576 2260 μυρίαις
2625 2187 2875 2253 ἀπειλαῖς
2910 2189 3293 2260 καταδήσειεν,
3349 2189 3449 2242 κάν
3491 2188 3726 2258 ἀστραπὰς

2195 2282 2288 2336 καὶ
2331 2281 2561 2353 βροντάς
2604 2282 2700 2335 καὶ
2731 2280 3036 2352 κεραυνοὺς
3071 2282 3164 2334 καλ⁵
3196 2281 3305 2350 γῆς
3374 2281 3610 2350 χάσματα
3637 2280 3724 2340 τοῖς

2194 2374 2375 2445 λόγοις
2409 2373 2884 2444 συνεπαφήσειεν²
2939 2373 3043 2426 οὐκ
3085 2373 3202 2426 ἐστι
3258 2372 3478 2425 δυνατὸν
3522 2372 3724 2432 ἅπαντας

2198 2464 2298 2536 μὲν
2330 2463 2422 2534 ὑφ’
2451 2464 2547 2517 ἕνα
2575 2462 2772 2534 καιρὸν
2801 2462 3021 2517 ἑλέσθαι
3051 2463 3280 2527 πωλεῖν,
3311 2462 3496 2516 οὐδένα
3536 2461 3587 2514 δὲ
3622 2462 3725 2513 ὑπο-

2193 2557 2475 2627 λελεῖφθαι
2501 2557 2592 2612 τδν
2619 2553 2914 2629 φιλοκερδῆ
2948 2557 3042 2610 καὶ
3059 2557 3417 2625 φιλόπλουτον
3438 2571 3451 2586 ο
3483 2554 3580 2607 sici.
3621 2553 3720 2622 γὰρ,

2194 2651 2300 2704 εἰσὶ
2328 2651 2469 2704 κατὰ
2497 2651 2678 2705 πάντα
2721 2649 2912 2720 καιρὸν
2947 2643 3094 2703 οὗτοί
3120 2665 3180 2701 τε
3241 2649 3510 2702 κάκεῖνοι·
3538 2646 3724 2715 βάσιμος

2194 2741 2250 2794 δὲ
2278 2740 2537 2793 οὐδέποτε
2573 2741 2744 2794 πᾶσιν
2778 2738 2893 2810 ἅμα
2918 2740 2952 2809 ἡ
2978 2738 3148 2809 ἀρετὴ
3181 2737 3484 2807 ἀγαπητὸν,
3530 2735 3611 2787 δι⁸
3643 2733 3723 2786 κᾶν

2193 2835 2243 2888 oi
2289 2832 2508 2897 πλείους
2555 2834 2651 2886 καὶ
2695 2832 2798 2886 ἀνά
2843 2831 3038 2902 μέρος·
3083 2831 3201 2884 ἀλλ’
3235 2831 3357 2884 οὐδὲ
3407 2830 3552 2882 τοῦτο
3600 2828 3719 2898 ῥᾷον,

2193 2928 2304 2982 οὐδ’
2337 2928 2429 2980 ὲπί
2456 2945 2601 2992 τινος
2633 2925 2782 2980 ἔστιν
2814 2927 2942 2980 ἰδεῖν
2970 2925 3176 2995 ἀρετῆς
3210 2943 3226 2956 ·
3254 2925 3502 2988 ἐλάττους
3533 2922 3625 2993 γὰρ
3656 2922 3721 2974 ἀεὶ

2193 3020 2398 3090 ταύτης
2430 3019 2468 3090 ἢ
2491 3020 2539 3072 οἱ
2578 3019 2676 3089 τῆς
2719 3017 2915 3080 κακίας
2945 3017 3196 3088 ἐρασταί.
3228 3014 3307 3071 Οὐ
3346 3015 3448 3086 μὴν
3491 3014 3570 3068 διὰ
3601 3011 3722 3065 τοῦτο

506 3093 838 3164 suscipiens,
869 3097 1160 3152 consilium
1185 3100 1438 3155 omittere
1460 3101 1696 3156 danaum
1721 3115 1815 3159 aut
1844 3104 2091 3164 informa-

2208 3111 2477 3181 προσήκει
2518 3108 2613 3162 τοῦ
2663 3109 3005 3179 ἀνθρωπίνου
3049 3108 3245 3177 γένους
3295 3105 3594 3178 atpoquij
3623 3103 3722 3165 τοὺς

507 3186 649 3241 tioni
684 3191 1063 3258 supersedere,
1122 3191 1268 3260 quod
1311 3207 1417 3247 non
1447 3209 1640 3250 omnes
1665 3197 2087 3268 obtemperant:

509 3277 617 3331 Sed
650 3277 799 3347 quod
827 3280 981 3334 multi
1011 3280 1081 3334 ab
1124 3282 1228 3337 hoc
1259 3292 1380 3339 ortu
1413 3285 1667 3354 profecti,
1701 3289 1914 3344 malum
1942 3292 2091 3362 quod

505 3377 592 3424 est
619 3369 853 3440 fugiunt,
904 3371 1106 3427 bonum
1146 3373 1370 3445 eligant,
1411 3363 1615 3434 idcirco
1643 3382 1944 3449 generatim
1995 3385 2093 3440 ad-

505 3459 765 3515 monendi
807 3469 937 3516 sunt
968 3477 1162 3520 omnes
1214 3473 1275 3520 ut
1321 3467 1577 3524 virtutem
1633 3471 1838 3527 colant.
1882 3475 1989 3530 Sed
2037 3483 2093 3531 et

506 3550 643 3606 illud
674 3553 872 3607 intueri
899 3553 1062 3610 etiam
1087 3557 1238 3623 licet,
1269 3559 1415 3629 quod
1452 3561 1695 3630 prudens
1730 3565 1834 3620 iste
1867 3576 1922 3622 et
1959 3583 2093 3622 acu—

506 3651 598 3699 tus
623 3644 674 3698 in
726 3644 1092 3703 discernenda
1135 3649 1273 3705 nihil
1327 3652 1568 3720 videbat,
1633 3670 1757 3711 cum
1815 3659 2092 3725 proferret

505 3736 639 3792 illud
661 3739 870 3794 dictum
895 3757 909 3795 :
944 3739 1231 3806 Quomodo
1251 3759 1442 3800 omnes
1470 3748 1753 3803 vendent?
1779 3749 1862 3805 An
1893 3766 2087 3809 omnes

506 3829 728 3897 divites,
761 3846 860 3887 nec
883 3833 1176 3902 quisquam
1205 3850 1436 3906 pauper,
1467 3838 1649 3895 nullus
1692 3842 1784 3912 qui
1815 3844 1932 3898 suis
1955 3860 2088 3899 con-

503 3931 690 3980 tentus
755 3925 923 3981 vivit?
970 3942 1095 3983 cum
1139 3927 1326 3985 videas
1393 3929 1694 4003 plerosque
1760 3935 1816 3990 in
1879 3937 2086 3996 talibus

502 4030 707 4074 Vivere.

572 4193 778 4251 Diviles
828 4198 1001 4253 multo
1043 4200 1334 4270 pauciores
1376 4213 1554 4261 sunt:
1588 4205 1680 4262 ubi
1721 4221 1851 4279 ergo
1894 4224 2086 4268 omnes

503 4283 807 4357 locupletes
835 4290 1100 4355 invenies,
1137 4293 1285 4350 unde
1325 4295 1422 4350 tibi
1449 4304 1559 4351 tant
1596 4298 1984 4369 obsequentes,
2022 4313 2083 4357 ut

504 4393 595 4434 res
641 4395 772 4436 suas
801 4382 1077 4437 vendant?
1119 4383 1227 4440 Sed
1258 4386 1463 4444 videris
1497 4389 1598 4444 ista
1635 4405 1666 4445 c
1705 4389 1946 4448 Platonis
1980 4392 2087 4448 Re-

2199 3199 2582 3270 νουθετηρίους
2613 3197 2810 3267 λόγους
2839 3199 3094 3269 ἀφαιρεῖν
3143 3198 3242 3252 καὶ
3285 3197 3382 3268 τὴν
3424 3192 3720 3250 διδασκαλίαν

2198 3291 2448 3364 προελεῖν
2467 3301 2515 3355 ο,
2556 3290 2690 3344 διότι
2734 3290 2808 3360 μὴ
2848 3288 3057 3352 πάντας
3088 3289 3445 3361 πειθομένους
3467 3286 3568 3357 ἔχοι
3589 3299 3601 3315 ·
3632 3282 3718 3337 ἀλλ’

2198 3385 2280 3440 δτι
2311 3383 2526 3447 πολλοῖς
2570 3381 2846 3451 ἐγγίνεται
2876 3381 2944 3435 δι’
2979 3381 3189 3446 αὐτῶν,
3228 3380 3374 3451 φυγὴ
3407 3381 3499 3450 μὲν
3520 3376 3602 3430 τοῦ
3634 3373 3722 3445 χείι

2203 3493 2376 3548 ρονος,
2408 3477 2621 3546 αἵρεσις
2650 3474 2708 3529 δὲ
2737 3471 2830 3527 τοῦ
2860 3471 3152 3543 βελτίονος,
3181 3473 3276 3527 διά
3313 3471 3467 3526 τοῦτο
3510 3472 3582 3526 δεῖ
3617 3469 3721 3522 πάν·

2197 3585 2298 3631 τας
2341 3567 2431 3621 ἐπ’
2479 3565 2680 3638 ἀρετὴν
2739 3564 3102 3636 παρακαλεῖν.
3156 3566 3396 3618 Κάκεῖνο
3449 3563 3502 3615 δὲ
3543 3559 3720 3614 σκοπεῖν

2198 3656 2430 3722 ἔξεστιν,
2461 3657 2609 3718 ὅπως
2641 3653 2809 3724 μηδὲν
2854 3651 3242 3724 προορώμενος
3279 3655 3308 3707 ὁ
3354 3651 3558 3714 συνετὸς
3601 3643 3720 3710 οὗτος

2199 3749 2295 3802 καὶ
2321 3747 2492 3817 ταχὺς
2520 3748 2578 3800 ὲν
2605 3743 2828 3817 θεωρίᾳ,
2857 3744 2919 3798 τὸ
2947 3743 3101 3797 ἐπιὸν
3129 3743 3308 3812 λέγοι·
3351 3743 3472 3806 Πῶς
3497 3740 3593 3813 γὰρ
3613 3739 3720 3793 πάν·

2197 3857 2290 3903 τες
2326 3839 2690 3910 πωλήσωσιν;
2717 3833 2868 3908 τΑρα
2919 3835 3120 3900 πάντες
3162 3835 3430 3900 πλούσιοι,
3463 3834 3546 3887 καὶ
3588 3831 3718 3898 πένης

2199 3933 2406 3998 οὐδείς;
2438 3931 2617 3995 οὐδεὶς
2645 3931 2704 3985 δὲ
2733 3930 2856 3984 οὐδὲ
2886 3928 2999 3983 τῶν
3019 3930 3078 3982 ὲν
3105 3928 3410 4000 αὐταρκείᾳ
3435 3928 3560 3998 μόνη
3586 3922 3720 3995 βιούν-

2197 4039 2340 4089 των;
2377 4023 2568 4076 Καίτοι
2597 4021 2657 4075 τὸ
2685 4020 2945 4075 πλεῖστον
2982 4019 3094 4074 τῶν
3124 4019 3433 4093 ἀνθρώπων
3486 4020 3538 4072 έν
3576 4012 3717 4069 τοιού-

2195 4135 2310 4180 τοις
2341 4114 2559 4187 ὁρῶμεν
2589 4115 3001 4184 ἐξεταζόμενον.

2269 4209 2522 4263 Πλούσιοι
2543 4209 2602 4262 δὲ
2631 4207 2781 4279 παρά
2805 4207 2940 4260 πολὺ
2961 4204 3068 4259 τῶν
3091 4205 3271 4260 ἄλλων
3289 4205 3550 4266 ἐλάττους.
3584 4197 3717 4253 Πόθεν

2195 4300 2288 4360 οὖν
2321 4304 2531 4368 πάντας
2555 4301 2876 4374 ἀνθρώπους
2903 4299 3195 4364 πλουσίους
3228 4294 3408 4372 εὗρες,
3439 4299 3525 4353 καὶ
3558 4293 3717 4347 πωλεῖν

2195 4397 2394 4460 αὐτοὺς
2437 4395 2510 4450 τά
2548 4395 2862 4466 ὑπάρχοντα
2906 4391 3223 4466 πειθηνίους
3271 4392 3460 4462 ἐσχεςς
3501 4383 3715 4450 Ἀλλ’,ὡς

503 4470 722 4542 publica
783 4473 1114 4544 collegisse,
1170 4493 1367 4549 nempe
1428 4480 1623 4536 nullibi
1680 4482 2082 4550 invenientlos,

2197 4495 2387 4561 ἔοικεν,
2412 4494 2476 4548 έκ
2491 4493 2588 4564 τῆς
2612 4492 2898 4554 Πλάτωνος
2922 4490 3148 4556 τούτους
3181 4489 3443 4554 συνελέξω
3470 4482 3714 4545 πολιτείας,

503 4577 771 4634 nusquam
796 4566 1094 4622 exsistente
1123 4567 1216 4622 tali
1245 4569 1544 4640 republica.
1568 4570 1627 4626 Si
1653 4572 1778 4642 quis
1805 4575 2084 4644 egregium

2197 4591 2248 4642 ὲκ
2277 4587 2376 4657 τῆς
2405 4584 2630 4658 μηδαμῆ
2677 4582 2941 4655 μηδαμῶς
2983 4583 3324 4656 ὑφεστώσης,
3354 4583 3474 4644 τοὺς
3505 4572 3700 4645 οὐδαμοῦ

504 4661 661 4709 tuum
722 4655 827 4711 hoc
879 4665 933 4712 et
980 4659 1262 4716 curiosum
1321 4676 1590 4730 examen,
1645 4673 1700 4718 et
1755 4667 2086 4736 exquisitam

504 4747 830 4817 ignorantiae
870 4751 1044 4823 legem
1079 4753 1132 4808 in
1162 4756 1278 4825 ipsa
1305 4758 1514 4812 sancita
1538 4757 1668 4814 velit
1697 4761 1997 4827 remittere,
2035 4770 2090 4818 et

504 4839 849 4897 admirabilia
885 4845 1176 4905 doctorum
1208 4856 1264 4902 et
1293 4849 1564 4920 majorum
1600 4852 2086 4926 apOphthegmata,

505 4933 652 4990 risus
690 4945 743 4990 et
773 4936 997 4992 ludibrii
1033 4949 1418 5011 argumentum
1450 4943 1665 5000 abunde
1699 4948 2085 5017 suppeditare-

506 5036 895 5088 tur;examen
940 5032 1071 5087 illud
1125 5043 1282 5090 tuum
1335 5036 1390 5091 in
1437 5053 1541 5093 nos
1593 5039 1891 5107 collatum,
1951 5042 2089 5098 nihil

462 5189 472 5201 ί
502 5127 700 5188 praeter
725 5119 978 5178 hostilem
1005 5123 1362 5194 calumniam,
1388 5128 1738 5186 ambitionem
1772 5133 2084 5202 gloriosuli,

445 5903 480 5938 ξ·

505 5211 641 5266 nihil
667 5214 787 5269 sani
815 5226 1069 5287 suggeret
1100 5234 1115 5274 :
1141 5219 1287 5288 quo’d
1321 5218 1367 5275 si
1404 5221 1456 5275 in
1485 5231 1742 5278 auctores
1775 5234 2080 5294 regeratur,

441 5308 456 5359 ,’
502 5303 588 5359 lex
621 5305 725 5361 erit
753 5310 989 5366 amantis
1018 5309 1145 5377 viri,
1173 5311 1443 5382 judicium
1481 5312 1789 5372 inimicitiis
1820 5332 2086 5384 vacuum,

500 5394 816 5468 redargutio
857 5415 1009 5467 vera,
1045 5416 1148 5457 nec
1175 5403 1400 5473 injuria.
1441 5402 1559 5460 Tua
1593 5406 1731 5463 scita
1764 5406 1954 5479 igitur,
1991 5425 2087 5480 per

500 5495 593 5545 tua
623 5490 779 5563 scita,
809 5501 1152 5562 evertuntur,
1204 5504 1259 5552 et
1286 5495 1675 5555 diﬂ‘unduntur
1723 5501 1925 5567 irrisa;
1959 5517 2085 5557 cum

2187 4678 2632 4751 εὑρισκομένους.
2665 4675 2730 4730 Ei
2764 4675 2825 4728 δέ
2858 4691 2942 4738 τις
2973 4674 3072 4745 τὴν
3099 4674 3275 4744 καλήν
3311 4691 3403 4727 σου
3440 4670 3618 4737 ταύτην
3641 4662 3715 4716 καὶ

2189 4771 2479 4843 περίεργον
2509 4768 2739 4840 βάσανον
2763 4766 2860 4821 καὶ
2889 4766 2982 4819 τὸν
3012 4765 3214 4837 ἀκριϐῆ
3256 4765 3355 4834 τῆς
3381 4761 3549 4823 ἀνοίας
3567 4756 3712 4822 νὸμον.

2180 4863 2283 4915 ’ἐπὶ
2311 4861 2408 4924 τὰς
2439 4858 2540 4923 σὰς
2576 4859 2851 4929 ὲπαφὴσει
2885 4855 3230 4927 νομοθεσίας,
3259 4855 3353 4910 καὶ
3398 4853 3462 4907 τά
3489 4843 3714 4920 eam“

2196 4954 2333 5024 μενά
2357 4970 2438 5007 σοι
2465 4951 2573 5006 τῶν
2598 4950 2934 5006 διδασκάλων
2957 4949 3050 5003 καὶ
3071 4948 3326 5020 πατέρων
3346 4944 3712 5014 ἀποφθέγματα,

2191 5041 2280 5116 ἆρ’
2311 5044 2459 5098 έστιν
2489 5042 2518 5095 ὃ
2555 5043 2629 5115 μὴ
2664 5041 2901 5111 γέλωτος
2950 5041 3045 5094 καὶ
3073 5042 3274 5111 χλεύης
3316 5037 3553 5098 ὑπόθεσις
3588 5031 3710 5097 εὗρε-

2189 5135 2345 5204 θείης
2380 5132 2557 5186 καίτοι
2604 5130 2727 5185 καθ’
2761 5130 2920 5201 ἡμῶν
2955 5128 3364 5202 προϐαλλομένη
3397 5143 3484 5180 σου
3515 5126 3544 5192 ἡ
3576 5119 3712 5191 βάσσ-

2188 5203 2306 5292 νος,
2336 5224 2531 5296 ἐχθροῦ
2560 5222 2814 5295 διαϐολὴν
2842 5221 2934 5277 καὶ
2957 5221 3226 5292 φιλαιτίου
3255 5219 3409 5283 δόξαν
3433 5213 3618 5284 ἀνδρὸς,
3639 5203 3711 5259 καὶ

2186 5322 2373 5392 ἕτερον
2413 5319 2562 5388 ὑγιὲς
2595 5317 2752 5371 οὐδὲν
2790 5315 3026 5388 μηνύει·
3070 5313 3211 5369 κατά
3244 5312 3302 5367 δὲ
3343 5309 3448 5364 τῶν
3476 5305 3601 5360 ἰδίων
3635 5301 3709 5351 ἐπ-

2192 5412 2484 5482 αφιεμένη,
2517 5409 2795 5479 φιλοῦντος
2823 5407 3008 5478 νόμος,
3035 5407 3130 5461 καὶ
3161 5404 3339 5496 κρίσις
3366 5400 3710 5496 εχοραςκεκξι·

2193 5505 2450 5578 ρισμένη,
2481 5505 2576 5559 καὶ
2608 5502 2816 5575 ἀληθὴς
2857 5502 3097 5574 ἐλεγχος,
3128 5499 3223 5554 καὶ
3252 5493 3392 5566 μάλα
3429 5489 3625 5551 δικαίως
3656 5489 3708 5536 ἂν

1773 5683 2008 5742 VARIAE
2044 5683 2452 5748 LECTIONES.

608 5849 640 5880 ι
666 5837 839 5915 (λιι,
870 5839 1156 5912 ἀγαπητον
1185 5839 1264 5898 δέ.

1376 5845 1404 5886 ι’
1439 5844 1500 5906 C.
1538 5845 1589 5905 Μ
1643 5847 1836 5917 γένους
1864 5849 1940 5921 τῷ
1977 5855 2273 5924 προνοητῇ.

2388 5863 2409 5892 ο
2442 5850 2502 5908 C.
2546 5848 2618 5907 M.
2653 5846 2950 5919 περιελεῖν.
