3798 6210
559 284 584 306 ._
600 284 620 298 ,ἦ
644 263 707 308 ηξκ

20 349 115 416 629

1067 349 1167 408 ΑΙ)
1187 349 1784 416 AMPHILOCHIUM
1806 357 2150 428 QU/ESTIO
2187 359 2283 421 CI.

3147 355 3252 421 630

20 456 293 532 νομισθείη.
331 455 496 507 ’Ὥστε
524 453 594 506 τά
625 451 726 522 μὲν
755 452 844 516 σὰ,
877 451 969 506 διὰ
996 453 1105 508 τῶν
1139 456 1248 510 σῶν
1277 457 1571 529 ἀνατέτρα-

1685 475 1874 520 nostra
1908 469 2058 524 nullo
2087 469 2284 524 horum
2309 469 2674 538 impetantur;
2707 468 2800 523 sed
2830 467 3248 539 impudentiam,

19 569 129 607 πται
153 550 241 604 καὶ
256 547 670 602 διαπεπαικταιο
699 544 808 598 τῶν
831 545 876 599 δ’
900 547 1182 619 ἡμετέρων
1215 549 1277 602 ού
1302 550 1461 620 μόνον
1484 551 1576 605 ού-

19 644 147 705 δενὸς
171 639 524 702 καθάπτεται,
547 635 682 690 ἀλλὰ
707 637 800 690 καὶ
824 637 1006 702 ἀνοίας
1035 639 1132 692 καὶ
1151 637 1389 711 θράσους
1413 642 1486 696 διι
1499 637 1574 697 ὧν

18 736 194 804 ἔφθασε
222 730 596 797 συκοφαντεῖν,
628 727 848 798 ἔλεγχον
867 729 1080 801 ὑπέχει.
1123 729 1262 784 Ἀλλ’
1292 732 1342 785 εἰ
1372 732 1575 798 πάντες

17 825 318 893 πωλήσειαν,
349 822 502 882 ποῖος
543 815 691 882 οἶκος
752 821 970 889 ἔντιμος
1022 817 1162 874 εἶναι
1218 820 1468 888 δύναται;
1501 819 1574 877 Ὦ

16 914 331 985 διαλεκτικῆς
369 911 660 984 ἀκριϐείας
705 913 800 965 καὶ
833 913 1171 981 δεινότητοςί
1219 913 1417 984 βαϐαί-ί
1474 915 1573 986 τῆς

20 1006 282 1079 ῥητορικῆς
337 1020 432 1056 σου
463 1002 822 1074 πιθανότητος
848 1004 942 1057 καὶ
969 1003 1327 1074 δριμύτητοςῑ
1356 1007 1385 1058 6
1405 1004 1572 1070 πολὺς

19 1101 146 1170 όρᾷν,
179 1097 269 1150 καὶ
298 1094 611 1168 πόρρωθεν,
633 1093 695 1148 τὸ
720 1095 1012 1165 ὲπόμενονῐ
1044 1096 1072 1148 ὁ
1099 1099 1211 1159 τοῖς
1236 1098 1445 1167 ῥήμασι
1481 1115 1572 1151 σο-

19 1189 178 1259 δαρὸς,
221 1188 315 1240 καὶ
357 1187 482 1247 ταῖς
521 1186 860 1256 ἀνατροπαῖς
898 1186 1297 1250 ἀνυπόστατοςί
1342 1189 1370 1241 6
1402 1188 1470 1241 τά
1507 1190 1572 1242 ὲκ

19 1281 198 1352 τριόδου
240 1277 624 1342 κατονειδίζων
673 1279 840 1348 ἡμῖνί
869 1275 1017 1348 ’Ἄρα
1061 1279 1237 1347 γραῦς
1287 1281 1345 1336 ὲν
1378 1280 1573 1352 τριόδῳ

18 1374 70 1426 ὲκ
103 1368 427 1439 παννυχίδων
459 1369 670 1440 ﬂaccum
703 1367 810 1420 τῶν
846 1365 954 1420 σῶν
985 1366 1142 1430 θεῶν,
1173 1368 1268 1420 καὶ
1292 1368 1420 1439 οἴνῳ
1451 1369 1570 1423 διά-

19 1465 201 1535 βροχος,
231 1461 348 1530 ούχὶ
386 1459 596 1512 τούτων
630 1459 1024 1530 ὲντρεχέστερά
1044 1476 1103 1513 τε
1139 1460 1235 1514 καὶ
1255 1460 1573 1531 ἀστειότεροι

18 1553 310 1622 φθέγξαιτο;
344 1552 507 1614 Ποῖος
526 1547 671 1613 οἶκος
696 1550 912 1620 ἔντιμος
940 1546 1077 1603 εἶναι
1103 1551 1360 1619 δύναται;
1391 1553 1501 1606 Καὶ
1519 1552 1572 1606 τί

17 1648 98 1716 τῆς
124 1645 375 1714 ἰσότητος,
407 1642 532 1696 εἰπέ
566 1660 676 1713 μοι,
707 1645 822 1706 τοῖς
856 1643 1100 1714 ἰσότιμον
1125 1643 1352 1714 λαχοῦσι
1386 1644 1567 1714 φύσιν,

19 1736 334 1806 τιμιώτερον;
367 1735 420 1788 τί
447 1735 490 1787 δ’
513 1737 594 1798 εἰς
623 1735 836 1806 αἵρεσιν
869 1733 1111 1806 ἄμεινον,
1158 1730 1239 1800 οἷς
1268 1737 1368 1806 τὴν
1399 1735 1568 1807 αὐτὴν

19 1829 146 1882 πόλιν
171 1829 384 1898 γέγονεν
415 1828 612 1893 οἰκεῖν,
641 1827 781 1898 ὑπὲρ
811 1826 905 1880 τοῦ
938 1827 1122 1898 κοινῆς
1153 1829 1446 1882 ἀπολαύειν
1475 1830 1571 1883 καὶ

18 1923 178 1991 ὁμοίας
231 1920 550 1987 πολιτείας;
592 1919 733 1973 Ἀλλ’
768 1923 801 1990 ἡ
837 1919 1118 1984 πλεονεξία
1146 1920 1195 1984 ἀ,
1246 1923 1280 1991 ἠ
1315 1923 1570 1992 τυραννίς

18 2029 84 2066 σοι
108 2013 168 2066 τά
189 2012 397 2082 ἔντιμα,
426 2012 466 2083 ἢ
501 2013 550 2066 οἰ
573 2012 714 2066 δόλοι
743 2013 839 2066 καὶ
868 2013 940 2068 τὰ
973 2012 1084 2066 τῶν
1135 2012 1569 2086 παλιγκαπήλων

18 2105 95 2157 καὶ
123 2104 453 2174 μεταϐολέων
495 2105 752 2176 ἐπάρατα
777 2103 916 2157 κατὰ
950 2104 1060 2158 τῶν
1117 2105 1343 2174 πλησίον
1393 2122 1574 2176 μηχα-

20 2197 206 2265 νήματα
231 2195 320 2248 καί⁸
346 2197 704 2266 τεχνάσματα
731 2213 744 2227 '
787 2197 896 2259 πᾶς
920 2195 1029 2266 γὰρ
1067 2196 1144 2259 ὡς
1173 2197 1376 2250 ἐπίπαν
1407 2197 1568 2252 πλοῦ-

20 2287 137 2358 τοςῆ
171 2287 512 2357 προσφάτους
542 2287 574 2358 ἢ
603 2287 933 2358 παλαιτέρας
961 2289 1163 2354 ταύτας
1197 2290 1308 2362 ἔχει
1334 2293 1431 2354 τὰς
1466 2310 1570 2364 πη-

20 2378 103 2444 γὰς
133 2381 224 2449 τῆς
259 2378 554 2446 γενέσεως,
581 2377 650 2430 δι’
674 2373 747 2431 ὧν
769 2379 798 2431 6
829 2379 1153 2450 παραϐάτης
1172 2381 1569 2451 ἁποσεμνύνειν

20 2468 136 2537 ἔγνω
152 2471 205 2524 τὸ
236 2469 473 2540 ἔντιμον.
513 2469 652 2522 Ἀλλ’
685 2469 822 2532 ὅλως
844 2471 1135 2540 ἠγνόηκεν.
1169 2471 1360 2542 ὥσπερ
1391 2471 1568 2526 ᾶπαν-

20 2578 88 2626 τα,
112 2561 160 2614 τί
191 2563 282 2631 μὲν
309 2561 370 2614 τὸ
390 2561 630 2632 άληθῶς,
665 2563 758 2615 καὶ
790 2562 942 2632 παρὰ
974 2561 1092 2632 Θεῷ
1124 2562 1320 2634 τίμιον,
1347 2565 1399 2616 τί
1429 2564 1486 2616 δὲ
1507 2564 1568 2618 τὸ

23 2652 84 2724 μὴ
105 2653 259 2716 οὕτως
288 2653 430 2724 ἔχον.
467 2653 782 2724 ’Ἄνθρωποι
819 2654 918 2723 μὲν
943 2655 1071 2724 γὰρ,
1116 2654 1208 2708 καί
1236 2655 1297 2708 τό
1335 2673 1394 2708 τε
1426 2657 1475 2709 οἰ
1510 2657 1568 2723 ἐξ

19 2743 205 2815 ἀγέληςο
255 2746 314 2798 ού
362 2745 476 2814 γὰρ
515 2742 580 2797 ἂν
627 2743 683 2798 οῖ
723 2761 788 2814 γε
829 2745 1147 2814 φιλοσοφίας
1193 2745 1434 2817 καθαρὸν
1475 2746 1569 2801 τὸν

19 2836 170 2904 ἔρωτα
201 2839 656 2910 συντηρήσαντες,
693 2837 828 2908 πρὸς
871 2837 928 2892 ἓν
987 2839 1146 2906 μόνον
1193 2838 1284 2893 τὸν
1315 2839 1563 2906 πλοῦτον,

21 2931 97 2982 καὶ
123 2930 211 3001 τὴν
241 2931 297 2996 ὲξ
339 2931 509 2984 αὑτοῦ
552 2930 766 3001 τρυφὴν
801 2930 893 2983 καὶ
932 2929 1090 2996 δόξαν
1121 2932 1432 3002 κεχηνότες,
1464 2931 1567 2985 κᾶν

25 3023 208 3092 μυρίοις
239 3025 264 3076 ὁ
289 3021 632 3092 κεκτημένος
665 3021 803 3092 βρύῃ
834 3022 1045 3085 κακοῖς,
1073 3021 1253 3091 τίμιον
1279 3022 1443 3075 αὐτὸν
1472 3023 1569 3076 καὶ

1681 557 1989 622 audaciam,
2016 558 2346 614 calumniam
2378 557 2720 613 accusatoris
2749 558 3103 613 convincunt.
3140 556 3249 611 Sed

1681 648 1727 704 si
1759 663 1950 703 omnes
1987 648 2316 715 venderent,
2366 665 2488 720 quae
2517 649 2715 703 domus
2765 656 2862 702 aut
2909 649 3086 717 pretio
3109 689 3123 712 ,
3158 657 3252 704 aut

1678 738 1862 796 valore
1912 754 2014 795 suo
2059 748 2311 795 constare
2355 739 2576 810 posset?
2622 737 2756 792 Hem
2816 745 2965 791 tuam
3014 752 3252 792 exaccu-

1679 835 1855 881 ratam
1893 827 2268 884 dialecticam!
2317 828 2389 883 oh
2443 827 2795 898 gravitatem!
2837 825 3029 895 Papae!
3076 825 3253 892 Quam

1677 918 1950 975 rhetorica
1995 919 2300 988 persuasio,
2351 936 2516 989 quam
2571 918 2839 975 severitas
2875 917 2991 972 haec
3037 917 3252 987 pungit,

1677 1020 1734 1067 et
1783 1026 1946 1082 saepe,
1981 1022 2034 1067 et
2057 1012 2214 1081 longe
2249 1027 2277 1065 a
2328 1011 2722 1080 consequentia
2763 1011 3041 1063 intuetur!
3088 1024 3253 1078 quam

1677 1102 1976 1156 verborum
2009 1117 2263 1172 pompam
2299 1102 2352 1156 in
2385 1100 2675 1156 refutando
2716 1114 2828 1170 prae
2867 1115 2925 1155 se
2961 1099 3099 1152 fert!
3133 1113 3255 1167 quae

1676 1192 1922 1247 convicia
1966 1191 2033 1247 de
2067 1192 2226 1258 trivio
2270 1201 2484 1260 arrepta
2509 1191 2580 1244 ‘in
2619 1204 2720 1245 nos
2763 1190 3054 1260 congerit!
3095 1189 3254 1244 Certe

1678 1283 1992 1339 triobolaris
2037 1298 2177 1339 anus
2223 1283 2290 1338 de
2340 1282 2544 1353 vigiliis
2591 1282 2821 1337 deorum
2877 1290 3096 1336 tuorum
3155 1296 3252 1350 per

1675 1377 1914 1445 compita
1945 1391 2253 1445 permeans,
2281 1375 2410 1428 vino
2457 1373 2792 1436 madefacta,
2834 1387 2902 1426 an
2937 1386 3045 1426 non
3076 1371 3251 1442 magis

1677 1466 1925 1536 apposite
1984 1474 2038 1518 et
2069 1472 2258 1518 exacte
2306 1464 2704 1533 responderet?
2729 1463 2862 1528 Qua:
2893 1463 3088 1516 domus
3122 1477 3247 1530 pre.-

1679 1556 1753 1610 tio
1795 1563 2049 1609 constare
2096 1553 2334 1623 poterit?
2381 1561 2437 1608 et
2475 1554 2734 1622 quidnam
2792 1553 2965 1622 magis
3017 1552 3251 1605 honora-

1676 1657 1816 1714 tum,
1851 1663 2016 1717 quam
2053 1646 2338 1716 aequalitas
2381 1647 2520 1699 inter
2559 1661 2656 1699 eos
2686 1645 2885 1713 quibus
2929 1652 3012 1698 est
3052 1653 3248 1696 natura

1672 1739 1935 1808 aequalis?
1963 1737 2094 1808 quid
2120 1737 2292 1807 magis
2320 1735 2576 1805 optabile,
2603 1751 2764 1805 quam
2793 1744 2852 1788 ut
2881 1735 2974 1802 qui
3003 1733 3250 1788 eamdem

1675 1831 1956 1886 civitatem
1991 1831 2202 1894 colunt,
2248 1829 2444 1900 aequali
2487 1838 2630 1884 statu
2676 1835 2732 1881 et
2773 1825 3088 1881 conditione
3127 1839 3250 1895 per-

1672 1922 1965 1978 fruantur?
1999 1922 2103 1978 Sed
2137 1921 2508 1992 inaequalitas,
2539 1921 2634 1975 sed
2671 1919 2917 1987 tyrannis
2940 1918 3080 1987 apud
3113 1926 3164 1970 te
3191 1917 3250 1970 in

1673 2017 1874 2087 pretio,
1913 2015 1997 2070 vel
2026 2014 2158 2078 doli,
2217 2014 2310 2069 sed
2347 2011 2775 2082 cauponantium
2824 2019 2880 2063 et
2917 2009 3251 2063 licitatorum

1673 2111 1730 2164 in
1768 2109 1979 2165 vicinos
2015 2108 2283 2162 machinae
2331 2115 2386 2162 et
2430 2104 2744 2160 artiﬁciosa:
2771 2103 3012 2157 fraudes.
3046 2100 3252 2156 Omnes

1671 2205 1817 2260 enim
1851 2218 2005 2272 opes,
2048 2201 2132 2255 vel
2172 2215 2368 2264 novos,
2401 2199 2486 2253 vel
2536 2198 2789 2268 antiquos
2819 2195 2995 2250 fontes
3028 2194 3251 2248 eosdem

1671 2295 1897 2358 habent,
1933 2308 2027 2361 per
2052 2307 2192 2362 quos
2219 2297 2466 2360 apostata
2501 2305 2662 2344 suum
2690 2287 3003 2342 houorabile
3037 2284 3250 2356 magni-

1672 2386 1837 2441 ﬁcare
1866 2385 2000 2439 vult.
2031 2382 2136 2450 Qui
2159 2383 2340 2452 plane,
2377 2390 2435 2435 ut
2463 2389 2517 2436 et
2551 2389 2744 2434 caetera
2777 2379 3086 2449 ignorabat,
3119 2378 3251 2447 quid

1671 2479 1816 2550 apud
1867 2477 2038 2532 Deum
2091 2475 2453 2533 honoriﬁcum
2502 2481 2646 2530 esset
2703 2473 2953 2536 veritate,
3001 2487 3066 2524 ac
3119 2471 3252 2538 quid

1671 2587 1802 2626 non.
1849 2569 2110 2624 Homines
2141 2569 2309 2635 enim,
2338 2567 2468 2621 licet
2499 2581 2604 2619 non
2651 2563 2908 2634 gregarii,
2957 2562 3050 2616 sed
3081 2560 3251 2629 philo-

1670 2663 1850 2732 sophi,
1901 2662 1994 2731 qui
2040 2661 2305 2716 illibatum
2350 2663 2680 2713 conservant
2735 2669 3002 2713 amorem,
3051 2653 3244 2708 unicas

1669 2763 1880 2810 tantum
1933 2753 2152 2808 divitias
2210 2765 2507 2820 earumque
2558 2747 2800 2803 lautitias
2859 2755 2911 2800 et
2953 2745 3241 2815 gloriolam

1669 2848 1904 2912 inhiant,
1932 2855 1985 2899 et
2019 2856 2295 2913 utcunque
2327 2841 2419 2912 qui
2458 2856 2551 2895 eas
2584 2839 2863 2908 possident
2894 2853 3026 2907 opes
3055 2837 3241 2891 multis

1670 2937 1826 2991 malis
1862 2945 2126 3000 scateant,
2173 2931 2555 2987 honorandum
2594 2940 2774 2984 tamen
2824 2937 2880 2984 et
2908 2930 3121 2982 beatum
3158 2927 3250 2996 ju-

1670 3025 1879 3080 dicant.
1913 3025 2052 3079 Deus
2094 3023 2298 3092 pietate
2325 3021 2585 3092 praeditos
2615 3021 2877 3084 honorat,
2922 3027 2974 3072 et
3019 3018 3247 3088 gloriam

27 3113 259 3181 μακάριον
288 3111 575 3183 ἡγοῦνται.
603 3109 735 3172 Θεὸς
779 3110 836 3162 δὲ
885 3108 976 3162 τὸν
1026 3111 1224 3181 εὐσεϐῆ
1269 3111 1426 3182 τιμᾷ,
1470 3113 1566 3164 καὶ

1677 3117 1766 3174 dat
1793 3118 2048 3172 virtutem
2101 3115 2476 3183 diligentibus,
2510 3113 2638 3168 licet
2682 3127 2844 3182 opum
2897 3112 3020 3167 illos
3069 3120 3251 3165 tumor

23 3205 115 3266 τοῖς
139 3203 433 3274 φιλαρέτοις
462 3201 525 3255 τὸ
550 3201 772 3265 εὐκλεὲς
801 3201 1085 3281 άπονέμει,
1113 3202 1217 3256 κᾶν
1245 3205 1272 3255 6
1296 3203 1406 3256 τῶν
1431 3221 1568 3274 χρη-

27 3295 182 3363 μάτων
211 3295 412 3364 αὐτοὺς
451 3292 620 3362 ὖγκος
671 3292 734 3345 ού
772 3292 1117 3363 φλεγμαίνει,
1158 3293 1266 3346 οὐδ’
1299 3295 1328 3347 6
1360 3295 1571 3349 ἐκεῖθεν

24 3385 164 3456 τύφος
205 3389 294 3440 καὶ
339 3390 371 3458 ἠ
399 3385 588 3458 τρυφὴ
622 3384 1020 3456 περιϐλέπτους
1051 3387 1218 3440 ποιεῖ.
1269 3386 1487 3440 Μᾶλλον
1515 3387 1572 3441 δὲ

25 3471 90 3540 οἷς
119 3479 148 3548 ἡ
174 3478 289 3542 δόξα
331 3478 419 3531 διὰ
451 3475 678 3540 τούτων,
705 3475 812 3529 οὐδ’
845 3477 874 3529 6
897 3475 997 3547 τῆς
1026 3476 1225 3548 ἀρετῆς
1257 3476 1433 3530 ἐθέλει
1475 3477 1572 3531 πό-

27 3567 119 3632 θος,
145 3569 242 3621 ούδ*
267 3572 296 3622 ό
322 3570 422 3641 τῆς
456 3568 740 3632 εὐσεϐείας
774 3567 933 3637 ζῆλος
964 3571 1260 3639 περιεῖναι.
1295 3569 1444 3622 Ἔδει
1463 3587 1572 3622 τοι·

25 3661 220 3732 γαροῦν,
256 3663 380 3726 ἔδει,
423 3661 560 3714 Θεὸν
608 3661 736 3714 ὄντα
770 3660 862 3714 τὸν
903 3659 1106 3731 Κύριον
1152 3660 1310 3731 ἡμῶν
1366 3659 1574 3731 Ἰησοῦν

25 3750 348 3821 Χριστὸν,τὸν
374 3753 473 3806 ἐπὶ
494 3751 742 3823 σωτηρίᾳ.
766 3749 861 3804 τοῦ
893 3753 1082 3820 γένους
1110 3750 1425 3805 κενώσαντα
1445 3752 1572 3805 ἑαυο

27 3845 102 3896 τὸν
120 3846 206 3898 καὶ
233 3844 634 3918 παραπλησίως
665 3846 796 3915 ἡμῖν
824 3844 1027 3914 σαρκὸς
1061 3845 1154 3898 καὶ
1184 3843 1416 3914 αἵματος
1461 3861 1575 3898 κοι-

26 3940 325 4008 νωνήσαντα,
353 3939 430 4009 μὴ
462 3936 600 4006 πρὸς
623 3936 682 3989 τὺ
707 3936 804 4007 ἡδὺ
835 3937 922 3989 καί
951 3937 1343 4006 κεχαρισμένον
1368 3939 1480 4000 τοῖς
1506 3937 1577 3990 τὰ

28 4031 214 4099 ἐπίγεια
250 4030 540 4102 φρονοῦσιν
579 4029 727 4091 ἰδεῖν,
762 4028 884 4099 μηδ’
915 4029 1020 4082 ὅσοι
1066 4029 1267 4083 κακίαν
1298 4029 1423 4098 φύει
1454 4030 1576 4083 τού-

26 4138 115 4174 των
149 4126 222 4188 εἰς
261 4123 414 4195 ῥίζας
465 4124 749 4195 περιορᾷν,
780 4123 876 4176 καὶ
913 4122 1126 4194 καρπὸν
1169 4121 1238 4174 τά
1285 4123 1576 4193 σπέρματα

26 4211 349 4270 διαδίδοσθαι·
378 4218 569 4269 ἐκεῖνα
591 4215 650 4268 δὲ
675 4213 838 4283 νόμον
863 4213 960 4266 καί⁵
985 4212 1354 4286 παράγγελμα
1378 4215 1573 4278 ποιεῖν,

26 4303 80 4356 δι’
106 4299 169 4360 ὧν
197 4308 467 4381 πρόρῤ.ζα
508 4307 606 4378 μὲν
652 4305 910 4376 τέμνεται
951 4304 1020 4358 τὰ
1076 4305 1248 4375 πάθη,
1288 4305 1489 4376 ἀρετῆς
1519 4305 1576 4358 δὲ

27 4399 181 4466 πάσης
217 4402 308 4454 καί
337 4400 574 4471 θεωρίας
602 4397 929 4468 εἰλικρινοῦς
965 4396 1334 4469 κατορθοῦτας
1365 4407 1388 4436 θ
1429 4398 1463 4468 ή
1488 4413 1574 4449 τε·

1675 3227 1782 3266 non
1815 3210 1983 3273 inﬂet,
2013 3225 2112 3264 nec
2133 3208 2332 3280 typhus
2352 3216 2450 3262 aut
2479 3207 2643 3262 luxus
2672 3205 3030 3261 observabilis
3061 3204 3249 3260 fuerit.

1672 3302 1807 3358 Nam
1833 3303 1928 3374 qui
1963 3302 2192 3372 gloriam
2227 3299 2354 3356 inde
2378 3307 2742 3368 aucupantur,
2777 3312 2878 3352 nec
2908 3297 3128 3352 virtutis
3163 3295 3252 3351 de-

1673 3397 1914 3460 siderio,
1989 3409 2090 3449 nec
2169 3393 2389 3464 pietatis
2447 3392 2629 3460 aliquo
2705 3398 3008 3462 tanguntur
3087 3388 3246 3451 zelo;

1673 3503 1890 3558 aequum
1915 3493 2035 3542 erat
2065 3501 2214 3556 ergo,
2247 3495 2307 3540 ut
2329 3483 2593 3538 Dominus
2617 3491 2673 3538 et
2700 3481 2844 3538 Deus
2874 3491 3062 3536 noster
3089 3479 3252 3535 Jesus

1673 3579 1951 3642 Christus,
1982 3579 2078 3649 qui
2110 3578 2180 3633 ob
2208 3577 2425 3648 generis
2456 3575 2629 3630 nostri
2661 3575 2892 3629 salutem
2935 3589 2993 3629 se
3021 3588 3253 3627 evacua-

1677 3683 1829 3730 verat
1855 3682 1908 3728 et
1933 3672 2118 3729 carnis
2144 3679 2347 3726 nostra
2377 3679 2539 3739 atque
2567 3666 2851 3738 sanguinis
2887 3664 3053 3720 ﬁebat
3078 3664 3252 3732 parti-

1675 3780 1826 3834 ceps,
1869 3779 1978 3818 non
2026 3763 2077 3817 id
2113 3761 2257 3831 quod
2301 3775 2468 3816 suave
2505 3768 2560 3813 et
2602 3767 2883 3827 acceptum
2931 3765 3016 3810 est
3061 3755 3128 3809 iis
3157 3755 3250 3824 qui

1677 3864 1893 3910 terrena
1934 3857 2174 3924 sapiunt,
2207 3862 2302 3906 aut
2345 3866 2467 3920 qua:
2491 3850 2788 3919 nequitiam
2815 3837 3248 3918 progerminan‘t,

1675 3963 1865 4002 eorum
1936 3945 2148 4000 radices
2213 3943 2621 4006 consideraret,
2678 3950 2732 3996 et
2783 3939 2992 3994 semina
3045 3945 3253 3992 sereret

1677 4038 1944 4107 ejusmodi
1991 4039 2232 4091 fructum
2284 4032 2675 4104 producentia;
2727 4029 2843 4094 sed,
2894 4038 2953 4082 ut
3007 4028 3153 4097 leges
3198 4037 3254 4080 et

1676 4125 1854 4180 edicta
1906 4123 1998 4178 illa
2053 4123 2266 4179 sancire
2320 4137 2417 4192 per
2472 4136 2595 4190 quae
2656 4118 2919 4174 radicitus
2968 4117 3252 4186 passiones

1677 4219 2008 4281 evelluntur,
2041 4215 2260 4271 virtutis
2310 4221 2364 4269 et
2391 4209 2868 4281 contemplationis
2899 4223 3052 4280 pura:
3075 4208 3254 4277 perfe—

1676 4314 1786 4369 ctio
1836 4317 2250 4367 consummatur
2305 4323 2321 4362 :
2361 4306 2511 4361 nullo
2563 4305 2783 4359 illorum
2831 4303 3072 4372 indiget,
3141 4300 3255 4354 imo

1678 4405 2053 4475 multipliciter
2105 4417 2169 4457 ea
2228 4399 2477 4456 continet
2533 4411 2776 4468 praesens
2835 4392 3137 4450 admonitio
3199 4401 3256 4445 et

27 4489 210 4556 λείωσις
231 4510 246 4525 ·
277 4488 351 4547 ὧν
381 4492 644 4561 οὐδεμιᾶς
680 4491 841 4556 ἐνδεῖ,
878 4488 1081 4559 μᾶλλον
1110 4488 1168 4542 δὲ
1197 4488 1482 4553 πλειόνων,
1513 4486 1571 4554 ἐξ

1681 4495 1995 4552 consilium.
2039 4493 2144 4547 Sed
2176 4489 2431 4546 fortassis
2474 4487 2614 4542 nihil
2657 4496 2741 4542 est
2783 4486 2838 4540 in
2882 4485 2986 4539 hoc
3019 4482 3253 4538 consilio

26 4573 86 4636 ὧν
122 4585 343 4655 εἴρηται,
394 4584 459 4639 τὸ
506 4583 706 4652 κράτος
759 4581 944 4652 ἐπέχει
996 4583 1091 4634 καὶ
1139 4581 1174 4652 ἡ
1230 4581 1572 4654 προκειμένη

28 4677 328 4744 παραίνεσις.
375 4675 516 4730 Ἀλλ’
547 4675 656 4746 ἄρα
688 4675 900 4746 μήποτε
933 4674 1166 4745 ῥηθῆναι
1197 4673 1296 4745 μὲν
1323 4675 1357 4745 ἡ
1386 4673 1573 4745 ἐντολὴ

29 4764 151 4821 ἅπαν
185 4769 461 4839 διαφεύγει
488 4769 824 4840 παράλογον,
853 4768 951 4822 καὶ
973 4768 1162 4838 τῆςὲκ
1191 4767 1364 4836 λόγων
1399 4767 1574 4838 λαϐῆς

28 4856 224 4929 ἔστηκεν
251 4861 584 4933 ὑψηλοτέραο
608 4859 956 4931 παραχρῆναι
982 4860 1038 4914 δὲ
1065 4860 1164 4930 οὐχ
1191 4859 1383 4928 ὁμοίαν
1413 4858 1572 4931 ἔλαχε

30 4949 166 5016 φύσιν
185 4971 198 4985 ο
226 4954 360 5007 ὲνδεῖ
378 4954 434 5007 δὲ
469 4954 570 5023 τῆς
599 4955 656 5007 ὲν
681 4954 917 5024 ῥήμασιν
946 4952 1286 5016 ἀκολουθίας,
1309 4954 1342 5023 ἡ
1371 4955 1430 5006 ὲν
1452 4954 1572 5016 ταῖς

31 5041 260 5108 πράξεσιν
287 5044 543 5116 ὔπαρξις,
581 5046 673 5098 καί
704 5062 788 5108 τις
810 5044 982 5108 οὕτως
1008 5045 1133 5115 ἔσχε
1168 5045 1234 5099 δι’
1259 5045 1438 5099 αὐτῶν
1464 5045 1572 5098 τῶν

31 5127 179 5197 ἔργων
210 5134 609 5205 ἐναργεστάτην
645 5137 950 5206 παρασχεῖν
983 5135 1082 5206 τὴν
1117 5134 1436 5200 ὑπόστασιν,
1476 5135 1573 5188 καὶ

29 5219 78 5270 τὸ
100 5223 150 5274 ὲν
175 5222 342 5292 λόγοις
373 5226 666 5279 ἀκόλουθον
688 5225 947 5296 ὁμόλογον
968 5227 1034 5295 τῇ
1069 5227 1345 5296 πρακτικῇ
1379 5224 1574 5278 ούσιώ-

32 5323 99 5362 σει
125 5311 503 5381 ἐπιδείξασθαι.
553 5318 708 5372 Ἐπεὶ
735 5317 842 5389 γὰρ
882 5321 915 5389 ἡ
953 5319 1224 5389 σωτήριος
1256 5319 1394 5390 αὐτὴ
1433 5334 1576 5389 παρ’

32 5401 206 5468 αἱνεσις
249 5407 332 5462 διά
372 5411 482 5464 τῶν
529 5411 877 5464 Δεσποτικῶν
916 5411 1011 5464 καὶ
1035 5411 1319 5481 ἁχράντων
1352 5411 1574 5484 χειλέων

33 5498 386 5570 προελήλυθεν,
415 5503 474 5570 ἐξ
509 5503 718 5557 ἐκείνου
750 5503 912 5574 μέχρι
957 5503 1052 5556 νῦν
1083 5504 1184 5557 οὐκ
1223 5503 1339 5557 ἔστι
1383 5504 1573 5575 χρόνον

35 5582 204 5656 εὖρεῖν,
237 5594 292 5645 ὲν
326 5585 371 5660 ᾧ
398 5594 498 5647 οὐκ
524 5593 640 5647 ἔστι
664 5594 869 5664 ταύτην
904 5595 1031 5648 ἰδεῖν
1083 5595 1143 5647 ὲν
1179 5597 1300 5658 ταῖς
1343 5596 1451 5650 τῶν
1485 5596 1576 5650 ἀν-

1681 4588 1949 4644 absonum
2015 4591 2108 4638 aut
2151 4581 2469 4644 absurdum,
2497 4593 2599 4632 nec
2627 4591 2816 4632 ansam
2847 4575 2989 4644 quod
3017 4572 3255 4643 praebeat.

1677 4679 1824 4750 juste
1861 4675 2137 4746 carpendi.
2177 4673 2282 4728 Sed
2321 4687 2432 4726 non
2466 4679 2574 4725 tam
2610 4668 2765 4723 facile
2809 4679 3004 4721 natura
3036 4663 3159 4729 fert,
3197 4671 3254 4717 at

1684 4774 1796 4837 ﬁat,
1826 4779 1880 4826 et
1920 4769 2133 4823 actione
2166 4765 2509 4834 compleatur
2535 4761 2714 4818 deﬁcit
2747 4767 2923 4824 actus,
2970 4773 3072 4812 nec
3104 4754 3250 4826 aSpi~

1680 4877 1766 4920 rat
1795 4864 1862 4918 ad
1896 4859 2166 4916 orationis
2215 4857 2516 4928 sequelam,
2555 4870 2654 4909 nec
2695 4855 2818 4922 quis
2857 4863 3021 4921 opere
3071 4849 3253 4904 subsi—

1679 4967 1909 5014 stentem
1959 4952 2228 5007 actionem
2281 4954 2557 5018 suggeret,
2608 4952 2703 4998 aut
2741 4940 3079 4999 conformem
3137 4953 3254 4994 ser-

1681 5048 1850 5105 moni.
1896 5044 2199 5101 Consilium
2255 5043 2360 5096 hoc
2411 5036 2757 5095 salutiferum
2803 5050 2899 5105 per
2955 5033 3252 5104 purissima

1679 5112 1892 5196 Domini
1918 5138 2060 5192 labia
2090 5135 2384 5206 prolatum,
2412 5132 2481 5186 ab
2507 5131 2654 5186 omni
2683 5128 2953 5199 praeterita
2985 5126 3252 5181 memoria

1680 5231 1923 5285 adhunc
1968 5242 2141 5296 usque
2185 5224 2330 5280 diem
2375 5236 2594 5291 semper
2624 5220 2886 5274 animitus
2936 5217 3252 5271 hominibus

1679 5321 2003 5385 radicatam,
2059 5324 2116 5372 et
2170 5314 2460 5386 profunde,
2511 5314 2638 5378 late,
2690 5311 2849 5382 longe
2891 5319 3244 5379 augmentum

1677 5413 1919 5483 capiens,
1954 5410 2188 5466 virtutes
2240 5418 2464 5464 caeteras
2495 5405 2768 5477 perfectas
2803 5400 3247 5459 consummavit;
3319 5418 3337 5435 -

1677 5511 1758 5559 ter
1787 5501 1934 5556 mille
1977 5497 2270 5571 quinquies
2305 5496 2453 5551 mille
2492 5495 2645 5560 olim,
2683 5505 2738 5550 et
2771 5499 2961 5563 postea
3001 5490 3253 5544 innume-

1675 5595 1867 5650 rabilis
1917 5593 2201 5650 hominum
2235 5589 2551 5658 multitudo,
2605 5588 2661 5644 in
2705 5597 2999 5643 commune
3047 5594 3248 5638 convc-

1199 5710 1433 5768 νΑῖιιΛῑ
1485 5711 1777 5769 LECTION
1787 5709 1890 5768 ES.

105 5789 148 5879 Δ*
176 5795 254 5852 ἶσ.
287 5798 340 5871 ἦ.
456 5811 478 5840 ε
511 5801 574 5858 (3.
600 5801 672 5864 Μ,
715 5800 1108 5875 κατορθοῦσαν.
