3846 6188
565 299 671 368 631

1724 295 1990 358 PHOTII
2021 289 2530 354 PATRIARCIL’E
2565 287 2677 348 CP.
3695 301 3766 362 (13.3

567 417 824 479 nientes,
871 419 926 466 et
989 409 1056 465 de
1109 407 1348 478 propriis
1405 405 1768 472 decedentes,
1837 401 2151 460 communia

2267 397 2494 469 θρώπων
2528 396 2730 466 ψυχαῖς
2761 395 3239 469 διαρῥιζουμενην,
3281 399 3380 452 καὶ
3407 401 3767 479 ἐμϐαθύνουσαν,

569 505 863 558 voluerunt
915 517 1040 557 esse
1087 517 1210 572 quae
1251 498 1650 570 possidebant,
1706 511 1808 551 nec
1864 496 2007 550 inter
2057 509 2151 549 eos

567 597 842 668 quispiam
887 609 1095 665 pauper
1139 601 1258 647 erat
1287 592 1427 661 (erat
1460 591 1576 644 haec
1613 587 1880 641 mirabilis
1923 583 2150 655 aequali-

571 698 676 752 tas,
718 701 821 741 nec
858 685 1129 756 speranda
1173 684 1278 738 nisi
1311 697 1437 736 cum
1477 679 1873 748 adhiberetur),
1915 678 2009 734 sed
2052 691 2153 731 nec

570 778 746 833 dives.
775 795 796 830 ι
829 776 1154 845 Quicunque
1197 775 1364 838 enim,
1396 791 1416 824 ι
1457 772 1532 825 ait
1568 769 1874 838 Scriptura,
1912 788 1930 821 ι
1961 769 2152 824 domos

569 868 654 922 vel
687 881 849 938 agros
893 865 1266 936 possidebant,
1311 861 1640 926 vendebant,
1682 869 1737 915 et
1772 859 2006 930 pretium
2053 859 2154 913 ad-

571 960 798 1014 ductum
823 958 887 1012 ad
911 958 1078 1026 pedes
1101 954 1474 1025 apostolorum
1495 951 1866 1022 deponebant,
1887 959 1941 1005 et
1963 949 2151 1006 distri-

572 1049 840 1103 buebatur
897 1046 1097 1115 cuique
1140 1051 1300 1113 prout
1349 1043 1711 1113 indigebat”.
1750 1059 1768 1093 ι
1822 1039 2018 1106 Audis,
2047 1039 2154 1095 Ju-

573 1139 719 1194 liane
761 1156 777 1195 :
821 1137 923 1205 Qui
975 1150 1324 1207 possessores
1372 1143 1550 1201 erant,
1590 1134 1920 1189 vendebant.
1958 1133 2154 1188 Nonne

516 1301 520 1304 .
574 1231 806 1286 omnes?
860 1229 954 1286 sed
1008 1237 1122 1283 tum
1179 1229 1248 1284 ab
1301 1215 1457 1282 initio
1504 1228 1819 1289 mandatum
1883 1227 2014 1281 illud
2081 1226 2155 1280 ita

579 1320 869 1392 splendide
903 1320 1197 1384 ferebatur,
1235 1329 1294 1375 ut
1325 1335 1486 1390 opere
1518 1319 1739 1376 ﬂoreret
1772 1338 1786 1374 :
1819 1320 1900 1374 Ab
1923 1334 1989 1374 eo
2020 1327 2156 1373 tem-

574 1427 706 1481 pore
761 1412 828 1466 ad
898 1412 1045 1464 hunc
1111 1425 1284 1479 usque
1337 1410 1504 1475 diem,
1577 1425 1687 1464 non
1745 1410 1909 1464 modo
1963 1408 2154 1464 ﬂorem

574 1518 790 1559 summe
854 1501 1368 1556 immarccscibilem
1417 1509 1805 1558 conservatum
1863 1501 2154 1568 videmus,

576 1594 720 1648 unde
758 1592 956 1646 anima:
1009 1592 1297 1646 hominum
1331 1592 1671 1648 circumfuso
1711 1591 1880 1647 odore
1923 1592 2158 1662 perfusze

574 1687 643 1741 ad
676 1685 936 1739 virtutum
963 1687 1214 1740 omnium
1239 1684 1578 1740 salutiferam
1633 1693 1688 1740 et
1730 1684 2003 1740 viviﬁcam
2041 1684 2156 1740 fra-

2253 491 2348 544 καὶ
2377 491 2456 552 είς
2483 489 2684 551 πλάτος
2725 489 2822 542 καὶ
2867 487 3040 560 μῆκος
3079 490 3441 554 αὑξάνουσαν,
3467 497 3768 566 συναύξουσάν

2252 599 2310 636 τε
2349 581 2447 644 τὰς
2489 581 2657 645 ἄλλας
2691 580 2896 652 ἀρετὰς
2943 582 3041 635 καὶ
3076 584 3608 654 συναπαρτίζουσαν·
3645 595 3694 646 τό
3727 617 3767 650 τε

2257 675 2358 744 μὲν
2379 673 2486 744 γὰρ
2512 673 2799 745 τρισχίλιοι
2828 675 2920 728 καὶ
2954 676 3408 746 πεντακισχίλιοι,
3435 674 3544 733 εἶτα
3565 683 3644 736 καὶ
3670 687 3768 758 πλῆ-

2255 765 2344 830 θος
2379 764 2646 834 ὲκφεῦγον
2680 765 2780 844 τὴν
2813 764 3218 837 ἀπαρίθμησιν,
3258 768 3526 836 συνιόντες
3553 773 3763 846 ἀλλήλοις,

2255 859 2351 912 καὶ
2387 857 2499 911 τῶν
2539 857 2683 911 ίδίων
2713 858 3075 929 ἐξιστάμενοι,
3105 859 3266 914 κοινὰ
3297 860 3367 914 τὰ
3394 861 3517 916 ὄντα
3541 868 3766 936 προύτίθε-

2256 967 2375 1014 σαν,
2407 953 2503 1004 καὶ
2529 950 2700 1022 πένης
2726 946 2793 1022 ἦν
2817 951 2993 1016 οὐδεὶς
3015 952 3072 1005 ἐν
3099 953 3290 1016 αὐτοῖς
3315 953 3381 1024 (ῶ
3404 953 3677 1026 θαυμασίας
3695 964 3765 1016 ἰσο-

2260 1040 2477 1111 μοιρίας
2501 1041 2590 1094 καὶ
2619 1042 2747 1112 πρὶν
2775 1042 3089 1112 πραχθῆναι
3118 1045 3244 1114 μηδ’
3273 1043 3656 1119 ἐλπιζομένης),
3679 1054 3765 1104 οὐδὲ

2258 1131 2532 1196 πλούσιος.
2569 1151 2588 1184 ι
2640 1132 2802 1184 Ὅσοι
2832 1123 3166 1203 γὰρ,’‹ρησὶ,
3232 1136 3492 1205 κτήτορες
3536 1139 3709 1210 χωρίων
3740 1144 3762 1213 ἦ

2258 1224 2443 1278 οἰκιῶν
2491 1222 2758 1294 ὑπῆρχον,
2808 1223 3116 1289 πωλοῦντες
3146 1224 3348 1295 ἔφερον
3390 1226 3487 1290 τὰς
3524 1230 3663 1298 τιμὰς
3689 1233 3764 1286 τῶν

2258 1317 2746 1388 πιπρασκομένων,
2795 1317 2892 1370 καὶ
2940 1315 3152 1369 ἐτίθουν
3186 1316 3343 1388 παρὰ
3375 1319 3496 1382 τοὺς
3526 1320 3666 1390 πόδας
3688 1324 3763 1376 τῶν

2260 1407 2594 1472 ἀποστόλων,
2643 1407 2896 1461 διεδίδοτο
2927 1407 2984 1460 δέ
3023 1408 3265 1478 ἑκάστῳ,
3313 1409 3434 1463 καθ’
3465 1413 3492 1464 ὅ
3525 1429 3596 1475 τις
3626 1416 3764 1483 χρείαν

2260 1494 2424 1570 εἶχεν.
2459 1518 2479 1552 ι
2531 1499 2796 1565 Ἀκούεις,
2857 1500 3128 1564 ἰουλιανὲ,
3189 1502 3308 1555 ὅσοι
3357 1505 3615 1574 κτήτορες,
3658 1501 3762 1562 οὗτοι

2259 1592 2526 1647 ἐπώλουν.
2578 1592 2715 1662 Οὐχὶ
2755 1593 3026 1661 ἆπαντεςς
3083 1593 3222 1648 ἀλλὰ
3269 1593 3390 1648 τότε
3444 1599 3534 1666 μέν
3566 1600 3615 1665 ἐξ
3641 1600 3762 1668 αὐτῆς

2259 1683 2438 1756 ἀρχῆς
2477 1683 2650 1748 οὕτως
2672 1685 2750 1749 είς
2787 1684 2990 1756 πλῆθος
3015 1687 3048 1756 ὴ
3071 1687 3268 1756 ἐντολὴ
3295 1687 3760 1761 τελεσιουργουμένη,

576 1782 846 1851 grantiam
894 1781 1196 1834 trahuntur
1245 1793 1276 1833 a
1334 1785 1594 1848 corrupta
1652 1777 1976 1848 passionum
2021 1777 2157 1833 atl‘e-

2267 1777 2529 1850 λαμπρῶς
2556 1778 2797 1832 ἐπεδίδου
2827 1779 2922 1832 καὶ
2950 1779 3275 1850 ὑφειστήκει
3295 1783 3414 1843 ταῖς
3434 1758 3690 1854 ἐνεργείαις
3705 1758 3762 1837 ἐν·

576 1875 805 1939 ctione,
866 1887 989 1943 quae
1047 1871 1284 1940 plurima
1331 1871 1678 1927 maleolentia
1744 1872 1966 1929 exhalat
2012 1875 2158 1928 :sed

579 1981 774 2020 omnes
832 1974 1100 2020 terrarum
1161 1964 1322 2020 orbes
1373 1972 1493 2019 acta
1539 1964 1735 2020 diffusa
1783 1964 2156 2036 pertransivit,

578 2072 689 2110 non
739 2065 952 2110 tantum
992 2055 1220 2118 viritim,
1271 2056 1364 2110 sed
1413 2055 1737 2126 populatim,
1779 2065 1833 2110 et
1885 2055 2154 2110 inﬁnitam

578 2149 739 2218 plane
793 2147 1197 2202 multitudinem
1252 2147 1538 2202 hominum
1596 2149 1979 2212 monasticam,
2047 2147 2155 2203 hoc

578 2251 662 2295 est
701 2239 980 2296 caelestem
1032 2240 1200 2294 vitam
1237 2239 1685 2308 amplectentium
1727 2255 1892 2308 super
1931 2248 2157 2304 terram,

578 2331 672 2401 qui
707 2346 869 2400 opera
911 2345 1010 2386 sua
1041 2331 1428 2394 extenderunt,
1459 2340 1514 2384 et
1556 2331 1872 2400 prazscripto
1917 2330 2160 2386 mandati

577 2439 705 2477 cutn
759 2437 975 2477 summa
1027 2423 1275 2478 omnium
1325 2423 1486 2492 laude
1523 2431 1575 2477 ct
1619 2423 2005 2492 praedicatione
2039 2442 2051 2477 :
2085 2423 2161 2478 ita

579 2513 797 2568 Domini
839 2513 1012 2569 nostri
1053 2513 1214 2569 verba
1263 2513 1505 2570 ellicacia
1553 2525 1608 2569 et
1654 2524 1879 2570 actuosa
1933 2529 2162 2586 magno-

578 2620 708 2675 pere
759 2612 908 2671 sunt,
959 2605 1029 2660 ob
1072 2591 1177 2660 hoc
1219 2606 1420 2676 ipsum,
1467 2607 1865 2675 admirationis,
1923 2608 2160 2674 animas,

580 2696 868 2752 hominum
902 2697 1230 2752 meritorum
1277 2699 1345 2753 ad
1393 2714 1453 2755 se
1497 2701 1895 2768 convertentia,
1928 2708 1984 2756 et
2011 2702 2162 2757 verbi

580 2804 771 2844 semen
822 2790 1195 2860 inspergentia
1244 2791 1380 2846 satis
1430 2790 1696 2862 profunde
1738 2791 1968 2858 faciunt,
2018 2804 2079 2849 ut
2131 2811 2161 2849 a

577 2879 853 2935 fructibus
895 2881 1062 2935 arbor
1108 2889 1519 2949 cognoscatur:
1561 2890 1617 2936 et
1664 2897 1760 2952 per
1800 2883 2036 2938 fructum
2085 2894 2165 2939 at-

579 2987 688 3041 que
717 2971 971 3026 arborem
1007 2971 1282 3026 hortulani
1317 2975 1563 3040 potentia
1596 2981 1652 3028 et
1676 2976 1944 3044 sapientia
1973 2976 2162 3031 laude-

580 3075 690 3130 tur,
731 3065 892 3134 cujus
941 3065 1120 3120 laudis
1159 3065 1480 3135 opulentum
1515 3067 1653 3122 satis
1688 3078 1927 3140 segetem
1971 3066 2166 3141 sugge-
2190 3093 2236 3155 ρ

577 3165 730 3222 runt,
775 3165 833 3211 et
871 3165 1052 3212 tamen
1099 3159 1343 3212 nondum
1378 3174 1474 3228 per
1507 3157 1625 3214 haec
1646 3168 1726 3215 tot
1768 3168 1823 3214 et
1877 3162 2008 3218 talia
2069 3179 2165 3218 en-

581 3248 781 3313 comia,
807 3250 1074 3305 naturalis
1124 3250 1270 3305 enim
1305 3252 1712 3321 magnificentia
1759 3255 1894 3311 satis
1951 3257 2168 3312 abunde

582 3339 998 3406 manifestatur;
1047 3355 1174 3394 nam
1225 3342 1528 3395 multarqu
1585 3352 1847 3412 praeterea
1901 3344 2168 3401 virtutum

585 3433 1001 3487 subsistentiam
1053 3440 1327 3488 sustentat
1368 3443 1422 3488 et
1451 3435 1830 3505 complectitur
1865 3455 1879 3492 :
1913 3447 1967 3494 et
1998 3447 2167 3506 certe,

585 3521 698 3576 nisi
727 3521 852 3592 quis
883 3522 998 3592 pari
1039 3537 1164 3576 cum
1199 3520 1418 3577 Juliano
1446 3523 1657 3592 judicio
1709 3524 1895 3580 divino
1929 3541 2169 3582 occaeca-

587 3622 722 3679 tus,
787 3613 844 3668 in
904 3613 1213 3668 clarissima
1257 3615 1383 3670 luce
1433 3615 1752 3683 aberrabit,
1819 3631 2172 3688 summopere

587 3707 961 3764 admiraturus
1025 3715 1111 3762 est
1170 3708 1476 3763 naturalem
1529 3708 1650 3778 ejus
1698 3711 1827 3775 vim,
1881 3711 2171 3766 sublimem

589 3798 738 3853 illam
776 3806 831 3854 et
873 3800 1263 3855 salutiferam?
1324 3800 1428 3866 Qui
1473 3803 1750 3857 ccelestcm
1797 3804 2174 3858 conversatio-

588 3907 712 3948 nem
767 3893 1014 3948 terrestri
1065 3910 1162 3949 sna
1195 3895 1307 3949 vita
1366 3904 1784 3964 repraesentant,
1831 3896 1869 3950 ii
1933 3897 2173 3952 discerni

586 3983 749 4041 facile
783 3996 1034 4057 possunt,
1085 3987 1190 4041 hoc
1241 3986 1601 4040 fundamento
1650 3987 1900 4058 inprimis
1949 3988 2170 4043 innixi:

592 4096 612 4129 ι
647 4075 871 4133 Vendite
900 4093 1024 4148 quas
1059 4078 1377 4148 possidetis,
1424 4086 1480 4133 et
1510 4079 1916 4150 eleemosynam
1949 4080 2092 4136 date.
2145 4098 2166 4132 ι

587 4169 690 4224 Cui
725 4171 806 4225 sic
843 4171 1016 4240 jacto,
1072 4179 1300 4225 caeteras
1350 4179 1742 4240 superstruunt
1794 4175 2047 4240 virtutes,
2098 4173 2174 4228 ita

588 4274 649 4317 ut
675 4263 793 4318 sine
827 4263 920 4317 illo
977 4263 1280 4319 subsistere
1309 4278 1420 4318 non
1453 4279 1615 4333 posse
1651 4279 1786 4334 pure
1817 4265 1922 4318 illa:
1947 4266 2173 4321 videan-

591 4364 699 4408 tur.
737 4355 1008 4422 Quocirca
1041 4370 1166 4408 cum
1209 4354 1568 4410 vendideritis
1614 4355 1793 4424 primo
1826 4371 1949 4425 quae
1989 4356 2171 4426 possi-

2259 1870 2586 1942 ακμόιζουσα
2609 1887 2624 1902 ο
2661 1868 2682 1910 ί
2729 1870 2927 1940 ἐφεξῆς
2956 1869 3014 1924 δέ
3047 1870 3214 1941 μέχρι
3249 1870 3368 1936 νῦν,
3395 1874 3488 1926 οὐκ
3520 1875 3761 1946 ἀμάραντον

2263 1959 2425 2030 μόνον
2457 1958 2517 2012 τὸ
2544 1959 2644 2030 τῆς
2671 1958 2857 2030 ἀκμῆς
2881 1957 3040 2023 ἄνθος
3069 1959 3391 2024 διεσώσατο.
3427 1961 3489 2016 δι’
3523 1956 3577 2016 οὗ
3596 1964 3673 2027 τὰς
3693 1969 3759 2020 ἀν-

2262 2051 2541 2124 θρωπίνας
2565 2051 2745 2122 ψυχὰς
2777 2051 3226 2124 περιανθίζουσα,
3263 2054 3372 2108 ἀπὸ
3395 2057 3488 2125 τῆς
3510 2055 3602 2110 τῶν
3627 2058 3761 2111 παθῶν

2261 2144 2555 2215 σηπεδόνος
2582 2143 2718 2199 πολὺ
2763 2143 2826 2198 τὸ
2861 2143 3097 2208 δυσῶδες
3127 2146 3578 2217 ἐναποπνεούσης,
3601 2149 3673 2202 ἐπὶ
3691 2151 3759 2218 τὴν

2262 2237 2371 2290 τῶν
2389 2236 2600 2308 ἀρετῶν
2617 2237 2885 2308 σωτήριον
2909 2237 3005 2290 καὶ
3031 2235 3302 2300 ζωοποιδν
3328 2239 3544 2293 εὐωδίαν
3567 2242 3758 2310 συνετέλ-

2261 2343 2448 2383 κεται·
2484 2327 2622 2383 ἀλλὰ
2671 2345 2736 2398 γε
2783 2328 2848 2401 δὴ
2908 2329 3006 2382 καὶ
3047 2332 3232 2384 πάντα
3265 2329 3366 2401 τῆς
3411 2333 3686 2402 οἰκουμένης
3716 2335 3758 2386 τὰ

2264 2423 2498 2494 πέρατα,
2531 2423 2650 2485 ταῖς
2681 2421 2985 2493 ἐνεργείαις
3013 2422 3387 2494 περιλαϐοῦσα
3412 2425 3500 2480 καὶ
3518 2425 3759 2497 διατρέχον-

2265 2531 2354 2578 σα,
2389 2512 2450 2566 οὐ
2487 2513 2607 2566 κατ’
2636 2512 2808 2582 ἄνδρα
2839 2501 3024 2583 μόνον,
3074 2514 3174 2585 ἤδη
3219 2515 3276 2568 δὲ
3320 2516 3414 2570 καὶ
3453 2517 3578 2570 κατὰ
3610 2518 3756 2587 δήμους

2263 2607 2438 2670 ὅλους,
2470 2605 2563 2660 καὶ
2591 2605 2828 2675 ἀριθμοῦ
2855 2607 3109 2677 κρείττω,
3140 2611 3458 2681 συστήματα
3479 2610 3573 2663 τῶν
3596 2610 3656 2669 ὡς
3670 2612 3760 2679 ἀλη-

2265 2697 2374 2761 θῶς
2408 2697 2610 2768 μονάδα
2639 2697 2752 2768 βίον
2782 2699 2876 2752 καὶ
2905 2700 3161 2770 οὐράνιον
3198 2701 3487 2767 πολίζουσά
3512 2720 3564 2755 τε
3589 2705 3674 2765 τοῖς
3695 2703 3758 2755 ἐπὶ

2263 2787 2389 2858 γῆς,
2431 2787 2525 2840 καὶ
2583 2787 2928 2842 πλατύνουσα
2983 2788 3051 2843 δι’
3087 2790 3272 2846 αὐτῶν
3317 2790 3422 2845 τῶν
3469 2791 3636 2862 ἔργων,
3673 2792 3758 2844 ὅσον

2265 2879 2413 2932 ἐστὶν
2448 2879 2618 2948 αὐτῆς
2658 2879 2720 2932 τὸ
2755 2881 2814 2932 ἐν
2855 2883 2968 2945 τοῖς
3003 2881 3187 2950 λόγοις
3232 2882 3513 2938 ἀκόλουθον
3540 2883 3756 2953 partem

2265 2970 2354 3024 διὰ
2377 2972 2477 3042 τῆς
2506 2971 2649 3026 κατὰ
2675 2972 2767 3025 τὸν
2793 2972 2952 3042 λόγον
2983 2974 3315 3040 ἀκολουθίας
3341 2976 3398 3030 τὸ
3420 2977 3617 3045 ὑφεττὸς
3639 2973 3759 3043 αὐτῆς

2267 3066 2326 3118 ἐν
2345 3068 2458 3128 τοῖς
2483 3064 2665 3133 ἔργοις
2695 3066 2788 3118 καλ⁸
2818 3066 3131 3136 περιούσιον
3161 3067 3427 3139 λαμπρῶς
3455 3065 3755 3122 ἐπιδείκνυσιν.

2271 3158 2345 3211 Οὐ
2376 3157 2484 3228 μὴν
2516 3160 2541 3200 ε
2580 3157 2717 3212 ἀλλά
2747 3175 2810 3226 γε
2849 3159 2944 3212 καὶ
2971 3160 3081 3213 τῶν
3127 3161 3470 3215 Δεσποτικῶν
3496 3159 3702 3232 ῥημάτων
3718 3157 3757 3209 τὸ

2270 3250 2513 3321 ἐνεργὸν,
2567 3250 2664 3304 καὶ⁹
2715 3249 2814 3321 τὴν
2867 3249 3102 3322 δύναμιν
3148 3253 3306 3306 οὐδὲν
3347 3246 3499 3325 ἧττον
3535 3250 3591 3304 δι’
3616 3249 3756 3316 ἑαυτῆς

2271 3340 2502 3413 παρέχει
2543 3340 2956 3412 θαυμάζεσθαιθ
2985 3343 3088 3406 τὰς
3117 3343 3229 3416 γὰρ
3261 3343 3579 3416 ἀνθρωπίνας
3615 3341 3754 3410 ψυχάς.

2270 3435 2394 3488 ὅσαι
2431 3432 2601 3501 ἄξιαι,
2637 3434 2777 3506 πρὸς
2817 3435 3023 3506 ἑαυτὴν
3059 3437 3480 3509 ἐπιστρέφουσα,
3505 3434 3587 3489 καὶ
3607 3431 3755 3486 em;

2271 3525 2430 3594 λόγου
2465 3525 2667 3598 σπόρον
2711 3527 2918 3581 ἐνιεῖσά
2945 3543 3006 3579 τε
3047 3528 3144 3581 κα)⁸
3171 3527 3554 3597 ἐμϐαθύνουσα,
3590 3523 3672 3576 ἀπὸ
3693 3520 3756 3572 τοῦ

2271 3616 2487 3687 καρποῦ
2513 3617 2574 3671 τὸ
2599 3617 2815 3689 δένδρον
2841 3616 3324 3688 ἐπιγινώσκεσθαι,
3345 3619 3436 3673 καὶ
3457 3618 3516 3672 δι’
3534 3614 3678 3670 αὐτῶν
3695 3611 3756 3665 τοῦ

2274 3707 2588 3779 φυτοκόμου
2621 3707 2784 3762 πάλιν
2813 3709 2914 3780 τὴν
2943 3709 3097 3779 ἰσχὺν
3133 3709 3232 3763 καὶ¹
3265 3709 3448 3778 σοφίαν
3475 3702 3755 3776 ὲξυμνεῖσθαι,

2275 3800 2633 3874 παρασκευὴν
2682 3801 2884 3873 πολλὴν
2915 3802 3282 3874 συνεξεύρατο
3304 3819 3318 3834 ο
3350 3802 3438 3856 καὶ
3471 3800 3600 3853 οὔπω
3623 3814 3671 3864 γε
3698 3793 3757 3847 διὰ

2273 3893 2500 3958 τούτων,
2533 3894 2739 3965 καίπερ
2777 3894 3116 3965 τηλικούτων
3144 3894 3335 3960 ὅντων,
3369 3896 3449 3964 ἐφ’
3477 3894 3581 3946 ὅσον
3601 3892 3693 3958 ἥκει
3716 3883 3756 3935 τὸ

2277 3986 2564 4056 μεγαλεῖον
2617 3986 2718 4057 τῆς
2780 3986 2996 4055 φύσεως
3063 3988 3235 4058 αὐτῆς
3301 3975 3754 4058 ἐμφανίζεται“ἀλλ’

2273 4076 2355 4128 ὅτι
2373 4074 2588 4129 καὶτῶν
2604 4075 2748 4130 ἄλλω
2765 4075 3005 4147 νάρετῶν
3032 4077 3128 4130 καὶ
3154 4074 3568 4147 κατορθωμάτων
3589 4066 3748 4138 ὑπερεί-

2271 4167 2349 4221 δει
2390 4183 2451 4220 τε
2490 4168 2588 4220 καὶ
2629 4169 2860 4238 συνέχει’
2892 4169 2991 4239 τὴν
3051 4167 3311 4240 ὓπαρξιν.
3367 4168 3497 4231 Πῶς,
3538 4164 3580 4217 εί
3614 4162 3755 4231 μήτις

2289 4259 2561 4331 Ἰουλιανῷ
2609 4260 2707 4331 τὴν
2745 4261 2866 4331 ἴσην
2912 4261 3070 4332 δίκην
3106 4262 3324 4332 ὑπέχων
3357 4259 3534 4328 τυιρλδς
3567 4254 3628 4323 τῷ
3661 4249 3753 4320 φωτὶ

2277 4351 2765 4423 περιπλανώμενος
2811 4352 3164 4423 διελέγχοιτο,
3211 4355 3311 4406 οὐκ
3346 4352 3408 4406 ἂν
3438 4340 3751 4418 ὑπεραγασθείη

589 4446 754 4511 detis,
810 4456 866 4502 et
893 4447 1266 4516 indigentibus
1313 4446 1729 4512 distribueritis,
1791 4447 2014 4502 omnino
2069 4448 2163 4503 hoc

2280 4443 2340 4496 τὸ
2377 4444 2435 4496 ἐν
2463 4446 2528 4515 τῇ
2568 4447 2729 4512 φύσει
2765 4446 2969 4515 κράτος
3000 4445 3170 4512 αὐτῆς
3199 4446 3293 4498 καὶ
3317 4443 3500 4515 ὑψηλὸν
3535 4439 3610 4493 καὶ
3631 4431 3752 4499 σωτή-

587 4539 796 4595 Christi
827 4540 1148 4603 consilium,
1185 4549 1245 4594 ut
1279 4539 1371 4594 Dei
1412 4554 1571 4610 opus,
1604 4547 1663 4594 ut
1687 4540 2029 4594 humanitate
2059 4541 2174 4610 plc-

589 4645 747 4691 num.
783 4630 1170 4685 celebrabitur.
1227 4631 1308 4684 Ad
1345 4631 1492 4684 hunc
1521 4630 1742 4684 modum
1787 4631 1915 4684 nudi
1948 4631 2172 4686 demum

589 4722 864 4787 homines,
897 4723 1094 4793 opibus
1135 4732 1190 4778 et
1220 4722 1574 4793 passionibus
1613 4723 1771 4778 vacui
1817 4724 2071 4787 terrenis,
2105 4723 2172 4778 ad

590 4814 895 4867 certamina
943 4814 1206 4869 athletica
1244 4829 1304 4869 se
1331 4823 1691 4885 componunt,
1727 4815 1781 4869 in
1814 4815 1947 4870 illud
1994 4816 2173 4872 solum

592 4915 776 4960 mente
806 4905 1027 4970 intenti,
1063 4916 1117 4961 et
1158 4921 1384 4977 scapum
1417 4906 1686 4961 directum
1718 4906 2000 4972 habentes,
2028 4907 2172 4978 quod

592 4993 763 5051 Paulo
808 4995 1054 5050 dicitur:
1102 4996 1322 5067 «Cupio
1373 4997 1634 5063 dissolvi,
1679 5006 1734 5052 et
1781 5014 1906 5054 cum
1957 4998 2176 5055 Christo

594 5088 829 5143 csse”'.
863 5107 881 5140 ι
937 5086 1093 5144 Unde
1143 5089 1286 5145 visio
1314 5099 1570 5159 paterna,
1620 5091 1676 5145 in
1725 5090 1931 5160 Spiritu
1982 5091 2177 5147 sancto

598 5177 752 5251 (felix
785 5180 1010 5235 omnino
1037 5180 1224 5251 visio),
1253 5179 1514 5251 perfecta,
1541 5189 1596 5236 et
1625 5181 1744 5238 sine
1771 5184 1991 5254 speculo
2023 5199 2176 5239 reve-

595 5271 728 5339 lata,
755 5283 808 5329 et
853 5275 1101 5330 revelans
1137 5275 1411 5330 bonorum
1441 5274 1702 5344 primum,
1737 5284 1791 5332 et
1836 5277 2177 5334 desiderato-

667 5451 715 5485 "
734 5452 856 5510 Act.
890 5469 964 5518 tv,
988 5453 1081 5519 54,
1113 5451 1204 5508 55.
1283 5452 1350 5483 π’
1373 5451 1571 5522 Philip.
1603 5469 1642 5518 ι,
1676 5454 1767 5509 25.

2281 4552 2428 4607 ριον;
2461 4535 2573 4587 Καὶ
2601 4534 2708 4605 γὰρ
2741 4536 2857 4588 ὅσοι
2905 4537 3005 4606 τὴν
3057 4537 3307 4607 οὐράνιον
3351 4531 3606 4590 πολιτείαν,
3637 4525 3686 4577 δι’
3703 4517 3753 4573 ὧν

2279 4627 2486 4698 βιοῦσιν
2508 4629 2598 4681 ἐπὶ
2620 4628 2734 4698 γῆς,
2754 4627 3156 4699 ὑπογράφουσι,
3181 4629 3395 4690 τούτους
3414 4626 3489 4698 δὴ,
3505 4621 3677 4678 τούτους
3696 4613 3750 4665 ἓν·

2278 4737 2425 4774 εστιν
2474 4720 2607 4791 ὁρᾷν
2649 4719 2782 4772 αὐτὸ
2824 4721 2982 4773 τοῦτο
3028 4721 3267 4792 πρῶτον,
3311 4719 3552 4791 θεμέλιον,
3577 4706 3661 4765 οἷον
3688 4703 3750 4758 καὶ

2279 4811 2608 4883 ὑπόϐαθρον,
2649 4811 2729 4877 τὸ,
2768 4831 2786 4863 ι
2822 4808 3118 4884 Πωλήσατε
3152 4813 3220 4868 τὰ
3251 4813 3552 4883 ὑπάρχοντα,
3580 4804 3649 4858 καὶ
3671 4797 3748 4851 δότε

2281 4905 2674 4978 ἐλεημοσύνην,
2705 4924 2724 4956 )
2757 4905 3227 4977 ὑποϐαλλομένους
3243 4925 3257 4938 ο
3289 4907 3378 4961 καὶ
3396 4903 3520 4958 οὕτω
3540 4897 3617 4960 τὰς
3637 4890 3748 4948 ἄλλας

2283 4998 2486 5070 ἀρετὰς
2515 4997 3008 5069 ἐποικοδομοῦντας
3027 5014 3042 5028 ⁸
3076 4999 3154 5062 ὡς
3185 4999 3308 5054 ἄνευ
3335 4996 3531 5062 ταύτης,
3553 4978 3748 5059 μηδεμὼ

2284 5091 2451 5161 ἄλλης
2488 5081 2786 5159 ὑφεστάναι
2817 5089 3074 5161 καθαρῶς
3105 5090 3330 5162 δύναμιν
3350 5085 3566 5158 ἐχούσης.
3588 5074 3655 5129 Διὸ
3672 5085 3746 5121 πεδ’

2284 5185 2502 5247 λοῦντες
2529 5183 2795 5256 πρότερον
2823 5183 2892 5237 τὰ
2926 5183 3261 5256 ὑπάρχοντα,
3300 5181 3388 5235 καὶ
3424 5177 3520 5237 τοῖς
3551 5162 3746 5256 δεομένσεξ

2283 5242 2652 5344 διανέμοντες,
2680 5242 2797 5336 πῶς
2825 5271 2892 5328 ἄν
2920 5289 3002 5336 τις
3221 5242 3472 5340 εξυμνήσῃ
3491 5259 3542 5314 τὸ
3559 5256 3665 5311 θεῖον
3684 5242 3745 5298 καὶ

1956 5611 2192 5669 VARUS
2231 5609 2636 5670 LECTIONES.

639 5724 663 5773 ί
693 5726 781 5783 to.
827 5727 887 5795 ἐξ
936 5725 1172 5798 ἐκείνης.

607 5849 634 5869 ρ

1288 5728 1310 5768 ε
1337 5724 1397 5782 C.
1437 5725 1504 5782 Μ.
1536 5727 1595 5782 οὐ
1634 5728 1760 5797 μήν.
