3846 6188
68 290 143 353 m3
1018 274 1116 335 AD
1144 249 1741 333 AMPHILOCHIUM
1764 265 2111 339 QUIESTIO
2143 266 2272 328 CII.
3144 268 3252 334 634

67 387 325 464 θεωργικὸν
358 384 448 439 καὶ
477 381 864 453 φιλάνθρωπον
893 380 991 450 της
1021 378 1433 450 παραινέσεως;
1462 374 1570 429 0'6-
1598 379 1624 437 Α

1708 389 1801 428 um
1838 388 2116 429 summum
2157 373 2499 430 intuentibus
2531 376 2845 441 fruendum,
2871 390 3253 450 repraesentat.

65 506 120 542 τω
153 482 316 553 γνμνοί
365 478 546 533 λοιπὸν
597 479 693 531 καὶ
726 476 1028 548 χρημάτων
1057 474 1151 529 καί¹
1188 471 1567 545 προσπαθείας

1707 466 1959 545 .tquc‘ita
1994 464 2308 523 Servatoris
2336 467 2549 522 Domini
2582 471 2925 534 mandatum,
2957 488 3066 529 non
3092 474 3258 529 modo

64 578 187 646 ἄλλης
222 575 416 644 γηῖνης,
451 570 577 636 τοὺς
615 570 951 640 ἁσκητικοὺς
993 568 1190 630 ἄθλους
1225 567 1566 628 ὑποδύονται,

1710 557 1819 611 ictu
1865 556 2194 611 rationabile
2238 566 2292 611 et
2330 573 2680 629 consequens
2725 562 2942 618 videtur
2987 580 3109 620 esse
3136 605 3152 627 ,
3202 573 3259 620 et

65 669 161 737 πρὸς
187 666 233 717 ἒν
255 664 402 733 μόνον
420 661 509 714 τὸν
536 659 659 713 νοῦν
688 658 1111 730 ἀνατεινόμενοι,
1139 658 1234 711 καὶ
1258 656 1354 727 τὴν
1385 655 1569 724 ἔφεσιν

1707 649 1844 703 multa
1884 648 2116 703 veritate
2151 648 2427 715 fulcitum,
2472 652 2567 705 sed
2612 653 2879 724 quidquid
2926 657 2993 709 ad
3035 656 3257 726 opposi-

62 761 241 827 ἔχοντες,
280 756 352 817 εἰς
394 752 454 805 τὸ
500 753 642 806 κατὰ
684 748 920 813 Παῦλον,
974 768 992 801 ι
1023 748 1289 803 ἀναλῦσαι
1332 747 1429 801 καὶ
1474 747 1572 800 σὺν

1707 758 1788 795 um
1818 749 2107 812 repugnat,
2139 742 2293 811 fugat
2324 744 2667 812 praevalendo
2711 754 2765 799 et
2809 747 3017 815 pudore
3048 748 3260 802 suffun-

62 847 227 918 Χριστῷ
266 841 415 899 εἶναι.
456 863 474 895 ι
514 844 591 896 Δι’
618 837 699 907 οὗ,
729 842 823 896 τοῦ
863 842 1079 912 Πατρὸς
1122 842 1179 893 ἐν
1221 840 1362 909 ἁγίῳ
1404 837 1573 891 Πνεύ-

1714 832 1797 886 it:
1830 832 1924 886 sed
1966 840 2021 888 et
2052 832 2225 887 multo
2270 833 2447 903 magis
2480 833 2677 889 seriem
2709 836 3004 891 verborum
3036 847 3091 891 et
3134 853 3261 892 sen-

64 932 223 1009 ματιιῶ
240 935 495 1007 μακαρίου
521 935 787 1005 θεάματος
809 932 861 1003 l)
884 935 917 1003 ἡ
937 931 1267 1003 τελειοτέρα,
1294 931 1387 985 καὶ
1404 930 1575 999 χωρῖς

1707 923 1971 976 entiarum
1996 937 2230 977 censura
2261 938 2516 990 vacuam,
2540 941 2638 995 per
2661 927 3010 996 Operationcs
3032 928 3263 985 eximias

60 1033 137 1084 τῶν
181 1029 438 1098 ἐσόπτρων
481 1026 705 1095 γνῶσις,
753 1022 1345 1094 συνανακαλυπτομένη
1378 1038 1439 1072 τε
1479 1018 1575 1073 καὶ

1712 1023 1731 1068 ι
1759 1013 2177 1069 subsistentiam
2208 1015 2523 1069 universam
2554 1017 2658 1071 sub
2690 1019 2804 1072 sole
2831 1019 3268 1073 consummatio—

63 1121 553 1191 σνναναστράπτουσα
589 1119 652 1173 τὸ
680 1119 896 1190 πρῶτον
930 1116 1134 1185 ἀγαθὸν
1166 1117 1246 1179 εἰς
1273 1113 1575 1168 ἀπόλαυσιν

1709 1122 1793 1162 em
1824 1117 1878 1162 et
1908 1108 2377 1163 admirabiliorem
2410 1111 2673 1175 ostendit,
2705 1120 2868 1181 atque
2894 1112 3039 1166 ultra
3072 1112 3182 1166 vim
3213 1121 3268 1167 et

59 1219 139 1278 τοῖς
162 1214 374 1276 θεαταῖς,
405 1211 502 1265 καὶ
532 1210 642 1264 τῶν
671 1210 880 1279 ἐφετῶν
919 1208 1202 1279 χαρίζεται
1240 1205 1301 1260 τὸ
1338 1206 1577 1276 ἀκρότα-

1707 1209 1939 1252 laturam
1983 1198 2448 1269 epicherematum
2482 1242 2500 1266 ,
2550 1201 2625 1255 ita
2671 1210 2733 1256 ut
2778 1202 3044 1258 audentes
3091 1202 3267 1273 ipsam

60 1325 140 1359 τον.
161 1306 293 1359 Οὕτω
318 1304 404 1374 δὴ,
434 1303 610 1367 οὕτως
641 1305 675 1373 ἡ
705 1304 972 1372 σωτήριος
1005 1299 1140 1371 α’ύτη
1168 1300 1261 1352 καὶ
1275 1295 1580 1368 Δεσποτικὴ

59 1397 197 1467 ἐντολὴ
218 1397 271 1449 οὐ
303 1394 534 1466 ῥηθῆναι
568 1393 729 1465 μόνον
764 1393 823 1446 τὸ
844 1391 1067 1461 εὔλογόν
1092 1408 1151 1443 τε
1174 1389 1269 1443 καί
1290 1387 1580 1443 ἀκόλουθον

59 1489 182 1559 πολλῇ
199 1488 410 1557 δυνάμει
437 1486 834 1539 ωνδιεσὼσατο
857 1485 1004 1538 άπαν
1034 1481 1341 1552 μαχόμενον
1372 1481 1464 1533 καὶ
1492 1497 1585 1533 πο-

1680 1290 1890 1345 violare
1949 1290 2190 1346 dedecus
2248 1306 2375 1345 cum
2437 1292 2647 1362 pudore
2721 1295 2910 1350 subire
2968 1296 3267 1364 coegerint.

1681 1383 1857 1452 Atque
1897 1382 2013 1437 haec
2050 1384 2335 1451 hactenus,
2371 1399 2439 1439 ex
2483 1385 2551 1441 iis
2585 1402 2709 1456 qua:
2737 1388 2941 1443 oblivio
2980 1404 3088 1444 non
3128 1404 3271 1459 prae-

1682 1476 1851 1541 venit,
1876 1484 2068 1531 contra
2090 1475 2368 1532 Iulianum
2392 1479 2715 1547 Apostotam
2749 1482 3001 1551 nequiter
3022 1490 3076 1536 et
3103 1481 3273 1550 impie

58 1581 195 1650 λεμείν
220 1578 450 1649 ἠρμένον
472 1576 793 1649 τρεψαμένη
823 1591 883 1627 τε
916 1572 1056 1629 κατὰ
1077 1572 1302 1643 κράτος,
1334 1571 1429 1625 καὶ
1452 1586 1584 1623 κατ-

1707 1574 1878 1619 :ontra
1906 1566 2197 1620 veritatem
2235 1566 2656 1622 insolescentem
2701 1568 2849 1624 dicta
2891 1579 3077 1625 sunto.
3122 1568 3270 1633 Tibi,

59 1667 296 1738 αισχύνασα
315 1684 329 1696 ·
360 1666 499 1721 ἀλλὰ
529 1666 624 1721 καὶ
650 1665 784 1719 πολύ
819 1680 884 1734 γε
916 1663 1078 1717 πλέον
1113 1662 1205 1715 τὸν
1249 1660 1442 1732 εἱρμὸν
1474 1660 1584 1713 τῶν

1707 1657 1932 1713 liscendi
1961 1660 2186 1729 cupido,
2217 1668 2272 1713 et
2302 1660 2487 1715 divina
2516 1661 2762 1727 oracula,
2799 1671 2857 1716 ut
2879 1662 3080 1718 divinis
3108 1662 3274 1716 rebus

58 1760 203 1827 λόγων,
224 1760 425 1831 καὶτῆς
449 1757 677 1829 γνώμης
701 1757 763 1811 τὸ
792 1756 1176 1825 ἀνεπίληπτον,
1203 1752 1291 1806 διὰ
1316 1751 1417 1821 τῆς
1440 1751 1581 1805 κατὰ
1615 1768 1624 1823 1

1707 1752 1969 1817 :onvenit,
2005 1753 2221 1816 edocto,
2255 1754 2423 1808 etiam
2454 1768 2628 1823 pauca
2670 1769 2702 1810 e
2737 1754 2922 1821 dictis,
2960 1754 3094 1822 scio,
3123 1751 3275 1808 snti-

58 1855 127 1915 τὰς
186 1851 451 1923 ἐνεργείας
544 1847 904 1921 περιφανείας
974 1863 1035 1899 τε
1123 1845 1217 1898 καὶ
1296 1841 1584 1913 ὑπάρξεως

1707 1842 1839 1898 :ient
1865 1842 1933 1898 ad
1964 1843 2290 1914 quaestionis
2323 1844 2677 1900 solutionem.

57 1943 127 2013 τῆς
163 1945 248 1998 ἀνὰ
290 1946 466 1999 πᾶσαν
513 1943 612 2014 τὴν
657 1940 748 2011 ὑφ’
801 1941 936 2013 ⁴ἡλίῳ
986 1936 1361 2009 ἐντελέστερόν
1398 1953 1455 1989 τε
1493 1935 1591 1989 καὶ
1621 1935 2074 2008 θαυμασιώτερον
2106 1938 2439 2005 ἐπεδείξατο,
2473 1939 2567 1991 καί⁸
2610 1941 2858 2010 κρεῖττον
2890 1939 2923 2010 ἢ
2956 1939 3078 1992 κατ’
3121 1935 3278 2007 ἰσχύν

58 2051 97 2085 τε
130 2036 203 2087 καὶ
232 2035 382 2104 φύσιν
412 2035 891 2105 ἐπιχειρημάτων,
914 2030 1041 2096 τοὺς
1071 2030 1479 2102 τετολμηκότας
1514 2029 1685 2101 αὐτὴν
1723 2030 2030 2102 ἐξυϐρίζειν
2068 2031 2168 2103 τῆς
2202 2032 2555 2103 μηχανούσης
2579 2031 2841 2102 αἰσχύνης
2866 2031 2926 2085 τὸ
2958 2029 3284 2103 σκυθρωπὸν

59 2127 249 2182 ὑπελθεῖν
284 2128 536 2200 ἐρύθημα
571 2128 972 2201 κατεπράξατο.
1021 2127 1191 2181 Ἀλλὰ
1224 2125 1469 2180 τοσαῦτα
1504 2126 1625 2195 μὲν,
1673 2124 1735 2191 ἐξ
1760 2118 1848 2190 ὧνΔ
1882 2128 1915 2198 ἠ
1963 2127 2104 2199 λήθη
2138 2130 2214 2198 μὴ
2249 2128 2630 2199 προκατέλαόε
2665 2128 2801 2200 πρὸς
2851 2127 3144 2181 Ἰουλιανδν
3180 2125 3275 2179 τὸν

65 2221 340 2293 ’Δποστάτην
367 2223 786 2293 κακουργοῦντά
812 2239 871 2275 τε
896 2222 992 2275 καὶ
1024 2221 1164 2274 κατὰ
1198 2221 1294 2292 τῆς
1328 2221 1613 2285 εὐσεϐείας
1645 2221 1803 2293 ⁴ἡμῶν
1834 2222 2237 2293 θρασυνόμενον
2266 2224 2507 2294 εἴρηται.
2531 2223 2623 2276 Σοὶ
2656 2222 2714 2276 δέ
2736 2221 3152 2294 φιλομαθοῦντι,
3180 2222 3277 2276 καὶ

61 2314 97 2367 τὸ
114 2314 236 2370 Θεῖον
261 2316 582 2388 θεοπρεπῶς
604 2315 939 2387 ὀργιάζοντι,
966 2317 1062 2370 καὶ
1090 2314 1249 2385 όλίγα
1275 2314 1385 2369 τῶν
1412 2314 1725 2387 εἰρημένων
1784 2315 2109 2387 ἐξαρκέσειν
2132 2309 2287 2387 οῐμαι
2314 2314 2453 2388 πρὸς
2476 2316 2575 2385 τὴν
2613 2317 2712 2387 τῆς
2748 2317 2982 2384 ἀπορίας
3010 2314 3283 2370 ἐπίλυσιν.

543 2430 878 2484 ΕΡΩΤΗΣΙΣ
907 2430 1031 2485 PB'.

494 2521 562 2578 Τί
582 2522 763 2593 δηλοῖ
788 2522 855 2577 τὸ
880 2523 1109 2593 ὲφούδ;

1730 2427 2060 2496 ρΠᾹίὃΤΙυ
2091 2426 2200 2484 CII.
2246 2428 2446 2502 ‘[Coisl.
2485 2428 2736 2485 CCLXV.
2800 2428 2966 2485 Taur.
2997 2425 3251 2499 CCLVI.]

2154 2522 2297 2588 Quid
2326 2523 2584 2593 significet
2605 2522 2770 2592 eplwd
2794 2523 2820 2575 ἰ)

839 2640 983 2692 Edita
1007 2656 1036 2693 a
1062 2642 1382 2706 Montacutio,
1414 2656 1496 2709 ep.
1524 2644 1639 2706 192,
1658 2642 1723 2695 ad
1745 2640 2068 2703 Galatonem.,
2087 2656 2136 2705 p.
2172 2641 2401 2692 291-292.

103 2741 159 2794 Τὸ
183 2742 347 2811 ἐφοὺδ,
379 2743 516 2813 περὶ
542 2735 605 2796 οῦ
636 2741 830 2809 μαθεῖν
862 2743 1288 2816 περιεζήτησας,
1323 2746 1450 2818 τρία
1483 2764 1583 2818 ση-

59 2834 233 2899 μαίνειν,
262 2834 318 2900 ἐξ
345 2828 420 2890 ὧν
450 2836 800 2907 ἀνέγνωμεν,
827 2837 1089 2908 εὕρομεν·
1127 2838 1185 2892 ἓν
1218 2839 1339 2909 μὲν,
1372 2840 1473 2909 τὴν
1505 2843 1581 2892 ἱε-

58 2927 231 2998 ρατικὴν
261 2932 351 2983 καὶ
386 2929 557 2999 ἁγίαν
590 2930 804 3000 στολὴν,
901 2931 1203 3002 κεχρῆσθαι
1236 2932 1457 3003 θεμιτὸν
1485 2932 1585 2985 οὐκ

1763 2744 1910 2799 Inter
1970 2745 2260 2813 legendum
2313 2745 2734 2799 observavimus
2788 2744 2989 2815 ephod,
3051 2744 3117 2798 de
3173 2758 3288 2814 qua

1686 2853 1823 2893 voce
1855 2839 2186 2905 interrogas,
2224 2836 2330 2890 tria
2366 2836 2719 2905 signiﬁcare:
2754 2836 3027 2907 imprimis
3061 2850 3283 2891 sacram

1692 2939 1747 2985 et
1772 2927 2146 3000 pontiﬁcalem
2202 2927 2425 2991 stolam,
2478 2942 2589 2997 qua
2642 2918 2719 2981 uﬁ
2763 2928 2900 2982 nulli
2952 2928 3128 2992 licuit,
3176 2927 3286 2984 nisi

56 3014 118 3085 ἦν,
141 3021 238 3073 ἀλλ’
265 3022 295 3093 ἦ
323 3025 432 3085 τοῖς
470 3023 680 3091 ἱερεῦσι
713 3024 913 3094 μόνοις.
971 3024 1254 3095 Ἐδηλοῦτο
1290 3025 1347 3078 δὲ
1375 3025 1442 3078 δι’
1480 3025 1581 3077 αὖ·
1615 3062 1624 3107 η

1707 3020 1983 3077 sacerdoti.
2019 3020 2113 3074 llla
2148 3019 2565 3089 signiﬁcabatur
2598 3020 2744 3089 quod
2776 3019 3043 3090 agendum
3080 3029 3199 3075 erat
3228 3020 3285 3075 in

56 3109 126 3176 τῆς
153 3112 203 3164 τὸ
230 3114 523 3184 πρακτέον,
558 3116 642 3183 ἐφ’
678 3108 753 3168 ὧν
790 3116 1106 3187 ἀνθρωπίνη
1142 3116 1327 3187 κρίσις
1355 3115 1415 3169 τὸ
1446 3133 1587 3185 συμ-

56 3197 177 3268 φέρον
202 3201 318 3255 ἰδεῖν
366 3202 676 3273 ἐξησθένει,
706 3197 817 3257 οἷον
864 3206 1172 3277 ἐκεχειρίαν
1209 3206 1397 3260 θέσθαι
1433 3206 1593 3258 πολε-

59 3288 179 3355 μίοις.
210 3293 238 3362 ῆ
273 3293 346 3363 τῷ
371 3294 566 3364 δόρατι
597 3295 695 3367 τὴν
725 3296 821 3349 τοῦ
852 3297 1089 3367 πολέμου
1142 3296 1324 3368 κρίσιν
1367 3297 1591 3369 ἐπιτρέ-

56 3375 142 3442 aint,
166 3382 246 3434 καὶ
268 3382 392 3436 εἴτι
424 3384 561 3439 ἄλλο
586 3385 993 3457 παραπλήσιον.
1035 3387 1197 3440 Ἀλλά
1229 3388 1446 3459 πρῶτον
1495 3388 1597 3458 μὲν

58 3472 398 3542 σημαινόμενον
426 3473 533 3527 τοῦ
571 3476 733 3545 ἐφοὺδ
761 3476 940 3530 τοῦτο.
986 3477 1216 3547 Ἕτερον
1258 3479 1315 3532 δὲ
1355 3478 1596 3551 σχήματί

57 3573 144 3621 πως
163 3562 231 3632 τῷ
256 3565 534 3637 εἰρημένῳ
566 3566 880 3637 παρεοικὸς,
904 3568 1081 3622 κοινὸν
1110 3569 1184 3632 δὲ,
1215 3570 1307 3623 καὶ
1329 3571 1429 3641 οὐχ
1452 3571 1599 3640 ἰερα-

58 3652 201 3703 τικόν·
253 3655 280 3706 ὃ
324 3658 583 3725 φαίνεται
632 3660 728 3712 καί⁵
776 3660 940 3713 Δαϐὶδ
981 3661 1413 3732 ἀμπισχόμενος.
1478 3662 1600 3715 Ἐπί

60 3743 137 3814 γὰρ
158 3748 323 3815 Δαὸὶδ,
361 3750 554 3820 φησὶν,
595 3751 788 3819 Ἐφοὺδ
820 3752 1000 3821 μόνον’
1028 3752 1201 3806 ὃένιοι
1233 3753 1456 3826 (βύσσου
1492 3756 1600 3824 γάρ

60 3836 333 3911 ἐπεποίητοο
368 3843 540 3911 φυτὸν
574 3843 630 3895 δὲ
660 3846 691 3915 ή
727 3843 947 3916 βύσσος)
1006 3846 1199 3916 στολὴν
1233 3848 1297 3900 ἐκ
1340 3848 1439 3917 τῆς
1470 3846 1603 3918 ὕλης

59 3926 296 3998 ὠνόμασαν
340 3933 607 4005 βυσσίνην
632 3952 647 3968 ο
681 3936 731 3987 οἰ
781 3934 837 3987 δὲ
887 3936 966 4007 τῷ
995 3937 1181 4008 τρόπῳ
1227 3940 1325 4009 τῆς
1354 3926 1603 4009 χρήσεως

60 4018 133 4088 τὴν
165 4024 361 4088 γένεσιν
394 4028 641 4089 διδόντες
670 4026 763 4081 τοῦ
805 4028 1069 4100 ὀνόματος
1103 4030 1351 4101 ἐπωμίδα
1400 4048 1460 4084 τε
1508 4032 1604 4084 καὶ

59 4112 305 4186 ἐπένδυμα.
359 4120 525 4191 Παρὰ
574 4120 632 4173 δὲ
672 4119 884 4188 ταῦτα,
942 4122 1054 4175 ἔστι
1100 4123 1194 4176 καὶ
1236 4123 1419 4195 τρίτον
1476 4123 1604 4177 ἰδεῖν

64 4210 449 4280 σημαινόμενον.
472 4212 539 4265 Οἱ
570 4213 678 4284 γὰρ
699 4213 806 4267 τῶν
828 4213 1061 4268 εἰδώλων
1084 4215 1438 4286 θεραπευταὶ,
1463 4216 1606 4270 κατά

64 4298 251 4369 μίμησιν
278 4304 384 4357 τῶν
419 4304 619 4375 ἱερέων
646 4304 742 4357 τοῦ
765 4305 921 4371 Θεοῦ,
945 4309 1057 4370 τοῖς
1081 4307 1231 4377 σφῶν
1256 4306 1461 4378 ίερεῦσι
1487 4326 1606 4362 στοο

1696 3115 1766 3170 iis
1791 3114 1979 3177 rebus,
2026 3129 2136 3183 quo
2168 3113 2458 3169 consilium
2498 3114 2797 3167 humanum
2832 3113 3141 3183 pertingere
3172 3128 3283 3167 non

1696 3215 1933 3279 poterat,
1966 3222 2182 3276 nempe,
2221 3222 2289 3260 an
2324 3222 2353 3260 a
2384 3205 2542 3261 bellis
2567 3205 2933 3271 cessandum,
2986 3221 3055 3260 an
3095 3207 3287 3275 praelia

1697 3313 1815 3357 erat
1839 3300 2339 3366 decertandum,et
2390 3298 2636 3353 similia?
2697 3298 2763 3353 Et
2798 3299 2915 3354 haec
2974 3299 3290 3370 principalis

1697 3392 1879 3463 ephod
1901 3390 2251 3460 signiﬁcatio.
2286 3387 2563 3455 Secunda,
2596 3390 2928 3460 praecedenti
2954 3389 3070 3446 fere
3096 3392 3291 3446 eadem

1699 3492 1819 3539 erat
1848 3482 2023 3537 forma
2048 3482 2259 3551 ephod,
2285 3498 2422 3537 usus
2453 3482 2781 3548 communis,
2813 3495 2868 3537 et
2895 3499 3005 3537 non
3033 3484 3295 3539 sacerdo-

1704 3580 1828 3635 talis
1876 3597 1889 3634 :
1953 3593 2020 3634 eo
2073 3578 2311 3634 amictus
2387 3577 2605 3633 videtur
2658 3578 2861 3645 David;
2926 3580 3003 3633 ait
3068 3579 3220 3634 enim
3275 3596 3290 3633 :

1701 3669 1889 3739 Ephod
1938 3678 2060 3726 erat
2126 3685 2294 3740 super
2331 3670 2522 3736 David,
2560 3672 2705 3741 quod
2759 3686 2791 3725 e
2856 3671 3019 3742 bysso
3056 3671 3219 3725 ﬁebat
3248 3672 3295 3703 "

1704 3765 1845 3834 (erat
1897 3773 2080 3817 autem
2139 3762 2335 3832 byssus
2392 3763 2633 3832 planta)’:
2697 3762 2895 3817 stolam
2930 3777 2998 3817 ex
3053 3762 3144 3817 illa
3172 3778 3294 3817 ma-

1705 3855 1844 3910 teria
1897 3854 2203 3910 confectam
2245 3854 2525 3924 byssinam
2574 3854 2936 3909 nominabant
2996 3872 3011 3908 :
3077 3863 3133 3908 at
3191 3856 3288 3925 qui

1704 3946 1946 4001 nominis
1977 3945 2271 4015 originem,
2308 3960 2442 4000 usus
2471 3945 2638 4000 modo
2662 3953 2716 4001 et
2755 3945 2948 4000 formae
2985 3946 3291 4012 ascribunt,

1709 4046 1909 4094 vocant
1936 4036 2214 4108 epomida,
2246 4045 2301 4093 et
2324 4039 2657 4107 epcnduma.
2710 4036 2807 4092 Est
2837 4046 2890 4092 et
2921 4038 3081 4091 tertia
3113 4037 3297 4092 adhuc

1707 4131 1855 4187 illius
1887 4130 2217 4202 signiﬁcatio
2259 4148 2272 4185 :
2336 4130 2611 4185 idolorum
2650 4130 2914 4195 cultores,
2949 4131 3003 4185 in
3030 4131 3294 4186 imitatio-

1710 4236 1831 4277 nem
1868 4222 2216 4276 saccrdowm
2254 4218 2373 4284 Dei,
2424 4218 2801 4275 sacerdotibus
2830 4218 2994 4271 etiam
3028 4218 3144 4274 suis
3183 4229 3299 4274 sto-

1710 4314 1791 4371 las
1849 4314 2359 4386 appropriaverunt,
2415 4323 2685 4369 texturam
2734 4328 2923 4390 earum
2981 4314 3034 4367 in
3067 4312 3296 4383 ﬁguram

61 4384 133 4477 id;
153 4392 532 4467 ἀφωρισμένας
570 4397 812 4452 ἐτίθεντο
842 4400 922 4462 είς
960 4399 1148 4470 σχῆμα
1190 4399 1285 4453 τοῦ
1324 4401 1509 4470 ἐφοὺδ,
1543 4401 1605 4455 τὸ

1711 4384 2365 4477 θριιοιίηοοηίοιιηαηιεε,
2412 4420 2527 4459 rem
2568 4386 2786 4475 quoque
2825 4405 2999 4474 ipsam
3031 4415 3300 4460 vocarunt

62 4476 244 4555 ῧςατμα
273 4489 734 4560 περιγράφοντες,
767 4492 860 4544 καὶ
881 4491 979 4563 τὴν
1010 4493 1202 4563 κλῆσιν
1232 4492 1441 4547 ἐκεῖθεν
1473 4493 1604 4564 μεθ-

62 4570 285 4646 ἕλκοντες,
314 4582 486 4649 ἐφοὺδ
519 4583 611 4636 καὶ
631 4582 764 4637 αὐτὸ
799 4585 1227 4656 προσηγόρευον.
1276 4586 1603 4657 Ἐκέχρηντό

60 4680 105 4717 τε
140 4669 207 4741 τῷ
244 4675 550 4745 μιμήματι,
584 4675 652 4728 δι’
676 4675 843 4729 αὐτοῦ
871 4676 940 4729 τά
971 4676 1255 4748 δαιμόνια·
1302 4679 1395 4732 καὶ
1448 4678 1604 4732 αὐτοὶ

63 4756 401 4831 ἐπερωτῶντες
438 4769 524 4830 εἰς
555 4768 652 4837 τὴν
687 4768 795 4821 τῶν
826 4769 1113 4839 πρακτέων
1150 4769 1478 4839 κατάληψιν,
1515 4769 1610 4824 καὶ

62 4856 212 4925 καινὸν
259 4861 441 4914 οὐδέν’
480 4860 671 4933 ὥσπερ
719 4861 827 4932 γὰρ
876 4862 957 4927 τὸ,
1003 4861 1156 4927 Θεὸς,
1192 4863 1384 4933 ὄνομα,
1418 4864 1513 4917 καὶ
1549 4863 1610 4916 τὸ

61 4943 237 5015 ἀληθῶς
266 4951 336 5023 [c.
374 4952 482 5026 ιιι]
508 4953 638 5008 ὄντα
680 4956 954 5027 σημαίνει,
988 4955 1212 5027 ἐφέρετο
1243 4956 1299 5010 δὲ
1329 4956 1424 5011 καὶ
1467 4957 1609 5011 κατὰ

61 5034 145 5091 τῶν
166 5042 529 5116 ψευδωνύμων
558 5047 850 5121 δαιμονίων
875 5064 890 5080 ο
919 5046 1061 5101 οὕτω
1091 5048 1185 5102 καὶ
1220 5048 1281 5102 τὸ
1321 5048 1485 5117 ἐφοὺδ
1531 5050 1610 5111 εἰς

62 5124 253 5203 διάφορα
279 5137 573 5209 διαιρεῖται
610 5139 1007 5210 σημαινόμενα.
1040 5140 1115 5193 Οὐ
1136 5140 1216 5204 τὸ,
1245 5140 1399 5205 Θεὸς,
1429 5140 1485 5193 δὲ
1516 5141 1611 5211 μό-

62 5231 130 5269 νον
157 5222 315 5296 ὄνομα
348 5228 491 5300 πρὸς
511 5229 768 5282 τάναντία
805 5228 1107 5300 μερίζεται,
1143 5230 1279 5284 ἀλλὰ
1307 5230 1400 5283 καὶ
1424 5230 1488 5283 τὸ
1514 5232 1609 5283 Ὃν

64 5312 138 5364 καί
163 5316 217 5367 τὸ
246 5320 549 5391 κάδδησιμο
580 5321 788 5375 τούτων
815 5321 924 5393 γὰρ
953 5322 1234 5393 ἑκάτερον,
1265 5322 1358 5375 καὶ
1388 5323 1479 5374 τὸν
1509 5339 1607 5374 κυ-

1709 4496 1908 4566 ephod.
1959 4495 2119 4551 Hane
2156 4494 2517 4550 imitationem
2568 4495 2940 4550 adhibuerunt
2968 4494 3294 4551 daemones:

1709 4588 1803 4658 qui
1836 4587 1975 4642 nihil
1998 4586 2123 4641 novi
2148 4587 2213 4642 ad
2239 4601 2354 4642 rem
2389 4585 2801 4657 intelligendam
2847 4587 3197 4643 attulerunt:
3236 4595 3299 4642 ut

1708 4696 1933 4746 nomen,
1956 4682 2120 4747 Deus,
2146 4692 2274 4735 vere
2302 4678 2657 4735 exsistentem
2691 4680 2982 4751 signiﬁcat,
3011 4690 3067 4735 at
3091 4681 3158 4735 de
3181 4680 3294 4736 dae-

1711 4773 1971 4828 monibus
2019 4771 2176 4828 falsis
2230 4770 2339 4827 diis
2394 4781 2737 4842 usurpatur,
2792 4773 2874 4827 sic
2924 4782 2979 4828 et
3021 4774 3198 4843 ephod
3240 4774 3296 4829 in

1719 4865 1872 4919 varia
1922 4864 2228 4934 signiﬁcata
2290 4865 2658 4920 distribuitur.
2707 4864 2895 4934 Neque
2918 4880 3115 4920 nomen
3140 4865 3293 4933 illud,

1713 4952 1875 5018 Deus,
1910 4960 2126 5007 tantum
2166 4953 2220 5007 in
2271 4954 2639 5024 discrepantia
2689 4954 2972 5020 dividitur,
3018 4956 3113 5009 sed
3146 4954 3208 5009 δν
3242 4964 3299 5009 et

1712 5045 1987 5116 κάδδησιμ
2041 5054 2272 5115 utraque
2323 5061 2451 5110 vox,
2510 5058 2563 5101 et
2592 5046 2813 5116 prOprie
2844 5062 2965 5114 ens,
2989 5058 3047 5101 et
3078 5047 3302 5117 proprie

1714 5148 1966 5194 sanctum
2026 5137 2302 5207 signiﬁcat
2334 5156 2346 5191 :
2403 5147 2458 5194 et
2501 5153 2613 5193 non
2642 5138 2802 5193 aliter
2836 5154 3001 5208 quam
3031 5138 3232 5209 ephod,
3263 5154 3297 5193 a

1722 5229 2086 5286 servientibus
2113 5230 2399 5286 daemoniis
2444 5231 2511 5286 ad
2562 5232 2828 5287 honorem
2855 5246 3046 5287 eorum
3078 5233 3169 5300 qui
3203 5246 3297 5285 co-

1721 5321 1908 5403 luntur
1938 5322 2197 5375 trahitur.
2233 5320 2314 5376 Tu
2346 5330 2530 5377 autem
2568 5337 2798 5393 corpore
2836 5334 2889 5379 et
2913 5324 3094 5377 anima
3155 5324 3294 5376 vale.

66 5406 169 5472 ρίως
194 5413 314 5469 ὄντα
335 5458 348 5482 ,
413 5419 508 5471 καί¹
569 5418 779 5489 κυρίως
806 5419 980 5488 ἅγιον,
1034 5419 1216 5490 δηλοῖ·
1246 5419 1342 5474 καὶ
1368 5420 1479 5481 τοῖς
1517 5417 1837 5488 λατρευταῖς
1871 5416 1979 5471 τῶν
2021 5417 2317 5487 δαιμόνων,
2352 5419 2448 5473 ἐπὶ
2475 5423 2608 5490 τιμῇ
2633 5422 2744 5473 τῶν
2767 5418 2980 5475 οἰκείων
3013 5416 3299 5488 σεϐασμά-

65 5507 169 5564 των,
194 5502 308 5555 καθ’
328 5505 388 5557 ὃν
415 5504 484 5574 δὴ
540 5508 740 5577 τρόπον
806 5508 902 5561 καὶ
962 5508 1025 5561 τὸ
1063 5508 1247 5578 ἐφοὺδ,
1312 5510 1725 5579 μετενήνεκται.
1762 5507 1834 5561 Σὺ
1862 5507 1921 5561 δέ
1953 5524 2045 5578 μοι
2071 5507 2219 5581 ψυχῇ
2244 5509 2338 5564 καὶ
2365 5510 2577 5582 σώματι
2600 5510 2827 5583 ἔρρωσο.

125 5704 162 5737 ⁷⁸
181 5706 216 5762 ll
234 5707 411 5768 Paral.
450 5730 536 5781 xv,
569 5716 655 5773 27.
762 5726 785 5733 ‘
