3846 6188
567 294 675 360 635

604 401 937 474 QUESTIO
966 399 1080 459 cm
1130 399 1319 474 [CoisL
1350 396 1603 455 cetxw
1634 397 1800 452 Taur.
1831 397 2105 468 CCLVII].
2171 403 2219 458 Α

569 500 845 567 Quomodo
890 512 994 550 non
1039 502 1118 548 est
1173 493 1499 567 contrarium
1749 488 2016 567 «Oculum
2046 505 2141 567 pio

639 569 790 624 oculo
820 575 870 622 et
900 567 1106 620 dentem
1148 580 1242 632 pro
1293 565 1464 626 dente,
1497 580 1516 614 ι
1547 560 1924 632 illisententiw
1956 574 1976 632 ι
2020 557 2141 632 (Si

639 640 757 709 quis
788 646 836 691 te
865 629 1182 709 percugaerit
1212 635 1265 686 iu
1297 649 1456 686 unam
1480 631 1784 695 maxillam,
1814 631 2022 699 porrige
2058 629 2140 682 illi

641 703 689 762 et
727 703 953 762 alterum
995 703 1132 775 (20).
1178 722 1197 755 ι

1720 261 1984 345 PHOTII
2012 274 2516 342 PATRIARCHAE
2555 281 2664 343 ce.
3666 289 3744 353 ωδ

2787 389 3125 446 ΕΡΩΤΗΣΙΣ
3155 392 3270 446 Pl".

2250 485 2381 552 Πῶς
2426 487 2538 539 οὐκ
2597 483 2777 554 ἐστιν,
2815 483 3097 554 ἐναντίον
3136 482 3203 554 τὸ
3234 502 3276 554 γι
3306 483 3610 554 Ὀφθαλμὸν
3650 488 3748 544 ἀντὶ

2320 554 2632 624 ὀφθαλμοῦ
2689 553 2811 626 καί
2843 553 3070 626 ὀδόν-ἰνα⁸
3117 552 3249 626 ἀντὶ
3303 552 3552 626 dada-ree,
3593 574 3610 607 ι
3639 565 3750 626 πρές

2319 621 2407 690 te,
2430 645 2446 675 ι
2461 621 2660 690 Ὅστις
2691 640 2768 677 σε
2775 624 3026 694 paratast
3047 622 3146 676 ἐπὶ
3171 621 3287 692 τὴν
3309 624 3504 689 δεξιὰν
3522 621 3740 694 σιατόὲα,

2321 695 2591 764 στρέψον
2627 694 2726 747 καὶ
2755 696 2870 760 τὴν
2897 693 3119 759 ἄλλην.
3168 713 3186 744 ι

1240 814 1382 866 Edita
1405 827 1431 863 a
1457 808 1773 872 Monlacutio,
1799 823 1878 873 ep.
1909 809 2018 868 196,
2044 809 2108 859 ad
2133 812 2151 860 t

2256 810 2399 867 tant,
2427 817 2478 867 p.
2501 803 2609 853 29L
2637 802 2692 852 In
2717 803 2890 853 Matth.
2917 815 2962 863 ν,
2983 803 3062 863 38,
3084 801 3162 852 59.

640 928 752 983 Lex
807 925 898 980 illa
941 938 1047 993 qua
1083 922 1425 994 praecipitur,
1464 938 1482 971 ι
1524 918 1730 974 Oculus
1752 935 1852 989 pro
1879 919 2061 984 oculo,
2096 927 2150 973 et

568 1019 705 1073 dens
744 1031 842 1086 pro
874 1015 1035 1069 dente
1074 1030 1120 1080 ι,
1155 1027 1265 1067 non
1301 1014 1637 1077 adversatur,
1666 1019 1725 1065 ut
1749 1011 1988 1082 imperiti
2023 1011 2145 1080 qui-

567 1109 693 1164 dam
726 1105 1084 1167 arbitrantur,
1113 1105 1210 1168 illi,
1246 1122 1264 1154 ι
1309 1101 1366 1155 Si
1398 1102 1524 1172 quis
1571 1108 1622 1156 te
1651 1101 1704 1155 in
1739 1117 1903 1157 unam
1941 1101 2142 1156 malam

568 1200 922 1271 percusserit,
955 1200 1178 1254 obverte
1231 1196 1307 1250 illi
1349 1205 1404 1249 et
1441 1195 1722 1258 alteram,»
1759 1203 1815 1250 et
1857 1209 1978 1265 quae
2017 1202 2146 1250 sunt

569 1292 692 1362 ejus
729 1291 964 1362 generis.
1005 1289 1132 1345 Herc
1160 1290 1306 1345 enim
1343 1287 1584 1356 judicem
1621 1295 1765 1343 recte
1789 1285 2055 1356 disponit,
2091 1297 2146 1342 et

569 1383 686 1452 lege
715 1385 822 1438 lata
852 1381 1105 1448 intendit,
1137 1389 1196 1437 ut
1225 1379 1552 1452 impartialis
1582 1380 1653 1435 sit
1680 1394 1808 1450 erga
1849 1379 2143 1448 litigantes,

2329 915 2444 968 Οὐκ
2473 913 2620 966 ἔστιν
2643 913 2907 975 ἐναντίον,
2939 911 3015 974 ὼς
3049 911 3195 978 ἔδοξέ
3225 930 3337 967 τισι
3365 913 3468 968 τῶν
3502 915 3566 986 μὴ
3594 934 3752 989 σωφρο-

2252 1005 2508 1068 νούντων,
2547 1006 2602 1075 ἡ,
2645 1024 2663 1056 ι
2711 1003 3023 1074 Ὀφθαλμὸν
3058 1005 3178 1058 ἀντὶ
3207 1004 3500 1075 ὀφθαλμοῦ,
3521 1009 3600 1060 καὶ
3617 1010 3752 1064 ὀδόντα

2251 1100 2371 1154 ἀντὶ
2387 1099 2622 1164 ὀδόντος,
2647 1116 2666 1149 ι
2701 1097 3028 1167 ζημιοῦσθαι
3067 1099 3480 1168 προστάσσουσα
3509 1101 3752 1171 νομοθεσία,

2253 1192 2389 1260 πρὸς
2421 1191 2521 1260 τὴν
2544 1189 2771 1260 γνώμην
2789 1205 2802 1218 ·
2831 1189 3055 1252 (Ὅστις
3082 1205 3141 1241 σε
3167 1189 3387 1259 ραπίσει
3417 1190 3503 1242 ἐπὶ
3517 1191 3601 1261 τὴν
3623 1193 3754 1256 δεξιὰν

2254 1276 2498 1344 σιαγόνα,
2548 1276 2780 1346 στρέψον
2835 1275 2986 1346 αὐτῷ
3025 1277 3116 1330 καὶ
3150 1276 3251 1344 τὴν
3290 1277 3472 1347 ἀλλην,
3507 1297 3525 1328 ι
3556 1281 3634 1332 καὶ
3671 1283 3752 1335 ὅσαι

2251 1367 2424 1439 ταύτῃ
2479 1366 2879 1438 παραπλήσιοι.
2902 1366 2965 1418 Ἡ
3004 1366 3104 1436 μὲν
3135 1367 3244 1439 γὰρ
3284 1368 3372 1420 τὸν
3409 1369 3582 1438 κριτὴν
3608 1372 3753 1441 ῥυθμί-

568 1483 622 1530 et
653 1475 910 1546 injuriam
959 1490 1122 1546 passo
1165 1483 1223 1530 ut
1269 1474 1524 1540 satisﬁat,
1576 1471 1670 1541 qui
1719 1485 1938 1540 poenam
1973 1471 2148 1540 poscit

2256 1459 2356 1527 ζει,
2411 1460 2505 1513 καὶ
2538 1458 2678 1526 πρὸς
2732 1459 2896 1512 αὑτὸν
2943 1461 3316 1525 ἀποτείνεται,
3345 1460 3615 1514 ἀδέκαστον
3639 1463 3754 1516 αὑτὸν

567 1566 919 1637 inlligeudam
978 1566 1235 1622 allicienti
1283 1566 1509 1637 injuria.
1547 1565 1733 1618 Altera
1762 1577 1864 1616 nec
1899 1561 2143 1630 judicem

567 1659 810 1729 respicit,
841 1674 1018 1730 neque
1061 1659 1148 1714 lex
1171 1668 1287 1725 est;
1321 1659 1395 1713 ita
1423 1657 1570 1712 enim
1602 1658 2015 1722 contrairetur;
2049 1655 2148 1711 sed

568 1749 824 1819 injuriam
845 1750 937 1818 qui
961 1749 1186 1819 patitur,
1219 1749 1286 1804 ad
1316 1747 1634 1804 comitatem
1666 1749 1879 1815 incitat,
1905 1756 1960 1802 et
1990 1762 2146 1803 com-

567 1840 883 1909 passionem
932 1839 1242 1896 informat:
1289 1840 1455 1910 idque
1505 1843 1640 1911 agit,
1693 1851 1752 1896 ut
1805 1841 2148 1896 iracundiam

567 1940 791 2000 superet
835 1941 891 1986 et
931 1931 1197 2001 furorem,
1261 1933 1553 1989 consilium
1609 1933 2046 2004 pliilosopliieum
2097 1939 2151 1986 ct

569 2025 988 2079 accommodum
1043 2024 1334 2080 adhibens.
1396 2024 1532 2079 Nam
1581 2025 1666 2080 vel
1704 2040 1814 2079 non
1865 2029 2152 2094 recuperat

569 2116 716 2184 quod
763 2116 1008 2171 ablatum
1053 2124 1140 2172 est
1187 2117 1258 2171 ab
1305 2132 1418 2172 eo:
1466 2125 1562 2171 aut
1591 2119 1635 2171 si
1671 2123 1978 2186 recuperet,
2005 2114 2150 2170 haud

569 2207 872 2277 possidebit
919 2209 1040 2279 plus
1097 2223 1260 2279 quam
1311 2209 1379 2264 ab
1431 2208 1585 2263 initio
1616 2208 1870 2264 habebat.
1925 2207 2031 2263 Sed
2058 2206 2153 2278 qui

569 2314 669 2370 per
700 2300 1040 2354 tolerantiam
1067 2338 1083 2366 ,
1154 2303 1463 2356 comitatem
1496 2342 1511 2366 ,
1573 2310 1627 2355 et
1673 2301 2110 2370 eompassionem
2135 2339 2151 2365 ,

571 2391 858 2446 inimicum
901 2401 1146 2462 superat,
1192 2402 1315 2462 post
1369 2392 1679 2455 victoriam,
1736 2400 2150 2446 monumentum

572 2485 675 2540 sibi
743 2486 975 2541 suscitat
1017 2485 1326 2541 immortale
1366 2485 1585 2540 virtutis
1616 2500 1765 2548 sum,
1818 2492 1875 2540 et
1904 2483 2155 2539 Iudicem

572 2576 940 2630 universalem
999 2576 1299 2646 propitium
1354 2575 1457 2630 sibi
1519 2583 1574 2630 et
1634 2573 1905 2644 placatum
1952 2573 2154 2640 reddit,

574 2665 798 2735 dignum
824 2681 881 2720 se
905 2681 1220 2735 praeparans
1237 2666 1328 2737 qui
1351 2665 1588 2736 patiatur
1613 2666 1728 2730 illa,
1755 2681 1878 2736 qua:
1897 2664 1949 2720 in
1977 2663 2160 2735 proxi-

572 2767 722 2807 mum
773 2754 1107 2808 intendebat.

2249 1552 2362 1614 τοῖς
2394 1550 2736 1622 κρινομένοις
2765 1549 3033 1621 παρέχειν
3060 1550 3429 1620 νομοθετοῦσα
3446 1589 3461 1616 ,
3481 1555 3567 1606 καὶ
3583 1554 3647 1622 τῷ
3671 1555 3753 1608 ἁδι-

2248 1641 2499 1712 κουμένῳ
2551 1644 2836 1712 τιμωρεῖν,
2869 1641 2969 1713 τὴν
3004 1643 3128 1712 ῐσην
3154 1643 3483 1697 ἀπαιτοῦντα
3503 1646 3666 1715 ποινὴν
3689 1646 3752 1698 τὸν

2248 1734 2567 1805 ἠδικηκότα.
2614 1733 2680 1788 Ἡ
2707 1733 2786 1799 δὲ,
2820 1733 2881 1787 οὐ
2929 1733 3030 1804 μὲν
3074 1730 3170 1788 οὖν
3216 1736 3318 1788 οὐκ
3361 1734 3500 1788 ἐστιν
3542 1736 3653 1807 πρὸς
3691 1738 3754 1790 τὸν

2250 1829 2467 1898 κριτὴν,
2504 1825 2627 1880 οὐδέ
2676 1825 2859 1896 νόμος,
2897 1826 3019 1879 οὐδὲ
3077 1826 3276 1880 πολλοῦ
3326 1843 3388 1895 γε
3433 1828 3520 1880 καὶ
3541 1827 3754 1881 δεῖοοῦτω

2251 1918 2361 1989 γὰρ
2382 1917 2448 1971 ἂν
2475 1913 2544 1990 ἦν
2569 1918 2814 1972 ἐναντίον
2833 1933 2847 1948 ·
2882 1919 3018 1971 ἀλλά
3061 1918 3153 1973 τὸν
3205 1919 3516 1990 ἀδικηθέντα
3562 1924 3756 1988 παραινεῖ

2253 2010 2334 2072 εἰς
2352 2008 2658 2062 ἐπιείκειαν
2679 2009 2774 2061 καὶ
2800 2008 3146 2078 συμπάθειαν
3167 2008 3527 2078 ἐπαλείφουσα
3546 2010 3754 2078 καὶκρεὲτ·

2252 2121 2383 2158 τονα
2414 2100 2913 2174 παρασκευάζουσα
2953 2101 3126 2170 ὀργῆς
3185 2103 3282 2154 καὶ
3325 2098 3490 2169 θυμοῦ
3522 2099 3754 2169 φιλοσόφως

2254 2198 2377 2252 λίαν
2409 2198 2502 2251 καὶ
2529 2194 2820 2266 ὠφελίμως
2851 2192 3222 2264 είσηγουμένη
3260 2193 3359 2263 τὴν
3405 2192 3680 2262 συμϐουλήν.
3704 2193 3753 2244 'n

2259 2290 2359 2360 μὲν
2394 2289 2502 2359 γὰρ
2533 2287 2798 2360 στερηθὲν
2824 2286 2857 2357 ἢ
2885 2285 2984 2339 οὐκ
3023 2283 3173 2338 ἐστιν
3212 2283 3526 2349 ἀναλαϐεῖν,
3554 2284 3581 2354 ἦ
3609 2282 3753 2336 ἀναλα-

2257 2381 2423 2435 ϐόντα
2453 2381 2602 2436 οὐδὲν
2633 2380 2793 2434 πλέον
2820 2379 2970 2432 ἐστὶν
2997 2377 3091 2430 τοῦ
3125 2377 3365 2447 ἐξαρχῆς
3394 2374 3687 2447 πῳσλαὸεῖν.
3713 2375 3751 2426 '0

2256 2473 2314 2527 δὲ
2335 2473 2405 2526 δι’
2440 2472 2742 2536 ἐπιεικείας
2769 2472 2867 2526 καὶ
2916 2468 3245 2540 συμπαθοῦς
3296 2466 3510 2538 γνώμης
3537 2465 3755 2537 περιγεγό-

2257 2565 2366 2630 νὼς
2391 2565 2487 2620 τοῦ
2517 2563 2739 2636 ἐχθροῦ,
2778 2562 2917 2634 μετὰ
2946 2560 3041 2614 τοῦ
3076 2562 3302 2632 νικῆσαι
3325 2559 3572 2631 λαμπρῶς
3588 2558 3755 2613 καὶὰείο

2265 2673 2508 2730 μνηστον
2544 2657 2642 2726 τῆς
2673 2654 2873 2725 ἀρετῆς
2909 2653 3116 2725 ἐγείρει
3151 2656 3439 2724 μνημεῖον,
3469 2654 3550 2705 καὶ
3576 2651 3649 2703 τὸν
3674 2666 3753 2703 κοι-

2261 2751 2350 2805 νὸν
2373 2749 2564 2821 κριτὴν
2591 2748 2840 2801 εὺῒλατον
2863 2747 3041 2815 ἐαυτῷ
3063 2746 3158 2800 καὶ
3185 2747 3388 2817 εὐμενῆ
3402 2742 3750 2817 παρασκευάζει,

572 2845 757 2897 ἐκεῖνα
783 2844 978 2898 παθεῖν
1006 2844 1198 2898 ἑαυτὸν
1215 2845 1363 2910 ἄξιον
1383 2845 1734 2916 εὐτρεπίσας,
1761 2844 1796 2899 ἃ
1824 2843 2149 2918 προσλαϐὼν
2184 2842 2350 2905 αὐτὸς
2379 2841 2458 2912 τῷ
2482 2839 2713 2911 πλησίον
2748 2838 3082 2905 ἐπεδείξατο.

573 2935 906 3003 ρυίΕΒΤιο
932 2935 1044 2992 (ριν
1079 2929 1266 3010 [ϐὅὶσι.
1307 2937 1605 2999 CCLXV’II,
1642 2937 1806 2992 Taur.
1838 2937 2144 3010 CCLVIII].

2818 2934 3157 2987 ΕΡΩΤΗΣΙΣ
3185 2935 3307 2989 ΡΔ’.

575 3051 715 3102 Edita
755 3067 782 3102 a
820 3051 1153 3114 Montacutio,
1187 3065 1270 3116 ep.
1313 3054 1434 3116 205,
1469 3053 1533 3103 ad
1561 3053 1806 3106 Tlieodor.
1845 3054 2067 3165 [regamur
2099 3070 2151 3119 p.

2066 3131 2151 3166 unc

2256 3052 2452 3178 )élfOl.
2496 3053 2570 3102 De
2611 3051 2769 3102 Abele
2797 3052 2931 3112 justo
2971 3059 3086 3102 ante
3111 3060 3423 3114 peceatorem
3463 3050 3750 3101 Adamumritz

2256 3120 2290 3180 l°
2361 3153 2373 3164 -

2066 3122 2214 3166 aucto
2251 3120 2324 3166 ((21
2341 3123 2373 3166 l.

658 3218 932 3276 Secretior
953 3221 1135 3278 omnis
1175 3231 1228 3277 et
1267 3221 1587 3292 profundior
1609 3239 1786 3280 causa:
1814 3225 1978 3290 ratio,
2007 3226 2152 3296 apud
2181 3229 2226 3290 C

575 3312 747 3368 Deum
789 3323 1086 3383 seponatur
1115 3331 1128 3367 :
1157 3314 1250 3369 sed
1285 3314 1341 3368 in
1377 3324 1645 3384 quantum
1698 3315 1940 3372 humano
1971 3317 2154 3388 captui

576 3407 1146 3475 comprehendendam
1177 3405 1308 3462 dare
1339 3408 1527 3473 voluit,
1556 3407 1701 3462 illam
1723 3423 1823 3480 ego
1843 3410 2152 3478 attulerint;

575 3500 722 3570 quod
749 3499 952 3553 idcirco
973 3499 1193 3554 Abelem
1216 3500 1390 3554 virum
1420 3499 1651 3570 justum,
1671 3501 1880 3556 Adamn
1895 3504 2153 3572 priorem,

579 3606 704 3647 cum
759 3598 940 3644 tamen
973 3593 1226 3660 princeps
1258 3591 1305 3647 is
1339 3601 1679 3661 peccaverat,
1738 3604 1793 3648 et
1825 3595 2154 3648 sententiam

577 3683 698 3737 ideo
731 3683 924 3736 mortis
949 3691 1254 3752 acceperat,
1277 3685 1436 3738 morti
1463 3685 1725 3740 traditum
1752 3687 1946 3754 voluit,
1978 3689 2154 3758 utqui

577 3777 751 3832 reatui
784 3777 1122 3848 subjacebat,
1179 3794 1275 3848 per
1298 3787 1353 3834 et
1389 3779 1442 3834 in
1469 3781 1584 3836 lilio
1610 3797 1712 3838 suo
1736 3781 2013 3853 inculpato
2041 3798 2158 3838 ma-

573 3869 753 3939 jorem
804 3870 1080 3924 tristitiam
1134 3871 1446 3942 conciperet
1499 3873 1722 3939 animo,
1784 3881 1838 3928 et
1889 3873 2154 3944 majorem

577 3969 912 4016 monstraret
957 3963 1377 4032 paenitentiam;
1425 3964 1499 4017 ita
1547 3972 1608 4017 ut
1648 3979 1774 4018 cum
1803 3963 2054 4029 minimo,
2098 3964 2152 4017 in

576 4061 842 4123 quantum
895 4052 1010 4107 ﬁeri
1043 4053 1244 4122 potuit,
1299 4054 1760 4123 transgressionis
1812 4055 1994 4110 debito
2028 4055 2155 4110 hinc

576 4147 841 4201 transiret
879 4163 892 4199 :
944 4145 1143 4200 deinde
1176 4154 1235 4201 ut
1259 4155 1484 4216 puteum
1522 4147 1672 4200 illum
1701 4147 1897 4202 mortis
1923 4147 2155 4218 profun-

575 4237 728 4303 dum,
760 4252 855 4308 per
879 4237 1014 4306 justi
1044 4237 1281 4293 hominis
1306 4253 1372 4292 eo
1423 4238 1705 4293 introitum
1736 4239 1934 4308 injuria
1974 4241 2152 4296 aliecti

577 4337 859 4398 receptum
911 4328 1165 4409 redderet
1217 4329 1496 4398 putridum
1543 4339 1596 4384 et
1627 4330 1866 4385 inanem.
1927 4331 2079 4397 Quod
2106 4332 2153 4388 si

577 4435 702 4473 eum
759 4419 849 4486 qui
903 4431 1126 4489 peccato
1171 4435 1299 4475 reus
1357 4419 1462 4474 fuit
1495 4421 1797 4491 principem
1829 4423 2147 4493 recepisset,

574 4512 792 4565 ﬁrmum
834 4510 1161 4582 subjecisset
1196 4511 1247 4567 ei
1296 4511 1701 4568 ﬁrmamentum
1735 4531 1748 4566 :
1799 4517 1891 4571 sed
1923 4517 2150 4586 abrepto

2347 3222 2408 3276 Ὀ
2449 3221 2550 3291 μὲν
2592 3220 3032 3293 ἀποῤῥητότερος
3059 3219 3153 3273 καὶ
3188 3220 3475 3291 βαθύτερος
3505 3221 3590 3290 τῆς
3629 3219 3756 3278 αἰτίας

2259 3315 2417 3384 λόγος
2443 3313 2680 3368 ἀνείσθω
2729 3313 2847 3384 Θεῷ
2873 3330 2886 3344 ο
2921 3313 2981 3380 ἐξ
3015 3307 3091 3367 ὧν
3137 3330 3204 3383 γε
3250 3313 3479 3377 διανοίας
3524 3312 3754 3382 ἀνθρώπων

2259 3409 2431 3463 ἔδωκε
2455 3409 2709 3478 γενέσθαι
2735 3408 2937 3480 ληπτὰ,
2960 3409 3163 3479 φαμὲν,
3181 3409 3258 3470 ὡς
3274 3409 3359 3464 διὰ
3379 3407 3522 3460 τοῦτο
3542 3405 3618 3456 τὸν
3639 3403 3755 3456 ’Λίελ

2257 3503 2466 3556 δίκαιον
2516 3503 2663 3569 ὄντα,
2714 3506 2821 3576 πρὸ
2874 3506 2967 3560 τοῦ
3017 3505 3461 3578 ἐξημαρτηκότος
3499 3503 3757 3572 Ἀδᾶμ,καὶ

2256 3596 2358 3666 τήν
2414 3595 2692 3666 ἀπόφασιν
2743 3596 3073 3667 δεξαμένου,
3106 3597 3480 3669 συνεχώρησεν
3501 3596 3568 3659 είς
3589 3594 3758 3646 θάνατον

2257 3685 2433 3739 ἐλθεῖν
2460 3703 2476 3720 ο
2509 3688 2596 3740 ἵνα
2627 3687 2818 3757 μαθὼν
2838 3689 2866 3740 ὁ
2893 3688 3149 3752 ὑπόδικος
3180 3691 3240 3742 ἐν
3287 3689 3361 3760 τῷ
3389 3686 3629 3756 ἀνευθύνῳ
3651 3684 3758 3736 παιδὶ

2257 3777 2573 3848 τὸ,φοϐερὸν
2603 3777 2699 3832 τοῦ
2742 3779 3019 3850 ἐπιτιμίου
3061 3781 3157 3832 καὶ
3193 3780 3447 3850 ἄφυκτον,
3483 3778 3622 3832 πλέον
3657 3772 3758 3826 τετὸ

2257 3866 2422 3934 ἄλγος
2476 3866 2806 3938 είσδέξηται,
2840 3869 2934 3920 καὶ
2983 3871 3082 3938 τὴν
3123 3870 3412 3938 μετάνοιαν
3462 3864 3753 3933 ἐπιδείξητ²ι’

2259 3956 2512 4009 κάκεῖθεν
2547 3957 2767 4010 ἔλαττον
2816 3957 3029 4028 ἀπέλθῃ
3082 3959 3185 4028 τῆς
3235 3957 3577 4031 παραϐάσεως
3627 3969 3753 4024 χρεω-

2259 4049 2401 4102 στῶν
2434 4065 2450 4083 ’
2514 4049 2596 4103 ἔτι
2642 4050 2722 4116 δέ,
2748 4051 2840 4103 καὶ
2891 4050 2978 4103 ἵνα
3009 4050 3102 4104 τοῦ
3135 4049 3371 4105 θανάτου
3409 4051 3466 4104 τὸ
3493 4049 3675 4120 βάθρον,
3693 4043 3755 4095 τὸν

2257 4140 2589 4212 ἠδικημένον
2617 4141 2832 4212 πρῶτον
2866 4142 3164 4212 δεξάμενον
3196 4143 3392 4214 σαθρὸν
3414 4143 3641 4210 καταστῇ.
3664 4138 3754 4188 Ὠσ-

2259 4251 2366 4306 περ
2397 4235 2503 4306 γάρ
2530 4238 2577 4288 εί
2606 4237 2699 4288 τὸν
2732 4236 3039 4319 ὑπεύθυνον
3082 4237 3301 4305 πρῶτον
3340 4236 3564 4299 ἐδέξατο,
3590 4231 3755 4300 ergo?”

2259 4326 2326 4380 ἂν
2363 4325 2615 4396 θεμέλιον
2661 4325 3000 4380 ὑπεὸάλετο·
3031 4326 3178 4380 οὓτω
3227 4328 3319 4380 τὸν
3348 4327 3536 4379 δίκαιον
3567 4319 3755 4393 diemmi-

2263 4437 2443 4491 μενος,
2506 4419 2714 4491 σαθρὰν
2779 4419 2971 4472 ἑαυτὸν
3049 4419 3208 4471 ἔλαθε
3265 4420 3358 4472 καὶ
3409 4415 3755 4486 εὐπερίτρεπτον

2257 4512 2357 4581 τὴν
2387 4511 2597 4565 οίκείαν
2630 4510 2871 4581 κρηπῖδα
2899 4509 3218 4580 πηξάμενος
3245 4511 3295 4563 ιι.
3328 4509 3395 4562 Σὺ
3430 4507 3482 4560 δέ
3500 4521 3576 4576 μοι
3599 4504 3752 4559 σκόπει,

573 4603 705 4657 illuc
722 4603 843 4657 viro
866 4602 1046 4672 justo,
1069 4603 1346 4672 putridum
1379 4604 1681 4660 solumnec
1704 4603 1991 4662 diﬂieulter
2020 4608 2151 4663 sub-

2264 4602 2356 4654 καὶ
2386 4602 2439 4654 ετ
2466 4618 2583 4664 πως
2617 4602 2631 4641 ί
2667 4603 2694 4654 ό
2715 4601 2812 4671 τῆς
2842 4600 3194 4664 ἀναστάσεως
3233 4600 3320 4652 διὰ
3343 4598 3521 4652 τούτου
3551 4605 3756 4662 προκατα-

573 4696 864 4759 ruendum,
887 4697 1138 4752 nesciens
1162 4705 1342 4752 tamen
1370 4696 1622 4753 confecit.
1673 4697 1756 4752 Tu
1775 4708 1955 4754 autem
1990 4713 2152 4769 porro

573 4789 628 4842 in
660 4799 894 4844 mentem
919 4789 1124 4845 advoca
1148 4790 1458 4861 cogitando,
1492 4807 1559 4845 an
1589 4806 1698 4846 non
1730 4799 1905 4847 status
1928 4801 1983 4848 et
2009 4793 2151 4848 ratio

575 4878 1041 4944 resurrectionis,
1101 4889 1212 4934 tam
1263 4879 1426 4947 longo
1477 4879 1820 4949 pracedente
1864 4879 2150 4934 intervallo

570 4979 955 5039 praestruatur,
999 4981 1052 5026 et
1085 4986 1183 5041 per
1211 4969 1531 5042 mysterium
1563 4969 2058 5039 prmsignilicetur?
2091 4969 2147 5026 Si

570 5063 715 5117 enim
744 5064 922 5119 bonus
966 5078 1030 5118 ac
1060 5062 1245 5133 justus
1295 5063 1440 5118 Deus
1487 5060 1672 5128 fuerit,
1724 5071 1818 5117 aut
1863 5063 2150 5133 utriusque

572 5155 757 5227 potius
807 5155 933 5210 fons
988 5163 1042 5209 et
1090 5156 1291 5225 origo,
1349 5153 1495 5209 haud
1549 5155 1978 5209 immuneralum
2021 5154 2149 5209 hinc

574 5248 729 5305 abire
760 5249 936 5304 virum
984 5248 1195 5318 justum
1243 5262 1311 5302 ne
1361 5248 1428 5302 ad
1480 5247 1691 5302 liorulae
1719 5245 1882 5302 unius
1910 5246 2146 5316 spatium

2263 4692 2520 4746 ϐάλλεται
2584 4691 2681 4746 καὶ
2725 4696 3169 4762 μυσταγωγεῖται
3201 4692 3378 4760 λόγος.
3415 4687 3587 4755 Είγὰρ
3603 4681 3753 4750 ἀγαθὸς

2261 4787 2356 4839 καὶ
2381 4785 2591 4849 δίκαιος
2609 4785 2636 4836 ό
2662 4784 2817 4848 Θεὸς,
2845 4783 3047 4855 μᾶλλον
3071 4784 3138 4837 δι’
3162 4784 3488 4854 ἀγαθὸτητος
3511 4779 3591 4832 καὶ
3602 4777 3751 4829 δικαιε-

2263 4877 2430 4949 σύνης
2468 4878 2641 4949 πηγὴ.
2701 4878 2801 4932 οὐκ
2847 4877 2914 4931 ἂν
2956 4877 3264 4948 ἀγέραστον
3311 4874 3546 4930 ἀπελθεῖν
3583 4863 3752 4933 καὶπρὸ

2261 4973 2414 5044 ὥρας
2467 4971 2561 5026 τὸν
2598 4973 2807 5026 δίκαιον
2861 4971 3044 5026 εἴασεν
3079 4971 3268 5026 Ἀὃελ.
3305 4971 3410 5024 Καὶ
3447 4969 3494 5021 τί
3525 4965 3641 5031 λέγω
3659 4955 3748 5044 ἀγξ-

2267 5042 2498 5136 ραστον;
2529 5065 2643 5119 ἀλλ’
2672 5066 2773 5119 οῦκ
2801 5065 2868 5119 ἂν
2895 5064 3103 5128 ἀδίκως
3140 5066 3234 5118 καὶ
3274 5063 3334 5116 τὸ
3380 5062 3546 5132 μεῖζον
3589 5051 3680 5108 ἀνθ’
3698 5042 3750 5098 ὧν

2260 5157 2419 5229 ὤφθη
2446 5158 2726 5230 θεοφιλὴς.
2766 5158 2866 5212 οὐκ
2892 5156 2958 5211 ἂν
2990 5156 3295 5226 ὑπερείδειν
3339 5139 3749 5222 ἀναιρούμενονέξ

2266 5251 2340 5319 μή
2385 5267 2470 5315 τις
2526 5248 2737 5303 ἐκεῖθεν
2781 5247 2916 5318 ἄλλη
2983 5247 3333 5311 κατάστασις,
3382 5241 3468 5298 καὶ
3503 5239 3600 5310 βίος

1855 5379 2090 5435 VARle
2129 5381 2537 5442 LECTIUNES.

677 5453 706 5494 ιι
734 5452 796 5506 (3.
843 5452 918 5508 Μ.
951 5452 1264 5524 δεξάμενος.

1341 5453 1356 5492 ί
1399 5453 1482 5507 to.
1521 5452 1737 5519 ιιήπως.
1769 5451 1831 5509 C.
1878 5451 1950 5506 Μ.
1996 5453 2049 5506 εἴ
2077 5469 2212 5517 πως.

2095 5541 2329 5599 ΝΟΤεἘ.

646 5632 760 5705 (20)
793 5633 928 5690 Cum
989 5636 1087 5690 liae
1135 5635 1433 5706 quaestione
1489 5635 1831 5706 conferendae
1901 5645 2028 5692 sunt
2079 5650 2147 5692 ex

573 5706 1006 5775 praecedentibus
1024 5721 1113 5777 qq.
1148 5705 1288 5760 XXX
1304 5705 1391 5761 l’ll
1415 5715 1467 5764 ct
1500 5705 1683 5763 XLVI.

2259 5715 2277 5762 ι
2330 5637 2441 5710 (21)
2478 5639 2619 5695 ldcm
2670 5647 3052 5711 argumentum
3088 5635 3380 5710 quiestione
3419 5628 3482 5685 XI
3511 5628 3747 5697 pelmcu'

2283 5723 2368 5762 ur.

2283 5723 2368 5763 ιη’.
