3798 6210
69 305 174 368 63Ἱ

967 303 1068 363 AD
1103 297 1703 361 AMPHILOCHIUM
1742 296 2093 372 QUIESTIO
2139 297 2419 363 CIII’CV.

3255 308 3360 371 638

68 423 361 487 ἀπέκειτο,
390 422 450 483 ἐν
480 413 525 488 ᾧ
557 419 669 474 τῶν
702 417 997 490 πρακτέων
1023 419 1123 479 τάς
1154 416 1413 489 ἀμοιϐάς,
1442 416 1537 469 καὶ
1564 414 1663 478 τὰς
1694 416 1742 472 Λ
1770 415 1882 485 pati
1915 414 2041 469 debt

1808 415 1882 469 ati
1915 414 2123 472 debuit.
2160 414 2302 482 Quid
2328 424 2512 470 autem
2550 415 2981 474 immuneratum
3010 419 3179 476 dico?
3211 436 3361 478 certe

64 519 404 580 ἀντιδόσεις,
441 516 636 586 ἀφάτῳ
667 515 886 586 πλούτῳ
920 514 1179 586 προνοίας
1207 512 1540 584 εὐτρεπίσας
1575 530 1674 565 ταν

69 609 282 679 μιεύει.
316 606 529 661 Οὐκοῦν
566 608 751 661 οὐκέτι
779 603 1292 674 διαμφισϐητήσεις,
1320 602 1410 656 διὰ
1432 603 1486 656 τί
1517 602 1667 673 πρῶ-

64 719 162 765 τος
204 700 397 763 Ἅϐελ,
436 699 584 768 φίλος
627 697 976 766 δικαιοσύνης
1025 696 1263 765 γεγονὼς
1287 737 1302 762 ,
1340 694 1558 767 πρῶτος
1589 692 1667 765 τῷ

65 792 294 861 θανάτῳ
348 790 791 861 ἐλειτούργησεν.
844 790 908 843 Et
952 790 1009 843 δὲ
1061 791 1154 843 καί⁵
1198 787 1334 859 πρὸς
1356 786 1448 840 τὸν
1492 784 1666 856 Ἑνὼχ

63 882 429 952 ἀποϐλέψεις,
463 883 808 936 δικαιότατον
858 881 1121 951 γεγονότα
1145 921 1159 947 ,
1204 881 1368 934 πλέον
1407 880 1551 945 ἕξεις
1597 881 1664 934 δι’

62 966 144 1025 ὧν
189 975 251 1025 οὐ
278 974 558 1043 ζητήσεις,
586 973 701 1036 πῶς
724 972 835 1026 τῶν
866 974 1113 1041 δικαίων,
1150 972 1353 1043 μᾶλλον
1383 972 1415 1043 ἢ
1440 971 1549 1025 τῶν
1571 972 1664 1025 ὑπ’

64 1064 281 1130 αἰτίαν,
320 1065 350 1116 6
382 1064 612 1129 θάνατος
669 1065 1019 1136 ἐκυρίευσενθ
1052 1064 1329 1135 ἀνώτερος
1371 1065 1479 1135 γάρ
1508 1056 1666 1127 οὗτος

64 1154 130 1217 ἐξ
161 1153 371 1225 ἀρετῆς
402 1155 498 1208 καὶ
528 1154 843 1223 φιλοτιμίας
870 1154 1006 1210 Θεοῦ
1062 1154 1186 1224 (καὶ
1215 1156 1300 1208 ἵνα
1340 1153 1413 1224 μὴ
1454 1152 1514 1205 τὸ
1536 1152 1665 1205 δυσσ

64 1245 355 1318 οεώρητον
392 1248 589 1317 ἔχωσιν
624 1250 679 1302 αί
732 1251 825 1302 σαὶ
867 1248 1114 1320 ἀπορίαι)
1159 1249 1267 1303 τῶν
1304 1248 1399 1301 τοῦ
1430 1247 1662 1301 θανάτου

63 1336 289 1407 βρόχων
312 1338 406 1391 καὶ
428 1339 525 1407 τῆς
554 1337 866 1410 τυραννίδος
912 1337 1305 1408 ἐχρημάτισεν.

1768 506 1912 561 haud
1944 506 2140 562 fuisset
2193 524 2391 578 passus
2443 508 2648 579 injuste
2708 510 2948 581 aliquem
2985 513 3126 578 tolli,
3156 513 3360 569 nedum

1773 597 1952 651 virum
1984 597 2069 652 sui
2103 608 2399 663 amantem,
2453 599 2497 653 si
2528 613 2635 654 non
2676 600 2819 655 alius
2844 601 2965 657 vitae
2995 612 3193 669 status,
3225 619 3361 659 con-

1774 691 1910 745 ditio
1935 689 2042 745 alia
2070 693 2308 761 reposita
2341 692 2535 748 fuisset
2569 693 2667 757 illi,
2704 694 2798 747 ubi
2834 710 3018 751 rerum
3041 712 3070 751 a
3096 713 3155 752 se
3174 711 3359 768 gesta-

1775 798 1895 837 rum
1932 785 2351 840 retributionem
2402 793 2457 839 et
2522 787 3026 842 remunerationem
3061 804 3158 858 per
3206 791 3360 845 inex-

1773 875 2056 944 plicabiles
2087 878 2284 931 divina:
2334 877 2693 947 providentia:
2742 878 2965 934 divitias
2994 892 3357 950 praeparatam

1770 968 2139 1039 disposuerat.
2194 970 2463 1037 Quocirca
2496 987 2603 1026 non
2636 981 2720 1028 est
2753 987 2854 1027 cur
2882 982 2937 1028 tu
2972 975 3153 1029 adhuc
3189 976 3359 1030 addu-

1770 1059 1936 1127 bites,
1988 1062 2133 1117 unde
2161 1062 2364 1118 factum
2403 1073 2463 1117 ut
2488 1064 2622 1119 Abel
2645 1065 2872 1134 justitiac
2904 1066 3083 1120 cultor
3108 1066 3355 1121 omnium

1772 1153 2059 1209 hominum
2096 1156 2346 1227 princeps
2374 1166 2607 1212 mortem
2650 1157 3033 1213 famularetur.
3090 1158 3247 1225 Quod
3309 1159 3357 1214 si

1771 1248 2080 1317 respexeris
2109 1249 2175 1303 ad
2206 1248 2487 1305 Enocbum
2520 1251 2613 1320 qui
2636 1259 2691 1305 et
2716 1251 2830 1321 ipse
2854 1251 3198 1321 iustissimus
3231 1251 3356 1316 fuit,

1771 1339 1896 1409 plus
1946 1340 2126 1395 adhuc
2183 1340 2279 1395 tibi
2336 1352 2678 1413 suggeretur,
2741 1358 2840 1397 cur
2888 1359 2996 1397 non
3042 1344 3355 1409 addubites,

66 1434 222 1488 unde
264 1432 472 1488 factum
526 1441 584 1488 ut
636 1448 787 1489 mors
837 1432 990 1504 prius
1035 1432 1090 1487 in
1139 1432 1318 1503 justos
1347 1446 1512 1503 quam
1550 1432 1605 1486 in
1642 1447 1769 1489 reos
1803 1434 2109 1490 dominium
2163 1447 2443 1492 exerceret
2486 1456 2498 1491 :
2540 1438 2797 1508 superior
2836 1440 2981 1494 enim
3036 1441 3221 1507 justus
3273 1448 3357 1494 est

62 1538 304 1599 propter
358 1531 617 1585 virtutem
679 1538 735 1585 et
788 1544 1031 1584 amorem
1095 1528 1195 1584 Dei
1255 1529 1519 1583 eximium
1575 1530 1667 1599 (ne
1702 1528 1869 1585 dubia
1901 1541 2017 1585 ate
2079 1532 2359 1603 proposita
2427 1531 2719 1589 difﬁculter
2745 1532 3108 1605 explicentur)
3140 1536 3358 1607 laqueis

62 1620 272 1677 mortis
298 1619 548 1676 irretitus
598 1629 652 1675 et
684 1619 804 1690 ejus
830 1618 1175 1691 tyrannidem
1204 1625 1467 1689 expertus
1495 1616 1664 1674 fuisse
1702 1618 1925 1677 dicitur.

614 1735 953 1790 ΕΡΩΤΗΣΙΣ
990 1735 1114 1792 PE'.

503 1829 642 1897 Περὶ
688 1827 799 1884 τῖ’ἶτι
842 1829 1188 1899 περιτομῆς.

1909 1740 2231 1808 ΟΗᾹΞΞΤΙΟ
2263 1741 2373 1796 CV.
2408 1742 2595 1815 [σοιτί.
2633 1754 2682 1797 et
2716 1743 2881 1800 Taur.
2909 1744 3194 1802 CXXVII.1

2286 1831 2364 1886 De
2394 1834 2812 1888 circumcisione.

878 1942 1023 1993 Edita
1041 1960 1068 1993 a
1093 1943 1411 2007 Montacutio,
1447 1956 1529 2007 ep.
1555 1944 1667 2004 205,
1686 1942 1750 1992 ad
1783 1942 2026 1994 Theodor.
2050 1943 2260 2007 largum,
2289 1959 2321 2008 p
2362 1945 2590 1997 τοὶ-σοι.

149 2049 222 2103 Ἥ
254 2048 533 2120 περιτομὴ
553 2047 679 2121 τρία
704 2048 830 2102 τινὰ
853 2050 1346 2122 πραγματεύεσθαί
1371 2068 1461 2121 μοι
1488 2050 1663 2103 δοκεῖ·

61 2140 124 2195 ἓν
166 2141 295 2212 μὲν,
328 2140 495 2194 οἱονεὶ
521 2140 737 2211 σημείῳ
769 2142 879 2193 τινὶ
910 2142 1004 2194 καὶ
1054 2142 1313 2209 σφραγῖδι
1348 2142 1471 2204 τοὺς
1505 2140 1666 2208 ἐκγό-

60 2250 201 2295 νους
245 2230 505 2301 Ἀϐραάμ
535 2230 894 2301 ἀφορίζουσα,
929 2232 1024 2284 καὶ
1053 2232 1160 2286 τῶν
1184 2233 1387 2287 λοιπῶν
1423 2232 1667 2287 διαστέλ-

60 2325 246 2377 λουσα
301 2321 505 2375 ἐθνῶν·
537 2321 791 2391 δεύτερον
827 2323 903 2388 δὲ,
934 2325 992 2376 ἐν
1042 2325 1208 2396 ἑαυτῇ
1260 2327 1360 2397 τὴν
1392 2326 1486 2379 τοῦ
1521 2326 1664 2379 θείου

63 2418 460 2486 βαπτίσματος
502 2416 952 2486 προδιατυποῦσα
983 2418 1077 2471 καὶ
1099 2420 1666 2490 προανακηρύττουσα

59 2509 238 2580 χάριν
287 2508 384 2563 καὶ
413 2508 666 2579 δυνάμιν.
690 2509 899 2581 Ὥσπερ
950 2511 1059 2582 γὰρ
1111 2513 1139 2565 6
1173 2514 1663 2585 περιτεμνόμενος,

64 2604 153 2664 είς
188 2599 318 2655 λαὸν
352 2600 489 2654 Θεοῦ
520 2600 609 2654 διά
630 2601 732 2673 τῆς
759 2604 1060 2674 σφραγῖδος
1076 2606 1249 2659 πάλαι
1265 2607 1663 2678 ἐχρημάτιζεν·

63 2689 254 2754 οὕτως
283 2691 312 2743 6
345 2688 765 2760 βαπτιζόμενος,
816 2693 1092 2761 σφραγῖδα
1136 2692 1232 2747 τοῦ
1282 2694 1563 2767 Χριστοῦὶ
1606 2697 1666 2749 ἐν

63 2782 260 2852 ἑαυτῷ
291 2784 708 2854 τυπωσάμενος,
742 2785 822 2845 είς
852 2785 1127 2840 υἱοθεσίαν
1178 2785 1315 2840 Θεοῦ
1345 2788 1662 2859 ἀναγράφε-

62 2889 191 2927 ται.
225 2873 336 2925 Καὶ
362 2872 568 2943 τρίτον,
601 2872 875 2944 σύμϐολον
900 2875 1008 2927 τῶν
1030 2877 1089 2929 ἐν
1108 2878 1173 2947 τῇ
1192 2878 1375 2948 χάριτι
1399 2878 1663 2932 καθιστα-

64 2964 265 3035 μένων
294 2964 524 3031 πιστῶν,
561 2966 611 3019 οί
634 2966 743 3019 τῶν
787 2967 1069 3038 σαρκικῶν
1096 2969 1302 3039 ἡδονῶν
1332 2972 1428 3024 καὶ
1475 2971 1664 3026 παθῶν

59 3057 174 3121 τὰς
207 3058 629 3125 ἐπαναστάσεις,
659 3058 736 3127 τῷ
785 3060 1063 3133 τιμητικῷ
1110 3061 1213 3132 τῆς
1246 3064 1483 3129 πίστεως
1519 3064 1664 3137 λόγῳ

61 3151 170 3203 καὶ
186 3150 374 3214 πόνοις
398 3151 719 3221 ἀσκητικοῖς
740 3152 1059 3223 ἐκτέμνουσι
1106 3156 1200 3207 καὶ
1225 3155 1620 3226 ἀπονεκροῦσιν
1643 3173 1658 3188 ο

61 3241 131 3293 οὐ
187 3240 351 3311 σῶμα
399 3241 716 3311 τέμνοντες,
754 3243 891 3295 ἀλλὰ
927 3242 1025 3314 τὴν
1072 3244 1329 3315 καρδίαν·
1369 3246 1465 3300 καὶ
1497 3247 1661 3300 πνεύ-

1847 2047 1976 2104 Tria
2008 2065 2121 2119 pra:
2141 2065 2201 2105 se
2224 2048 2368 2106 ferre
2389 2051 2604 2107 videtur
2636 2052 2773 2106 mihi
2820 2053 3206 2112 circumcisio:
3240 2059 3355 2129 pri-

1770 2152 1947 2203 mum,
1979 2137 2125 2207 quod
2158 2146 2421 2209 tanquam
2451 2139 2669 2212 signum
2710 2150 2765 2196 et
2790 2142 3028 2211 sigillum
3053 2144 3353 2202 Abrahami

1771 2231 2087 2301 progeniem
2140 2240 2442 2300 separaret,
2478 2240 2531 2286 et
2571 2248 2601 2286 a
2632 2234 2844 2289 caeteris
2874 2236 3129 2304 gentibus
3157 2238 3355 2293 distin-

1770 2328 1964 2392 gueret
2002 2339 2016 2376 :
2058 2321 2360 2377 secundum
2390 2363 2408 2390 ,
2449 2323 2503 2378 in
2545 2338 2604 2379 se
2634 2324 2807 2379 divini
2851 2325 3198 2396 baptismatis
3232 2346 3357 2400 gra-

1770 2411 1902 2467 tiam
1936 2423 1990 2468 et
2019 2411 2318 2470 eﬂicaciam
2362 2429 2460 2485 per
2499 2415 2731 2486 ﬁguram
2776 2416 3127 2487 praedicabat.
3171 2419 3350 2477 Veluti

1768 2504 1914 2559 enim
1954 2503 2085 2560 olim
2119 2504 2505 2571 circumcisus,
2542 2520 2639 2576 per
2671 2506 2907 2577 sigillum
2938 2508 2994 2563 in
3024 2508 3121 2564 Dei
3149 2511 3352 2581 popqu

1768 2595 2111 2664 censebatur,
2142 2597 2224 2654 sic
2250 2606 2305 2652 et
2331 2597 2658 2669 baptizatus,
2690 2598 2891 2655 Christi
2916 2601 2971 2655 in
3014 2616 3074 2657 se
3109 2604 3350 2673 sigillum

1766 2702 2092 2759 expressum
2123 2689 2355 2757 habens,
2387 2690 2679 2760 adoptatus
2714 2690 3035 2748 inscribitur
3075 2693 3170 2749 Dei
3210 2696 3353 2750 ﬁlio-

1767 2797 1889 2836 rum
1912 2782 2072 2837 albo:
2098 2781 2342 2847 tertium,
2377 2783 2682 2854 symbolum
2713 2794 2833 2840 erat
2862 2785 3105 2841 ﬁdelium
3137 2788 3191 2842 in
3223 2805 3349 2859 gra-

1770 2871 1841 2925 tia
1870 2872 2274 2937 exsistentium,
2306 2872 2404 2942 qui
2439 2873 2745 2928 carnalium
2774 2875 3114 2945 voluptatum
3136 2886 3190 2931 et
3214 2893 3354 2946 pas-

1765 2962 1981 3017 sionum
2018 2964 2455 3021 insurrectiones
2510 2965 2880 3022 tumultuosas
2924 2969 3195 3024 excisorio
3226 2971 3350 3025 ﬁdei

1767 3068 2042 3123 sermone,
2074 3064 2127 3111 et
2157 3057 2414 3113 asceticis
2443 3058 2723 3115 laboribus
2747 3060 3078 3117 abscindunt
3117 3071 3171 3116 et
3203 3078 3351 3118 mor-

1767 3146 1975 3201 tiﬁcant
1999 3164 2017 3201 :
2045 3163 2151 3203 non
2180 3164 2384 3218 corpus
2416 3151 2694 3215 scindunt,
2726 3154 2822 3208 sed
2853 3168 2946 3207 cor
2976 3171 2989 3207 :
3021 3169 3123 3209 nec
3152 3170 3349 3210 secun-

1765 3236 1894 3291 dum
1925 3236 2159 3291 litteram
2190 3238 2283 3292 sed
2316 3239 2565 3307 spiritum
2593 3240 3093 3297 circumciduntur:
3113 3259 3347 3313 quorum

66 3350 235 3403 ματι,
278 3333 340 3386 οὐ
389 3333 678 3404 γράμματι
747 3337 1237 3407 περιτεμνόμενοιο
1284 3330 1359 3392 ὧν
1420 3339 1516 3393 καὶ
1566 3341 1657 3393 τὸν
1685 3317 1731 3381 C
1765 3328 2006 3384 Ῑθυάἃιίο

1805 3328 2006 3384 nudatio
2046 3344 2151 3385 non
2197 3330 2358 3385 habet
2393 3346 2531 3401 opus
2575 3334 2811 3388 humano
2844 3337 3117 3403 praeconio
3139 3379 3153 3404 ,
3187 3336 3280 3392 sed
3316 3352 3349 3393 a

65 3426 305 3478 ἔπαινον
346 3424 447 3477 οὐκ
500 3425 852 3499 ἀνθρωπίνης
898 3429 1229 3500 ἐπικρίσεως
1264 3430 1492 3496 δεῖσθαι,
1529 3431 1667 3484 ἀλλά

60 3515 176 3584 τῆς
208 3514 421 3568 ἀνωθεν
473 3515 749 3585 ἠρτῆσθαι
798 3516 1005 3587 ψήφου,
1048 3516 1261 3582 Παῦλος
1292 3520 1320 3572 6
1356 3518 1519 3586 θεῖος,
1548 3522 1575 3573 6
1598 3522 1666 3574 τὰ

59 3606 301 3657 τοιαῦτα
325 3606 704 3674 μυσταγωγὸς,
734 3606 966 3677 λαμπρᾷ
995 3611 1061 3679 τῇ
1096 3612 1248 3680 φωνῇ
1290 3610 1664 3682 διαμαρτύρε-

58 3714 182 3753 ται.
215 3697 280 3749 Εί
314 3695 372 3748 δὲ
412 3713 491 3766 τῳ
530 3698 754 3751 κάκεῖνο
786 3699 809 3737 ¹ι
845 3698 1011 3764 δοκεῖ,
1052 3701 1126 3763 ὡς
1175 3701 1367 3768 γένους
1394 3703 1492 3770 μὲν
1520 3703 1666 3756 Χαλ-

60 3788 243 3841 δαίων
300 3786 672 3858 ἐχρημάτιζεν
713 3788 967 3860 Ἀϐραάμ
993 3808 1006 3821 ·
1039 3791 1099 3843 τὸ
1141 3790 1217 3856 δὲ,
1278 3792 1371 3845 καὶ
1423 3794 1664 3865 μητράσι

61 3880 168 3934 καὶ
210 3880 514 3951 θυγατράσι
556 3881 649 3933 καὶ
679 3881 940 3950 ἀδελφαῖς
996 3884 1250 3955 ἐκθὲσμῳ
1282 3884 1431 3956 νόμῳ
1467 3903 1662 3940 συναν-

61 3970 453 4039 εφύρετο.”ινα
475 3965 567 4023 οὖν
602 3970 677 4041 μὴ
710 3975 823 4034 τοῖς
878 3972 1154 4044 πατρῴοις
1207 3974 1355 4027 ἔθεσι
1398 3978 1534 4046 μήτε
1564 3977 1663 4029 αὖ·

62 4062 185 4128 τὸς,
211 4062 352 4131 μήτε
381 4062 443 4113 τὸ
472 4062 529 4128 ἐξ
562 4061 727 4116 αὑτοῦ
752 4066 930 4131 γένος,
983 4065 1423 4132 καταμιαίνοιτο,
1468 4067 1664 4137 τέμνε-

61 4170 183 4217 ται,
218 4153 375 4222 φασὶ,
408 4153 505 4221 τὴν
537 4153 907 4224 ἀκροϐυστίαν
934 4156 1014 4218 είς
1057 4155 1314 4226 ἀθέτησιν
1344 4157 1444 4227 τῆς
1477 4158 1661 4212 τοιαύ-

62 4264 169 4317 της
200 4245 621 4317 ἀρῤητοποιίας,
646 4247 743 4300 καὶ
774 4247 986 4315 γίνεται
1007 4247 1159 4317 αὐτῷ
1179 4249 1278 4319 τῆς
1301 4248 1510 4313 οἰκείας
1530 4266 1663 4319 σαρ-

66 4336 166 4401 κὸς
199 4337 235 4407 ὴ
262 4337 556 4407 περιτομὴ,
580 4337 847 4407 διαίρεσις
874 4339 973 4407 τῆς
1000 4338 1304 4410 προσεχοῦς
1336 4340 1661 4407 συγγενείας

65 4427 167 4479 καὶ
220 4427 565 4495 ἀποστροφὴ,
610 4427 712 4479 ὅσα
750 4443 813 4495 γε
844 4428 924 4491 είς
972 4427 1189 4498 ὁμιλίαν
1223 4429 1492 4500 γαμικήν.
1523 4428 1660 4482 Οὐδὲ

64 4520 179 4589 γὰρ
208 4520 322 4573 οὐδ’
349 4514 417 4588 ἦν
446 4520 698 4590 φωράσαι
746 4520 889 4583 τινὰ,
924 4520 1064 4589 μετά
1103 4520 1202 4592 τὴν
1234 4520 1568 4591 περιτομὴν,
1600 4522 1659 4573 ἐν

62 4616 183 4675 τοῖς
217 4610 278 4676 ἐξ
310 4612 543 4681 αἵματος
584 4611 838 4681 Ἀϐραάμ
878 4614 997 4673 ταῖς
1034 4612 1313 4675 τοιαύταις
1360 4612 1657 4682 ἐνισχημέ-

65 4724 157 4759 νον
194 4704 630 4776 ἁρῤητουργίαις
652 4720 668 4734 °
702 4704 802 4774 τῆς
828 4704 1140 4775 Χαλδαῖκῆς
1179 4705 1451 4776 ἀκρασίας
1481 4705 1656 4769 ἀδεῶς

60 4796 163 4851 καὶ
209 4794 661 4865 ἀνεπαισχύντως
699 4797 954 4867 μακροῖς,
991 4796 1089 4849 καὶ
1126 4795 1263 4865 μετὰ
1287 4794 1482 4860 ταῦτα,
1524 4793 1656 4867 χρό-

59 4905 179 4951 νοις
212 4885 285 4940 τά
316 4885 543 4942 τοιαῦτα
581 4886 1127 4958 δραματουργούσης.
1169 4886 1329 4940 Ἀλλά
1367 4886 1527 4940 τοῦτο
1553 4887 1656 4957 μὲν

54 4978 136 5041 ὠς
167 4976 328 5047 φίλον
361 4978 578 5049 ἑκάστῳ
602 4979 698 5031 καὶ
720 4975 991 5049 νομιζέτω
1016 4994 1030 5008 ·
1056 4978 1422 5050 ἀφορισθῆναι
1472 4979 1655 5049 μέντοι

54 5072 121 5126 τὸ
168 5070 428 5140 Ἀϐραάμ
484 5070 592 5124 ἔδει
654 5072 846 5139 γένος’
885 5070 1101 5142 πρῶτον
1143 5070 1260 5140 μὲν,
1296 5070 1384 5123 ἴνα
1404 5070 1509 5143 ‘pi;
1540 5074 1654 5136 τοῖς

54 5163 255 5227 ἀλλοις
284 5161 498 5215 ἔθνεσιν
528 5163 985 5233 ἐπιμιγνύμενον,
1026 5163 1120 5215 καῖ⁹
1158 5162 1303 5216 κατά
1330 5164 1527 5236 μικρὸν
1544 5165 1657 5226 τοῖς

56 5255 301 5309 ἐκείνων
331 5253 553 5317 τρόποις
584 5252 1015 5323 ύποσυρόμενον,
1063 5250 1163 5321 τῆς
1205 5267 1266 5303 τε
1311 5250 1519 5312 οἰκείας
1570 5251 1659 5303 εὑ-

61 5345 295 5408 σεϐείας
352 5344 718 5416 παρατροπὴν
794 5343 964 5414 πάθῃ,
1022 5344 1119 5396 καὶ
1157 5344 1269 5405 τοῖς
1310 5343 1532 5396 ἐκείνων
1567 5341 1660 5396 λα·

63 5441 278 5515 τρεύσῃ
311 5441 680 5513 βδελύγμασιν
704 5457 719 5472 ο
749 5441 964 5507 ἔπειτα,
992 5441 1080 5495 ἵνα
1111 5440 1208 5512 τῆς
1246 5440 1400 5505 θείας
1424 5441 1657 5512 ὑποσχέα

1768 3416 1862 3471 Dei
1894 3416 2104 3471 calculo
2137 3418 2426 3487 dependet,
2472 3428 2529 3473 ut
2559 3417 2762 3474 Paulus
2789 3422 2982 3478 harum
3018 3439 3202 3478 rerum
3230 3440 3350 3496 my-

1766 3516 2030 3579 stagogus
2064 3509 2211 3564 clara
2243 3524 2375 3565 voce
2418 3519 2667 3567 testatur.
2698 3511 2938 3569 Ulterius
2958 3556 2973 3577 ,
2999 3524 3053 3569 et
3080 3516 3209 3570 illud
3240 3515 3350 3571 for-

1770 3599 1935 3654 tassis
1962 3600 2213 3654 arriserit
2243 3602 2444 3666 alicui,
2486 3604 2632 3672 quod
2670 3620 2701 3659 e
2728 3615 2886 3675 gente
2919 3607 3171 3663 Chaldzca
3202 3611 3349 3665 orie-

1769 3691 1930 3746 batur
1950 3692 2250 3757 Abraham,
2272 3694 2361 3749 ubi
2390 3696 2677 3761 matribus,
2715 3698 2950 3765 ﬁliabus,
2987 3710 3041 3755 et
3068 3703 3349 3758 sororibus

1764 3784 1833 3839 de
1895 3786 2294 3841 consuetudine
2355 3787 2523 3856 impia
2597 3792 2891 3847 carnaliter
2954 3794 3347 3855 miscebantur.

1764 3878 2068 3945 Quocirca,
2114 3894 2181 3933 ne
2210 3894 2308 3948 per
2348 3882 2562 3951 patulos
2611 3898 2788 3938 mores
2828 3885 2912 3939 vel
2946 3886 3173 3955 ipsemet
3212 3888 3337 3957 pol-

1764 3970 2028 4035 lueretur,
2064 3972 2147 4025 vel
2179 3972 2248 4026 ab
2280 3973 2373 4026 illo
2403 3974 2817 4040 descendentes,
2852 3978 3349 4035 circumcidebatnr

1763 4064 1810 4118 ei
1838 4065 2186 4133 praeputium,
2220 4081 2334 4134 quo
2360 4066 2441 4121 sic
2468 4066 2722 4122 aboletur
2753 4069 3071 4139 hujusmodi
3109 4071 3346 4128 nefanda

1764 4152 2086 4221 turpitudo,
2130 4162 2295 4224 atque
2343 4157 2416 4209 ita
2462 4158 2810 4213 accrescebat
2851 4160 2901 4214 ei
2950 4176 3064 4216 suae
3112 4163 3348 4233 propriae

1763 4244 1948 4299 carnis
1984 4245 2333 4301 circumcisio
2356 4288 2370 4313 ,
2409 4255 2467 4302 ut
2510 4248 2709 4305 divisio
2743 4251 2811 4306 ab
2852 4252 3105 4310 afﬁnibus
3132 4255 3248 4311 suis
3292 4266 3349 4311 et

1764 4338 2219 4409 consanguineis,
2266 4355 2331 4395 ac
2362 4350 2627 4410 quantum
2657 4343 2722 4397 ad
2758 4345 3063 4401 maritalem
3095 4348 3345 4417 copulam

1763 4430 2063 4497 spectabat,
2098 4431 2335 4487 aversio.
2386 4429 2503 4487 Non
2536 4432 2680 4486 enim
2732 4435 2815 4488 vel
2847 4433 3033 4489 furtim
3065 4438 3190 4507 quis
3224 4448 3346 4507 post

1762 4523 2239 4579 circumcisionem
2263 4539 2293 4579 e
2309 4525 2575 4595 sanguine
2594 4526 2871 4581 Abraham
2891 4526 3130 4583 infandis
3154 4530 3344 4583 istius-

1763 4616 1911 4671 modi
1951 4616 2389 4687 impediebatur:
2426 4632 2552 4672 cum
2585 4617 2969 4672 Chaldaeorum
3006 4618 3228 4675 lascivia
3262 4621 3345 4675 af-
3391 4681 3398 4704 ι

1765 4708 1918 4765 fatim
1983 4718 2038 4766 et
2081 4709 2425 4781 impudenter
2470 4712 2538 4766 ad
2594 4711 2763 4766 multa
2814 4720 2937 4782 post
2986 4712 3104 4769 haec
3146 4715 3345 4771 saecula

1764 4801 2204 4873 prostitueretur.
2238 4800 2343 4857 Sed
2368 4802 2585 4857 fruatur
2611 4803 2701 4859 hic
2723 4805 2956 4874 quisque
2974 4804 3181 4876 judicio
3205 4822 3341 4863 suo:

1763 4907 1911 4948 certe
1943 4897 2061 4947 erat
2088 4907 2314 4949 necesse
2360 4901 2421 4947 ut
2451 4894 2745 4949 Abrahami
2786 4896 3074 4967 progenies
3119 4912 3344 4968 separa-

1763 4994 1916 5040 retur
1956 5003 1970 5038 :
2022 4985 2271 5055 inprimis
2300 5025 2316 5052 ,
2371 5000 2440 5041 ne
2476 4987 2737 5056 permista
2780 4987 2995 5043 caneris
3028 4989 3345 5073 natipnibus

1763 5078 1978 5134 illarum
2015 5079 2264 5136 moribus
2304 5080 2569 5149 paulatim
2610 5079 3008 5146 abduceretur,
3043 5080 3182 5137 facta
3224 5084 3344 5155 pie-

1763 5172 1892 5227 tatis
1931 5172 2223 5244 cultusque
2254 5171 2559 5227 mutatione
2583 5212 2597 5237 ,
2633 5180 2688 5228 et
2721 5172 2795 5228 ita
2839 5174 3193 5229 exsecramlis
3222 5174 3347 5227 illa“

1766 5277 1886 5316 rum
1934 5262 2107 5318 sacris
2152 5263 2473 5332 inserviret;
2519 5263 2795 5331 secundo,
2844 5274 2904 5320 ut
2954 5263 3346 5335 promissionis

1766 5351 1965 5407 divina:
1989 5367 2258 5423 apparens
2301 5362 2356 5409 ct
2385 5353 2697 5427 cuicunque
2722 5355 3081 5427 intelligibilis
3123 5355 3247 5409 ﬁnis
3288 5362 3344 5408 et

1764 5440 2027 5512 perfectio
2058 5443 2397 5514 redderetur,
2416 5444 2711 5522 Abrahami
2738 5444 2947 5503 semine
2999 5445 3054 5501 in
3091 5444 3346 5499 innume-

1377 5620 1613 5679 VARIE
1655 5622 2060 5684 LECTIONES.

182 5734 200 5777 ι
240 5724 303 5782 C.
337 5721 412 5781 Μ.
452 5723 544 5779 τὸν
571 5724 828 5794 Χριστόν.
908 5721 931 5762 ¹ι
956 5722 1019 5779 C.
1061 5722 1130 5779 M.
1166 5721 1354 5777 είδετω
1390 5720 1626 5777 κάκεῖνο.

186 5848 243 5864 Ι-

1948 5860 1978 5867 ρο
