3846 6188
403 278 510 341 639

1565 277 1828 340 ΡΗΟΤΙΙ
1866 277 2372 339 ΡΛΤΒΙΛΒΕΗᾸΕ
2405 277 2513 338 CP.

3571 279 3678 344 640

405 394 638 450 rabilem
666 392 1066 449 multitudinem
1110 393 1476 463 multiplicato
1531 402 1587 448 et
1617 403 1986 449 excrescente.

2097 411 2234 457 σεως
2265 394 2514 462 ἐναργὲς,
2550 392 2640 446 καλ
2672 393 2808 446 πᾶσι
2846 393 3126 464 γνώριμον
3170 392 3231 446 τὸ
3275 393 3452 465 πέρας
3488 391 3674 466 δειχθῇ

405 485 560 553 Quod
597 485 644 541 si
689 500 814 540 cum
859 485 1073 540 easteris
1119 485 1436 540 nationibus
1470 485 1718 555 permisti
1753 485 1990 540 mansis-

408 591 552 646 sent,
583 580 789 635 veritas
829 578 1214 649 promissionis
1247 577 1540 648 adimpleta
1578 592 1686 632 non
1727 592 1990 648 agnosce-

406 681 591 736 retur,
639 685 740 726 nec
779 670 1072 724 multitudo
1102 678 1268 724 tanta:
1298 676 1446 723 esset
1474 667 1862 732 admirationi,
1895 667 1988 722 ubi

408 763 702 834 separatim
758 762 804 816 si
859 771 1123 831 agerent,
1180 768 1235 814 et
1287 760 1671 828 rempublicam
1721 760 1986 830 privatam

410 859 710 904 tuerentur.
742 847 950 912 Tertio,
987 848 1133 918 quod
1163 855 1289 902 ante
1323 848 1460 902 alias
1487 863 1686 902 causas
1709 857 1986 912 censetur,

410 941 854 1012 quandoquidem
875 939 969 995 Dei
999 940 1194 995 dilecto
1224 948 1278 994 et
1303 940 1546 1010 diligenti
1567 939 1733 995 Deum
1759 940 1990 995 Abrahae

407 1042 627 1104 pactum
672 1034 847 1090 fuerat
889 1052 902 1088 :
938 1052 956 1083 ι
979 1031 1036 1086 In
1069 1035 1276 1088 semine
1305 1042 1406 1088 tuo
1442 1035 1830 1090 benedicentur
1862 1033 1989 1088 uni-

410 1141 582 1180 versa:
611 1125 801 1179 mundi
836 1123 1086 1178 nationes
1105 1121 1228 1176 ⁷⁸⁸.»
1253 1121 1366 1178 Hoe
1383 1133 1598 1194 pactum
1631 1141 1661 1179 a
1685 1126 1833 1179 nullo
1861 1139 1991 1195 pro-

410 1219 558 1291 gredi
591 1226 826 1288 poterat,
859 1233 1026 1287 quam
1068 1233 1096 1272 a
1127 1217 1421 1273 Conditore
1443 1258 1457 1282 ,
1499 1227 1553 1272 et
1584 1217 1840 1272 ineffabili
1890 1233 1988 1273 sua

408 1309 748 1380 providentia
785 1308 990 1378 ubique
1039 1306 1240 1363 diﬂusa
1291 1317 1344 1362 et
1389 1308 1748 1364 disseminata
1799 1324 1991 1364 omnes

409 1403 801 1473 eomplectente
829 1420 842 1457 :
875 1402 1186 1457 communis
1223 1400 1368 1455 enim
1393 1400 1683 1456 Formator
1709 1401 1854 1456 solus
1889 1416 1990 1471 po-

411 1505 548 1551 terat
621 1505 729 1550 tam
783 1509 1131 1550 communem
1198 1493 1629 1549 benedictionem
1697 1493 1986 1562 impertiri.

411 1588 742 1654 Enimvero,
793 1603 918 1642 cum
966 1587 1068 1643 hoc
1120 1587 1301 1658 ipsum
1341 1585 1684 1642 Provisorem
1732 1586 1883 1640 illum
1920 1585 1988 1640 ad

409 1683 849 1738 incarnationem
880 1721 894 1748 ,
945 1681 1091 1752 quod
1150 1681 1450 1736 maximum
1491 1689 1615 1746 est,
1645 1679 1986 1746 destinaret;

2095 487 2175 550 είς
2206 485 2579 557 ἀναρίθμητον
2607 485 2815 556 πλῆθος
2843 485 2936 540 τοῦ
2964 485 3026 552 ἐξ
3063 487 3321 558 ’Ᾱϐραὰμ
3357 486 3676 557 σπέρματος

2093 576 2504 647 πληθυνομένου
2535 576 2629 629 καὶ
2659 575 2932 640 αὔξοντος.
2962 576 3038 630 Οὐ
3074 576 3184 648 γάρ
3213 580 3280 631 ἂν
3329 576 3538 647 ὁμοίως
3566 580 3678 638 τοῖς

2093 663 2276 727 ἄλλοις
2305 663 2484 717 ἔθνεσι
2520 666 2960 736 συμφυρομένων
2991 665 3053 719 τό
3081 681 3143 719 τε
3194 663 3296 737 τῆς
3341 667 3682 734 ἐπαγγελίας

2093 753 2323 823 ἀψευδὲς
2365 754 2713 824 ἐγινώσκετο,
2745 756 2841 808 καὶ
2866 755 2928 809 τὸ
2957 756 3049 810 τοῦ
3103 756 3342 830 πλήθους
3369 761 3680 830 παράδοξον
3735 787 3745 795 -

2093 847 2456 918 ἐθαυμάζετο,
2485 844 2672 918 ὥσπερ
2701 848 2826 902 καθ’
2859 849 3088 913 ἑαυτοὺς
3145 850 3242 904 καὶ
3292 853 3681 924 ἀφορισμένην

2093 941 2192 1010 τὴν
2223 939 2498 993 πολιτείαν
2523 941 2774 1010 ἐχόντων.
2810 943 2921 996 Καὶ
2949 942 3156 1013 τρίτον,
3190 943 3220 996 ὂ
3243 943 3341 997 καὶ
3364 943 3478 999 τῶν
3503 943 3681 998 ἄλλων

2094 1029 2241 1083 ἔστιν
2303 1030 2431 1084 ίδεῖν
2485 1029 2846 1096 αἰτιώτατον,
2894 1033 3126 1104 ἐπείπερ
3174 1034 3568 1104 ὑπεσχημένον
3615 1031 3681 1108 ἦν

2093 1119 2172 1192 τῷ
2192 1121 2433 1191 θεοφιλεῖ
2481 1122 2753 1194 Ἀϐραὰμ,
2786 1125 2844 1174 ἐν
2870 1123 2951 1194 τῷ
2981 1125 3258 1196 σπέρματι
3289 1128 3460 1180 αὑτοῦ
3504 1129 3682 1183 πάντα

2089 1213 2161 1266 τὰ
2207 1213 2335 1284 ἔθνη
2374 1213 2856 1286 εὐλογηθήσεσθαι.
2913 1215 3084 1270 Τοῦτο
3111 1217 3169 1270 δέ
3193 1218 3259 1271 δι’
3289 1220 3507 1282 οὐδενὸς
3521 1219 3680 1274 ἄλλον

2090 1304 2316 1358 δυνατὸν
2336 1301 2403 1385 ἦν
2434 1305 2740 1376 προελθεῖν,
2773 1305 2886 1359 ἀλλ’
2922 1306 2956 1377 ἦ
2985 1306 3052 1359 δι’
3084 1307 3250 1360 αὑτοῦ
3282 1309 3376 1361 τοῦ
3403 1311 3503 1364 καὶ
3537 1310 3678 1364 πλᾶ-

2093 1414 2304 1462 σαντος,
2335 1399 2430 1452 καὶ
2463 1399 2523 1452 τὸ
2543 1399 2643 1471 τῆς
2673 1399 2932 1470 προνοίας
2973 1400 3212 1470 ἄφατον,
3250 1401 3415 1472 μέχρι
3451 1403 3550 1455 καὶ
3584 1402 3681 1455 αὐ·

2090 1490 2199 1544 τῶν
2267 1491 2377 1546 τῶν
2429 1491 2523 1545 ἐπί
2581 1491 2684 1562 γῆς
2716 1491 2997 1556 καθιέντος
3025 1495 3119 1547 καὶ
3159 1494 3476 1564 ἐκχέοντος·
3508 1498 3538 1548 ὁ
3571 1495 3678 1564 γὰρ

2092 1585 2270 1648 κοινὸς
2292 1585 2543 1659 Πλάστης
2574 1585 2736 1650 αὐτὸς
2760 1588 2997 1656 εδυνατὸς
3029 1589 3188 1658 μόνος
3221 1590 3317 1642 καὶ
3353 1591 3549 1662 κοινὴν
3580 1591 3677 1663 τὴν

2092 1678 2346 1747 εὐλογίαν
2373 1679 2720 1749 χαρίζεσθαι.
2769 1677 2934 1745 Ἀλλ’,
2983 1681 3172 1752 ἐπειδὴ
3221 1683 3380 1738 τοῦτο
3426 1686 3594 1738 πάλιν
3621 1687 3678 1739 τὸ

412 1775 592 1846 (quod
629 1775 698 1829 ab
732 1774 882 1830 omni
929 1749 1078 1830 retro
1107 1773 1410 1829 aeternitate
1443 1773 1630 1827 divino
1665 1783 1719 1828 et
1761 1773 1988 1827 abscon-

2100 1769 2360 1839 μέγιστον
2385 1772 2485 1840 τῆς
2518 1773 2644 1842 περὶ
2671 1773 2818 1843 ἡμᾶς
2849 1777 3108 1846 προνοίας
3146 1749 3226 1841 είς
3258 1776 3678 1848 ἐνανθρώπησιν

408 1869 528 1923 dito
558 1859 694 1922 nutu
726 1867 1088 1922 ordinabatur
1115 1865 1154 1938 :)
1196 1867 1318 1923 ideo
1361 1881 1533 1937 genus
1562 1865 1796 1920 Abrahae
1833 1880 1992 1935 sepa-

408 1969 586 2024 ratur,
617 1969 672 2015 et
698 1975 728 2014 a
755 1960 1142 2015 commistione
1167 1959 1426 2016 eximitur
1445 1959 1674 2014 aliarum
1708 1957 1990 2030 gentium:

410 2063 472 2108 ut
499 2053 726 2110 Creator
773 2063 828 2108 et
875 2052 1142 2108 Dominus
1184 2060 1440 2108 naturam
1493 2061 1734 2108 nostram
1787 2068 1854 2107 ex
1902 2052 1992 2106 illa

412 2145 582 2216 stirpe
615 2153 946 2208 assumeret,
973 2153 1029 2199 et
1054 2144 1306 2200 similiter
1339 2159 1403 2200 ac
1436 2159 1534 2200 nos
1561 2145 1746 2199 carnis
1776 2152 1832 2197 et
1861 2158 1993 2198 san-

411 2238 595 2307 guinis
622 2237 894 2308 particeps
927 2236 1118 2300 ﬁeret,
1158 2252 1269 2306 quo
1297 2236 1440 2307 pacti
1470 2244 1524 2292 et
1563 2235 1818 2306 promissi
1847 2235 1988 2289 veri-

409 2343 493 2386 tas
520 2331 776 2386 omnibus
803 2331 1070 2396 numeris,
1099 2330 1241 2399 apud
1267 2344 1458 2384 omnes
1480 2337 1990 2384 consummaretnr:

411 2439 607 2491 nempe
637 2422 858 2478 Christo
893 2423 1001 2476 Deo
1048 2431 1237 2477 nostro
1261 2463 1276 2486 ,
1324 2421 1376 2475 in
1424 2437 1536 2492 quo
1576 2431 1761 2494 gentes
1801 2437 1992 2476 omnes

411 2515 810 2572 benedictionis
846 2531 944 2586 per
973 2516 1205 2586 gratiam
1237 2514 1536 2585 participes
1567 2515 1706 2569 ﬁunt
1727 2552 1744 2579 ,
1784 2528 1814 2568 e
1847 2513 1994 2568 lum.

409 2608 497 2663 bis
525 2608 669 2664 illius
703 2623 797 2678 per
834 2607 1105 2679 principia
1167 2606 1534 2676 generationis
1587 2607 1840 2661 humanm
1894 2605 1994 2659 de-

410 2699 722 2753 scendente.
755 2695 934 2768 Atque
969 2696 1080 2751 haec
1114 2695 1328 2766 quidem
1362 2695 1650 2760 hactenus,
1685 2696 2006 2773 secundum.

410 2790 628 2861 pietatis
671 2804 888 2845 sensum
925 2806 938 2842 :
997 2789 1129 2859 quin
1156 2797 1211 2843 et
1251 2788 1380 2843 illud
1421 2789 1518 2842 tibi
1565 2787 1730 2842 etiam
1785 2785 1995 2855 liquere

409 2881 667 2944 arbitror,
690 2881 835 2950 quod
860 2880 1206 2936 circumcisio
1227 2879 1413 2934 divino
1434 2879 1553 2934 viro
1574 2877 1808 2933 Abrahaz
1827 2891 1994 2932 causa

411 2987 756 3043 nequaquam
786 2971 910 3027 ﬁdei
943 2970 1145 3037 fuerat,
1173 2986 1274 3026 nec
1300 2971 1392 3025 illa
1425 2970 1726 3026 secundum
1758 2968 1878 3024 lidei
1906 2984 1995 3022 or-

415 3065 598 3120 dinem
629 3065 841 3121 censeri
873 3064 1104 3130 debeat;
1137 3064 1290 3135 prius
1319 3063 1628 3120 crediderat
1661 3069 1716 3117 et
1743 3077 1868 3118 eum
1902 3061 1990 3115 illa
2019 3095 2062 3154 ο

411 3158 543 3214 lidcs
619 3158 858 3213 anterior
929 3157 1071 3227 apud
1143 3157 1292 3210 illum
1357 3156 1691 3222 resedisset,
1750 3154 1990 3224 sigillum

411 3251 516 3305 hoc
569 3250 895 3320 impressum
950 3248 1184 3318 accepit.
1240 3245 1525 3302 Aiﬁrmare
1582 3247 1786 3320 igitur,
1843 3247 1987 3317 quod

413 3340 620 3395 idcirco
659 3340 986 3410 prmputium
1033 3337 1498 3405 abscindebatur,
1530 3347 1592 3392 ut
1618 3338 1853 3394 nudatus
1895 3353 1992 3393 na-

413 3433 686 3488 turalibus
723 3433 1092 3495 ornamentis,
1125 3430 1320 3488 sordes
1351 3430 1602 3501 genitalis
1637 3431 1730 3486 illa
1758 3432 1992 3496 clueret,

409 3525 526 3580 scio
568 3538 808 3597 paganos
839 3532 894 3577 et
930 3520 1152 3576 Judaeos
1199 3539 1213 3576 :
1252 3522 1344 3576 sed
1389 3520 1749 3577 deblaterant.
1781 3521 1989 3584 Contra

407 3630 546 3687 quos
563 3630 688 3670 cum
712 3615 878 3669 multa
894 3613 1028 3669 mihi
1053 3613 1276 3669 dicenda
1302 3621 1614 3685 suppetant,
1634 3629 1755 3685 qua:
1773 3613 1990 3669 abunde

409 3704 663 3761 refellant
711 3709 854 3785 hape
896 3706 1190 3762 absurdam
1227 3706 1543 3776 opinionem
1569 3745 1586 3770 ,
1622 3707 1726 3762 boc
1761 3708 1986 3762 unicum

407 3799 706 3856 edisseram
734 3836 751 3862 ,
783 3800 928 3868 quod
971 3813 1077 3853 non
1118 3797 1390 3852 illibenter
1432 3799 1674 3854 audirem
1713 3799 1788 3854 ita
1821 3799 1986 3854 dicti-

409 3899 609 3958 tantes,
640 3891 686 3946 si
715 3897 904 3945 contra
951 3888 1156 3945 fontem
1187 3888 1496 3946 ellluxionis
1533 3889 1837 3954 seminalis,
1861 3890 1978 3959 gla-

404 3983 553 4037 dium
587 3983 669 4036 vel
701 3981 988 4036 cultellum
1021 3979 1328 4036 adhibitum
1355 3981 1638 4046 vidissent,
1674 3981 1758 4036 vel
1794 3989 1984 4036 contra

405 4083 652 4130 ventrem
677 4115 691 4138 ,
734 4089 898 4142 quem
936 4075 1170 4144 plurima
1209 4073 1588 4139 Immunditie,
1619 4081 1674 4126 et
1701 4073 1987 4128 abomina-

407 4171 501 4226 bili
546 4170 726 4225 adhuc
787 4169 964 4241 magis
1040 4169 1308 4225 repletum
1353 4175 1408 4224 et
1471 4167 1779 4238 subjectum
1847 4176 1988 4224 ster-

406 4271 562 4317 nunt.

2093 1862 2184 1914 τὸν
2222 1862 2537 1936 Προνοητὴν
2583 1865 2770 1918 ἐκάλει
2815 1864 2979 1938 (οὕτω
3025 1869 3136 1940 γὰρ
3195 1869 3402 1923 ἀνωθεν
3445 1870 3547 1922 καὶ
3574 1869 3678 1940 πρὸ

2091 1956 2202 2009 τῶν
2232 1956 2445 2011 αἰώνων
2462 1960 2575 2020 τοῖς
2625 1957 2793 2024 θείοις
2853 1960 2950 2013 καὶ
2996 1962 3334 2034 ἀπορρήτοις
3364 1962 3681 2033 προώριστο

2093 2049 2390 2120 νεύμασι),
2427 2050 2516 2104 διὰ
2565 2051 2728 2105 τοῦτο
2767 2053 2827 2106 τὸ
2872 2051 3233 2124 Ἀϐραμιαῖον
3280 2053 3441 2122 γένος
3487 2055 3682 2124 (ὶιςδορί⁴

2095 2138 2266 2204 ζεται.
2307 2139 2402 2194 καί⁵
2435 2139 2546 2193 τῶν
2575 2139 2750 2192 ἐθνῶν
2778 2141 2887 2194 τῶν
2919 2140 3094 2195 ἄλλων
3113 2141 3216 2211 τῆς
3245 2141 3534 2212 ἐπιμιξίας
3563 2141 3680 2194 δια-

2093 2229 2343 2301 κρίνεται
2367 2245 2380 2258 ·
2413 2230 2500 2282 ἵνα
2522 2228 2615 2282 τοῦ
2639 2230 2990 2302 Δημιουργοῦ
3015 2232 3107 2284 καὶ
3127 2231 3399 2284 Δεσπότου
3421 2231 3523 2301 τὴν
3541 2233 3682 2303 ἠμε-

2092 2323 2260 2394 τέραν
2294 2321 2455 2392 φύσιν
2485 2323 2547 2389 ἐξ
2585 2323 2748 2376 αὐτοῦ
2785 2324 3300 2396 προσλαμϐάνοντος
3320 2365 3335 2391 ,
3368 2327 3466 2378 καὶ
3495 2341 3682 2394 παρα-

2095 2415 2341 2486 πλησίως
2380 2418 2514 2488 ἡμῖν
2575 2417 2779 2488 σαρκὸς
2847 2416 3232 2481 κοινωνοῦντος
3278 2418 3372 2470 καὶ
3423 2417 3680 2485 αἵματος,

2096 2507 2352 2579 ἐπίδηλόν
2384 2525 2443 2561 τε
2471 2508 2592 2561 λίαν
2643 2509 2740 2562 καὶ
2784 2510 3083 2579 περιφανὲς
3125 2509 3300 2563 ἅπασι
3328 2510 3392 2563 τὸ
3417 2510 3520 2582 τῆς
3549 2511 3685 2563 ὑπο-

2098 2601 2337 2672 σχέσεως
2367 2600 2601 2670 ἀψευδὲς
2637 2605 2905 2674 καταστῇ.
2947 2603 3058 2657 Καὶ
3114 2604 3196 2656 ὅτι
3245 2604 3485 2674 Χριστὸς
3545 2604 3684 2667 Θεὸς

2095 2694 2274 2766 ἡμῶν,
2304 2695 2362 2747 ἐν
2388 2688 2433 2764 ᾧ
2465 2695 2642 2749 πάντα
2675 2696 2744 2749 τὰ
2773 2696 2900 2766 ἔθνη
2941 2697 3041 2766 τῆς
3069 2697 3126 2749 ἐν
3181 2697 3370 2769 χάριτι
3417 2697 3681 2766 εὐλογίας

2095 2784 2538 2856 κατηξιώθησαν,
2571 2788 2636 2840 ἐκ
2678 2788 2776 2857 τῆς
2805 2787 3008 2857 ὀσφύος
3055 2789 3266 2842 ἐκείνου
3321 2789 3420 2852 τάς
3457 2789 3683 2860 πρώτας

2095 2880 2189 2932 καὶ
2234 2878 2582 2949 ἀνθρωπίνας
2643 2879 2818 2951 ἀρχὰς
2846 2883 2946 2935 οὐκ
2998 2880 3312 2952 ἀπηξίωσεν
3340 2880 3495 2951 αὐτῷ
3527 2879 3682 2949 γενέ-

2097 2969 2221 3022 σθαι
2247 2972 2348 3040 τῆς
2375 2971 2519 3025 κατὰ
2554 2971 2733 3041 σάρκα
2777 2974 3104 3043 γεννήσεως.
3147 2973 3309 3027 Ἀλλά
3359 2972 3538 3026 ταῦτα
3579 2973 3681 3043 μὲν

2097 3063 2192 3116 καὶ
2217 3062 2284 3117 τὰ
2309 3063 2552 3127 τοιαῦτα,
2590 3065 2640 3116 οί
2667 3064 2911 3128 εὐσεϐεῖς
2939 3065 3210 3136 λογισμοί.
3245 3067 3483 3120 Κάκεῖνο
3514 3067 3571 3120 δὲ
3599 3084 3681 3119 σοι

2095 3155 2254 3226 δῆλον
2309 3152 2464 3226 οἶμαι
2521 3155 2878 3221 καθεστάναι,
2920 3157 2996 3222 ώς
3039 3159 3140 3230 τὴν
3185 3159 3491 3231 περιτομὴν
3523 3162 3553 3213 ὁ
3591 3159 3682 3213 θε-

2095 3248 2320 3309 σπέσιος
2361 3247 2633 3318 Ἀϐραὰμ,
2687 3245 2811 3300 οὔτε
2866 3247 3103 3312 πίστεως
3147 3247 3306 3318 ἔσχεν
3351 3249 3559 3312 αἰτίαν,
3617 3249 3677 3301 οὐ

2094 3340 2204 3410 μὴν
2239 3338 2346 3390 οὐδ’
2374 3338 2507 3392 αὑτὸ
2540 3355 2602 3408 γε
2634 3337 2794 3392 τοῦτο
2837 3338 2990 3402 τάξιν
3028 3339 3334 3409 ἐπέχουσαν
3389 3340 3667 3397 πίστεως·

2094 3430 2491 3501 προεπίστευσε
2549 3429 2678 3500 γὰρ,
2712 3429 2851 3485 ἀλλὰ
2895 3430 2998 3500 τῆς
3035 3430 3476 3502 προῦπαρξάσης
3531 3429 3686 3500 αὑτῷ

2099 3525 2262 3597 μόνον
2315 3525 2588 3596 σφραγίδα
2633 3525 2837 3594 ταύτην
2883 3523 3124 3589 ἐδέξατο.
3159 3525 3230 3577 Τὸ
3265 3524 3451 3595 μέντοι
3481 3541 3544 3592 γε
3592 3524 3685 3578 λέ·-

2094 3629 2236 3688 γειν,
2266 3617 2340 3680 ὡς
2369 3617 2458 3671 διὰ
2484 3616 2642 3670 τοῦτο
2663 3615 3015 3687 περιετμήθη
3048 3615 3150 3685 τὴν
3179 3617 3575 3685 ἀκροϐυστίαν,
3608 3619 3689 3682 ὠς

2093 3707 2160 3762 ἂν
2191 3709 2401 3778 γυμνὸν
2433 3707 2672 3777 γεγονὼς
2701 3707 2809 3762 τῶν
2863 3710 2925 3761 ἐκ
2958 3707 3174 3778 φύσεως
3225 3709 3686 3782 περιϐλημάτων,

2091 3798 2155 3852 τὸ
2201 3799 2516 3867 παιδογόνον
2562 3801 2671 3852 τῶν
2700 3799 2911 3853 ἐκεῖθεν
2952 3799 3142 3869 ρύπων
3189 3800 3488 3874 καθαρεύοι
3513 3843 3530 3866 ,
3566 3800 3690 3859 οἶδα

2098 3891 2198 3962 μὲν
2235 3891 2512 3963 Ἑλλήνων
2547 3894 2726 3957 παισὶ,
2759 3893 2852 3947 καί
2881 3910 3024 3948 τισιν
3061 3894 3333 3949 Ἰουδαίων
3351 3898 3690 3969 ,πεφλυαρηο

2099 3983 2280 4052 μένον.
2314 3983 2424 4036 Καὶ
2465 3983 2636 4053 μυρία
2671 3982 2854 4051 λέγειν
2876 3983 3014 4052 ἔχων
3037 3984 3174 4054 πρὸς
3197 3984 3400 4048 αὐτοὺς
3421 3987 3526 4056 τῆς
3555 3988 3688 4040 d15-

2095 4095 2198 4131 που
2252 4075 2432 4148 δόξης,
2490 4075 2552 4129 τὸ
2609 4075 2716 4128 τῶν
2761 4075 2998 4145 ἐλέγχων
3036 4075 3268 4145 ἄφθονον
3309 4078 3688 4149 χορηγούσης,

2095 4171 2272 4224 ἐκεῖνο
2297 4169 2457 4240 μόνον
2486 4170 2616 4236 ἐρω,
2652 4167 2728 4230 ὡς
2757 4167 2927 4237 ἡδέως
2961 4169 3026 4221 ἂν
3065 4167 3464 4238 αὑτῶνῆκουον
3524 4171 3687 4224 τοῦτο

2096 4257 2390 4328 λεγόντων,
2415 4257 2464 4310 εί
2489 4258 2608 4311 κατ’
2633 4257 2804 4327 αὐτῆς
2835 4257 2944 4310 τῶν
2967 4257 3360 4328 σπερματικῶν
3385 4260 3685 4327 ῥευμάτων

405 4358 504 4426 τῆς
562 4359 768 4428 πηγῆς,
801 4357 1018 4428 πρῶτον
1071 4355 1133 4409 τὸ
1171 4354 1324 4424 ξίφος
1373 4355 1601 4408 ἔϐλεπον
1635 4353 1986 4427 φέροντας,ἢ
2026 4355 2168 4409 κατὰ
2193 4353 2500 4424 γαστέρων,
2521 4350 2588 4416 ἃς
2645 4348 2804 4406 αὐτοὶ
2859 4353 3070 4418 ἑαυτοῖς
3108 4354 3204 4406 καὶ
3250 4353 3515 4408 πλειόνων
3542 4357 3685 4407 ἀκα-

406 4453 646 4525 θαρσιῶν
674 4451 767 4505 καὶ
795 4451 948 4523 βδελυ
961 4451 1214 4522 ρωτέρων
1239 4450 1543 4520 ὑπονόμους
1573 4447 1972 4520 ὑπεστήσαντο.

512 4593 842 4661 ΟὕᾹῐὸΤΙΟ
883 4591 994 4649 CVI
1059 4591 1250 4664 [CoisL
1287 4599 1340 4645 et
1369 4589 1535 4661 Taur,
1569 4588 1880 4661 CXXVIII].

456 4689 597 4754 Quid
639 4689 906 4759 significat
965 4684 1322 4740 redundantia
1373 4683 1516 4738 verbi
1553 4683 1670 4753 εἰμί
1717 4683 1946 4754 (sumi?

2623 4589 2963 4645 ΕΡΩΤιιΣιΣ
3004 4591 3143 4655 rq'.

2344 4686 2406 4741 Τί
2433 4683 2719 4754 σημαίνει
2749 4684 2786 4750 τι
2816 4679 2921 4734 τοῦ
2960 4681 3074 4749 ειμι
3111 4678 3440 4746 παρολκήτ

879 4803 1025 4852 Edita
1054 4815 1081 4850 a
1103 4801 1421 4859 Monlacutio,
1447 4813 1528 4862 ep.
1553 4799 1664 4861 208,
1691 4799 1756 4848 ad
1796 4800 1994 4851 Leonem
2018 4799 2215 4865 philos,
2239 4817 2288 4865 p.
2315 4803 2542 4852 305-4506.
2580 4803 2803 4861 Quaestio
2825 4798 3155 4861 grammatica.

474 4908 825 4964 Abundantia
878 4909 1030 4964 vocis
1073 4907 1214 4979 είμί,
1245 4923 1382 4973 sum,
1433 4908 1485 4961 in
1534 4909 1841 4977 composita
1871 4923 1996 4964 ora-

407 5004 576 5069 tione,
603 4983 727 5060 cum
751 5007 1074 5074 pronomine
1094 5020 1186 5075 ego
1209 5002 1573 5074 praecedente,
1621 5003 1882 5074 frequens
1911 5012 1997 5059 est

406 5098 461 5152 in
491 5098 694 5154 divinis
727 5097 972 5164 Litteris,
1015 5113 1116 5153 nec
1151 5106 1331 5152 tamen
1387 5097 1592 5152 crimen
1627 5097 1776 5152 subit
1827 5097 1994 5152 soloe-

403 5192 562 5250 cismi
609 5210 622 5246 :
672 5191 717 5247 si
764 5192 831 5246 de
871 5193 976 5247 hoc
1004 5191 1244 5257 dubites,
1306 5190 1574 5262 recogita,
1603 5189 1777 5244 ’Ένιοί
1825 5206 1990 5254 τινες·

405 5288 554 5356 Σφᾶς
601 5286 802 5350 αὐτούς
829 5303 843 5317 ο
893 5283 1168 5354 Ἀπῆλθεν
1216 5283 1376 5353 ἔχων,
1409 5298 1534 5352 qua:
1578 5280 1889 5338 redundant
1933 5281 1990 5336 in

403 5379 718 5434 Graecorum
752 5376 930 5440 libris,
983 5385 1038 5431 et
1066 5375 1141 5431 ita
1172 5375 1376 5430 desiste
1402 5374 1730 5430 addubitare
1777 5391 1792 5427 :
1843 5381 1992 5444 patet

403 5473 570 5535 enim,
596 5471 739 5540 quod
759 5469 910 5533 ἔνιοι,
940 5485 1062 5524 cum
1095 5483 1228 5525 voce
1255 5468 1420 5534 τινές,
1442 5468 1603 5537 σφᾶς,
1629 5483 1751 5524 cum
1771 5468 1990 5532 αὐτοὺς,

406 5578 514 5616 non
563 5561 772 5632 aliquid
823 5561 973 5616 aliud
1027 5562 1360 5634 signiﬁcant,
1403 5575 1568 5632 quam
1603 5561 1749 5632 quod
1798 5559 1994 5632 primis

476 5744 541 5778 η’
575 5743 710 5800 Gen.
738 5759 836 5810 ιιι,
864 5743 918 5798 5.

2181 4909 2246 4966 Ἦ
2276 4911 2372 4964 τοῦ
2398 4910 2517 4980 εἰμί
2553 4908 2803 4982 παρολκὴ
2826 4947 2840 4972 ,
2875 4905 2973 4975 τῆς
3004 4903 3119 4972 ἐγὼ
3152 4903 3508 4973 ἀντωνυμίας
3548 4903 3686 4956 κατά

2100 5003 2352 5058 σύνθεσιν
2378 5001 2845 5076 προηγησαμένης
2865 5043 2879 5066 ,
2910 4997 3139 5070 σύνηθες
3168 4997 3269 5067 μέν
3307 4997 3427 5049 ἐστι
3462 4999 3532 5068 τῇ
3569 4996 3687 5064 θείᾳ.

2098 5098 2290 5168 Γραφῇ
2314 5136 2330 5159 ,
2376 5095 2492 5149 ἀλλ’
2525 5093 2782 5163 οὐδεμίαν
2829 5091 2918 5146 διὰ
2951 5091 3109 5145 τοῦτο
3137 5089 3380 5144 σολοίκου
3431 5089 3688 5158 γλώσσης

2110 5188 2286 5242 αἰτίαν
2320 5187 2640 5259 παρέχεται.
2667 5187 2727 5238 El
2757 5184 2816 5238 δέ
2852 5202 2916 5253 γε
2940 5183 3360 5252 διαμφισϐητεῖς
3381 5225 3396 5247 ,
3423 5182 3687 5251 ἐννοήσας

2101 5283 2161 5336 τὸ
2187 5324 2202 5346 ,
2255 5281 2427 5335 ’Ένιοί
2479 5296 2622 5342 τινες
2656 5294 2670 5308 ⁸
2707 5279 2802 5332 καὶ
2835 5277 2931 5341 τὸ,
2983 5277 3129 5343 Σφᾶς
3175 5275 3406 5339 αὐτοὺς,
3437 5275 3537 5326 καὶ
3591 5273 3682 5338 τὸ,

2111 5372 2380 5443 Ἀπῆλθεν
2404 5372 2543 5442 ἔχων
2561 5411 2577 5436 ,
2600 5371 2636 5426 ἃ.
2667 5373 2783 5435 τοῖς
2823 5369 3151 5437 Ἑλληνικοῖς
3185 5366 3475 5429 πλεονάζει
3501 5365 3684 5435 γράμ-

2105 5482 2240 5536 μασι
2268 5507 2284 5532 ,
2334 5464 2532 5534 στῆσον
2567 5464 2762 5518 σαυτὸν
2783 5463 2885 5530 τῆς
2919 5459 3336 5532 ἀμφισϐήσεως.
3370 5457 3547 5527 Δῆλον
3577 5456 3684 5523 γὰρ

2100 5557 2178 5623 ώς
2203 5558 2298 5625 τὸ,
2334 5555 2494 5623 τινὲς
2513 5598 2527 5625 ,
2563 5557 2704 5628 μετὰ
2735 5554 2829 5608 τοῦ
2859 5554 3007 5608 ἔνιοι
3030 5593 3044 5619 ,
3089 5551 3267 5605 καὶτὸ
3295 5547 3465 5619 σφᾶς
3487 5591 3503 5615 ,
3548 5548 3684 5620 μετὰ
