3846 6188
145 250 239 316 δίε
994 249 1093 308 AD
1121 237 1714 309 AMPHILOCHIUM
1741 236 2088 320 QU/ESTIO
2117 243 2533 312 CXVI-CVIII.-
3314 255 3422 317 sta

147 366 238 421 τοῦ
267 364 498 430 αὐτοὺς
523 405 540 431 ,
564 364 717 418 οὐδὲν
739 363 928 435 ἕτερον
953 404 966 428 ,
995 362 1114 417 ἀλλ’
1140 364 1276 435 ὅπερ
1303 363 1526 434 ἐδήλουν
1554 363 1729 418 αὐτῶν

1841 363 2071 418 vocibus
2097 363 2510 434 designabatur.
2531 363 2600 420 Et
2619 375 2766 435 patet
2791 366 2933 423 hanc
2964 373 3130 424 una’m
3160 383 3280 425 esse
3300 385 3434 438 Spe-3.

141 464 195 516 al
218 459 669 532 προτεταγμέναι
692 457 1020 529 σημαίνουσι
1047 449 1240 522 λέξεις.
1268 457 1342 508 Τὸ
1366 456 1424 510 δὲ
1449 453 1729 510 τοιούτων³

1843 459 1985 510 ciem
2015 457 2272 527 parolcia:
2298 473 2393 513 seu
2429 459 2824 513 redundantiae.
2855 461 3053 532 Figura
3089 472 3174 518 est
3221 466 3428 518 oratio-

141 551 364 621 εὔδηλον
389 590 405 612 ,
458 550 534 613 ὡς
570 550 669 619 μία
696 549 780 611 τίς
827 550 975 601 ἐστιν
1011 548 1124 602 ἰδέα
1165 549 1264 619 τῆς
1308 549 1591 618 παρολκῆς
1645 547 1729 602 καλ

1841 548 1948 612 nis,
1999 562 2108 601 non
2163 549 2365 604 solmca
2430 550 2756 620 ignoratio:
2798 564 2850 603 t‘l
2898 569 3042 622 saepe
3102 553 3242 625 ἔχων
3297 572 3422 610 cum

144 644 327 714 σχῆμα
349 643 538 711 λόγου,
565 642 681 695 ἀλλ’
713 643 774 694 οὐ
808 641 1048 703 σόλοικος
1077 640 1270 709 ἄγνοια
1295 655 1310 671 ⁶
1333 641 1428 694 καὶ
1458 640 1520 692 τὸ
1539 681 1554 704 ,
1584 641 1729 709 ἔχων

1840 636 2082 708 ἀπῆλθες
2117 638 2400 692 substrata
2426 655 2531 692 vox
2554 638 2606 692 in
2634 640 3033 710 compositione
3054 643 3194 711 apud
3246 645 3423 712 sophi-

141 737 194 791 δὲ
225 729 496 798 πολλάκις
527 736 666 804 μετὰ
691 734 786 789 τοῦ
823 735 1121 802 ἀπῆλθες,
1168 734 1201 805 ἢ
1233 731 1328 786 τοῦ
1370 733 1657 800 βαδίζεις.
1703 733 1737 806 ἦ

141 829 228 882 τοῦ
257 827 576 894 σπεύδεις,
603 828 697 881 καὶ
727 827 867 898 μετά
891 827 1152 880 πλειόνων
1175 825 1379 890 ἀλλων,
1402 829 1460 878 ἐν
1491 825 1736 898 ὑποταγῇ

143 919 552 990 συντιθέμενον,
572 919 722 990 παρὰ
747 923 858 983 τοῖς
876 921 987 984 σοῖς
1009 920 1290 988 σοφισταῖς
1311 919 1463 972 οὐδὲν
1480 919 1619 982 ὅλως
1639 937 1740 991 ση·-

147 1015 343 1083 μαῖνον
373 1013 714 1084 εὑρίσκεται,
748 1012 862 1066 ἀλλ’
885 1011 1017 1065 αὐτὸ
1045 1009 1206 1064 τοῦτο
1237 1011 1517 1083 παρολκῆς
1544 1009 1740 1080 ἐπέχον

145 1104 324 1158 τόπον.
341 1103 476 1157 Εἰδὲ
491 1105 586 1158 καὶ
606 1105 802 1173 ἐγγυτέ
811 1121 908 1174 ρας
927 1103 1106 1173 βούλει
1127 1101 1739 1174 κατασιωπηθῷαιτοῖς

142 1196 594 1268 παραδείγμασιν
620 1237 634 1258 ,
665 1196 786 1250 οὐδὲ
813 1196 971 1249 τοῦτο
1006 1198 1260 1266 παρήσω.
1295 1194 1474 1249 Αὐτοῦ
1507 1196 1616 1266 γὰρ
1640 1195 1734 1249 τοῦ

140 1290 256 1358 εἰμὶ
305 1289 409 1358 τὴν
441 1288 839 1358 ἀπαρέμφατον
870 1287 1114 1357 ἔγκλισιν
1139 1328 1155 1351 ,
1182 1289 1278 1342 καὶ
1298 1289 1400 1360 τὴν
1428 1288 1584 1342 ἑκὼν
1613 1305 1737 1357 μετ-

143 1380 272 1451 οχὴν
301 1419 318 1442 ,
369 1382 456 1443 εἰς
494 1383 717 1451 μνήμην
770 1379 1078 1450 ἀνειληφὼς
1123 1380 1367 1452 (καίπερ
1413 1381 1584 1450 ὀλίγοι
1628 1381 1737 1434 τῶν

158 1469 521 1521 ’Λττικιστῶν
543 1511 557 1535 ,
589 1467 669 1532 οἷς
717 1471 818 1522 οὐκ
856 1469 972 1523 ἔστι
999 1470 1060 1522 τὸ
1093 1469 1249 1524 ἑκὼν
1274 1467 1427 1526 εἶναι
1462 1473 1572 1526 τῶν
1604 1490 1735 1541 συγ-

143 1563 498 1632 γραμμάτων
521 1569 582 1615 ὲν
615 1563 780 1634 μοίρᾳ
817 1564 1075 1636 λαμπροῦ
1108 1564 1640 1636 καλλωπίσματος),
1673 1565 1735 1620 εὖ

141 1651 237 1708 οἷδ’
266 1655 354 1708 ὅτι
387 1655 585 1708 σαυτὸν
618 1657 840 1729 αἰτιάσῃ
861 1699 876 1723 ,
909 1659 990 1712 ὅτι
1017 1660 1132 1722 τοῖς
1166 1660 1393 1712 ἐκείνων
1423 1659 1610 1724 πόνοις
1649 1662 1735 1713 ὲν-

141 1746 354 1816 ομιλῶν
378 1786 393 1810 ,
426 1747 524 1800 καὶ
551 1746 613 1801 τδ
635 1743 793 1802 εἷναι
825 1748 1037 1818 βλέπων
1065 1752 1339 1822 παρέλκον
1364 1751 1547 1815 αὐτοῖς
1566 1791 1581 1816 ,
1608 1767 1741 1822 τραέ·
1771 1739 1812 1794 Β

142 1835 250 1899 νῶς
287 1836 580 1908 πολλαχοῦ
608 1881 623 1907 ,
671 1839 766 1891 καὶ
819 1838 973 1892 οὐδὲν
1006 1841 1198 1910 νοῆσαι
1241 1857 1256 1872 °
1299 1841 1578 1912 τολμήσας
1605 1843 1737 1897 ποτὲ

141 1931 454 2002 ὀνειδισμὸν
489 1933 732 1987 σολοίκου
779 1935 1068 2007 φωνῆςςῆ
1128 1936 1386 1991 ὑπόνοιαν
1436 1938 1622 2002 αὐτοῖς
1673 1936 1736 1990 τὸ

141 2020 391 2074 τοιοῦτον
427 2023 714 2093 ἐμποιεῖν;
755 2026 871 2080 Οὐκ
921 2026 1317 2100 ἐδυσωπήθης,
1353 2028 1443 2083 διὰ
1490 2030 1592 2100 τὴν
1638 2029 1734 2084 τοῦ

137 2113 258 2184 ειμι
298 2115 586 2187 παρολκὴν
604 2156 620 2182 ,
647 2116 744 2188 τὴν
765 2119 784 2188 (
803 2119 961 2192 εἴπερ
991 2115 1058 2192 ἦν
1088 2122 1263 2175 ταῦτα
1303 2121 1556 2193 γλώσσης
1614 2124 1734 2177 Ἑλ-

140 2206 357 2277 ληνίδος
392 2208 738 2282 ἁμάρτημα)
765 2211 968 2282 ὁμοίως
998 2214 1283 2286 ἑκατέροις
1313 2214 1733 2287 ἐφαρμόζουσαν

137 2298 233 2350 τοῦ
294 2299 622 2366 σολοικίζειν
673 2307 928 2376 γραφὴν,
962 2305 1151 2380 ὥσπερ
1188 2311 1254 2363 ὲκ
1295 2308 1571 2383 βαρϐάρου
1609 2313 1732 2365 ὲπιέ

137 2391 429 2460 τάγματος
455 2395 600 2448 κατά
626 2397 795 2468 μόνης
819 2399 921 2468 τῆς
953 2399 1104 2464 θείας
1127 2401 1286 2472 ήμῶν
1313 2404 1408 2456 καὶ
1432 2403 1734 2474 ἱερωτάτης

139 2482 216 2551 μὴ
248 2485 736 2555 καταψηφίζεσθαι
767 2490 1021 2562 Γραφῆςς
1060 2493 1200 2546 Ἀλλ’
1233 2489 1327 2549 οὖν
1357 2493 1514 2559 εἰδώς
1544 2512 1637 2549 σου
1671 2498 1732 2548 τὸ

137 2576 234 2644 τῆς
264 2575 496 2647 γνώμης
521 2579 846 2646 ἀδέκαστον,
875 2581 1097 2648 εὔελπίς
1132 2587 1250 2656 είμι
1278 2585 1373 2639 τοῦ
1400 2585 1588 2640 λοιποῦ
1615 2625 1631 2650 ,
1664 2586 1728 2639 οὐ

138 2667 304 2735 μόνον
338 2670 540 2738 μηκέτι
571 2688 631 2723 σε
661 2674 730 2728 τά
760 2675 986 2730 τοιαῦτα
1020 2677 1114 2730 ὑπ’
1161 2677 1344 2732 αἰτίαν
1373 2679 1508 2749 ὁρᾷν
1536 2696 1552 2710 ·
1584 2678 1723 2732 ἀλλὰ

1845 739 1958 786 stas
2007 739 2132 782 tuos
2179 731 2319 784 nihil
2359 731 2508 785 aliud
2552 739 2706 786 notat.
2751 748 2915 801 quam
2951 732 3203 802 βαδίζεις,
3255 736 3427 790 σπεύ-

1838 823 1972 887 δεις,
2004 833 2135 892 etc.,
2168 823 2235 878 ad
2281 822 2514 877 formam
2550 823 2806 878 nimirum
2839 824 3140 894 παρολκῆς.
3193 825 3290 882 Sin
3332 805 3440 898 per

1841 916 2107 972 viciniora
2137 917 2387 986 exetnpla
2429 918 2513 972 vis
2561 927 2620 970 ιιι
2650 918 2930 972 silentium
2963 918 3061 972 tibi
3092 918 3426 988 imponatur,

1843 1011 1899 1066 id
1948 1027 2056 1066 non
2109 1012 2545 1082 praetermittam.
2577 1009 2740 1066 Vocis
2770 1010 2890 1080 εἰμὶ
2922 1011 3253 1065 infinitivum
3301 1027 3424 1066 cum

1840 1105 2130 1175 participio
2173 1104 2227 1158 in
2265 1104 2589 1159 memoriam
2620 1119 2886 1159 revocans
2919 1105 3067 1173 (licet
3111 1107 3271 1175 pauci
3315 1105 3428 1160 sint

1840 1197 1981 1253 inter
2011 1197 2318 1263 Atticistas,
2343 1198 2435 1266 qui
2477 1213 2584 1251 non
2620 1195 2763 1249 ἑκὼν
2799 1191 2961 1262 εἶναι,
3003 1207 3064 1252 ut
3097 1209 3426 1253 ornamento

1838 1290 2102 1345 orationis
2129 1290 2404 1360 utuntur),
2426 1292 2564 1357 scio,
2582 1291 2818 1361 teipsum
2837 1293 3105 1364 culpabis,
3131 1296 3279 1365 quod
3299 1313 3428 1351 cum

1837 1383 1892 1436 in
1929 1398 2122 1436 eorum
2156 1383 2378 1452 scriptis
2407 1393 2658 1438 versatus
2693 1383 2884 1451 fueris,
2919 1386 3010 1440 ubi
3047 1381 3190 1440 εἶναι
3237 1389 3427 1459 saepis-

1838 1477 1976 1531 sime
1995 1476 2300 1531 redundare
2317 1477 2688 1545 deprehendes
2708 1477 3181 1547 manifestissime,
3197 1497 3300 1536 nec
3325 1481 3427 1535 ali-

1837 1569 1968 1639 quid
2000 1568 2226 1624 omnino
2245 1568 2557 1639 signiﬁcare
2580 1609 2595 1635 ,
2627 1586 2796 1626 ausus
2836 1571 3008 1628 fueris
3047 1574 3426 1630 solcecismunt

1839 1663 1908 1717 iis
1939 1663 2230 1732 imputare,
2263 1674 2359 1716 aut
2385 1662 2441 1715 in
2488 1662 2608 1732 eius
2644 1666 2832 1719 venire
2860 1666 3230 1735 suspicionem
3258 1666 3282 1719 ἲ
3313 1666 3426 1721 Cur

1841 1755 2008 1826 igitur
2023 1770 2131 1810 non
2153 1754 2397 1809 metuisti
2421 1767 2644 1824 propter
2679 1757 2828 1810 vocis
2863 1757 2980 1826 εἰμὶ
3007 1757 3426 1812 redundantiam

1843 1846 1913 1918 (si
1940 1854 2088 1902 esset
2115 1846 2170 1900 in
2195 1859 2453 1903 sermone
2478 1847 2669 1902 Graeco
2686 1849 3018 1918 peccatum),-
3037 1864 3158 1918 quae
3180 1850 3426 1918 utrisque

1841 1941 2124 2010 competit,
2149 1955 2214 1996 ac
2231 1940 2277 1994 si
2313 1941 2547 1997 barbare
2581 1942 2918 2012 loqueretur,
2949 1957 3164 1998 sacram
3197 1948 3253 1996 et
3281 1943 3426 1997 divi-

1842 2049 1970 2086 nam
2005 2030 2347 2103 Scripturam
2380 2033 2683 2088 incusare?
2711 2032 2815 2088 Sed
2845 2050 2970 2088 cum
3015 2032 3314 2103 intelligam
3339 2031 3427 2085 in-

1841 2136 2166 2193 corruptum
2197 2133 2355 2179 tuum’
2377 2139 2500 2180 esse
2525 2123 2818 2194 judicium,
2845 2140 2970 2196 spes
2989 2140 3076 2178 me
3091 2133 3236 2179 tenet
3256 2123 3422 2188 bona,

1840 2225 1893 2270 te
1926 2217 2241 2286 hujusmodi
2265 2217 2600 2272 locutionem
2627 2217 2830 2273 dehinc
2863 2233 2972 2273 non
3001 2218 3420 2273 incuSa‘turum:

1835 2312 1932 2365 sed
1971 2312 2015 2365 si
2065 2311 2158 2380 qui
2195 2309 2304 2364 sint
2339 2312 2434 2378 qui
2461 2309 2598 2365 illud
2627 2311 2748 2366 ausi
2778 2309 3004 2378 fuerint,
3041 2319 3096 2366 te
3135 2309 3300 2366 facile
3327 2327 3424 2366 eos

1836 2402 2138 2458 instructos
2165 2403 2220 2456 in
2247 2403 2391 2468 viam
2421 2403 2802 2469 reducturum,
2851 2419 3085 2471 quorum
3117 2403 3426 2474 ignorantia

1835 2494 1986 2564 (nam
2019 2493 2263 2549 audacia:
2297 2502 2473 2550 mater
2509 2503 2594 2550 est
2633 2496 2962 2567 ignorantia)
2997 2496 3066 2550 ad
3116 2495 3220 2550 hoc
3261 2496 3426 2550 modo

1833 2585 2266 2657 delinquendum
2325 2588 2474 2660 ipsos
2522 2587 2804 2654 excitavit,
2861 2598 2918 2643 et
2971 2588 3133 2659 quasi
3174 2588 3278 2643 alis
3339 2587 3427 2642 in-

1831 2680 2050 2735 struxit.

135 2760 234 2843 καὶ
259 2761 316 2814 εῖ
341 2779 490 2827 τινες
521 2764 769 2837 τολμῷεν
799 2769 1200 2842 παραπλησίως
1231 2771 1632 2843 ἐξαμαρτάνειν
1661 2809 1678 2835 ,
1716 2772 1916 2843 ῥᾳδίως
1935 2773 2137 2837 αὐτοὺς
2171 2772 2482 2842 μεθέλκειν,
2509 2776 2602 2828 καὶ
2631 2773 3012 2828 ἀναδιδάσκειν
3055 2768 3130 2828 ὧν
3167 2777 3202 2831 ἡ
3233 2773 3424 2841 ἄγνοια

137 2842 400 2925 (θράσους
429 2859 541 2930 γὰρ
563 2861 774 2932 ἀμαθία
833 2863 1062 2936 μήτηρ),
1098 2867 1178 2929 είς
1203 2866 1265 2920 τὸ
1293 2865 1637 2938 πλημμελεῖν
1666 2842 1864 2930 αὐτοὺς
1893 2868 1994 2921 ἀνε
2014 2867 2217 2937 πτέρου
2246 2869 2341 2921 καὶ
2374 2867 2716 2940 ἀνηρέθιζεν.

701 2977 1039 3035 ΕΡΩΤΗΣΙΣ
1071 2982 1194 3038 ΡΖ’.

135 3066 243 3121 Διὰ
262 3067 327 3121 τί
356 3067 778 3145 τῷτληπαθεῐ
816 3071 1098 3141 Ἡρακλεῖ
1131 3074 1200 3128 τὸ
1223 3073 1335 3143 τῆς
1374 3074 1731 3145 Ἀμαλθείας

392 3137 575 3207 κέρας
625 3142 681 3194 οὶ
718 3137 964 3211 ποιηὲαὶ
1014 3137 1486 3215 ἐγχειρίζὸὺσιιῖς

1983 2982 2314 3050 QUIESTIO
2349 2983 2491 3039 cvn
2541 2983 2757 3056 (00551.,
2808 2981 2972 3037 Taur.
3034 2981 3300 3054 CXXIX].

1879 3073 1994 3130 Cur
2011 3076 2281 3132 laborioso
2321 3076 2542 3131 Herculi
2587 3085 2753 3141 poeta:
2792 3076 3087 3131 Amalthea
3135 3085 3300 3130 cornu
3331 3075 3391 3131 in

2369 3149 2615 3202 manibus
2645 3157 2844 3217 ponant
2868 3148 2893 3201 ?

409 3291 552 3341 Edita
576 3305 606 3340 a
629 3291 687 3341 B.
716 3292 779 3340 de
802 3291 1132 3352 Montl‘aucon,
1157 3289 1390 3341 Bibliotlt.
1426 3287 1574 3340 Coisl.
1599 3302 1650 3352 p.
1673 3288 1784 3348 547,
1817 3287 1873 3337 et
1893 3301 1920 3337 a
1952 3287 2276 3348 Montachtio,
2304 3302 2388 3352 ep.
2408 3289 2522 3350 209,
2542 3289 2608 3338 ad
2638 3290 2854 3350 Leonem,
2881 3303 2931 3352 p.
2958 3288 3068 3350 506,
3093 3289 3198 3342 507.-

217 3393 364 3449 Ἵσθι
389 3394 470 3459 ὡς
524 3393 584 3450 οὐ
630 3397 790 3468 μόνον
819 3396 898 3468 τῷ
927 3397 1196 3468 τληπαθεῖ
1262 3397 1561 3470 Ἠρακλεῖ,
1598 3396 1735 3452 ἀλλὰ

139 3491 234 3541 καὶ
273 3486 360 3558 τῷ
392 3487 563 3560 λογίῳ
613 3489 786 3562 Ἑρμῇ
824 3491 885 3544 τὸ
934 3491 1033 3560 τῆς
1077 3489 1406 3560 Ἀμαλθείας
1453 3490 1626 3562 κέρας
1682 3492 1733 3544 οἱ

134 3583 365 3653 ποιηταὶ
414 3583 804 3653 ἐγχειρίζουσι.
843 3584 936 3655 Μὴ
964 3584 1145 3638 τοίνυν
1175 3584 1485 3657 στρατείαις
1514 3585 1609 3638 καὶ
1636 3585 1735 3638 πό-

133 3688 246 3736 νοις
305 3678 646 3744 σωματικοῖς
696 3676 815 3730 ὅλον
866 3677 1092 3732 σεαυτὸν
1125 3677 1338 3742 διδοὺς,
1389 3677 1498 3732 τῶν
1550 3677 1736 3733 καλῶν

137 3765 491 3836 μαθημάτων
521 3767 792 3834 ἀφίστασο
818 3808 833 3831 ,
864 3763 1076 3823 ἐκεῖθέν
1105 3787 1189 3823 σοι
1223 3769 1413 3842 ῥεῦσαι
1453 3769 1614 3840 μόνον
1635 3770 1733 3842 τὴν

135 3860 492 3929 εὐδαιμονίαν
532 3861 626 3914 τοῦ
658 3860 775 3932 βίου
803 3862 1050 3932 οἰόμενος
1079 3879 1094 3895 ⁸
1133 3863 1270 3918 ἀλλά
1315 3865 1409 3918 καὶ
1439 3867 1559 3928 ταῖς
1591 3865 1732 3935 ἠμε-

133 3951 321 4023 τὲραις
343 3951 596 4019 εὐγενέσι
626 3953 882 4021 μούσαιςί
904 3953 960 4008 αἳ
995 3954 1105 4008 τῶν
1141 3955 1460 4026 Ἐλληνίδων
1479 3957 1733 4011 τοσοῦτον

134 4043 528 4116 διαφέρουσιν,
577 4047 702 4100 ὅσον
787 4047 1060 4119 ἐλεύθεροι
1098 4047 1289 4118 φύσεις
1326 4050 1529 4103 δούλων
1579 4051 1727 4122 ἠθῶν

134 4138 227 4190 καὶ
256 4138 560 4202 κολακείας
589 4139 821 4208 ἀλήθεια
840 4181 856 4205 ,
875 4140 1019 4193 δίδου
1045 4141 1150 4195 κᾶν
1169 4143 1228 4196 ἐν
1270 4142 1426 4212 μέρει
1458 4143 1528 4197 τὰ
1552 4144 1730 4214 σεμνά

134 4231 228 4282 καὶ
259 4231 400 4301 ἡδέα
430 4229 541 4282 τῶν
567 4229 830 4301 ᾀσμάτων
859 4233 1188 4306 κατεπᾴδειν
1229 4243 1333 4287 σοι.
1376 4235 1449 4287 Τὸ
1489 4235 1588 4305 μὲν
1617 4237 1724 4307 γὰρ

148 4321 489 4391 Ἀμαλθείας
545 4323 714 4392 κέρας
759 4324 853 4376 καὶ
903 4323 981 4394 τῷ
1015 4322 1268 4396 Ἀχελῴῳ
1316 4327 1546 4397 ποταμῷ
1579 4367 1594 4391 ,
1644 4329 1727 4380 ὅτι

134 4417 232 4484 τὴν
263 4416 641 4486 ὑποκειμένην
675 4418 982 4489 περιρρέων
1008 4417 1196 4492 χώραν
1233 4419 1524 4490 πάμφορον
1559 4420 1726 4491 ἐργά-

133 4509 323 4573 ζεται,
381 4511 443 4563 τὸ
497 4527 740 4580 ποιητων
791 4512 1090 4583 αὐτόνομον
1111 4511 1263 4576 ἔθνος
1294 4513 1527 4582 ἑτοίμως
1573 4516 1725 4585 χαρί-

134 4600 342 4665 ζονται.
376 4603 487 4655 Καὶ
533 4603 687 4656 οὐδὲν
716 4602 991 4674 ἀνθρώπῳ
1024 4603 1169 4673 μέγα
1199 4607 1387 4675 τυχεῖν
1421 4597 1496 4657 ὧν
1523 4607 1585 4657 ἐκ
1625 4606 1726 4674 φύ-

135 4710 271 4756 σεως
309 4696 421 4763 ἔχει
452 4695 548 4747 καὶ
577 4693 645 4746 τὰ
673 4692 878 4764 ἄψυχα.
910 4695 1022 4764 Τὴν
1049 4695 1096 4747 δ’
1127 4695 1306 4767 ἀληθῆ
1335 4696 1430 4749 καὶ
1457 4695 1608 4749 θείαν
1635 4697 1724 4750 εὐ-

1913 3396 2091 3463 Nosti,
2122 3415 2235 3454 non
2263 3399 2440 3454 solum
2481 3399 2761 3454 laborioso
2807 3397 3050 3466 llerCuli,
3100 3399 3197 3456 sed
3250 3400 3418 3455 etiam

1841 3492 2059 3548 erudito
2090 3491 2362 3548 Mercurio
2393 3493 2694 3547 Amaltheae
2735 3508 2908 3547 cornu
2932 3507 3120 3563 poetas
3149 3494 3202 3547 in
3237 3494 3418 3552 mani-

1836 3582 1939 3640 bus
1968 3600 2193 3654 ponere.
2251 3583 2330 3639 Ne
2387 3585 2554 3655 igitur
2608 3587 2817 3641 militia:
2853 3586 3246 3656 laboribusque
3293 3601 3418 3642 cora

1835 3677 2017 3745 poreis
2049 3686 2224 3730 totum
2252 3685 2302 3731 te
2322 3676 2550 3742 dedens,
2585 3693 2616 3732 a
2636 3679 2792 3732 bouis
2814 3677 3123 3748 disciplinis
3155 3679 3416 3742 absistas.

1834 3775 1987 3821 ratus
2023 3766 2174 3823 illinc
2223 3775 2436 3821 tantum
2474 3767 2569 3821 tibi
2603 3769 2873 3823 orituram
2905 3770 3032 3823 vita:
3053 3767 3366 3826 felicitatem
3399 3789 3415 3825 :-

1833 3859 1928 3914 sed
1965 3859 2131 3914 etiam
2165 3859 2446 3913 nobilibus
2497 3861 2671 3917 musis
2704 3863 2932 3925 nostris,
2963 3879 3086 3932 quae
3142 3873 3352 3919 tantum
3385 3881 3417 3920 a

1833 3952 2176 4007 Graecanicis
2205 3951 2316 4006 illis
2345 3952 2630 4021 diﬂ'erunt,
2662 3963 2930 4024 quantum
2983 3956 3170 4010 liberae
3209 3966 3417 4012 natura:

1829 4059 1860 4099 a
1915 4045 2206 4100 servilibus
2254 4047 2550 4114 moribus,
2601 4056 2658 4100 et
2705 4047 2775 4102 ab
2833 4047 3144 4102 adulatione
3190 4050 3414 4112 veritas,

1830 4138 2073 4192 concede
2103 4148 2161 4192 ut
2185 4139 2266 4193 vel
2301 4154 2368 4193 ex
2404 4149 2562 4209 parte
2589 4139 2817 4195 honesta
2854 4139 3154 4212 dulciaque
3195 4142 3414 4197 cantica

1830 4229 1926 4284 tibi
1991 4229 2368 4285 modulentur.
2431 4231 2570 4285 Nam
2623 4231 2930 4286 Amaltheae
3003 4248 3181 4288 cornu
3243 4234 3412 4290 etiam

1835 4322 2074 4379 Acheloo
2120 4321 2312 4390 ﬂuvio,
2367 4325 2505 4394 qttia‘
2555 4323 2863 4394 subjectam
2921 4333 3122 4380 terram
3177 4326 3416 4384 circumd

1827 4416 2002 4472 ﬂuens
2032 4415 2276 4472 feracem
2315 4419 2514 4480 reddit,
2544 4418 2710 4472 libera
2742 4425 3027 4488 poetarum
3059 4418 3211 4472 natio
3237 4418 3414 4474 liben-

1827 4521 1913 4566 ter
1939 4511 2212 4566 attribuit.
2249 4509 2435 4581 Neque
2481 4511 2667 4581 magni
2706 4511 2967 4566 momenti
3002 4512 3214 4566 homini
3249 4528 3414 4582 repu-

1828 4611 1998 4668 tatur,
2027 4617 2092 4657 ea
2133 4602 2353 4674 assequi
2386 4618 2508 4672 quae
2536 4603 2619 4655 vel
2653 4601 2954 4657 inanimata
2979 4602 3096 4673 ipsa
3119 4618 3185 4658 ex
3213 4608 3411 4659 natura

1827 4693 2051 4749 habent.
2083 4694 2279 4749 Veram
2338 4704 2545 4758 autem,
2594 4693 2833 4748 divinam
2867 4703 2920 4748 et
2955 4695 3165 4748 homini
3195 4711 3407 4751 conve-

133 4784 422 4857 δαιμονίαν
460 4785 556 4838 καὶ
583 4785 860 4857 ἀνθρώπῳ
890 4786 1236 4857 πρέπουσαν,
1279 4788 1373 4840 καὶ
1404 4788 1540 4858 πρὸς
1587 4789 1655 4858 ἦν
1686 4790 1721 4859 ἡ

1840 4790 2071 4845 nientem
2115 4789 2457 4856 felicitatem,
2477 4794 2568 4844 cui
2602 4779 2920 4856 comparata
2950 4789 3238 4845 Amalthea
3266 4807 3412 4845 mor-

145 4873 448 4944 Ἀμάλθεια
469 4876 881 4948 παρατιθεμένη
905 4879 1058 4941 νόσος
1075 4879 1170 4932 καὶ
1195 4880 1355 4932 πενία
1382 4880 1718 4951 εὑρίσκεται,

132 4966 194 5018 ἐκ
245 4968 427 5036 μόνων
453 4967 603 5021 ἐστιν
635 4969 744 5022 τῶν
797 4969 958 5022 θείων
997 4972 1208 5040 Λογίων
1243 4972 1334 5025 καὶ
1376 4973 1475 5042 τῆς
1516 4973 1722 5026 ἐκεῖθεν

133 5060 405 5130 γεωργίας
455 5061 796 5133 ἀμήσασθαι.

686 5173 1022 5228 ΕΡΩΤΗΣΙΣ
1055 5177 1180 5232 PH’.

137 5262 195 5316 Τί
219 5263 353 5318 ἐστι
385 5263 457 5321 τὸ
497 5264 798 5331 ἐξουσίαν
828 5265 1141 5408 ἐχῗέήτὴν
1165 5269 1424 5339 γυναῖκα
1470 5270 1571 5325 ἐπὶ
1598 5269 1715 5338 τὴν

796 5353 910 5407 κεςο
1039 5355 1112 5405 ν;

796 5353 1077 5407 κεφαληγ-
1092 5355 1112 5405 ;

1831 4882 1936 4937 bus
1979 4895 2032 4937 et
2059 4893 2358 4952 paupertas
2403 4896 2528 4938 esse
2558 4880 3011 4950 deprehenditur,
3067 4898 3134 4936 ex
3175 4883 3306 4938 solts
3328 4884 3412 4938 tli—
3460 4952 3468 4961 θ

1831 4976 1974 5030 vinis
2001 4974 2271 5045 Eloquiis,
2327 4990 2506 5044 exque
2551 4969 2890 5044 agricultura
2921 4975 3046 5029 inde
3068 4985 3285 5045 sumpta
3316 4977 3412 5030 de-

1828 5080 2029 5124 metere
2051 5070 2200 5125 licet.

1964 5181 2298 5250 ρυΑξδΤιο
2335 5182 2496 5238 CVlll
2533 5183 2726 5256 [ϐοίει.
2752 5193 2800 5238 et
2826 5174 2994 5238 Tum.
3026 5180 3265 5254 CXXX].

1823 5275 1964 5342 Quid
1988 5287 2067 5332 est
2095 5277 2369 5332 mulierem
2385 5276 2576 5332 habere
2603 5286 2915 5347 potestatem
2949 5277 3004 5329 in
3030 5286 3187 5328 cauut
3209 5291 3363 5329 suum
3385 5275 3411 5326 Ρ

649 5429 798 5481 Edita
819 5445 847 5482 a
868 5431 1187 5494 Montacutio,
1207 5446 1287 5497 ep.
1313 5435 1424 5497 210,
1447 5435 1512 5486 ad
1540 5434 1787 5500 Eulamp.,
1807 5450 1860 5500 p.
1883 5433 2425 5496 507-309.Explanatio
2444 5434 2495 5483 in
2517 5432 2538 5482 l
2560 5431 2674 5483 Cor.
2703 5445 2772 5493 xu,
2795 5431 2873 5481 10.

201 5513 298 5583 Τὸ,
338 5516 596 5585 ἐξουσίαν
624 5517 775 5590 ἔχειν
836 5519 936 5591 τήν
973 5523 1210 5588 γυναῖκα
1253 5523 1346 5576 ἐπὶ
1387 5523 1487 5594 τὴν
1541 5539 1710 5593 κεφα-

1897 5521 2057 5587 Illud,
2087 5539 2108 5574 ι
2144 5521 2429 5577 mulierem
2449 5519 2652 5576 habere
2679 5517 2875 5590 capitis
2905 5519 2990 5574 sui
3021 5522 3398 5589 potestatein.)

1430 5638 1663 5695 VARI/1'3
1698 5636 2104 5696 LECTIONES.

243 5744 352 5803 1C.
387 5748 459 5802 Μ.
494 5750 600 5804 555
635 5751 676 5804 Γ.
719 5751 818 5805 180
873 5753 1138 5808 τοιοῦτον.

369 5841 644 5903 Ριιτιιοι..
686 5847 802 5905 (in.
838 5845 931 5906 Cl.

3043 5837 3114 5897 21
