3798 6210
402 197 505 263 643
1545 193 1808 255 ΡΗΟΤΙΙ
1838 193 2343 254 PATRIARCH/E
2373 195 2483 255 (ΖΡ.
3536 182 3636 248 644

398 327 530 373 non,
559 318 619 362 ut
669 306 844 377 prima
888 304 1023 359 facie
1050 304 1217 359 verba
1270 317 1467 360 sonare
1491 298 1766 366 videntur,
1807 304 1881 358 ita
1910 302 1963 355 in

2083 304 2188 375 ⁵ιὴν,
2248 304 2347 374 οὑχ
2382 302 2458 365 ὡς
2526 301 2588 355 τὸ
2627 302 2913 373 πρόχειρον
2959 299 3067 352 τῶν
3104 297 3370 369 ῥημάτων
3403 296 3543 347 voci:
3567 295 3637 345 6i-

396 399 650 473 praesenti
699 408 926 467 usurpat
978 397 1194 451 divinus
1245 395 1466 451 Paulus.
1496 394 1633 449 Cum
1688 394 1964 455 audimus,

2083 395 2251 457 ἴωσιν,
2280 394 2424 447 οὕτω
2451 392 2545 446 νῦν
2570 394 2598 445 6
2631 392 2916 455 θεσπέσιος
2950 389 3164 451 Παῦλος
3216 388 3491 457 ἐξεξληφε.
3535 384 3638 436 Καὶ

404 511 423 544 ι
462 500 781 562 potestatem
842 489 1061 554 habere,
1138 506 1157 539 ι
1213 487 1360 542 forte
1408 486 1832 543 dominationem
1914 492 1970 538 et

2083 482 2198 554 (ἀρ,
2247 482 2492 548 ἐξουσίαν
2525 482 2688 552 ἔχειν,
2742 479 3146 547 ἀκούοντες,ιτὸ
3201 476 3638 541 κατεξουσιάζειν

399 586 764 655 principatum
811 581 1034 651 quidam
1063 580 1367 652 intelligent
1413 598 1427 635 :
1470 589 1525 634 at
1553 578 1641 634 ille
1684 579 1771 633 hic
1809 595 1828 628 ι
1863 590 1966 646 po-

2083 575 2164 626 ιιαὶ
2191 574 2465 645 κυριεύειν
2496 576 2624 636 ῐσως
2657 572 2800 636 τινὲς
2827 572 3176 639 ἐξακούουσιν
3204 587 3217 600 ·
3248 569 3419 629 αὑτὸς
3444 568 3500 619 δὲ
3530 565 3636 628 νῦν,

400 683 653 732 testatem
704 674 904 727 habere
964 691 983 725 ι
1043 674 1198 743 ponit
1248 688 1347 744 pro
1394 691 1413 724 ι
1470 671 1628 728 subdi
1677 680 1733 726 et
1776 668 1967 739 subjici

2083 664 2316 730 ἐξουσίαν
2334 667 2507 737 ἔχειν,
2558 666 2693 738 φησι
2708 666 2804 736 τὴν
2847 668 3103 734 γυναῖκα,
3149 663 3213 716 τὸ
3254 662 3349 715 ὑπ’
3398 658 3641 722 ἐξουσίαν

400 766 675 838 potestati.
716 782 734 814 ι
773 762 953 833 thue
978 764 1121 833 quod
1147 764 1346 817 dicitur
1376 761 1721 816 manifestius
1768 760 1884 825 tiat,
1916 767 1970 814 et

2083 758 2366 811 τάττεσθαι
2393 760 2487 813 καὶ
2518 760 2713 811 τελεῖν.
2753 758 2862 811 Καὶ
2888 758 2975 810 ἵνα
3020 756 3355 826 σαφέστερον
3419 753 3643 819 γένηται

402 859 469 913 ad
508 858 735 912 aliorum
772 871 893 925 qua:
932 855 1135 909 abinde
1166 856 1444 919 oriuntur,
1483 854 1852 907 dubitationes
1880 867 1970 907 so-

2083 844 2131 896 t6
2161 842 2473 913 λεγόμενον,
2515 847 2611 900 καὶ
2638 847 2745 898 τῶν
2774 846 2948 899 ἄλλων
2980 846 3037 897 al.
3063 844 3271 904 λύσεις,
3306 842 3342 896 ἆ
3372 858 3459 894 σοι
3510 839 3644 891 κατᾶ

403 952 538 1006 lutio
587 950 935 1019 expediatur,
981 946 1263 1001 dicendum
1304 964 1317 1000 :
1364 944 1549 999 Mundi
1597 944 1785 998 doctor
1825 945 1973 998 viros

2083 930 2134 983 τὸ
2189 932 2320 983 αὑτὸ
2356 932 2554 1003 χωρίον
2611 934 3054 1005 συνδιηπόρηται,
3098 933 3293 1004 ῥητέον
3354 928 3644 982 ἐντεῦθεν

404 1045 547 1097 inter
577 1041 843 1095 orandum
878 1048 931 1094 et
967 1037 1401 1107 prephetandnm
1445 1052 1553 1090 non
1598 1036 1789 1090 velatis
1820 1034 1973 1104 capi-

2083 1022 2212 1086 Τοὺς
2236 1023 2430 1094 ἄνδρας
2449 1025 2477 1076 6
2501 1026 2595 1094 τῆς
2614 1025 2938 1095 οἰκουμένης
2955 1025 3275 1086 διδάσκαλος
3300 1023 3649 1083 ἀκαλύπτους

1545 193 1808 255 ΡΗΟΤΙΙ
1838 193 2343 254 PATRIARCH/E
2373 195 2483 255 CP.

404 1136 557 1189 tibus
594 1148 715 1187 esse
755 1131 889 1196 vult,
943 1129 1198 1183 mulieres
1249 1138 1428 1181 autem
1480 1127 1691 1182 velatis.
1741 1127 1971 1183 Causam

406 1226 561 1280 aﬂ‘ert
598 1224 897 1295 geminam,
940 1238 1039 1276 cur
1078 1221 1181 1276 hoc
1237 1219 1516 1290 prazcipiat
1552 1237 1566 1273 :
1606 1238 1625 1271 ι
1666 1217 1761 1273 Vir
1811 1227 1975 1288 caput

404 1330 561 1371 suum
594 1312 788 1375 tendit,
838 1320 933 1365 aut
982 1310 1148 1365 etiam
1208 1310 1371 1371 radit,
1407 1326 1426 1359 ι
1483 1316 1737 1363 neutrum
1795 1307 1976 1361 facere

404 1405 621 1461 mulieri
654 1403 1008 1473 permittitur.
1063 1403 1143 1456 lta
1176 1416 1286 1456 non
1334 1400 1558 1470 perinde
1592 1398 1807 1453 mulieri
1850 1399 1978 1452 licet

404 1496 697 1550 invelatum
728 1502 911 1564 caput,
945 1503 1005 1547 ut
1049 1493 1165 1546 viro
1232 1492 1378 1546 licet.
1421 1489 1519 1544 Vir
1553 1508 1571 1541 ι
1600 1504 1669 1545 ne
1698 1499 1853 1560 caput
1879 1488 1975 1542 de-

404 1587 642 1649 decoret,
687 1604 707 1636 ι
743 1599 851 1639 non
880 1584 1032 1653 tegit.
1079 1580 1199 1637 Non
1256 1590 1341 1636 est
1393 1581 1539 1635 enim
1574 1595 1698 1636 cum
1767 1580 1976 1633 ratione
2023 1612 2027 1617 η

2011 1655 2053 1712 Β
2079 1661 2344 1732 κεφαλὴν,
2375 1660 2491 1714 ἀλλ’
2522 1661 2707 1715 οὐκέτι
2733 1662 2826 1714 καὶ
2865 1661 3088 1730 γυναικὶ
3120 1661 3452 1730 τολμητέον.
3484 1660 3546 1711 Ὀ
3572 1661 3659 1728 μὲν

405 1678 779 1746 conjunctum,
812 1686 872 1729 ut
894 1689 1020 1730 cum
1069 1686 1224 1729 coma
1263 1672 1508 1737 tollatur,
1560 1685 1725 1742 quam
1778 1680 1977 1724 natura

404 1767 574 1830 dedit,
608 1775 891 1821 externum
938 1763 1241 1819 asciscatur
1281 1763 1683 1832 operimentum
1717 1759 1977 1815 :mulieri

405 1858 588 1912 decori
644 1866 729 1912 est
787 1856 1223 1926 operimentum;
1277 1862 1439 1923 caput
1498 1852 1818 1907 dehonestat
1866 1865 1977 1905 non

408 1950 571 2004 modo
592 1958 772 2015 tonsa,
836 1962 983 2011 rasa,
1028 1947 1123 2002 sed
1174 1948 1335 2002 etiam
1404 1961 1512 1999 non
1570 1944 1771 2000 velata.
1824 1941 1978 1997 Licet

412 2038 717 2095 enim‘illud
742 2047 936 2094 natura
968 2038 1302 2103 institutum,
1335 2037 1439 2092 hoc
1480 2046 1659 2093 autem
1721 2052 1751 2090 a
1794 2036 1979 2091 mode-

416 2132 520 2187 stia
566 2140 621 2186 et
649 2132 855 2201 pudore
885 2131 957 2186 sit
989 2149 1003 2185 :
1030 2140 1324 2200 utrumque
1361 2138 1542 2184 tamen
1571 2128 1764 2201 capitis
1798 2128 1980 2199 operi-

414 2232 656 2279 mentum
683 2233 765 2277 est
798 2241 812 2277 :
855 2230 910 2277 et
944 2222 1109 2277 veluti
1150 2238 1273 2277 rasa
1314 2221 1563 2277 naturale
1600 2222 1823 2291 deponit
1851 2234 1980 2291 ope-

416 2318 713 2372 rimentum
740 2356 755 2381 ,
802 2315 881 2369 sic
922 2313 1165 2382 in0perta
1208 2312 1431 2383 pudoris
1474 2312 1719 2367 velamen
1768 2320 1823 2367 et
1861 2327 1979 2366 mo-

421 2409 608 2465 destiae
633 2407 791 2471 tollit,
820 2416 1012 2475 «atque
1042 2406 1113 2459 ita
1149 2406 1267 2474 pari
1291 2413 1505 2459 constat
1532 2412 1675 2459 statu
1699 2419 1825 2459 cum
1858 2419 1982 2459 era-

414 2516 497 2558 sa.
534 2519 552 2552 ι
578 2499 694 2555 Una
725 2498 888 2569 igitur
914 2507 970 2552 et
991 2497 1180 2552 eadem
1212 2496 1443 2551 habetur
1468 2510 1655 2562 causa,
1683 2511 1783 2550 cur
1813 2494 1979 2550 velari

413 2592 608 2645 debeat
640 2588 769 2653 illa,
807 2588 912 2643 iste
949 2602 1059 2640 non
1099 2588 1250 2641 item.
1274 2586 1410 2652 lmo,
1449 2600 1507 2641 re
1540 2595 1817 2656 perspecta
1857 2586 1982 2640 dili-

413 2690 632 2752 genter,
668 2678 810 2732 baud
848 2678 952 2733 ista
994 2678 1180 2733 subire
1221 2692 1401 2732 causae
1434 2677 1704 2733 rationem
1737 2678 1980 2744 dabunt;

415 2772 797 2828 refutationem
849 2785 976 2825 vero
1004 2779 1057 2825 et
1093 2772 1434 2841 negationem
1458 2771 1739 2825 continere
1768 2786 1979 2835 eorum,

420 2865 514 2933 qui
542 2872 804 2916 statutum
852 2862 1161 2930 vituperare
1201 2862 1412 2927 volunt,
1446 2871 1500 2914 et
1536 2860 1687 2931 paria
1725 2861 1984 2915 mulieres

2074 1112 2218 1183 ἔχειν
2246 1114 2344 1176 τάς
2364 1115 2606 1183 κεφαλὰς
2633 1118 2691 1169 ὲν
2711 1116 2789 1187 τῷ
2830 1116 3196 1187 προφητεύειν
3228 1132 3291 1167 τε
3335 1115 3436 1166 καὶ
3484 1130 3647 1183 προσ-

2075 1204 2329 1276 εύχεσθαι
2354 1205 2724 1271 διατάσσεται,
2763 1208 2861 1268 τὰς
2901 1209 3165 1275 γυναῖκας
3191 1206 3249 1259 δὲ
3293 1204 3651 1275 κεκαλυμμέ-

2076 1312 2193 1359 νας.
2235 1296 2343 1349 Καὶ
2375 1296 2590 1367 τίθησιν
2615 1297 2793 1361 αἰτίας
2818 1297 2885 1350 δι’
2913 1296 2978 1360 ἀς
3018 1295 3177 1350 τοῦτο
3210 1294 3652 1365 παρακελεύεται

2076 1386 2260 1450 διττάς
2282 1403 2296 1417 ·
2337 1406 2355 1437 ι
2395 1388 2455 1441 Ὀ
2484 1388 2642 1457 ἀνὴρ,
2678 1388 2833 1458 φησὶ,
2864 1388 3108 1459 κείρεται
3140 1387 3242 1457 τὴν
3282 1386 3541 1454 κεφαλὴν
3570 1388 3656 1437 καὶ.

2080 1477 2308 1547 ξυρᾶται
2334 1494 2347 1507 ·
2382 1496 2401 1528 ι
2437 1478 2660 1547 γυναικὶ
2688 1478 2745 1531 δὲ
2772 1477 2879 1531 οὐδ’
2904 1478 3093 1548 ἕτερον
3123 1476 3332 1531 τούτων
3367 1478 3549 1529 ποιεῖν
3577 1475 3659 1527 θέ-

2084 1586 2193 1639 μις.
2246 1568 2436 1633 Οὑτως
2476 1564 2569 1623 οὖν
2611 1572 2660 1623 εί
2689 1570 2785 1623 καὶ
2834 1573 2862 1623 6
2898 1570 3033 1641 ἀνὴρ
3076 1569 3397 1623 ἀκάλυπτον
3425 1567 3542 1636 ἔχοι
3570 1566 3660 1634 τὴν

2078 1751 2208 1823 γὰρ,
2243 1752 2332 1805 ἵνα
2373 1752 2448 1823 μὴ
2476 1752 2681 1823 ταύτην
2722 1752 2988 1823 αἰσχύνῃ,
3019 1752 3283 1822 φυλάττει
3321 1750 3659 1805 ἀκάλυπτον.

2079 1844 2152 1898 Οὑ
2184 1842 2292 1914 γάρ
2315 1843 2471 1912 λόγον
2492 1843 2606 1915 ἔχει
2636 1844 2734 1914 τὴν
2760 1845 2859 1914 μὲν
2898 1845 3098 1913 κόμην,
3129 1845 3198 1913 ἣν
3232 1844 3267 1913 ἡ
3301 1843 3476 1912 φύσις
3520 1842 3662 1894 δίδω-

2088 1954 2197 2001 σιν,
2241 1938 2524 2009 ἀφαιρείνῇ
2558 1936 2757 2001 ἔξωθεν
2782 1936 2840 1990 δὲ
2874 1936 3216 2006 περιϐόλαιον
3265 1936 3547 1987 ἐπινοεῖν·
3575 1951 3657 2001 τυ-

2078 2030 2229 2083 ναικὶ
2272 2028 2331 2082 δὲ
2359 2029 2519 2100 χρέος
2547 2028 2610 2082 τὸ
2648 2029 2947 2099 κάλυμμαο
3002 2026 3361 2097 καταισχύνει
3410 2026 3524 2098 γάρ
3573 2029 3661 2095 τὴν

2080 2121 2325 2191 κεφαλὴν
2354 2122 2544 2192 αὑτῆς,
2574 2120 2762 2190 ὥσπερ
2788 2119 3075 2191 ξυρωμένη
3103 2137 3165 2173 τε
3204 2120 3301 2171 καὶ
3339 2119 3659 2190 κειρομένη.

2081 2211 2224 2266 οὑτω
2256 2213 2321 2284 δὴ
2353 2213 2447 2266 καὶ
2476 2212 2550 2284 μὴ
2591 2211 2997 2283 καλυπτομένη.
3042 2212 3235 2281 Είγάρ
3270 2212 3368 2264 καὶ
3406 2211 3468 2263 τὸ
3503 2210 3604 2279 μὲν
3632 2213 3661 2279 ἡ

2083 2304 2244 2373 φύσις
2312 2304 2676 2377 προϐάλλεται
2702 2322 2716 2335 °
2748 2304 2810 2358 τὸ
2856 2304 2934 2368 δὲ,
2976 2306 3008 2375 ἡ
3038 2303 3274 2374 σώφρων
3314 2303 3486 2364 αἰδώς
3510 2319 3521 2328 ·
3557 2302 3664 2356 ἀλλ’

2082 2390 2175 2448 οὖν
2202 2396 2370 2465 ἄμφω
2393 2396 2637 2465 κεφαλῆς
2672 2394 2993 2466 περιϐόλαια
3015 2413 3027 2425 ·
3057 2393 3152 2447 καὶ
3178 2394 3375 2463 ὥσπερ
3402 2395 3437 2463 ἡ
3472 2393 3662 2461 ἐξυρη-

2086 2483 2222 2555 μένη
2254 2486 2319 2538 τὸ
2351 2485 2584 2562 φυσικὸν
2624 2485 2858 2537 ἀπέθετο
2909 2483 3259 2553 περιϐόλαιον
3279 2525 3295 2550 ,
3331 2481 3489 2535 οὕτω
3515 2485 3605 2536 καὶ
3631 2486 3661 2553 ἡ

2083 2575 2395 2639 ἀκάλυπτος
2426 2576 2527 2645 τῆς
2551 2576 2825 2647 σώφρονος
2854 2575 3035 2639 αἰδοῦς
3078 2576 3322 2647 περιεῖλε
3357 2578 3421 2630 τὸ
3457 2579 3662 2647 ἀμφία-

2086 2684 2219 2737 σμα,
2252 2666 2576 2735 καὶγίνεται
2607 2669 2749 2722 κατὰ
2788 2668 2948 2721 τοῦτο
2977 2670 3169 2722 ταυτὸν
3201 2672 3269 2741 τῇ
3319 2669 3657 2741 ἐξυρημένῃ.

2082 2759 2202 2814 Μία
2242 2760 2339 2829 μὲν
2368 2756 2460 2813 οὖν
2505 2761 2654 2814 αίτία
2693 2759 2788 2813 τοῦ
2834 2761 2933 2830 τὴν
2962 2760 3062 2831 μὲν
3090 2761 3201 2815 δεῖν
3244 2762 3664 2815 κατακαλύπτε-

2087 2857 2230 2922 σθαι,
2284 2857 2377 2908 τδν
2428 2856 2485 2909 δὲ
2513 2857 2747 2926 μηκέτι,
2776 2855 2937 2926 αὕτη.
2974 2856 3192 2910 Μᾶλλον
3220 2858 3278 2910 δέ
3308 2876 3397 2921 τις
3428 2859 3665 2930 ἀκριϐιξ

426 2968 550 3008 cum
585 2952 717 3006 viris
751 2952 1022 3022 factitare
1044 2952 1270 3017 volunt,
1305 2960 1588 3022 propterea
1626 2952 1770 3021 quod
1817 2951 1985 3005 utris-

2086 2947 2421 3011 ἐπισκοπῶν,
2478 2946 2600 2999 οὑδὲ
2647 2948 2824 3011 αἰτίας
2876 2948 3127 3003 ἀπόδοσιν
3149 2951 3270 3017 ἐρεῖ
3299 2950 3480 3003 ταῦτα
3502 2966 3519 2981 ο
3553 2954 3666 3003 ἀνα-

422 3061 530 3116 que
554 3044 626 3099 sit
668 3053 872 3098 natura
918 3044 1227 3098 communis
1270 3062 1281 3098 :
1326 3044 1418 3099 sed
1462 3044 1576 3100 sive
1625 3059 1848 3099 causam
1904 3044 1987 3097 in-

2088 3039 2296 3111 τροπὴν
2330 3010 2413 3093 δὲν
2449 3040 2542 3093 καὶ
2580 3040 2858 3110 ἀναίρεσιν
2890 3040 2997 3094 τῶν
3031 3010 3308 3095 αἰτιᾶσθαι
3367 3043 3472 3113 τὴν
3518 3061 3670 3113 νομο-

430 3140 654 3201 ducant,
685 3151 781 3190 seu
810 3134 1247 3204 redargutionem
1271 3134 1572 3190 tollentium
1604 3134 1840 3199 illorum,
1872 3134 1988 3190 haec

425 3243 608 3281 tamen
650 3240 715 3280 eo
743 3240 907 3279 sensu
928 3223 1205 3278 dicuntur.
1233 3221 1568 3279 Sententiam
1598 3224 1823 3278 alteram
1847 3222 1989 3277 hanc

423 3326 673 3372 statuunt
705 3335 717 3370 :
754 3314 957 3369 Natura
994 3326 1100 3369 stat
1129 3325 1191 3370 ut
1234 3316 1428 3371 mulier
1457 3319 1532 3373 sit
1556 3317 1802 3387 subjecta
1826 3319 1943 3372 viro
1972 3334 1986 3371 :

408 3422 545 3461 nam
584 3407 652 3460 ab
684 3408 780 3459 illo
818 3406 1088 3476 originem
1121 3414 1275 3461 ortus
1310 3408 1393 3461 sui
1426 3422 1489 3462 ea
1531 3407 1758 3462 derivat.
1806 3406 1989 3463 Multis

421 3500 639 3571 quidem
665 3499 787 3554 aliis
811 3500 1088 3568 imperitat
1119 3500 1201 3553 vir
1230 3516 1243 3552 :
1274 3499 1705 3554 illustrissimum
1739 3500 1859 3570 ejus
1889 3500 1987 3554 itm

422 3594 634 3663 perium
673 3600 727 3645 et
778 3600 1025 3661 potestas
1064 3592 1264 3647 eximia
1294 3602 1380 3646 est
1419 3592 1474 3645 in
1518 3592 1820 3647 mulierem.
1878 3592 1993 3648 Hoc

422 3698 584 3739 sensu
620 3683 821 3739 dicitur
852 3700 867 3737 :
910 3683 1056 3739 «Viri
1097 3684 1267 3755 gloria
1294 3684 1492 3739 mulier
1524 3695 1658 3740 est.»
1695 3683 1831 3739 Cum
1863 3699 1993 3755 ergo

422 3779 764 3848 principatus
802 3776 906 3831 viri
953 3792 1090 3846 apex
1127 3777 1326 3831 mulier
1369 3776 1477 3842 sit,
1526 3777 1763 3831 debitrix
1802 3785 1887 3832 est
1930 3792 1993 3831 ea

420 3867 622 3932 facere,
657 3882 999 3937 quaecunque
1030 3868 1233 3933 virum,
1263 3877 1324 3921 ut
1347 3867 1669 3937 principem,
1704 3868 1992 3923 honorent.

423 3960 607 4015 Faciet
649 3971 830 4014 autem
880 3960 1087 4014 habens
1128 3969 1455 4029 potestatem
1494 3960 1667 4029 ipsius
1700 3975 1866 4029 super
1907 3976 1998 4014 ca-

420 4062 561 4125 put,
596 4059 650 4105 et
686 4051 970 4104 declarans
1001 4049 1401 4120 subjectionem
1424 4091 1438 4115 ,
1487 4050 1540 4103 in
1583 4064 1649 4103 eo
1682 4049 1828 4119 quod
1861 4064 1995 4119 pro-

420 4146 608 4215 prium
634 4150 796 4212 caput
818 4142 979 4207 velet,
1021 4141 1173 4195 illum
1205 4152 1390 4195 autem
1418 4151 1633 4210 reputet
1662 4142 1781 4210 ejus
1809 4151 1995 4211 caput,

410 4244 481 4291 et
526 4238 577 4288 in
623 4249 746 4289 eum
780 4234 1098 4288 omnimodo
1132 4241 1393 4304 tanquam
1438 4245 1635 4303 caput,
1670 4234 1995 4288 relationem

2091 3132 2279 3187 θεσίαν
2327 3132 2748 3204 ἐπιχειρούντων
2774 3172 2789 3197 ,
2820 3133 2914 3187 καὶ
2958 3132 3029 3186 τὰ
3065 3135 3203 3187 αὑτὰ
3248 3137 3367 3198 τοῖς
3414 3136 3669 3206 ἀνδράση

2090 3224 2383 3290 ἀξιούντων
2414 3224 2510 3278 καὶ
2553 3228 2611 3279 ἐν
2670 3225 2881 3288 τούτοις
2930 3225 3191 3296 πράττειν
3245 3229 3346 3289 τὰς
3408 3231 3669 3295 γυναῖκας

2091 3316 2179 3371 διὰ
2203 3318 2302 3385 τὴν
2328 3317 2615 3371 κοινωνίαν
2644 3317 2742 3387 τῆς
2780 3316 3016 3385 φύσεως.
3055 3318 3196 3370 Ἀλλ’
3230 3320 3343 3371 εἴτε
3370 3321 3550 3385 αἰτία,
3571 3321 3671 3373 εἴτε

2092 3409 2201 3464 τῶν
2239 3409 2578 3479 αἰτιωμένων
2612 3409 2855 3480 ἔλεγχος,
2892 3409 3118 3481 τοιαύτη
3151 3410 3217 3463 ἂν
3248 3412 3281 3480 ἡ
3313 3411 3533 3465 διάνοια
3571 3414 3674 3483 εἰη.

2094 3501 2363 3573 Δευτέραν
2409 3501 2465 3553 δέ
2498 3500 2684 3572 τίθησι
2724 3503 2978 3573 τοιαύτην
3002 3520 3016 3534 ο
3051 3502 3115 3554 Ἦ
3155 3502 3314 3572 γυνὴ,
3352 3504 3517 3573 φησὶ,
3578 3506 3677 3557 ὑπὸ

2094 3594 2191 3664 τὴν
2214 3590 2463 3658 ἐξουσίαν
2492 3594 2701 3664 πέφυκε
2723 3593 2894 3646 τελεῖν
2915 3594 3009 3648 τοῦ
3032 3594 3225 3665 ἀνδρός
3246 3611 3263 3627 ⁸
3289 3596 3355 3660 ἐξ
3377 3597 3552 3650 αὑτοῦ
3575 3598 3679 3668 γάρ

2094 3686 2221 3756 ἔσχε
2252 3686 2393 3739 κατὰ
2426 3684 2650 3755 πρώτας
2680 3685 2775 3747 τὰς
2810 3685 3128 3754 σωματικάς
3171 3686 3349 3756 ἀρχάς
3388 3686 3497 3755 τῆς
3531 3690 3675 3755 γε·σέ-

2098 3794 2235 3839 σεως
2258 3792 2273 3807 ο
2308 3777 2402 3829 καὶ
2430 3775 2642 3828 πολλῶν
2672 3775 2773 3845 μὲν
2792 3775 3095 3839 ἐξουσιάζει
3128 3777 3221 3829 καὶ
3242 3776 3427 3829 ἄλλων
3447 3778 3479 3827 6
3504 3777 3645 3847 ἀνήρ
3664 3793 3679 3806 ·

2094 3868 2156 3920 τὸ
2184 3866 2243 3920 δὲ
2266 3866 2604 3937 ἐνδοξότερον
2637 3864 2801 3919 αὑτοῦ
2853 3868 2948 3920 καὶ
3004 3866 3333 3939 τιμιώτερον
3386 3868 3494 3937 τῆς
3541 3869 3683 3933 ἐξου-

2099 3950 2221 4020 σίας
2246 3956 2341 4011 καὶ
2358 3956 2554 4027 ἀρχῆς,
2586 3957 2620 4026 ή
2638 3958 2772 4028 γυνή
2796 3957 2935 4011 ἐστι.
2960 3957 3130 4009 Τοῦτο
3153 3958 3261 4029 γὰρ
3282 3957 3436 4026 λέγει
3460 3975 3475 3987 ’
3503 3978 3523 4009 ι
3548 3959 3683 4027 Γυνὴ

2097 4050 2153 4103 δὲ
2167 4048 2294 4113 δόξα
2310 4048 2501 4119 ἀνδρός
2529 4050 2695 4103 ἐστιν.
2738 4067 2757 4100 ι
2804 4048 2956 4101 Ἐπεὶ
2973 4045 3065 4101 οὖν
3115 4049 3176 4101 τὸ
3208 4050 3566 4120 ἐνδοξότερον
3598 4055 3685 4102 καί

2099 4142 2498 4212 ἐπισημότερον
2524 4141 2624 4211 τῆς
2652 4139 2746 4193 τοῦ
2779 4141 2971 4211 ἀνδρὸς
3010 4140 3231 4213 ἀρχῆςή
3258 4143 3401 4211 γυνή
3432 4144 3578 4205 ἐστι,
3603 4160 3687 4194 κεν

2100 4231 2446 4304 χρεώστηκεν
2497 4232 2596 4284 ὅσα
2641 4231 2896 4301 τιμῶσιν,
2950 4230 3025 4294 ὡς
3086 4231 3281 4302 ἀρχὴν,
3352 4232 3447 4285 τὸν
3518 4234 3684 4303 ἄνδρα

426 4323 653 4377 habens.
687 4323 979 4393 Impudens
1003 4332 1151 4377 certe
1179 4331 1235 4377 et
1268 4322 1541 4393 ingratum
1574 4339 1713 4393 opus
1745 4332 1851 4390 est,
1886 4339 1987 4378 non

2105 4326 2383 4396 πράττειν.
2415 4323 2652 4395 Πράττοι
2678 4322 2725 4375 δ’
2754 4323 2820 4375 ἂν
2847 4324 3046 4393 ἔχουσα
3079 4324 3178 4393 τὴν
3214 4324 3476 4390 ἐξουσίαν
3523 4326 3683 4379 afﬁci

425 4430 720 4488 agnoscere
761 4416 914 4469 illum
948 4417 1285 4486 principium
1318 4424 1374 4471 et
1415 4431 1637 4471 causam
1680 4432 1796 4471 sua:
1847 4420 1994 4472 exsi-

426 4508 640 4565 stentiae
664 4547 680 4572 ,
717 4519 772 4562 et
809 4516 870 4561 ut
906 4509 1142 4577 principi
1174 4508 1441 4563 honorem
1477 4508 1754 4563 tribuere:
1787 4508 1833 4564 si
1864 4509 1999 4563 nihil

423 4602 603 4669 aliud,
638 4616 762 4672 quae
797 4602 967 4655 multa
999 4603 1484 4671 sunt,'recogitet,
1525 4602 1571 4658 si
1597 4602 1864 4658 detractet
1897 4604 1999 4657 viri

426 4695 482 4749 in
529 4710 589 4749 se
632 4694 956 4763 imperium,
1005 4702 1061 4748 et
1108 4710 1263 4749 suam
1303 4694 1718 4763 subjectionem.
1764 4695 1835 4749 At
1869 4709 1999 4750 vero

430 4784 680 4853 angelos,
702 4784 880 4853 inquit
902 4826 918 4851 ,
956 4793 1124 4840 testes
1153 4800 1267 4841 suae
1300 4800 1332 4840 a
1355 4787 1475 4840 viro
1503 4786 1751 4856 originis,
1780 4801 1997 4856 aequum

427 4885 514 4932 est
536 4883 598 4929 ut
640 4886 848 4931 metuat
874 4890 938 4931 ac
966 4888 1303 4943 revereatur,
1345 4886 1401 4932 et
1442 4887 1665 4948 propter
1698 4879 1822 4933 illos
1852 4880 2001 4934 vela»

429 4976 671 5021 mentum
686 4967 879 5037 capitis
907 4969 1201 5039 gestarelin
1231 4972 1446 5040 signum
1478 4984 1589 5024 suae
1618 4970 1997 5041 subjectionis.

431 5054 568 5109 Nam
598 5055 703 5111 hoc
734 5056 1014 5112 declarant
1059 5057 1199 5111 illa:
1245 5055 1547 5122 «Quocirca
1600 5056 1761 5112 debet
1804 5059 2001 5113 mulier

432 5156 762 5217 potestatem
792 5148 997 5203 habere
1030 5148 1085 5201 in
1120 5149 1300 5217 capite
1319 5189 1335 5216 ,
1358 5159 1582 5219 propter
1610 5147 1855 5218 angelos.
1882 5167 1901 5199 ι
1929 5150 1998 5204 At

431 5254 541 5294 non
582 5241 809 5311 perinde
851 5242 936 5294 vir
960 5240 1151 5295 eadem
1188 5242 1304 5310 lege
1336 5241 1694 5310 subjectionis
1739 5248 1996 5296 tenetur:

431 5343 539 5383 non
573 5340 655 5385 est
681 5344 822 5400 opus
854 5346 983 5399 ergo
1018 5340 1078 5384 ut
1105 5341 1269 5401 caput
1297 5340 1460 5404 tegat.
1498 5333 1612 5386 lmo
1637 5346 1787 5399 vero,
1824 5334 2001 5403 inquit

430 5423 572 5492 quis,
606 5436 705 5476 cur
740 5421 824 5475 vir
846 5462 859 5484 ,
893 5422 986 5491 qui
1021 5434 1185 5491 caput
1211 5438 1371 5477 suum
1401 5423 1681 5478 Christum
1726 5424 1919 5491 habet,
1948 5436 2003 5480 et

426 5530 553 5569 eum
600 5515 676 5569 sit
721 5513 842 5582 ejus
891 5515 1235 5585 principatus
1288 5530 1415 5585 pars
1447 5516 1844 5585 gloriosissima
1898 5517 2003 5581 (est

424 5607 573 5661 enim
604 5605 689 5660 vir
728 5606 908 5676 imago
941 5617 996 5663 et
1040 5608 1216 5679 gloria
1244 5605 1375 5672 Dei,
1426 5616 1484 5661 ut
1512 5616 1566 5662 et
1596 5606 1793 5662 mulier
1819 5608 1994 5678 ipsius

2101 4420 2194 4471 ἐπὶ
2220 4416 2481 4487 κεφαλῆς,
2523 4418 2617 4470 καὶ
2660 4415 3013 4469 ἐπιδεικνῦσα
3058 4417 3156 4487 την
3180 4418 3472 4487 ὑποταγὴν
3514 4421 3574 4472 ἐν
3611 4419 3685 4487 τῷ

2101 4509 2399 4562 καλύπτειν
2432 4507 2531 4577 μὲν
2564 4507 2661 4577 τὴν
2698 4506 2833 4560 ίδίαν
2858 4523 2872 4537 ⁸
2899 4509 3104 4562 ἐκεῖνον
3141 4508 3197 4561 δὲ
3228 4510 3487 4581 κεφαλὴν
3518 4513 3685 4579 αὐτῆς

2100 4600 2365 4671 νομίζειν,
2404 4601 2499 4654 καὶ
2534 4600 2615 4662 εἰς
2666 4601 2873 4652 ἐκεῖνον
2914 4599 3041 4670 ὃλην
3069 4600 3269 4670 ἑαυτὴν
3300 4601 3381 4665 ὼς
3410 4604 3497 4661 εἰς
3525 4621 3685 4671 κεφαο

2098 4693 2196 4763 λὴν
2219 4693 2597 4764 ἀναφέρουσαν
2641 4690 2976 4745 ἀνατιθέναι.
3022 4691 3411 4763 Ἀναίσχυντον
3432 4697 3552 4766 γὰρ
3595 4700 3686 4748 καὶ

2101 4784 2413 4854 ἀχάριστον,
2450 4784 2523 4853 μὴ
2555 4783 2675 4852 οὑχὶ
2700 4782 2893 4835 τοῦτον
2917 4783 3093 4853 ἀρχὴν
3125 4784 3222 4835 καὶ
3257 4786 3562 4854 παραίτιον
3590 4788 3685 4855 τῆς

2100 4874 2389 4944 ὑπάρξεως
2423 4874 2643 4935 εἰδέναι,
2663 4874 2759 4925 καὶ
2780 4872 2880 4943 τὴν
2902 4874 3136 4944 άρχικὴν
3157 4875 3327 4944 τιμὴν
3359 4876 3681 4943 ἀπονέμειν.

2100 4967 2163 5020 El
2195 4968 2303 5036 γὰρ
2346 4967 2439 5019 καὶ
2483 4965 2651 5037 μηδὲν
2693 4964 2902 5035 ἕτερον,
2946 4964 3157 5017 πολλῶν
3201 4966 3398 5030 ὄντων,
3426 4968 3687 5036 ὑπολογί-

2102 5058 2268 5124 ζοιτο,
2306 5058 2442 5129 μηδέ
2491 5075 2643 5121 τινας
2673 5056 2989 5127 ,ἀνθρώπων
3032 5058 3347 5127 αἰσχύνοιτο
3381 5059 3488 5127 τὴν
3514 5062 3686 5131 ἀρχὴν

2102 5153 2287 5217 αὑτοῦ,
2316 5152 2411 5204 καὶ
2439 5152 2500 5204 τὸ
2532 5150 2897 5221 ὑποτετάχθαι
2935 5152 3381 5222 παραιτουμένηο
3404 5154 3687 5215 suam);

2100 5244 2231 5312 γοῦν
2262 5243 2550 5311 ἀγγέλους,
2584 5245 2769 5313 φησιν,
2800 5243 2850 5295 οἳ
2874 5242 3105 5295 ἐπόπται
3132 5244 3228 5297 καὶ
3269 5246 3554 5316 μάρτυρὲς
3585 5249 3688 5298 εἰσι

2100 5335 2201 5405 τῆς
2236 5336 2293 5401 ἐξ
2320 5336 2510 5406 ἀνδρὸς
2541 5335 2806 5403 γενέσεως
2836 5335 3021 5403 αὑτῆς
3050 5336 3145 5388 καὶ
3201 5337 3434 5406 προόδου
3457 5377 3475 5401 ,
3508 5338 3687 5390 δίκαια

2103 5428 2171 5482 ἂν
2194 5429 2278 5498 εἴη
2309 5427 2673 5481 δυσωπεῖσθαι
2698 5428 2792 5480 καὶ
2841 5427 3192 5496 αἰσχύνεσθαι
3218 5468 3234 5491 ,
3269 5429 3603 5481 ὑπόκεισθαί
3630 5446 3687 5481 τε

2104 5519 2197 5573 διὰ
2228 5520 2389 5572 τοῦτο
2408 5518 2485 5590 τῷ
2510 5520 2685 5592 ἀνδρὶ,
2730 5519 2825 5572 καὶ
2856 5518 2959 5588 τῆς
3006 5520 3291 5589 ὑποταγῆς
3337 5522 3609 5591 σύμϐολα,
3632 5521 3690 5571 τὸ

2105 5611 2200 5665 ἐπὶ
2224 5612 2323 5681 τῆς
2351 5611 2596 5681 κεφαλῆς
2628 5611 2890 5682 κάλυμμα
2936 5611 3143 5681 φέρειν.
3184 5612 3364 5667 Τοῦτο
3409 5613 3526 5684 γάρ
3571 5613 3690 5683 ἐδή-
