3798 6210
89 293 198 357 645

941 288 1041 348 AD
1077 286 1674 350 AMPH-ILOCHIUM
1718 284 2064 371 QUIESTIO
2098 280 2306 362 CVIII,
2334 287 2479 348 CIX.

3243 280 3347 355 646

89 408 268 460 λωσεν
297 400 489 467 εἰπὼν,
520 418 539 454 ι
574 399 674 453 Διὰ
706 399 864 454 τούτο
894 402 927 471 ή
976 400 1115 472 γυνὴ
1167 400 1372 471 ὀφείλει
1422 398 1673 465 ἐξουσίαν
1704 410 1747 467 Α
1775 399 1879 471 est)
1907 441 1924 467 ,

1796 399 1879 471 :st)
1907 441 1924 467 ,
1954 415 2060 455 non
2121 410 2175 454 et
2206 400 2324 470 ipse
2370 413 2532 455 suum
2580 411 2744 471 caput
2786 400 2956 472 tegit?
2994 401 3092 457 Cui
3118 418 3347 474 respon-

87 498 240 567 ἔχειν
272 497 367 549 ἐπὶ
394 495 491 563 τῆς
524 494 786 563 κεφαλῆς,
810 492 898 547 διὰ
932 495 1059 557 τοὺς
1092 492 1379 562 ἀγγέλους.
1413 510 1432 542 ι
1464 491 1522 546 '0
1541 490 1669 563 μέν·

88 609 177 644 τοι
226 607 288 654 γε
318 589 481 659 ἀνὴρ,
510 588 694 641 οὑκέτι
723 587 802 657 τῷ
832 586 982 656 αύτῷ
1008 587 1110 656 τῆς
1144 586 1423 657 ὑποταγῆς
1446 586 1673 639 ὑπόκει-

89 698 188 734 ται
218 681 370 750 νόμῳ
396 695 410 709 ·
452 678 532 731 διὸ
586 679 709 733 οὐδὲ
740 678 928 751 χρείαν
952 676 1066 747 ἔχει
1087 676 1456 731 καλύπτεσθαι
1475 677 1575 746 τήν
1590 693 1675 729 κει

89 770 291 840 φαλήν.
310 770 490 835 Ἀλλὰ,
524 770 655 835 Ναὶ,
690 770 879 840 φησὶν,
914 770 1057 823 εἴποι
1074 768 1140 823 ἄν
1169 774 1277 833 τίς,
1302 768 1391 821 διὰ
1408 768 1462 821 τί
1484 769 1513 821 ὁ
1535 767 1675 839 ἀνὴρ

86 863 339 935 κεφαλὴν
371 863 511 933 ἔχων
537 863 630 916 τὸν
655 863 912 934 Χριστὸν,
944 863 1039 915 καὶ
1071 861 1174 932 τῆς
1212 863 1390 932 ἀρχῆς
1418 861 1587 915 αὑτοῦ
1614 860 1676 914 τὸ

85 958 435 1021 ἐνδοξότατον
464 956 729 1026 ὑπάρχων
769 955 957 1026 (εἰκὼν
980 956 1088 1026 γάρ
1110 957 1206 1009 καὶ
1230 954 1358 1020 δόξα
1382 953 1544 1021 Θεοῦ,
1572 970 1679 1024 φη-

96 1050 205 1112 σὶν,
240 1048 432 1119 ῶσπερ
461 1048 557 1100 καὶ
580 1045 745 1100 αὑτοῦ
768 1046 1098 1117 χρηματίζει
1150 1048 1184 1119 ή
1212 1047 1392 1118 γυνὴ),
1431 1038 1555 1117 οὑχὶ
1583 1045 1679 1100 καὶ

86 1140 257 1203 αὐτὸς
311 1138 723 1192 κατακαλύπτει
772 1137 874 1209 τὴν
921 1137 1200 1208 κεφαλήν;
1230 1139 1373 1209 Πρὸς
1425 1138 1485 1191 ὃν
1529 1137 1678 1192 ἔστιν

85 1232 291 1295 εἰπεῖν,
322 1232 405 1281 ὄτι
437 1228 507 1282 δι’
544 1229 676 1281 αὑτό
718 1227 817 1298 μὲν
857 1227 1015 1280 τοῦτο
1074 1228 1275 1298 μᾶλλον
1323 1229 1422 1282 οὐκ
1474 1228 1677 1297 ὀφείλει

86 1320 567 1385 κατακαλύπτειν,
592 1320 676 1373 ἴνα
709 1318 803 1371 καὶ
830 1318 991 1381 αὐτὸς
1014 1320 1070 1372 ὲν
1090 1320 1165 1389 τῷ
1186 1320 1373 1390 ἄρχειν
1399 1320 1492 1373 καὶ
1524 1320 1677 1385 ἐξουο

88 1412 329 1476 σιάζειν,
365 1411 502 1464 ἀλλὰ
537 1410 613 1481 μὴ
648 1409 823 1463 τελεῖν
848 1411 937 1479 ὑφ’
972 1412 1191 1482 ἑτέρους
1219 1413 1312 1464 τὸν
1331 1412 1510 1466 κοινὸν
1535 1415 1682 1465 είκοο

86 1505 257 1569 νίζων
288 1503 569 1573 Δεσπότην
596 1502 809 1573 δειχθῇξ·
831 1495 891 1556 οὗ
902 1520 1002 1574 περ
1022 1502 1243 1568 ἔνδειξίς
1258 1506 1374 1557 ἐστι
1399 1504 1461 1557 τὸ
1494 1505 1680 1576 φέρειν

85 1596 412 1649 ἀκάλυπτον
461 1596 559 1665 τὴν
604 1595 872 1666 κεφαλήν.
902 1594 1023 1648 Ὅτι
1074 1596 1172 1665 μὲν
1209 1596 1317 1666 γὰρ
1349 1595 1505 1666 ἄρχει
1548 1597 1681 1660 Θεὸς

87 1688 192 1740 καὶ
226 1687 504 1759 κυριεύει,
533 1686 745 1757 κεφαλὴ
801 1686 1058 1757 πεφηνὼς
1087 1686 1183 1740 τοῦ
1217 1688 1432 1759 ἀνδρὸς,
1457 1688 1557 1741 οὑκ
1586 1689 1685 1741 αὑ-

1780 493 2040 555 dendum,
2074 492 2220 561 quod
2260 492 2331 547 ob
2365 492 2469 547 hoc
2503 491 2682 561 ipsum
2731 494 3020 563 tegendum
3062 494 3138 549 illi
3185 506 3352 567 caput

1780 598 1891 637 non
1926 592 2042 645 est,
2082 595 2142 636 ut
2177 584 2236 636 in
2270 580 2594 652 imperando
2621 591 2677 636 et
2718 590 3041 652 potestatem
3076 585 3348 648 habendo,

1779 688 1890 729 non
1919 674 2260 745 subjiciendo
2288 689 2347 730 se
2381 674 2528 743 aliis,
2566 690 2917 729 communem
2935 675 3228 731 Dominum
3255 693 3352 730 ex:

1780 769 2017 839 primere
2046 769 2403 835 ostendatur;
2444 776 2528 825 est
2568 771 2688 840 ejus
2721 772 2964 827 ostensio
2998 781 3162 841 caput
3191 786 3353 828 suum

1782 873 2031 935 Opertum
2062 865 2284 920 habere.
2324 863 2479 931 Qu‘od
2504 864 2646 919 Deus
2676 865 2908 934 imperet
2938 875 2993 920 et
3021 860 3352 930 dominetur,

1785 958 2009 1027 utquod
2043 965 2208 1027 caput
2229 958 2336 1011 'viri
2373 958 2465 1022 sit,
2492 972 2603 1010 non
2641 956 2745 1010 viri
2779 956 2973 1022 solius,
3016 955 3113 1012 sed
3154 958 3205 1011 et
3233 959 3356 1010 om-

1784 1048 1937 1102 nium
1967 1052 2149 1101 rerum
2179 1089 2195 1115 ,
2243 1063 2351 1101 non
2393 1057 2477 1102 cst
2518 1048 2572 1100 in
2614 1048 2873 1117 ambiguo
2902 1048 3161 1117 positum.
3195 1047 3359 1114 Quo-

1784 1138 1931 1193 circa
1953 1178 1968 1202 ,
2004 1154 2104 1193 nec
2134 1154 2164 1192 ιι
2208 1138 2474 1209 symbolis
2508 1154 2646 1207 opus
2674 1146 2757 1193 est
2785 1116 3027 1193 indicare
3062 1139 3358 1209 subiectio-

1786 1246 1933 1294 nem,
1956 1243 2081 1285 cum
2114 1240 2421 1300 opponatur
2442 1231 2582 1299 apud
2607 1236 2799 1284 omnes
2824 1230 2877 1283 in
2907 1228 3158 1285 confesso
3187 1230 3357 1296 ipsius

1784 1330 2045 1394 potestas,
2106 1324 2157 1378 et
2214 1322 2517 1376 dominatio
2568 1321 2884 1391 principalis
2940 1324 3105 1391 super
3148 1320 3356 1375 omnia.

1787 1417 1905 1481 Ast,
1947 1413 2093 1484 qttod
2143 1412 2340 1468 mulier
2369 1414 2563 1468 debeat
2590 1414 2708 1468 viro
2744 1416 3007 1484 supponi,
3035 1418 3145 1469 non
3173 1426 3257 1471 est
3289 1430 3357 1470 cx

1786 1517 1945 1574 inquo
1973 1504 2230 1558 omnibus
2252 1504 2487 1569 clarum,
2518 1504 2693 1573 ipsam
2724 1521 2855 1559 vero
2901 1506 3006 1561 hoc
3036 1506 3195 1561 fateri
3218 1522 3357 1576 opus
3424 1506 3427 1509 ’

1785 1608 1890 1664 est,
1919 1605 1975 1653 et
2002 1613 2096 1667 per
2120 1596 2365 1668 symbola
2390 1596 2531 1651 idem
2562 1597 2860 1652 declarare.
2897 1597 3037 1653 Sunt
3058 1599 3204 1652 enim
3236 1600 3358 1668 qua!

1787 1706 1914 1746 cum
1957 1690 2113 1761 signa
2142 1704 2207 1743 ea
2249 1687 2685 1755 circumferant,
2715 1704 2745 1743 a
2776 1689 2964 1744 multis
2999 1690 3272 1758 resiliunt,
3306 1700 3362 1745 et

84 1779 189 1832 τοῦ
225 1781 409 1850 μόνον,
436 1780 573 1833 ἀλλὰ
603 1780 699 1833 καὶ
744 1780 1101 1849 συμπάντων,
1134 1779 1312 1844 οὐδεὶς
1354 1779 1683 1850 ἀμφιόολίας
1716 1781 1756 1836 Β
1785 1783 1930 1838 ordir

1796 1783 2033 1838 ordinem
2080 1781 2402 1845 invertunt,
2447 1782 2591 1834 unde
2631 1782 2805 1835 turbae
2842 1791 2897 1835 et
2935 1785 3204 1837 tumultus
3247 1799 3359 1838 non

87 1871 278 1940 λόγος.
316 1873 519 1943 Διόπερ
568 1872 688 1925 οὑδὲ
747 1872 1035 1943 συμϐόλων
1080 1874 1161 1937 είς
1188 1872 1349 1927 τοῦτο
1374 1875 1683 1948 καθέστηκε

87 1965 284 2035 χρεία,
319 1965 420 2035 τὴν
463 1964 749 2035 ὑποταγὴν
798 1965 1419 2035 ἐνδεικνυμένωνοπᾶσι
1464 1966 1572 2037 γὰρ
1620 1967 1683 2020 τὸ

88 2056 246 2110 κατὰ
294 2057 517 2110 πάντων
566 2052 732 2110 αὑτοῦ
770 2057 990 2127 κράτος,
1040 2056 1135 2110 καὶ⁵
1177 2057 1211 2126 ή
1252 2058 1558 2127 Δεσποτικὴ
1589 2060 1677 2112 ἀνα

88 2149 453 2220 ωμολόγηται
503 2152 782 2222 κυριότης.
850 2150 972 2204 Ὀτι
1017 2150 1074 2204 δὲ
1130 2153 1367 2218 γυναῖκα
1419 2151 1523 2204 ὑπὸ
1583 2152 1682 2223 τὴν

90 2242 354 2306 ἐξουσίαν
389 2244 473 2295 δεῖ
496 2244 753 2313 τετάχθαι
782 2243 875 2295 τοῦ
897 2242 1111 2312 ἀνδρὸς,
1136 2242 1258 2295 οὑτε
1292 2245 1455 2296 πᾶσιν
1479 2243 1682 2313 ὁμοίως

90 2335 364 2405 φανερὸν,
392 2335 561 2403 αὑτήν
581 2352 641 2388 τε
675 2336 875 2389 είδέναι
901 2335 1137 2406 μάλιστα
1162 2338 1427 2407 προσήκει
1450 2337 1682 2401 καὶτοῖς

92 2442 164 2477 συ
178 2426 402 2494 μϐὀλοις
436 2426 828 2482 ἐπιδεικνύναι.
865 2428 1044 2482 Ἔνιαι
1072 2428 1181 2498 γὰρ
1221 2428 1403 2481 καὶτὰ
1433 2426 1680 2498 σύμϐολα

91 2520 514 2590 περιφέρουσαι
562 2520 775 2574 πολλῶν
825 2537 887 2574 τε
922 2520 1425 2586 κατεξανίστανται,
1460 2523 1553 2574 καὶ
1580 2522 1681 2594 τὴν

1784 1875 2025 1947 privatas
2060 1874 2241 1929 solum
2270 1872 2438 1939 aedes,
2470 1872 2565 1927 sed
2606 1876 2772 1927 urbcs
2799 1873 3144 1943 repleverunt
3175 1876 3361 1945 :quod

1786 1971 1894 2026 nisi
1933 1971 2010 2025 ita
2037 1978 2205 2033 esset,
2240 1978 2301 2023 ιιι
2322 1968 2717 2036 subiectionem
2759 1985 2979 2025 servare
3004 1952 3354 2040 iuberentur,

1785 2061 1917 2131 quid
1959 2076 2071 2116 non
2109 2061 2421 2116 accideret?
2488 2060 2753 2127 Quocirca
2800 2076 2922 2115 cum
2969 2061 3181 2115 ratione
3225 2065 3362 2116 con-

1779 2155 2031 2222 junctum
2057 2192 2073 2218 ,
2105 2162 2159 2207 et
2186 2168 2215 2207 e
2253 2152 2530 2207 communi
2560 2151 2790 2206 utilitate
2829 2138 3066 2217 Paulus,
3098 2166 3222 2206 cum
3258 2151 3362 2206 alia

1782 2245 1932 2300 dedit
1966 2246 2020 2299 in
2051 2245 2346 2309 mandatis,
2375 2253 2429 2299 et
2457 2244 2737 2313 sapientia:
2770 2242 2967 2313 plenis,
3001 2258 3108 2297 non
3144 2242 3358 2297 tantum

1783 2338 2041 2409 physica),
2074 2338 2169 2393 sed
2197 2346 2252 2392 et
2281 2338 2516 2408 politicae
2546 2336 2937 2407 entliytncmasi
2979 2336 3197 2391 delinita
3245 2338 3357 2391 cir-

1784 2430 2157 2500 cumscripsit,
2182 2430 2384 2499 quibus
2412 2429 2495 2482 vir
2527 2427 2791 2482 nudatum
2823 2434 3007 2499 caput,
3035 2416 3234 2483 mulier
3259 2435 3381 2497 au-V

1786 2531 1896 2576 tem
1928 2522 2167 2576 velatum
2196 2522 2397 2576 habere
2424 2520 2672 2588 iubetur.

90 2613 321 2667 οἰκείαν
351 2612 505 2677 τάξιν
570 2614 897 2682 ἀμείϐουσαι
948 2613 1193 2684 θορύϐων
1240 2615 1335 2666 καὶ
1384 2614 1627 2683 ταραχῆς
1664 2614 1725 2667 οὑ
1765 2615 1866 2678 τὰς
1929 2614 2108 2677 οἰκίας
2166 2614 2347 2684 μόνον,
2397 2596 2532 2666 ἀλλὰ
2578 2600 2672 2666 καὶ
2719 2612 2903 2676 πόλεις
2931 2610 3277 2683 ἐπλήρωσαν.
3306 2599 3373 2664 Ei

94 2706 166 2758 δὲ
196 2704 277 2776 μὴ
306 2704 465 2758 τοῦτο
489 2701 580 2776 ἦν,
611 2707 706 2760 καὶ
752 2707 851 2777 τὴν
876 2706 1154 2778 ὑποταγὴν
1182 2707 1255 2777 μὴ
1280 2706 1691 2777 προσετέτακτο
1730 2708 2039 2776 φυλάττειν,
2071 2709 2124 2761 τί
2186 2707 2252 2761 ἂν
2286 2709 2527 2789 ἐγεγόνει
2555 2723 2569 2771 ;
2633 2707 2883 2775 Εὑλὸγως
2923 2705 3030 2777 ἄρα
3051 2707 3143 2759 καὶ
3168 2706 3368 2775 βιωφε-

100 2797 223 2861 λῶς
256 2800 287 2852 ὀ
318 2798 590 2869 μακάριος
630 2796 940 2867 Παῦλοςξτά
986 2815 1047 2851 τε
1082 2798 1219 2853 ἄλλα
1257 2798 1569 2867 διωρίσατο,
1601 2796 1697 2850 καὶ
1735 2800 1920 2868 σοφοῖς
1948 2816 2008 2852 τε
2034 2799 2128 2851 καὶ
2152 2802 2424 2868 φυσικοῖς,
2455 2796 2590 2852 ἀλλὰ
2637 2798 2732 2851 καὶ
2796 2799 3094 2858 πολιτικοῖς
3124 2800 3365 2865 συγκατ-

99 2896 453 2949 εσκευάσατο
481 2893 881 2966 ἐνθυμήμασιν,
951 2894 1027 2958 ὡς
1054 2894 1209 2966 ἀνδρὶ
1251 2894 1351 2965 μὲν
1380 2892 1691 2947 ἁκάλυπτον
1729 2893 1875 2965 ἔχειν
1930 2895 2027 2966 τήν
2061 2894 2326 2966 κεφαλὴν,
2352 2895 2569 2963 γυναικὶ
2592 2894 2650 2947 δὲ
2677 2892 2798 2963 οὑχ).
2852 2893 3072 2964 θεμιτὸν
3097 2893 3176 2963 μὴ
3195 2908 3370 2946 κατα-ο

99 2985 513 3042 καλύπτεσθαι.

662 3100 999 3155 ΕΡΩΊῊΣΙΣ
1032 3100 1154 3154 PB’.

188 3189 261 3245 Τί
312 3188 489 3258 δηλοῖ
546 3188 648 3256 τὸ,
694 3209 713 3241 ι
761 3192 884 3244 Οὐκ
938 3190 1016 3244 ἂν
1054 3189 1241 3271 ὀρθῶς
1291 3189 1618 3258 προσενέγ-

729 3278 864 3329 κῃς,
891 3280 911 3312 ι
948 3278 1002 3315 κ.
1034 3278 1065 3314 τ
1100 3274 1184 3327 .Α;

1922 3095 2248 3166 QUAESTIO
2281 3096 2397 3152 CIX
2424 3096 2611 3169 [ϐυἱει.
2659 3106 2708 3151 et
2746 3095 2917 3151 Taur.
2960 3094 3225 3168 CXXXI].

1800 3193 1939 3259 Quid
1971 3193 2071 3245 sibi
2106 3193 2213 3245 vult
2243 3190 2376 3244 illud
2402 3206 2421 3243 :
2459 3207 2477 3240 ι
2512 3191 2634 3243 Non
2661 3190 2709 3243 si
2739 3198 2878 3243 recte
2899 3188 3171 3253 obtuleris,
3210 3207 3229 3240 ι
3260 3198 3369 3243 etc.

108 3374 265 3424 Edita
295 3386 324 3423 a
349 3369 667 3431 Montacutio,
714 3384 796 3434 ep.
823 3369 933 3432 9H,
960 3368 1025 3419 ad
1073 3371 1344 3430 Constant,
1383 3384 1432 3432 p.
1482 3366 2030 3489 BOQ-iigériftglanatio
2074 3366 2129 3415 in
2151 3364 2332 3415 Genes.
2363 3377 2425 3425 tv,
2482 3365 2509 3412 7
2548 3364 2707 3426 (juxta
2750 3361 3217 3426 interpretationem
3250 3365 3374 3417 LXX

1633 3445 1660 3478 ἰ
1787 3445 1828 3476 .n
1863 3464 1875 3476 .

1633 3445 1828 3478 v'trormn
1841 3445 1851 3478 ι
1863 3464 1875 3476 .

186 3520 319 3583 Τοῖς
372 3516 763 3589 φιλομαθοῦσιν
801 3517 978 3586 ἔγωγε
1021 3517 1161 3587 (πῶς
1191 3517 1695 3586 ἀνεπιφθονὼτερον

110 3614 268 3664 εἴπω
289 3612 329 3681 ;)
358 3612 575 3681 χαρίεις
604 3611 741 3681 είμί.
779 3610 857 3663 Δι’
890 3610 919 3663 ὃ
944 3610 1051 3663 τῶν
1078 3611 1444 3680 ἠπορημένων
1483 3625 1566 3662 σοι
1596 3607 1696 3676 τὴν

108 3705 303 3766 λύσιν,
333 3705 472 3771 μετά
503 3702 595 3756 τοῦ
626 3703 809 3775 ῥᾳδίου
834 3701 1098 3773 σύντομον
1121 3704 1394 3772 εὑρήσεις.
1419 3702 1493 3755 To
1518 3701 1697 3754 τοίνυν

110 3795 263 3864 πρὸς
311 3792 401 3845 τὸν
460 3793 704 3863 ἀρχηγὸν
756 3792 857 3862 τῆς
910 3791 1329 3861 ἀδελφοκτονίας
1387 3789 1695 3862 εἰρημένον,

116 3903 140 3936 ι
164 3884 286 3938 Οὑκ
320 3883 387 3936 ἂν
416 3883 591 3954 ὀρθῶς
626 3883 1021 3954 προσενέγκῃς,
1066 3884 1241 3955 ὀρθῶς
1280 3884 1337 3937 δὲ
1378 3888 1452 3955 μὴ
1494 3882 1695 3954 διέλῃς,

110 3976 397 4046 ἥμαρτες,
428 3974 725 4046 ἡσύχασαν,
762 3993 781 4026 ›
818 3974 1110 4045 διαφόρους
1146 3975 1255 4028 ἴσθι
1287 3975 1583 4045 δυνάμενον
1614 3975 1700 4027 δέ-

116 4066 323 4130 ξασθαι
368 4065 466 4129 τὰς
522 4066 873 4133 ἀναπτύξεις.
918 4064 977 4119 '0
1036 4067 1136 4137 μὲν
1171 4069 1280 4138 γὰρ
1317 4066 1700 4137 ἀποφαντικῶς

112 4160 257 4212 αὑτὸ
285 4158 538 4229 εἰρῆσθαι
563 4160 899 4229 ὑπειληφὼς,
938 4158 1179 4213 τοιοῦτόν
1226 4178 1346 4213 τινα
1379 4161 1471 4213 τὸν
1520 4161 1579 4213 ὲν
1613 4160 1703 4213 αὑο

114 4249 196 4320 τῷ
212 4249 510 4319 θεωρήσειε
540 4252 665 4305 νοῦν
682 4270 696 4283 ο
721 4254 833 4306 Οὑκ
857 4253 922 4306 ἂν
948 4253 1124 4324 ὀρθῶς
1150 4253 1560 4325 προσενέγκοις,
1586 4253 1690 4305 ὅτι·

119 4359 233 4411 περ
267 4342 404 4411 μηδὲ
435 4342 629 4406 διεῖλες
653 4343 851 4415 ὀρθῶς.
877 4344 1381 4409 ΤουτέστινηἘπεὶ
1417 4344 1489 4414 μὴ
1510 4343 1702 4406 διεῖλες

117 4432 325 4503 ὀρθῶς,
354 4434 475 4485 οὑδὲ
509 4438 886 4505 προσήνεγκες
913 4435 1112 4507 ὀρθῶς·
1150 4436 1183 4506 ἡ
1216 4434 1324 4506 γὰρ
1364 4434 1497 4505 ὀρθὴ
1532 4450 1701 4505 προσ-

120 4525 303 4590 ένεξις
341 4525 440 4594 τῆς
464 4525 629 4596 ὀρθῆς
663 4526 862 4597 ᾕρηται
897 4530 935 4557 ³⁵
963 4527 1282 4597 διαιρέσεως
1320 4542 1335 4557 ⁸
1368 4526 1435 4580 δι’
1467 4526 1496 4578 ὃ
1520 4526 1702 4596 ἦμαρ-

118 4636 238 4682 τες,
280 4619 577 4689 ήσύχασον.
612 4622 674 4673 Εἰ
729 4620 785 4674 δέ
830 4638 915 4684 τις
951 4622 1051 4674 οὐκ
1093 4620 1553 4689 ἀποφαινόμενον,
1589 4617 1704 4671 ἀλλ’

116 4711 176 4760 ἐν
218 4707 380 4778 τύπῳ
401 4712 874 4780 προενηνεγμένον
909 4712 1225 4781 ἐρωτήσεως
1254 4710 1346 4762 τὸν
1360 4708 1516 4776 λόγον
1547 4709 1705 4761 ἐκλά-

1872 3511 1931 3565 ln
1959 3526 2056 3567 eos
2095 3510 2187 3581 qui
2225 3509 2471 3565 discendi
2496 3517 2623 3565 sunt
2651 3510 2831 3579 cupidi
2860 3548 2877 3574 ,
2932 3509 3087 3565 valde
3128 3510 3375 3582 (nequid

1800 3604 1974 3674 magis
2016 3602 2347 3657 invidiosum
2392 3600 2592 3671 dicam)
2638 3604 2739 3670 ego
2787 3601 3061 3670 gratiosus
3104 3613 3156 3657 et
3192 3604 3259 3657 ab
3307 3604 3378 3660 iis

1798 3706 2056 3766 acceptus
2084 3708 2207 3750 sum
2253 3712 2267 3748 ;
2314 3695 2573 3764 qboCirca
2620 3696 2983 3764 quaestionum
3015 3712 3046 3750 a
3080 3700 3131 3752 te
3173 3712 3377 3767 propo-

1800 3790 2031 3844 sitarum
2083 3786 2433 3852 solutionem,
2467 3794 2520 3840 et
2572 3786 2784 3840 facilem
2829 3796 2887 3843 et
2921 3789 3200 3843 concisam
3236 3790 3377 3843 reci-

1800 3880 1937 3949 pies.
1968 3877 2126 3943 Illud,
2156 3877 2223 3931 ad
2257 3892 2380 3932 eum
2408 3877 2501 3945 qui
2537 3877 2787 3945 princeps
2820 3872 3182 3930 fratricidium
3220 3876 3375 3931 inve-

1801 3970 1921 4036 nit,
1958 3969 2169 4023 dictum
2203 3986 2217 4022 :
2260 3966 2349 4020 «Si
2397 3976 2544 4019 recte
2578 3964 2865 4029 obtuleris,
2898 3981 3004 4020 non
3055 3976 3201 4019 recte
3241 3964 3379 4018 divi-

1803 4062 1962 4124 seris,
1999 4059 2259 4129 peccasti,
2284 4057 2509 4127 quiesce
2538 4070 2586 4110 ει
2621 4056 2978 4126 multiplices,
3012 4056 3171 4110 Velim
3207 4057 3376 4122 scias,

1802 4153 2053 4208 admittet
2087 4150 2479 4218 expositiones.
2513 4147 2617 4215 Qui
2654 4149 2861 4202 dictum
2906 4158 3059 4219 putat
3090 4151 3371 4214 assertive,

1803 4246 1966 4299 talem
1986 4244 2311 4298 sententiam
2336 4242 2587 4295 latentem
2613 4240 2867 4295 extundet
2902 4258 2915 4293 :
2944 4240 3377 4310 Haudquaquam

1804 4347 1951 4393 recte
1980 4336 2176 4392 otl‘erre
2205 4340 2358 4404 potes
2380 4371 2396 4397 ,
2443 4333 2572 4401 quia
2620 4346 2729 4386 non
2771 4339 2918 4386 recte
2960 4328 3196 4385 divisisti
3227 4344 3241 4384 :
3274 4332 3380 4387 hoc

1803 4442 1889 4490 est
1919 4453 1931 4488 :
1966 4433 2107 4500 Quia
2141 4432 2323 4485 minus
2353 4438 2503 4483 recte
2531 4428 2795 4491 divisisti,
2820 4439 2873 4484 et
2902 4430 3085 4485 minus
3108 4437 3255 4485 recte
3281 4431 3380 4484 ob-

1805 4528 2018 4592 tulisti,
2046 4542 2172 4579 nam
2202 4531 2348 4579 recta
2382 4523 2590 4578 oblatio
2628 4522 2828 4593 pendet
2858 4538 2889 4577 a
2921 4534 3068 4578 reeta
3111 4522 3377 4577 distribu-

1807 4620 1975 4684 tione,
2005 4618 2263 4689 quocirca
2294 4614 2528 4685 peccasti
2562 4623 2617 4668 et
2639 4614 2715 4669 sis
2738 4607 2981 4683 quietus.
3012 4610 3168 4678 Quod
3199 4613 3243 4667 si
3272 4629 3378 4665 non

1808 4711 2075 4767 assertive
2111 4709 2341 4771 dictum,
2385 4715 2444 4760 at
2476 4705 2922 4774 interrogationis
2972 4701 3144 4759 forma
3194 4702 3376 4773 prola-

115 4801 203 4852 60:
268 4802 391 4869 (καὶ
442 4800 552 4872 γάρ
588 4802 684 4853 καὶ
731 4802 889 4855 τοῦτο
948 4801 1182 4873 μάλιστα
1216 4800 1492 4872 ἐγχωρεῖ),
1534 4798 1709 4852 τοιοῦ-
1743 4804 1786 4858 D
1815 4820 1930 4865 ιυω

1815 4820 1930 4865 tum
1960 4808 2089 4862 velit
2119 4807 2267 4876 (nam
2297 4813 2351 4859 et
2375 4803 2431 4858 id
2454 4802 2718 4870 videtur),
2752 4813 2867 4857 tum
2897 4802 2987 4856 hic
3012 4817 3209 4857 sensus
3235 4800 3377 4855 erit:

112 4908 211 4944 τον
245 4892 477 4963 εὑρήσει
508 4891 599 4945 τὸν
634 4892 783 4947 νοῦν·
818 4894 982 4963 υὺχὶ,
1016 4894 1171 4963 φησὶ,
1203 4891 1305 4945 κᾶν
1336 4890 1512 4958 ὀρθῶς
1535 4904 1704 4959 προσ-

108 4984 385 5055 ενέγκῃς,
414 4982 591 5054 ὀρθῶς
622 4983 679 5035 δὲ
709 4984 857 5054 ὅμως
903 4985 979 5055 μὴ
1013 4985 1220 5056 διέλῃς,
1253 4984 1538 5054 ἦμαρτες;
1568 4978 1701 5049 οἷον,

113 5077 271 5145 ’Δρα
322 5076 431 5144 γάρ
489 5074 625 5127 διότι
684 5074 860 5145 ὀρθῶς
887 5076 1290 5146 προσήνεγκας,
1325 5074 1502 5144 ὀρθῶς
1540 5074 1596 5125 δὲ
1628 5075 1702 5145 μὴ

103 5166 346 5231 διεῖλες,
372 5166 433 5217 οὑ
480 5165 1003 5237 δοκεῖςιὰμαρτεῖν;
1039 5166 1207 5219 Οὐδὲν
1269 5170 1378 5236 γὰρ
1429 5167 1557 5228 ῖεως
1600 5183 1710 5218 κω-

103 5260 240 5312 λύει
288 5258 471 5327 ὀρθῶς
525 5258 626 5328 μὲν
684 5263 1094 5330 προσενεγκεῖν,
1120 5262 1211 5312 τὸν
1262 5260 1335 5329 μὴ
1371 5260 1543 5329 ἑτέρῳ
1572 5260 1699 5321 τινὶ,

104 5351 273 5420 μόνῳ
310 5347 367 5400 δὲ
404 5348 732 5411 θυσιάζοντα
763 5350 838 5420 τῷ
868 5352 1085 5403 πάντων
1108 5350 1260 5420 Θεῴ’
1291 5350 1366 5419 μὴ
1419 5349 1601 5417 μέντοι
1624 5348 1702 5399 δι·

1802 4902 2015 4968 Nonne,
2051 4900 2176 4954 licet
2206 4904 2354 4953 recte
2391 4895 2678 4960 obtuleris,
2701 4903 2887 4951 etnon
2926 4904 3074 4949 recte
3107 4893 3377 4956 diviseris,

1806 4994 2043 5067 peccasti
2069 4994 2092 5046 ?
2121 5008 2184 5047 ac
2213 4992 2259 5047 si
2290 4990 2499 5047 diceret
2529 5006 2543 5043 :
2576 4988 2655 5042 An
2699 4988 2867 5058 igitur
2888 4987 3018 5057 quia
3046 4995 3194 5041 recte
3216 4985 3380 5040 obtu-

1806 5088 1959 5154 listi_,
2006 5095 2154 5140 recte
2192 5093 2372 5138 autem
2404 5098 2515 5136 non
2546 5080 2822 5147 divisisti,
2856 5096 2964 5135 non
3002 5077 3231 5143 videris,
3250 5091 3380 5147 pec-

1808 5178 2006 5235 casse?
2030 5176 2174 5231 Nihil
2204 5182 2348 5231 vetat
2379 5174 2532 5228 illum
2566 5182 2714 5227 recte
2744 5171 2942 5227 offerre
2972 5170 3101 5235 dici,
3151 5168 3242 5238 qui
3270 5168 3381 5221 Deo

1809 5272 1956 5337 soli,
2004 5270 2096 5340 qui
2134 5284 2297 5338 super
2322 5266 2507 5321 omnia
2543 5275 2668 5329 est,
2704 5263 3033 5320 sacriﬁcium
3063 5272 3116 5317 et
3142 5276 3250 5315 non
3286 5256 3379 5311 alii

1811 5364 1967 5418 oﬂ‘ert
1996 5380 2010 5428 ;
2043 5371 2098 5416 at
2142 5376 2251 5416 non
2281 5362 2465 5417 statim
2496 5367 2645 5415 rccte
2678 5357 2940 5424 dividere,
2969 5369 3093 5411 cum
3132 5365 3239 5407 non
3276 5350 3378 5404 ob-

1412 5486 1650 5542 V'AltlAS
1689 5480 2101 5540 LEGTIONES.

184 5598 232 5628 In
261 5586 355 5639 ἵσ.
385 5588 644 5658 ἢρτηται.

1652 5644 1879 5700 ΝΟΤιΕ.

185 5755 274 5821 (ί)
307 5753 584 5813 Eumdem
611 5760 821 5808 textum
877 5750 1103 5820 exponit
1134 5744 1360 5804 Pbotius
1413 5758 1599 5813 supra,
1634 5749 1827 5810 quaest.
1864 5731 1955 5791 τι.
