  <div class='ocr_page' id='page_1' title='image "/cluster/home/n/w/nwhite01/storage/ocr_20150623/101 pt.1/mdp.39015061955830/345.png"; bbox 0 0 3846 6188; ppageno 0'>
   <div class='ocr_carea' id='block_1_1' title="bbox 514 237 619 300">
    <p class='ocr_par' dir='ltr' id='par_1_1' title="bbox 514 237 619 300">
     <span class='ocr_line' id='line_1_1' title="bbox 514 237 619 300; baseline 0 0"><span class='ocrx_word' id='word_1_1' title='bbox 514 237 619 300; x_wconf 76' lang='grc'>647</span> 
     </span>
    </p>
   </div>
   <div class='ocr_carea' id='block_1_2' title="bbox 1664 223 2605 290">
    <p class='ocr_par' dir='ltr' id='par_1_2' title="bbox 1664 223 2605 290">
     <span class='ocr_line' id='line_1_2' title="bbox 1664 223 2605 290; baseline -0.006 0"><span class='ocrx_word' id='word_1_2' title='bbox 1664 229 1924 290; x_wconf 86' lang='grc' dir='ltr'><strong>ΡΗΟΤῘΙ</strong></span> <span class='ocrx_word' id='word_1_3' title='bbox 1961 223 2466 288; x_wconf 72' lang='lat' dir='ltr'><strong>PATRIARCHIE</strong></span> <span class='ocrx_word' id='word_1_4' title='bbox 2496 225 2605 285; x_wconf 93' lang='lat' dir='ltr'><strong>CP.</strong></span> 
     </span>
    </p>
   </div>
   <div class='ocr_carea' id='block_1_3' title="bbox 3621 232 3708 297">
    <p class='ocr_par' dir='ltr' id='par_1_3' title="bbox 3621 232 3708 297">
     <span class='ocr_line' id='line_1_3' title="bbox 3621 232 3708 297; baseline 0.046 -4"><span class='ocrx_word' id='word_1_5' title='bbox 3621 232 3708 297; x_wconf 70' lang='grc'><strong>648</strong></span> 
     </span>
    </p>
   </div>
   <div class='ocr_carea' id='block_1_4' title="bbox 517 333 2076 414">
    <p class='ocr_par' dir='ltr' id='par_1_4' title="bbox 517 342 2076 414">
     <span class='ocr_line' id='line_1_4' title="bbox 517 342 2076 414; baseline -0.006 -9"><span class='ocrx_word' id='word_1_6' title='bbox 517 356 697 406; x_wconf 87' lang='lat' dir='ltr'><strong>servet</strong></span> <span class='ocrx_word' id='word_1_7' title='bbox 727 346 780 400; x_wconf 91' lang='lat' dir='ltr'><strong>in</strong></span> <span class='ocrx_word' id='word_1_8' title='bbox 811 342 1100 399; x_wconf 74' lang='lat' dir='ltr'><strong>dividendo</strong></span> <span class='ocrx_word' id='word_1_9' title='bbox 1147 351 1535 414; x_wconf 79' lang='lat' dir='ltr'><strong>congruentem</strong></span> <span class='ocrx_word' id='word_1_10' title='bbox 1585 344 1778 414; x_wconf 81' lang='lat' dir='ltr'><strong>legem.</strong></span> <span class='ocrx_word' id='word_1_11' title='bbox 1826 342 1928 410; x_wconf 87' lang='lat' dir='ltr'><strong>Qui</strong></span> <span class='ocrx_word' id='word_1_12' title='bbox 1966 342 2076 396; x_wconf 86' lang='lat' dir='ltr'><strong>sine</strong></span> 
     </span>
    </p>
   </div>
   <div class='ocr_carea' id='block_1_5' title="bbox 2180 333 3699 414">
    <p class='ocr_par' dir='ltr' id='par_1_5' title="bbox 2189 333 3699 412">
     <span class='ocr_line' id='line_1_5' title="bbox 2189 333 3699 412; baseline -0.001 -21"><span class='ocrx_word' id='word_1_13' title='bbox 2189 337 2332 391; x_wconf 85' lang='grc' dir='ltr'>ελεῖν</span> <span class='ocrx_word' id='word_1_14' title='bbox 2355 336 2554 409; x_wconf 83' lang='grc' dir='ltr'><strong>ὀρθῶς,</strong></span> <span class='ocrx_word' id='word_1_15' title='bbox 2584 334 2676 390; x_wconf 79' lang='grc' dir='ltr'>τὸν</span> <span class='ocrx_word' id='word_1_16' title='bbox 2708 333 2782 405; x_wconf 79' lang='grc' dir='ltr'>μὴ</span> <span class='ocrx_word' id='word_1_17' title='bbox 2809 334 3081 407; x_wconf 78' lang='grc' dir='ltr'><strong>τηροῦντα</strong></span> <span class='ocrx_word' id='word_1_18' title='bbox 3097 334 3187 388; x_wconf 70' lang='grc' dir='ltr'>τὸν</span> <span class='ocrx_word' id='word_1_19' title='bbox 3209 333 3474 407; x_wconf 81' lang='grc' dir='ltr'><strong>πρέποντα</strong></span> <span class='ocrx_word' id='word_1_20' title='bbox 3501 341 3562 412; x_wconf 82' lang='grc' dir='ltr'>τῇ</span> <span class='ocrx_word' id='word_1_21' title='bbox 3587 341 3699 397; x_wconf 74' lang='grc' dir='ltr'>διαι..</span> 
     </span>
    </p>
   </div>
   <div class='ocr_carea' id='block_1_6' title="bbox 519 434 2082 512">
    <p class='ocr_par' dir='ltr' id='par_1_6' title="bbox 519 434 2082 512">
     <span class='ocr_line' id='line_1_6' title="bbox 519 434 2082 512; baseline -0.005 -17"><span class='ocrx_word' id='word_1_22' title='bbox 519 438 943 512; x_wconf 82' lang='lat' dir='ltr'><strong>reprehensione</strong></span> <span class='ocrx_word' id='word_1_23' title='bbox 975 437 1085 491; x_wconf 88' lang='lat' dir='ltr'><strong>Deo</strong></span> <span class='ocrx_word' id='word_1_24' title='bbox 1127 436 1241 490; x_wconf 92' lang='lat' dir='ltr'><strong>vult</strong></span> <span class='ocrx_word' id='word_1_25' title='bbox 1263 436 1493 502; x_wconf 82' lang='lat' dir='ltr'><strong>servire,</strong></span> <span class='ocrx_word' id='word_1_26' title='bbox 1537 436 1791 507; x_wconf 85' lang='lat' dir='ltr'><strong>inprimis</strong></span> <span class='ocrx_word' id='word_1_27' title='bbox 1821 444 1969 492; x_wconf 88' lang='lat' dir='ltr'><strong>recte</strong></span> <span class='ocrx_word' id='word_1_28' title='bbox 1996 434 2082 488; x_wconf 83' lang='lat' dir='ltr'><strong>di-</strong></span> 
     </span>
    </p>
   </div>
   <div class='ocr_carea' id='block_1_7' title="bbox 515 523 2082 594">
    <p class='ocr_par' dir='ltr' id='par_1_7' title="bbox 515 523 2082 594">
     <span class='ocr_line' id='line_1_7' title="bbox 515 523 2082 594; baseline -0.004 -10"><span class='ocrx_word' id='word_1_29' title='bbox 515 531 740 594; x_wconf 85' lang='lat' dir='ltr'><strong>videre,</strong></span> <span class='ocrx_word' id='word_1_30' title='bbox 787 537 844 584; x_wconf 88' lang='lat' dir='ltr'><strong>et</strong></span> <span class='ocrx_word' id='word_1_31' title='bbox 893 527 1148 584; x_wconf 78' lang='lat' dir='ltr'><strong>similiter</strong></span> <span class='ocrx_word' id='word_1_32' title='bbox 1191 534 1340 580; x_wconf 89' lang='lat' dir='ltr'><strong>recte</strong></span> <span class='ocrx_word' id='word_1_33' title='bbox 1394 525 1588 580; x_wconf 73' lang='lat' dir='ltr'><strong>offerre</strong></span> <span class='ocrx_word' id='word_1_34' title='bbox 1620 526 1799 580; x_wconf 91' lang='lat' dir='ltr'><strong>debet.</strong></span> <span class='ocrx_word' id='word_1_35' title='bbox 1847 525 2001 591; x_wconf 87' lang='lat' dir='ltr'><strong>Quod</strong></span> <span class='ocrx_word' id='word_1_36' title='bbox 2036 523 2082 578; x_wconf 92' lang='lat' dir='ltr'><strong>si</strong></span> 
     </span>
    </p>
   </div>
   <div class='ocr_carea' id='block_1_8' title="bbox 520 613 2084 689">
    <p class='ocr_par' dir='ltr' id='par_1_8' title="bbox 520 613 2084 689">
     <span class='ocr_line' id='line_1_8' title="bbox 520 613 2084 689; baseline -0.004 -16"><span class='ocrx_word' id='word_1_37' title='bbox 520 636 624 674; x_wconf 85' lang='lat' dir='ltr'><strong>una</strong></span> <span class='ocrx_word' id='word_1_38' title='bbox 665 618 890 689; x_wconf 89' lang='lat' dir='ltr'><strong>periodo</strong></span> <span class='ocrx_word' id='word_1_39' title='bbox 917 615 1273 671; x_wconf 80' lang='lat' dir='ltr'><strong>concludatur</strong></span> <span class='ocrx_word' id='word_1_40' title='bbox 1319 613 1472 668; x_wconf 89' lang='lat' dir='ltr'><strong>locus</strong></span> <span class='ocrx_word' id='word_1_41' title='bbox 1495 654 1510 679; x_wconf 90' lang='lat'><strong>,</strong></span> <span class='ocrx_word' id='word_1_42' title='bbox 1559 615 1871 668; x_wconf 89' lang='lat' dir='ltr'><strong>taliusmodi</strong></span> <span class='ocrx_word' id='word_1_43' title='bbox 1900 613 2084 683; x_wconf 84' lang='lat' dir='ltr'><strong>subja-</strong></span> 
     </span>
    </p>
   </div>
   <div class='ocr_carea' id='block_1_9' title="bbox 518 702 2077 777">
    <p class='ocr_par' dir='ltr' id='par_1_9' title="bbox 518 702 2077 777">
     <span class='ocr_line' id='line_1_9' title="bbox 518 702 2077 777; baseline -0.004 -14"><span class='ocrx_word' id='word_1_44' title='bbox 518 709 662 763; x_wconf 90' lang='lat' dir='ltr'><strong>cebit</strong></span> <span class='ocrx_word' id='word_1_45' title='bbox 685 705 1063 777; x_wconf 89' lang='lat' dir='ltr'><strong>speculationi.</strong></span> <span class='ocrx_word' id='word_1_46' title='bbox 1087 703 1241 770; x_wconf 82' lang='lat' dir='ltr'><strong>Quod</strong></span> <span class='ocrx_word' id='word_1_47' title='bbox 1271 702 1444 772; x_wconf 58' lang='lat' dir='ltr'><strong>siinon</strong></span> <span class='ocrx_word' id='word_1_48' title='bbox 1480 720 1642 758; x_wconf 90' lang='lat' dir='ltr'><strong>unam</strong></span> <span class='ocrx_word' id='word_1_49' title='bbox 1667 712 1719 758; x_wconf 91' lang='lat' dir='ltr'><strong>et</strong></span> <span class='ocrx_word' id='word_1_50' title='bbox 1748 703 2077 772; x_wconf 89' lang='lat' dir='ltr'><strong>simplicem,</strong></span> 
     </span>
    </p>
   </div>
   <div class='ocr_carea' id='block_1_10' title="bbox 518 790 2083 860">
    <p class='ocr_par' dir='ltr' id='par_1_10' title="bbox 518 790 2083 860">
     <span class='ocr_line' id='line_1_10' title="bbox 518 790 2083 860; baseline -0.004 -10"><span class='ocrx_word' id='word_1_51' title='bbox 518 797 611 850; x_wconf 88' lang='lat' dir='ltr'><strong>sed</strong></span> <span class='ocrx_word' id='word_1_52' title='bbox 651 794 816 850; x_wconf 85' lang='lat' dir='ltr'><strong>veluti</strong></span> <span class='ocrx_word' id='word_1_53' title='bbox 873 808 903 848; x_wconf 90' lang='lat' dir='ltr'><strong>e</strong></span> <span class='ocrx_word' id='word_1_54' title='bbox 955 793 1168 847; x_wconf 91' lang='lat' dir='ltr'><strong>duabus</strong></span> <span class='ocrx_word' id='word_1_55' title='bbox 1211 800 1540 845; x_wconf 84' lang='lat' dir='ltr'><strong>contractam</strong></span> <span class='ocrx_word' id='word_1_56' title='bbox 1577 792 1807 860; x_wconf 84' lang='lat' dir='ltr'><strong>figuram</strong></span> <span class='ocrx_word' id='word_1_57' title='bbox 1841 790 1928 844; x_wconf 85' lang='lat' dir='ltr'><strong>hic</strong></span> <span class='ocrx_word' id='word_1_58' title='bbox 1959 791 2083 860; x_wconf 88' lang='lat' dir='ltr'><strong>quis</strong></span> 
     </span>
    </p>
   </div>
   <div class='ocr_carea' id='block_1_11' title="bbox 518 880 2084 957">
    <p class='ocr_par' dir='ltr' id='par_1_11' title="bbox 518 880 2084 957">
     <span class='ocr_line' id='line_1_11' title="bbox 518 880 2084 957; baseline -0.004 -17"><span class='ocrx_word' id='word_1_59' title='bbox 518 894 816 957; x_wconf 82' lang='lat' dir='ltr'><strong>agnoscet,</strong></span> <span class='ocrx_word' id='word_1_60' title='bbox 851 892 905 938; x_wconf 90' lang='lat' dir='ltr'><strong>et</strong></span> <span class='ocrx_word' id='word_1_61' title='bbox 939 883 1005 937; x_wconf 90' lang='lat' dir='ltr'><strong>ad</strong></span> <span class='ocrx_word' id='word_1_62' title='bbox 1041 884 1186 936; x_wconf 88' lang='lat' dir='ltr'><strong>hunc</strong></span> <span class='ocrx_word' id='word_1_63' title='bbox 1224 881 1444 935; x_wconf 90' lang='lat' dir='ltr'><strong>modum</strong></span> <span class='ocrx_word' id='word_1_64' title='bbox 1476 881 1757 950; x_wconf 89' lang='lat' dir='ltr'><strong>periodum</strong></span> <span class='ocrx_word' id='word_1_65' title='bbox 1798 880 2084 935; x_wconf 87' lang='lat' dir='ltr'><strong>absolven-</strong></span> 
     </span>
    </p>
   </div>
   <div class='ocr_carea' id='block_1_12' title="bbox 521 973 2081 1045">
    <p class='ocr_par' dir='ltr' id='par_1_12' title="bbox 521 973 2081 1045">
     <span class='ocr_line' id='line_1_12' title="bbox 521 973 2081 1045; baseline -0.005 -13"><span class='ocrx_word' id='word_1_66' title='bbox 521 990 651 1045; x_wconf 90' lang='lat' dir='ltr'><strong>tem,</strong></span> <span class='ocrx_word' id='word_1_67' title='bbox 684 987 743 1031; x_wconf 93' lang='lat' dir='ltr'><strong>ut</strong></span> <span class='ocrx_word' id='word_1_68' title='bbox 786 977 982 1045; x_wconf 85' lang='lat' dir='ltr'><strong>partim</strong></span> <span class='ocrx_word' id='word_1_69' title='bbox 1011 974 1266 1044; x_wconf 90' lang='lat' dir='ltr'><strong>elliptice,</strong></span> <span class='ocrx_word' id='word_1_70' title='bbox 1315 973 1508 1042; x_wconf 83' lang='lat' dir='ltr'><strong>partim</strong></span> <span class='ocrx_word' id='word_1_71' title='bbox 1541 973 1782 1043; x_wconf 89' lang='lat' dir='ltr'><strong>plenarie</strong></span> <span class='ocrx_word' id='word_1_72' title='bbox 1821 973 2034 1028; x_wconf 89' lang='lat' dir='ltr'><strong>dicatur</strong></span> <span class='ocrx_word' id='word_1_73' title='bbox 2065 988 2081 1038; x_wconf 92' lang='lat'><strong>;</strong></span> 
     </span>
    </p>
   </div>
   <div class='ocr_carea' id='block_1_13' title="bbox 527 1063 2082 1129">
    <p class='ocr_par' dir='ltr' id='par_1_13' title="bbox 527 1063 2082 1129">
     <span class='ocr_line' id='line_1_13' title="bbox 527 1063 2082 1129; baseline -0.004 -5"><span class='ocrx_word' id='word_1_74' title='bbox 527 1085 629 1125; x_wconf 91' lang='lat' dir='ltr'><strong>nec</strong></span> <span class='ocrx_word' id='word_1_75' title='bbox 654 1069 730 1123; x_wconf 88' lang='lat' dir='ltr'><strong>ita</strong></span> <span class='ocrx_word' id='word_1_76' title='bbox 763 1068 846 1122; x_wconf 87' lang='lat' dir='ltr'><strong>vis</strong></span> <span class='ocrx_word' id='word_1_77' title='bbox 875 1065 1108 1121; x_wconf 82' lang='lat' dir='ltr'><strong>infertur</strong></span> <span class='ocrx_word' id='word_1_78' title='bbox 1131 1065 1366 1126; x_wconf 88' lang='lat' dir='ltr'><strong>veritati,</strong></span> <span class='ocrx_word' id='word_1_79' title='bbox 1397 1065 1472 1118; x_wconf 91' lang='lat' dir='ltr'><strong>ita</strong></span> <span class='ocrx_word' id='word_1_80' title='bbox 1512 1082 1527 1118; x_wconf 91' lang='lat'><strong>:</strong></span> <span class='ocrx_word' id='word_1_81' title='bbox 1571 1063 1710 1129; x_wconf 88' lang='lat' dir='ltr'><strong>Non,</strong></span> <span class='ocrx_word' id='word_1_82' title='bbox 1744 1064 1790 1118; x_wconf 92' lang='lat' dir='ltr'><strong>si</strong></span> <span class='ocrx_word' id='word_1_83' title='bbox 1824 1077 1971 1120; x_wconf 85' lang='lat' dir='ltr'><strong>recte</strong></span> <span class='ocrx_word' id='word_1_84' title='bbox 1995 1076 2082 1118; x_wconf 80' lang='lat' dir='ltr'><strong>at-</strong></span> 
     </span>
    </p>
   </div>
   <div class='ocr_carea' id='block_1_14' title="bbox 520 1155 2085 1226">
    <p class='ocr_par' dir='ltr' id='par_1_14' title="bbox 520 1155 2085 1226">
     <span class='ocr_line' id='line_1_14' title="bbox 520 1155 2085 1226; baseline -0.002 -13"><span class='ocrx_word' id='word_1_85' title='bbox 520 1161 730 1226; x_wconf 90' lang='lat' dir='ltr'><strong>tuleris,</strong></span> <span class='ocrx_word' id='word_1_86' title='bbox 759 1158 974 1212; x_wconf 86' lang='lat' dir='ltr'><strong>laudem</strong></span> <span class='ocrx_word' id='word_1_87' title='bbox 1016 1157 1391 1225; x_wconf 89' lang='lat' dir='ltr'><strong>consequeris,</strong></span> <span class='ocrx_word' id='word_1_88' title='bbox 1441 1155 1543 1210; x_wconf 88' lang='lat' dir='ltr'><strong>nisi</strong></span> <span class='ocrx_word' id='word_1_89' title='bbox 1587 1167 1642 1210; x_wconf 91' lang='lat' dir='ltr'><strong>et</strong></span> <span class='ocrx_word' id='word_1_90' title='bbox 1679 1165 1826 1213; x_wconf 76' lang='lat' dir='ltr'><strong>recte</strong></span> <span class='ocrx_word' id='word_1_91' title='bbox 1865 1171 2085 1226; x_wconf 87' lang='lat' dir='ltr'><strong>quoque</strong></span> 
     </span>
    </p>
   </div>
   <div class='ocr_carea' id='block_1_15' title="bbox 517 1249 2082 1319">
    <p class='ocr_par' dir='ltr' id='par_1_15' title="bbox 517 1249 2082 1319">
     <span class='ocr_line' id='line_1_15' title="bbox 517 1249 2082 1319; baseline -0.002 -13"><span class='ocrx_word' id='word_1_92' title='bbox 517 1252 768 1307; x_wconf 89' lang='lat' dir='ltr'><strong>diviseris</strong></span> <span class='ocrx_word' id='word_1_93' title='bbox 799 1268 813 1305; x_wconf 90' lang='lat'><strong>:</strong></span> <span class='ocrx_word' id='word_1_94' title='bbox 840 1265 965 1304; x_wconf 91' lang='lat' dir='ltr'><strong>nam</strong></span> <span class='ocrx_word' id='word_1_95' title='bbox 1000 1260 1058 1303; x_wconf 92' lang='lat' dir='ltr'><strong>ut</strong></span> <span class='ocrx_word' id='word_1_96' title='bbox 1085 1251 1338 1319; x_wconf 88' lang='lat' dir='ltr'><strong>pietatem</strong></span> <span class='ocrx_word' id='word_1_97' title='bbox 1371 1249 1512 1318; x_wconf 88' lang='lat' dir='ltr'><strong>sapit</strong></span> <span class='ocrx_word' id='word_1_98' title='bbox 1550 1257 1694 1302; x_wconf 85' lang='lat' dir='ltr'><strong>recte</strong></span> <span class='ocrx_word' id='word_1_99' title='bbox 1739 1249 1935 1303; x_wconf 79' lang='lat' dir='ltr'><strong>offerre</strong></span> <span class='ocrx_word' id='word_1_100' title='bbox 1960 1289 1975 1314; x_wconf 92' lang='lat'><strong>,</strong></span> <span class='ocrx_word' id='word_1_101' title='bbox 2009 1249 2082 1303; x_wconf 86' lang='lat' dir='ltr'><strong>ita</strong></span> 
     </span>
    </p>
   </div>
   <div class='ocr_carea' id='block_1_16' title="bbox 518 1338 2085 1409">
    <p class='ocr_par' dir='ltr' id='par_1_16' title="bbox 518 1338 2085 1409">
     <span class='ocr_line' id='line_1_16' title="bbox 518 1338 2085 1409; baseline -0.001 -13"><span class='ocrx_word' id='word_1_102' title='bbox 518 1357 629 1396; x_wconf 89' lang='lat' dir='ltr'><strong>non</strong></span> <span class='ocrx_word' id='word_1_103' title='bbox 673 1349 823 1396; x_wconf 89' lang='lat' dir='ltr'><strong>recte</strong></span> <span class='ocrx_word' id='word_1_104' title='bbox 873 1340 1115 1394; x_wconf 90' lang='lat' dir='ltr'><strong>dividere</strong></span> <span class='ocrx_word' id='word_1_105' title='bbox 1158 1339 1452 1409; x_wconf 86' lang='lat' dir='ltr'><strong>impietatis</strong></span> <span class='ocrx_word' id='word_1_106' title='bbox 1493 1347 1703 1393; x_wconf 81' lang='lat' dir='ltr'><strong>reatum</strong></span> <span class='ocrx_word' id='word_1_107' title='bbox 1735 1338 1908 1394; x_wconf 75' lang='lat' dir='ltr'><strong>affert.</strong></span> <span class='ocrx_word' id='word_1_108' title='bbox 1960 1338 2085 1394; x_wconf 78' lang='lat' dir='ltr'><strong>Haec</strong></span> 
     </span>
    </p>
   </div>
   <div class='ocr_carea' id='block_1_17' title="bbox 515 1430 2085 1497">
    <p class='ocr_par' dir='ltr' id='par_1_17' title="bbox 515 1430 2085 1497">
     <span class='ocr_line' id='line_1_17' title="bbox 515 1430 2085 1497; baseline -0.003 -9"><span class='ocrx_word' id='word_1_109' title='bbox 515 1442 600 1488; x_wconf 89' lang='lat' dir='ltr'><strong>est</strong></span> <span class='ocrx_word' id='word_1_110' title='bbox 644 1433 984 1488; x_wconf 87' lang='lat' dir='ltr'><strong>constructio</strong></span> <span class='ocrx_word' id='word_1_111' title='bbox 1033 1432 1190 1486; x_wconf 90' lang='lat' dir='ltr'><strong>istius</strong></span> <span class='ocrx_word' id='word_1_112' title='bbox 1241 1432 1408 1497; x_wconf 88' lang='lat' dir='ltr'><strong>dicti,</strong></span> <span class='ocrx_word' id='word_1_113' title='bbox 1452 1432 1542 1485; x_wconf 84' lang='lat' dir='ltr'><strong>hic</strong></span> <span class='ocrx_word' id='word_1_114' title='bbox 1586 1447 1780 1486; x_wconf 89' lang='lat' dir='ltr'><strong>sensus</strong></span> <span class='ocrx_word' id='word_1_115' title='bbox 1823 1430 1950 1485; x_wconf 90' lang='lat' dir='ltr'><strong>inde</strong></span> <span class='ocrx_word' id='word_1_116' title='bbox 1987 1431 2085 1484; x_wconf 91' lang='lat' dir='ltr'><strong>eli-</strong></span> 
     </span>
    </p>
   </div>
   <div class='ocr_carea' id='block_1_18' title="bbox 515 1526 679 1581">
    <p class='ocr_par' dir='ltr' id='par_1_18' title="bbox 515 1526 679 1581">
     <span class='ocr_line' id='line_1_18' title="bbox 515 1526 679 1581; baseline -0.006 -1"><span class='ocrx_word' id='word_1_117' title='bbox 515 1526 679 1581; x_wconf 79' lang='lat' dir='ltr'><strong>citus.</strong></span> 
     </span>
    </p>
   </div>
   <div class='ocr_carea' id='block_1_19' title="bbox 584 1784 2080 1859">
    <p class='ocr_par' dir='ltr' id='par_1_19' title="bbox 584 1784 2080 1859">
     <span class='ocr_line' id='line_1_19' title="bbox 584 1784 2080 1859; baseline 0.004 -19"><span class='ocrx_word' id='word_1_118' title='bbox 584 1784 783 1840; x_wconf 79' lang='lat' dir='ltr'><strong>Verum</strong></span> <span class='ocrx_word' id='word_1_119' title='bbox 812 1785 1044 1840; x_wconf 89' lang='lat' dir='ltr'><strong>ulterius</strong></span> <span class='ocrx_word' id='word_1_120' title='bbox 1068 1825 1085 1852; x_wconf 95' lang='lat'><strong>,</strong></span> <span class='ocrx_word' id='word_1_121' title='bbox 1119 1804 1139 1838; x_wconf 73' lang='grc' dir='ltr'><strong>ι</strong></span> <span class='ocrx_word' id='word_1_122' title='bbox 1182 1795 1327 1842; x_wconf 87' lang='lat' dir='ltr'><strong>recte</strong></span> <span class='ocrx_word' id='word_1_123' title='bbox 1356 1786 1553 1843; x_wconf 76' lang='lat' dir='ltr'><strong>offerre</strong></span> <span class='ocrx_word' id='word_1_124' title='bbox 1580 1807 1600 1842; x_wconf 74' lang='grc' dir='ltr'><strong>ι</strong></span> <span class='ocrx_word' id='word_1_125' title='bbox 1640 1805 1737 1859; x_wconf 89' lang='lat' dir='ltr'><strong>per</strong></span> <span class='ocrx_word' id='word_1_126' title='bbox 1761 1805 1820 1846; x_wconf 90' lang='lat' dir='ltr'><strong>se</strong></span> <span class='ocrx_word' id='word_1_127' title='bbox 1850 1791 2080 1846; x_wconf 85' lang='lat' dir='ltr'><strong>manife-</strong></span> 
     </span>
    </p>
   </div>
   <div class='ocr_carea' id='block_1_20' title="bbox 514 1877 2079 1954">
    <p class='ocr_par' dir='ltr' id='par_1_20' title="bbox 514 1877 2079 1954">
     <span class='ocr_line' id='line_1_20' title="bbox 514 1877 2079 1954; baseline 0.003 -21"><span class='ocrx_word' id='word_1_128' title='bbox 514 1887 658 1933; x_wconf 91' lang='lat' dir='ltr'><strong>stum</strong></span> <span class='ocrx_word' id='word_1_129' title='bbox 687 1887 773 1932; x_wconf 91' lang='lat' dir='ltr'><strong>est</strong></span> <span class='ocrx_word' id='word_1_130' title='bbox 800 1895 816 1944; x_wconf 88' lang='lat'><strong>;</strong></span> <span class='ocrx_word' id='word_1_131' title='bbox 853 1896 871 1929; x_wconf 74' lang='grc' dir='ltr'><strong>ι</strong></span> <span class='ocrx_word' id='word_1_132' title='bbox 896 1887 1040 1932; x_wconf 90' lang='lat' dir='ltr'><strong>recte</strong></span> <span class='ocrx_word' id='word_1_133' title='bbox 1070 1877 1342 1935; x_wconf 67' lang='lat' dir='ltr'><strong>dividere)</strong></span> <span class='ocrx_word' id='word_1_134' title='bbox 1377 1880 1581 1949; x_wconf 84' lang='lat' dir='ltr'><strong>indiget</strong></span> <span class='ocrx_word' id='word_1_135' title='bbox 1605 1882 1880 1939; x_wconf 86' lang='lat' dir='ltr'><strong>ulterioris</strong></span> <span class='ocrx_word' id='word_1_136' title='bbox 1904 1885 2079 1954; x_wconf 78' lang='lat' dir='ltr'><strong>expli-</strong></span> 
     </span>
    </p>
   </div>
   <div class='ocr_carea' id='block_1_21' title="bbox 513 1968 2082 2044">
    <p class='ocr_par' dir='ltr' id='par_1_21' title="bbox 513 1968 2082 2044">
     <span class='ocr_line' id='line_1_21' title="bbox 513 1968 2082 2044; baseline 0.005 -24"><span class='ocrx_word' id='word_1_137' title='bbox 513 1968 766 2023; x_wconf 80' lang='lat' dir='ltr'><strong>rationis.</strong></span> <span class='ocrx_word' id='word_1_138' title='bbox 810 1968 907 2023; x_wconf 83' lang='lat' dir='ltr'><strong>Ille</strong></span> <span class='ocrx_word' id='word_1_139' title='bbox 933 1969 1097 2039; x_wconf 84' lang='lat' dir='ltr'><strong>igitur</strong></span> <span class='ocrx_word' id='word_1_140' title='bbox 1123 1979 1267 2024; x_wconf 84' lang='lat' dir='ltr'><strong>recte</strong></span> <span class='ocrx_word' id='word_1_141' title='bbox 1286 1969 1498 2036; x_wconf 85' lang='lat' dir='ltr'><strong>dividit,</strong></span> <span class='ocrx_word' id='word_1_142' title='bbox 1524 1971 1616 2041; x_wconf 90' lang='lat' dir='ltr'><strong>qui</strong></span> <span class='ocrx_word' id='word_1_143' title='bbox 1642 1972 1782 2026; x_wconf 91' lang='lat' dir='ltr'><strong>dona</strong></span> <span class='ocrx_word' id='word_1_144' title='bbox 1809 1988 1916 2027; x_wconf 91' lang='lat' dir='ltr'><strong>non</strong></span> <span class='ocrx_word' id='word_1_145' title='bbox 1939 1988 2082 2044; x_wconf 55' lang='lat' dir='ltr'><strong>quas.</strong></span> 
     </span>
    </p>
   </div>
   <div class='ocr_carea' id='block_1_22' title="bbox 513 2060 2080 2132">
    <p class='ocr_par' dir='ltr' id='par_1_22' title="bbox 513 2060 2080 2132">
     <span class='ocr_line' id='line_1_22' title="bbox 513 2060 2080 2132; baseline 0.001 -16"><span class='ocrx_word' id='word_1_146' title='bbox 513 2061 643 2116; x_wconf 90' lang='lat' dir='ltr'><strong>libet</strong></span> <span class='ocrx_word' id='word_1_147' title='bbox 671 2060 783 2116; x_wconf 90' lang='lat' dir='ltr'><strong>Deo</strong></span> <span class='ocrx_word' id='word_1_148' title='bbox 812 2071 993 2117; x_wconf 88' lang='lat' dir='ltr'><strong>sacrat</strong></span> <span class='ocrx_word' id='word_1_149' title='bbox 1012 2100 1028 2126; x_wconf 88' lang='lat'><strong>,</strong></span> <span class='ocrx_word' id='word_1_150' title='bbox 1053 2061 1147 2118; x_wconf 90' lang='lat' dir='ltr'><strong>sed</strong></span> <span class='ocrx_word' id='word_1_151' title='bbox 1176 2073 1323 2117; x_wconf 88' lang='lat' dir='ltr'><strong>recto</strong></span> <span class='ocrx_word' id='word_1_152' title='bbox 1346 2062 1552 2132; x_wconf 87' lang='lat' dir='ltr'><strong>judicio</strong></span> <span class='ocrx_word' id='word_1_153' title='bbox 1581 2063 1669 2116; x_wconf 90' lang='lat' dir='ltr'><strong>illa</strong></span> <span class='ocrx_word' id='word_1_154' title='bbox 1700 2063 1963 2119; x_wconf 88' lang='lat' dir='ltr'><strong>discernit</strong></span> <span class='ocrx_word' id='word_1_155' title='bbox 2016 2080 2080 2118; x_wconf 92' lang='lat' dir='ltr'><strong>ac</strong></span> 
     </span>
    </p>
   </div>
   <div class='ocr_carea' id='block_1_23' title="bbox 511 2153 2076 2225">
    <p class='ocr_par' dir='ltr' id='par_1_23' title="bbox 511 2153 2076 2225">
     <span class='ocr_line' id='line_1_23' title="bbox 511 2153 2076 2225; baseline 0.001 -19"><span class='ocrx_word' id='word_1_156' title='bbox 511 2153 741 2218; x_wconf 87' lang='lat' dir='ltr'><strong>dividit,</strong></span> <span class='ocrx_word' id='word_1_157' title='bbox 771 2160 932 2222; x_wconf 90' lang='lat' dir='ltr'><strong>atque</strong></span> <span class='ocrx_word' id='word_1_158' title='bbox 965 2153 1040 2207; x_wconf 90' lang='lat' dir='ltr'><strong>ita</strong></span> <span class='ocrx_word' id='word_1_159' title='bbox 1071 2153 1224 2225; x_wconf 86' lang='lat' dir='ltr'><strong>longe</strong></span> <span class='ocrx_word' id='word_1_160' title='bbox 1268 2155 1474 2224; x_wconf 87' lang='lat' dir='ltr'><strong>optima</strong></span> <span class='ocrx_word' id='word_1_161' title='bbox 1517 2153 1695 2209; x_wconf 77' lang='lat' dir='ltr'><strong>offert.</strong></span> <span class='ocrx_word' id='word_1_162' title='bbox 1744 2154 1888 2210; x_wconf 83' lang='lat' dir='ltr'><strong>Fieri</strong></span> <span class='ocrx_word' id='word_1_163' title='bbox 1933 2156 2076 2210; x_wconf 89' lang='lat' dir='ltr'><strong>enim</strong></span> 
     </span>
    </p>
   </div>
   <div class='ocr_carea' id='block_1_24' title="bbox 511 2244 2077 2315">
    <p class='ocr_par' dir='ltr' id='par_1_24' title="bbox 511 2244 2077 2315">
     <span class='ocr_line' id='line_1_24' title="bbox 511 2244 2077 2315; baseline 0.001 -17"><span class='ocrx_word' id='word_1_164' title='bbox 511 2260 620 2298; x_wconf 91' lang='lat' dir='ltr'><strong>non</strong></span> <span class='ocrx_word' id='word_1_165' title='bbox 665 2253 884 2314; x_wconf 89' lang='lat' dir='ltr'><strong>potest,</strong></span> <span class='ocrx_word' id='word_1_166' title='bbox 926 2244 1062 2315; x_wconf 92' lang='lat' dir='ltr'><strong>quin</strong></span> <span class='ocrx_word' id='word_1_167' title='bbox 1109 2245 1352 2299; x_wconf 89' lang='lat' dir='ltr'><strong>onmium</strong></span> <span class='ocrx_word' id='word_1_168' title='bbox 1385 2245 1832 2315; x_wconf 65' lang='lat' dir='ltr'><strong>praestantissima</strong></span> <span class='ocrx_word' id='word_1_169' title='bbox 1875 2255 1928 2299; x_wconf 90' lang='lat' dir='ltr'><strong>et</strong></span> <span class='ocrx_word' id='word_1_170' title='bbox 1951 2262 2077 2315; x_wconf 88' lang='lat' dir='ltr'><strong>pre-</strong></span> 
     </span>
    </p>
   </div>
   <div class='ocr_carea' id='block_1_25' title="bbox 508 2335 2079 2405">
    <p class='ocr_par' dir='ltr' id='par_1_25' title="bbox 508 2335 2079 2405">
     <span class='ocr_line' id='line_1_25' title="bbox 508 2335 2079 2405; baseline 0.001 -15"><span class='ocrx_word' id='word_1_171' title='bbox 508 2335 808 2390; x_wconf 83' lang='lat' dir='ltr'><strong>tiosissima</strong></span> <span class='ocrx_word' id='word_1_172' title='bbox 849 2336 1191 2405; x_wconf 90' lang='lat' dir='ltr'><strong>productori,</strong></span> <span class='ocrx_word' id='word_1_173' title='bbox 1239 2336 1416 2392; x_wconf 86' lang='lat' dir='ltr'><strong>datori</strong></span> <span class='ocrx_word' id='word_1_174' title='bbox 1471 2347 1525 2392; x_wconf 81' lang='lat' dir='ltr'><strong>et</strong></span> <span class='ocrx_word' id='word_1_175' title='bbox 1556 2352 1739 2393; x_wconf 65' lang='lat' dir='ltr'><strong>causae</strong></span> <span class='ocrx_word' id='word_1_176' title='bbox 1794 2337 2079 2392; x_wconf 83' lang='lat' dir='ltr'><strong>universo-</strong></span> 
     </span>
    </p>
   </div>
   <div class='ocr_carea' id='block_1_26' title="bbox 511 2425 2080 2485">
    <p class='ocr_par' dir='ltr' id='par_1_26' title="bbox 511 2425 2080 2485">
     <span class='ocr_line' id='line_1_26' title="bbox 511 2425 2080 2485; baseline 0.003 -5"><span class='ocrx_word' id='word_1_177' title='bbox 511 2444 629 2480; x_wconf 82' lang='lat' dir='ltr'><strong>nun</strong></span> <span class='ocrx_word' id='word_1_178' title='bbox 675 2425 785 2481; x_wconf 87' lang='lat' dir='ltr'><strong>Deo</strong></span> <span class='ocrx_word' id='word_1_179' title='bbox 832 2427 1066 2481; x_wconf 88' lang='lat' dir='ltr'><strong>debeant</strong></span> <span class='ocrx_word' id='word_1_180' title='bbox 1104 2426 1284 2482; x_wconf 82' lang='lat' dir='ltr'><strong>oflerri</strong></span> <span class='ocrx_word' id='word_1_181' title='bbox 1339 2438 1392 2483; x_wconf 87' lang='lat' dir='ltr'><strong>et</strong></span> <span class='ocrx_word' id='word_1_182' title='bbox 1444 2429 1671 2484; x_wconf 90' lang='lat' dir='ltr'><strong>sacrari.</strong></span> <span class='ocrx_word' id='word_1_183' title='bbox 1721 2428 1871 2484; x_wconf 90' lang='lat' dir='ltr'><strong>Talis</strong></span> <span class='ocrx_word' id='word_1_184' title='bbox 1907 2427 2080 2485; x_wconf 90' lang='lat' dir='ltr'><strong>fuisse</strong></span> 
     </span>
    </p>
   </div>
   <div class='ocr_carea' id='block_1_27' title="bbox 509 2519 2074 2589">
    <p class='ocr_par' dir='ltr' id='par_1_27' title="bbox 509 2519 2074 2589">
     <span class='ocr_line' id='line_1_27' title="bbox 509 2519 2074 2589; baseline 0.001 -15"><span class='ocrx_word' id='word_1_185' title='bbox 509 2519 734 2574; x_wconf 86' lang='lat' dir='ltr'><strong>docetur</strong></span> <span class='ocrx_word' id='word_1_186' title='bbox 763 2519 918 2585; x_wconf 80' lang='lat' dir='ltr'><strong>Abel,</strong></span> <span class='ocrx_word' id='word_1_187' title='bbox 945 2520 1127 2574; x_wconf 88' lang='lat' dir='ltr'><strong>animo</strong></span> <span class='ocrx_word' id='word_1_188' title='bbox 1153 2535 1291 2589; x_wconf 91' lang='lat' dir='ltr'><strong>puro</strong></span> <span class='ocrx_word' id='word_1_189' title='bbox 1322 2528 1376 2575; x_wconf 91' lang='lat' dir='ltr'><strong>et</strong></span> <span class='ocrx_word' id='word_1_190' title='bbox 1418 2521 1636 2576; x_wconf 86' lang='lat' dir='ltr'><strong>sincero</strong></span> <span class='ocrx_word' id='word_1_191' title='bbox 1660 2520 1833 2577; x_wconf 89' lang='lat' dir='ltr'><strong>Deum</strong></span> <span class='ocrx_word' id='word_1_192' title='bbox 1865 2537 2074 2576; x_wconf 90' lang='lat' dir='ltr'><strong>amans.</strong></span> 
     </span>
    </p>
   </div>
   <div class='ocr_carea' id='block_1_28' title="bbox 508 2609 2079 2682">
    <p class='ocr_par' dir='ltr' id='par_1_28' title="bbox 508 2609 2079 2682">
     <span class='ocr_line' id='line_1_28' title="bbox 508 2609 2079 2682; baseline 0 -18"><span class='ocrx_word' id='word_1_193' title='bbox 508 2609 772 2665; x_wconf 84' lang='lat' dir='ltr'><strong>Narratur</strong></span> <span class='ocrx_word' id='word_1_194' title='bbox 795 2609 862 2664; x_wconf 90' lang='lat' dir='ltr'><strong>de</strong></span> <span class='ocrx_word' id='word_1_195' title='bbox 892 2610 1004 2675; x_wconf 89' lang='lat' dir='ltr'><strong>illo,</strong></span> <span class='ocrx_word' id='word_1_196' title='bbox 1032 2609 1176 2680; x_wconf 92' lang='lat' dir='ltr'><strong>quod</strong></span> <span class='ocrx_word' id='word_1_197' title='bbox 1234 2611 1352 2666; x_wconf 66' lang='lat' dir='ltr'><strong>«de</strong></span> <span class='ocrx_word' id='word_1_198' title='bbox 1415 2610 1792 2682; x_wconf 85' lang='lat' dir='ltr'><strong>primogenitis</strong></span> <span class='ocrx_word' id='word_1_199' title='bbox 1839 2619 1895 2666; x_wconf 86' lang='lat' dir='ltr'><strong>et</strong></span> <span class='ocrx_word' id='word_1_200' title='bbox 1955 2613 2079 2681; x_wconf 86' lang='lat' dir='ltr'><strong>pin-</strong></span> 
     </span>
    </p>
   </div>
   <div class='ocr_carea' id='block_1_29' title="bbox 509 2701 2076 2774">
    <p class='ocr_par' dir='ltr' id='par_1_29' title="bbox 509 2701 2076 2774">
     <span class='ocr_line' id='line_1_29' title="bbox 509 2701 2076 2774; baseline 0 -17"><span class='ocrx_word' id='word_1_201' title='bbox 509 2702 792 2773; x_wconf 86' lang='lat' dir='ltr'><strong>guioribus</strong></span> <span class='ocrx_word' id='word_1_202' title='bbox 819 2701 1147 2757; x_wconf 84' lang='lat' dir='ltr'><strong>oblationem</strong></span> <span class='ocrx_word' id='word_1_203' title='bbox 1177 2702 1343 2770; x_wconf 86' lang='lat' dir='ltr'><strong>tulit;</strong></span> <span class='ocrx_word' id='word_1_204' title='bbox 1375 2719 1394 2754; x_wconf 71' lang='grc' dir='ltr'><strong>ι</strong></span> <span class='ocrx_word' id='word_1_205' title='bbox 1437 2704 1541 2759; x_wconf 85' lang='lat' dir='ltr'><strong>lioc</strong></span> <span class='ocrx_word' id='word_1_206' title='bbox 1582 2712 1667 2759; x_wconf 85' lang='lat' dir='ltr'><strong>est</strong></span> <span class='ocrx_word' id='word_1_207' title='bbox 1698 2721 1712 2758; x_wconf 91' lang='lat'><strong>:</strong></span> <span class='ocrx_word' id='word_1_208' title='bbox 1752 2703 1844 2758; x_wconf 87' lang='lat' dir='ltr'><strong>illa</strong></span> <span class='ocrx_word' id='word_1_209' title='bbox 1869 2718 1992 2774; x_wconf 71' lang='lat' dir='ltr'><strong>qua:</strong></span> <span class='ocrx_word' id='word_1_210' title='bbox 2021 2704 2076 2757; x_wconf 90' lang='lat' dir='ltr'><strong>in</strong></span> 
     </span>
    </p>
   </div>
   <div class='ocr_carea' id='block_1_30' title="bbox 509 2793 2076 2868">
    <p class='ocr_par' dir='ltr' id='par_1_30' title="bbox 509 2793 2076 2868">
     <span class='ocr_line' id='line_1_30' title="bbox 509 2793 2076 2868; baseline -0.001 -17"><span class='ocrx_word' id='word_1_211' title='bbox 509 2797 846 2868; x_wconf 85' lang='lat' dir='ltr'><strong>primogenia</strong></span> <span class='ocrx_word' id='word_1_212' title='bbox 900 2793 1255 2866; x_wconf 88' lang='lat' dir='ltr'><strong>productione</strong></span> <span class='ocrx_word' id='word_1_213' title='bbox 1282 2835 1299 2863; x_wconf 94' lang='lat'><strong>,</strong></span> <span class='ocrx_word' id='word_1_214' title='bbox 1347 2805 1402 2849; x_wconf 89' lang='lat' dir='ltr'><strong>et</strong></span> <span class='ocrx_word' id='word_1_215' title='bbox 1451 2795 1508 2848; x_wconf 90' lang='lat' dir='ltr'><strong>in</strong></span> <span class='ocrx_word' id='word_1_216' title='bbox 1554 2809 1620 2850; x_wconf 90' lang='lat' dir='ltr'><strong>eo</strong></span> <span class='ocrx_word' id='word_1_217' title='bbox 1666 2795 1817 2865; x_wconf 89' lang='lat' dir='ltr'><strong>quod</strong></span> <span class='ocrx_word' id='word_1_218' title='bbox 1857 2796 2076 2865; x_wconf 87' lang='lat' dir='ltr'><strong>pinguia</strong></span> 
     </span>
    </p>
   </div>
   <div class='ocr_carea' id='block_1_31' title="bbox 507 2886 2078 2956">
    <p class='ocr_par' dir='ltr' id='par_1_31' title="bbox 507 2886 2078 2956">
     <span class='ocr_line' id='line_1_31' title="bbox 507 2886 2078 2956; baseline -0.002 -12"><span class='ocrx_word' id='word_1_219' title='bbox 507 2899 664 2944; x_wconf 89' lang='lat' dir='ltr'><strong>erant</strong></span> <span class='ocrx_word' id='word_1_220' title='bbox 695 2899 749 2943; x_wconf 93' lang='lat' dir='ltr'><strong>et</strong></span> <span class='ocrx_word' id='word_1_221' title='bbox 770 2887 941 2942; x_wconf 88' lang='lat' dir='ltr'><strong>altilia</strong></span> <span class='ocrx_word' id='word_1_222' title='bbox 971 2887 1185 2942; x_wconf 73' lang='lat' dir='ltr'><strong>caeteris</strong></span> <span class='ocrx_word' id='word_1_223' title='bbox 1215 2887 1572 2956; x_wconf 84' lang='lat' dir='ltr'><strong>praestabant,</strong></span> <span class='ocrx_word' id='word_1_224' title='bbox 1599 2887 1815 2942; x_wconf 83' lang='lat' dir='ltr'><strong>obtulit.</strong></span> <span class='ocrx_word' id='word_1_225' title='bbox 1847 2886 1982 2941; x_wconf 86' lang='lat' dir='ltr'><strong>Nam</strong></span> <span class='ocrx_word' id='word_1_226' title='bbox 2011 2888 2078 2942; x_wconf 92' lang='lat' dir='ltr'><strong>de</strong></span> 
     </span>
    </p>
   </div>
   <div class='ocr_carea' id='block_1_32' title="bbox 2185 429 3702 500">
    <p class='ocr_par' dir='ltr' id='par_1_32' title="bbox 2185 429 3702 500">
     <span class='ocr_line' id='line_1_32' title="bbox 2185 429 3702 500; baseline 0.004 -19"><span class='ocrx_word' id='word_1_227' title='bbox 2185 430 2334 499; x_wconf 84' lang='grc' dir='ltr'>ρέσει</span> <span class='ocrx_word' id='word_1_228' title='bbox 2386 429 2610 500; x_wconf 85' lang='grc' dir='ltr'>θεσμόν.</span> <span class='ocrx_word' id='word_1_229' title='bbox 2647 430 2737 481; x_wconf 90' lang='grc' dir='ltr'>Δεῖ</span> <span class='ocrx_word' id='word_1_230' title='bbox 2789 429 2845 481; x_wconf 81' lang='grc' dir='ltr'>δὲ</span> <span class='ocrx_word' id='word_1_231' title='bbox 2887 429 2978 481; x_wconf 78' lang='grc' dir='ltr'><strong>τὸν</strong></span> <span class='ocrx_word' id='word_1_232' title='bbox 3029 429 3400 499; x_wconf 84' lang='grc' dir='ltr'>ἀνεπιμὼμως</span> <span class='ocrx_word' id='word_1_233' title='bbox 3437 435 3539 496; x_wconf 87' lang='grc' dir='ltr'>τοῖς</span> <span class='ocrx_word' id='word_1_234' title='bbox 3566 433 3702 499; x_wconf 79' lang='grc' dir='ltr'><strong>θείοις</strong></span> 
     </span>
    </p>
   </div>
   <div class='ocr_carea' id='block_1_33' title="bbox 2184 520 3701 596">
    <p class='ocr_par' dir='ltr' id='par_1_33' title="bbox 2184 520 3701 596">
     <span class='ocr_line' id='line_1_33' title="bbox 2184 520 3701 596; baseline 0.004 -24"><span class='ocrx_word' id='word_1_235' title='bbox 2184 521 2624 592; x_wconf 84' lang='grc' dir='ltr'>ὑπηρετούμενον</span> <span class='ocrx_word' id='word_1_236' title='bbox 2651 559 2666 583; x_wconf 90' lang='grc'><strong>,</strong></span> <span class='ocrx_word' id='word_1_237' title='bbox 2701 520 2876 589; x_wconf 82' lang='grc' dir='ltr'><strong>ὀρθῶς</strong></span> <span class='ocrx_word' id='word_1_238' title='bbox 2925 537 2985 572; x_wconf 90' lang='grc' dir='ltr'><strong>τε</strong></span> <span class='ocrx_word' id='word_1_239' title='bbox 3055 521 3384 590; x_wconf 82' lang='grc' dir='ltr'>προδιελείν,</span> <span class='ocrx_word' id='word_1_240' title='bbox 3438 524 3526 576; x_wconf 75' lang='grc' dir='ltr'><strong>καὶ</strong></span> <span class='ocrx_word' id='word_1_241' title='bbox 3561 525 3701 596; x_wconf 82' lang='grc' dir='ltr'>ὀρθῶς</span> 
     </span>
    </p>
   </div>
   <div class='ocr_carea' id='block_1_34' title="bbox 2183 612 3701 687">
    <p class='ocr_par' dir='ltr' id='par_1_34' title="bbox 2183 612 3701 687">
     <span class='ocr_line' id='line_1_34' title="bbox 2183 612 3701 687; baseline 0.004 -23"><span class='ocrx_word' id='word_1_242' title='bbox 2183 613 2386 683; x_wconf 77' lang='grc' dir='ltr'>δμοίως</span> <span class='ocrx_word' id='word_1_243' title='bbox 2411 615 2822 683; x_wconf 87' lang='grc' dir='ltr'>προσενεγκεῖν.</span> <span class='ocrx_word' id='word_1_244' title='bbox 2871 613 3010 665; x_wconf 84' lang='grc' dir='ltr'>Ἀλλ’</span> <span class='ocrx_word' id='word_1_245' title='bbox 3051 613 3100 664; x_wconf 80' lang='grc' dir='ltr'>εἰ</span> <span class='ocrx_word' id='word_1_246' title='bbox 3141 613 3236 683; x_wconf 83' lang='grc' dir='ltr'><strong>μὲν</strong></span> <span class='ocrx_word' id='word_1_247' title='bbox 3270 612 3408 665; x_wconf 88' lang='grc' dir='ltr'><strong>κατά</strong></span> <span class='ocrx_word' id='word_1_248' title='bbox 3437 614 3554 682; x_wconf 85' lang='grc' dir='ltr'>μίαν</span> <span class='ocrx_word' id='word_1_249' title='bbox 3575 619 3701 687; x_wconf 75' lang='grc' dir='ltr'>περὶ·</span> 
     </span>
    </p>
   </div>
   <div class='ocr_carea' id='block_1_35' title="bbox 2182 701 3699 772">
    <p class='ocr_par' dir='ltr' id='par_1_35' title="bbox 2182 701 3699 772">
     <span class='ocr_line' id='line_1_35' title="bbox 2182 701 3699 772; baseline 0.002 -17"><span class='ocrx_word' id='word_1_250' title='bbox 2182 701 2298 755; x_wconf 85' lang='grc' dir='ltr'>οδον</span> <span class='ocrx_word' id='word_1_251' title='bbox 2333 703 2418 772; x_wconf 84' lang='grc' dir='ltr'>εἴη</span> <span class='ocrx_word' id='word_1_252' title='bbox 2448 703 2508 754; x_wconf 85' lang='grc' dir='ltr'><strong>τὸ</strong></span> <span class='ocrx_word' id='word_1_253' title='bbox 2540 703 2742 772; x_wconf 81' lang='grc' dir='ltr'>χωρίον</span> <span class='ocrx_word' id='word_1_254' title='bbox 2771 701 3210 772; x_wconf 79' lang='grc' dir='ltr'><strong>τεθεωρημένον,</strong></span> <span class='ocrx_word' id='word_1_255' title='bbox 3241 701 3512 764; x_wconf 74' lang='grc' dir='ltr'><strong>τοιαύταις</strong></span> <span class='ocrx_word' id='word_1_256' title='bbox 3543 705 3598 756; x_wconf 83' lang='grc' dir='ltr'><strong>ἂν</strong></span> <span class='ocrx_word' id='word_1_257' title='bbox 3618 707 3699 758; x_wconf 80' lang='grc' dir='ltr'><strong>ὑπ-</strong></span> 
     </span>
    </p>
   </div>
   <div class='ocr_carea' id='block_1_36' title="bbox 2183 793 3701 865">
    <p class='ocr_par' dir='ltr' id='par_1_36' title="bbox 2183 793 3701 865">
     <span class='ocr_line' id='line_1_36' title="bbox 2183 793 3701 865; baseline 0.002 -19"><span class='ocrx_word' id='word_1_258' title='bbox 2183 795 2367 860; x_wconf 83' lang='grc' dir='ltr'>άγοιτο</span> <span class='ocrx_word' id='word_1_259' title='bbox 2400 795 2678 865; x_wconf 81' lang='grc' dir='ltr'><strong>θεωρίαις.</strong></span> <span class='ocrx_word' id='word_1_260' title='bbox 2731 795 2796 847; x_wconf 79' lang='grc' dir='ltr'><strong>Εἰ</strong></span> <span class='ocrx_word' id='word_1_261' title='bbox 2822 794 2878 846; x_wconf 84' lang='grc' dir='ltr'><strong>δέ</strong></span> <span class='ocrx_word' id='word_1_262' title='bbox 2906 811 2990 856; x_wconf 88' lang='grc' dir='ltr'><strong>τις</strong></span> <span class='ocrx_word' id='word_1_263' title='bbox 3010 794 3107 864; x_wconf 87' lang='grc' dir='ltr'><strong>οὺχ</strong></span> <span class='ocrx_word' id='word_1_264' title='bbox 3130 793 3308 864; x_wconf 81' lang='grc' dir='ltr'>ἁπλῆν</span> <span class='ocrx_word' id='word_1_265' title='bbox 3330 796 3419 846; x_wconf 71' lang='grc' dir='ltr'><strong>καὶ</strong></span> <span class='ocrx_word' id='word_1_266' title='bbox 3449 794 3583 863; x_wconf 80' lang='grc' dir='ltr'>μίαν,</span> <span class='ocrx_word' id='word_1_267' title='bbox 3610 799 3701 849; x_wconf 82' lang='grc' dir='ltr'>ἀλλ’</span> 
     </span>
    </p>
   </div>
   <div class='ocr_carea' id='block_1_37' title="bbox 2182 879 3700 956">
    <p class='ocr_par' dir='ltr' id='par_1_37' title="bbox 2182 879 3700 956">
     <span class='ocr_line' id='line_1_37' title="bbox 2182 879 3700 956; baseline 0.001 -18"><span class='ocrx_word' id='word_1_268' title='bbox 2182 879 2292 938; x_wconf 73' lang='grc' dir='ltr'>οἷον</span> <span class='ocrx_word' id='word_1_269' title='bbox 2331 887 2394 937; x_wconf 81' lang='grc' dir='ltr'><strong>ἐκ</strong></span> <span class='ocrx_word' id='word_1_270' title='bbox 2431 884 2524 938; x_wconf 84' lang='grc' dir='ltr'><strong>δύο</strong></span> <span class='ocrx_word' id='word_1_271' title='bbox 2571 885 2728 938; x_wconf 90' lang='grc' dir='ltr'>τινῶν</span> <span class='ocrx_word' id='word_1_272' title='bbox 2771 884 3120 956; x_wconf 80' lang='grc' dir='ltr'><strong>βραχυτέρων</strong></span> <span class='ocrx_word' id='word_1_273' title='bbox 3176 886 3548 955; x_wconf 79' lang='grc' dir='ltr'><strong>συγκειμένην,</strong></span> <span class='ocrx_word' id='word_1_274' title='bbox 3596 889 3700 941; x_wconf 80' lang='grc' dir='ltr'>ὐπο-</span> 
     </span>
    </p>
   </div>
   <div class='ocr_carea' id='block_1_38' title="bbox 2183 977 3699 1048">
    <p class='ocr_par' dir='ltr' id='par_1_38' title="bbox 2183 977 3699 1048">
     <span class='ocr_line' id='line_1_38' title="bbox 2183 977 3699 1048; baseline 0 -17"><span class='ocrx_word' id='word_1_275' title='bbox 2183 978 2335 1032; x_wconf 77' lang='grc' dir='ltr'>λάϐοι</span> <span class='ocrx_word' id='word_1_276' title='bbox 2372 979 2433 1031; x_wconf 81' lang='grc' dir='ltr'><strong>τὸ</strong></span> <span class='ocrx_word' id='word_1_277' title='bbox 2465 977 2557 1032; x_wconf 81' lang='grc' dir='ltr'>τοῦ</span> <span class='ocrx_word' id='word_1_278' title='bbox 2587 979 3024 1048; x_wconf 77' lang='grc' dir='ltr'>ἀποφαινομένου</span> <span class='ocrx_word' id='word_1_279' title='bbox 3067 978 3252 1047; x_wconf 85' lang='grc' dir='ltr'>σχῆμα</span> <span class='ocrx_word' id='word_1_280' title='bbox 3273 1021 3286 1041; x_wconf 90' lang='grc'><strong>,</strong></span> <span class='ocrx_word' id='word_1_281' title='bbox 3319 978 3412 1030; x_wconf 72' lang='grc' dir='ltr'><strong>καὶ</strong></span> <span class='ocrx_word' id='word_1_282' title='bbox 3449 977 3576 1031; x_wconf 79' lang='grc' dir='ltr'>οὕτω</span> <span class='ocrx_word' id='word_1_283' title='bbox 3620 998 3699 1048; x_wconf 73' lang='grc' dir='ltr'><strong>φυ-</strong></span> 
     </span>
    </p>
   </div>
   <div class='ocr_carea' id='block_1_39' title="bbox 2183 1069 3698 1143">
    <p class='ocr_par' dir='ltr' id='par_1_39' title="bbox 2183 1069 3698 1143">
     <span class='ocr_line' id='line_1_39' title="bbox 2183 1069 3698 1143; baseline -0.001 -20"><span class='ocrx_word' id='word_1_284' title='bbox 2183 1072 2486 1124; x_wconf 88' lang='grc' dir='ltr'>λάττουσαν</span> <span class='ocrx_word' id='word_1_285' title='bbox 2517 1072 2620 1142; x_wconf 82' lang='grc' dir='ltr'><strong>τὴν</strong></span> <span class='ocrx_word' id='word_1_286' title='bbox 2679 1071 2926 1143; x_wconf 83' lang='grc' dir='ltr'>περίοδον</span> <span class='ocrx_word' id='word_1_287' title='bbox 2947 1111 2960 1134; x_wconf 91' lang='grc'><strong>,</strong></span> <span class='ocrx_word' id='word_1_288' title='bbox 2984 1071 3080 1122; x_wconf 69' lang='grc' dir='ltr'><strong>καὶ</strong></span> <span class='ocrx_word' id='word_1_289' title='bbox 3101 1069 3160 1121; x_wconf 86' lang='grc' dir='ltr'><strong>τὸ</strong></span> <span class='ocrx_word' id='word_1_290' title='bbox 3193 1070 3291 1140; x_wconf 90' lang='grc' dir='ltr'><strong>μέν</strong></span> <span class='ocrx_word' id='word_1_291' title='bbox 3315 1069 3477 1136; x_wconf 72' lang='grc' dir='ltr'>αὐτῆς</span> <span class='ocrx_word' id='word_1_292' title='bbox 3507 1070 3610 1122; x_wconf 86' lang='grc' dir='ltr'>κατ’</span> <span class='ocrx_word' id='word_1_293' title='bbox 3630 1071 3698 1122; x_wconf 80' lang='grc' dir='ltr'>ἕλ-</span> 
     </span>
    </p>
   </div>
   <div class='ocr_carea' id='block_1_40' title="bbox 2182 1160 3701 1232">
    <p class='ocr_par' dir='ltr' id='par_1_40' title="bbox 2182 1160 3701 1232">
     <span class='ocr_line' id='line_1_40' title="bbox 2182 1160 3701 1232; baseline 0 -18"><span class='ocrx_word' id='word_1_294' title='bbox 2182 1162 2382 1232; x_wconf 79' lang='grc' dir='ltr'>λειψιν,</span> <span class='ocrx_word' id='word_1_295' title='bbox 2427 1162 2489 1215; x_wconf 77' lang='grc' dir='ltr'>τὸ</span> <span class='ocrx_word' id='word_1_296' title='bbox 2538 1161 2597 1214; x_wconf 86' lang='grc' dir='ltr'><strong>δέ</strong></span> <span class='ocrx_word' id='word_1_297' title='bbox 2643 1161 2944 1224; x_wconf 83' lang='grc' dir='ltr'>αὐτοτελῶς</span> <span class='ocrx_word' id='word_1_298' title='bbox 3009 1160 3297 1231; x_wconf 82' lang='grc' dir='ltr'>εἰρῆσθαι·</span> <span class='ocrx_word' id='word_1_299' title='bbox 3339 1161 3445 1212; x_wconf 78' lang='grc' dir='ltr'>οὐδ’</span> <span class='ocrx_word' id='word_1_300' title='bbox 3481 1161 3605 1214; x_wconf 72' lang='grc' dir='ltr'>οὕτω</span> <span class='ocrx_word' id='word_1_301' title='bbox 3650 1166 3701 1232; x_wconf 83' lang='grc' dir='ltr'>τῇ</span> 
     </span>
    </p>
   </div>
   <div class='ocr_carea' id='block_1_41' title="bbox 2184 1246 3702 1323">
    <p class='ocr_par' dir='ltr' id='par_1_41' title="bbox 2184 1246 3702 1323">
     <span class='ocr_line' id='line_1_41' title="bbox 2184 1246 3702 1323; baseline -0.002 -17"><span class='ocrx_word' id='word_1_302' title='bbox 2184 1252 2348 1321; x_wconf 80' lang='grc' dir='ltr'>φύσει</span> <span class='ocrx_word' id='word_1_303' title='bbox 2378 1253 2478 1322; x_wconf 80' lang='grc' dir='ltr'><strong>τῆς</strong></span> <span class='ocrx_word' id='word_1_304' title='bbox 2511 1252 2770 1323; x_wconf 78' lang='grc' dir='ltr'>ἀληθείας</span> <span class='ocrx_word' id='word_1_305' title='bbox 2802 1252 3160 1322; x_wconf 88' lang='grc' dir='ltr'>λυμανεῖται·</span> <span class='ocrx_word' id='word_1_306' title='bbox 3196 1246 3308 1303; x_wconf 74' lang='grc' dir='ltr'>οἷον</span> <span class='ocrx_word' id='word_1_307' title='bbox 3328 1265 3341 1279; x_wconf 84' lang='lat'><strong><em>°</em></strong></span> <span class='ocrx_word' id='word_1_308' title='bbox 3380 1251 3509 1320; x_wconf 81' lang='grc' dir='ltr'><strong>Οὐχὶ</strong></span> <span class='ocrx_word' id='word_1_309' title='bbox 3537 1251 3594 1304; x_wconf 87' lang='grc' dir='ltr'>ἂν</span> <span class='ocrx_word' id='word_1_310' title='bbox 3632 1253 3702 1320; x_wconf 70' lang='grc' dir='ltr'>ὀρ-</span> 
     </span>
    </p>
   </div>
   <div class='ocr_carea' id='block_1_42' title="bbox 2184 1341 3701 1416">
    <p class='ocr_par' dir='ltr' id='par_1_42' title="bbox 2184 1341 3701 1416">
     <span class='ocr_line' id='line_1_42' title="bbox 2184 1341 3701 1416; baseline -0.001 -18"><span class='ocrx_word' id='word_1_311' title='bbox 2184 1345 2293 1408; x_wconf 90' lang='grc' dir='ltr'><strong>θῶς</strong></span> <span class='ocrx_word' id='word_1_312' title='bbox 2329 1346 2426 1416; x_wconf 84' lang='grc' dir='ltr'>μὲν</span> <span class='ocrx_word' id='word_1_313' title='bbox 2466 1344 2840 1416; x_wconf 75' lang='grc' dir='ltr'>προσενέγκῃς</span> <span class='ocrx_word' id='word_1_314' title='bbox 2872 1342 3259 1412; x_wconf 78' lang='grc' dir='ltr'>εὐδοκιμήσας,</span> <span class='ocrx_word' id='word_1_315' title='bbox 3301 1341 3366 1395; x_wconf 82' lang='grc' dir='ltr'>ἂν</span> <span class='ocrx_word' id='word_1_316' title='bbox 3397 1343 3452 1394; x_wconf 84' lang='grc' dir='ltr'>δὲ</span> <span class='ocrx_word' id='word_1_317' title='bbox 3474 1342 3541 1413; x_wconf 86' lang='grc' dir='ltr'>μὴ</span> <span class='ocrx_word' id='word_1_318' title='bbox 3563 1344 3701 1412; x_wconf 76' lang='grc' dir='ltr'>ὀρθῶς</span> 
     </span>
    </p>
   </div>
   <div class='ocr_carea' id='block_1_43' title="bbox 2183 1437 3703 1512">
    <p class='ocr_par' dir='ltr' id='par_1_43' title="bbox 2183 1437 3703 1512">
     <span class='ocr_line' id='line_1_43' title="bbox 2183 1437 3703 1512; baseline -0.001 -20"><span class='ocrx_word' id='word_1_319' title='bbox 2183 1440 2380 1512; x_wconf 81' lang='grc' dir='ltr'>διέλῃς,</span> <span class='ocrx_word' id='word_1_320' title='bbox 2405 1441 2672 1512; x_wconf 82' lang='grc' dir='ltr'>ἥμαρτες.</span> <span class='ocrx_word' id='word_1_321' title='bbox 2706 1439 2818 1494; x_wconf 71' lang='lat' dir='ltr'><strong>Kal.</strong></span> <span class='ocrx_word' id='word_1_322' title='bbox 2841 1440 2949 1509; x_wconf 84' lang='grc' dir='ltr'><strong>γὰρ</strong></span> <span class='ocrx_word' id='word_1_323' title='bbox 2976 1438 3164 1508; x_wconf 86' lang='grc' dir='ltr'>ὥσπερ</span> <span class='ocrx_word' id='word_1_324' title='bbox 3187 1437 3248 1490; x_wconf 79' lang='grc' dir='ltr'><strong>τὸ</strong></span> <span class='ocrx_word' id='word_1_325' title='bbox 3268 1437 3439 1508; x_wconf 81' lang='grc' dir='ltr'>ὀρθῶς</span> <span class='ocrx_word' id='word_1_326' title='bbox 3459 1455 3703 1510; x_wconf 72' lang='grc' dir='ltr'>προσενεγο</span> 
     </span>
    </p>
   </div>
   <div class='ocr_carea' id='block_1_44' title="bbox 2187 1530 3701 1603">
    <p class='ocr_par' dir='ltr' id='par_1_44' title="bbox 2187 1530 3701 1603">
     <span class='ocr_line' id='line_1_44' title="bbox 2187 1530 3701 1603; baseline 0.003 -20"><span class='ocrx_word' id='word_1_327' title='bbox 2187 1533 2300 1583; x_wconf 86' lang='grc' dir='ltr'>κεῖν</span> <span class='ocrx_word' id='word_1_328' title='bbox 2351 1531 2594 1595; x_wconf 76' lang='grc' dir='ltr'>εὐσεϐὲς,</span> <span class='ocrx_word' id='word_1_329' title='bbox 2656 1530 2799 1585; x_wconf 73' lang='grc' dir='ltr'>οὕτω</span> <span class='ocrx_word' id='word_1_330' title='bbox 2855 1531 2916 1585; x_wconf 88' lang='grc' dir='ltr'><strong>τὸ</strong></span> <span class='ocrx_word' id='word_1_331' title='bbox 2951 1531 3028 1603; x_wconf 85' lang='grc' dir='ltr'>μὴ</span> <span class='ocrx_word' id='word_1_332' title='bbox 3050 1532 3228 1602; x_wconf 86' lang='grc' dir='ltr'>ὀρθῶς</span> <span class='ocrx_word' id='word_1_333' title='bbox 3277 1532 3467 1587; x_wconf 80' lang='grc' dir='ltr'>διελεῖν</span> <span class='ocrx_word' id='word_1_334' title='bbox 3493 1533 3701 1597; x_wconf 76' lang='grc' dir='ltr'>ἀσεϐείας</span> 
     </span>
    </p>
   </div>
   <div class='ocr_carea' id='block_1_45' title="bbox 2185 1623 3702 1698">
    <p class='ocr_par' dir='ltr' id='par_1_45' title="bbox 2185 1623 3702 1698">
     <span class='ocr_line' id='line_1_45' title="bbox 2185 1623 3702 1698; baseline 0.003 -22"><span class='ocrx_word' id='word_1_335' title='bbox 2185 1623 2506 1678; x_wconf 80' lang='grc' dir='ltr'>ὑπεύθυνον.</span> <span class='ocrx_word' id='word_1_336' title='bbox 2541 1624 2653 1678; x_wconf 80' lang='grc' dir='ltr'><strong>Καὶ</strong></span> <span class='ocrx_word' id='word_1_337' title='bbox 2677 1626 2704 1678; x_wconf 97' lang='lat'><strong>6</strong></span> <span class='ocrx_word' id='word_1_338' title='bbox 2731 1624 2829 1696; x_wconf 82' lang='grc' dir='ltr'><strong>μὲν</strong></span> <span class='ocrx_word' id='word_1_339' title='bbox 2858 1624 2957 1695; x_wconf 81' lang='grc' dir='ltr'><strong>τῆς</strong></span> <span class='ocrx_word' id='word_1_340' title='bbox 2989 1625 3084 1679; x_wconf 83' lang='grc' dir='ltr'>τοῦ</span> <span class='ocrx_word' id='word_1_341' title='bbox 3120 1625 3290 1698; x_wconf 79' lang='grc' dir='ltr'>ῥητοῦ</span> <span class='ocrx_word' id='word_1_342' title='bbox 3337 1627 3614 1692; x_wconf 80' lang='grc' dir='ltr'>συντάξεως</span> <span class='ocrx_word' id='word_1_343' title='bbox 3634 1627 3702 1680; x_wconf 80' lang='grc' dir='ltr'><strong>λό-</strong></span> 
     </span>
    </p>
   </div>
   <div class='ocr_carea' id='block_1_46' title="bbox 2183 1715 3699 1790">
    <p class='ocr_par' dir='ltr' id='par_1_46' title="bbox 2183 1715 3699 1790">
     <span class='ocr_line' id='line_1_46' title="bbox 2183 1715 3699 1790; baseline 0.004 -22"><span class='ocrx_word' id='word_1_344' title='bbox 2183 1732 2296 1783; x_wconf 85' lang='grc' dir='ltr'>γος,</span> <span class='ocrx_word' id='word_1_345' title='bbox 2313 1715 2405 1769; x_wconf 81' lang='grc' dir='ltr'>καὶ</span> <span class='ocrx_word' id='word_1_346' title='bbox 2427 1719 2460 1785; x_wconf 87' lang='grc' dir='ltr'><strong>ὴ</strong></span> <span class='ocrx_word' id='word_1_347' title='bbox 2475 1715 2569 1768; x_wconf 88' lang='grc' dir='ltr'>ἀπ’</span> <span class='ocrx_word' id='word_1_348' title='bbox 2595 1716 2766 1786; x_wconf 77' lang='grc' dir='ltr'>αὐτῆς</span> <span class='ocrx_word' id='word_1_349' title='bbox 2783 1716 3186 1790; x_wconf 77' lang='grc' dir='ltr'>ἀναφαινομένη</span> <span class='ocrx_word' id='word_1_350' title='bbox 3198 1718 3426 1784; x_wconf 84' lang='grc' dir='ltr'>διάνοια,</span> <span class='ocrx_word' id='word_1_351' title='bbox 3444 1721 3498 1772; x_wconf 92' lang='grc' dir='ltr'><strong>ἐν</strong></span> <span class='ocrx_word' id='word_1_352' title='bbox 3511 1718 3699 1784; x_wconf 76' lang='grc' dir='ltr'>τούτοις.</span> 
     </span>
    </p>
   </div>
   <div class='ocr_carea' id='block_1_47' title="bbox 2269 1805 3692 1881">
    <p class='ocr_par' dir='ltr' id='par_1_47' title="bbox 2269 1805 3692 1881">
     <span class='ocr_line' id='line_1_47' title="bbox 2269 1805 3692 1881; baseline 0.004 -23"><span class='ocrx_word' id='word_1_353' title='bbox 2269 1805 2428 1858; x_wconf 85' lang='grc' dir='ltr'>Ἀλλά</span> <span class='ocrx_word' id='word_1_354' title='bbox 2458 1805 2566 1876; x_wconf 81' lang='grc' dir='ltr'><strong>γὰρ</strong></span> <span class='ocrx_word' id='word_1_355' title='bbox 2611 1808 2672 1859; x_wconf 75' lang='grc' dir='ltr'>τὸ</span> <span class='ocrx_word' id='word_1_356' title='bbox 2721 1806 2842 1877; x_wconf 84' lang='grc' dir='ltr'>μὲν,</span> <span class='ocrx_word' id='word_1_357' title='bbox 2895 1811 3286 1877; x_wconf 77' lang='grc' dir='ltr'>προσενεγκεῖν</span> <span class='ocrx_word' id='word_1_358' title='bbox 3328 1809 3514 1881; x_wconf 87' lang='grc' dir='ltr'>ὀρθῶς,</span> <span class='ocrx_word' id='word_1_359' title='bbox 3568 1810 3692 1863; x_wconf 82' lang='grc' dir='ltr'>αὑτό-</span> 
     </span>
    </p>
   </div>
   <div class='ocr_carea' id='block_1_48' title="bbox 2185 1892 3698 1965">
    <p class='ocr_par' dir='ltr' id='par_1_48' title="bbox 2185 1892 3698 1965">
     <span class='ocr_line' id='line_1_48' title="bbox 2185 1892 3698 1965; baseline 0.004 -19"><span class='ocrx_word' id='word_1_360' title='bbox 2185 1893 2276 1946; x_wconf 91' lang='grc' dir='ltr'><strong>θεν</strong></span> <span class='ocrx_word' id='word_1_361' title='bbox 2329 1892 2608 1963; x_wconf 75' lang='grc' dir='ltr'>δῆλονοτὸ</span> <span class='ocrx_word' id='word_1_362' title='bbox 2655 1895 2733 1961; x_wconf 83' lang='grc' dir='ltr'><strong>δὲ,</strong></span> <span class='ocrx_word' id='word_1_363' title='bbox 2794 1895 2870 1965; x_wconf 81' lang='grc' dir='ltr'>μὴ</span> <span class='ocrx_word' id='word_1_364' title='bbox 2922 1896 3120 1950; x_wconf 85' lang='grc' dir='ltr'>διελεῖν</span> <span class='ocrx_word' id='word_1_365' title='bbox 3165 1896 3369 1962; x_wconf 85' lang='grc' dir='ltr'>ὀρθῶς,</span> <span class='ocrx_word' id='word_1_366' title='bbox 3430 1898 3548 1962; x_wconf 74' lang='grc' dir='ltr'>ἴσως</span> <span class='ocrx_word' id='word_1_367' title='bbox 3569 1898 3698 1952; x_wconf 79' lang='grc' dir='ltr'>δεῖται</span> 
     </span>
    </p>
   </div>
   <div class='ocr_carea' id='block_1_49' title="bbox 2185 1984 3698 2062">
    <p class='ocr_par' dir='ltr' id='par_1_49' title="bbox 2185 1984 3698 2062">
     <span class='ocr_line' id='line_1_49' title="bbox 2185 1984 3698 2062; baseline 0.005 -26"><span class='ocrx_word' id='word_1_368' title='bbox 2185 1984 2500 2055; x_wconf 78' lang='grc' dir='ltr'>σαφηνείας.</span> <span class='ocrx_word' id='word_1_369' title='bbox 2538 1985 2775 2050; x_wconf 83' lang='grc' dir='ltr'>Ἐκεῖνος</span> <span class='ocrx_word' id='word_1_370' title='bbox 2809 1987 3097 2056; x_wconf 80' lang='grc' dir='ltr'>τοιγαροῦν</span> <span class='ocrx_word' id='word_1_371' title='bbox 3143 1987 3326 2060; x_wconf 87' lang='grc' dir='ltr'>ὀρθῶς</span> <span class='ocrx_word' id='word_1_372' title='bbox 3366 1988 3568 2061; x_wconf 73' lang='grc' dir='ltr'>διαιρεῖ,</span> <span class='ocrx_word' id='word_1_373' title='bbox 3597 1992 3698 2062; x_wconf 75' lang='grc' dir='ltr'><strong>ὁμὴ</strong></span> 
     </span>
    </p>
   </div>
   <div class='ocr_carea' id='block_1_50' title="bbox 2183 2077 3698 2154">
    <p class='ocr_par' dir='ltr' id='par_1_50' title="bbox 2183 2077 3698 2154">
     <span class='ocr_line' id='line_1_50' title="bbox 2183 2077 3698 2154; baseline 0.005 -26"><span class='ocrx_word' id='word_1_374' title='bbox 2183 2077 2252 2129; x_wconf 73' lang='grc' dir='ltr'><strong>τὰ</strong></span> <span class='ocrx_word' id='word_1_375' title='bbox 2278 2077 2510 2146; x_wconf 80' lang='grc' dir='ltr'>τυχόντα</span> <span class='ocrx_word' id='word_1_376' title='bbox 2579 2078 2727 2148; x_wconf 89' lang='grc' dir='ltr'>δῶρα</span> <span class='ocrx_word' id='word_1_377' title='bbox 2757 2078 2938 2149; x_wconf 81' lang='grc' dir='ltr'>φέρων</span> <span class='ocrx_word' id='word_1_378' title='bbox 2961 2078 3100 2150; x_wconf 81' lang='grc' dir='ltr'>Θεῷ,</span> <span class='ocrx_word' id='word_1_379' title='bbox 3126 2079 3245 2134; x_wconf 88' lang='grc' dir='ltr'>ἀλλ’</span> <span class='ocrx_word' id='word_1_380' title='bbox 3263 2080 3394 2153; x_wconf 77' lang='grc' dir='ltr'>ὀρθῇ</span> <span class='ocrx_word' id='word_1_381' title='bbox 3412 2082 3574 2154; x_wconf 84' lang='grc' dir='ltr'>κρίσει</span> <span class='ocrx_word' id='word_1_382' title='bbox 3592 2083 3698 2136; x_wconf 87' lang='grc' dir='ltr'>διαι-</span> 
     </span>
    </p>
   </div>
   <div class='ocr_carea' id='block_1_51' title="bbox 2189 2168 3700 2244">
    <p class='ocr_par' dir='ltr' id='par_1_51' title="bbox 2189 2168 3700 2244">
     <span class='ocr_line' id='line_1_51' title="bbox 2189 2168 3700 2244; baseline 0.004 -24"><span class='ocrx_word' id='word_1_383' title='bbox 2189 2169 2448 2239; x_wconf 86' lang='grc' dir='ltr'>ρούμενός</span> <span class='ocrx_word' id='word_1_384' title='bbox 2474 2185 2533 2221; x_wconf 89' lang='grc' dir='ltr'><strong>τε</strong></span> <span class='ocrx_word' id='word_1_385' title='bbox 2562 2171 2657 2222; x_wconf 75' lang='grc' dir='ltr'><strong>καὶ</strong></span> <span class='ocrx_word' id='word_1_386' title='bbox 2684 2168 2997 2240; x_wconf 86' lang='grc' dir='ltr'>διακρίνων,</span> <span class='ocrx_word' id='word_1_387' title='bbox 3025 2172 3119 2225; x_wconf 76' lang='grc' dir='ltr'>καὶ</span> <span class='ocrx_word' id='word_1_388' title='bbox 3143 2171 3599 2244; x_wconf 80' lang='grc' dir='ltr'>δωροφορούμενος</span> <span class='ocrx_word' id='word_1_389' title='bbox 3635 2175 3700 2226; x_wconf 68' lang='grc' dir='ltr'><strong>αὖ·</strong></span> 
     </span>
    </p>
   </div>
   <div class='ocr_carea' id='block_1_52' title="bbox 2183 2257 3698 2333">
    <p class='ocr_par' dir='ltr' id='par_1_52' title="bbox 2183 2257 3698 2333">
     <span class='ocr_line' id='line_1_52' title="bbox 2183 2257 3698 2333; baseline 0.004 -25"><span class='ocrx_word' id='word_1_390' title='bbox 2183 2257 2262 2327; x_wconf 82' lang='grc' dir='ltr'><strong>τῷ</strong></span> <span class='ocrx_word' id='word_1_391' title='bbox 2304 2258 2373 2311; x_wconf 75' lang='grc' dir='ltr'>τὰ</span> <span class='ocrx_word' id='word_1_392' title='bbox 2415 2257 2595 2329; x_wconf 79' lang='grc' dir='ltr'>πολλῷ</span> <span class='ocrx_word' id='word_1_393' title='bbox 2626 2258 2734 2311; x_wconf 86' lang='grc' dir='ltr'><strong>τῶν</strong></span> <span class='ocrx_word' id='word_1_394' title='bbox 2780 2258 2956 2312; x_wconf 83' lang='grc' dir='ltr'>ἄλλων</span> <span class='ocrx_word' id='word_1_395' title='bbox 3018 2261 3449 2333; x_wconf 86' lang='grc' dir='ltr'>προφερέστερα.</span> <span class='ocrx_word' id='word_1_396' title='bbox 3487 2263 3593 2326; x_wconf 82' lang='grc' dir='ltr'>Πῶς</span> <span class='ocrx_word' id='word_1_397' title='bbox 3617 2263 3698 2332; x_wconf 77' lang='grc' dir='ltr'><strong>γὰρ</strong></span> 
     </span>
    </p>
   </div>
   <div class='ocr_carea' id='block_1_53' title="bbox 2187 2349 3697 2426">
    <p class='ocr_par' dir='ltr' id='par_1_53' title="bbox 2187 2349 3697 2426">
     <span class='ocr_line' id='line_1_53' title="bbox 2187 2349 3697 2426; baseline 0.003 -24"><span class='ocrx_word' id='word_1_398' title='bbox 2187 2349 2310 2419; x_wconf 73' lang='grc' dir='ltr'>οὐχὶ</span> <span class='ocrx_word' id='word_1_399' title='bbox 2358 2350 2426 2402; x_wconf 72' lang='grc' dir='ltr'>τὰ</span> <span class='ocrx_word' id='word_1_400' title='bbox 2482 2349 2701 2404; x_wconf 81' lang='grc' dir='ltr'>πάντων</span> <span class='ocrx_word' id='word_1_401' title='bbox 2757 2351 2816 2403; x_wconf 86' lang='grc' dir='ltr'>ὲν</span> <span class='ocrx_word' id='word_1_402' title='bbox 2859 2351 3104 2423; x_wconf 83' lang='grc' dir='ltr'>ὑπεροχῇ</span> <span class='ocrx_word' id='word_1_403' title='bbox 3136 2353 3457 2426; x_wconf 86' lang='grc' dir='ltr'>τιμιώτερα,</span> <span class='ocrx_word' id='word_1_404' title='bbox 3482 2355 3551 2426; x_wconf 84' lang='grc' dir='ltr'>τῷ</span> <span class='ocrx_word' id='word_1_405' title='bbox 3576 2372 3697 2423; x_wconf 81' lang='grc' dir='ltr'>γενε-</span> 
     </span>
    </p>
   </div>
   <div class='ocr_carea' id='block_1_54' title="bbox 2187 2438 3698 2513">
    <p class='ocr_par' dir='ltr' id='par_1_54' title="bbox 2187 2438 3698 2513">
     <span class='ocr_line' id='line_1_54' title="bbox 2187 2438 3698 2513; baseline 0.003 -22"><span class='ocrx_word' id='word_1_406' title='bbox 2187 2438 2426 2510; x_wconf 83' lang='grc' dir='ltr'>σιουργῴ</span> <span class='ocrx_word' id='word_1_407' title='bbox 2479 2441 2575 2493; x_wconf 83' lang='grc' dir='ltr'><strong>καὶ</strong></span> <span class='ocrx_word' id='word_1_408' title='bbox 2625 2438 2813 2510; x_wconf 80' lang='grc' dir='ltr'>δοτῆρι</span> <span class='ocrx_word' id='word_1_409' title='bbox 2858 2440 2953 2493; x_wconf 76' lang='grc' dir='ltr'><strong>καὶ</strong></span> <span class='ocrx_word' id='word_1_410' title='bbox 3001 2442 3225 2494; x_wconf 80' lang='grc' dir='ltr'>πάντων</span> <span class='ocrx_word' id='word_1_411' title='bbox 3249 2443 3406 2513; x_wconf 77' lang='grc' dir='ltr'>αἰτίῳ</span> <span class='ocrx_word' id='word_1_412' title='bbox 3435 2444 3533 2497; x_wconf 87' lang='grc' dir='ltr'><strong>τῶν</strong></span> <span class='ocrx_word' id='word_1_413' title='bbox 3557 2443 3698 2496; x_wconf 80' lang='grc' dir='ltr'>καλῶν</span> 
     </span>
    </p>
   </div>
   <div class='ocr_carea' id='block_1_55' title="bbox 2184 2522 3696 2602">
    <p class='ocr_par' dir='ltr' id='par_1_55' title="bbox 2184 2522 3696 2602">
     <span class='ocr_line' id='line_1_55' title="bbox 2184 2522 3696 2602; baseline 0 -19"><span class='ocrx_word' id='word_1_414' title='bbox 2184 2529 2326 2600; x_wconf 82' lang='grc' dir='ltr'>Θεῷ,</span> <span class='ocrx_word' id='word_1_415' title='bbox 2358 2529 2433 2600; x_wconf 84' lang='grc' dir='ltr'>μὴ</span> <span class='ocrx_word' id='word_1_416' title='bbox 2475 2530 2751 2600; x_wconf 85' lang='grc' dir='ltr'>προσῆκεν</span> <span class='ocrx_word' id='word_1_417' title='bbox 2789 2528 3028 2602; x_wconf 83' lang='grc' dir='ltr'>ἐξαίρειν</span> <span class='ocrx_word' id='word_1_418' title='bbox 3064 2534 3158 2584; x_wconf 80' lang='grc' dir='ltr'>καὶ</span> <span class='ocrx_word' id='word_1_419' title='bbox 3197 2522 3522 2602; x_wconf 71' lang='grc' dir='ltr'>ἱεροθύτεῖνς</span> <span class='ocrx_word' id='word_1_420' title='bbox 3551 2533 3696 2586; x_wconf 76' lang='grc' dir='ltr'>Τοιοῦ-</span> 
     </span>
    </p>
   </div>
   <div class='ocr_carea' id='block_1_56' title="bbox 2184 2618 3697 2691">
    <p class='ocr_par' dir='ltr' id='par_1_56' title="bbox 2184 2618 3697 2691">
     <span class='ocr_line' id='line_1_56' title="bbox 2184 2618 3697 2691; baseline -0.002 -17"><span class='ocrx_word' id='word_1_421' title='bbox 2184 2638 2273 2682; x_wconf 86' lang='grc' dir='ltr'><strong>τος</strong></span> <span class='ocrx_word' id='word_1_422' title='bbox 2302 2619 2571 2673; x_wconf 86' lang='grc' dir='ltr'>δέδεικται</span> <span class='ocrx_word' id='word_1_423' title='bbox 2595 2619 2688 2672; x_wconf 73' lang='grc' dir='ltr'>καὶ</span> <span class='ocrx_word' id='word_1_424' title='bbox 2712 2618 2899 2683; x_wconf 80' lang='grc' dir='ltr'>Ἀϐελ,</span> <span class='ocrx_word' id='word_1_425' title='bbox 2927 2619 3276 2691; x_wconf 82' lang='grc' dir='ltr'>εὐγνομονῶν</span> <span class='ocrx_word' id='word_1_426' title='bbox 3320 2637 3383 2674; x_wconf 86' lang='grc' dir='ltr'><strong>τε</strong></span> <span class='ocrx_word' id='word_1_427' title='bbox 3400 2622 3487 2674; x_wconf 73' lang='grc' dir='ltr'><strong>καὶ</strong></span> <span class='ocrx_word' id='word_1_428' title='bbox 3505 2622 3556 2676; x_wconf 82' lang='grc' dir='ltr'><strong>τὸ</strong></span> <span class='ocrx_word' id='word_1_429' title='bbox 3578 2621 3697 2674; x_wconf 79' lang='grc' dir='ltr'>Θείον</span> 
     </span>
    </p>
   </div>
   <div class='ocr_carea' id='block_1_57' title="bbox 2184 2707 3698 2781">
    <p class='ocr_par' dir='ltr' id='par_1_57' title="bbox 2184 2707 3698 2781">
     <span class='ocr_line' id='line_1_57' title="bbox 2184 2707 3698 2781; baseline -0.001 -17"><span class='ocrx_word' id='word_1_430' title='bbox 2184 2708 2441 2780; x_wconf 85' lang='grc' dir='ltr'>καθαρῶς</span> <span class='ocrx_word' id='word_1_431' title='bbox 2470 2708 2640 2779; x_wconf 87' lang='grc' dir='ltr'>φιλῶν</span> <span class='ocrx_word' id='word_1_432' title='bbox 2663 2724 2678 2738; x_wconf 77' lang='grc'><strong>⁸</strong></span> <span class='ocrx_word' id='word_1_433' title='bbox 2705 2708 2800 2762; x_wconf 81' lang='grc' dir='ltr'><strong>καί</strong></span> <span class='ocrx_word' id='word_1_434' title='bbox 2827 2707 2936 2776; x_wconf 81' lang='grc' dir='ltr'>γὰρ</span> <span class='ocrx_word' id='word_1_435' title='bbox 2997 2707 3217 2781; x_wconf 76' lang='grc' dir='ltr'>εἴρηται</span> <span class='ocrx_word' id='word_1_436' title='bbox 3265 2710 3395 2781; x_wconf 80' lang='grc' dir='ltr'>περὶ</span> <span class='ocrx_word' id='word_1_437' title='bbox 3440 2709 3602 2774; x_wconf 83' lang='grc' dir='ltr'>αὑτοῦ,</span> <span class='ocrx_word' id='word_1_438' title='bbox 3639 2709 3698 2773; x_wconf 83' lang='grc' dir='ltr'>ὡς</span> 
     </span>
    </p>
   </div>
   <div class='ocr_carea' id='block_1_58' title="bbox 2189 2802 3695 2873">
    <p class='ocr_par' dir='ltr' id='par_1_58' title="bbox 2189 2802 3695 2873">
     <span class='ocr_line' id='line_1_58' title="bbox 2189 2802 3695 2873; baseline 0 -19"><span class='ocrx_word' id='word_1_439' title='bbox 2189 2820 2208 2854; x_wconf 73' lang='grc' dir='ltr'><strong>ε</strong></span> <span class='ocrx_word' id='word_1_440' title='bbox 2258 2804 2393 2856; x_wconf 87' lang='grc' dir='ltr'><strong>Ἀπὸ</strong></span> <span class='ocrx_word' id='word_1_441' title='bbox 2418 2802 2527 2856; x_wconf 87' lang='grc' dir='ltr'><strong>τῶν</strong></span> <span class='ocrx_word' id='word_1_442' title='bbox 2554 2805 2911 2873; x_wconf 72' lang='grc' dir='ltr'>πρωτοτόκων</span> <span class='ocrx_word' id='word_1_443' title='bbox 2936 2803 3030 2856; x_wconf 86' lang='grc' dir='ltr'>καὶ</span> <span class='ocrx_word' id='word_1_444' title='bbox 3053 2802 3160 2855; x_wconf 77' lang='grc' dir='ltr'><strong>ἀπὸ</strong></span> <span class='ocrx_word' id='word_1_445' title='bbox 3185 2802 3295 2856; x_wconf 88' lang='grc' dir='ltr'><strong>τῶν</strong></span> <span class='ocrx_word' id='word_1_446' title='bbox 3323 2803 3546 2856; x_wconf 77' lang='grc' dir='ltr'>πεάτων</span> <span class='ocrx_word' id='word_1_447' title='bbox 3566 2820 3695 2873; x_wconf 85' lang='grc' dir='ltr'>προσ-</span> 
     </span>
    </p>
   </div>
   <div class='ocr_carea' id='block_1_59' title="bbox 2183 2893 3697 2966">
    <p class='ocr_par' dir='ltr' id='par_1_59' title="bbox 2183 2893 3697 2966">
     <span class='ocr_line' id='line_1_59' title="bbox 2183 2893 3697 2966; baseline 0 -19"><span class='ocrx_word' id='word_1_448' title='bbox 2183 2895 2417 2966; x_wconf 87' lang='grc' dir='ltr'>ήνεγκεν</span> <span class='ocrx_word' id='word_1_449' title='bbox 2436 2909 2450 2924; x_wconf 86' lang='grc'><strong>·</strong></span> <span class='ocrx_word' id='word_1_450' title='bbox 2481 2911 2501 2945; x_wconf 74' lang='grc' dir='ltr'><strong>ι</strong></span> <span class='ocrx_word' id='word_1_451' title='bbox 2537 2895 2837 2959; x_wconf 84' lang='grc' dir='ltr'>τουτέστιν,</span> <span class='ocrx_word' id='word_1_452' title='bbox 2869 2893 2906 2948; x_wconf 78' lang='grc' dir='ltr'>ἃ</span> <span class='ocrx_word' id='word_1_453' title='bbox 2928 2894 3038 2948; x_wconf 90' lang='grc' dir='ltr'><strong>τῶν</strong></span> <span class='ocrx_word' id='word_1_454' title='bbox 3077 2893 3259 2948; x_wconf 79' lang='grc' dir='ltr'>ἄλλων</span> <span class='ocrx_word' id='word_1_455' title='bbox 3301 2893 3359 2950; x_wconf 75' lang='grc' dir='ltr'><strong>ἐν</strong></span> <span class='ocrx_word' id='word_1_456' title='bbox 3399 2912 3456 2948; x_wconf 87' lang='grc' dir='ltr'><strong>τε</strong></span> <span class='ocrx_word' id='word_1_457' title='bbox 3482 2893 3551 2965; x_wconf 83' lang='grc' dir='ltr'><strong>τῷ</strong></span> <span class='ocrx_word' id='word_1_458' title='bbox 3578 2912 3697 2966; x_wconf 82' lang='grc' dir='ltr'>πρω-</span> 
     </span>
    </p>
   </div>
   <div class='ocr_carea' id='block_1_60' title="bbox 507 2979 2076 3058">
    <p class='ocr_par' dir='ltr' id='par_1_60' title="bbox 507 2979 2076 3050">
     <span class='ocr_line' id='line_1_60' title="bbox 507 2979 2076 3050; baseline -0.001 -13"><span class='ocrx_word' id='word_1_459' title='bbox 507 2981 851 3046; x_wconf 83' lang='lat' dir='ltr'><strong>onientosis,</strong></span> <span class='ocrx_word' id='word_1_460' title='bbox 883 2980 1021 3036; x_wconf 90' lang='lat' dir='ltr'><strong>bene</strong></span> <span class='ocrx_word' id='word_1_461' title='bbox 1062 2980 1236 3050; x_wconf 81' lang='lat' dir='ltr'><strong>pastis</strong></span> <span class='ocrx_word' id='word_1_462' title='bbox 1276 2990 1332 3034; x_wconf 88' lang='lat' dir='ltr'><strong>et</strong></span> <span class='ocrx_word' id='word_1_463' title='bbox 1373 2979 1758 3049; x_wconf 84' lang='lat' dir='ltr'><strong>pinguefactis,</strong></span> <span class='ocrx_word' id='word_1_464' title='bbox 1803 2991 1858 3035; x_wconf 92' lang='lat' dir='ltr'><strong>et</strong></span> <span class='ocrx_word' id='word_1_465' title='bbox 1906 2981 2076 3036; x_wconf 88' lang='lat' dir='ltr'><strong>multa</strong></span> 
     </span>
    </p>
   </div>
   <div class='ocr_carea' id='block_1_61' title="bbox 2180 2979 3697 3058">
    <p class='ocr_par' dir='ltr' id='par_1_61' title="bbox 2189 2979 3697 3058">
     <span class='ocr_line' id='line_1_61' title="bbox 2189 2979 3697 3058; baseline -0.001 -20"><span class='ocrx_word' id='word_1_466' title='bbox 2189 2985 2389 3039; x_wconf 84' lang='grc' dir='ltr'>τότοκα</span> <span class='ocrx_word' id='word_1_467' title='bbox 2415 2979 2576 3051; x_wconf 80' lang='grc' dir='ltr'>εἶναι,</span> <span class='ocrx_word' id='word_1_468' title='bbox 2599 2986 2694 3038; x_wconf 87' lang='grc' dir='ltr'>καὶ</span> <span class='ocrx_word' id='word_1_469' title='bbox 2711 2986 2768 3038; x_wconf 85' lang='grc' dir='ltr'><strong>ἐν</strong></span> <span class='ocrx_word' id='word_1_470' title='bbox 2791 2985 2889 3058; x_wconf 85' lang='grc' dir='ltr'>τῷ,</span> <span class='ocrx_word' id='word_1_471' title='bbox 2913 2985 2988 3048; x_wconf 84' lang='grc' dir='ltr'>ὡς</span> <span class='ocrx_word' id='word_1_472' title='bbox 3003 2984 3070 3038; x_wconf 84' lang='grc' dir='ltr'><strong>ἂν</strong></span> <span class='ocrx_word' id='word_1_473' title='bbox 3091 2985 3239 3038; x_wconf 74' lang='grc' dir='ltr'>εἴποι</span> <span class='ocrx_word' id='word_1_474' title='bbox 3261 3001 3368 3052; x_wconf 88' lang='grc' dir='ltr'>τις,</span> <span class='ocrx_word' id='word_1_475' title='bbox 3388 2984 3697 3038; x_wconf 80' lang='grc' dir='ltr'>ἐστεατῶσθαι</span> 
     </span>
    </p>
   </div>
   <div class='ocr_carea' id='block_1_62' title="bbox 509 3057 2076 3148">
    <p class='ocr_par' dir='ltr' id='par_1_62' title="bbox 509 3070 2076 3143">
     <span class='ocr_line' id='line_1_62' title="bbox 509 3070 2076 3143; baseline -0.003 -13"><span class='ocrx_word' id='word_1_476' title='bbox 509 3075 796 3130; x_wconf 87' lang='lat' dir='ltr'><strong>sedulitate</strong></span> <span class='ocrx_word' id='word_1_477' title='bbox 825 3082 1015 3128; x_wconf 89' lang='lat' dir='ltr'><strong>curata</strong></span> <span class='ocrx_word' id='word_1_478' title='bbox 1040 3088 1163 3143; x_wconf 83' lang='lat' dir='ltr'><strong>quae</strong></span> <span class='ocrx_word' id='word_1_479' title='bbox 1185 3070 1422 3138; x_wconf 84' lang='lat' dir='ltr'><strong>fuerant,</strong></span> <span class='ocrx_word' id='word_1_480' title='bbox 1458 3071 1745 3126; x_wconf 82' lang='lat' dir='ltr'><strong>selectiora</strong></span> <span class='ocrx_word' id='word_1_481' title='bbox 1778 3081 1834 3126; x_wconf 90' lang='lat' dir='ltr'><strong>et</strong></span> <span class='ocrx_word' id='word_1_482' title='bbox 1870 3071 2076 3141; x_wconf 92' lang='lat' dir='ltr'><strong>optima</strong></span> 
     </span>
    </p>
   </div>
   <div class='ocr_carea' id='block_1_63' title="bbox 2180 3057 3696 3148">
    <p class='ocr_par' dir='ltr' id='par_1_63' title="bbox 2181 3057 3696 3148">
     <span class='ocr_line' id='line_1_63' title="bbox 2181 3057 3696 3148; baseline -0.002 -18"><span class='ocrx_word' id='word_1_483' title='bbox 2181 3077 2276 3130; x_wconf 73' lang='grc' dir='ltr'><strong>καὶ</strong></span> <span class='ocrx_word' id='word_1_484' title='bbox 2313 3073 2781 3130; x_wconf 87' lang='grc' dir='ltr'>καταλελιπάνθαι</span> <span class='ocrx_word' id='word_1_485' title='bbox 2811 3057 3049 3147; x_wconf 73' lang='grc' dir='ltr'>διέφερε,</span> <span class='ocrx_word' id='word_1_486' title='bbox 3094 3075 3275 3129; x_wconf 83' lang='grc' dir='ltr'>ταῦτα</span> <span class='ocrx_word' id='word_1_487' title='bbox 3322 3077 3616 3148; x_wconf 76' lang='grc' dir='ltr'>προσέφερε.</span> <span class='ocrx_word' id='word_1_488' title='bbox 3640 3076 3696 3128; x_wconf 76' lang='grc' dir='ltr'><strong>Τὸ</strong></span> 
     </span>
    </p>
   </div>
   <div class='ocr_carea' id='block_1_64' title="bbox 509 3162 2083 3234">
    <p class='ocr_par' dir='ltr' id='par_1_64' title="bbox 509 3162 2083 3234">
     <span class='ocr_line' id='line_1_64' title="bbox 509 3162 2083 3234; baseline -0.002 -13"><span class='ocrx_word' id='word_1_489' title='bbox 509 3168 674 3221; x_wconf 86' lang='lat' dir='ltr'><strong>dedit.</strong></span> <span class='ocrx_word' id='word_1_490' title='bbox 721 3165 963 3234; x_wconf 85' lang='lat' dir='ltr'><strong>Uterque</strong></span> <span class='ocrx_word' id='word_1_491' title='bbox 996 3162 1166 3219; x_wconf 81' lang='lat' dir='ltr'><strong>frater</strong></span> <span class='ocrx_word' id='word_1_492' title='bbox 1197 3163 1439 3218; x_wconf 89' lang='lat' dir='ltr'><strong>studium</strong></span> <span class='ocrx_word' id='word_1_493' title='bbox 1467 3164 1524 3219; x_wconf 90' lang='lat' dir='ltr'><strong>in</strong></span> <span class='ocrx_word' id='word_1_494' title='bbox 1554 3163 1832 3218; x_wconf 73' lang='lat' dir='ltr'><strong>offerendo</strong></span> <span class='ocrx_word' id='word_1_495' title='bbox 1865 3178 1964 3232; x_wconf 89' lang='lat' dir='ltr'><strong>par</strong></span> <span class='ocrx_word' id='word_1_496' title='bbox 1984 3162 2083 3218; x_wconf 86' lang='lat' dir='ltr'><strong>ba-</strong></span> 
     </span>
    </p>
   </div>
   <div class='ocr_carea' id='block_1_65' title="bbox 509 3250 2083 3322">
    <p class='ocr_par' dir='ltr' id='par_1_65' title="bbox 509 3250 2083 3322">
     <span class='ocr_line' id='line_1_65' title="bbox 509 3250 2083 3322; baseline 0.001 -16"><span class='ocrx_word' id='word_1_497' title='bbox 509 3253 665 3306; x_wconf 89' lang='lat' dir='ltr'><strong>buit:</strong></span> <span class='ocrx_word' id='word_1_498' title='bbox 696 3258 752 3306; x_wconf 89' lang='lat' dir='ltr'><strong>at</strong></span> <span class='ocrx_word' id='word_1_499' title='bbox 795 3250 1065 3305; x_wconf 89' lang='lat' dir='ltr'><strong>dividendi</strong></span> <span class='ocrx_word' id='word_1_500' title='bbox 1123 3260 1178 3306; x_wconf 90' lang='lat' dir='ltr'><strong>et</strong></span> <span class='ocrx_word' id='word_1_501' title='bbox 1222 3251 1454 3322; x_wconf 80' lang='lat' dir='ltr'><strong>eligendi</strong></span> <span class='ocrx_word' id='word_1_502' title='bbox 1500 3253 1741 3322; x_wconf 84' lang='lat' dir='ltr'><strong>optima,</strong></span> <span class='ocrx_word' id='word_1_503' title='bbox 1801 3267 1910 3307; x_wconf 72' lang='lat' dir='ltr'><strong>non</strong></span> <span class='ocrx_word' id='word_1_504' title='bbox 1963 3262 2083 3308; x_wconf 89' lang='lat' dir='ltr'><strong>erat</strong></span> 
     </span>
    </p>
   </div>
   <div class='ocr_carea' id='block_1_66' title="bbox 510 3341 2080 3414">
    <p class='ocr_par' dir='ltr' id='par_1_66' title="bbox 510 3341 2080 3414">
     <span class='ocr_line' id='line_1_66' title="bbox 510 3341 2080 3414; baseline 0.003 -17"><span class='ocrx_word' id='word_1_505' title='bbox 510 3358 646 3414; x_wconf 82' lang='lat' dir='ltr'><strong>par;</strong></span> <span class='ocrx_word' id='word_1_506' title='bbox 675 3342 769 3399; x_wconf 85' lang='lat' dir='ltr'><strong>sed</strong></span> <span class='ocrx_word' id='word_1_507' title='bbox 801 3341 956 3409; x_wconf 87' lang='lat' dir='ltr'><strong>Abel,</strong></span> <span class='ocrx_word' id='word_1_508' title='bbox 987 3351 1046 3395; x_wconf 94' lang='lat' dir='ltr'><strong>ut</strong></span> <span class='ocrx_word' id='word_1_509' title='bbox 1076 3351 1223 3396; x_wconf 88' lang='lat' dir='ltr'><strong>recte</strong></span> <span class='ocrx_word' id='word_1_510' title='bbox 1253 3341 1469 3408; x_wconf 89' lang='lat' dir='ltr'><strong>obtulit,</strong></span> <span class='ocrx_word' id='word_1_511' title='bbox 1504 3345 1575 3397; x_wconf 89' lang='lat' dir='ltr'><strong>ita</strong></span> <span class='ocrx_word' id='word_1_512' title='bbox 1603 3353 1658 3397; x_wconf 91' lang='lat' dir='ltr'><strong>et</strong></span> <span class='ocrx_word' id='word_1_513' title='bbox 1686 3351 1835 3398; x_wconf 86' lang='lat' dir='ltr'><strong>recte</strong></span> <span class='ocrx_word' id='word_1_514' title='bbox 1862 3343 2080 3401; x_wconf 87' lang='lat' dir='ltr'><strong>divisit:</strong></span> 
     </span>
    </p>
   </div>
   <div class='ocr_carea' id='block_1_67' title="bbox 509 3430 2078 3502">
    <p class='ocr_par' dir='ltr' id='par_1_67' title="bbox 509 3430 2078 3502">
     <span class='ocr_line' id='line_1_67' title="bbox 509 3430 2078 3502; baseline 0.002 -17"><span class='ocrx_word' id='word_1_515' title='bbox 509 3433 644 3486; x_wconf 83' lang='lat' dir='ltr'><strong>Cain</strong></span> <span class='ocrx_word' id='word_1_516' title='bbox 699 3432 786 3486; x_wconf 91' lang='lat' dir='ltr'><strong>vel</strong></span> <span class='ocrx_word' id='word_1_517' title='bbox 817 3440 923 3486; x_wconf 86' lang='lat' dir='ltr'><strong>no‘n</strong></span> <span class='ocrx_word' id='word_1_518' title='bbox 954 3438 1106 3487; x_wconf 76' lang='lat' dir='ltr'><strong>recte</strong></span> <span class='ocrx_word' id='word_1_519' title='bbox 1135 3430 1368 3498; x_wconf 79' lang='lat' dir='ltr'><strong>obtulit,</strong></span> <span class='ocrx_word' id='word_1_520' title='bbox 1401 3431 1527 3502; x_wconf 86' lang='lat' dir='ltr'><strong>quia</strong></span> <span class='ocrx_word' id='word_1_521' title='bbox 1554 3447 1663 3486; x_wconf 90' lang='lat' dir='ltr'><strong>non</strong></span> <span class='ocrx_word' id='word_1_522' title='bbox 1693 3440 1837 3488; x_wconf 87' lang='lat' dir='ltr'><strong>recte</strong></span> <span class='ocrx_word' id='word_1_523' title='bbox 1870 3433 2078 3500; x_wconf 79' lang='lat' dir='ltr'><strong>divisn,</strong></span> 
     </span>
    </p>
   </div>
   <div class='ocr_carea' id='block_1_68' title="bbox 509 3523 2079 3594">
    <p class='ocr_par' dir='ltr' id='par_1_68' title="bbox 509 3523 2079 3594">
     <span class='ocr_line' id='line_1_68' title="bbox 509 3523 2079 3594; baseline 0.002 -15"><span class='ocrx_word' id='word_1_524' title='bbox 509 3524 594 3580; x_wconf 83' lang='lat' dir='ltr'><strong>vel</strong></span> <span class='ocrx_word' id='word_1_525' title='bbox 640 3525 686 3579; x_wconf 91' lang='lat' dir='ltr'><strong>si</strong></span> <span class='ocrx_word' id='word_1_526' title='bbox 737 3523 895 3578; x_wconf 91' lang='lat' dir='ltr'><strong>detur</strong></span> <span class='ocrx_word' id='word_1_527' title='bbox 937 3540 1063 3579; x_wconf 89' lang='lat' dir='ltr'><strong>eum</strong></span> <span class='ocrx_word' id='word_1_528' title='bbox 1109 3535 1259 3581; x_wconf 87' lang='lat' dir='ltr'><strong>recte</strong></span> <span class='ocrx_word' id='word_1_529' title='bbox 1291 3525 1591 3593; x_wconf 89' lang='lat' dir='ltr'><strong>obtulisse,</strong></span> <span class='ocrx_word' id='word_1_530' title='bbox 1629 3536 1808 3581; x_wconf 87' lang='lat' dir='ltr'><strong>tamen</strong></span> <span class='ocrx_word' id='word_1_531' title='bbox 1857 3526 1912 3582; x_wconf 92' lang='lat' dir='ltr'><strong>iu</strong></span> <span class='ocrx_word' id='word_1_532' title='bbox 1942 3529 2079 3594; x_wconf 85' lang='lat' dir='ltr'><strong>_ele-</strong></span> 
     </span>
    </p>
   </div>
   <div class='ocr_carea' id='block_1_69' title="bbox 512 3618 2078 3688">
    <p class='ocr_par' dir='ltr' id='par_1_69' title="bbox 512 3618 2078 3688">
     <span class='ocr_line' id='line_1_69' title="bbox 512 3618 2078 3688; baseline 0.003 -17"><span class='ocrx_word' id='word_1_533' title='bbox 512 3620 692 3672; x_wconf 88' lang='lat' dir='ltr'><strong>ctione</strong></span> <span class='ocrx_word' id='word_1_534' title='bbox 739 3625 795 3672; x_wconf 90' lang='lat' dir='ltr'><strong>et</strong></span> <span class='ocrx_word' id='word_1_535' title='bbox 843 3619 1189 3688; x_wconf 86' lang='lat' dir='ltr'><strong>separatione</strong></span> <span class='ocrx_word' id='word_1_536' title='bbox 1218 3619 1451 3673; x_wconf 91' lang='lat' dir='ltr'><strong>multum</strong></span> <span class='ocrx_word' id='word_1_537' title='bbox 1509 3618 1744 3686; x_wconf 80' lang='lat' dir='ltr'><strong>defecit;</strong></span> <span class='ocrx_word' id='word_1_538' title='bbox 1791 3635 1916 3674; x_wconf 89' lang='lat' dir='ltr'><strong>nam</strong></span> <span class='ocrx_word' id='word_1_539' title='bbox 1967 3635 2078 3675; x_wconf 89' lang='lat' dir='ltr'><strong>non</strong></span> 
     </span>
    </p>
   </div>
   <div class='ocr_carea' id='block_1_70' title="bbox 510 3699 2079 3780">
    <p class='ocr_par' dir='ltr' id='par_1_70' title="bbox 510 3699 2079 3780">
     <span class='ocr_line' id='line_1_70' title="bbox 510 3699 2079 3780; baseline 0.004 -21"><span class='ocrx_word' id='word_1_540' title='bbox 510 3699 861 3777; x_wconf 66' lang='lat' dir='ltr'><strong>praestantia,</strong></span> <span class='ocrx_word' id='word_1_541' title='bbox 931 3710 1026 3762; x_wconf 89' lang='lat' dir='ltr'><strong>sed</strong></span> <span class='ocrx_word' id='word_1_542' title='bbox 1080 3709 1397 3778; x_wconf 88' lang='lat' dir='ltr'><strong>imperfecta</strong></span> <span class='ocrx_word' id='word_1_543' title='bbox 1450 3709 1665 3766; x_wconf 88' lang='lat' dir='ltr'><strong>obtulit.</strong></span> <span class='ocrx_word' id='word_1_544' title='bbox 1739 3707 1797 3764; x_wconf 92' lang='lat' dir='ltr'><strong>ld</strong></span> <span class='ocrx_word' id='word_1_545' title='bbox 1852 3719 2079 3780; x_wconf 90' lang='lat' dir='ltr'><strong>apparet</strong></span> 
     </span>
    </p>
   </div>
   <div class='ocr_carea' id='block_1_71' title="bbox 509 3798 2077 3871">
    <p class='ocr_par' dir='ltr' id='par_1_71' title="bbox 509 3798 2077 3871">
     <span class='ocr_line' id='line_1_71' title="bbox 509 3798 2077 3871; baseline 0.003 -19"><span class='ocrx_word' id='word_1_546' title='bbox 509 3798 656 3870; x_wconf 86' lang='lat' dir='ltr'><strong>quod</strong></span> <span class='ocrx_word' id='word_1_547' title='bbox 703 3803 759 3853; x_wconf 85' lang='lat' dir='ltr'><strong>in</strong></span> <span class='ocrx_word' id='word_1_548' title='bbox 787 3818 806 3852; x_wconf 84' lang='grc'><em>‹</em></span> <span class='ocrx_word' id='word_1_549' title='bbox 841 3800 962 3871; x_wconf 88' lang='lat' dir='ltr'><strong>ejus</strong></span> <span class='ocrx_word' id='word_1_550' title='bbox 1003 3801 1272 3854; x_wconf 82' lang='lat' dir='ltr'><strong>sacrificia</strong></span> <span class='ocrx_word' id='word_1_551' title='bbox 1306 3799 1444 3856; x_wconf 90' lang='lat' dir='ltr'><strong>Deus</strong></span> <span class='ocrx_word' id='word_1_552' title='bbox 1476 3816 1585 3855; x_wconf 91' lang='lat' dir='ltr'><strong>non</strong></span> <span class='ocrx_word' id='word_1_553' title='bbox 1615 3801 1876 3871; x_wconf 77' lang='lat' dir='ltr'><strong>respexit,</strong></span> <span class='ocrx_word' id='word_1_554' title='bbox 1919 3820 1940 3854; x_wconf 76' lang='grc' dir='ltr'><strong>ι</strong></span> <span class='ocrx_word' id='word_1_555' title='bbox 1975 3815 2077 3856; x_wconf 88' lang='lat' dir='ltr'><strong>nec</strong></span> 
     </span>
    </p>
   </div>
   <div class='ocr_carea' id='block_1_72' title="bbox 509 3894 2076 3967">
    <p class='ocr_par' dir='ltr' id='par_1_72' title="bbox 509 3894 2076 3967">
     <span class='ocr_line' id='line_1_72' title="bbox 509 3894 2076 3967; baseline 0.002 -19"><span class='ocrx_word' id='word_1_556' title='bbox 509 3894 771 3951; x_wconf 88' lang='lat' dir='ltr'><strong>divinitus</strong></span> <span class='ocrx_word' id='word_1_557' title='bbox 827 3897 950 3966; x_wconf 85' lang='lat' dir='ltr'><strong>igne</strong></span> <span class='ocrx_word' id='word_1_558' title='bbox 982 3895 1250 3959; x_wconf 88' lang='lat' dir='ltr'><strong>immisso,</strong></span> <span class='ocrx_word' id='word_1_559' title='bbox 1300 3903 1360 3949; x_wconf 91' lang='lat' dir='ltr'><strong>ut</strong></span> <span class='ocrx_word' id='word_1_560' title='bbox 1403 3895 1588 3951; x_wconf 87' lang='lat' dir='ltr'><strong>Abelis</strong></span> <span class='ocrx_word' id='word_1_561' title='bbox 1623 3895 1924 3967; x_wconf 90' lang='lat' dir='ltr'><strong>assumpsit</strong></span> <span class='ocrx_word' id='word_1_562' title='bbox 1953 3913 1968 3950; x_wconf 90' lang='lat'><strong>:</strong></span> <span class='ocrx_word' id='word_1_563' title='bbox 2001 3895 2076 3951; x_wconf 89' lang='lat' dir='ltr'><strong>ita</strong></span> 
     </span>
    </p>
   </div>
   <div class='ocr_carea' id='block_1_73' title="bbox 507 3987 2075 4058">
    <p class='ocr_par' dir='ltr' id='par_1_73' title="bbox 507 3987 2075 4058">
     <span class='ocr_line' id='line_1_73' title="bbox 507 3987 2075 4058; baseline -0.001 -14"><span class='ocrx_word' id='word_1_564' title='bbox 507 3991 654 4044; x_wconf 92' lang='lat' dir='ltr'><strong>enim</strong></span> <span class='ocrx_word' id='word_1_565' title='bbox 693 3988 930 4058; x_wconf 90' lang='lat' dir='ltr'><strong>produnt</strong></span> <span class='ocrx_word' id='word_1_566' title='bbox 977 3988 1200 4052; x_wconf 86' lang='lat' dir='ltr'><strong>factum,</strong></span> <span class='ocrx_word' id='word_1_567' title='bbox 1252 3996 1306 4042; x_wconf 86' lang='lat' dir='ltr'><strong>et</strong></span> <span class='ocrx_word' id='word_1_568' title='bbox 1358 3987 1486 4042; x_wconf 87' lang='lat' dir='ltr'><strong>inde</strong></span> <span class='ocrx_word' id='word_1_569' title='bbox 1519 3991 1830 4043; x_wconf 91' lang='lat' dir='ltr'><strong>convictum</strong></span> <span class='ocrx_word' id='word_1_570' title='bbox 1860 3988 1927 4044; x_wconf 89' lang='lat' dir='ltr'><strong>de</strong></span> <span class='ocrx_word' id='word_1_571' title='bbox 1963 4003 2075 4044; x_wconf 90' lang='lat' dir='ltr'><strong>non</strong></span> 
     </span>
    </p>
   </div>
   <div class='ocr_carea' id='block_1_74' title="bbox 509 4076 2073 4146">
    <p class='ocr_par' dir='ltr' id='par_1_74' title="bbox 509 4076 2073 4146">
     <span class='ocr_line' id='line_1_74' title="bbox 509 4076 2073 4146; baseline 0 -12"><span class='ocrx_word' id='word_1_572' title='bbox 509 4088 654 4134; x_wconf 87' lang='lat' dir='ltr'><strong>recte</strong></span> <span class='ocrx_word' id='word_1_573' title='bbox 687 4077 831 4133; x_wconf 89' lang='lat' dir='ltr'><strong>facta</strong></span> <span class='ocrx_word' id='word_1_574' title='bbox 859 4078 1143 4134; x_wconf 90' lang='lat' dir='ltr'><strong>divisione.</strong></span> <span class='ocrx_word' id='word_1_575' title='bbox 1175 4078 1352 4146; x_wconf 86' lang='lat' dir='ltr'><strong>Atque</strong></span> <span class='ocrx_word' id='word_1_576' title='bbox 1381 4077 1458 4132; x_wconf 89' lang='lat' dir='ltr'><strong>ita</strong></span> <span class='ocrx_word' id='word_1_577' title='bbox 1488 4093 1547 4132; x_wconf 89' lang='lat' dir='ltr'><strong>se</strong></span> <span class='ocrx_word' id='word_1_578' title='bbox 1587 4078 1769 4141; x_wconf 81' lang='lat' dir='ltr'><strong>liabet,</strong></span> <span class='ocrx_word' id='word_1_579' title='bbox 1806 4097 1826 4130; x_wconf 86' lang='grc'><em>‹</em></span> <span class='ocrx_word' id='word_1_580' title='bbox 1861 4076 2073 4144; x_wconf 86' lang='lat' dir='ltr'><strong>Nonne,</strong></span> 
     </span>
    </p>
   </div>
   <div class='ocr_carea' id='block_1_75' title="bbox 509 4165 2068 4236">
    <p class='ocr_par' dir='ltr' id='par_1_75' title="bbox 509 4165 2068 4236">
     <span class='ocr_line' id='line_1_75' title="bbox 509 4165 2068 4236; baseline -0.004 -12"><span class='ocrx_word' id='word_1_581' title='bbox 509 4171 553 4224; x_wconf 93' lang='lat' dir='ltr'><strong>si</strong></span> <span class='ocrx_word' id='word_1_582' title='bbox 581 4176 724 4223; x_wconf 89' lang='lat' dir='ltr'><strong>recte</strong></span> <span class='ocrx_word' id='word_1_583' title='bbox 755 4166 1039 4232; x_wconf 90' lang='lat' dir='ltr'><strong>obtuleris,</strong></span> <span class='ocrx_word' id='word_1_584' title='bbox 1066 4182 1172 4220; x_wconf 91' lang='lat' dir='ltr'><strong>non</strong></span> <span class='ocrx_word' id='word_1_585' title='bbox 1202 4176 1255 4220; x_wconf 87' lang='lat' dir='ltr'><strong>et</strong></span> <span class='ocrx_word' id='word_1_586' title='bbox 1284 4173 1430 4220; x_wconf 80' lang='lat' dir='ltr'><strong>recte</strong></span> <span class='ocrx_word' id='word_1_587' title='bbox 1453 4165 1720 4230; x_wconf 89' lang='lat' dir='ltr'><strong>diviseris,</strong></span> <span class='ocrx_word' id='word_1_588' title='bbox 1744 4168 2022 4236; x_wconf 88' lang='lat' dir='ltr'><strong>peccasti?</strong></span> <span class='ocrx_word' id='word_1_589' title='bbox 2047 4185 2068 4218; x_wconf 83' lang='grc'><strong><em>›</em></strong></span> 
     </span>
    </p>
   </div>
   <div class='ocr_carea' id='block_1_76' title="bbox 508 4255 2072 4328">
    <p class='ocr_par' dir='ltr' id='par_1_76' title="bbox 508 4255 2072 4328">
     <span class='ocr_line' id='line_1_76' title="bbox 508 4255 2072 4328; baseline -0.004 -11"><span class='ocrx_word' id='word_1_590' title='bbox 508 4259 663 4327; x_wconf 88' lang='lat' dir='ltr'><strong>Quod</strong></span> <span class='ocrx_word' id='word_1_591' title='bbox 731 4260 976 4328; x_wconf 89' lang='lat' dir='ltr'><strong>sequitur</strong></span> <span class='ocrx_word' id='word_1_592' title='bbox 1007 4274 1021 4310; x_wconf 94' lang='lat'><strong>:</strong></span> <span class='ocrx_word' id='word_1_593' title='bbox 1050 4256 1288 4323; x_wconf 77' lang='lat' dir='ltr'><strong>Quiesce,</strong></span> <span class='ocrx_word' id='word_1_594' title='bbox 1322 4256 1478 4325; x_wconf 89' lang='lat' dir='ltr'><strong>quasi</strong></span> <span class='ocrx_word' id='word_1_595' title='bbox 1510 4255 1714 4310; x_wconf 86' lang='lat' dir='ltr'><strong>diceret</strong></span> <span class='ocrx_word' id='word_1_596' title='bbox 1745 4255 1813 4310; x_wconf 89' lang='lat' dir='ltr'><strong>ad</strong></span> <span class='ocrx_word' id='word_1_597' title='bbox 1840 4271 2072 4326; x_wconf 88' lang='lat' dir='ltr'><strong>peccan-</strong></span> 
     </span>
    </p>
   </div>
   <div class='ocr_carea' id='block_1_77' title="bbox 509 4347 2070 4420">
    <p class='ocr_par' dir='ltr' id='par_1_77' title="bbox 509 4347 2070 4420">
     <span class='ocr_line' id='line_1_77' title="bbox 509 4347 2070 4420; baseline -0.004 -12"><span class='ocrx_word' id='word_1_598' title='bbox 509 4363 640 4416; x_wconf 90' lang='lat' dir='ltr'><strong>tem,</strong></span> <span class='ocrx_word' id='word_1_599' title='bbox 671 4349 758 4406; x_wconf 89' lang='lat' dir='ltr'><strong>Sis</strong></span> <span class='ocrx_word' id='word_1_600' title='bbox 791 4350 936 4420; x_wconf 85' lang='lat' dir='ltr'><strong>apud</strong></span> <span class='ocrx_word' id='word_1_601' title='bbox 970 4359 1020 4402; x_wconf 90' lang='lat' dir='ltr'><strong>te</strong></span> <span class='ocrx_word' id='word_1_602' title='bbox 1055 4348 1228 4402; x_wconf 91' lang='lat' dir='ltr'><strong>solum</strong></span> <span class='ocrx_word' id='word_1_603' title='bbox 1260 4347 1502 4417; x_wconf 89' lang='lat' dir='ltr'><strong>quietus,</strong></span> <span class='ocrx_word' id='word_1_604' title='bbox 1545 4353 1598 4400; x_wconf 90' lang='lat' dir='ltr'><strong>et</strong></span> <span class='ocrx_word' id='word_1_605' title='bbox 1626 4347 1916 4418; x_wconf 85' lang='lat' dir='ltr'><strong>diligenter</strong></span> <span class='ocrx_word' id='word_1_606' title='bbox 1939 4363 2070 4403; x_wconf 87' lang='lat' dir='ltr'><strong>con-</strong></span> 
     </span>
    </p>
   </div>
   <div class='ocr_carea' id='block_1_78' title="bbox 2181 3167 3693 3240">
    <p class='ocr_par' dir='ltr' id='par_1_78' title="bbox 2181 3167 3693 3240">
     <span class='ocr_line' id='line_1_78' title="bbox 2181 3167 3693 3240; baseline -0.001 -19"><span class='ocrx_word' id='word_1_607' title='bbox 2181 3169 2289 3240; x_wconf 78' lang='grc' dir='ltr'><strong>γὰρ</strong></span> <span class='ocrx_word' id='word_1_608' title='bbox 2318 3167 2426 3222; x_wconf 86' lang='grc' dir='ltr'><strong>ἀπὸ</strong></span> <span class='ocrx_word' id='word_1_609' title='bbox 2455 3168 2562 3222; x_wconf 89' lang='grc' dir='ltr'><strong>τῶν</strong></span> <span class='ocrx_word' id='word_1_610' title='bbox 2587 3167 2847 3234; x_wconf 73' lang='grc' dir='ltr'>στεατων,</span> <span class='ocrx_word' id='word_1_611' title='bbox 2878 3169 2987 3221; x_wconf 90' lang='grc' dir='ltr'><strong>τῶν</strong></span> <span class='ocrx_word' id='word_1_612' title='bbox 3023 3167 3317 3237; x_wconf 81' lang='grc' dir='ltr'>εὐτραφῶν</span> <span class='ocrx_word' id='word_1_613' title='bbox 3347 3169 3440 3222; x_wconf 76' lang='grc' dir='ltr'>καὶ</span> <span class='ocrx_word' id='word_1_614' title='bbox 3478 3171 3693 3221; x_wconf 78' lang='grc' dir='ltr'>ἐστεατω·</span> 
     </span>
    </p>
   </div>
   <div class='ocr_carea' id='block_1_79' title="bbox 2184 3258 3693 3332">
    <p class='ocr_par' dir='ltr' id='par_1_79' title="bbox 2184 3258 3693 3332">
     <span class='ocr_line' id='line_1_79' title="bbox 2184 3258 3693 3332; baseline -0.003 -18"><span class='ocrx_word' id='word_1_615' title='bbox 2184 3261 2361 3332; x_wconf 83' lang='grc' dir='ltr'>μένων</span> <span class='ocrx_word' id='word_1_616' title='bbox 2376 3260 2755 3332; x_wconf 63' lang='grc' dir='ltr'>φησὶι,&gt;ιαὶ‹τῇ</span> <span class='ocrx_word' id='word_1_617' title='bbox 2779 3258 2952 3331; x_wconf 81' lang='grc' dir='ltr'>πολλῇ</span> <span class='ocrx_word' id='word_1_618' title='bbox 2972 3259 3262 3332; x_wconf 76' lang='grc' dir='ltr'>ἐπιμελείᾳ</span> <span class='ocrx_word' id='word_1_619' title='bbox 3280 3259 3632 3332; x_wconf 74' lang='grc' dir='ltr'>παρεχομένων</span> <span class='ocrx_word' id='word_1_620' title='bbox 3648 3259 3693 3310; x_wconf 73' lang='grc' dir='ltr'>τὸ</span> 
     </span>
    </p>
   </div>
   <div class='ocr_carea' id='block_1_80' title="bbox 2182 3350 3693 3424">
    <p class='ocr_par' dir='ltr' id='par_1_80' title="bbox 2182 3350 3693 3424">
     <span class='ocr_line' id='line_1_80' title="bbox 2182 3350 3693 3424; baseline -0.002 -20"><span class='ocrx_word' id='word_1_621' title='bbox 2182 3351 2524 3422; x_wconf 81' lang='grc' dir='ltr'>ἐξῃρημένον</span> <span class='ocrx_word' id='word_1_622' title='bbox 2560 3351 2655 3404; x_wconf 80' lang='grc' dir='ltr'>καὶ</span> <span class='ocrx_word' id='word_1_623' title='bbox 2694 3351 2936 3421; x_wconf 78' lang='grc' dir='ltr'>ἄριστον.</span> <span class='ocrx_word' id='word_1_624' title='bbox 2988 3350 3150 3405; x_wconf 83' lang='grc' dir='ltr'>Ἀλλά</span> <span class='ocrx_word' id='word_1_625' title='bbox 3188 3351 3287 3405; x_wconf 83' lang='grc' dir='ltr'>τοῦ</span> <span class='ocrx_word' id='word_1_626' title='bbox 3320 3352 3415 3423; x_wconf 83' lang='grc' dir='ltr'>μὲν</span> <span class='ocrx_word' id='word_1_627' title='bbox 3447 3366 3693 3424; x_wconf 76' lang='grc' dir='ltr'>προσενετσ</span> 
     </span>
    </p>
   </div>
   <div class='ocr_carea' id='block_1_81' title="bbox 2181 3440 3698 3514">
    <p class='ocr_par' dir='ltr' id='par_1_81' title="bbox 2181 3440 3698 3514">
     <span class='ocr_line' id='line_1_81' title="bbox 2181 3440 3698 3514; baseline -0.004 -17"><span class='ocrx_word' id='word_1_628' title='bbox 2181 3447 2321 3510; x_wconf 88' lang='grc' dir='ltr'>κεῖν,</span> <span class='ocrx_word' id='word_1_629' title='bbox 2345 3444 2548 3514; x_wconf 82' lang='grc' dir='ltr'>ἀμφοῖν</span> <span class='ocrx_word' id='word_1_630' title='bbox 2577 3443 2823 3511; x_wconf 83' lang='grc' dir='ltr'>ἐγεγόνει</span> <span class='ocrx_word' id='word_1_631' title='bbox 2859 3444 2894 3514; x_wconf 80' lang='grc' dir='ltr'>ἡ</span> <span class='ocrx_word' id='word_1_632' title='bbox 2923 3442 3143 3513; x_wconf 85' lang='grc' dir='ltr'>φροντίς</span> <span class='ocrx_word' id='word_1_633' title='bbox 3166 3458 3182 3473; x_wconf 84' lang='grc'>⁶</span> <span class='ocrx_word' id='word_1_634' title='bbox 3209 3443 3306 3497; x_wconf 81' lang='grc' dir='ltr'>τοῦ</span> <span class='ocrx_word' id='word_1_635' title='bbox 3351 3443 3408 3496; x_wconf 87' lang='grc' dir='ltr'><strong>δέ</strong></span> <span class='ocrx_word' id='word_1_636' title='bbox 3427 3442 3595 3497; x_wconf 85' lang='grc' dir='ltr'>διελεῖν</span> <span class='ocrx_word' id='word_1_637' title='bbox 3623 3440 3698 3494; x_wconf 72' lang='grc' dir='ltr'>καὶ</span> 
     </span>
    </p>
   </div>
   <div class='ocr_carea' id='block_1_82' title="bbox 2181 3532 3695 3606">
    <p class='ocr_par' dir='ltr' id='par_1_82' title="bbox 2181 3532 3695 3606">
     <span class='ocr_line' id='line_1_82' title="bbox 2181 3532 3695 3606; baseline -0.002 -18"><span class='ocrx_word' id='word_1_638' title='bbox 2181 3534 2508 3600; x_wconf 78' lang='grc' dir='ltr'>ἐκλέξασθαι</span> <span class='ocrx_word' id='word_1_639' title='bbox 2539 3535 2610 3588; x_wconf 83' lang='grc' dir='ltr'>τὰ</span> <span class='ocrx_word' id='word_1_640' title='bbox 2648 3534 2878 3606; x_wconf 89' lang='grc' dir='ltr'>ἀμείνω,</span> <span class='ocrx_word' id='word_1_641' title='bbox 2912 3534 3097 3587; x_wconf 82' lang='grc' dir='ltr'>οὐκέτι</span> <span class='ocrx_word' id='word_1_642' title='bbox 3123 3535 3328 3606; x_wconf 83' lang='grc' dir='ltr'>ὁμοίως</span> <span class='ocrx_word' id='word_1_643' title='bbox 3367 3537 3578 3605; x_wconf 79' lang='grc' dir='ltr'>ἀμφοῖν·</span> <span class='ocrx_word' id='word_1_644' title='bbox 3603 3532 3695 3586; x_wconf 83' lang='grc' dir='ltr'>ἀλλ’</span> 
     </span>
    </p>
   </div>
   <div class='ocr_carea' id='block_1_83' title="bbox 2178 3623 3694 3696">
    <p class='ocr_par' dir='ltr' id='par_1_83' title="bbox 2178 3623 3694 3696">
     <span class='ocr_line' id='line_1_83' title="bbox 2178 3623 3694 3696; baseline -0.001 -19"><span class='ocrx_word' id='word_1_645' title='bbox 2178 3626 2206 3677; x_wconf 92' lang='grc' dir='ltr'><strong>ὀ</strong></span> <span class='ocrx_word' id='word_1_646' title='bbox 2237 3624 2336 3695; x_wconf 83' lang='grc' dir='ltr'><strong>μὲν</strong></span> <span class='ocrx_word' id='word_1_647' title='bbox 2379 3623 2567 3688; x_wconf 70' lang='grc' dir='ltr'>Ἅϐελ,</span> <span class='ocrx_word' id='word_1_648' title='bbox 2594 3625 2782 3696; x_wconf 88' lang='grc' dir='ltr'>ῶσπερ</span> <span class='ocrx_word' id='word_1_649' title='bbox 2813 3624 3005 3677; x_wconf 86' lang='grc' dir='ltr'>διεῖλεν</span> <span class='ocrx_word' id='word_1_650' title='bbox 3046 3624 3247 3694; x_wconf 87' lang='grc' dir='ltr'>ὀρθῶς,</span> <span class='ocrx_word' id='word_1_651' title='bbox 3281 3625 3422 3679; x_wconf 75' lang='grc' dir='ltr'>οὕτω</span> <span class='ocrx_word' id='word_1_652' title='bbox 3457 3625 3540 3678; x_wconf 73' lang='grc' dir='ltr'><strong>καὶ</strong></span> <span class='ocrx_word' id='word_1_653' title='bbox 3562 3639 3694 3694; x_wconf 72' lang='grc' dir='ltr'>προσ-</span> 
     </span>
    </p>
   </div>
   <div class='ocr_carea' id='block_1_84' title="bbox 2179 3716 3694 3789">
    <p class='ocr_par' dir='ltr' id='par_1_84' title="bbox 2179 3716 3694 3789">
     <span class='ocr_line' id='line_1_84' title="bbox 2179 3716 3694 3789; baseline -0.001 -20"><span class='ocrx_word' id='word_1_654' title='bbox 2179 3717 2432 3787; x_wconf 85' lang='grc' dir='ltr'>ενήνοχεν</span> <span class='ocrx_word' id='word_1_655' title='bbox 2451 3733 2467 3749; x_wconf 79' lang='grc' dir='ltr'><strong>ο</strong></span> <span class='ocrx_word' id='word_1_656' title='bbox 2496 3719 2525 3770; x_wconf 88' lang='grc' dir='ltr'><strong>ὀ</strong></span> <span class='ocrx_word' id='word_1_657' title='bbox 2546 3717 2605 3770; x_wconf 86' lang='grc' dir='ltr'>δὲ</span> <span class='ocrx_word' id='word_1_658' title='bbox 2639 3718 2802 3782; x_wconf 82' lang='grc' dir='ltr'>Κάῐν,</span> <span class='ocrx_word' id='word_1_659' title='bbox 2826 3716 2860 3786; x_wconf 80' lang='grc' dir='ltr'>ἦ</span> <span class='ocrx_word' id='word_1_660' title='bbox 2889 3717 3010 3770; x_wconf 82' lang='grc' dir='ltr'>οὐδὲ</span> <span class='ocrx_word' id='word_1_661' title='bbox 3040 3717 3417 3788; x_wconf 85' lang='grc' dir='ltr'>προσήνεγκεν</span> <span class='ocrx_word' id='word_1_662' title='bbox 3435 3717 3606 3789; x_wconf 86' lang='grc' dir='ltr'>ὀρθῶς,</span> <span class='ocrx_word' id='word_1_663' title='bbox 3630 3717 3694 3768; x_wconf 81' lang='grc' dir='ltr'>ὅτι</span> 
     </span>
    </p>
   </div>
   <div class='ocr_carea' id='block_1_85' title="bbox 2179 3807 3688 3881">
    <p class='ocr_par' dir='ltr' id='par_1_85' title="bbox 2179 3807 3688 3881">
     <span class='ocr_line' id='line_1_85' title="bbox 2179 3807 3688 3881; baseline -0.002 -20"><span class='ocrx_word' id='word_1_664' title='bbox 2179 3807 2319 3879; x_wconf 83' lang='grc' dir='ltr'>μηδὲ</span> <span class='ocrx_word' id='word_1_665' title='bbox 2348 3807 2540 3862; x_wconf 88' lang='grc' dir='ltr'>διεῖλεν</span> <span class='ocrx_word' id='word_1_666' title='bbox 2559 3825 2576 3841; x_wconf 87' lang='grc'><strong>·</strong></span> <span class='ocrx_word' id='word_1_667' title='bbox 2627 3808 2658 3878; x_wconf 87' lang='grc' dir='ltr'><strong>ῆ</strong></span> <span class='ocrx_word' id='word_1_668' title='bbox 2689 3809 2737 3876; x_wconf 85' lang='grc' dir='ltr'><strong>εί</strong></span> <span class='ocrx_word' id='word_1_669' title='bbox 2759 3808 2852 3861; x_wconf 77' lang='grc' dir='ltr'><strong>καὶ</strong></span> <span class='ocrx_word' id='word_1_670' title='bbox 2879 3808 2996 3878; x_wconf 82' lang='grc' dir='ltr'>δοίη</span> <span class='ocrx_word' id='word_1_671' title='bbox 3021 3826 3102 3873; x_wconf 92' lang='grc' dir='ltr'><strong>τις</strong></span> <span class='ocrx_word' id='word_1_672' title='bbox 3128 3808 3309 3881; x_wconf 88' lang='grc' dir='ltr'>ὀρθῶς</span> <span class='ocrx_word' id='word_1_673' title='bbox 3339 3810 3688 3879; x_wconf 81' lang='grc' dir='ltr'>προσενεγκεῖν,</span> 
     </span>
    </p>
   </div>
   <div class='ocr_carea' id='block_1_86' title="bbox 2175 3899 3692 3972">
    <p class='ocr_par' dir='ltr' id='par_1_86' title="bbox 2175 3899 3692 3972">
     <span class='ocr_line' id='line_1_86' title="bbox 2175 3899 3692 3972; baseline -0.003 -19"><span class='ocrx_word' id='word_1_674' title='bbox 2175 3899 2312 3953; x_wconf 85' lang='grc' dir='ltr'><strong>ἀλλά</strong></span> <span class='ocrx_word' id='word_1_675' title='bbox 2351 3900 2478 3972; x_wconf 86' lang='grc' dir='ltr'>περί</span> <span class='ocrx_word' id='word_1_676' title='bbox 2514 3917 2580 3969; x_wconf 87' lang='grc' dir='ltr'><strong>γε</strong></span> <span class='ocrx_word' id='word_1_677' title='bbox 2622 3899 2721 3971; x_wconf 80' lang='grc' dir='ltr'>τὴν</span> <span class='ocrx_word' id='word_1_678' title='bbox 2769 3899 3041 3971; x_wconf 85' lang='grc' dir='ltr'>ἐξαίρεσιν</span> <span class='ocrx_word' id='word_1_679' title='bbox 3083 3901 3181 3956; x_wconf 82' lang='grc' dir='ltr'>καὶ</span> <span class='ocrx_word' id='word_1_680' title='bbox 3211 3903 3434 3971; x_wconf 73' lang='grc' dir='ltr'>ἐκλογὴν</span> <span class='ocrx_word' id='word_1_681' title='bbox 3488 3901 3692 3954; x_wconf 76' lang='grc' dir='ltr'>πλεῖστον</span> 
     </span>
    </p>
   </div>
   <div class='ocr_carea' id='block_1_87' title="bbox 2175 3991 3692 4065">
    <p class='ocr_par' dir='ltr' id='par_1_87' title="bbox 2175 3991 3692 4065">
     <span class='ocr_line' id='line_1_87' title="bbox 2175 3991 3692 4065; baseline 0.001 -19"><span class='ocrx_word' id='word_1_682' title='bbox 2175 3992 2300 4046; x_wconf 84' lang='grc' dir='ltr'>ὅσον</span> <span class='ocrx_word' id='word_1_683' title='bbox 2353 3991 2653 4065; x_wconf 87' lang='grc' dir='ltr'>διήμαρτεν</span> <span class='ocrx_word' id='word_1_684' title='bbox 2678 4009 2692 4023; x_wconf 83' lang='grc'><em>’</em></span> <span class='ocrx_word' id='word_1_685' title='bbox 2721 3992 2846 4046; x_wconf 85' lang='grc' dir='ltr'><strong>οὐδέ</strong></span> <span class='ocrx_word' id='word_1_686' title='bbox 2888 3992 2996 4064; x_wconf 88' lang='grc' dir='ltr'>γὰρ</span> <span class='ocrx_word' id='word_1_687' title='bbox 3045 3995 3117 4047; x_wconf 77' lang='grc' dir='ltr'>τὰ</span> <span class='ocrx_word' id='word_1_688' title='bbox 3169 3995 3431 4063; x_wconf 85' lang='grc' dir='ltr'>κρείσσω,</span> <span class='ocrx_word' id='word_1_689' title='bbox 3448 3994 3508 4048; x_wconf 83' lang='grc' dir='ltr'>τὰ</span> <span class='ocrx_word' id='word_1_690' title='bbox 3547 3993 3596 4046; x_wconf 83' lang='grc' dir='ltr'>δὲ</span> <span class='ocrx_word' id='word_1_691' title='bbox 3632 3994 3692 4061; x_wconf 71' lang='grc' dir='ltr'>μὴ</span> 
     </span>
    </p>
   </div>
   <div class='ocr_carea' id='block_1_88' title="bbox 2173 4081 3688 4156">
    <p class='ocr_par' dir='ltr' id='par_1_88' title="bbox 2173 4081 3688 4156">
     <span class='ocr_line' id='line_1_88' title="bbox 2173 4081 3688 4156; baseline -0.001 -20"><span class='ocrx_word' id='word_1_692' title='bbox 2173 4081 2424 4148; x_wconf 84' lang='grc' dir='ltr'>τοιαῦτα,</span> <span class='ocrx_word' id='word_1_693' title='bbox 2478 4085 2845 4154; x_wconf 85' lang='grc' dir='ltr'>προσήνεγκε.</span> <span class='ocrx_word' id='word_1_694' title='bbox 2891 4084 3002 4138; x_wconf 79' lang='grc' dir='ltr'>Καὶ</span> <span class='ocrx_word' id='word_1_695' title='bbox 3056 4084 3219 4156; x_wconf 81' lang='grc' dir='ltr'>δῆλον</span> <span class='ocrx_word' id='word_1_696' title='bbox 3271 4086 3329 4151; x_wconf 82' lang='grc' dir='ltr'><strong>ἐξ</strong></span> <span class='ocrx_word' id='word_1_697' title='bbox 3355 4081 3426 4140; x_wconf 82' lang='grc' dir='ltr'><strong>ῶν</strong></span> <span class='ocrx_word' id='word_1_698' title='bbox 3466 4102 3519 4138; x_wconf 86' lang='grc' dir='ltr'><strong>τε</strong></span> <span class='ocrx_word' id='word_1_699' title='bbox 3544 4084 3688 4143; x_wconf 70' lang='grc' dir='ltr'>(Θεὸς</span> 
     </span>
    </p>
   </div>
   <div class='ocr_carea' id='block_1_89' title="bbox 2173 4173 3691 4250">
    <p class='ocr_par' dir='ltr' id='par_1_89' title="bbox 2173 4173 3691 4250">
     <span class='ocr_line' id='line_1_89' title="bbox 2173 4173 3691 4250; baseline 0.001 -24"><span class='ocrx_word' id='word_1_700' title='bbox 2173 4177 2293 4238; x_wconf 85' lang='grc' dir='ltr'>ταῖς</span> <span class='ocrx_word' id='word_1_701' title='bbox 2317 4173 2481 4228; x_wconf 81' lang='grc' dir='ltr'>αὑτοῦ</span> <span class='ocrx_word' id='word_1_702' title='bbox 2514 4175 2730 4240; x_wconf 88' lang='grc' dir='ltr'>θυσίαις</span> <span class='ocrx_word' id='word_1_703' title='bbox 2779 4176 2855 4247; x_wconf 80' lang='grc' dir='ltr'>μὴ</span> <span class='ocrx_word' id='word_1_704' title='bbox 2872 4177 3161 4246; x_wconf 76' lang='grc' dir='ltr'>ἐπέϐλεψε,</span> <span class='ocrx_word' id='word_1_705' title='bbox 3195 4196 3216 4228; x_wconf 74' lang='grc' dir='ltr'><strong>ι</strong></span> <span class='ocrx_word' id='word_1_706' title='bbox 3258 4177 3392 4250; x_wconf 83' lang='grc' dir='ltr'><strong>μηδέ</strong></span> <span class='ocrx_word' id='word_1_707' title='bbox 3429 4177 3550 4248; x_wconf 73' lang='grc' dir='ltr'>πυρὶ</span> <span class='ocrx_word' id='word_1_708' title='bbox 3568 4175 3691 4243; x_wconf 75' lang='grc' dir='ltr'>θείῳ,</span> 
     </span>
    </p>
   </div>
   <div class='ocr_carea' id='block_1_90' title="bbox 2173 4265 3686 4339">
    <p class='ocr_par' dir='ltr' id='par_1_90' title="bbox 2173 4265 3686 4339">
     <span class='ocr_line' id='line_1_90' title="bbox 2173 4265 3686 4339; baseline 0.004 -21"><span class='ocrx_word' id='word_1_709' title='bbox 2173 4265 2362 4336; x_wconf 85' lang='grc' dir='ltr'>ὥσπερ</span> <span class='ocrx_word' id='word_1_710' title='bbox 2395 4267 2464 4319; x_wconf 81' lang='grc' dir='ltr'>τὰ</span> <span class='ocrx_word' id='word_1_711' title='bbox 2497 4266 2595 4320; x_wconf 84' lang='grc' dir='ltr'><strong>τοῦ</strong></span> <span class='ocrx_word' id='word_1_712' title='bbox 2627 4266 2795 4320; x_wconf 75' lang='grc' dir='ltr'>Ἀὅελ</span> <span class='ocrx_word' id='word_1_713' title='bbox 2825 4266 3187 4322; x_wconf 87' lang='grc' dir='ltr'>ὡλοκαύτωσε</span> <span class='ocrx_word' id='word_1_714' title='bbox 3211 4284 3227 4302; x_wconf 81' lang='grc' dir='ltr'><strong>ο</strong></span> <span class='ocrx_word' id='word_1_715' title='bbox 3259 4270 3414 4323; x_wconf 81' lang='grc' dir='ltr'>τοῦτο</span> <span class='ocrx_word' id='word_1_716' title='bbox 3454 4269 3551 4339; x_wconf 82' lang='grc' dir='ltr'>γάρ</span> <span class='ocrx_word' id='word_1_717' title='bbox 3575 4281 3686 4325; x_wconf 82' lang='grc' dir='ltr'>τινες</span> 
     </span>
    </p>
   </div>
   <div class='ocr_carea' id='block_1_91' title="bbox 2172 4349 3684 4430">
    <p class='ocr_par' dir='ltr' id='par_1_91' title="bbox 2172 4349 3684 4430">
     <span class='ocr_line' id='line_1_91' title="bbox 2172 4349 3684 4430; baseline 0.004 -22"><span class='ocrx_word' id='word_1_718' title='bbox 2172 4356 2528 4420; x_wconf 85' lang='grc' dir='ltr'>ὲκδεδὼκασι,</span> <span class='ocrx_word' id='word_1_719' title='bbox 2560 4356 2654 4410; x_wconf 81' lang='grc' dir='ltr'><strong>καὶ</strong></span> <span class='ocrx_word' id='word_1_720' title='bbox 2698 4355 2760 4421; x_wconf 82' lang='grc' dir='ltr'>ἐξ</span> <span class='ocrx_word' id='word_1_721' title='bbox 2815 4349 2892 4410; x_wconf 80' lang='grc' dir='ltr'>ὧν</span> <span class='ocrx_word' id='word_1_722' title='bbox 2945 4357 3037 4410; x_wconf 85' lang='grc' dir='ltr'><strong>τὸν</strong></span> <span class='ocrx_word' id='word_1_723' title='bbox 3065 4357 3285 4430; x_wconf 76' lang='grc' dir='ltr'>ἔλεγχον</span> <span class='ocrx_word' id='word_1_724' title='bbox 3313 4359 3411 4429; x_wconf 81' lang='grc' dir='ltr'>τῆς</span> <span class='ocrx_word' id='word_1_725' title='bbox 3445 4359 3534 4412; x_wconf 78' lang='grc' dir='ltr'>οὐκ</span> <span class='ocrx_word' id='word_1_726' title='bbox 3557 4355 3684 4426; x_wconf 69' lang='grc' dir='ltr'>ὀρθῆς</span> 
     </span>
    </p>
   </div>
   <div class='ocr_carea' id='block_1_92' title="bbox 509 4439 2076 4520">
    <p class='ocr_par' dir='ltr' id='par_1_92' title="bbox 509 4439 2064 4510">
     <span class='ocr_line' id='line_1_92' title="bbox 509 4439 2064 4510; baseline -0.003 -10"><span class='ocrx_word' id='word_1_727' title='bbox 509 4445 686 4500; x_wconf 88' lang='lat' dir='ltr'><strong>sidera</strong></span> <span class='ocrx_word' id='word_1_728' title='bbox 744 4440 1134 4497; x_wconf 82' lang='lat' dir='ltr'><strong>absurditatem</strong></span> <span class='ocrx_word' id='word_1_729' title='bbox 1172 4440 1300 4494; x_wconf 87' lang='lat' dir='ltr'><strong>facti</strong></span> <span class='ocrx_word' id='word_1_730' title='bbox 1334 4439 1413 4494; x_wconf 87' lang='lat' dir='ltr'><strong>tui</strong></span> <span class='ocrx_word' id='word_1_731' title='bbox 1460 4449 1511 4494; x_wconf 89' lang='lat' dir='ltr'><strong>et</strong></span> <span class='ocrx_word' id='word_1_732' title='bbox 1557 4455 1650 4509; x_wconf 87' lang='lat' dir='ltr'><strong>per</strong></span> <span class='ocrx_word' id='word_1_733' title='bbox 1695 4440 2064 4510; x_wconf 76' lang='lat' dir='ltr'><strong>ptenitentiam</strong></span> 
     </span>
    </p>
   </div>
   <div class='ocr_carea' id='block_1_93' title="bbox 2180 4439 3682 4520">
    <p class='ocr_par' dir='ltr' id='par_1_93' title="bbox 2180 4445 3682 4520">
     <span class='ocr_line' id='line_1_93' title="bbox 2180 4445 3682 4520; baseline 0.002 -18"><span class='ocrx_word' id='word_1_734' title='bbox 2180 4449 2397 4502; x_wconf 69' lang='grc' dir='ltr'>ἀπέτισε</span> <span class='ocrx_word' id='word_1_735' title='bbox 2435 4448 2773 4520; x_wconf 85' lang='grc' dir='ltr'>διαιρέσεως.</span> <span class='ocrx_word' id='word_1_736' title='bbox 2822 4448 2982 4502; x_wconf 86' lang='grc' dir='ltr'>Ἀλλά</span> <span class='ocrx_word' id='word_1_737' title='bbox 3018 4448 3080 4501; x_wconf 79' lang='grc' dir='ltr'><strong>τὸ</strong></span> <span class='ocrx_word' id='word_1_738' title='bbox 3107 4451 3228 4518; x_wconf 78' lang='grc' dir='ltr'>μὲν,</span> <span class='ocrx_word' id='word_1_739' title='bbox 3267 4470 3285 4503; x_wconf 78' lang='lat' dir='ltr'><strong>t</strong></span> <span class='ocrx_word' id='word_1_740' title='bbox 3320 4452 3428 4503; x_wconf 85' lang='grc' dir='ltr'><strong>Οὐκ</strong></span> <span class='ocrx_word' id='word_1_741' title='bbox 3463 4449 3522 4503; x_wconf 84' lang='grc' dir='ltr'>ἂν</span> <span class='ocrx_word' id='word_1_742' title='bbox 3547 4445 3682 4518; x_wconf 71' lang='grc' dir='ltr'>ὀρθῶς</span> 
     </span>
    </p>
   </div>
   <div class='ocr_carea' id='block_1_94' title="bbox 507 4532 2072 4608">
    <p class='ocr_par' dir='ltr' id='par_1_94' title="bbox 507 4532 2072 4608">
     <span class='ocr_line' id='line_1_94' title="bbox 507 4532 2072 4608; baseline 0 -19"><span class='ocrx_word' id='word_1_743' title='bbox 507 4543 728 4608; x_wconf 80' lang='lat' dir='ltr'><strong>peccato</strong></span> <span class='ocrx_word' id='word_1_744' title='bbox 775 4534 992 4589; x_wconf 87' lang='lat' dir='ltr'><strong>veniam</strong></span> <span class='ocrx_word' id='word_1_745' title='bbox 1045 4532 1289 4602; x_wconf 88' lang='lat' dir='ltr'><strong>acquirc.</strong></span> <span class='ocrx_word' id='word_1_746' title='bbox 1354 4532 1458 4587; x_wconf 88' lang='lat' dir='ltr'><strong>Per</strong></span> <span class='ocrx_word' id='word_1_747' title='bbox 1487 4533 1724 4602; x_wconf 86' lang='lat' dir='ltr'><strong>quietem</strong></span> <span class='ocrx_word' id='word_1_748' title='bbox 1770 4544 1823 4588; x_wconf 91' lang='lat' dir='ltr'><strong>et</strong></span> <span class='ocrx_word' id='word_1_749' title='bbox 1856 4536 2072 4590; x_wconf 88' lang='lat' dir='ltr'><strong>sedatas</strong></span> 
     </span>
    </p>
   </div>
   <div class='ocr_carea' id='block_1_95' title="bbox 506 4621 2071 4698">
    <p class='ocr_par' dir='ltr' id='par_1_95' title="bbox 506 4621 2071 4698">
     <span class='ocr_line' id='line_1_95' title="bbox 506 4621 2071 4698; baseline -0.002 -16"><span class='ocrx_word' id='word_1_750' title='bbox 506 4628 794 4698; x_wconf 88' lang='lat' dir='ltr'><strong>passiones</strong></span> <span class='ocrx_word' id='word_1_751' title='bbox 857 4623 1075 4678; x_wconf 89' lang='lat' dir='ltr'><strong>facilius</strong></span> <span class='ocrx_word' id='word_1_752' title='bbox 1110 4622 1163 4676; x_wconf 89' lang='lat' dir='ltr'><strong>id</strong></span> <span class='ocrx_word' id='word_1_753' title='bbox 1193 4633 1247 4676; x_wconf 91' lang='lat' dir='ltr'><strong>et</strong></span> <span class='ocrx_word' id='word_1_754' title='bbox 1280 4621 1616 4677; x_wconf 89' lang='lat' dir='ltr'><strong>discernitur</strong></span> <span class='ocrx_word' id='word_1_755' title='bbox 1669 4633 1723 4678; x_wconf 91' lang='lat' dir='ltr'><strong>et</strong></span> <span class='ocrx_word' id='word_1_756' title='bbox 1768 4622 2071 4692; x_wconf 76' lang='lat' dir='ltr'><strong>iudicatur,</strong></span> 
     </span>
    </p>
   </div>
   <div class='ocr_carea' id='block_1_96' title="bbox 506 4712 2070 4787">
    <p class='ocr_par' dir='ltr' id='par_1_96' title="bbox 506 4712 2070 4787">
     <span class='ocr_line' id='line_1_96' title="bbox 506 4712 2070 4787; baseline -0.001 -14"><span class='ocrx_word' id='word_1_757' title='bbox 506 4718 651 4787; x_wconf 93' lang='lat' dir='ltr'><strong>quod</strong></span> <span class='ocrx_word' id='word_1_758' title='bbox 709 4715 1139 4787; x_wconf 81' lang='lat' dir='ltr'><strong>praetermissum</strong></span> <span class='ocrx_word' id='word_1_759' title='bbox 1177 4712 1299 4768; x_wconf 88' lang='lat' dir='ltr'><strong>fuit.</strong></span> <span class='ocrx_word' id='word_1_760' title='bbox 1330 4713 1434 4768; x_wconf 86' lang='lat' dir='ltr'><strong>Sed</strong></span> <span class='ocrx_word' id='word_1_761' title='bbox 1495 4723 1548 4768; x_wconf 86' lang='lat' dir='ltr'><strong>et</strong></span> <span class='ocrx_word' id='word_1_762' title='bbox 1573 4715 1714 4769; x_wconf 89' lang='lat' dir='ltr'><strong>forte</strong></span> <span class='ocrx_word' id='word_1_763' title='bbox 1737 4716 1955 4771; x_wconf 86' lang='lat' dir='ltr'><strong>volebat</strong></span> <span class='ocrx_word' id='word_1_764' title='bbox 1981 4731 2070 4772; x_wconf 87' lang='lat' dir='ltr'><strong>re-</strong></span> 
     </span>
    </p>
   </div>
   <div class='ocr_carea' id='block_1_97' title="bbox 505 4805 2070 4880">
    <p class='ocr_par' dir='ltr' id='par_1_97' title="bbox 505 4805 2070 4880">
     <span class='ocr_line' id='line_1_97' title="bbox 505 4805 2070 4880; baseline 0 -18"><span class='ocrx_word' id='word_1_765' title='bbox 505 4809 741 4880; x_wconf 89' lang='lat' dir='ltr'><strong>primere</strong></span> <span class='ocrx_word' id='word_1_766' title='bbox 772 4807 918 4862; x_wconf 90' lang='lat' dir='ltr'><strong>illius</strong></span> <span class='ocrx_word' id='word_1_767' title='bbox 940 4807 1226 4875; x_wconf 88' lang='lat' dir='ltr'><strong>impetum,</strong></span> <span class='ocrx_word' id='word_1_768' title='bbox 1259 4821 1367 4874; x_wconf 91' lang='lat' dir='ltr'><strong>quo</strong></span> <span class='ocrx_word' id='word_1_769' title='bbox 1400 4805 1490 4860; x_wconf 90' lang='lat' dir='ltr'><strong>ille</strong></span> <span class='ocrx_word' id='word_1_770' title='bbox 1519 4805 1718 4860; x_wconf 85' lang='lat' dir='ltr'><strong>misere</strong></span> <span class='ocrx_word' id='word_1_771' title='bbox 1757 4807 2070 4862; x_wconf 88' lang='lat' dir='ltr'><strong>ferebatur:</strong></span> 
     </span>
    </p>
   </div>
   <div class='ocr_carea' id='block_1_98' title="bbox 513 4895 2070 4966">
    <p class='ocr_par' dir='ltr' id='par_1_98' title="bbox 513 4895 2070 4966">
     <span class='ocr_line' id='line_1_98' title="bbox 513 4895 2070 4966; baseline 0 -16"><span class='ocrx_word' id='word_1_772' title='bbox 513 4897 818 4957; x_wconf 70' lang='lat' dir='ltr'><strong>«Peccasti,</strong></span> <span class='ocrx_word' id='word_1_773' title='bbox 851 4897 1046 4966; x_wconf 89' lang='lat' dir='ltr'><strong>inquit,</strong></span> <span class='ocrx_word' id='word_1_774' title='bbox 1101 4895 1319 4965; x_wconf 86' lang='lat' dir='ltr'><strong>quiesce</strong></span> <span class='ocrx_word' id='word_1_775' title='bbox 1354 4913 1367 4950; x_wconf 90' lang='lat'><strong>:</strong></span> <span class='ocrx_word' id='word_1_776' title='bbox 1409 4913 1427 4946; x_wconf 74' lang='grc' dir='ltr'><strong>ι</strong></span> <span class='ocrx_word' id='word_1_777' title='bbox 1491 4909 1559 4950; x_wconf 89' lang='lat' dir='ltr'><strong>ne</strong></span> <span class='ocrx_word' id='word_1_778' title='bbox 1598 4895 1880 4964; x_wconf 67' lang='lat' dir='ltr'><strong>injustitia:</strong></span> <span class='ocrx_word' id='word_1_779' title='bbox 1904 4912 2070 4951; x_wconf 91' lang='lat' dir='ltr'><strong>accu-</strong></span> 
     </span>
    </p>
   </div>
   <div class='ocr_carea' id='block_1_99' title="bbox 507 4987 2068 5056">
    <p class='ocr_par' dir='ltr' id='par_1_99' title="bbox 507 4987 2068 5056">
     <span class='ocr_line' id='line_1_99' title="bbox 507 4987 2068 5056; baseline -0.001 -12"><span class='ocrx_word' id='word_1_780' title='bbox 507 4991 681 5045; x_wconf 86' lang='lat' dir='ltr'><strong>mules</strong></span> <span class='ocrx_word' id='word_1_781' title='bbox 706 4989 863 5044; x_wconf 89' lang='lat' dir='ltr'><strong>aliam</strong></span> <span class='ocrx_word' id='word_1_782' title='bbox 895 5007 908 5042; x_wconf 91' lang='lat'><strong>:</strong></span> <span class='ocrx_word' id='word_1_783' title='bbox 943 4987 1212 5042; x_wconf 89' lang='lat' dir='ltr'><strong>insaniam</strong></span> <span class='ocrx_word' id='word_1_784' title='bbox 1240 4988 1291 5040; x_wconf 92' lang='lat' dir='ltr'><strong>in</strong></span> <span class='ocrx_word' id='word_1_785' title='bbox 1317 5003 1404 5041; x_wconf 93' lang='lat' dir='ltr'><strong>me</strong></span> <span class='ocrx_word' id='word_1_786' title='bbox 1435 4997 1581 5041; x_wconf 88' lang='lat' dir='ltr'><strong>tuam</strong></span> <span class='ocrx_word' id='word_1_787' title='bbox 1607 4989 2068 5056; x_wconf 87' lang='lat' dir='ltr'><strong>circumscribito,</strong></span> 
     </span>
    </p>
   </div>
   <div class='ocr_carea' id='block_1_100' title="bbox 505 5081 2072 5151">
    <p class='ocr_par' dir='ltr' id='par_1_100' title="bbox 505 5081 2072 5151">
     <span class='ocr_line' id='line_1_100' title="bbox 505 5081 2072 5151; baseline -0.001 -11"><span class='ocrx_word' id='word_1_788' title='bbox 505 5101 535 5140; x_wconf 89' lang='lat' dir='ltr'><strong>a</strong></span> <span class='ocrx_word' id='word_1_789' title='bbox 562 5084 798 5138; x_wconf 87' lang='lat' dir='ltr'><strong>fraterno</strong></span> <span class='ocrx_word' id='word_1_790' title='bbox 827 5081 1092 5151; x_wconf 84' lang='lat' dir='ltr'><strong>sanguine</strong></span> <span class='ocrx_word' id='word_1_791' title='bbox 1124 5089 1178 5135; x_wconf 89' lang='lat' dir='ltr'><strong>et</strong></span> <span class='ocrx_word' id='word_1_792' title='bbox 1233 5095 1428 5136; x_wconf 90' lang='lat' dir='ltr'><strong>manus</strong></span> <span class='ocrx_word' id='word_1_793' title='bbox 1468 5090 1524 5136; x_wconf 87' lang='lat' dir='ltr'><strong>et</strong></span> <span class='ocrx_word' id='word_1_794' title='bbox 1584 5093 1819 5137; x_wconf 88' lang='lat' dir='ltr'><strong>mentem</strong></span> <span class='ocrx_word' id='word_1_795' title='bbox 1870 5083 2072 5138; x_wconf 92' lang='lat' dir='ltr'><strong>immu-</strong></span> 
     </span>
    </p>
   </div>
   <div class='ocr_carea' id='block_1_101' title="bbox 504 5170 2064 5245">
    <p class='ocr_par' dir='ltr' id='par_1_101' title="bbox 504 5170 2064 5245">
     <span class='ocr_line' id='line_1_101' title="bbox 504 5170 2064 5245; baseline 0 -15"><span class='ocrx_word' id='word_1_796' title='bbox 504 5191 601 5232; x_wconf 90' lang='lat' dir='ltr'><strong>nes</strong></span> <span class='ocrx_word' id='word_1_797' title='bbox 637 5182 849 5244; x_wconf 81' lang='lat' dir='ltr'><strong>praesta.</strong></span> <span class='ocrx_word' id='word_1_798' title='bbox 886 5173 954 5226; x_wconf 83' lang='lat' dir='ltr'><strong>At</strong></span> <span class='ocrx_word' id='word_1_799' title='bbox 986 5171 1117 5226; x_wconf 89' lang='lat' dir='ltr'><strong>illud</strong></span> <span class='ocrx_word' id='word_1_800' title='bbox 1152 5189 1165 5224; x_wconf 93' lang='lat'>:</span> <span class='ocrx_word' id='word_1_801' title='bbox 1205 5189 1223 5222; x_wconf 75' lang='grc' dir='ltr'><strong>ι</strong></span> <span class='ocrx_word' id='word_1_802' title='bbox 1261 5170 1340 5225; x_wconf 87' lang='lat' dir='ltr'><strong>Ad</strong></span> <span class='ocrx_word' id='word_1_803' title='bbox 1379 5182 1429 5226; x_wconf 93' lang='lat' dir='ltr'><strong>te</strong></span> <span class='ocrx_word' id='word_1_804' title='bbox 1471 5173 1577 5226; x_wconf 90' lang='lat' dir='ltr'><strong>erit</strong></span> <span class='ocrx_word' id='word_1_805' title='bbox 1609 5175 1894 5229; x_wconf 87' lang='lat' dir='ltr'><strong>conversio</strong></span> <span class='ocrx_word' id='word_1_806' title='bbox 1925 5176 2064 5245; x_wconf 90' lang='lat' dir='ltr'><strong>ejus,</strong></span> 
     </span>
    </p>
   </div>
   <div class='ocr_carea' id='block_1_102' title="bbox 503 5260 2071 5326">
    <p class='ocr_par' dir='ltr' id='par_1_102' title="bbox 503 5260 2071 5326">
     <span class='ocr_line' id='line_1_102' title="bbox 503 5260 2071 5326; baseline -0.001 -6"><span class='ocrx_word' id='word_1_807' title='bbox 503 5275 558 5321; x_wconf 89' lang='lat' dir='ltr'><strong>et</strong></span> <span class='ocrx_word' id='word_1_808' title='bbox 597 5275 651 5318; x_wconf 91' lang='lat' dir='ltr'><strong>tu</strong></span> <span class='ocrx_word' id='word_1_809' title='bbox 705 5265 782 5318; x_wconf 91' lang='lat' dir='ltr'><strong>illi</strong></span> <span class='ocrx_word' id='word_1_810' title='bbox 808 5260 1197 5326; x_wconf 88' lang='lat' dir='ltr'><strong>dominaberis,</strong></span> <span class='ocrx_word' id='word_1_811' title='bbox 1240 5279 1258 5310; x_wconf 74' lang='grc' dir='ltr'><strong>ι</strong></span> <span class='ocrx_word' id='word_1_812' title='bbox 1298 5261 1383 5315; x_wconf 92' lang='lat' dir='ltr'><strong>vel</strong></span> <span class='ocrx_word' id='word_1_813' title='bbox 1423 5260 1490 5313; x_wconf 93' lang='lat' dir='ltr'><strong>de</strong></span> <span class='ocrx_word' id='word_1_814' title='bbox 1522 5261 1702 5317; x_wconf 90' lang='lat' dir='ltr'><strong>oblato</strong></span> <span class='ocrx_word' id='word_1_815' title='bbox 1746 5278 1971 5318; x_wconf 90' lang='lat' dir='ltr'><strong>munere</strong></span> <span class='ocrx_word' id='word_1_816' title='bbox 1994 5264 2071 5318; x_wconf 91' lang='lat' dir='ltr'><strong>di-</strong></span> 
     </span>
    </p>
   </div>
   <div class='ocr_carea' id='block_1_103' title="bbox 504 5349 2074 5424">
    <p class='ocr_par' dir='ltr' id='par_1_103' title="bbox 504 5349 2074 5424">
     <span class='ocr_line' id='line_1_103' title="bbox 504 5349 2074 5424; baseline -0.003 -12"><span class='ocrx_word' id='word_1_817' title='bbox 504 5354 666 5420; x_wconf 89' lang='lat' dir='ltr'><strong>citur,</strong></span> <span class='ocrx_word' id='word_1_818' title='bbox 697 5353 854 5424; x_wconf 90' lang='lat' dir='ltr'><strong>quasi</strong></span> <span class='ocrx_word' id='word_1_819' title='bbox 881 5351 1064 5414; x_wconf 87' lang='lat' dir='ltr'><strong>vellet,</strong></span> <span class='ocrx_word' id='word_1_820' title='bbox 1095 5349 1378 5418; x_wconf 88' lang='lat' dir='ltr'><strong>Indignum</strong></span> <span class='ocrx_word' id='word_1_821' title='bbox 1421 5360 1526 5416; x_wconf 89' lang='lat' dir='ltr'><strong>est,</strong></span> <span class='ocrx_word' id='word_1_822' title='bbox 1579 5350 1723 5419; x_wconf 89' lang='lat' dir='ltr'><strong>quod</strong></span> <span class='ocrx_word' id='word_1_823' title='bbox 1769 5367 1870 5421; x_wconf 88' lang='lat' dir='ltr'><strong>ego</strong></span> <span class='ocrx_word' id='word_1_824' title='bbox 1918 5368 2074 5408; x_wconf 88' lang='lat' dir='ltr'><strong>accc-</strong></span> 
     </span>
    </p>
   </div>
   <div class='ocr_carea' id='block_1_104' title="bbox 503 5441 2075 5519">
    <p class='ocr_par' dir='ltr' id='par_1_104' title="bbox 503 5441 2075 5519">
     <span class='ocr_line' id='line_1_104' title="bbox 503 5441 2075 5519; baseline -0.001 -17"><span class='ocrx_word' id='word_1_825' title='bbox 503 5457 674 5519; x_wconf 88' lang='lat' dir='ltr'><strong>ptem,</strong></span> <span class='ocrx_word' id='word_1_826' title='bbox 729 5445 989 5515; x_wconf 90' lang='lat' dir='ltr'><strong>quocirca</strong></span> <span class='ocrx_word' id='word_1_827' title='bbox 1025 5457 1278 5496; x_wconf 78' lang='lat' dir='ltr'><strong>aversum</strong></span> <span class='ocrx_word' id='word_1_828' title='bbox 1307 5450 1390 5495; x_wconf 88' lang='lat' dir='ltr'><strong>est</strong></span> <span class='ocrx_word' id='word_1_829' title='bbox 1419 5441 1484 5495; x_wconf 87' lang='lat' dir='ltr'><strong>ad</strong></span> <span class='ocrx_word' id='word_1_830' title='bbox 1523 5451 1594 5505; x_wconf 87' lang='lat' dir='ltr'><strong>te,</strong></span> <span class='ocrx_word' id='word_1_831' title='bbox 1625 5452 1681 5497; x_wconf 94' lang='lat' dir='ltr'><strong>et</strong></span> <span class='ocrx_word' id='word_1_832' title='bbox 1711 5453 1767 5496; x_wconf 91' lang='lat' dir='ltr'><strong>tu</strong></span> <span class='ocrx_word' id='word_1_833' title='bbox 1799 5443 1945 5500; x_wconf 90' lang='lat' dir='ltr'><strong>illius</strong></span> <span class='ocrx_word' id='word_1_834' title='bbox 1975 5445 2075 5500; x_wconf 92' lang='lat' dir='ltr'><strong>do-</strong></span> 
     </span>
    </p>
   </div>
   <div class='ocr_carea' id='block_1_105' title="bbox 506 5531 2069 5603">
    <p class='ocr_par' dir='ltr' id='par_1_105' title="bbox 506 5531 2069 5603">
     <span class='ocr_line' id='line_1_105' title="bbox 506 5531 2069 5603; baseline -0.004 -8"><span class='ocrx_word' id='word_1_835' title='bbox 506 5541 690 5595; x_wconf 92' lang='lat' dir='ltr'><strong>minus</strong></span> <span class='ocrx_word' id='word_1_836' title='bbox 743 5538 1038 5592; x_wconf 87' lang='lat' dir='ltr'><strong>etiamnum</strong></span> <span class='ocrx_word' id='word_1_837' title='bbox 1092 5534 1224 5599; x_wconf 89' lang='lat' dir='ltr'><strong>eris,</strong></span> <span class='ocrx_word' id='word_1_838' title='bbox 1264 5542 1324 5586; x_wconf 93' lang='lat' dir='ltr'><strong>ut</strong></span> <span class='ocrx_word' id='word_1_839' title='bbox 1353 5531 1526 5597; x_wconf 85' lang='lat' dir='ltr'><strong>fuisti,</strong></span> <span class='ocrx_word' id='word_1_840' title='bbox 1557 5533 1876 5603; x_wconf 87' lang='lat' dir='ltr'><strong>priusquam</strong></span> <span class='ocrx_word' id='word_1_841' title='bbox 1906 5535 2069 5592; x_wconf 79' lang='lat' dir='ltr'><strong>offer-</strong></span> 
     </span>
    </p>
   </div>
   <div class='ocr_carea' id='block_1_106' title="bbox 505 5625 2070 5699">
    <p class='ocr_par' dir='ltr' id='par_1_106' title="bbox 505 5625 2070 5699">
     <span class='ocr_line' id='line_1_106' title="bbox 505 5625 2070 5699; baseline -0.002 -13"><span class='ocrx_word' id='word_1_842' title='bbox 505 5639 700 5686; x_wconf 83' lang='lat' dir='ltr'><strong>retur:</strong></span> <span class='ocrx_word' id='word_1_843' title='bbox 760 5628 866 5692; x_wconf 89' lang='lat' dir='ltr'><strong>vel,</strong></span> <span class='ocrx_word' id='word_1_844' title='bbox 910 5641 1020 5681; x_wconf 85' lang='lat' dir='ltr'><strong>non</strong></span> <span class='ocrx_word' id='word_1_845' title='bbox 1067 5626 1213 5694; x_wconf 86' lang='lat' dir='ltr'><strong>quod</strong></span> <span class='ocrx_word' id='word_1_846' title='bbox 1266 5625 1632 5695; x_wconf 72' lang='lat' dir='ltr'><strong>offerebatur,</strong></span> <span class='ocrx_word' id='word_1_847' title='bbox 1694 5627 1787 5682; x_wconf 88' lang='lat' dir='ltr'><strong>sed</strong></span> <span class='ocrx_word' id='word_1_848' title='bbox 1855 5629 1907 5682; x_wconf 92' lang='lat' dir='ltr'><strong>in</strong></span> <span class='ocrx_word' id='word_1_849' title='bbox 1963 5644 2070 5699; x_wconf 90' lang='lat' dir='ltr'><strong>quo</strong></span> 
     </span>
    </p>
   </div>
   <div class='ocr_carea' id='block_1_107' title="bbox 2171 4533 3684 4612">
    <p class='ocr_par' dir='ltr' id='par_1_107' title="bbox 2171 4533 3684 4612">
     <span class='ocr_line' id='line_1_107' title="bbox 2171 4533 3684 4612; baseline -0.004 -21"><span class='ocrx_word' id='word_1_850' title='bbox 2171 4538 2565 4610; x_wconf 75' lang='grc' dir='ltr'>προσενέγκῃς,</span> <span class='ocrx_word' id='word_1_851' title='bbox 2593 4537 2767 4608; x_wconf 88' lang='grc' dir='ltr'>ὀρθῶς</span> <span class='ocrx_word' id='word_1_852' title='bbox 2789 4539 2846 4591; x_wconf 87' lang='grc' dir='ltr'><strong>δέ</strong></span> <span class='ocrx_word' id='word_1_853' title='bbox 2876 4539 2954 4610; x_wconf 21' lang='grc' dir='ltr'><strong>μὴ,</strong></span> <span class='ocrx_word' id='word_1_854' title='bbox 2977 4538 3176 4612; x_wconf 76' lang='grc' dir='ltr'>διέλῃς,</span> <span class='ocrx_word' id='word_1_855' title='bbox 3200 4541 3469 4612; x_wconf 73' lang='grc' dir='ltr'>ἥμαρτεςς</span> <span class='ocrx_word' id='word_1_856' title='bbox 3499 4558 3516 4590; x_wconf 75' lang='grc' dir='ltr'><strong>ι</strong></span> <span class='ocrx_word' id='word_1_857' title='bbox 3543 4533 3684 4589; x_wconf 67' lang='lat'><strong>19:06-</strong></span> 
     </span>
    </p>
   </div>
   <div class='ocr_carea' id='block_1_108' title="bbox 2167 4626 3682 4705">
    <p class='ocr_par' dir='ltr' id='par_1_108' title="bbox 2167 4626 3682 4705">
     <span class='ocr_line' id='line_1_108' title="bbox 2167 4626 3682 4705; baseline -0.002 -23"><span class='ocrx_word' id='word_1_858' title='bbox 2167 4647 2282 4685; x_wconf 88' lang='grc' dir='ltr'>τον.</span> <span class='ocrx_word' id='word_1_859' title='bbox 2329 4632 2402 4683; x_wconf 85' lang='grc' dir='ltr'>Τὸ</span> <span class='ocrx_word' id='word_1_860' title='bbox 2429 4632 2506 4697; x_wconf 85' lang='grc' dir='ltr'>δὲ,</span> <span class='ocrx_word' id='word_1_861' title='bbox 2547 4631 2911 4700; x_wconf 80' lang='grc' dir='ltr'>Ἠσύχασον,</span> <span class='ocrx_word' id='word_1_862' title='bbox 2953 4633 3039 4686; x_wconf 77' lang='grc' dir='ltr'>ἵνα</span> <span class='ocrx_word' id='word_1_863' title='bbox 3073 4633 3234 4705; x_wconf 79' lang='grc' dir='ltr'>εἴπῃς</span> <span class='ocrx_word' id='word_1_864' title='bbox 3264 4633 3394 4704; x_wconf 82' lang='grc' dir='ltr'>πρὸς</span> <span class='ocrx_word' id='word_1_865' title='bbox 3422 4626 3682 4701; x_wconf 75' lang='grc' dir='ltr'>ἡμαρτηκόο</span> 
     </span>
    </p>
   </div>
   <div class='ocr_carea' id='block_1_109' title="bbox 2168 4719 3682 4794">
    <p class='ocr_par' dir='ltr' id='par_1_109' title="bbox 2168 4719 3682 4794">
     <span class='ocr_line' id='line_1_109' title="bbox 2168 4719 3682 4794; baseline -0.011 -13"><span class='ocrx_word' id='word_1_866' title='bbox 2168 4739 2257 4787; x_wconf 82' lang='grc' dir='ltr'><strong>τα,</strong></span> <span class='ocrx_word' id='word_1_867' title='bbox 2300 4723 2608 4794; x_wconf 88' lang='grc' dir='ltr'>Ἦρέμησον</span> <span class='ocrx_word' id='word_1_868' title='bbox 2638 4722 2782 4776; x_wconf 85' lang='grc' dir='ltr'>κατὰ</span> <span class='ocrx_word' id='word_1_869' title='bbox 2808 4723 3054 4785; x_wconf 75' lang='grc' dir='ltr'>σεαυτὸν,</span> <span class='ocrx_word' id='word_1_870' title='bbox 3086 4724 3181 4776; x_wconf 83' lang='grc' dir='ltr'>καὶ</span> <span class='ocrx_word' id='word_1_871' title='bbox 3196 4723 3545 4792; x_wconf 85' lang='grc' dir='ltr'>διασκόπησον</span> <span class='ocrx_word' id='word_1_872' title='bbox 3564 4719 3682 4784; x_wconf 79' lang='grc' dir='ltr'>ἀκρι-</span> 
     </span>
    </p>
   </div>
   <div class='ocr_carea' id='block_1_110' title="bbox 2171 4805 3686 4885">
    <p class='ocr_par' dir='ltr' id='par_1_110' title="bbox 2171 4805 3686 4885">
     <span class='ocr_line' id='line_1_110' title="bbox 2171 4805 3686 4885; baseline -0.005 -19"><span class='ocrx_word' id='word_1_873' title='bbox 2171 4814 2283 4878; x_wconf 77' lang='grc' dir='ltr'>ϐῶς</span> <span class='ocrx_word' id='word_1_874' title='bbox 2315 4813 2410 4868; x_wconf 81' lang='grc' dir='ltr'>τοῦ</span> <span class='ocrx_word' id='word_1_875' title='bbox 2463 4815 2855 4885; x_wconf 87' lang='grc' dir='ltr'>πεπραγμένου</span> <span class='ocrx_word' id='word_1_876' title='bbox 2894 4814 2955 4868; x_wconf 85' lang='grc' dir='ltr'><strong>τὸ</strong></span> <span class='ocrx_word' id='word_1_877' title='bbox 3001 4814 3224 4879; x_wconf 80' lang='grc' dir='ltr'>ἄτοπον,</span> <span class='ocrx_word' id='word_1_878' title='bbox 3251 4815 3344 4866; x_wconf 79' lang='grc' dir='ltr'><strong>καὶ</strong></span> <span class='ocrx_word' id='word_1_879' title='bbox 3393 4808 3615 4883; x_wconf 65' lang='grc' dir='ltr'>μετανοίᾳ</span> <span class='ocrx_word' id='word_1_880' title='bbox 3636 4805 3686 4858; x_wconf 76' lang='grc' dir='ltr'>τὸ</span> 
     </span>
    </p>
   </div>
   <div class='ocr_carea' id='block_1_111' title="bbox 2180 4901 3682 4979">
    <p class='ocr_par' dir='ltr' id='par_1_111' title="bbox 2180 4901 3682 4979">
     <span class='ocr_line' id='line_1_111' title="bbox 2180 4901 3682 4979; baseline -0.009 -15"><span class='ocrx_word' id='word_1_881' title='bbox 2180 4908 2498 4979; x_wconf 85' lang='grc' dir='ltr'>ἁμαρτηθέν</span> <span class='ocrx_word' id='word_1_882' title='bbox 2537 4908 2841 4972; x_wconf 78' lang='grc' dir='ltr'>ἐξιλέωσαι.</span> <span class='ocrx_word' id='word_1_883' title='bbox 2882 4906 2970 4958; x_wconf 85' lang='grc' dir='ltr'>Ἐν</span> <span class='ocrx_word' id='word_1_884' title='bbox 3005 4907 3206 4976; x_wconf 82' lang='grc' dir='ltr'>ἠσυχίᾳ</span> <span class='ocrx_word' id='word_1_885' title='bbox 3247 4905 3355 4976; x_wconf 79' lang='grc' dir='ltr'>γὰρ</span> <span class='ocrx_word' id='word_1_886' title='bbox 3380 4904 3468 4957; x_wconf 79' lang='grc' dir='ltr'><strong>καὶ</strong></span> <span class='ocrx_word' id='word_1_887' title='bbox 3495 4901 3561 4970; x_wconf 80' lang='grc' dir='ltr'>τῷ</span> <span class='ocrx_word' id='word_1_888' title='bbox 3578 4901 3682 4952; x_wconf 74' lang='grc' dir='ltr'>ἁταο</span> 
     </span>
    </p>
   </div>
   <div class='ocr_carea' id='block_1_112' title="bbox 2183 4985 3686 5068">
    <p class='ocr_par' dir='ltr' id='par_1_112' title="bbox 2183 4985 3686 5068">
     <span class='ocr_line' id='line_1_112' title="bbox 2183 4985 3686 5068; baseline -0.012 -14"><span class='ocrx_word' id='word_1_889' title='bbox 2183 4997 2332 5068; x_wconf 84' lang='grc' dir='ltr'>ράχῳ</span> <span class='ocrx_word' id='word_1_890' title='bbox 2387 4997 2495 5050; x_wconf 86' lang='grc' dir='ltr'><strong>τῶν</strong></span> <span class='ocrx_word' id='word_1_891' title='bbox 2553 4995 2829 5062; x_wconf 88' lang='grc' dir='ltr'>λογισμῶν</span> <span class='ocrx_word' id='word_1_892' title='bbox 2886 4995 3087 5064; x_wconf 82' lang='grc' dir='ltr'>μᾶλλον</span> <span class='ocrx_word' id='word_1_893' title='bbox 3145 4994 3430 5065; x_wconf 84' lang='grc' dir='ltr'>συνορᾶται</span> <span class='ocrx_word' id='word_1_894' title='bbox 3461 4989 3547 5043; x_wconf 80' lang='grc' dir='ltr'>καὶ</span> <span class='ocrx_word' id='word_1_895' title='bbox 3591 4985 3686 5056; x_wconf 79' lang='grc' dir='ltr'>κρί-</span> 
     </span>
    </p>
   </div>
   <div class='ocr_carea' id='block_1_113' title="bbox 2177 5081 3680 5158">
    <p class='ocr_par' dir='ltr' id='par_1_113' title="bbox 2177 5081 3680 5158">
     <span class='ocr_line' id='line_1_113' title="bbox 2177 5081 3680 5158; baseline -0.002 -19"><span class='ocrx_word' id='word_1_896' title='bbox 2177 5105 2326 5140; x_wconf 90' lang='grc' dir='ltr'>νεται</span> <span class='ocrx_word' id='word_1_897' title='bbox 2359 5087 2420 5140; x_wconf 76' lang='grc' dir='ltr'><strong>τὸ</strong></span> <span class='ocrx_word' id='word_1_898' title='bbox 2449 5088 2787 5158; x_wconf 87' lang='grc' dir='ltr'>παροραθέν.</span> <span class='ocrx_word' id='word_1_899' title='bbox 2835 5086 2987 5156; x_wconf 82' lang='grc' dir='ltr'>Τάχα</span> <span class='ocrx_word' id='word_1_900' title='bbox 3012 5087 3069 5139; x_wconf 88' lang='grc' dir='ltr'>δὲ</span> <span class='ocrx_word' id='word_1_901' title='bbox 3099 5087 3192 5140; x_wconf 72' lang='grc' dir='ltr'><strong>καὶ</strong></span> <span class='ocrx_word' id='word_1_902' title='bbox 3217 5081 3680 5156; x_wconf 63' lang='grc' dir='ltr'>προαναστέλλοντος</span> 
     </span>
    </p>
   </div>
   <div class='ocr_carea' id='block_1_114' title="bbox 2173 5171 3676 5249">
    <p class='ocr_par' dir='ltr' id='par_1_114' title="bbox 2173 5171 3676 5249">
     <span class='ocr_line' id='line_1_114' title="bbox 2173 5171 3676 5249; baseline -0.015 -6"><span class='ocrx_word' id='word_1_903' title='bbox 2173 5175 2242 5249; x_wconf 80' lang='grc' dir='ltr'>ἦν</span> <span class='ocrx_word' id='word_1_904' title='bbox 2273 5179 2371 5248; x_wconf 80' lang='grc' dir='ltr'><strong>τὴν</strong></span> <span class='ocrx_word' id='word_1_905' title='bbox 2403 5179 2579 5249; x_wconf 80' lang='grc' dir='ltr'>ὁρμὴν</span> <span class='ocrx_word' id='word_1_906' title='bbox 2604 5179 2703 5248; x_wconf 82' lang='grc' dir='ltr'>τὴν</span> <span class='ocrx_word' id='word_1_907' title='bbox 2729 5181 2814 5248; x_wconf 80' lang='grc' dir='ltr'><strong>ἐφ’</strong></span> <span class='ocrx_word' id='word_1_908' title='bbox 2833 5171 2986 5248; x_wconf 81' lang='grc' dir='ltr'>ᾧπερ</span> <span class='ocrx_word' id='word_1_909' title='bbox 3003 5178 3165 5242; x_wconf 85' lang='grc' dir='ltr'>αὐτὸς</span> <span class='ocrx_word' id='word_1_910' title='bbox 3183 5177 3377 5240; x_wconf 81' lang='grc' dir='ltr'>ἀθλίως</span> <span class='ocrx_word' id='word_1_911' title='bbox 3392 5172 3676 5241; x_wconf 66' lang='grc' dir='ltr'>ἐκϐέὸηκεψ</span> 
     </span>
    </p>
   </div>
   <div class='ocr_carea' id='block_1_115' title="bbox 2179 5263 3681 5340">
    <p class='ocr_par' dir='ltr' id='par_1_115' title="bbox 2179 5263 3681 5340">
     <span class='ocr_line' id='line_1_115' title="bbox 2179 5263 3681 5340; baseline 0.005 -20"><span class='ocrx_word' id='word_1_912' title='bbox 2179 5287 2197 5320; x_wconf 72' lang='grc' dir='ltr'><strong>ι</strong></span> <span class='ocrx_word' id='word_1_913' title='bbox 2229 5270 2540 5339; x_wconf 74' lang='grc' dir='ltr'>⁸Ημαρτες,</span> <span class='ocrx_word' id='word_1_914' title='bbox 2580 5270 2768 5339; x_wconf 65' lang='grc' dir='ltr'>φησιν,</span> <span class='ocrx_word' id='word_1_915' title='bbox 2794 5269 3100 5340; x_wconf 83' lang='grc' dir='ltr'>ήσύχασον·</span> <span class='ocrx_word' id='word_1_916' title='bbox 3138 5287 3158 5321; x_wconf 85' lang='grc'><strong>›</strong></span> <span class='ocrx_word' id='word_1_917' title='bbox 3181 5268 3256 5338; x_wconf 81' lang='grc' dir='ltr'>μὴ</span> <span class='ocrx_word' id='word_1_918' title='bbox 3285 5266 3510 5339; x_wconf 80' lang='grc' dir='ltr'>πρόσθῃς</span> <span class='ocrx_word' id='word_1_919' title='bbox 3533 5263 3681 5328; x_wconf 72' lang='grc' dir='ltr'><strong>ἕτερον</strong></span> 
     </span>
    </p>
   </div>
   <div class='ocr_carea' id='block_1_116' title="bbox 2173 5346 3679 5431">
    <p class='ocr_par' dir='ltr' id='par_1_116' title="bbox 2173 5346 3679 5431">
     <span class='ocr_line' id='line_1_116' title="bbox 2173 5346 3679 5431; baseline -0.007 -18"><span class='ocrx_word' id='word_1_920' title='bbox 2173 5360 2252 5430; x_wconf 83' lang='grc' dir='ltr'>τῷ</span> <span class='ocrx_word' id='word_1_921' title='bbox 2281 5359 2577 5430; x_wconf 84' lang='grc' dir='ltr'>ἀδικήματι</span> <span class='ocrx_word' id='word_1_922' title='bbox 2599 5376 2613 5388; x_wconf 83' lang='grc'><strong>’</strong></span> <span class='ocrx_word' id='word_1_923' title='bbox 2655 5359 2816 5431; x_wconf 87' lang='grc' dir='ltr'>μέχρι</span> <span class='ocrx_word' id='word_1_924' title='bbox 2844 5360 2943 5430; x_wconf 85' lang='grc' dir='ltr'>τῆς</span> <span class='ocrx_word' id='word_1_925' title='bbox 2964 5361 3042 5424; x_wconf 89' lang='grc' dir='ltr'><strong>είς</strong></span> <span class='ocrx_word' id='word_1_926' title='bbox 3066 5361 3166 5431; x_wconf 84' lang='grc' dir='ltr'><strong>ἐμὲ</strong></span> <span class='ocrx_word' id='word_1_927' title='bbox 3191 5354 3540 5431; x_wconf 86' lang='grc' dir='ltr'>πλημμελείας</span> <span class='ocrx_word' id='word_1_928' title='bbox 3557 5346 3679 5416; x_wconf 81' lang='grc' dir='ltr'>περί·</span> 
     </span>
    </p>
   </div>
   <div class='ocr_carea' id='block_1_117' title="bbox 2175 5435 3680 5521">
    <p class='ocr_par' dir='ltr' id='par_1_117' title="bbox 2175 5435 3680 5521">
     <span class='ocr_line' id='line_1_117' title="bbox 2175 5435 3680 5521; baseline 0.001 -19"><span class='ocrx_word' id='word_1_929' title='bbox 2175 5451 2385 5521; x_wconf 75' lang='grc' dir='ltr'>γραψον</span> <span class='ocrx_word' id='word_1_930' title='bbox 2438 5450 2537 5519; x_wconf 80' lang='grc' dir='ltr'>τὴν</span> <span class='ocrx_word' id='word_1_931' title='bbox 2607 5451 2867 5505; x_wconf 86' lang='grc' dir='ltr'>ἀπόνοιαν</span> <span class='ocrx_word' id='word_1_932' title='bbox 2892 5491 2907 5517; x_wconf 92' lang='grc'><strong>,</strong></span> <span class='ocrx_word' id='word_1_933' title='bbox 2980 5450 3283 5520; x_wconf 71' lang='grc' dir='ltr'>ἀδελφικῶν</span> <span class='ocrx_word' id='word_1_934' title='bbox 3343 5446 3567 5517; x_wconf 77' lang='grc' dir='ltr'>αἱμάτων</span> <span class='ocrx_word' id='word_1_935' title='bbox 3619 5435 3680 5506; x_wconf 73' lang='grc' dir='ltr'>μὴ</span> 
     </span>
    </p>
   </div>
   <div class='ocr_carea' id='block_1_118' title="bbox 2174 5529 3679 5613">
    <p class='ocr_par' dir='ltr' id='par_1_118' title="bbox 2174 5529 3679 5613">
     <span class='ocr_line' id='line_1_118' title="bbox 2174 5529 3679 5613; baseline -0.014 -7"><span class='ocrx_word' id='word_1_936' title='bbox 2174 5543 2272 5605; x_wconf 80' lang='grc' dir='ltr'><strong>τὰς</strong></span> <span class='ocrx_word' id='word_1_937' title='bbox 2305 5545 2491 5612; x_wconf 84' lang='grc' dir='ltr'>χεῖρας</span> <span class='ocrx_word' id='word_1_938' title='bbox 2545 5544 2727 5613; x_wconf 83' lang='grc' dir='ltr'>μόνον,</span> <span class='ocrx_word' id='word_1_939' title='bbox 2763 5544 2898 5597; x_wconf 76' lang='grc' dir='ltr'>ἀλλὰ</span> <span class='ocrx_word' id='word_1_940' title='bbox 2939 5545 3032 5596; x_wconf 71' lang='grc' dir='ltr'><strong>καὶ</strong></span> <span class='ocrx_word' id='word_1_941' title='bbox 3070 5545 3166 5612; x_wconf 82' lang='grc' dir='ltr'><strong>τὴν</strong></span> <span class='ocrx_word' id='word_1_942' title='bbox 3215 5541 3429 5612; x_wconf 83' lang='grc' dir='ltr'>γνώμην</span> <span class='ocrx_word' id='word_1_943' title='bbox 3474 5529 3679 5600; x_wconf 66' lang='grc' dir='ltr'>καθαρὰν</span> 
     </span>
    </p>
   </div>
   <div class='ocr_carea' id='block_1_119' title="bbox 2174 5619 3674 5706">
    <p class='ocr_par' dir='ltr' id='par_1_119' title="bbox 2174 5619 3674 5706">
     <span class='ocr_line' id='line_1_119' title="bbox 2174 5619 3674 5706; baseline -0.001 -20"><span class='ocrx_word' id='word_1_944' title='bbox 2174 5633 2519 5702; x_wconf 82' lang='grc' dir='ltr'>διαφύλαξον.</span> <span class='ocrx_word' id='word_1_945' title='bbox 2555 5634 2628 5687; x_wconf 80' lang='grc' dir='ltr'>Τὸ</span> <span class='ocrx_word' id='word_1_946' title='bbox 2653 5635 2734 5700; x_wconf 82' lang='grc' dir='ltr'><strong>δὲ,</strong></span> <span class='ocrx_word' id='word_1_947' title='bbox 2766 5653 2785 5687; x_wconf 77' lang='lat' dir='ltr'><strong>t</strong></span> <span class='ocrx_word' id='word_1_948' title='bbox 2817 5635 2958 5705; x_wconf 84' lang='grc' dir='ltr'>Πρὸς</span> <span class='ocrx_word' id='word_1_949' title='bbox 3006 5635 3065 5690; x_wconf 85' lang='grc' dir='ltr'><strong>σέ</strong></span> <span class='ocrx_word' id='word_1_950' title='bbox 3101 5638 3134 5706; x_wconf 77' lang='grc' dir='ltr'><strong>ἡ</strong></span> <span class='ocrx_word' id='word_1_951' title='bbox 3176 5630 3477 5704; x_wconf 71' lang='grc' dir='ltr'>ἀποστρςφὴ</span> <span class='ocrx_word' id='word_1_952' title='bbox 3521 5619 3674 5684; x_wconf 61' lang='grc' dir='ltr'>αὑτοῦ)</span> 
     </span>
    </p>
   </div>
  </div>
