3798 6210
87 230 190 293 649

1035 237 1134 296 AD
1188 235 1772 298 AMPHILOCIIIUM
1809 239 2153 311 QU/ESTIO
2187 243 2338 302 CIX.

3207 254 3320 319 650

87 351 184 400 καὶ
209 347 274 399 σὺ
301 346 465 398 αὑτοῦ
486 347 690 416 ἄρξεις,
719 367 736 398 ι
758 350 790 417 ἢ
815 350 942 418 περὶ
960 349 1122 402 αὐτοῦ
1145 349 1239 402 τοῦ
1263 349 1648 420 προσενεχθέν-

1755 349 2093 417 peccabatur,
2128 365 2254 407 cum
2303 352 2611 417 offerretur,
2657 356 2880 427 intelligi
2928 358 3132 415 debet:
3163 375 3228 416 ac
3269 363 3318 418 si

83 455 177 501 τος
225 437 463 506 εἴρηται,
520 433 651 502 οἷον,
708 440 970 504 Ἀνάξιον,
1007 441 1195 511 φησὶν,
1239 440 1340 507 τῆς
1364 440 1504 509 ἐμῆς
1531 442 1647 494 ἐστι

83 530 426 601 προσφορᾶς,
474 529 556 582 διὸ
600 531 999 601 ἀποστρέφεταί
1034 550 1113 584 σοι
1138 533 1232 584 καὶ
1273 533 1432 595 αὐτὸς
1460 531 1645 597 αὑτοῦ,

81 619 273 688 ὥσπερ
342 621 436 671 καὶ
488 619 678 690 πρὶνῆ
729 620 1157 691 προσενεχθῆναι
1209 620 1397 691 κύριος
1447 619 1582 690 ἔσῃ’
1612 620 1646 690 ἢ

81 711 207 779 οὐχὶ
271 710 335 762 τὸ
399 711 802 780 προσενεχθὲν,
851 712 966 765 ἀλλ’
1033 712 1164 766 αὐτὸ
1230 712 1292 764 τὸ
1343 712 1649 782 διαμαρτη-

84 802 176 853 θὲν
247 802 380 873 περὶ
423 801 522 871 τὴν
545 803 859 870 προσένεξιν
885 805 912 856 6
934 803 1090 871 λόγος
1131 802 1283 873 δηλοῖ
1305 819 1319 832 ο
1345 803 1648 864 τουτέστιν,

84 895 158 946 Σὺ
202 894 302 947 τοῦ
354 896 776 967 ἁμαρτήματος,
805 897 904 948 οὐκ
954 897 1131 960 ἄλλος,
1179 897 1409 966 γέγονας
1441 897 1650 960 αἴτιος⁹

79 987 166 1038 διὸ
219 988 254 1056 ή
306 988 624 1058 ἀποστροφὴ
677 987 873 1051 αὐτοῦ,
903 990 998 1042 καὶ
1039 991 1072 1060 ἡ
1119 989 1365 1060 ἀναφορά
1425 989 1564 1060 πρὸς
1595 987 1654 1040 σὲ

78 1081 370 1150 ἐπανήξει,
405 1083 504 1135 καὶ
530 1081 592 1134 σὺ
624 1081 790 1135 αὑτοῦ
841 1082 1024 1148 ἄρξεις
1061 1083 1305 1154 ἀρχηγὸς
1341 1082 1527 1150 ὀφθεὶς
1554 1081 1656 1152 τῆς

80 1189 148 1223 πε
159 1173 212 1240 ρὶ
229 1173 293 1224 τὸ
311 1173 464 1225 Θεῖον
482 1173 790 1244 ὀλιγωρίας,
818 1174 877 1236 ἐξ
896 1167 956 1226 οὗ
973 1175 1068 1227 καὶ
1087 1175 1155 1228 τὰ
1171 1175 1336 1227 λοιπὰ
1348 1175 1455 1226 τῶν
1477 1175 1657 1245 ἁμαρ-

78 1280 144 1331 τη
156 1262 348 1331 μάτων
389 1264 736 1335 προέρχεται.
766 1266 826 1317 Ei
855 1265 910 1317 δέ
939 1283 1023 1328 τις
1058 1264 1204 1318 εἴποι
1236 1267 1331 1319 καλ⁹
1372 1266 1448 1329 ὼς
1473 1283 1656 1336 παρα-

76 1354 264 1422 ψυχῆς
293 1354 457 1408 ἕνεκα
482 1354 638 1408 τοῦτο
680 1355 895 1426 εἴρηται
921 1355 1242 1426 (ἐλελύπητο
1287 1356 1395 1427 γὰρ
1429 1359 1456 1410 6
1481 1358 1652 1419 Κάῖν,

76 1447 124 1496 εἰ
149 1445 250 1498 καὶ
284 1445 358 1516 μὴ
383 1446 518 1499 διότι
565 1447 910 1518 ἡμάρτηκεν,
955 1446 1071 1501 ἄλλ’
1100 1448 1180 1500 ὅτι
1212 1447 1272 1500 τὸ
1300 1443 1466 1517 ἦττον
1499 1445 1656 1517 ἔσχεν

74 1538 177 1590 ἐπὶ
205 1540 330 1601 ταῖς
361 1538 574 1602 θυσίαις
600 1539 750 1609 παρᾶ
777 1539 867 1592 τὸν
901 1538 1170 1609 ἀδελφὺν),
1201 1539 1322 1591 οὐδὲ
1361 1538 1518 1592 τοῦτο
1552 1555 1656 1607 μα-

72 1631 215 1698 κρὸν
253 1631 356 1700 τῆς
384 1632 612 1702 ἀπείρου
659 1632 753 1684 καὶ
800 1631 1202 1702 ἁνεξιχνιάστου
1247 1629 1656 1702 φιλανθρωπίας

1747 437 1951 496 diceret
1979 458 1994 495 :
2025 441 2106 497 Tu
2133 444 2338 512 peccati
2368 445 2550 510 istius,
2587 456 2640 501 et
2670 462 2778 501 non
2807 449 2977 516 alius,’
3003 449 3154 506 fuisti
3179 468 3314 507 cau-

1748 547 1843 596 sa;
1884 548 2056 603 quare
2107 535 2228 604 ejus
2275 539 2562 592 conversio
2612 548 2666 593 et
2742 541 2935 595 relatio
2976 545 3042 596 ad
3088 553 3138 599 te
3175 546 3330 610 erit,

1747 639 1916 702 tuque
1968 631 2379 698 dominaberis;
2424 632 2534 687 dux
2586 632 2708 702 ejus
2758 643 3103 702 contemptus
3147 635 3327 689 divini.

1751 727 2012 792 numinis,
2060 726 2205 781 unde
2255 736 2450 782 cmtera
2500 735 2719 794 peccata
2765 715 3173 796 processerunt.
3223 728 3320 784 Sin

1750 819 1877 871 νιιιίι
1927 819 2146 889 aliquis,
2186 820 2289 872 hoc
2331 819 2652 871 consolandi
2706 835 2874 874 causa
2918 819 3128 874 dictum
3172 820 3320 890 (nam

1754 909 1980 955 moestus
2036 909 2154 955 erat
2206 900 2367 966 Cain,
2421 915 2531 956 non
2560 917 2626 956 eo
2655 903 2800 972 quod
2855 912 3192 972 peccaverat,
3225 905 3318 960 sed

1754 992 1898 1060 quod
1953 995 2007 1045 in
2057 992 2311 1047 secundis
2369 1001 2490 1062 post
2543 991 2764 1047 fratrem
2811 995 2993 1064 quoad
3042 996 3318 1051 sacriﬁcia

1756 1084 1976 1153 fuerat),
1999 1101 2104 1140 non
2144 1086 2244 1140 hoc
2277 1087 2433 1155 longe
2464 1087 2665 1141 recedit
2695 1087 2762 1140 ab
2791 1087 2998 1142 infinita
3023 1096 3077 1144 et
3105 1090 3320 1144 inseru-

1757 1176 1917 1230 tabili‘
1939 1175 2310 1231 misericordia
2332 1177 2453 1243 Dei;
2490 1193 2554 1232 ac
2584 1177 2628 1232 si
2659 1178 2942 1249 indulgens
2967 1191 3120 1248 pater
3148 1180 3318 1234 filium

1757 1268 2154 1339 delinquentem
2220 1270 2621 1341 alloqueretur,
2681 1269 2800 1326 Noli
2863 1274 3170 1339 concidere,
3227 1282 3323 1326 aut

1759 1374 1996 1414 maerore
2024 1358 2326 1423 absorberi,
2371 1360 2512 1428 quod
2555 1359 2723 1414 frater
2755 1370 2806 1416 te
2835 1361 2993 1417 donis
3019 1361 3134 1416 suis
3159 1376 3323 1431 supe-

1761 1448 2000 1502 raverit:
2058 1447 2102 1501 si
2151 1449 2296 1501 enim
2326 1449 2431 1502 rite
2465 1449 2773 1518 praefertur,
2815 1451 2885 1505 ob
2919 1451 2968 1504 id
2996 1451 3142 1519 quod
3177 1459 3323 1506 recte

1759 1539 1902 1604 fecit,
1960 1547 2140 1594 tamen
2191 1539 2386 1593 iterum
2417 1541 2507 1594 ille
2555 1542 2622 1596 ad
2662 1552 2712 1596 te
2742 1554 3108 1606 convertetur,
3136 1542 3240 1597 sub
3270 1554 3322 1596 te

1757 1631 1878 1693 erit,
1905 1635 1958 1682 et
1987 1628 2428 1698 primogenitum
2455 1631 2828 1700 praerogativis
2870 1631 3144 1700 prazcedes
3169 1646 3318 1696 eum,

71 1723 174 1774 τοῦ
242 1722 413 1775 Θεοῦ·
449 1724 524 1786 ὡς
580 1726 646 1778 ἂν
697 1726 840 1777 είποι
892 1723 1245 1796 φιλόστοργος
1306 1722 1487 1792 πατὴρ
1517 1723 1648 1792 προς

1755 1719 1797 1776 si
1827 1735 1923 1789 per
1953 1720 2383 1788 resipiscentiam
2417 1727 2470 1775 te
2492 1723 2798 1777 correxeris
2826 1737 2854 1775 a
2885 1733 3111 1792 peccato
3140 1743 3154 1778 :
3187 1739 3324 1792 pra:-

69 1815 443 1884 ἡμαρτηκότα
464 1814 648 1877 παῖδα,
677 1813 767 1885 Μὴ
807 1815 1116 1885 συμπέσῃς,
1161 1814 1296 1883 μηδὲ
1329 1813 1646 1883 καταποθῇς

66 1907 136 1973 τῇ
208 1905 384 1977 λύπῃ,
413 1909 523 1969 τοῖς
571 1906 765 1974 δώροις
817 1923 878 1959 σε
938 1905 1510 1976 παρευδοκιμήσαντος
1553 1905 1645 1957 τοῦ

65 1996 313 2066 ἀδελφοῦ
337 2015 351 2028 ·
389 2000 437 2051 εί
468 1997 576 2068 γὰρ
601 2001 696 2052 καὶ
719 1997 777 2063 ἐξ
805 1992 880 2053 ὧν
907 1997 1068 2060 αὐτὸς
1097 1998 1258 2062 ὁσίως
1300 1996 1538 2067 ἔπραξεν
1564 1997 1645 2049 δι-

65 2089 434 2160 καιοπρεπῶς
458 2090 873 2162 προτετίμηται,
896 2091 1010 2145 ἀλλ’
1032 2087 1125 2144 οὖν
1161 2087 1646 2161 ἀποστραφήσεταί

65 2183 468 2252 πρωτοτοκίων
521 2183 682 2247 αὐτὸς
728 2184 892 2238 πάλιν
949 2183 1010 2238 τὸ
1059 2184 1348 2254 πρεσϐεῖον
1378 2183 1544 2248 ἕξεις,
1577 2181 1646 2234 ἂν

63 2279 378 2348 αφαίρετον
404 2277 513 2345 γὰρ
545 2277 697 2332 ἔσται
731 2295 813 2331 σοι
838 2278 898 2332 τὸ
945 2278 1064 2331 κατ’
1093 2277 1256 2332 αὐτοῦ
1288 2276 1483 2348 κύρος,
1507 2277 1644 2344 ὅπερ

146 2367 323 2420 Ἀλλὰ
349 2368 470 2421 κατ’
488 2369 775 2440 ἐπιστολὴν
807 2369 970 2424 ἱκανὰ
989 2371 1277 2426 καὶταῦτα
1312 2367 1488 2442 οἶμαι.
1515 2365 1646 2422 Οἶδα

59 2459 117 2511 δέ
143 2459 312 2521 τινάς
362 2475 492 2511 ποτε
544 2458 650 2510 τῶν
702 2459 1077 2513 παλαιοτάτων
1131 2461 1398 2514 Ἰουδαίων
1441 2476 1647 2530 γεγρα-

60 2552 274 2616 φότας,
309 2549 442 2604 οἷ’τὸ
475 2550 753 2620 ἐλλόγιμον
776 2552 883 2603 τῶν
915 2552 1090 2606 ἄλλων
1114 2553 1260 2621 ἔχειν
1295 2554 1536 2614 ἐδόκουν,
1561 2551 1647 2605 διὰ

58 2641 233 2695 τοῦτο
267 2639 515 2709 εἰρῆσθαι
537 2642 632 2693 τὸν
668 2642 808 2695 Κάῖν
835 2643 908 2712 μὴ
934 2643 1126 2696 διελεῖν
1170 2643 1344 2713 ὀρθῶς
1373 2643 1507 2696 διότι
1539 2643 1646 2696 ἀπὸ

60 2733 175 2785 τῶν
233 2732 484 2802 ἀψύχων,
535 2733 650 2786 ἀλλ’
686 2736 785 2787 ούκ
818 2735 926 2788 ἀπὸ
947 2735 1054 2788 τῶν
1083 2735 1364 2806 ἐμψύχων,
1398 2735 1587 2806 ὥσπερ
1619 2739 1647 2789 6

62 2823 274 2888 Ἅϐελ,
313 2824 384 2876 τὰ
406 2823 554 2896 δῶρα
602 2828 942 2894 προσέφερεν
979 2826 1348 2898 (καθυστερεῖν
1400 2828 1508 2898 γὰρ
1554 2828 1647 2880 καὶ

59 2913 439 2970 ἐλαττοῦσθαι
487 2916 667 2988 πολλῷ
701 2918 809 2970 τῶν
849 2917 1108 2989 ἐμψύχων
1140 2918 1210 2972 τὰ
1250 2918 1455 2990 ἄψυχα)
1483 2936 1496 2948 ·
1521 2919 1588 2973 δι’
1618 2919 1646 2972 ὃ

58 3009 163 3062 καὶ
214 3007 314 3059 τὸν
342 3008 451 3060 τῶν
479 3007 614 3084 ὅλων
640 3009 771 3063 Θεὸν
805 3011 896 3063 τοῦ
933 3011 1034 3082 μὲν
1084 3011 1384 3083 ἐφησθῆναι
1415 3014 1526 3076 τοῖς
1549 3011 1647 3064 δώ-

61 3115 187 3166 ροις
216 3097 296 3157 ὡς
333 3097 614 3167 ἐμψύχοις.
645 3099 737 3151 τοῦ
775 3100 832 3153 δὲ
861 3101 957 3170 τὴν
981 3100 1169 3153 θυσίαν
1194 3101 1468 3172 ὑπεριδεῖν
1491 3100 1568 3164 ὡς
1586 3103 1650 3155 ἐκ

55 3191 178 3243 τῶν
208 3188 440 3259 ἀψύχων
467 3191 982 3262 είσκεκομισμένην.
1023 3193 1163 3246 Ἀλλ’
1197 3194 1356 3264 εῖπερ
1377 3191 1548 3256 οὕτως
1573 3188 1650 3244 εῖ-

58 3299 182 3350 χεν,
219 3281 328 3333 ούκ
360 3281 424 3334 ἂν
451 3283 477 3333 6
498 3282 637 3334 Κάῖν
665 3285 760 3352 τὴν
798 3283 1082 3354 διαίρεσιν,
1115 3284 1231 3337 ἀλλ’
1259 3283 1428 3355 αὐτὴν
1461 3285 1527 3338 ἂν
1552 3283 1648 3353 τὴν

61 3373 274 3425 θυσίαν
298 3371 620 3436 ὠνειδίζετο,
655 3375 850 3443 ὅτιπερ
882 3376 1004 3427 ἀντὶ
1034 3375 1143 3428 τῶν
1181 3377 1408 3444 καρπῶν
1445 3375 1518 3444 μὴ
1537 3375 1651 3439 ζῶα

59 3463 479 3534 προσήνεγκεν.
528 3465 672 3517 Ἀλλ’
703 3465 943 3534 οὖδαμοῦ
985 3465 1233 3533 φαίνεται
1265 3465 1423 3519 τοῦτο
1462 3470 1494 3536 ἡ
1527 3469 1649 3520 θεία

57 3573 214 3608 κατα
227 3555 564 3624 μεμψαμένη
613 3556 798 3625 φωνή·
834 3556 969 3610 ἀλλὰ
1003 3557 1112 3608 τῶν
1150 3557 1252 3625 μὲν
1287 3557 1474 3628 δώρων
1497 3553 1650 3612 ούδὲν

55 3649 369 3719 ᾐτιάσατο,
397 3648 534 3718 ¹ἶιπίερ
573 3648 628 3701 δέ
659 3651 756 3718 τῆς
798 3649 1120 3716 διαιρέσεως
1159 3648 1257 3719 τὴν
1311 3650 1518 3719 μέμψιν
1549 3653 1649 3703 ὲπ-

59 3743 338 3807 ήνεγκεν.
391 3738 531 3790 Ἀλλ’
562 3738 700 3790 ὥστε
728 3739 782 3790 δὲ
812 3740 858 3790 εί
886 3739 914 3790 6
943 3738 1041 3807 μὲν
1063 3738 1314 3808 ἅπαρχῆς
1333 3738 1445 3808 βίον
1466 3739 1527 3792 τὺ
1546 3757 1647 3810 γη-

57 3832 287 3891 πονεῖν,
328 3830 357 3881 6
377 3829 433 3881 δὲ
457 3828 516 3881 τδ
541 3830 850 3897 ποιμαίνειν
877 3827 1105 3890 ἐτίθετο,
1143 3828 1262 3891 πῶς
1311 3829 1411 3882 οὐκ
1457 3829 1651 3895 ἄλογον

57 3919 490 3988 ὑπολαμϐάνειν
523 3919 616 3972 ὑπ’
656 3919 831 3973 αἰτίαν
882 3917 1134 3985 γενέσθαι
1169 3917 1262 3972 τὸν
1311 3920 1473 3984 Κάῖν,
1518 3919 1677 3983 διότι¹¹

58 4013 143 4082 μὴ
174 4011 295 4065 ἀπὸ
324 4010 434 4064 τῶν
471 4011 786 4078 ἀλλοτρίων,
815 4010 928 4063 ἀλλ’
955 4011 1062 4063 ἀπὸ
1090 4011 1201 4062 τῶν
1224 4011 1438 4064 οἰκείων
1474 4029 1647 4080 προσ-

55 4106 314 4173 ήνεγκεν
341 4103 608 4169 ;Κὰκεῖνο
627 4103 684 4156 δέ
709 4121 793 4166 τις
810 4103 1092 4172 προσθείη,
1121 4103 1194 4164 ὡς
1216 4104 1314 4156 οὐκ
1330 4105 1388 4154 ἐν
1407 4107 1472 4173 τῇ
1494 4122 1655 4174 προσ·

53 4197 250 4262 ενέξεε
265 4195 369 4264 τῆς
387 4195 574 4258 θυσίας
618 4196 837 4264 μᾶλλον,
860 4196 974 4248 ἀλλ’
997 4196 1250 4266 ἀπαρχῆς
1273 4196 1372 4264 τῆς
1392 4197 1501 4249 τῶν
1520 4195 1650 4264 βίων

1755 1814 1995 1882 rogativa
2032 1814 2119 1865 illa
2152 1812 2242 1868 tibi
2275 1830 2381 1866 non
2417 1813 2720 1880 auferetur,
2756 1831 2919 1884 quam
2952 1816 3216 1885 accepisti
3264 1814 3318 1868 in

1751 1920 1817 1961 eo
1843 1906 1988 1976 quod
2019 1916 2293 1960 maternos
2325 1907 2538 1962 dolores
2573 1907 2782 1978 primus
2817 1909 3069 1963 solveris.

1686 2104 1769 2140 σοι
1803 2087 1966 2141 πάλιν
1994 2089 2090 2141 καὶ
2121 2087 2226 2140 ὑπὸ
2257 2086 2318 2140 σὲ
2378 2087 2553 2152 ἔσται,
2621 2087 2714 2140 καὶ
2758 2087 2834 2157 τῷ
2891 2087 3172 2158 προνομίῳ
3213 2085 3324 2140 τῶν

1689 2181 2021 2251 μεταμελείᾳ
2045 2181 2241 2234 σαυτὸν
2276 2181 2368 2234 τοῦ
2433 2180 2772 2251 πταίσματος
2827 2178 3178 2254 ἀνορθώσῃς·
3227 2180 3323 2233 ἀν-

1681 2273 1906 2345 είληφας
1925 2275 1984 2340 ἐξ
2031 2269 2345 2346 ὧνπρῶτος
2389 2275 2486 2339 τὰς
2524 2276 2797 2346 μητρικὰς
2853 2275 3046 2339 ἔλυσας
3103 2274 3320 2336 ὠδῖνας.

1817 2368 1992 2438 Atque
2041 2368 2152 2423 haec
2201 2368 2514 2422 suffecerint
2563 2369 2824 2438 epistolaa.
2874 2367 3010 2422 Novi
3055 2368 3321 2438 quosdam

1746 2473 1832 2515 res
1876 2459 2187 2514 Judaeorum
2253 2460 2666 2530 antiquissimas
2717 2462 2994 2516 memoria:
3055 2462 3322 2517 mandan-

1745 2558 1846 2610 tes,
1898 2549 1990 2619 qui
2059 2559 2182 2603 ante
2247 2549 2385 2604 alios
2443 2550 2668 2605 scientia
2736 2551 2947 2621 praediti
2997 2550 3098 2604 visi
3171 2560 3320 2613 sunt,

1743 2642 1834 2711 qui
1882 2641 2002 2696 ideo
2040 2641 2358 2697 existimant
2407 2641 2543 2697 Cain
2596 2642 2824 2698 minime
2873 2652 3020 2698 recte
3073 2643 3325 2697 divisisse

1753 2734 1884 2795 dici,
1914 2733 2042 2804 quia
2076 2750 2181 2788 non
2203 2749 2233 2787 a
2263 2734 2590 2798 viventibus,
2629 2742 2692 2789 ut
2721 2734 2877 2795 Abel,
2909 2734 3002 2789 sed
3037 2734 3106 2788 ab
3142 2733 3325 2787 inani-

1753 2826 1916 2879 matis
1960 2841 2186 2880 munera
2236 2835 2457 2895 accepta
2502 2825 2651 2880 dedit
2697 2825 2906 2895 (multis
2954 2825 3101 2879 enim
3146 2823 3324 2879 modis

1752 2914 2050 2970 inanimata
2079 2917 2281 2970 cedunt
2315 2916 2590 2987 animatis)
2619 2934 2632 2970 :
2663 2915 2830 2970 Deum
2863 2917 3044 2985 itaque
3071 2915 3322 2968 universa

1752 3008 1897 3062 illius
1918 3008 2058 3062 dona
2083 3009 2324 3063 animata
2357 3017 2580 3077 accepta
2613 3009 2891 3069 habuisse,
2921 3006 3084 3074 hujus
3113 3005 3322 3062 sacrifi-

1750 3100 1893 3152 cium
1943 3099 2229 3168 rcjecisse,
2267 3098 2412 3169 quod
2455 3097 2524 3152 de
2577 3097 2892 3152 inanimatis
2944 3101 3318 3167 appararetur.

1753 3190 1856 3244 Sed
1887 3191 1931 3244 si
1969 3191 2020 3244 id
2053 3192 2124 3244 ita
2155 3191 2266 3253 fiet,
2306 3190 2730 3260 haudquaquam
2765 3188 2982 3254 divisio,
3015 3188 3112 3242 sed
3142 3186 3339 3258 ipsum

1751 3281 2079 3336 sacrificium
2139 3290 2529 3348 accusaretur,
2580 3279 2728 3351 quod
2776 3295 2884 3334 non
2933 3277 3187 3334 animalia
3223 3291 3323 3347 pro

1752 3373 1993 3444 frugibus
2027 3373 2261 3428 offerret.
2304 3372 2409 3427 Sed
2454 3389 2561 3428 non
2597 3373 2809 3427 videtur
2865 3375 2964 3426 hoc
3017 3371 3197 3426 divina
3233 3371 3321 3424 illa

1749 3474 1885 3514 voce
1916 3461 2286 3528 increpatnm;
2318 3461 2386 3515 de
2423 3460 2577 3515 donis
2609 3476 2714 3514 non
2752 3468 2992 3524 accusat,
3031 3459 3314 3529 reprehen~

1752 3552 1827 3605 dit
1862 3561 2069 3606 tantum
2103 3553 2450 3608 divisionem.
2492 3555 2649 3608 Certe
2692 3555 2737 3608 si
2768 3555 2836 3608 ab
2869 3554 3025 3608 initio
3053 3554 3320 3622 agricola-

1753 3644 1954 3698 tionem
1995 3645 2104 3709 ille,
2137 3645 2475 3713 pastoritiam
2517 3645 2620 3700 iste
2651 3645 3000 3714 sequebatur,
3037 3660 3068 3698 a
3114 3644 3324 3697 ratione

1754 3736 1977 3789 omnino
2022 3737 2260 3791 alienum
2309 3746 2394 3791 est
2435 3737 2753 3791 existimare
2797 3736 3024 3792 Cainum
3076 3735 3128 3790 in
3165 3736 3322 3804 culpa

1754 3825 1942 3890 fuisse,
1981 3825 2109 3895 quia
2141 3842 2249 3880 non
2280 3825 2348 3880 de
2377 3825 2592 3892 alienis,
2618 3827 2712 3880 sed
2743 3828 2811 3880 de
2845 3827 2961 3880 suis
2989 3825 3332 3879 oblationem.

1753 3917 2026 3971 offerebat.
2061 3916 2272 3970 Addere
2297 3917 2445 3978 licet,
2481 3916 2626 3985 quod
2659 3932 2762 3970 non
2812 3918 2864 3970 in
2899 3915 3196 3981 offerendo,
3229 3916 3321 3970 sed

1754 4007 1808 4061 in
1853 4007 2101 4077 eligendo
2143 4007 2265 4061 vitae
2308 4007 2557 4060 instituto
2599 4009 2938 4062 accusandus
2991 4016 3106 4061 erat
3141 4025 3154 4059 :
3194 4008 3321 4075 quia

1753 4095 2140 4164 agriculturam
2175 4095 2418 4165 elegerit,
2445 4101 2499 4148 et
2536 4093 2690 4149 fratri
2720 4094 2995 4164 reliquerit
3022 4104 3320 4164 pasluram.

1754 4185 2063 4239 lliﬂ‘erentia
2112 4185 2311 4254 quippe
2354 4185 2618 4240 institutae
2667 4187 2790 4239 vitae
2830 4201 3050 4241 causam
3095 4187 3244 4240 dedit
3270 4196 3324 4239 et

52 4289 349 4360 αἱρέσεως
382 4285 488 4338 ἔδει
512 4286 604 4340 τὸν
633 4287 730 4356 μὲν
749 4287 1026 4354 φαυλίζειν
1045 4288 1146 4340 ’ὅτι
1176 4290 1432 4356 γηπονεῖν
1453 4289 1644 4353 είλετο,

1756 4280 2106 4350 principium,
2147 4280 2291 4351 quod
2343 4282 2637 4352 opinantur
2670 4281 2820 4335 illum
2861 4296 3143 4351 peccasse,
3193 4282 3320 4335 dum

50 4380 155 4431 τὸν
184 4377 250 4431 δέ
279 4377 636 4446 ποιμαίνοντα
684 4377 1061 4448 ἀποδέχεσθαι.
1097 4379 1171 4431 Τὸ
1195 4379 1304 4448 γὰρ
1326 4379 1432 4432 τῶν
1456 4381 1649 4450 ἐπιτη-

49 4469 368 4538 δευμάτων
397 4467 649 4538 διάφορον
683 4469 822 4539 ἁρχὴ
859 4469 954 4522 καὶ
984 4468 1134 4522 αἰτία
1178 4469 1521 4540 καθέστηκεν
1550 4471 1644 4524 τοῦ

49 4560 156 4610 τὶν
197 4557 328 4625 μὲν,
363 4556 437 4616 ὡς
459 4557 735 4624 ἐνόμισαν,
771 4558 1034 4626 ἁμαρτεῖν
1054 4558 1284 4627 καρποῖς
1308 4555 1648 4622 θυσιάζοντα,

47 4651 155 4702 τὴν
219 4648 280 4701 δὲ
344 4648 814 4718 παρευδοκιμῆσαι
866 4646 982 4710 ζῶα
1015 4648 1085 4701 τὰ
1126 4647 1275 4718 δῶρα
1306 4648 1648 4715 ποιούμενον.

53 4738 199 4800 Πῶς
247 4736 311 4788 δὲ
363 4737 463 4788 κὰν
498 4740 620 4800 ταῖς
662 4737 1004 4806 νομοθεσίαις
1029 4735 1253 4808 ὕστερον
1280 4737 1564 4806 σεμίδαλίς
1588 4755 1650 4790 τε

52 4830 164 4882 καὶ
198 4827 443 4896 στάχυες
463 4827 558 4880 καὶ
585 4828 737 4898 ἄρτοι
765 4828 1075 4899 προθέσεως
1093 4829 1176 4890 είς
1200 4828 1516 4898 προσφορὰν
1535 4826 1652 4898 Θεῷ

53 4918 434 4987 ἐλογίζοντος
474 4919 536 4970 Εἰ
565 4918 622 4971 δὲ
673 4919 765 4971 καὶ
794 4937 812 4970 ι
845 4919 984 4972 καλὰ
1014 4917 1130 4971 λίαν
1162 4938 1178 4970 ι
1212 4919 1332 4988 οὐχί
1377 4935 1497 4971 τινα
1542 4919 1652 4970 τῶν

47 5011 605 5082 δημιουργημάτων,
641 5012 776 5064 ἀλλὰ
803 5013 982 5065 πάντα
1011 5011 1085 5080 τῷ
1111 5009 1477 5079 γενεσιουργῷ
1509 5010 1651 5078 λόγῳ

51 5106 325 5172 εἴρηται,
377 5104 472 5154 καὶ¹
513 5101 828 5168 πεποίηται,
860 5101 980 5154 τίνα
1019 5101 1176 5168 λόγον
1212 5099 1345 5169 ἔχει,
1393 5100 1518 5163 τοὺς
1548 5099 1655 5152 ἀπὸ

47 5198 174 5265 γῆς
210 5193 485 5265 καρποὺς,
526 5195 621 5247 καὶ
647 5193 683 5247 ὃ,
710 5193 909 5262 μᾶλλόν
947 5194 1100 5245 ἐστιν
1151 5191 1421 5262 ἀνθρώπῳ
1456 5192 1653 5260 τροφὴν

55 5294 124 5342 ἐν
171 5287 366 5357 ἀτίμῳ
402 5287 566 5358 μοίρᾳ
595 5289 689 5340 καὶ
722 5285 1051 5355 βδελύγματι
1078 5285 1170 5338 τδν
1215 5285 1656 5354 δημιουργήσαν-

52 5399 136 5435 τα.
176 5378 659 5448 παραπέμπεσθαι
688 5398 702 5441 ;
733 5378 950 5449 Διδτῆς
974 5379 1228 5446 τοιαύτης
1266 5377 1526 5447 ἐπιϐολῆς
1556 5376 1655 5448 τὴν

56 5467 623 5538 προτεθεωρημένην
651 5467 909 5537 ἐξήγησιν
943 5465 1140 5537 μᾶλλον
1175 5465 1478 5534 ἐγκριτέον.
1506 5464 1655 5533 Αὕτη

55 5561 194 5630 γὰρ
248 5558 347 5611 καὶ
381 5550 462 5621 οἷς
513 5558 540 5608 6
565 5557 666 5626 τῆς
707 5555 955 5627 καθαρᾶς
991 5555 1148 5626 ἡμῶν
1196 5555 1290 5608 καὶ
1319 5554 1656 5623 ἁναιμὰκτου

57 5654 286 5716 θυσίας
315 5652 474 5720 λόγος
515 5653 799 5722 ἠγνόηται,
837 5651 984 5704 δοκεῖ
1023 5668 1137 5714 πως
1188 5650 1332 5721 ᾅδειν
1359 5649 1616 5718 ὁμόφωνα
1641 5666 1652 5679 ’

56 5743 135 5810 ἐξ
154 5736 246 5796 ὧν
278 5745 368 5797 καὶ
399 5743 426 5794 6
454 5743 549 5812 τῆς
573 5742 903 5806 ἁποστασίας
946 5741 1229 5805 Ἰουλιανὸς
1265 5739 1402 5792 κατὰ
1442 5740 1536 5808 τῆς
1562 5740 1644 5792 εύ-

1749 4372 1816 4426 de
1857 4371 2125 4426 fructibus
2158 4372 2488 4428 sacriﬁcium
2523 4372 2756 4437 offerret,
2784 4387 2908 4426 cum
2939 4373 3028 4427 ille
3051 4371 3319 4438 laudetur,

1752 4465 1844 4534 qui
1873 4464 2126 4518 animalia
2156 4464 2323 4519 dedit.
2351 4464 2456 4520 Sed
2481 4465 2734 4534 deinceps
2756 4466 2916 4519 etiam
2942 4466 2995 4518 in
3024 4465 3159 4534 lege,
3185 4480 3323 4534 quo-

1753 4556 1914 4610 modo
1949 4556 2144 4618 simila,
2174 4556 2389 4616 aristre.
2437 4571 2605 4625 panes
2631 4557 3019 4625 propositionis
3063 4557 3127 4610 ad
3169 4557 3324 4611 obla-

1755 4647 1929 4701 tiones
1958 4645 2168 4700 divinas
2203 4644 2820 4714 deputahantur?Quod
2862 4646 2908 4699 si
2959 4665 2978 4698 ι
3016 4639 3173 4700 valde
3223 4646 3324 4700 bo-

1754 4753 1822 4792 na
1855 4757 1874 4789 ι
1909 4754 2018 4791 non
2065 4737 2262 4807 aliquae
2290 4745 2498 4792 tantum
2531 4753 2618 4792 res
2657 4749 2871 4803 crcalte,
2904 4739 2996 4793 sed
3027 4740 3322 4795 universim

1755 4828 1933 4881 omnia
1965 4828 2128 4882 verbo
2155 4827 2470 4883 Conditoris
2504 4829 2975 4891 commendant-ur,
3023 4845 3145 4899 quae
3184 4830 3326 4886 ratio

1755 4919 1989 4973 suaserit
2043 4926 2101 4972 ut
2144 4916 2354 4974 fructus
2407 4933 2437 4972 e
2483 4927 2649 4985 terra,
2687 4935 2805 4987 qua:
2841 4920 3088 4974 humana:
3116 4919 3325 4977 alitioni

1760 5020 1872 5062 tum
1915 5009 2339 5078 deputabantur,
2384 5009 2759 5064 inhonoranda
2805 5021 2900 5065 aut
2937 5011 3062 5066 vilia
3091 5012 3330 5083 despue-

1759 5100 1983 5152 rentur?
2015 5099 2283 5166 Quocirca
2315 5101 2548 5170 priorem
2586 5101 2730 5156 illam
2767 5104 3159 5173 expositionem
3202 5107 3324 5160 lon-

1758 5208 1820 5261 ge
1851 5193 2178 5260 przetulerim
2223 5193 2324 5248 hac
2351 5193 2643 5263 adjectitia.
2704 5193 2836 5248 Nam
2873 5197 2999 5254 ista,
3042 5196 3109 5250 iis
3132 5197 3328 5266 quibus

1757 5286 1896 5339 ratio
1927 5285 2207 5356 ignoratur
2239 5287 2356 5351 puri
2391 5287 2562 5340 nostri
2587 5295 2641 5340 et
2671 5286 2789 5342 sine
2826 5288 3089 5358 sanguine
3117 5289 3324 5343 sacriﬁ-

1760 5378 1852 5438 cii,
1903 5377 2308 5446 quodammodo
2349 5379 2559 5434 videtur
2609 5378 2964 5434 consentire:
3002 5380 3146 5433 unde
3189 5394 3323 5449 apo-

1761 5479 1900 5524 stata
1937 5466 2186 5523 Julianus
2217 5469 2306 5523 ille
2333 5478 2525 5524 contra
2550 5469 2866 5539 religionem
2902 5468 3166 5532 scribens,
3200 5482 3322 5521 cum

1759 5556 1922 5610 stulta
1956 5564 2010 5609 et
2048 5554 2274 5609 ridicula
2317 5554 2620 5624 proferret,
2671 5556 2956 5610 videbatur
2991 5562 3168 5607 tamen
3215 5569 3322 5608 non

1761 5644 1940 5712 inepte
1968 5657 2067 5697 nec
2103 5641 2340 5698 absurde
2370 5643 2710 5698 Christianos
2738 5641 3147 5712 reprehendere,
3181 5639 3325 5708 quod

1760 5749 2100 5805 nequaquam
2150 5733 2356 5789 Numen
2397 5735 2719 5790 animalibus
2771 5733 2924 5789 cmsis
2972 5733 3321 5786 honorarem.
