3798 6210
354 349 451 415 651

1502 337 1768 403 ΡΗΟΤΙΙ
1795 327 2298 398 PATRIARCH/E
2323 327 2410 388 CP

3520 320 3625 382 652

359 462 576 534 σεϐείας
603 464 866 536 γράφων,
899 461 1166 517 ἀλλόκοτα
1194 460 1293 530 μὲν
1330 460 1427 513 καὶ
1470 456 1629 528 μωρά
1673 453 1924 524 γράφων,
1962 448 2113 515 ὅμως
2154 440 2337 513 ἔδοξέν
2398 459 2452 495 τι
2517 440 2679 513 σοφὸν
2720 442 2815 494 καὶ
2851 437 3285 509 δυσεπιτίμητον
3349 435 3626 488 αἰτιᾶσθαι

357 532 740 631 Χριστιανοὺς,
766 532 859 626 ὅτι
899 557 974 629 μὴ
1029 556 1353 621 ζωοθυσίαις
1415 554 1475 608 τὸ
1529 553 1681 605 Θεῖον
1742 546 2115 621 γεραίρουσιν.
3080 532 3083 541 ’

507 673 831 742 ΩΗΑΞΞΤΙΟ
854 673 944 729 CX
985 672 1175 746 [σοῖσι.
1208 681 1256 729 ει
1291 670 1453 731 Taur.
1480 663 1768 737 CXXXII].

2604 652 2942 708 ΕΡΩΤΗΣΙΣ
2977 652 3081 705 Ριν.

450 787 597 840 Edita
615 802 644 838 a
666 787 981 849 Montacutio,
1002 799 1086 849 ep.
1106 786 1218 846 213,
1248 783 1313 839 ad
1335 780 1653 849 Euschgmgn,
1677 792 1730 841 p.
1758 774 1955 849 515.331
1966 772 2014 824 4.
2052 774 2127 824 De
2152 772 2351 849 Christ-i4
2364 768 2683 849 apparitione
2707 766 2759 817 in
2780 764 3142 825 Hierosolymis
3164 761 3467 827 promissam
3492 763 3543 810 in

1497 837 1697 891 Galilaea
1718 837 2076 901 apparitionem
2119 841 2467 899 praevertente.

435 931 774 1003 Promissum
832 933 1088 1002 praevenit
1116 932 1371 987 Servator
1405 936 1623 999 propter
1646 923 1948 994 discipulo-

2121 919 2415 989 Συντέμνει
2439 915 2538 987 τὴν
2570 914 2861 984 ὑπόσχεσιν
2888 914 2917 965 6
2945 910 3158 982 Σωτὴρ,
3193 908 3286 962 διὰ
3312 909 3417 978 τὴν
3456 906 3633 973 ὀλιγοο

364 1042 487 1082 rum
534 1025 1047 1096 parvanimitatem:
1100 1032 1155 1079 et
1203 1032 1327 1077 ante
1371 1034 1653 1076 accessum
1698 1018 1752 1071 in
1798 1014 1947 1068 Gali-

366 1118 521 1179 laeam
571 1119 711 1188 apud
754 1116 1157 1186 Ilierosolymas
1206 1130 1265 1170 se
1317 1111 1628 1168 manifestat
1668 1126 1682 1164 :
1736 1123 1845 1162 non
1893 1106 1947 1160 in

367 1207 473 1262 hoc
505 1207 839 1276 promissum
877 1221 1035 1260 suum
1075 1205 1321 1269 violavit,
1355 1218 1457 1258 nec
1481 1203 1641 1273 longe
1681 1199 1948 1262 diﬁertur,

368 1298 513 1368 quod
562 1307 783 1367 propter
840 1313 1090 1367 magnam
1163 1296 1601 1352 misericordiam
1680 1300 1791 1346 tam
1843 1290 1952 1345 cito

369 1387 789 1457 adimplebatur.
832 1385 887 1441 Si
916 1387 1039 1457 quis
1076 1388 1262 1442 animo
1290 1399 1547 1456 perverso
1577 1383 1857 1438 veritatem
1895 1381 1949 1434 in

371 1481 718 1553 mendacium
750 1488 963 1539 vertere
990 1480 1139 1544 velit,
1176 1489 1231 1534 et
1258 1480 1402 1535 dicat
1434 1494 1541 1532 non
1571 1490 1692 1532 esse
1715 1474 1950 1538 veracis,

367 1573 686 1642 promittere
733 1572 998 1631 visionem
1031 1573 1083 1627 in
1123 1571 1377 1641 Galilaaa,
1416 1570 1564 1625 illam
1596 1582 1725 1623 vero
1756 1565 1952 1621 Hiero-

370 1665 596 1737 solymis
653 1666 956 1737 exhibere;
1012 1665 1350 1732 consideret,
1420 1661 1564 1733 quod
1608 1660 1697 1715 ubi
1742 1661 1955 1716 dixerat

373 1756 635 1812 Servator
668 1773 727 1812 se
760 1757 1071 1830 fruitionem
1106 1758 1276 1821 beatae
1306 1755 1480 1827 ipsius
1508 1752 1735 1809 visionis
1763 1752 1817 1809 in
1847 1749 1953 1805 Ga-

368 1848 510 1921 lilaea
542 1850 935 1919 exhibiturum,
975 1859 1030 1906 et
1078 1851 1302 1917 omnino
1352 1864 1459 1904 non
1498 1848 1778 1907 exhiberet
1812 1863 1827 1902 :
1869 1844 1953 1898 vel

369 1942 415 2010 si
451 1941 714 2013 adjiceret
758 1940 1154 2016 Hierosolymis
1202 1942 1623 2017 haudquaquam
1657 1940 1836 2010 ipsum
1874 1937 1956 2005 vi-

371 2048 564 2101 suros,
600 2042 656 2089 et
697 2043 876 2090 tamen
924 2036 1191 2099 viderent,
1245 2049 1354 2088 non
1400 2032 1520 2088 sine
1553 2031 1700 2102 justa
1725 2029 1952 2085 forsitan

371 2125 587 2195 ratione
617 2126 741 2195 quis
764 2126 831 2181 de
867 2127 1152 2184 mendacio
1180 2126 1501 2197 postularet.
1544 2123 1703 2191 Quod
1729 2122 1774 2177 si
1808 2121 1954 2185 Gali.-

371 2218 565 2293 laicam
598 2220 985 2289 apparitionem
1027 2219 1364 2289 praemittens
1400 2228 1456 2274 et
1485 2218 1633 2282 illam
1672 2215 1951 2286 praestitit,

371 2329 435 2380 ac
467 2315 629 2369 etiam
654 2317 708 2368 in
733 2312 1126 2385 Hierosolymis
1152 2312 1423 2369 addiderit
1449 2313 1635 2377 aliam,
1678 2311 1771 2369 ubi
1799 2327 1951 2365 men—
1985 2313 2027 2373 Β

382 2405 524 2478 dacii
570 2420 883 2474 processus,
907 2406 1033 2475 licet
1074 2406 1129 2460 in
1161 2405 1292 2473 exili
1341 2404 1635 2475 phantasia
1678 2404 1954 2473 relinqua-

370 2497 498 2550 tur?
544 2496 663 2567 lmo
712 2513 884 2568 quare
933 2513 1043 2552 non
1088 2497 1274 2572 potius
1310 2496 1565 2562 veritatis
1604 2495 1803 2565 duplex
1850 2494 1955 2564 erit

372 2587 707 2665 adimpletio,
745 2589 895 2646 illius
922 2604 1087 2659 quam
1112 2588 1384 2660 promisit,
1412 2598 1468 2644 et
1492 2591 1611 2657 ejus
1647 2604 1813 2658 quam
1839 2588 1957 2641 sine

372 2680 646 2750 promisso
681 2681 971 2750 praestitit?
998 2678 1106 2735 Sed
1152 2679 1385 2735 ulterius
1429 2678 1652 2733 adverte
1686 2694 1700 2732 :
1745 2677 1792 2732 si
1822 2676 1956 2742 sim-

372 2768 590 2837 pliciter
650 2768 936 2839 discipulis
982 2768 1257 2838 pollicitus
1288 2774 1433 2822 esset
1470 2781 1529 2822 se
1566 2765 1743 2821 visum
1792 2764 1858 2819 iri
1899 2765 1952 2819 in

372 2856 616 2925 Galilaea,
652 2865 708 2912 et
739 2857 828 2912 ille
857 2856 1008 2927 prius
1037 2856 1242 2912 alicubi
1274 2854 1573 2920 videretur,
1615 2853 1670 2907 in
1702 2851 1957 2921 confesso

372 2945 480 3020 erit
520 2960 631 3000 non
682 2948 993 3001 mentitum.
1037 2944 1135 3001 Sin
1174 2945 1439 3000 abeuntes
1468 2943 1679 2999 diceret
1716 2941 1956 3008 visuros,

374 3039 432 3098 at
460 3031 533 3105 illi
566 3047 676 3115 non
707 3032 941 3099 abirent,
974 3032 1179 3103 quippe
1213 3032 1304 3102 qui
1340 3030 1664 3086 miraculum
1698 3029 1829 3085 illud
1868 3044 1959 3084 re-

374 3121 733 3197 surrectionis
764 3136 1108 3192 nequaquam
1135 3121 1365 3187 ﬁrmiter
1388 3116 1691 3185 credentes.
1724 3127 1804 3185 ut,
1829 3119 1958 3189 reli-

380 3218 485 3293 ctis
514 3217 929 3292 Hierosolymis,
953 3219 1106 3291 illum
1133 3219 1186 3274 in
1211 3218 1430 3289 Galilaea
1452 3219 1745 3275 videndum
1769 3234 1961 3288 exspe-

378 3321 590 3385 Ctarent
624 3330 638 3378 ;
673 3314 947 3396 quomodo
982 3329 1092 3381 non
1147 3312 1479 3376 irrationalis
1524 3322 1608 3367 est
1660 3311 1845 3379 opinio
1895 3311 1963 3365 de

380 3402 670 3473 mendacio
725 3411 779 3459 et
829 3403 1224 3476 sycophantia?
1289 3404 1395 3459 Sed
1455 3413 1508 3458 et
1557 3403 1767 3473 absque
1837 3403 1961 3458 istis

380 3496 695 3569 praedictis,
748 3497 949 3563 intueri
995 3496 1249 3571 inprimis
1290 3505 1547 3567 oportet,
1607 3495 1775 3573 quod,
1834 3495 1962 3551 licet

382 3586 775 3658 Hierosolymis
821 3587 1026 3659 adfuit,
1074 3596 1131 3660 et
1176 3588 1329 3644 visus
1387 3598 1471 3653 est
1523 3588 1804 3658 discipulis
1843 3587 1961 3643 suis

2046 1012 2247 1083 ψυχίαν
2272 1009 2385 1063 τῶν
2412 1006 2671 1080 μαθητῶν
2689 1022 2704 1037 ο
2731 1006 2826 1060 καὶ
2860 1004 2965 1076 πρδ
2993 1004 3093 1070 τῆς
3123 1001 3428 1064 Γαλιλαίας
3455 1002 3514 1061 ἐν
3544 1001 3633 1052 αὑο

2046 1108 2160 1168 τοῖς
2173 1101 2435 1175 Ἰεροσολὺ
2446 1119 2567 1172 μοις
2601 1099 2784 1162 αὐτοῖς
2813 1096 3177 1167 ἐμφανίζεται
3196 1112 3211 1126 ο
3243 1094 3345 1148 καὶ
3369 1093 3437 1146 οὑ
3462 1093 3633 1163 δήπου

2048 1197 2207 1252 τοῦτο
2257 1197 2360 1266 τῆς
2413 1192 2747 1262 ἐπαγγελίας
2804 1190 3043 1260 ὑπάρχει
3091 1188 3421 1259 παράϐασις
3447 1224 3465 1249 ,
3518 1184 3638 1247 οὑδὲ

2051 1287 2248 1342 πολλοῦ
2283 1287 2402 1341 δεῖ·
2444 1287 2637 1357 ταχεῖα
2665 1284 2723 1338 δέ
2757 1282 2959 1353 μᾶλλον
2990 1285 3053 1335 ἐκ
3078 1281 3284 1351 πολλῆς
3316 1278 3636 1349 φιλανθρω.

2050 1378 2182 1441 πίας
2212 1376 2584 1447 ἐκπλήρωσις.
2612 1374 2676 1427 Et
2703 1372 2746 1426 δ’
2770 1372 2853 1426 ἔτι
2877 1389 2964 1434 τις
3001 1367 3342 1439 ἀγνωμονῶν
3373 1369 3466 1429 είς
3503 1364 3638 1434 ψεῦ-

2050 1471 2139 1533 δος
2170 1469 2352 1523 ἐλκειν
2378 1469 2478 1539 τὴν
2507 1465 2768 1536 ἀλήθειαν
2801 1461 3136 1527 ἐκϐιάζοιτο,
3163 1461 3265 1513 οὑκ
3286 1456 3437 1513 εἶναι
3466 1458 3639 1524 λέγων

2053 1558 2517 1629 ἐπαληθεύοντος,
2553 1558 2611 1610 ἐν
2648 1556 2747 1626 μὲν
2774 1557 2842 1625 τῇ
2879 1552 3145 1625 Γαλιλαίᾳ
3186 1551 3509 1621 παρασχεῖν
3545 1547 3640 1617 τὴν

2051 1654 2174 1724 ὄψιν
2206 1649 2656 1723 ἐπαγγείλασθαι,
2687 1650 2747 1701 ἐν
2782 1646 3177 1719 Ἰεροσολύμοις
3200 1645 3257 1697 δὲ
3288 1641 3507 1710 ταύτην
3536 1640 3637 1693 δω-

2053 1744 2331 1818 ρήσασθαι
2354 1762 2368 1776 ·
2406 1746 2585 1797 ἐκεῖνο
2618 1742 2821 1814 μᾶλλον
2853 1740 3104 1806 συνιέτω,
3142 1737 3241 1801 ὠς,
3276 1736 3447 1803 εἴπερ
3472 1731 3640 1785 εἰπὼν

2052 1841 2080 1891 ὁ
2111 1838 2322 1909 Σωτὴρ,
2354 1838 2412 1890 ἐν
2439 1838 2506 1907 τῇ
2540 1834 2805 1905 Γαλιλαίᾳ
2835 1832 3021 1887 δοῦναι
3060 1833 3178 1892 τοῖς
3223 1828 3508 1899 μαθηταῖς
3546 1826 3638 1894 τὴν

2052 1929 2356 1985 ἀπόλαυσιν
2384 1930 2485 1999 τῆς
2514 1926 2790 1999 μακαρίας
2820 1924 2949 1987 θέας
2973 1931 3001 1961 η
3043 1922 3263 1991 ἐκείνης
3286 1960 3302 1983 ,
3354 1913 3487 1971 εἶτα
3519 1918 3636 1987 μηδ⁴

2053 2022 2191 2085 ὅλως
2217 2020 2493 2092 παρέσχεν
2514 2036 2527 2049 °
2564 2019 2598 2088 ἢ
2627 2017 2886 2089 προσθεὶς
2929 2018 2987 2068 ἐν
3021 2012 3431 2083 Ἱεροσολύμοις
3469 2010 3636 2079 μηδα-

2058 2113 2176 2184 μῶς
2207 2113 2391 2177 αὑτοῖς
2411 2110 2667 2182 ὀφθῆναι,
2701 2109 2895 2161 ἔπειτα
2922 2106 3076 2176 ὤφθη
3099 2145 3113 2168 ,
3147 2105 3249 2157 οὑκ
3277 2102 3347 2156 ἂν
3381 2102 3637 2171 ἀφρόνως

2056 2206 2176 2259 λίαν
2209 2209 2289 2271 είς
2316 2204 2573 2261 ὑπόνοιαν
2601 2220 2687 2266 τις
2714 2201 3004 2272 ἐξεφέρετο
3051 2197 3147 2252 τοῦ
3179 2196 3458 2266 ψεύδουςθ
3500 2195 3552 2246 εί
3584 2193 3638 2245 δὲ

2055 2302 2156 2372 τὴν
2186 2302 2246 2354 ἐν
2274 2303 2341 2370 τῇ
2387 2297 2650 2369 Γαλιλαίᾳ
2696 2296 3022 2364 ἐπιφάνειαν
3073 2289 3489 2359 προαγγεῖλας,
3548 2287 3639 2338 καὶ

2054 2393 2263 2464 ταύτην
2288 2391 2599 2464 ἐπλήρωσε,
2631 2386 2728 2440 καλ⁵
2770 2385 2870 2457 τὴν
2909 2386 2969 2438 ἐν
3010 2381 3417 2455 Ἰεροσολύμοις
3453 2378 3638 2448 ἐχαρί-

2059 2502 2210 2559 σατο,
2240 2481 2342 2537 ποῦ
2370 2482 2448 2552 τῷ
2476 2480 2666 2551 ψεύδει
2699 2479 2954 2551 πάροδος,
2980 2476 3083 2530 κᾶν
3114 2475 3247 2546 γοῦν
3273 2476 3333 2526 ἐν
3361 2473 3501 2543 ψιλῇ
3533 2489 3637 2524 τινι

2056 2577 2441 2632 καταλείποιτο
2468 2573 2780 2644 φαντασίας
2812 2571 3030 2625 Μᾶλλον
3057 2570 3113 2622 δέ
3133 2610 3148 2635 ,
3177 2567 3300 2631 πῶς
3328 2566 3435 2619 οὐκ
3470 2565 3635 2629 ἐστιν,

2055 2671 2131 2734 ὡς
2159 2670 2225 2725 ἄν
2248 2686 2333 2732 τις
2361 2667 2528 2728 εἴποι,
2550 2665 2712 2736 διπλή
2740 2680 2826 2728 τις
2854 2664 2953 2733 τῆς
2976 2660 3231 2732 ἀληθείας
3260 2658 3633 2728 ἐκπλήρωσις,

2057 2757 2133 2831 ὧν
2164 2777 2227 2814 τε
2259 2759 2547 2829 ὑπέσχετο,
2598 2756 2695 2824 καὶ
2739 2748 2816 2809 ὧν
2869 2751 3006 2825 μηδέ
3048 2750 3429 2820 ὑποσχόμενος
3463 2744 3637 2815 ἐχαρί-

2058 2867 2226 2915 σατο;
2255 2850 2397 2920 Ὅρα
2422 2847 2481 2902 δέ
2510 2848 2767 2906 κάκεῖνο·
2792 2845 2843 2898 εί
2870 2844 2968 2915 μὲν
3002 2840 3191 2903 ἁπλῶς
3219 2835 3315 2916 ἦν.
3334 2836 3636 2908 προαγγεξ-

2056 2943 2157 3007 λας
2185 2943 2244 2995 ἐν
2270 2943 2337 3011 τῇ
2370 2938 2634 3010 Γαλιλαία
2658 2939 2770 3000 τοῖς
2797 2935 3067 3007 μαθηταῖς
3097 2931 3499 3004 ὀραθήσεσθαι,
3532 2930 3561 2981 ὁ
3584 2928 3637 2980 δὲ

2058 3031 2297 3105 ἀλλαχοῦ
2327 3032 2592 3103 πρότερον
2621 3028 2834 3099 ὼράθη,
2880 3023 3339 3096 συγκεχωρείσθω
3379 3023 3479 3074 καὶ
3508 3018 3639 3089 μηδὲ

2060 3126 2244 3199 χώραν
2276 3124 2399 3194 ἔχον
2427 3123 2489 3176 τὸ
2519 3122 2734 3192 ψεῦδος.
2784 3120 2846 3172 El
2876 3117 2934 3171 δὲ
2973 3115 3314 3177 ἀπελθόντας
3364 3112 3474 3182 ἔφη
3516 3110 3639 3177 ὅψε-

2062 3218 2208 3281 σθαι,
2240 3220 2289 3272 οἱ
2322 3218 2379 3272 δὲ
2404 3215 2559 3268 οὑπω
2589 3210 2974 3283 παρεγένοντο,
3021 3208 3143 3261 οὑδέ
3188 3206 3299 3275 γάρ
3342 3202 3416 3275 ἦν
3462 3203 3641 3264 αὐτοῖς

2059 3308 2518 3382 ἐνεστηριγμένον
2558 3306 2620 3359 τὸ
2648 3305 2751 3374 τῆς
2796 3303 3149 3362 ἀναστάσεως
3177 3297 3392 3367 θαῦμα,
3426 3296 3517 3348 ἴνα
3554 3292 3641 3345 τὸν

2062 3404 2393 3469 ἀναστάντα,
2425 3401 2495 3455 τά
2535 3398 2881 3470 Ἱεροσολὺμα
2902 3395 3172 3459 λιπόντες,
3216 3393 3298 3453 εἰς
3339 3390 3445 3461 τὴν
3482 3387 3641 3442 Γαλι-

2062 3496 2222 3559 λαίαν
2255 3494 2384 3557 ὶδεῖν
2419 3491 2865 3564 προσδοκήσωσι·
2914 3486 3033 3550 πῶς
3071 3488 3176 3539 οὐκ
3203 3482 3474 3545 ἀσύνετος
3510 3480 3642 3548 σφό-

2067 3590 2170 3661 δρα
2197 3588 2299 3658 τῆς
2323 3586 2419 3641 ἐπὶ
2445 3585 2526 3657 τῷ
2564 3583 2749 3656 ψεύδει
2799 3579 3168 3649 συκοφαντίας
3196 3578 3230 3647 ἡ
3260 3574 3424 3640 δόξα;
3448 3571 3646 3661 -Χωρξις

386 3656 669 3746 Servator,
707 3695 816 3735 non
860 3656 1040 3735 tamen
1085 3656 1458 3752 principaliter
1488 3680 1565 3748 illi
1609 3656 1734 3735 eum
1780 3680 1959 3737 intue-

2075 3656 2122 3754 δέ
2151 3656 2264 3733 τῶν
2290 3656 2599 3748 εἰρημένων
2626 3672 2859 3743 συνορᾷν
2896 3668 3133 3739 μάλιστα
3173 3665 3362 3735 δεήσει
3386 3701 3403 3726 ,
3433 3659 3514 3723 ὡς
3549 3656 3646 3711 κᾶν

384 3772 605 3842 bantur.
643 3771 750 3838 Qui
789 3773 933 3828 enim
966 3782 1224 3842 possent,
1269 3773 1362 3843 qui
1405 3786 1466 3836 se
1492 3771 1745 3843 spiritum
1776 3771 1962 3837 videre

384 3866 686 3943 putabant?
713 3864 869 3932 Quod
900 3865 947 3921 si
974 3874 1153 3920 autem
1198 3874 1385 3935 postea
1415 3863 1729 3934 credebant,
1779 3873 1959 3933 tamen

386 3975 488 4031 nec
532 3959 665 4013 illud
721 3975 978 4028 magnum
1022 3958 1149 4015 fuit.
1213 3958 1353 4025 Quid
1400 3957 1547 4021 enim
1596 3965 1792 4028 praeter
1834 3954 1960 4021 hoc,

391 4069 412 4113 ι
451 4051 713 4121 Spiritum
745 4066 968 4107 carnem
1017 4058 1071 4107 et
1101 4065 1225 4106 ossa
1263 4064 1369 4105 non
1401 4048 1683 4115 habere",
1720 4065 1739 4099 ι
1793 4048 1961 4116 quod,

386 4144 480 4213 qui
506 4153 732 4215 mortem
765 4144 996 4209 obierat,
1029 4142 1373 4199 resurrexit?
1409 4142 1677 4208 Quocirca
1710 4140 1832 4207 illos
1881 4140 1965 4192 in-

388 4251 620 4305 crepans
650 4236 726 4291 ait
759 4253 773 4289 :
800 4254 820 4287 ‹
881 4236 1025 4302 Quid
1046 4236 1251 4290 turbati
1280 4234 1455 4290 estis?
1490 4234 1762 4300 Quorsum
1812 4232 1965 4301 cogi-

389 4329 625 4399 tationes
671 4328 973 4402 ascendunt
1001 4330 1056 4382 in
1096 4329 1262 4383 corda
1306 4326 1591 4381 vestra"?
1625 4344 1644 4378 ›
1693 4324 1809 4380 Hoc
1855 4339 1964 4379 non

388 4428 510 4483 erat
535 4436 726 4493 eorum
766 4421 861 4491 qui
894 4420 1092 4488 animis
1125 4419 1344 4474 fuerant
1373 4418 1703 4482 confirmati,
1739 4416 1829 4486 qui
1865 4417 1968 4470 im-

389 4513 685 4585 mobilibus
707 4513 922 4579 veritati
947 4512 1252 4581 rationibus
1275 4511 1643 4566 adhaerebant.
1668 4508 1725 4563 In
1748 4509 1965 4564 Galilma

389 4621 575 4677 revera
617 4606 872 4679 viderunt
897 4620 1045 4669 eum,
1087 4605 1284 4667 ibidem
1315 4603 1554 4661 revelato
1596 4603 1759 4657 modo
1792 4602 1967 4655 mani-

389 4695 733 4768 festabatur;
786 4695 934 4766 quod
988 4710 1150 4766 quem
1203 4694 1552 4759 intuebantur
1596 4694 1802 4755 oculis.
1855 4693 1968 4761 ipse

390 4798 554 4854 esset,
613 4805 632 4845 ι
692 4787 787 4859 qui
850 4789 1046 4859 mortis
1116 4787 1421 4847 dominium
1485 4784 1900 4857 spoliaverat";
1941 4803 1960 4835 ι

392 4878 529 4951 ipse,
558 4898 576 4941 ι
617 4878 712 4947 qui
751 4894 932 4936 rerum
967 4881 1211 4935 omnium
1246 4895 1369 4950 quae
1410 4880 1462 4933 in
1490 4877 1628 4943 caelo
1663 4884 1793 4931 sunt
1818 4890 1882 4929 ac
1912 4875 1966 4927 in

394 4978 542 5040 terra
575 4976 894 5037 potestatem
924 4979 1209 5039 acceperat
1237 4978 1291 5023 et
1317 4966 1703 5037 dominium",
1742 4984 1760 5016 ι
1792 4980 1968 5035 quan-
2001 5008 2044 5062 υ

395 5061 467 5115 do
513 5075 783 5129 summam
832 5071 887 5116 et
943 5063 1216 5120 excelsam
1266 5061 1601 5131 apostolatus
1646 5058 1965 5128 dignitatem

396 5164 559 5217 super
588 5148 775 5203 orbem
810 5151 1124 5222 universum
1154 5149 1405 5221 etllatam
1437 5147 1793 5223 accipiebant.
1817 5144 1965 5215 Qua-

357 5238 367 5269 ⁴
396 5252 457 5292 re
481 5238 757 5294 doctorem
798 5256 959 5303 suum
988 5239 1238 5308 discipuli
1264 5255 1451 5293 revera
1486 5241 1537 5291 in
1569 5238 1791 5299 Galilaea
1822 5236 1969 5289 vide-

396 5327 549 5401 bant,
596 5325 887 5384 Dominum
919 5340 971 5383 et
1002 5346 1125 5385 cum
1162 5338 1427 5399 potestate
1456 5328 1710 5401 omnibus
1745 5324 1969 5406 imposi-

2063 3751 2122 3825 ἐν
2154 3768 2549 3838 Ἰεροσολύμοις
2577 3765 2817 3835 ἐπέστη”,
2847 3761 2944 3815 καὶ
2974 3758 3133 3828 ὤφθη
3161 3757 3277 3817 τοῖς
3308 3751 3587 3823 μαθηταῖς
3621 3751 3647 3801 6

2061 3864 2290 3934 Σωτὴρ,
2338 3860 2453 3922 ἀλλ’
2497 3859 2591 3913 οὖν
2643 3858 2702 3911 οὐ
2757 3853 2965 3927 κυρίως
3000 3852 3201 3905 ἐκεῖνοι
3249 3844 3447 3899 τοῦτον
3490 3842 3647 3895 ἐθεά-

2064 3973 2227 4018 σαντο
2244 3972 2257 3987 ο
2296 3954 2413 4017 πῶς
2437 3952 2548 4022 γὰρ
2574 3951 2785 4020 ἐώρων,
2840 3947 2892 4001 οῖ
2917 3962 2981 4014 γε
3016 3940 3238 4010 πνεῦμα
3272 3937 3510 4006 θεωρεῖν
3539 3933 3646 3986 ἐδό-

2063 4066 2225 4116 κουν;
2256 4047 2321 4104 Εἰ
2350 4046 2407 4111 δὲ
2441 4044 2536 4099 καὶ
2592 4042 2818 4113 ὕστερον
2850 4037 3156 4100 ἐπίστευον,
3198 4031 3317 4086 ἀλλ’
3341 4029 3470 4083 οὐδὲ
3508 4025 3646 4081 οὕτω

2067 4142 2239 4210 μέγα·
2272 4138 2326 4193 τί
2361 4137 2492 4207 γάρ,
2524 4135 2665 4206 πλὴν
2719 4134 2801 4188 ὅτι
2834 4151 2853 4184 ι
2886 4128 3113 4199 Πνεῦμα
3152 4126 3332 4193 σάρκα
3354 4121 3454 4176 καὶ
3484 4117 3649 4173 ὀστέα

2062 4235 2161 4286 οὑκ
2180 4231 2344 4302 ﬁxam
2378 4230 2476 4285 καὶ
2505 4229 2588 4281 ὅτι
2619 4226 2781 4288 αὑτὸς
2803 4225 2832 4277 6
2861 4218 3192 4290 θανατωθεὶς
3217 4216 3314 4271 καὶ¹
3341 4212 3640 4281 ἀνέστηκες

2064 4324 2156 4376 Διὸ
2184 4322 2280 4382 καὶ
2306 4318 2579 4390 ἐπιτιμῶν
2619 4316 2804 4391 αὑτοῖς
2853 4313 3039 4380 ἔλεγεν
3093 4328 3111 4361 ι
3143 4307 3209 4360 Τί
3241 4302 3647 4373 τεταραγμένοι

2066 4418 2212 4482 ἐστὲ,
2245 4417 2342 4470 καὶ
2373 4413 2463 4469 διά
2488 4412 2542 4465 τί
2567 4408 2819 4479 λογισμοὶ
2845 4404 3229 4460 ἀναϐαίνουσιν
3261 4400 3321 4452 ἐν
3341 4398 3469 4458 ταῖς
3518 4410 3647 4462 καρ-

2064 4509 2206 4571 δίαις
2228 4506 2418 4577 ὑμῶν;
2450 4524 2469 4560 ι
2506 4504 2647 4573 ὅπερ
2675 4500 2777 4554 οὑκ
2808 4494 2876 4570 ἦν
2902 4491 3327 4565 ἐστερεωμένων
3360 4490 3489 4550 ταῖς
3511 4483 3647 4554 γνὼ-

2068 4616 2218 4670 μαις,
2263 4596 2373 4649 οὐδ’
2408 4594 2686 4662 ἀκινήτοις
2733 4587 3036 4661 χρωμένων
3078 4578 3647 4670 περὶῗτὴνγάληθειαν

2063 4667 2177 4750 τοῖς
2204 4684 2506 4754 λογισμοῖς.
2525 4679 2614 4745 Ἐν
2636 4682 2700 4750 τῇ
2734 4674 2998 4748 Γαλιλαία
3021 4674 3078 4727 δὲ
3107 4669 3326 4740 ἀληθῶς
3352 4667 3648 4721 ἐθεάσαντο

2065 4780 2160 4833 καὶ
2182 4772 2321 4830 εἶδον
2340 4792 2355 4807 ο
2380 4774 2557 4828 ἐκεῖσε
2575 4769 2684 4842 γὰρ
2708 4769 2891 4831 αὐτοῖς
2917 4760 3306 4831 ἀποκαλυφθέν
3334 4758 3644 4830 ἐτρανώθη,

2065 4872 2141 4933 ὡς
2161 4871 2221 4923 ὃν
2247 4868 2502 4939 βλέπουσι
2525 4863 2619 4919 καὶ
2641 4861 2863 4933 ὁρῶσιν,
2891 4857 3056 4921 αὑτὸς
3092 4856 3190 4925 μέν
3220 4856 3372 4907 ἐστιν
3410 4870 3427 4902 ι
3469 4852 3499 4902 6
3557 4847 3646 4900 τοῦ

2071 4960 2304 5015 θανάτου
2347 4954 2649 5025 σκυλεύσας
2679 4953 2741 5005 τὸ
2774 4950 2977 5021 κράτος
2998 4964 3011 4977 ο
3040 4946 3205 5011 αὐτὸς
3244 4943 3304 4997 δὲ
3356 4945 3387 4994 ὁ
3433 4940 3647 5001 πάντων

2073 5053 2297 5107 ἀπασαν
2326 5049 2434 5103 τῶν
2463 5047 2555 5100 ἐπὶ
2581 5047 2684 5114 γῆς
2717 5042 2812 5097 καὶ
2857 5038 3095 5110 οὑρανῷ,
3128 5037 3229 5106 τὴν
3261 5034 3519 5101 ἐξουσίαν
3560 5030 3649 5081 καὶ

2074 5143 2373 5214 κυριότητα
2415 5134 2839 5206 ἀναδεδεγμένος
2864 5142 2889 5168 ο
2911 5149 2927 5163 ο
2964 5150 2982 5189 ι
3016 5132 3107 5184 ὅτε
3138 5129 3233 5181 καὶ
3264 5127 3329 5178 τὸ
3372 5125 3525 5195 μέγα
3562 5120 3649 5173 καὶ

2075 5211 2405 5305 ὑψηλὸντῆς
2436 5230 2738 5296 ἀποστολῆς
2778 5223 3015 5294 ἀξίωμα,
3053 5221 3156 5289 τῆς
3187 5218 3296 5273 ἀνά
3336 5211 3648 5305 πᾶσαν-

2076 5296 2404 5393 οἰκουμένην
2431 5316 2834 5390 περιεϐάλοντο.
2854 5308 3178 5393 Τοιγαροῦν,
3207 5309 3266 5379 ἐν
3291 5307 3361 5381 τῇ
3394 5296 3647 5368 Γαλιλαίᾳ

468 5486 513 5518 ⁸⁸
537 5483 671 5541 Luc.
701 5486 961 5554 xxw,59.
1049 5488 1091 5517 ⁷⁷
1125 5486 1257 5557 ibid.
1286 5487 1375 5541 58.
1451 5486 1498 5519 ⁷⁸
1544 5484 1707 5549 llebr.
1766 5502 1828 5548 ιι,
1878 5484 1962 5538 Η.

2075 5488 2086 5519 ³
2117 5480 2307 5536 Matth.
2332 5493 2520 5542 xxvnt,
2556 5474 2747 5558 18-20.

1700 5637 1941 5713 'VARIE
1994 5635 2284 5695 LECTION
2293 5634 2394 5689 ES.

482 5791 513 5841 Ρ
538 5782 601 5849 ll.
643 5783 713 5850 Μ.
745 5784 997 5863 θεωρίας.
1078 5784 1193 5851 υίί.
1226 5783 1294 5837 Μ.
1327 5781 1790 5855 ἀναδεδειγμένος.
