3798 6210
157 266 251 329 653

1084 265 1181 324 AD
1218 263 1810 327 AMPHILOCHIUM
1842 268 2187 339 QUESTIO
2220 269 2337 345 CX,
2375 272 2524 332 CXI.

3287 276 3394 341 654

154 378 234 430 τὸν
266 375 617 438 διδάσκαλον,
649 374 724 438 ὡς
752 372 968 444 ἀληθῶς
991 413 1005 437 ,
1038 375 1085 426 οἱ
1121 373 1360 445 μαθηταὶ
1402 374 1714 429 ἐθεάσαντοο
1747 397 1783 452 Α

1835 387 1936 432 tum
1989 380 2184 435 divina:
2242 379 2478 451 Spiritus
2535 382 2713 437 sancti
2770 384 2953 453 gratim
3004 386 3392 459 elargitorem:

151 469 350 540 Κύριον
376 469 486 539 γὰρ
517 467 997 536 καὶ,ὲξουσιαστὴν
1032 465 1124 518 τοῦ
1148 467 1371 528 παντὸς,
1403 466 1502 537 τῆς
1527 483 1585 519 τε
1620 466 1720 536 χά-

151 578 292 630 ριτος
340 560 439 615 τοῦ
487 558 759 628 παναγίου
807 558 1124 629 Πνεύματος
1175 558 1432 628 χορηγὸν,
1484 558 1579 610 καὶ⁸
1614 558 1721 611 τῶν

149 654 317 708 ἀλλων
349 653 575 721 ἀγαθῶν
605 651 812 723 ταμίαν
843 651 966 704 τότε
1009 650 1208 721 μᾶλλον
1256 650 1290 720 ἢ
1339 652 1605 720 πρότερον
1639 649 1720 702 δι-

149 744 439 814 δαχθέντες
467 786 481 807 ,
534 743 895 813 κατενόησαν.
938 739 1272 811 Παναληθῶς
1322 741 1429 811 ἀρα
1476 742 1570 794 καὶ
1609 741 1723 794 θεο-

149 833 373 905 πρεπῶς
404 834 510 904 ἔφη
546 836 574 886 ὁ
594 831 852 903 Χριστὸς,
882 832 988 884 κᾶν
1016 832 1073 883 ὲν
1100 828 1494 899 Ἰεροσολύμοις
1527 830 1720 884 ἑαυτὸν

149 924 559 994 προῦπέδειξεν,
617 925 812 993 ὅτιπερ
859 924 908 976 οἱ
965 922 1207 993 μαθηταὶ
1269 922 1367 992 τὴν
1432 922 1719 975 Γαλιλαίαν

148 1016 572 1083 καταλαϐόντες,
596 1017 717 1069 ἐκεῖ
748 1016 908 1068 αὐτὸν
934 1015 1175 1085 ὄψονται.

685 1128 1015 1181 ΕΡΩἸῊΣΙΣ
1053 1130 1203 1183 PIA'.

1820 471 2049 526 aliorum
2080 489 2299 543 quoque
2332 474 2603 528 bonorum
2637 488 2889 545 promum
2930 478 3167 533 condum
3200 498 3214 533 :
3248 481 3396 551 quod

1820 564 2021 620 clarius
2053 580 2216 633 quam
2241 575 2399 621 antea
2427 568 2853 636 cognoscebant.
2881 568 3148 635 Quocirca
3174 573 3398 629 verissi-

1819 670 1906 709 me
1935 662 2016 721 tet
2041 656 2222 712 divine
2250 658 2389 713 dixit
2416 658 2689 724 Christus,
2716 670 2993 730 utcunque
3021 677 3078 717 se
3106 674 3401 733 praaosten-

1819 747 1981 801 debat
2008 736 2420 819 Hierosolymis,
2465 752 2612 821 quod
2641 751 2846 822 ipsum,
2877 768 3001 808 cum
3036 756 3315 811 venissent
3342 757 3400 810 in

1822 837 2095 895 Galilaeam
2103 852 2133 909 ,’
2150 842 2327 897 visuri
2355 852 2515 898 erunt

1939 1123 2265 1191 00.435110
2293 1124 2411 1182 CXI
2450 1124 2638 1199 [CoisL
2673 1137 2723 1181 et
2755 1127 2921 1182 Taur.
2957 1126 3264 1200 cxxxm].

289 1242 435 1290 Edita
479 1256 507 1300 a
534 1242 847 1302 Montacutio,
883 1258 964 1305 ep.
992 1241 1084 1291 214
1104 1279 1117 1302 ,
1141 1244 1207 1291 ad
1247 1243 1563 1307 Stephanum,
1600 1258 1649 1307 p.
1676 1242 1899 1294 διδ-517.
1945 1243 1998 1292 In
2025 1244 2148 1305 psal.
2176 1259 2374 1307 cxxxrv,
2407 1246 2486 1307 l5,
2511 1252 2564 1296 et
2584 1248 2705 1309 psal.
2731 1261 2843 1307 cxv,
2868 1249 2915 1305 ιι,
2937 1247 3077 1307 juxta
3095 1244 3238 1294 LXX.

223 1363 244 1396 ι
266 1345 351 1398 Τὰ
381 1344 579 1397 εἴδωλα
600 1345 706 1399 τῶν
729 1344 898 1398 ἐθνῶν
925 1344 1190 1415 ἀργύριον
1218 1347 1313 1397 καὶ
1336 1344 1559 1416 χρυσίον
1588 1343 1725 1414 ἔργα

145 1437 346 1508 χειρῶν
389 1436 713 1505 ἀνθρώπων.
752 1456 771 1489 ›
825 1436 892 1490 Τί
938 1437 995 1490 δὲ
1045 1436 1115 1490 τὰ
1183 1437 1433 1490 σπονδεῖα
1480 1436 1580 1505 τῆς
1617 1435 1723 1489 τῶν

147 1528 496 1600 Χριστιανῶν
529 1529 847 1598 θρησκείας,
879 1529 972 1581 καὶ
1001 1531 1049 1581 οἱ
1077 1531 1371 1599 κρατῆρες,
1400 1528 1491 1581 καὶ
1518 1528 1573 1580 αἱ
1602 1526 1722 1580 θυΐ-

149 1636 300 1683 σκαι,
344 1619 441 1671 καὶ
466 1620 515 1671 οἱ
542 1620 634 1671 τοῦ
668 1619 903 1687 σταυροῦ
933 1619 1094 1671 τύποι
1119 1620 1212 1672 καὶ
1248 1619 1417 1689 μυρία
1456 1618 1620 1685 ἄλλας
1648 1618 1722 1670 ὲῶ

148 1713 259 1783 γὰρ
292 1714 473 1765 εἰπεῖν
496 1712 595 1781 τῆς
632 1712 934 1782 Μωσαῖκῆς
968 1711 1158 1775 θυσίας
1187 1712 1255 1764 τὰ
1285 1711 1557 1782 σύμϐολαο
1599 1710 1723 1781 οὐχὶ
1753 1750 1797 1806 Β

148 1804 443 1874 ἀργύριον,
476 1805 572 1855 καὶ
597 1804 839 1873 χρυσίον,
870 1803 961 1855 καὶ
989 1803 1142 1867 ξύλα,
1173 1805 1265 1857 καὶ
1298 1804 1586 1874 χρώματα,
1628 1802 1724 1855 καὶ

148 1896 286 1966 ἔργα
313 1894 518 1965 χειρῶν
562 1894 897 1965 ἀνθρώπων;
942 1894 1033 1964 Μὴ
1061 1894 1273 1964 γένοιτο
1292 1910 1303 1923 ·
1334 1894 1394 1947 οὐ
1422 1894 1531 1965 γὰρ
1554 1893 1726 1964 ἀργύ-

150 1983 269 2052 ριόν
327 1984 487 2045 εἰσιν,
535 1982 651 2035 ἀλλ’
700 1982 757 2049 ἐξ
800 1982 1086 2053 ἀργύρου·
1137 1984 1253 2038 οὐδὲ
1304 1984 1548 2054 χρυσίον,
1589 1984 1728 2039 ἀλλά

148 2074 355 2144 χρυσοῦ
404 2074 787 2145 πεποιημένα⁹
822 2076 942 2127 οὐδὲ
973 2075 1127 2139 ξύλα,
1180 2076 1213 2146 ἦ
1259 2077 1529 2147 χρώματα
1555 2118 1570 2142 ,
1610 2077 1724 2132 ἀλλ’

149 2165 286 2235 ῦλην
324 2164 427 2235 μὲν
461 2165 573 2235 ἔχει
603 2164 795 2219 ταῦτα.
824 2167 1050 2236 Ἕτερον
1071 2167 1127 2219 δέ
1156 2167 1208 2220 τί
1235 2170 1382 2222 ἐστιν
1408 2170 1472 2223 ὲκ
1500 2169 1724 2236 τούτων,

150 2258 462 2329 θαυμάσιον
509 2253 620 2311 οἷον
667 2259 1180 2328 συντετελεσμένονο
1221 2261 1282 2314 ού
1317 2260 1420 2331 μὴν
1464 2262 1572 2315 οὐδ’
1611 2263 1726 2315 ἔστι

145 2349 354 2421 χειρῶν
380 2349 477 2403 ἀνθ
488 2349 684 2417 ρώπων
709 2349 1012 2413 παιζόντων
1038 2351 1166 2423 περὶ
1182 2352 1281 2423 τὴν
1298 2351 1453 2423 ῦλην,
1482 2354 1649 2424 χωρίς
1666 2371 1726 2407 τε

144 2442 337 2511 πάσης
376 2440 661 2511 ἐνεργείας
691 2441 842 2506 θείας
875 2443 936 2495 τὸ
978 2443 1367 2514 παρεμπίπτον
1395 2445 1575 2498 αὐτῶν
1605 2448 1728 2509 ταῖς

143 2532 415 2596 διανοίαις
459 2534 936 2588 ἀναπλαττόντων.
981 2537 1082 2587 Διά
1115 2535 1294 2600 τοῦτο,
1337 2536 1406 2590 τὰ
1444 2539 1542 2607 μὲν
1576 2537 1727 2590 οὐδὲν

144 2628 342 2697 ἔτερόν
373 2630 490 2681 ἐστι
517 2628 659 2700 πλὴν
687 2629 825 2699 αὐτὴ
861 2632 893 2700 ἠ
925 2629 1024 2701 ῦλη
1053 2630 1488 2703 περιυϐρισμένη
1514 2672 1529 2695 ,
1569 2632 1664 2686 καὶ
1700 2636 1729 2687 δ

145 2720 259 2773 τῶν
289 2722 650 2792 ἀνθρωπίνων
679 2725 881 2796 χειρῶν
912 2727 1316 2792 ἁνεπίσκεπτός
1364 2746 1424 2780 τε
1469 2730 1566 2783 καὶ
1598 2730 1717 2784 ἀλόο

146 2831 344 2883 γιστος
372 2814 563 2878 πόνος·
590 2817 657 2869 τὰ
687 2817 744 2871 δὲ
807 2818 1144 2888 μορφάζεται
1196 2820 1294 2891 μὲν
1342 2822 1437 2875 ἐπὶ
1488 2825 1556 2893 τῇ
1603 2822 1726 2893 ὕλῃ,

146 2908 250 2960 καὶ
293 2908 397 2977 τὴν
443 2912 601 2979 χεῖρα
632 2910 1014 2982 ὑπηρετοῦσαν
1063 2911 1174 2982 ἔχει
1200 2953 1215 2977 ,
1255 2914 1371 2967 ἀλλ’
1400 2915 1608 2969 ἀνωθεν
1639 2931 1729 2967 κι-

143 3001 425 3071 νουμένην
446 3017 460 3031 ·
508 3003 863 3075 ὑπηρετεῖται
890 3004 997 3076 γὰρ
1030 3007 1150 3068 ταῖς
1178 3005 1384 3059 ἄνωθεν
1418 3006 1729 3070 ἐπιπνοίαις

1909 1342 2084 1397 «ldola
2119 1344 2362 1413 gentium
2400 1351 2692 1415 argentum
2725 1350 2779 1397 et
2818 1358 3050 1405 aurum,
3083 1357 3245 1411 opera
3283 1357 3403 1394 ma-

1827 1451 1997 1489 nuum
2050 1435 2438 1490 humanarum.
2474 1455 2493 1487 ι
2524 1434 2668 1491 Vasa
2721 1434 2973 1489 libatoria
3034 1437 3087 1486 in
3140 1433 3402 1501 religione

1825 1529 2139 1584 Christiana
2159 1569 2174 1595 ,
2211 1539 2454 1584 crateres
2474 1569 2489 1594 ,
2533 1528 2837 1594 thuribula,
2877 1526 3059 1582 crucis
3088 1527 3314 1596 elligies,
3346 1536 3403 1579 et

1826 1634 2083 1677 sexcenta
2129 1622 2237 1676 alia
2273 1639 2288 1676 :
2331 1622 2688 1691 praetermitto
2723 1621 2869 1675 enim
2896 1618 3141 1691 symbols
3173 1617 3399 1673 Mosaici

1826 1713 2120 1780 sacriﬁcii;
2160 1729 2346 1769 nonne
2389 1725 2676 1785 argentum
2717 1720 2927 1768 suntet
2958 1727 3179 1773 aurum,
3226 1711 3397 1779 ligna,

1824 1794 2038 1861 colores
2061 1846 2076 1870 ,
2134 1821 2298 1876 opera
2333 1821 2590 1861 manuum
2628 1806 2990 1859 humanarum
3019 1804 3043 1858 ?
3075 1803 3190 1859 lmo
3233 1804 3397 1867 absit,

1824 1906 2107 1966 argentum
2150 1914 2255 1952 non
2285 1908 2433 1963 sunt,
2474 1900 2566 1953 sed
2594 1908 2870 1967 argentea,
2903 1912 3009 1952 non
3041 1912 3259 1963 aurum,
3294 1898 3391 1952 sed

1823 2000 1891 2039 ex
1963 2001 2098 2040 auro
2154 1985 2334 2050 facta,
2406 2002 2516 2039 non
2580 1985 2761 2057 ligna,
2826 2000 2936 2039 non
2994 1985 3244 2046 colores,
3305 1986 3402 2038 sed

1824 2078 2106 2133 materiem
2157 2077 2308 2131 illam
2358 2076 2582 2132 habent.
2657 2075 2819 2131 Aliud
2856 2087 2944 2132 est
2984 2091 3051 2131 ex
3080 2076 3221 2141 istis,
3254 2076 3405 2145 quod

1824 2170 2103 2240 perﬁcitur
2146 2185 2295 2240 opus
2328 2170 2528 2224 mirum
2576 2187 2590 2223 :
2640 2184 2751 2224 non
2804 2177 2932 2224 sunt
2978 2183 3241 2222 manuum
3296 2168 3401 2222 hu-

1826 2276 2112 2315 manarum
2162 2262 2217 2315 in
2277 2261 2519 2316 materia
2554 2260 2902 2324 ludentium,
2969 2260 3191 2314 etsine
3251 2258 3404 2313 omni

1826 2351 2144 2420 operatione
2197 2351 2383 2406 divina
2422 2350 2474 2404 id
2525 2350 2670 2420 quod
2720 2349 3109 2418 cogitationem
3175 2348 3405 2404 subierit

1827 2440 2233 2497 fabricantium.
2275 2441 2547 2508 Quocirca
2593 2441 2685 2496 illa
2715 2441 2865 2495 nihil
2882 2441 3029 2495 aliud
3055 2449 3204 2496 sunt.
3237 2455 3401 2510 quam

1826 2536 2050 2589 materia
2092 2534 2486 2589 contumeliose
2522 2541 2772 2600 tractata,
2814 2542 2869 2587 et
2902 2548 3161 2587 manuum
3217 2532 3404 2586 huma-

1828 2643 2019 2682 narum
2042 2627 2195 2682 labor
2217 2627 2337 2681 sine
2365 2627 2572 2681 ratione
2589 2635 2643 2679 et
2669 2624 3107 2680 consideratione
3132 2624 3239 2679 ulla
3260 2642 3275 2679 :
3298 2624 3402 2678 ista

1827 2731 2008 2776 autem
2040 2720 2323 2775 eﬂ‘ormata
2354 2719 2409 2773 in
2434 2718 2683 2783 materia,
2716 2725 2774 2772 et
2795 2731 2992 2770 manus
3021 2715 3225 2770 habent
3263 2715 3399 2768 sub-

1829 2813 2227 2875 ministrantes,
2265 2811 2361 2865 sed
2394 2819 2569 2864 motas
2609 2824 2639 2862 a
2674 2806 2817 2863 caelo
2852 2826 2866 2861 :
2900 2822 3026 2861 nam
3063 2806 3405 2861 subscrvitur

1829 2904 2140 2959 caelestibus
2159 2902 2632 2972 inspirationibus,
2655 2909 2709 2954 et
2731 2899 2926 2953 rationi
2952 2899 3224 2968 prudenti,
3242 2906 3297 2951 et
3311 2897 3402 2966 ju-

1828 2997 2028 3053 dicium
2044 2997 2262 3066 pietatis
2277 2992 2994 3065 promoventibus.Attende,
3011 2990 3395 3051 Icouomache,

146 3092 249 3145 καὶ
273 3091 556 3161 λογισμοῖς
595 3093 853 3164 ἔμφροσι,
885 3097 982 3151 καὶ⁵
1015 3097 1152 3167 πρὸς
1176 3098 1276 3168 τὴν
1310 3097 1510 3170 εὐσεϐῆ
1549 3099 1730 3170 κρίσιν
1757 3094 1783 3151 ί

1835 3106 1933 3146 nec
1976 3090 2218 3144 ediscere
2268 3099 2319 3142 te
2363 3086 2565 3157 pudeat
2603 3086 2690 3140 illa
2736 3101 2830 3155 per
2861 3100 2980 3155 qua:
3020 3083 3338 3138 liberaberis
3371 3098 3403 3135 a

144 3185 505 3256 ἀνηγμένοις.
548 3187 826 3259 Προσύχες
880 3198 931 3253 Ρ,
965 3190 1325 3261 Είκονομάχε,
1370 3192 1464 3243 καὶ
1510 3192 1585 3261 μὴ
1629 3193 1732 3244 ὲπ-

142 3277 453 3348 αισχυνθῇς
507 3278 724 3349 μαθεῖν,
774 3281 842 3333 δι’
893 3273 970 3336 ὧν
1016 3282 1281 3354 αἰσχύνης
1341 3283 1575 3353 φρικτῆς
1625 3285 1732 3337 ἀπ-

142 3371 394 3443 αλλάττῃ
412 3380 462 3435 (ι,
510 3373 604 3425 καὶ
665 3372 822 3442 δίκην
866 3373 1108 3440 ἄφυκτον
1153 3377 1345 3442 φυγεῖν
1389 3375 1727 3446 ἐξευρήσεις.

145 3461 367 3531 Ὥσπερ
412 3460 469 3514 δὲ
505 3463 573 3515 τὰ
612 3463 859 3535 ἡμέτερα
905 3465 1156 3519 σπονδεῖα
1207 3466 1300 3519 καὶ
1337 3466 1387 3519 oi
1433 3469 1728 3538 κρατῆρες,

142 3551 250 3605 καὶ
292 3553 349 3604 at
395 3552 637 3616 θυΐσκαι,
683 3555 778 3607 καὶ
810 3556 859 3608 οί
894 3554 989 3607 τοῦ
1020 3555 1259 3626 σταυροῦ
1307 3555 1490 3619 τύποι,
1537 3560 1632 3610 καὶ
1662 3558 1730 3611 τά

141 3643 537 3713 παραπλήσια,
569 3645 630 3697 ού
664 3646 883 3716 χρυσὸς,
932 3649 1034 3701 οὑκ
1080 3649 1342 3716 ἄργυρος,
1383 3648 1502 3701 οὐδὲ
1532 3647 1727 3715 ξύλων,

140 3734 181 3801 ἦ
209 3734 524 3802 χρωμάτων
558 3732 681 3805 ὕλη,
713 3734 823 3787 οὐδ’
857 3735 995 3806 ἔργα
1024 3736 1226 3807 χειρῶν
1259 3736 1601 3806 ἀνθρώπωνο
1634 3738 1730 3790 οῦ-

139 3841 259 3886 τως
290 3824 411 3877 οὐδὲ
442 3824 512 3877 τὰ
540 3824 661 3896 ίερὰ
690 3826 847 3897 ἡμῶν
893 3826 1003 3879 τῶν
1052 3826 1450 3896 είκονισμὰτων
1477 3827 1727 3881 ἐκτυπώ-

143 3933 325 3985 ματα,
354 3917 454 3970 ούκ
492 3916 639 3972 ἔστιν
666 3918 951 3989 ἀργύριον,
984 3919 1106 3972 οὐδὲ
1133 3918 1375 3989 χρυσίον,
1431 3920 1554 3973 οὐδὲ
1594 3920 1728 3991 χαλ-

140 4010 272 4071 κὸς,
297 4008 357 4061 οὐ
389 4008 491 4079 μὴν
513 4010 635 4063 οὐδὲ
659 4011 926 4081 χρώματα
951 4011 1061 4064 οὐδ’
1086 4010 1223 4081 ἔργα
1254 4011 1408 4082 (μήτι
1437 4012 1663 4081 γένηται
1684 4014 1726 4083 ί)

139 4099 357 4170 χειρῶν
392 4100 770 4171 ἀνθρωπίνων.
796 4103 906 4172 Τῆς
931 4102 1043 4173 γὰρ
1072 4102 1337 4156 ἀνέκαθεν
1360 4104 1727 4174 ἀποστολικῆς

138 4208 203 4243 τε
238 4190 340 4244 καὶ
384 4194 659 4262 πατρικῆς
706 4192 1058 4263 παραδόσεως
1084 4231 1099 4257 ,
1150 4193 1211 4246 τὸ
1242 4193 1385 4247 θεῖον
1430 4193 1526 4247 καὶ⁴
1576 4194 1729 4247 ἀδιά-

139 4299 368 4337 πτωτον
396 4284 680 4355 κήρυγμα,
713 4282 823 4338 οἷόν
857 4303 940 4348 τις
965 4284 1205 4355 ἔμπνους
1237 4287 1429 4355 σοφία,
1458 4286 1556 4357 τὴν
1596 4285 1729 4359 ὓλην

138 4375 639 4445 ἀπολαμϐάνουσα,
673 4379 767 4433 καὶ
810 4382 952 4434 κατά
992 4381 1120 4446 τοὺς
1170 4381 1333 4445 ίδίους
1389 4381 1485 4436 καὶ
1549 4383 1729 4452 ἱεροὺς

138 4471 391 4540 θεσμοὺς
421 4473 768 4544 ἐργαζομένη
795 4515 810 4539 ,
845 4474 1050 4545 ταύτην
1082 4474 1179 4528 καὶ
1210 4474 1613 4545 τεχνιτεύουσα,
1651 4476 1728 4527 είς

138 4563 363 4627 κονίζει
403 4582 465 4617 τε
505 4566 599 4619 καὶ
646 4569 968 4636 μορφοποιεί
1015 4567 1169 4621 οὐδὲν
1214 4566 1314 4636 τῆς
1356 4565 1548 4636 ὑλικῆς
1593 4566 1725 4619 ἀκο-

140 4653 358 4721 σμίας,
395 4655 429 4724 ἦ
476 4656 574 4724 τῆς
604 4655 951 4725 ἀνθρωπίνης
999 4655 1385 4725 περιεργείας,
1433 4655 1490 4707 ἐν
1540 4654 1725 4718 αὐτοῖς

137 4746 300 4799 ὲῶσα
357 4746 867 4816 παρρησιάζεσθαι·
914 4746 1037 4800 ὅλον
1088 4746 1145 4799 δὲ
1202 4746 1262 4799 τὸ
1313 4745 1473 4816 ἔργον
1522 4746 1724 4816 ἑαυτῆς

1831 3182 2040 3254 pudore
2073 3181 2336 3243 terribili,
2373 3192 2427 3235 et
2476 3180 2617 3233 unde
2647 3178 2908 3232 rationem
2942 3176 3105 3231 inibis
3134 3175 3403 3245 judicium

1831 3274 2141 3331 inevitabile
2168 3271 2478 3330 declinandi
2508 3289 2522 3325 :
2553 3270 2721 3325 veluti
2755 3286 2879 3324 cum
2913 3268 3163 3323 libatoria
3191 3277 3400 3331 nostra,

1830 3372 2053 3435 calices,
2085 3379 2140 3425 et
2173 3369 2473 3431 thuribula,
2504 3367 2683 3422 crucis
2717 3365 2924 3435 ﬁgurae,
2954 3379 3019 3418 ac
3043 3362 3267 3426 similia,
3294 3377 3406 3417 non

1830 3472 1960 3519 sunt
1999 3477 2229 3524 aurum,
2281 3476 2391 3516 non
2432 3467 2753 3530 argentum,
2799 3472 2905 3510 non
2948 3455 3258 3525 lignorum,
3293 3466 3413 3506 non

1830 3556 2075 3612 colorum
2108 3552 2400 3619 materies,
2440 3566 2621 3621 neque
2646 3564 2810 3619 opera
2846 3563 3104 3602 manuum
3138 3547 3409 3600 humana-

1831 3662 1952 3702 rum
1987 3662 2002 3699 :
2034 3645 2107 3700 ita
2143 3652 2370 3700 sacrate
2408 3642 2706 3712 imaginum
2754 3637 3258 3710 repraesentatioues
3288 3651 3404 3690 non

1833 3746 1963 3793 sunt
1985 3751 2207 3801 aurum,
2240 3743 2546 3805 argentum,
2583 3748 2680 3797 aes,
2703 3733 2938 3797 colores,
2969 3746 3077 3785 non
3105 3744 3278 3799 opera
3292 3744 3408 3783 ma-

1830 3846 2002 3885 nnum
2043 3828 2213 3901 (Deus
2239 3828 2468 3883 meliora
2493 3827 2531 3897 l)
2562 3827 2947 3880 humanarum.
2974 3822 3294 3877 Pratdicatio
3324 3820 3408 3875 di-

1829 3920 1954 3974 vina
2007 3927 2063 3974 et
2106 3918 2376 3972 invariata
2436 3915 2749 3970 traditionis
2794 3915 2862 3969 ab
2900 3913 3056 3967 initio
3099 3909 3407 3980 apostolicae

1829 4020 1883 4067 et
1909 4010 2151 4081 patritae,
2208 4016 2463 4077 tanquam
2505 4006 2683 4059 vivida
2712 4004 2957 4075 quaedam
3003 4000 3405 4073 sapientiajma-

1830 4102 2019 4159 teriem
2052 4099 2448 4170 apprehensam
2472 4096 2628 4167 juxta
2661 4096 2909 4166 proprias
2939 4103 2994 4148 et
3024 4092 3237 4148 divinas
3261 4090 3405 4160 leges

1831 4204 2071 4265 cperata,
2108 4201 2160 4248 et
2187 4192 2478 4246 artiliciose
2518 4199 2778 4252 tractans,
2819 4187 3049 4241 formam
3086 4194 3139 4240 et
3170 4186 3406 4255 ﬁguram

1831 4286 2083 4357 imaginis
2121 4286 2177 4340 in
2205 4299 2325 4338 eam
2353 4282 2586 4347 inducit,
2623 4281 2758 4335 nihil
2795 4279 2954 4349 plane
2994 4277 3076 4332 vel
3119 4275 3404 4331 deordina-

1834 4380 1999 4435 tionis
2034 4376 2354 4443 materialis,
2384 4377 2467 4430 vel
2496 4376 2750 4430 humanae
2785 4371 3119 4427 curiositatis
3154 4369 3228 4424 ibi
3276 4384 3402 4436 per-

1832 4474 2055 4530 mittens
2084 4471 2252 4525 libere
2278 4478 2494 4524 exstare
2520 4466 2657 4534 ;sed
2690 4480 2828 4535 opus
2867 4478 3028 4518 suum
3082 4462 3310 4515 omnino
3345 4468 3400 4513 et

1834 4566 1886 4621 in
1916 4564 2150 4622 solidum
2191 4569 2513 4623 ostentans,
2558 4573 2727 4629 puras
2759 4566 2813 4615 et
2870 4553 3239 4624 impermislas
3276 4567 3403 4621 pro-

1834 4665 2143 4728 totyporum
2173 4652 2700 4723 repraesentationes,
2732 4659 2788 4707 ut
2817 4648 2895 4702 rei
2926 4661 3101 4701 sacra:
3151 4644 3405 4701 convenit

1831 4758 1885 4803 et
1918 4754 2146 4802 sacrata:
2184 4743 2362 4807 famae,
2394 4741 2634 4797 exhibet.

136 4837 411 4891 δεικνῦσα
458 4840 554 4892 καὶ
587 4838 965 4908 ἀποφαίνουσα
1010 4836 1258 4906 καθαρὰς
1300 4839 1433 4907 ἡμῖν
1464 4838 1560 4891 καὶ
1605 4839 1935 4909 ἀκιϐδήλους
1962 4838 2152 4900 ἐντοῖς
2185 4836 2399 4897 σεπτοῖς
2450 4833 2793 4904 εἰκονίσμασι
2852 4832 2950 4893 τὰς
3013 4829 3121 4885 τῶν
3186 4843 3401 4899 πρωτο-

135 4929 342 4982 τύπων
375 4930 643 5000 ἐμφάσεις
679 4930 1020 5001 ἱεροπρεπῶς
1048 4947 1105 4982 τε
1133 4931 1225 4982 καὶ
1256 4928 1558 5000 ίεροτύπως
1578 4930 1898 5003 παρέχεται.

221 5021 419 5090 Ἔχεις
472 5016 589 5085 οῦν,
631 5022 707 5084 ὡς
761 5022 819 5074 ὲν
875 5020 1152 5091 βραχέσιν,
1199 5018 1374 5089 οἶμαι,
1424 5019 1491 5074 δι’
1547 5013 1621 5074 ὧν
1670 5036 1729 5071 τε

138 5114 353 5167 σαυτὸν
398 5111 499 5183 τὴν
557 5113 890 5183 προγονικὴν
940 5112 1226 5166 εὐσέϐειαν
1274 5110 1730 5182 καρποφοροῦντα

138 5203 362 5271 μᾶλλον
402 5204 713 5270 ἐπιδείξεις,
751 5205 845 5257 καὶ
876 5204 1003 5267 τοὺς
1037 5204 1413 5273 αίρετίζοντας
1442 5202 1731 5271 ἐπιστομί-

135 5312 285 5358 σεις.
331 5294 425 5364 Τῷ
458 5297 557 5365 μὲν
608 5297 718 5367 γὰρ
766 5298 865 5367 τῆς
903 5296 1036 5366 ὕλης
1082 5296 1224 5366 λόγῳ
1262 5297 1356 5349 καὶ
1387 5295 1468 5365 τῷ
1511 5296 1731 5347 ὑποκειο

134 5387 323 5459 μένῳ,
356 5388 548 5459 ῶσπερ
572 5389 821 5461 τράπεζα
843 5389 1001 5453 Θεοῦ,
1020 5391 1114 5459 καὶἔ
1137 5389 1385 5458 τράπεζα
1410 5387 1723 5457 δαιμονίων,

1897 5020 1974 5075 lta
2008 5019 2211 5083 habes,
2243 5018 2440 5086 Opinor
2461 5057 2476 5081 ,
2510 5015 2657 5070 unde
2684 5014 2898 5068 fructus
2926 5010 3146 5081 pictatis
3178 5018 3399 5065 tuorum

1825 5107 2233 5179 progenitorum
2278 5104 2561 5176 percipere
2600 5104 2847 5161 declares
2872 5144 2889 5168 ,
2932 5114 2985 5155 et
3020 5101 3400 5159 haereticorum

1826 5215 1923 5253 ora
1952 5199 2174 5255 obtures
2195 5239 2217 5263 ,,
2248 5194 2487 5255 breviter
2517 5209 2797 5263 expressa.
2840 5190 2975 5245 Nam
3010 5234 3025 5257 ,
3058 5192 3202 5261 quod
3231 5199 3405 5247 mate-

1826 5294 2015 5347 rialem
2044 5291 2315 5346 rationem
2359 5296 2589 5360 spectat,
2623 5301 2809 5341 mensa
2837 5285 2953 5346 Dei,
2979 5294 3031 5338 et
3073 5298 3260 5338 mensa
3293 5282 3403 5335 dae-

1829 5396 2077 5447 monum,
2115 5380 2445 5436 sacriﬁcium
2480 5377 2749 5440 divinum,
2782 5384 2838 5431 ct
2863 5374 3191 5430 diabolicum
3218 5368 3393 5424 sacri-
3484 5440 3491 5461 ι

1450 5556 1680 5613 γΑιὶιιΕ
1707 5553 2106 5612 LECTIONES.

171 5712 208 5757 P
240 5702 311 5757 Ο.
366 5701 436 5759 Μ.
489 5703 743 5772 πρόσχες.
821 5702 925 5755 ‘lC.
962 5699 1028 5753 Μ.
1068 5696 1368 5765 ἐπαλλάγη.
