  <div class='ocr_page' id='page_1' title='image "/cluster/home/n/w/nwhite01/storage/ocr_20150623/101 pt.1/mdp.39015061955830/349.png"; bbox 0 0 3846 6188; ppageno 0'>
   <div class='ocr_carea' id='block_1_1' title="bbox 425 2338 2018 2412">
    <p class='ocr_par' dir='ltr' id='par_1_1' title="bbox 425 2338 2018 2412">
     <span class='ocr_line' id='line_1_1' title="bbox 425 2338 2018 2412; baseline 0.004 -22"><span class='ocrx_word' id='word_1_1' title='bbox 425 2343 430 2350; x_wconf 88' lang='grc'><em>”</em></span> <span class='ocrx_word' id='word_1_2' title='bbox 454 2338 742 2406; x_wconf 87' lang='lat' dir='ltr'><strong>dicuntur;</strong></span> <span class='ocrx_word' id='word_1_3' title='bbox 776 2339 904 2395; x_wconf 88' lang='lat' dir='ltr'><strong>licet</strong></span> <span class='ocrx_word' id='word_1_4' title='bbox 934 2340 1100 2412; x_wconf 82' lang='lat' dir='ltr'><strong>pedes</strong></span> <span class='ocrx_word' id='word_1_5' title='bbox 1120 2349 1174 2395; x_wconf 88' lang='lat' dir='ltr'><strong>et</strong></span> <span class='ocrx_word' id='word_1_6' title='bbox 1194 2355 1412 2402; x_wconf 87' lang='lat' dir='ltr'><strong>manus,</strong></span> <span class='ocrx_word' id='word_1_7' title='bbox 1447 2355 1552 2395; x_wconf 89' lang='lat' dir='ltr'><strong>non</strong></span> <span class='ocrx_word' id='word_1_8' title='bbox 1576 2341 1780 2396; x_wconf 86' lang='lat' dir='ltr'><strong>moveri</strong></span> <span class='ocrx_word' id='word_1_9' title='bbox 1799 2349 2018 2396; x_wconf 83' lang='lat' dir='ltr'><strong>tamen:</strong></span> 
     </span>
    </p>
   </div>
   <div class='ocr_carea' id='block_1_2' title="bbox 401 5165 416 5208">
    <p class='ocr_par' dir='ltr' id='par_1_2' title="bbox 401 5165 416 5208">
     <span class='ocr_line' id='line_1_2' title="bbox 401 5165 416 5208; baseline 0 0"><span class='ocrx_word' id='word_1_10' title='bbox 401 5165 416 5208; x_wconf 71' lang='grc'>6</span> 
     </span>
    </p>
   </div>
   <div class='ocr_carea' id='block_1_3' title="bbox 471 206 2023 276">
    <p class='ocr_par' dir='ltr' id='par_1_3' title="bbox 471 208 2020 274">
     <span class='ocr_line' id='line_1_3' title="bbox 471 208 2020 274; baseline -0.002 -3"><span class='ocrx_word' id='word_1_11' title='bbox 471 208 580 272; x_wconf 75' lang='grc'><strong>655</strong></span> <span class='ocrx_word' id='word_1_12' title='bbox 1625 213 1885 274; x_wconf 84' lang='grc' dir='ltr'><strong>ΡΗΟΤΙΙ</strong></span> <span class='ocrx_word' id='word_1_13' title='bbox 1928 211 2020 269; x_wconf 80' lang='grc' dir='ltr'><strong>ΡΑ</strong></span> 
     </span>
    </p>
   </div>
   <div class='ocr_carea' id='block_1_4' title="bbox 2126 206 3656 276">
    <p class='ocr_par' dir='ltr' id='par_1_4' title="bbox 2133 206 3656 276">
     <span class='ocr_line' id='line_1_4' title="bbox 2133 206 3656 276; baseline -0.004 -10"><span class='ocrx_word' id='word_1_14' title='bbox 2133 207 2432 266; x_wconf 54' lang='lat' dir='ltr'><strong>[meum</strong></span> <span class='ocrx_word' id='word_1_15' title='bbox 2464 206 2570 264; x_wconf 91' lang='lat' dir='ltr'><strong>CP.</strong></span> <span class='ocrx_word' id='word_1_16' title='bbox 3573 213 3656 276; x_wconf 71' lang='lat'><strong>556</strong></span> 
     </span>
    </p>
   </div>
   <div class='ocr_carea' id='block_1_5' title="bbox 474 312 2023 392">
    <p class='ocr_par' dir='ltr' id='par_1_5' title="bbox 474 319 2023 392">
     <span class='ocr_line' id='line_1_5' title="bbox 474 319 2023 392; baseline 0 -18"><span class='ocrx_word' id='word_1_17' title='bbox 474 319 684 385; x_wconf 76' lang='lat' dir='ltr'><strong>licium,</strong></span> <span class='ocrx_word' id='word_1_18' title='bbox 715 335 1056 390; x_wconf 79' lang='lat' dir='ltr'><strong>paganorum</strong></span> <span class='ocrx_word' id='word_1_19' title='bbox 1091 322 1244 390; x_wconf 84' lang='lat' dir='ltr'><strong>orgia</strong></span> <span class='ocrx_word' id='word_1_20' title='bbox 1267 361 1284 388; x_wconf 93' lang='lat'><strong>,</strong></span> <span class='ocrx_word' id='word_1_21' title='bbox 1323 331 1375 375; x_wconf 91' lang='lat' dir='ltr'><strong>et</strong></span> <span class='ocrx_word' id='word_1_22' title='bbox 1403 323 1757 392; x_wconf 76' lang='lat' dir='ltr'><strong>mystagogia:</strong></span> <span class='ocrx_word' id='word_1_23' title='bbox 1779 321 2023 376; x_wconf 89' lang='lat' dir='ltr'><strong>Christia</strong></span> 
     </span>
    </p>
   </div>
   <div class='ocr_carea' id='block_1_6' title="bbox 2126 312 3656 392">
    <p class='ocr_par' dir='ltr' id='par_1_6' title="bbox 2143 312 3656 389">
     <span class='ocr_line' id='line_1_6' title="bbox 2143 312 3656 389; baseline 0 -21"><span class='ocrx_word' id='word_1_24' title='bbox 2143 314 2304 368; x_wconf 84' lang='grc' dir='ltr'>θυσία</span> <span class='ocrx_word' id='word_1_25' title='bbox 2355 331 2413 366; x_wconf 90' lang='grc' dir='ltr'><strong>τε</strong></span> <span class='ocrx_word' id='word_1_26' title='bbox 2464 313 2604 378; x_wconf 88' lang='grc' dir='ltr'>θεία,</span> <span class='ocrx_word' id='word_1_27' title='bbox 2667 313 2762 366; x_wconf 77' lang='grc' dir='ltr'><strong>καὶ</strong></span> <span class='ocrx_word' id='word_1_28' title='bbox 2811 313 2969 367; x_wconf 80' lang='grc' dir='ltr'>θυσία</span> <span class='ocrx_word' id='word_1_29' title='bbox 3033 312 3386 383; x_wconf 81' lang='grc' dir='ltr'>δαιμονώδης,</span> <span class='ocrx_word' id='word_1_30' title='bbox 3427 316 3570 389; x_wconf 66' lang='grc' dir='ltr'>ὄργιά</span> <span class='ocrx_word' id='word_1_31' title='bbox 3607 340 3656 376; x_wconf 77' lang='grc' dir='ltr'>τε</span> 
     </span>
    </p>
   </div>
   <div class='ocr_carea' id='block_1_7' title="bbox 467 405 2023 480">
    <p class='ocr_par' dir='ltr' id='par_1_7' title="bbox 467 409 2023 480">
     <span class='ocr_line' id='line_1_7' title="bbox 467 409 2023 480; baseline 0.001 -17"><span class='ocrx_word' id='word_1_32' title='bbox 467 421 688 473; x_wconf 89' lang='lat' dir='ltr'><strong>norum,</strong></span> <span class='ocrx_word' id='word_1_33' title='bbox 724 418 778 474; x_wconf 84' lang='lat' dir='ltr'><strong>et</strong></span> <span class='ocrx_word' id='word_1_34' title='bbox 806 411 971 464; x_wconf 83' lang='lat' dir='ltr'><strong>multa</strong></span> <span class='ocrx_word' id='word_1_35' title='bbox 999 410 1124 474; x_wconf 90' lang='lat' dir='ltr'><strong>alia,</strong></span> <span class='ocrx_word' id='word_1_36' title='bbox 1159 425 1282 480; x_wconf 70' lang='lat' dir='ltr'><strong>quae</strong></span> <span class='ocrx_word' id='word_1_37' title='bbox 1309 425 1401 478; x_wconf 87' lang='lat' dir='ltr'><strong>per</strong></span> <span class='ocrx_word' id='word_1_38' title='bbox 1429 425 1675 465; x_wconf 88' lang='lat' dir='ltr'><strong>summos</strong></span> <span class='ocrx_word' id='word_1_39' title='bbox 1696 410 1898 478; x_wconf 87' lang='lat' dir='ltr'><strong>gradus</strong></span> <span class='ocrx_word' id='word_1_40' title='bbox 1927 409 2023 464; x_wconf 86' lang='lat' dir='ltr'><strong>dis-</strong></span> 
     </span>
    </p>
   </div>
   <div class='ocr_carea' id='block_1_8' title="bbox 2126 405 3654 480">
    <p class='ocr_par' dir='ltr' id='par_1_8' title="bbox 2141 405 3654 478">
     <span class='ocr_line' id='line_1_8' title="bbox 2141 405 3654 478; baseline 0.004 -18"><span class='ocrx_word' id='word_1_41' title='bbox 2141 407 2331 470; x_wconf 80' lang='grc' dir='ltr'>ἐθνῶν,</span> <span class='ocrx_word' id='word_1_42' title='bbox 2365 407 2458 460; x_wconf 77' lang='grc' dir='ltr'>καὶ</span> <span class='ocrx_word' id='word_1_43' title='bbox 2487 405 2832 478; x_wconf 70' lang='grc' dir='ltr'><strong>Χριστιανῶν</strong></span> <span class='ocrx_word' id='word_1_44' title='bbox 2865 405 3243 475; x_wconf 87' lang='grc' dir='ltr'>μυσταγωγίαι</span> <span class='ocrx_word' id='word_1_45' title='bbox 3277 447 3292 468; x_wconf 93' lang='grc'><strong>,</strong></span> <span class='ocrx_word' id='word_1_46' title='bbox 3321 408 3410 459; x_wconf 75' lang='grc' dir='ltr'>καὶ</span> <span class='ocrx_word' id='word_1_47' title='bbox 3436 410 3582 464; x_wconf 79' lang='grc' dir='ltr'>πολλὰ</span> <span class='ocrx_word' id='word_1_48' title='bbox 3610 415 3654 468; x_wconf 81' lang='grc' dir='ltr'>δὲ</span> 
     </span>
    </p>
   </div>
   <div class='ocr_carea' id='block_1_9' title="bbox 467 497 2023 572">
    <p class='ocr_par' dir='ltr' id='par_1_9' title="bbox 467 500 1990 572">
     <span class='ocr_line' id='line_1_9' title="bbox 467 500 1990 572; baseline 0 -17"><span class='ocrx_word' id='word_1_49' title='bbox 467 509 769 569; x_wconf 85' lang='lat' dir='ltr'><strong>parantur,</strong></span> <span class='ocrx_word' id='word_1_50' title='bbox 809 516 919 555; x_wconf 91' lang='lat' dir='ltr'><strong>non</strong></span> <span class='ocrx_word' id='word_1_51' title='bbox 957 517 1153 572; x_wconf 84' lang='lat' dir='ltr'><strong>magna</strong></span> <span class='ocrx_word' id='word_1_52' title='bbox 1191 511 1374 558; x_wconf 88' lang='lat' dir='ltr'><strong>tamen</strong></span> <span class='ocrx_word' id='word_1_53' title='bbox 1414 509 1664 557; x_wconf 85' lang='lat' dir='ltr'><strong>constant</strong></span> <span class='ocrx_word' id='word_1_54' title='bbox 1689 500 1990 556; x_wconf 83' lang='lat' dir='ltr'><strong>diﬂ&#39;ereutia</strong></span> 
     </span>
    </p>
   </div>
   <div class='ocr_carea' id='block_1_10' title="bbox 2126 497 3652 572">
    <p class='ocr_par' dir='ltr' id='par_1_10' title="bbox 2140 497 3652 572">
     <span class='ocr_line' id='line_1_10' title="bbox 2140 497 3652 572; baseline 0.002 -19"><span class='ocrx_word' id='word_1_55' title='bbox 2140 499 2278 553; x_wconf 83' lang='grc' dir='ltr'>ἄλλα</span> <span class='ocrx_word' id='word_1_56' title='bbox 2304 498 2416 552; x_wconf 90' lang='grc' dir='ltr'><strong>τῶν</strong></span> <span class='ocrx_word' id='word_1_57' title='bbox 2446 499 2526 561; x_wconf 87' lang='grc' dir='ltr'><strong>εἰς</strong></span> <span class='ocrx_word' id='word_1_58' title='bbox 2553 499 2614 551; x_wconf 83' lang='grc' dir='ltr'>τὸ</span> <span class='ocrx_word' id='word_1_59' title='bbox 2641 498 2943 568; x_wconf 73' lang='grc' dir='ltr'><strong>ἀκρότατον</strong></span> <span class='ocrx_word' id='word_1_60' title='bbox 2971 497 3378 567; x_wconf 80' lang='grc' dir='ltr'>ἀντικειμένων,</span> <span class='ocrx_word' id='word_1_61' title='bbox 3413 503 3528 572; x_wconf 87' lang='grc' dir='ltr'>παρ’</span> <span class='ocrx_word' id='word_1_62' title='bbox 3563 504 3652 557; x_wconf 67' lang='lat' dir='ltr'><strong>6M-</strong></span> 
     </span>
    </p>
   </div>
   <div class='ocr_carea' id='block_1_11' title="bbox 467 587 2023 666">
    <p class='ocr_par' dir='ltr' id='par_1_11' title="bbox 467 589 2023 662">
     <span class='ocr_line' id='line_1_11' title="bbox 467 589 2023 662; baseline -0.003 -16"><span class='ocrx_word' id='word_1_63' title='bbox 467 607 571 646; x_wconf 91' lang='lat' dir='ltr'><strong>usu</strong></span> <span class='ocrx_word' id='word_1_64' title='bbox 600 606 664 646; x_wconf 92' lang='lat' dir='ltr'><strong>ac</strong></span> <span class='ocrx_word' id='word_1_65' title='bbox 693 591 883 652; x_wconf 86' lang='lat' dir='ltr'><strong>titulo,</strong></span> <span class='ocrx_word' id='word_1_66' title='bbox 915 593 1329 646; x_wconf 85' lang='lat' dir='ltr'><strong>consecratione</strong></span> <span class='ocrx_word' id='word_1_67' title='bbox 1349 634 1364 658; x_wconf 91' lang='lat'><strong>,</strong></span> <span class='ocrx_word' id='word_1_68' title='bbox 1397 607 1461 647; x_wconf 90' lang='lat' dir='ltr'><strong>ac</strong></span> <span class='ocrx_word' id='word_1_69' title='bbox 1486 591 1714 662; x_wconf 86' lang='lat' dir='ltr'><strong>mystica</strong></span> <span class='ocrx_word' id='word_1_70' title='bbox 1740 589 2023 660; x_wconf 90' lang='lat' dir='ltr'><strong>participa-</strong></span> 
     </span>
    </p>
   </div>
   <div class='ocr_carea' id='block_1_12' title="bbox 2126 587 3653 666">
    <p class='ocr_par' dir='ltr' id='par_1_12' title="bbox 2139 587 3653 666">
     <span class='ocr_line' id='line_1_12' title="bbox 2139 587 3653 666; baseline 0.002 -22"><span class='ocrx_word' id='word_1_71' title='bbox 2139 607 2238 658; x_wconf 87' lang='grc' dir='ltr'>γον</span> <span class='ocrx_word' id='word_1_72' title='bbox 2282 591 2468 660; x_wconf 80' lang='grc' dir='ltr'>ἔχουσι</span> <span class='ocrx_word' id='word_1_73' title='bbox 2513 590 2575 643; x_wconf 84' lang='grc' dir='ltr'>τὸ</span> <span class='ocrx_word' id='word_1_74' title='bbox 2624 587 3115 660; x_wconf 65' lang='grc' dir='ltr'>παρηλλαγμένον</span> <span class='ocrx_word' id='word_1_75' title='bbox 3150 591 3340 660; x_wconf 85' lang='grc' dir='ltr'>χρήσει</span> <span class='ocrx_word' id='word_1_76' title='bbox 3367 591 3423 644; x_wconf 85' lang='grc' dir='ltr'>δὲ</span> <span class='ocrx_word' id='word_1_77' title='bbox 3449 595 3530 646; x_wconf 80' lang='grc' dir='ltr'>καὶ</span> <span class='ocrx_word' id='word_1_78' title='bbox 3553 597 3653 666; x_wconf 65' lang='lat' dir='ltr'><strong>xii;-</strong></span> 
     </span>
    </p>
   </div>
   <div class='ocr_carea' id='block_1_13' title="bbox 467 682 2023 760">
    <p class='ocr_par' dir='ltr' id='par_1_13' title="bbox 467 682 2023 753">
     <span class='ocr_line' id='line_1_13' title="bbox 467 682 2023 753; baseline -0.003 -15"><span class='ocrx_word' id='word_1_79' title='bbox 467 686 616 739; x_wconf 92' lang='lat' dir='ltr'><strong>tione</strong></span> <span class='ocrx_word' id='word_1_80' title='bbox 641 725 654 748; x_wconf 94' lang='lat'><strong>,</strong></span> <span class='ocrx_word' id='word_1_81' title='bbox 682 694 738 738; x_wconf 85' lang='lat' dir='ltr'><strong>et</strong></span> <span class='ocrx_word' id='word_1_82' title='bbox 768 684 821 738; x_wconf 92' lang='lat' dir='ltr'><strong>in</strong></span> <span class='ocrx_word' id='word_1_83' title='bbox 863 684 1051 738; x_wconf 90' lang='lat' dir='ltr'><strong>multis</strong></span> <span class='ocrx_word' id='word_1_84' title='bbox 1101 685 1224 739; x_wconf 89' lang='lat' dir='ltr'><strong>aliis</strong></span> <span class='ocrx_word' id='word_1_85' title='bbox 1247 727 1263 750; x_wconf 92' lang='lat'><strong>,</strong></span> <span class='ocrx_word' id='word_1_86' title='bbox 1319 682 1696 753; x_wconf 89' lang='lat' dir='ltr'><strong>inexplicabile</strong></span> <span class='ocrx_word' id='word_1_87' title='bbox 1739 682 2023 736; x_wconf 78' lang='lat' dir='ltr'><strong>discrimer</strong></span> 
     </span>
    </p>
   </div>
   <div class='ocr_carea' id='block_1_14' title="bbox 2126 682 3655 760">
    <p class='ocr_par' dir='ltr' id='par_1_14' title="bbox 2142 683 3655 760">
     <span class='ocr_line' id='line_1_14' title="bbox 2142 683 3655 760; baseline 0.002 -20"><span class='ocrx_word' id='word_1_88' title='bbox 2142 704 2244 754; x_wconf 87' lang='grc' dir='ltr'>σει,</span> <span class='ocrx_word' id='word_1_89' title='bbox 2285 685 2628 756; x_wconf 81' lang='grc' dir='ltr'>ἐπιθειασμῷ</span> <span class='ocrx_word' id='word_1_90' title='bbox 2660 702 2721 739; x_wconf 82' lang='grc' dir='ltr'><strong>τε</strong></span> <span class='ocrx_word' id='word_1_91' title='bbox 2765 686 2858 738; x_wconf 73' lang='grc' dir='ltr'>καὶ</span> <span class='ocrx_word' id='word_1_92' title='bbox 2897 683 3314 758; x_wconf 74' lang='grc' dir='ltr'>τελεσιουργία,</span> <span class='ocrx_word' id='word_1_93' title='bbox 3348 688 3436 740; x_wconf 76' lang='grc' dir='ltr'>καὶ</span> <span class='ocrx_word' id='word_1_94' title='bbox 3477 690 3655 760; x_wconf 83' lang='grc' dir='ltr'>μυρίοις</span> 
     </span>
    </p>
   </div>
   <div class='ocr_carea' id='block_1_15' title="bbox 465 771 2023 847">
    <p class='ocr_par' dir='ltr' id='par_1_15' title="bbox 465 771 2023 845">
     <span class='ocr_line' id='line_1_15' title="bbox 465 771 2023 845; baseline -0.002 -14"><span class='ocrx_word' id='word_1_95' title='bbox 465 776 733 831; x_wconf 76' lang='lat' dir='ltr'><strong>obtinent.</strong></span> <span class='ocrx_word' id='word_1_96' title='bbox 768 775 851 830; x_wconf 83' lang='lat' dir='ltr'><strong>Ad</strong></span> <span class='ocrx_word' id='word_1_97' title='bbox 890 775 1034 830; x_wconf 90' lang='lat' dir='ltr'><strong>hunc</strong></span> <span class='ocrx_word' id='word_1_98' title='bbox 1065 776 1284 832; x_wconf 91' lang='lat' dir='ltr'><strong>modum</strong></span> <span class='ocrx_word' id='word_1_99' title='bbox 1320 775 1461 830; x_wconf 88' lang='lat' dir='ltr'><strong>idola</strong></span> <span class='ocrx_word' id='word_1_100' title='bbox 1501 775 1764 845; x_wconf 84' lang='lat' dir='ltr'><strong>gentium,</strong></span> <span class='ocrx_word' id='word_1_101' title='bbox 1793 786 1846 828; x_wconf 86' lang='lat' dir='ltr'><strong>et</strong></span> <span class='ocrx_word' id='word_1_102' title='bbox 1871 771 2023 828; x_wconf 70' lang='lat' dir='ltr'><strong>Chri«</strong></span> 
     </span>
    </p>
   </div>
   <div class='ocr_carea' id='block_1_16' title="bbox 2126 771 3656 847">
    <p class='ocr_par' dir='ltr' id='par_1_16' title="bbox 2138 774 3656 847">
     <span class='ocr_line' id='line_1_16' title="bbox 2138 774 3656 847; baseline 0.002 -15"><span class='ocrx_word' id='word_1_103' title='bbox 2138 777 2318 842; x_wconf 80' lang='grc' dir='ltr'>ἄλλοις</span> <span class='ocrx_word' id='word_1_104' title='bbox 2346 777 2556 847; x_wconf 83' lang='grc' dir='ltr'>ἄφατον</span> <span class='ocrx_word' id='word_1_105' title='bbox 2577 774 2761 830; x_wconf 79' lang='grc' dir='ltr'>αὐτῶν</span> <span class='ocrx_word' id='word_1_106' title='bbox 2788 776 3029 846; x_wconf 81' lang='grc' dir='ltr'><strong>ὑπάρχει</strong></span> <span class='ocrx_word' id='word_1_107' title='bbox 3059 775 3118 828; x_wconf 78' lang='grc' dir='ltr'><strong>τὺ</strong></span> <span class='ocrx_word' id='word_1_108' title='bbox 3141 776 3500 846; x_wconf 84' lang='grc' dir='ltr'>διωρισμένον.</span> <span class='ocrx_word' id='word_1_109' title='bbox 3533 780 3656 835; x_wconf 58' lang='lat' dir='ltr'><strong>(lim</strong></span> 
     </span>
    </p>
   </div>
   <div class='ocr_carea' id='block_1_17' title="bbox 465 866 2023 939">
    <p class='ocr_par' dir='ltr' id='par_1_17' title="bbox 465 866 2023 938">
     <span class='ocr_line' id='line_1_17' title="bbox 465 866 2023 938; baseline -0.003 -16"><span class='ocrx_word' id='word_1_110' title='bbox 465 868 774 922; x_wconf 88' lang='lat' dir='ltr'><strong>stianorum</strong></span> <span class='ocrx_word' id='word_1_111' title='bbox 823 868 1124 938; x_wconf 81' lang='lat' dir='ltr'><strong>imagines,</strong></span> <span class='ocrx_word' id='word_1_112' title='bbox 1177 868 1433 934; x_wconf 84' lang='lat' dir='ltr'><strong>templum</strong></span> <span class='ocrx_word' id='word_1_113' title='bbox 1479 867 1612 930; x_wconf 90' lang='lat' dir='ltr'><strong>Dei,</strong></span> <span class='ocrx_word' id='word_1_114' title='bbox 1659 874 1716 921; x_wconf 92' lang='lat' dir='ltr'><strong>et</strong></span> <span class='ocrx_word' id='word_1_115' title='bbox 1759 866 2023 920; x_wconf 84' lang='lat' dir='ltr'><strong>idolorum</strong></span> 
     </span>
    </p>
   </div>
   <div class='ocr_carea' id='block_1_18' title="bbox 2126 866 3654 939">
    <p class='ocr_par' dir='ltr' id='par_1_18' title="bbox 2135 867 3654 939">
     <span class='ocr_line' id='line_1_18' title="bbox 2135 867 3654 939; baseline 0.001 -17"><span class='ocrx_word' id='word_1_116' title='bbox 2135 867 2222 938; x_wconf 77' lang='grc' dir='ltr'>δὴ,</span> <span class='ocrx_word' id='word_1_117' title='bbox 2250 867 2394 922; x_wconf 82' lang='grc' dir='ltr'>οὔτω</span> <span class='ocrx_word' id='word_1_118' title='bbox 2423 868 2517 922; x_wconf 69' lang='grc' dir='ltr'>καὶ</span> <span class='ocrx_word' id='word_1_119' title='bbox 2544 867 2737 921; x_wconf 78' lang='grc' dir='ltr'>εἴδωλα</span> <span class='ocrx_word' id='word_1_120' title='bbox 2767 867 2961 927; x_wconf 74' lang='grc' dir='ltr'>ἐθνῶν,</span> <span class='ocrx_word' id='word_1_121' title='bbox 2995 867 3089 920; x_wconf 69' lang='grc' dir='ltr'><strong>καί⁹</strong></span> <span class='ocrx_word' id='word_1_122' title='bbox 3117 867 3448 939; x_wconf 81' lang='grc' dir='ltr'>Χριστιανῶν</span> <span class='ocrx_word' id='word_1_123' title='bbox 3469 871 3654 936; x_wconf 79' lang='grc' dir='ltr'><strong>εἰκόνες,</strong></span> 
     </span>
    </p>
   </div>
   <div class='ocr_carea' id='block_1_19' title="bbox 463 958 2023 1031">
    <p class='ocr_par' dir='ltr' id='par_1_19' title="bbox 463 958 2023 1031">
     <span class='ocr_line' id='line_1_19' title="bbox 463 958 2023 1031; baseline -0.001 -18"><span class='ocrx_word' id='word_1_124' title='bbox 463 976 594 1024; x_wconf 73' lang='lat' dir='ltr'><strong>araa,</strong></span> <span class='ocrx_word' id='word_1_125' title='bbox 632 962 842 1016; x_wconf 89' lang='lat' dir='ltr'><strong>nidoris</strong></span> <span class='ocrx_word' id='word_1_126' title='bbox 873 961 1173 1016; x_wconf 58' lang='lat' dir='ltr'><strong>Graecanici</strong></span> <span class='ocrx_word' id='word_1_127' title='bbox 1222 961 1471 1031; x_wconf 89' lang='lat' dir='ltr'><strong>liturgica</strong></span> <span class='ocrx_word' id='word_1_128' title='bbox 1525 975 1692 1026; x_wconf 80' lang='lat' dir='ltr'><strong>vasa,</strong></span> <span class='ocrx_word' id='word_1_129' title='bbox 1753 975 1818 1014; x_wconf 91' lang='lat' dir='ltr'><strong>ac</strong></span> <span class='ocrx_word' id='word_1_130' title='bbox 1861 958 2023 1012; x_wconf 87' lang='lat' dir='ltr'><strong>nostri</strong></span> 
     </span>
    </p>
   </div>
   <div class='ocr_carea' id='block_1_20' title="bbox 2126 958 3657 1031">
    <p class='ocr_par' dir='ltr' id='par_1_20' title="bbox 2135 958 3657 1030">
     <span class='ocr_line' id='line_1_20' title="bbox 2135 958 3657 1030; baseline 0.004 -18"><span class='ocrx_word' id='word_1_131' title='bbox 2135 960 2264 1023; x_wconf 86' lang='grc' dir='ltr'>ναός</span> <span class='ocrx_word' id='word_1_132' title='bbox 2293 977 2352 1012; x_wconf 88' lang='grc' dir='ltr'><strong>τε</strong></span> <span class='ocrx_word' id='word_1_133' title='bbox 2376 960 2536 1026; x_wconf 82' lang='grc' dir='ltr'><strong>Θεοῦ,</strong></span> <span class='ocrx_word' id='word_1_134' title='bbox 2566 961 2662 1012; x_wconf 77' lang='grc' dir='ltr'>καὶ</span> <span class='ocrx_word' id='word_1_135' title='bbox 2695 958 2880 1030; x_wconf 79' lang='grc' dir='ltr'>βωμὸς</span> <span class='ocrx_word' id='word_1_136' title='bbox 2918 959 3177 1026; x_wconf 77' lang='grc' dir='ltr'><strong>εἰδώλων,</strong></span> <span class='ocrx_word' id='word_1_137' title='bbox 3223 961 3316 1013; x_wconf 77' lang='grc' dir='ltr'>καὶ</span> <span class='ocrx_word' id='word_1_138' title='bbox 3341 961 3402 1030; x_wconf 85' lang='grc' dir='ltr'>δὴ</span> <span class='ocrx_word' id='word_1_139' title='bbox 3434 964 3519 1015; x_wconf 74' lang='grc' dir='ltr'>καὶ</span> <span class='ocrx_word' id='word_1_140' title='bbox 3543 967 3657 1018; x_wconf 82' lang='grc' dir='ltr'>κνίσ·</span> 
     </span>
    </p>
   </div>
   <div class='ocr_carea' id='block_1_21' title="bbox 463 1051 2023 1124">
    <p class='ocr_par' dir='ltr' id='par_1_21' title="bbox 463 1051 2023 1124">
     <span class='ocr_line' id='line_1_21' title="bbox 463 1051 2023 1124; baseline -0.002 -16"><span class='ocrx_word' id='word_1_141' title='bbox 463 1055 719 1109; x_wconf 79' lang='lat' dir='ltr'><strong>sacriﬁcii</strong></span> <span class='ocrx_word' id='word_1_142' title='bbox 769 1055 888 1124; x_wconf 89' lang='lat' dir='ltr'><strong>puri</strong></span> <span class='ocrx_word' id='word_1_143' title='bbox 933 1054 1080 1112; x_wconf 86' lang='lat' dir='ltr'><strong>illius</strong></span> <span class='ocrx_word' id='word_1_144' title='bbox 1124 1061 1179 1108; x_wconf 88' lang='lat' dir='ltr'><strong>et</strong></span> <span class='ocrx_word' id='word_1_145' title='bbox 1222 1053 1341 1109; x_wconf 88' lang='lat' dir='ltr'><strong>sine</strong></span> <span class='ocrx_word' id='word_1_146' title='bbox 1381 1051 1649 1123; x_wconf 78' lang='lat' dir='ltr'><strong>sanguine</strong></span> <span class='ocrx_word' id='word_1_147' title='bbox 1685 1061 1895 1112; x_wconf 83' lang='lat' dir='ltr'><strong>sacrata</strong></span> <span class='ocrx_word' id='word_1_148' title='bbox 1947 1065 2023 1105; x_wconf 91' lang='lat' dir='ltr'><strong>re-</strong></span> 
     </span>
    </p>
   </div>
   <div class='ocr_carea' id='block_1_22' title="bbox 2126 1051 3657 1124">
    <p class='ocr_par' dir='ltr' id='par_1_22' title="bbox 2139 1051 3657 1124">
     <span class='ocr_line' id='line_1_22' title="bbox 2139 1051 3657 1124; baseline 0.001 -18"><span class='ocrx_word' id='word_1_149' title='bbox 2139 1069 2240 1122; x_wconf 89' lang='grc' dir='ltr'><strong>σης</strong></span> <span class='ocrx_word' id='word_1_150' title='bbox 2277 1052 2593 1123; x_wconf 77' lang='grc' dir='ltr'>Ἑλληνικοῦ</span> <span class='ocrx_word' id='word_1_151' title='bbox 2615 1061 2638 1089; x_wconf 70' lang='grc' dir='ltr'><em>τ</em></span> <span class='ocrx_word' id='word_1_152' title='bbox 2685 1051 3034 1122; x_wconf 81' lang='grc' dir='ltr'>λειτουργικὰ</span> <span class='ocrx_word' id='word_1_153' title='bbox 3074 1051 3267 1122; x_wconf 89' lang='grc' dir='ltr'>σκεύη,</span> <span class='ocrx_word' id='word_1_154' title='bbox 3300 1051 3392 1105; x_wconf 69' lang='grc' dir='ltr'>καὶ</span> <span class='ocrx_word' id='word_1_155' title='bbox 3413 1053 3502 1124; x_wconf 85' lang='grc' dir='ltr'>τῆς</span> <span class='ocrx_word' id='word_1_156' title='bbox 3526 1056 3657 1108; x_wconf 83' lang='grc' dir='ltr'>καθα-</span> 
     </span>
    </p>
   </div>
   <div class='ocr_carea' id='block_1_23' title="bbox 2135 1143 3658 1216">
    <p class='ocr_par' dir='ltr' id='par_1_23' title="bbox 2135 1143 3658 1216">
     <span class='ocr_line' id='line_1_23' title="bbox 2135 1143 3658 1216; baseline 0.004 -20"><span class='ocrx_word' id='word_1_157' title='bbox 2135 1144 2236 1213; x_wconf 78' lang='grc' dir='ltr'><strong>ρᾶς</strong></span> <span class='ocrx_word' id='word_1_158' title='bbox 2280 1144 2376 1196; x_wconf 77' lang='grc' dir='ltr'>καὶ</span> <span class='ocrx_word' id='word_1_159' title='bbox 2440 1143 2785 1214; x_wconf 86' lang='grc' dir='ltr'>ἀναιμάκτου</span> <span class='ocrx_word' id='word_1_160' title='bbox 2827 1143 3020 1207; x_wconf 82' lang='grc' dir='ltr'><strong>θυσίας</strong></span> <span class='ocrx_word' id='word_1_161' title='bbox 3062 1143 3222 1214; x_wconf 77' lang='grc' dir='ltr'>ἡμῶν</span> <span class='ocrx_word' id='word_1_162' title='bbox 3265 1147 3559 1216; x_wconf 76' lang='grc' dir='ltr'>ἱερουργικά</span> <span class='ocrx_word' id='word_1_163' title='bbox 3592 1149 3658 1202; x_wconf 78' lang='lat'><strong>50-</strong></span> 
     </span>
    </p>
   </div>
   <div class='ocr_carea' id='block_1_24' title="bbox 2133 1235 3658 1306">
    <p class='ocr_par' dir='ltr' id='par_1_24' title="bbox 2133 1235 3658 1306">
     <span class='ocr_line' id='line_1_24' title="bbox 2133 1235 3658 1306; baseline 0.004 -19"><span class='ocrx_word' id='word_1_164' title='bbox 2133 1238 2256 1305; x_wconf 87' lang='grc' dir='ltr'>χεῖα</span> <span class='ocrx_word' id='word_1_165' title='bbox 2275 1249 2290 1264; x_wconf 84' lang='grc'>⁶</span> <span class='ocrx_word' id='word_1_166' title='bbox 2327 1235 2424 1289; x_wconf 72' lang='grc' dir='ltr'>καὶ</span> <span class='ocrx_word' id='word_1_167' title='bbox 2454 1235 2565 1305; x_wconf 81' lang='grc' dir='ltr'>γὰρ</span> <span class='ocrx_word' id='word_1_168' title='bbox 2594 1237 2689 1289; x_wconf 77' lang='grc' dir='ltr'>καὶ</span> <span class='ocrx_word' id='word_1_169' title='bbox 2713 1235 2921 1289; x_wconf 83' lang='grc' dir='ltr'>τούτων</span> <span class='ocrx_word' id='word_1_170' title='bbox 2945 1235 3208 1306; x_wconf 82' lang='grc' dir='ltr'>ἑκάτερον</span> <span class='ocrx_word' id='word_1_171' title='bbox 3231 1237 3340 1290; x_wconf 87' lang='grc' dir='ltr'><strong>τῶν</strong></span> <span class='ocrx_word' id='word_1_172' title='bbox 3367 1239 3442 1303; x_wconf 87' lang='grc' dir='ltr'><strong>εἰς</strong></span> <span class='ocrx_word' id='word_1_173' title='bbox 3489 1240 3658 1294; x_wconf 81' lang='grc' dir='ltr'>ἀντίθε-</span> 
     </span>
    </p>
   </div>
   <div class='ocr_carea' id='block_1_25' title="bbox 2131 1325 3657 1399">
    <p class='ocr_par' dir='ltr' id='par_1_25' title="bbox 2131 1325 3657 1399">
     <span class='ocr_line' id='line_1_25' title="bbox 2131 1325 3657 1399; baseline 0.002 -21"><span class='ocrx_word' id='word_1_174' title='bbox 2131 1343 2225 1380; x_wconf 90' lang='grc' dir='ltr'><strong>τον</strong></span> <span class='ocrx_word' id='word_1_175' title='bbox 2251 1325 2566 1397; x_wconf 81' lang='grc' dir='ltr'>συστοιχίαν</span> <span class='ocrx_word' id='word_1_176' title='bbox 2596 1327 3114 1398; x_wconf 84' lang='grc' dir='ltr'>ἀποκεκρινομένων</span> <span class='ocrx_word' id='word_1_177' title='bbox 3132 1339 3154 1366; x_wconf 78' lang='grc'><em>³</em></span> <span class='ocrx_word' id='word_1_178' title='bbox 3188 1328 3323 1398; x_wconf 81' lang='grc' dir='ltr'>ὓλην</span> <span class='ocrx_word' id='word_1_179' title='bbox 3351 1328 3444 1398; x_wconf 79' lang='grc' dir='ltr'>μὲν</span> <span class='ocrx_word' id='word_1_180' title='bbox 3465 1330 3657 1399; x_wconf 78' lang='grc' dir='ltr'>ἔχουσιν,</span> 
     </span>
    </p>
   </div>
   <div class='ocr_carea' id='block_1_26' title="bbox 2131 1416 3659 1490">
    <p class='ocr_par' dir='ltr' id='par_1_26' title="bbox 2131 1416 3659 1490">
     <span class='ocr_line' id='line_1_26' title="bbox 2131 1416 3659 1490; baseline 0.004 -20"><span class='ocrx_word' id='word_1_181' title='bbox 2131 1416 2286 1470; x_wconf 79' lang='grc' dir='ltr'>ἔστιν</span> <span class='ocrx_word' id='word_1_182' title='bbox 2314 1418 2406 1471; x_wconf 82' lang='grc' dir='ltr'>ὅτε</span> <span class='ocrx_word' id='word_1_183' title='bbox 2439 1418 2684 1488; x_wconf 88' lang='grc' dir='ltr'>μηδόλως</span> <span class='ocrx_word' id='word_1_184' title='bbox 2727 1419 2959 1488; x_wconf 80' lang='grc' dir='ltr'>ἔχουσαν</span> <span class='ocrx_word' id='word_1_185' title='bbox 2990 1419 3054 1472; x_wconf 79' lang='grc' dir='ltr'>τὸ</span> <span class='ocrx_word' id='word_1_186' title='bbox 3095 1419 3506 1490; x_wconf 80' lang='grc' dir='ltr'>διηλλαγμένον·</span> <span class='ocrx_word' id='word_1_187' title='bbox 3549 1427 3659 1476; x_wconf 71' lang='grc' dir='ltr'>κατὰ</span> 
     </span>
    </p>
   </div>
   <div class='ocr_carea' id='block_1_27' title="bbox 2134 1508 3660 1582">
    <p class='ocr_par' dir='ltr' id='par_1_27' title="bbox 2134 1508 3660 1582">
     <span class='ocr_line' id='line_1_27' title="bbox 2134 1508 3660 1582; baseline 0.004 -21"><span class='ocrx_word' id='word_1_188' title='bbox 2134 1509 2320 1578; x_wconf 82' lang='grc' dir='ltr'>μέντοι</span> <span class='ocrx_word' id='word_1_189' title='bbox 2363 1508 2434 1562; x_wconf 77' lang='grc' dir='ltr'>τὰ</span> <span class='ocrx_word' id='word_1_190' title='bbox 2492 1509 2842 1580; x_wconf 85' lang='grc' dir='ltr'>μορφοῦντα,</span> <span class='ocrx_word' id='word_1_191' title='bbox 2879 1510 2973 1563; x_wconf 74' lang='grc' dir='ltr'><strong>καὶ</strong></span> <span class='ocrx_word' id='word_1_192' title='bbox 3034 1511 3437 1575; x_wconf 85' lang='grc' dir='ltr'>είδοποιοῦντα,</span> <span class='ocrx_word' id='word_1_193' title='bbox 3474 1516 3555 1566; x_wconf 73' lang='grc' dir='ltr'>καὶ</span> <span class='ocrx_word' id='word_1_194' title='bbox 3584 1515 3660 1582; x_wconf 79' lang='grc' dir='ltr'>τὴν</span> 
     </span>
    </p>
   </div>
   <div class='ocr_carea' id='block_1_28' title="bbox 461 1143 2036 1215">
    <p class='ocr_par' dir='ltr' id='par_1_28' title="bbox 461 1143 2036 1215">
     <span class='ocr_line' id='line_1_28' title="bbox 461 1143 2036 1215; baseline -0.001 -15"><span class='ocrx_word' id='word_1_195' title='bbox 461 1147 736 1214; x_wconf 84' lang='lat' dir='ltr'><strong>ceptacula</strong></span> <span class='ocrx_word' id='word_1_196' title='bbox 772 1163 785 1199; x_wconf 92' lang='lat'><strong>:</strong></span> <span class='ocrx_word' id='word_1_197' title='bbox 820 1147 933 1199; x_wconf 71' lang='lat' dir='ltr'><strong>haec</strong></span> <span class='ocrx_word' id='word_1_198' title='bbox 978 1155 1226 1214; x_wconf 88' lang='lat' dir='ltr'><strong>utraque,</strong></span> <span class='ocrx_word' id='word_1_199' title='bbox 1258 1160 1379 1215; x_wconf 80' lang='lat' dir='ltr'><strong>qute</strong></span> <span class='ocrx_word' id='word_1_200' title='bbox 1405 1145 1488 1201; x_wconf 87' lang='lat' dir='ltr'><strong>sic</strong></span> <span class='ocrx_word' id='word_1_201' title='bbox 1516 1144 1572 1199; x_wconf 90' lang='lat' dir='ltr'><strong>in</strong></span> <span class='ocrx_word' id='word_1_202' title='bbox 1610 1143 1919 1214; x_wconf 86' lang='lat' dir='ltr'><strong>oppositum</strong></span> <span class='ocrx_word' id='word_1_203' title='bbox 1950 1157 2036 1198; x_wconf 87' lang='lat' dir='ltr'><strong>se-</strong></span> 
     </span>
    </p>
   </div>
   <div class='ocr_carea' id='block_1_29' title="bbox 459 1233 2032 1304">
    <p class='ocr_par' dir='ltr' id='par_1_29' title="bbox 459 1233 2032 1304">
     <span class='ocr_line' id='line_1_29' title="bbox 459 1233 2032 1304; baseline -0.004 -14"><span class='ocrx_word' id='word_1_204' title='bbox 459 1245 760 1292; x_wconf 88' lang='lat' dir='ltr'><strong>cernuntur</strong></span> <span class='ocrx_word' id='word_1_205' title='bbox 787 1274 802 1298; x_wconf 88' lang='lat'><strong>,</strong></span> <span class='ocrx_word' id='word_1_206' title='bbox 843 1235 1128 1290; x_wconf 84' lang='lat' dir='ltr'><strong>materiem</strong></span> <span class='ocrx_word' id='word_1_207' title='bbox 1179 1236 1381 1290; x_wconf 82' lang='lat' dir='ltr'><strong>habent</strong></span> <span class='ocrx_word' id='word_1_208' title='bbox 1423 1235 1719 1304; x_wconf 86' lang='lat' dir='ltr'><strong>aliquando</strong></span> <span class='ocrx_word' id='word_1_209' title='bbox 1764 1233 2032 1300; x_wconf 86' lang='lat' dir='ltr'><strong>eamdem,</strong></span> 
     </span>
    </p>
   </div>
   <div class='ocr_carea' id='block_1_30' title="bbox 461 1327 2031 1398">
    <p class='ocr_par' dir='ltr' id='par_1_30' title="bbox 461 1327 2031 1398">
     <span class='ocr_line' id='line_1_30' title="bbox 461 1327 2031 1398; baseline -0.001 -14"><span class='ocrx_word' id='word_1_210' title='bbox 461 1345 525 1384; x_wconf 89' lang='lat' dir='ltr'><strong>ac</strong></span> <span class='ocrx_word' id='word_1_211' title='bbox 555 1331 608 1384; x_wconf 93' lang='lat' dir='ltr'><strong>in</strong></span> <span class='ocrx_word' id='word_1_212' title='bbox 634 1329 784 1384; x_wconf 92' lang='lat' dir='ltr'><strong>nullo</strong></span> <span class='ocrx_word' id='word_1_213' title='bbox 824 1329 1228 1398; x_wconf 72' lang='lat' dir='ltr'><strong>discrepantem</strong></span> <span class='ocrx_word' id='word_1_214' title='bbox 1272 1347 1286 1383; x_wconf 92' lang='lat'>:</span> <span class='ocrx_word' id='word_1_215' title='bbox 1337 1337 1393 1383; x_wconf 92' lang='lat' dir='ltr'><strong>at</strong></span> <span class='ocrx_word' id='word_1_216' title='bbox 1422 1328 1724 1383; x_wconf 85' lang='lat' dir='ltr'><strong>secundum</strong></span> <span class='ocrx_word' id='word_1_217' title='bbox 1756 1327 2031 1393; x_wconf 80' lang='lat' dir='ltr'><strong>formalia,</strong></span> 
     </span>
    </p>
   </div>
   <div class='ocr_carea' id='block_1_31' title="bbox 459 1417 2032 1487">
    <p class='ocr_par' dir='ltr' id='par_1_31' title="bbox 459 1417 2032 1487">
     <span class='ocr_line' id='line_1_31' title="bbox 459 1417 2032 1487; baseline -0.001 -14"><span class='ocrx_word' id='word_1_218' title='bbox 459 1427 516 1473; x_wconf 90' lang='lat' dir='ltr'><strong>et</strong></span> <span class='ocrx_word' id='word_1_219' title='bbox 549 1418 785 1487; x_wconf 88' lang='lat' dir='ltr'><strong>speciem</strong></span> <span class='ocrx_word' id='word_1_220' title='bbox 841 1417 1197 1484; x_wconf 89' lang='lat' dir='ltr'><strong>inducentia,</strong></span> <span class='ocrx_word' id='word_1_221' title='bbox 1254 1427 1350 1474; x_wconf 89' lang='lat' dir='ltr'><strong>aut</strong></span> <span class='ocrx_word' id='word_1_222' title='bbox 1393 1419 1724 1474; x_wconf 90' lang='lat' dir='ltr'><strong>alteritatem</strong></span> <span class='ocrx_word' id='word_1_223' title='bbox 1772 1419 2032 1474; x_wconf 87' lang='lat' dir='ltr'><strong>inducere</strong></span> 
     </span>
    </p>
   </div>
   <div class='ocr_carea' id='block_1_32' title="bbox 457 1509 2033 1580">
    <p class='ocr_par' dir='ltr' id='par_1_32' title="bbox 457 1509 2033 1580">
     <span class='ocr_line' id='line_1_32' title="bbox 457 1509 2033 1580; baseline 0.001 -18"><span class='ocrx_word' id='word_1_224' title='bbox 457 1511 731 1573; x_wconf 84' lang='lat' dir='ltr'><strong>valentia,</strong></span> <span class='ocrx_word' id='word_1_225' title='bbox 766 1510 1166 1580; x_wconf 78' lang='lat' dir='ltr'><strong>inexplicabilis</strong></span> <span class='ocrx_word' id='word_1_226' title='bbox 1212 1510 1440 1567; x_wconf 87' lang='lat' dir='ltr'><strong>resultat</strong></span> <span class='ocrx_word' id='word_1_227' title='bbox 1501 1525 1600 1566; x_wconf 90' lang='lat' dir='ltr'><strong>nec</strong></span> <span class='ocrx_word' id='word_1_228' title='bbox 1642 1511 1824 1565; x_wconf 84' lang='lat' dir='ltr'><strong>verbis</strong></span> <span class='ocrx_word' id='word_1_229' title='bbox 1851 1509 2033 1580; x_wconf 83' lang='lat' dir='ltr'><strong>expri-</strong></span> 
     </span>
    </p>
   </div>
   <div class='ocr_carea' id='block_1_33' title="bbox 456 1600 2023 1674">
    <p class='ocr_par' dir='ltr' id='par_1_33' title="bbox 456 1602 2023 1674">
     <span class='ocr_line' id='line_1_33' title="bbox 456 1602 2023 1674; baseline 0.001 -18"><span class='ocrx_word' id='word_1_230' title='bbox 456 1602 651 1656; x_wconf 77' lang='lat' dir='ltr'><strong>menda</strong></span> <span class='ocrx_word' id='word_1_231' title='bbox 682 1602 1012 1658; x_wconf 72' lang='lat' dir='ltr'><strong>differentia.</strong></span> <span class='ocrx_word' id='word_1_232' title='bbox 1050 1603 1390 1674; x_wconf 84' lang='lat' dir='ltr'><strong>QuaprOpter</strong></span> <span class='ocrx_word' id='word_1_233' title='bbox 1433 1603 1659 1659; x_wconf 89' lang='lat' dir='ltr'><strong>materia</strong></span> <span class='ocrx_word' id='word_1_234' title='bbox 1702 1603 1926 1658; x_wconf 91' lang='lat' dir='ltr'><strong>minime</strong></span> <span class='ocrx_word' id='word_1_235' title='bbox 1975 1603 2023 1658; x_wconf 90' lang='lat' dir='ltr'><strong>in</strong></span> 
     </span>
    </p>
   </div>
   <div class='ocr_carea' id='block_1_34' title="bbox 2126 1600 3660 1674">
    <p class='ocr_par' dir='ltr' id='par_1_34' title="bbox 2132 1600 3660 1674">
     <span class='ocr_line' id='line_1_34' title="bbox 2132 1600 3660 1674; baseline 0.003 -22"><span class='ocrx_word' id='word_1_236' title='bbox 2132 1601 2427 1670; x_wconf 78' lang='grc' dir='ltr'>ἑτερότητα</span> <span class='ocrx_word' id='word_1_237' title='bbox 2453 1600 2783 1672; x_wconf 81' lang='grc' dir='ltr'>ὲργάζεσθαι</span> <span class='ocrx_word' id='word_1_238' title='bbox 2812 1602 3114 1670; x_wconf 80' lang='grc' dir='ltr'>πεφυκότα,</span> <span class='ocrx_word' id='word_1_239' title='bbox 3141 1602 3368 1672; x_wconf 77' lang='grc' dir='ltr'>ἄπειρος</span> <span class='ocrx_word' id='word_1_240' title='bbox 3391 1605 3570 1674; x_wconf 75' lang='grc' dir='ltr'>ὁρᾶται</span> <span class='ocrx_word' id='word_1_241' title='bbox 3588 1607 3660 1658; x_wconf 74' lang='grc' dir='ltr'>καὶ</span> 
     </span>
    </p>
   </div>
   <div class='ocr_carea' id='block_1_35' title="bbox 456 1681 2023 1765">
    <p class='ocr_par' dir='ltr' id='par_1_35' title="bbox 456 1693 2023 1765">
     <span class='ocr_line' id='line_1_35' title="bbox 456 1693 2023 1765; baseline 0.001 -19"><span class='ocrx_word' id='word_1_242' title='bbox 456 1693 738 1748; x_wconf 87' lang='lat' dir='ltr'><strong>meliorem</strong></span> <span class='ocrx_word' id='word_1_243' title='bbox 779 1701 976 1748; x_wconf 89' lang='lat' dir='ltr'><strong>statum</strong></span> <span class='ocrx_word' id='word_1_244' title='bbox 1012 1703 1242 1758; x_wconf 81' lang='lat' dir='ltr'><strong>mutata,</strong></span> <span class='ocrx_word' id='word_1_245' title='bbox 1284 1695 1416 1765; x_wconf 90' lang='lat' dir='ltr'><strong>quin</strong></span> <span class='ocrx_word' id='word_1_246' title='bbox 1442 1695 1624 1764; x_wconf 87' lang='lat' dir='ltr'><strong>potius</strong></span> <span class='ocrx_word' id='word_1_247' title='bbox 1651 1693 1869 1749; x_wconf 89' lang='lat' dir='ltr'><strong>abunde</strong></span> <span class='ocrx_word' id='word_1_248' title='bbox 1899 1709 2023 1763; x_wconf 82' lang='lat' dir='ltr'><strong>par-</strong></span> 
     </span>
    </p>
   </div>
   <div class='ocr_carea' id='block_1_36' title="bbox 2126 1681 3653 1765">
    <p class='ocr_par' dir='ltr' id='par_1_36' title="bbox 2126 1689 3653 1765">
     <span class='ocr_line' id='line_1_36' title="bbox 2126 1689 3653 1765; baseline 0.004 -23"><span class='ocrx_word' id='word_1_249' title='bbox 2126 1689 2268 1762; x_wconf 84' lang='grc' dir='ltr'>λόγῳ</span> <span class='ocrx_word' id='word_1_250' title='bbox 2315 1691 2470 1762; x_wconf 82' lang='grc' dir='ltr'>μόλις</span> <span class='ocrx_word' id='word_1_251' title='bbox 2497 1691 2636 1763; x_wconf 79' lang='grc' dir='ltr'>ῥητὴ</span> <span class='ocrx_word' id='word_1_252' title='bbox 2662 1693 2695 1762; x_wconf 77' lang='grc' dir='ltr'><strong>ἡ</strong></span> <span class='ocrx_word' id='word_1_253' title='bbox 2725 1693 2784 1745; x_wconf 83' lang='grc' dir='ltr'>ὲν</span> <span class='ocrx_word' id='word_1_254' title='bbox 2821 1694 3006 1756; x_wconf 78' lang='grc' dir='ltr'>αὐτοῖς</span> <span class='ocrx_word' id='word_1_255' title='bbox 3033 1692 3399 1765; x_wconf 79' lang='grc' dir='ltr'>ἀλλοτριότης.</span> <span class='ocrx_word' id='word_1_256' title='bbox 3453 1697 3522 1746; x_wconf 87' lang='grc' dir='ltr'><strong>Δι’</strong></span> <span class='ocrx_word' id='word_1_257' title='bbox 3547 1695 3572 1748; x_wconf 82' lang='grc' dir='ltr'><strong>ό</strong></span> <span class='ocrx_word' id='word_1_258' title='bbox 3602 1695 3653 1749; x_wconf 72' lang='grc' dir='ltr'><strong>τά</strong></span> 
     </span>
    </p>
   </div>
   <div class='ocr_carea' id='block_1_37' title="bbox 455 1781 2023 1857">
    <p class='ocr_par' dir='ltr' id='par_1_37' title="bbox 455 1784 2023 1857">
     <span class='ocr_line' id='line_1_37' title="bbox 455 1784 2023 1857; baseline 0.003 -19"><span class='ocrx_word' id='word_1_259' title='bbox 455 1784 710 1854; x_wconf 88' lang='lat' dir='ltr'><strong>ticipans,</strong></span> <span class='ocrx_word' id='word_1_260' title='bbox 759 1800 867 1840; x_wconf 91' lang='lat' dir='ltr'><strong>non</strong></span> <span class='ocrx_word' id='word_1_261' title='bbox 916 1785 1194 1841; x_wconf 89' lang='lat' dir='ltr'><strong>immerito</strong></span> <span class='ocrx_word' id='word_1_262' title='bbox 1244 1787 1475 1857; x_wconf 88' lang='lat' dir='ltr'><strong>lignum,</strong></span> <span class='ocrx_word' id='word_1_263' title='bbox 1531 1787 1760 1856; x_wconf 88' lang='lat' dir='ltr'><strong>lapides.</strong></span> <span class='ocrx_word' id='word_1_264' title='bbox 1811 1801 2023 1851; x_wconf 84' lang='lat' dir='ltr'><strong>aurum,</strong></span> 
     </span>
    </p>
   </div>
   <div class='ocr_carea' id='block_1_38' title="bbox 2126 1781 3650 1857">
    <p class='ocr_par' dir='ltr' id='par_1_38' title="bbox 2135 1781 3650 1857">
     <span class='ocr_line' id='line_1_38' title="bbox 2135 1781 3650 1857; baseline 0.003 -22"><span class='ocrx_word' id='word_1_265' title='bbox 2135 1781 2235 1852; x_wconf 81' lang='grc' dir='ltr'>μὲν</span> <span class='ocrx_word' id='word_1_266' title='bbox 2277 1782 2375 1854; x_wconf 75' lang='grc' dir='ltr'>τῆς</span> <span class='ocrx_word' id='word_1_267' title='bbox 2406 1783 2542 1852; x_wconf 77' lang='grc' dir='ltr'>ὕλης</span> <span class='ocrx_word' id='word_1_268' title='bbox 2585 1783 2738 1837; x_wconf 72' lang='grc' dir='ltr'>οὐδὲν</span> <span class='ocrx_word' id='word_1_269' title='bbox 2767 1785 2860 1837; x_wconf 76' lang='grc' dir='ltr'><strong>ἐπὶ</strong></span> <span class='ocrx_word' id='word_1_270' title='bbox 2890 1785 2951 1838; x_wconf 87' lang='grc' dir='ltr'><strong>τδ</strong></span> <span class='ocrx_word' id='word_1_271' title='bbox 2978 1785 3202 1856; x_wconf 77' lang='grc' dir='ltr'>ἄμεινον</span> <span class='ocrx_word' id='word_1_272' title='bbox 3239 1787 3650 1857; x_wconf 80' lang='grc' dir='ltr'>μετενηνεγμένα,</span> 
     </span>
    </p>
   </div>
   <div class='ocr_carea' id='block_1_39' title="bbox 455 1873 2023 1949">
    <p class='ocr_par' dir='ltr' id='par_1_39' title="bbox 455 1878 2023 1949">
     <span class='ocr_line' id='line_1_39' title="bbox 455 1878 2023 1949; baseline 0.001 -19"><span class='ocrx_word' id='word_1_273' title='bbox 455 1879 776 1947; x_wconf 78' lang='lat' dir='ltr'><strong>argentum,</strong></span> <span class='ocrx_word' id='word_1_274' title='bbox 807 1893 910 1946; x_wconf 72' lang='lat' dir='ltr'><strong>aes,</strong></span> <span class='ocrx_word' id='word_1_275' title='bbox 946 1894 1110 1949; x_wconf 89' lang='lat' dir='ltr'><strong>opera</strong></span> <span class='ocrx_word' id='word_1_276' title='bbox 1138 1895 1400 1934; x_wconf 92' lang='lat' dir='ltr'><strong>manuum</strong></span> <span class='ocrx_word' id='word_1_277' title='bbox 1437 1880 1801 1934; x_wconf 90' lang='lat' dir='ltr'><strong>humanarum</strong></span> <span class='ocrx_word' id='word_1_278' title='bbox 1835 1878 2023 1948; x_wconf 87' lang='lat' dir='ltr'><strong>appel-</strong></span> 
     </span>
    </p>
   </div>
   <div class='ocr_carea' id='block_1_40' title="bbox 2126 1873 3654 1949">
    <p class='ocr_par' dir='ltr' id='par_1_40' title="bbox 2131 1873 3654 1949">
     <span class='ocr_line' id='line_1_40' title="bbox 2131 1873 3654 1949; baseline 0.001 -21"><span class='ocrx_word' id='word_1_279' title='bbox 2131 1873 2269 1928; x_wconf 90' lang='grc' dir='ltr'><strong>ἀλλά</strong></span> <span class='ocrx_word' id='word_1_280' title='bbox 2302 1875 2396 1928; x_wconf 63' lang='grc' dir='ltr'><strong>καί¹</strong></span> <span class='ocrx_word' id='word_1_281' title='bbox 2443 1875 2580 1929; x_wconf 81' lang='grc' dir='ltr'>πολὺ</span> <span class='ocrx_word' id='word_1_282' title='bbox 2612 1874 2706 1928; x_wconf 88' lang='grc' dir='ltr'><strong>τοῦ</strong></span> <span class='ocrx_word' id='word_1_283' title='bbox 2740 1876 2984 1949; x_wconf 87' lang='grc' dir='ltr'>χείρονος</span> <span class='ocrx_word' id='word_1_284' title='bbox 3034 1877 3427 1947; x_wconf 80' lang='grc' dir='ltr'>μετειληφότα,</span> <span class='ocrx_word' id='word_1_285' title='bbox 3472 1877 3654 1941; x_wconf 79' lang='grc' dir='ltr'>δικαίως</span> 
     </span>
    </p>
   </div>
   <div class='ocr_carea' id='block_1_41' title="bbox 455 1965 2023 2040">
    <p class='ocr_par' dir='ltr' id='par_1_41' title="bbox 455 1967 2023 2040">
     <span class='ocr_line' id='line_1_41' title="bbox 455 1967 2023 2040; baseline 0.001 -18"><span class='ocrx_word' id='word_1_286' title='bbox 455 1968 654 2033; x_wconf 85' lang='lat' dir='ltr'><strong>lantur,</strong></span> <span class='ocrx_word' id='word_1_287' title='bbox 678 1975 732 2022; x_wconf 89' lang='lat' dir='ltr'><strong>et</strong></span> <span class='ocrx_word' id='word_1_288' title='bbox 753 1967 978 2038; x_wconf 72' lang='lat' dir='ltr'><strong>profana</strong></span> <span class='ocrx_word' id='word_1_289' title='bbox 1001 1978 1152 2035; x_wconf 91' lang='lat' dir='ltr'><strong>sunt,</strong></span> <span class='ocrx_word' id='word_1_290' title='bbox 1176 1969 1366 2040; x_wconf 89' lang='lat' dir='ltr'><strong>impia,</strong></span> <span class='ocrx_word' id='word_1_291' title='bbox 1393 1969 1629 2038; x_wconf 85' lang='lat' dir='ltr'><strong>impura,</strong></span> <span class='ocrx_word' id='word_1_292' title='bbox 1668 1967 1868 2039; x_wconf 89' lang='lat' dir='ltr'><strong>partim</strong></span> <span class='ocrx_word' id='word_1_293' title='bbox 1903 1983 2023 2037; x_wconf 91' lang='lat' dir='ltr'><strong>pro-</strong></span> 
     </span>
    </p>
   </div>
   <div class='ocr_carea' id='block_1_42' title="bbox 2126 1965 3658 2040">
    <p class='ocr_par' dir='ltr' id='par_1_42' title="bbox 2133 1965 3658 2040">
     <span class='ocr_line' id='line_1_42' title="bbox 2133 1965 3658 2040; baseline 0.003 -22"><span class='ocrx_word' id='word_1_294' title='bbox 2133 1965 2200 2019; x_wconf 88' lang='grc' dir='ltr'>ἂν</span> <span class='ocrx_word' id='word_1_295' title='bbox 2233 1965 2389 2032; x_wconf 80' lang='grc' dir='ltr'>ξύλα,</span> <span class='ocrx_word' id='word_1_296' title='bbox 2412 1965 2509 2020; x_wconf 77' lang='grc' dir='ltr'>καὶ</span> <span class='ocrx_word' id='word_1_297' title='bbox 2537 1966 2696 2030; x_wconf 82' lang='grc' dir='ltr'>λίθοι,</span> <span class='ocrx_word' id='word_1_298' title='bbox 2724 1969 2819 2021; x_wconf 83' lang='grc' dir='ltr'>καὶ</span> <span class='ocrx_word' id='word_1_299' title='bbox 2847 1968 3068 2039; x_wconf 78' lang='grc' dir='ltr'>χρυσὸς,</span> <span class='ocrx_word' id='word_1_300' title='bbox 3097 1967 3196 2023; x_wconf 72' lang='grc' dir='ltr'>καὶ</span> <span class='ocrx_word' id='word_1_301' title='bbox 3220 1969 3472 2040; x_wconf 83' lang='grc' dir='ltr'>ἄργυρος,</span> <span class='ocrx_word' id='word_1_302' title='bbox 3497 1970 3525 2039; x_wconf 85' lang='grc' dir='ltr'>ἢ</span> <span class='ocrx_word' id='word_1_303' title='bbox 3552 1969 3658 2039; x_wconf 68' lang='grc' dir='ltr'>ἔργα</span> 
     </span>
    </p>
   </div>
   <div class='ocr_carea' id='block_1_43' title="bbox 452 2057 2023 2134">
    <p class='ocr_par' dir='ltr' id='par_1_43' title="bbox 452 2061 2023 2134">
     <span class='ocr_line' id='line_1_43' title="bbox 452 2061 2023 2134; baseline 0 -20"><span class='ocrx_word' id='word_1_304' title='bbox 452 2070 576 2130; x_wconf 87' lang='lat' dir='ltr'><strong>pter</strong></span> <span class='ocrx_word' id='word_1_305' title='bbox 590 2061 1098 2131; x_wconf 88' lang='lat' dir='ltr'><strong>materiem,partim</strong></span> <span class='ocrx_word' id='word_1_306' title='bbox 1123 2074 1345 2134; x_wconf 82' lang='lat' dir='ltr'><strong>propter</strong></span> <span class='ocrx_word' id='word_1_307' title='bbox 1361 2063 1646 2127; x_wconf 87' lang='lat' dir='ltr'><strong>artiﬁcem,</strong></span> <span class='ocrx_word' id='word_1_308' title='bbox 1663 2062 1859 2132; x_wconf 90' lang='lat' dir='ltr'><strong>partim</strong></span> <span class='ocrx_word' id='word_1_309' title='bbox 1877 2061 2023 2123; x_wconf 78' lang='lat' dir='ltr'><strong>abiis</strong></span> 
     </span>
    </p>
   </div>
   <div class='ocr_carea' id='block_1_44' title="bbox 2126 2057 3658 2134">
    <p class='ocr_par' dir='ltr' id='par_1_44' title="bbox 2130 2057 3658 2130">
     <span class='ocr_line' id='line_1_44' title="bbox 2130 2057 3658 2130; baseline 0.004 -24"><span class='ocrx_word' id='word_1_310' title='bbox 2130 2058 2336 2127; x_wconf 84' lang='grc' dir='ltr'>χειρῶν</span> <span class='ocrx_word' id='word_1_311' title='bbox 2388 2057 2696 2127; x_wconf 90' lang='grc' dir='ltr'>ἀνθρώπων</span> <span class='ocrx_word' id='word_1_312' title='bbox 2739 2059 3162 2128; x_wconf 80' lang='grc' dir='ltr'>ὲπονομάζοιντο</span> <span class='ocrx_word' id='word_1_313' title='bbox 3186 2099 3202 2124; x_wconf 89' lang='grc'><strong>,</strong></span> <span class='ocrx_word' id='word_1_314' title='bbox 3262 2059 3458 2130; x_wconf 78' lang='grc' dir='ltr'>βέϐηλά</span> <span class='ocrx_word' id='word_1_315' title='bbox 3499 2076 3552 2112; x_wconf 87' lang='grc' dir='ltr'><strong>τε</strong></span> <span class='ocrx_word' id='word_1_316' title='bbox 3586 2062 3658 2112; x_wconf 70' lang='grc' dir='ltr'><strong>καὶ</strong></span> 
     </span>
    </p>
   </div>
   <div class='ocr_carea' id='block_1_45' title="bbox 454 2149 2023 2224">
    <p class='ocr_par' dir='ltr' id='par_1_45' title="bbox 454 2153 2023 2224">
     <span class='ocr_line' id='line_1_45' title="bbox 454 2153 2023 2224; baseline 0 -16"><span class='ocrx_word' id='word_1_317' title='bbox 454 2153 653 2222; x_wconf 82' lang='lat' dir='ltr'><strong>quibus</strong></span> <span class='ocrx_word' id='word_1_318' title='bbox 684 2154 848 2224; x_wconf 90' lang='lat' dir='ltr'><strong>impie</strong></span> <span class='ocrx_word' id='word_1_319' title='bbox 879 2165 933 2209; x_wconf 92' lang='lat' dir='ltr'><strong>et</strong></span> <span class='ocrx_word' id='word_1_320' title='bbox 955 2155 1217 2210; x_wconf 88' lang='lat' dir='ltr'><strong>scelerate</strong></span> <span class='ocrx_word' id='word_1_321' title='bbox 1261 2155 1614 2211; x_wconf 79' lang='lat' dir='ltr'><strong>ascribuntur</strong></span> <span class='ocrx_word' id='word_1_322' title='bbox 1633 2155 2023 2210; x_wconf 87' lang='lat' dir='ltr'><strong>denominatio—</strong></span> 
     </span>
    </p>
   </div>
   <div class='ocr_carea' id='block_1_46' title="bbox 2126 2149 3655 2224">
    <p class='ocr_par' dir='ltr' id='par_1_46' title="bbox 2131 2149 3655 2223">
     <span class='ocr_line' id='line_1_46' title="bbox 2131 2149 3655 2223; baseline 0.002 -22"><span class='ocrx_word' id='word_1_323' title='bbox 2131 2149 2338 2221; x_wconf 75' lang='grc' dir='ltr'>ἐναργῆ</span> <span class='ocrx_word' id='word_1_324' title='bbox 2380 2152 2475 2204; x_wconf 71' lang='grc' dir='ltr'>καὶ</span> <span class='ocrx_word' id='word_1_325' title='bbox 2513 2150 2832 2223; x_wconf 87' lang='grc' dir='ltr'>ἀκάθαρτα·</span> <span class='ocrx_word' id='word_1_326' title='bbox 2868 2151 2929 2206; x_wconf 83' lang='grc' dir='ltr'>τὸ</span> <span class='ocrx_word' id='word_1_327' title='bbox 2961 2151 3061 2221; x_wconf 85' lang='grc' dir='ltr'>μὲν</span> <span class='ocrx_word' id='word_1_328' title='bbox 3086 2154 3151 2205; x_wconf 84' lang='grc' dir='ltr'>ὲκ</span> <span class='ocrx_word' id='word_1_329' title='bbox 3190 2152 3291 2222; x_wconf 80' lang='grc' dir='ltr'><strong>τῆς</strong></span> <span class='ocrx_word' id='word_1_330' title='bbox 3323 2151 3451 2220; x_wconf 78' lang='grc' dir='ltr'>ὕλης</span> <span class='ocrx_word' id='word_1_331' title='bbox 3474 2192 3488 2214; x_wconf 91' lang='grc'><strong>,</strong></span> <span class='ocrx_word' id='word_1_332' title='bbox 3523 2153 3574 2203; x_wconf 73' lang='grc' dir='ltr'>τὸ</span> <span class='ocrx_word' id='word_1_333' title='bbox 3596 2151 3655 2212; x_wconf 76' lang='grc' dir='ltr'>δὲ,</span> 
     </span>
    </p>
   </div>
   <div class='ocr_carea' id='block_1_47' title="bbox 2131 2237 3657 2305">
    <p class='ocr_par' dir='ltr' id='par_1_47' title="bbox 2131 2237 3657 2305">
     <span class='ocr_line' id='line_1_47' title="bbox 2131 2237 3657 2305; baseline -0.001 -11"><span class='ocrx_word' id='word_1_334' title='bbox 2131 2242 2196 2294; x_wconf 81' lang='grc' dir='ltr'>ἐκ</span> <span class='ocrx_word' id='word_1_335' title='bbox 2224 2241 2316 2293; x_wconf 87' lang='grc' dir='ltr'><strong>τοῦ</strong></span> <span class='ocrx_word' id='word_1_336' title='bbox 2353 2240 2678 2304; x_wconf 83' lang='grc' dir='ltr'>πλάττοντος</span> <span class='ocrx_word' id='word_1_337' title='bbox 2700 2282 2716 2305; x_wconf 92' lang='grc'><strong>,</strong></span> <span class='ocrx_word' id='word_1_338' title='bbox 2774 2243 2835 2296; x_wconf 86' lang='grc' dir='ltr'>τὸ</span> <span class='ocrx_word' id='word_1_339' title='bbox 2867 2243 2924 2296; x_wconf 81' lang='grc' dir='ltr'>δὲ</span> <span class='ocrx_word' id='word_1_340' title='bbox 2957 2241 3017 2304; x_wconf 73' lang='grc' dir='ltr'><strong>ἐξ</strong></span> <span class='ocrx_word' id='word_1_341' title='bbox 3049 2243 3296 2305; x_wconf 83' lang='grc' dir='ltr'>ἐκείνων,</span> <span class='ocrx_word' id='word_1_342' title='bbox 3329 2237 3407 2304; x_wconf 82' lang='grc' dir='ltr'>οἷς</span> <span class='ocrx_word' id='word_1_343' title='bbox 3433 2240 3657 2301; x_wconf 73' lang='grc' dir='ltr'>δυσσεϐῶς</span> 
     </span>
    </p>
   </div>
   <div class='ocr_carea' id='block_1_48' title="bbox 2131 2330 3658 2404">
    <p class='ocr_par' dir='ltr' id='par_1_48' title="bbox 2131 2330 3658 2404">
     <span class='ocr_line' id='line_1_48' title="bbox 2131 2330 3658 2404; baseline 0.001 -20"><span class='ocrx_word' id='word_1_344' title='bbox 2131 2333 2227 2386; x_wconf 74' lang='grc' dir='ltr'>καὶ</span> <span class='ocrx_word' id='word_1_345' title='bbox 2273 2331 2450 2395; x_wconf 85' lang='grc' dir='ltr'>ἀθέως</span> <span class='ocrx_word' id='word_1_346' title='bbox 2495 2331 2876 2404; x_wconf 88' lang='grc' dir='ltr'>ἀνιερώθησαν</span> <span class='ocrx_word' id='word_1_347' title='bbox 2927 2331 3375 2402; x_wconf 75' lang='grc' dir='ltr'>έξωνομασμένα.</span> <span class='ocrx_word' id='word_1_348' title='bbox 3409 2331 3501 2383; x_wconf 77' lang='grc' dir='ltr'>Διά</span> <span class='ocrx_word' id='word_1_349' title='bbox 3531 2330 3658 2385; x_wconf 85' lang='grc' dir='ltr'>τοῦτο</span> 
     </span>
    </p>
   </div>
   <div class='ocr_carea' id='block_1_49' title="bbox 2131 2421 3657 2494">
    <p class='ocr_par' dir='ltr' id='par_1_49' title="bbox 2131 2421 3657 2494">
     <span class='ocr_line' id='line_1_49' title="bbox 2131 2421 3657 2494; baseline -0.001 -19"><span class='ocrx_word' id='word_1_350' title='bbox 2131 2422 2236 2476; x_wconf 73' lang='grc' dir='ltr'><strong>κᾶν</strong></span> <span class='ocrx_word' id='word_1_351' title='bbox 2268 2423 2367 2494; x_wconf 82' lang='grc' dir='ltr'><strong>ἔχῃ</strong></span> <span class='ocrx_word' id='word_1_352' title='bbox 2413 2425 2589 2494; x_wconf 87' lang='grc' dir='ltr'>στόμα</span> <span class='ocrx_word' id='word_1_353' title='bbox 2611 2466 2626 2490; x_wconf 95' lang='grc'><strong>,</strong></span> <span class='ocrx_word' id='word_1_354' title='bbox 2668 2425 2769 2493; x_wconf 85' lang='grc' dir='ltr'>τὴν</span> <span class='ocrx_word' id='word_1_355' title='bbox 2812 2425 3060 2493; x_wconf 83' lang='grc' dir='ltr'>ἀφωνίαν</span> <span class='ocrx_word' id='word_1_356' title='bbox 3088 2423 3438 2487; x_wconf 79' lang='grc' dir='ltr'>ὀνειδίζεται·</span> <span class='ocrx_word' id='word_1_357' title='bbox 3473 2422 3564 2474; x_wconf 76' lang='grc' dir='ltr'>κᾶν</span> <span class='ocrx_word' id='word_1_358' title='bbox 3588 2421 3657 2474; x_wconf 80' lang='grc' dir='ltr'>πό-</span> 
     </span>
    </p>
   </div>
   <div class='ocr_carea' id='block_1_50' title="bbox 2127 2509 3655 2588">
    <p class='ocr_par' dir='ltr' id='par_1_50' title="bbox 2127 2509 3655 2588">
     <span class='ocr_line' id='line_1_50' title="bbox 2127 2509 3655 2588; baseline -0.003 -19"><span class='ocrx_word' id='word_1_359' title='bbox 2127 2515 2243 2581; x_wconf 85' lang='grc' dir='ltr'>δας,</span> <span class='ocrx_word' id='word_1_360' title='bbox 2276 2516 2382 2570; x_wconf 72' lang='grc' dir='ltr'>κᾶν</span> <span class='ocrx_word' id='word_1_361' title='bbox 2423 2519 2631 2588; x_wconf 82' lang='grc' dir='ltr'>χεῖρας,</span> <span class='ocrx_word' id='word_1_362' title='bbox 2683 2517 2782 2587; x_wconf 82' lang='grc' dir='ltr'>τὴν</span> <span class='ocrx_word' id='word_1_363' title='bbox 2811 2517 3133 2586; x_wconf 81' lang='grc' dir='ltr'>ἀκινησίαν·</span> <span class='ocrx_word' id='word_1_364' title='bbox 3167 2516 3274 2568; x_wconf 69' lang='grc' dir='ltr'><strong>κᾶν</strong></span> <span class='ocrx_word' id='word_1_365' title='bbox 3306 2509 3434 2576; x_wconf 82' lang='grc' dir='ltr'>ὦτα,</span> <span class='ocrx_word' id='word_1_366' title='bbox 3468 2515 3559 2566; x_wconf 70' lang='grc' dir='ltr'>κᾶν</span> <span class='ocrx_word' id='word_1_367' title='bbox 3593 2516 3655 2580; x_wconf 69' lang='grc' dir='ltr'><strong>ῥῖ-</strong></span> 
     </span>
    </p>
   </div>
   <div class='ocr_carea' id='block_1_51' title="bbox 2129 2605 3654 2677">
    <p class='ocr_par' dir='ltr' id='par_1_51' title="bbox 2129 2605 3654 2677">
     <span class='ocr_line' id='line_1_51' title="bbox 2129 2605 3654 2677; baseline 0.001 -17"><span class='ocrx_word' id='word_1_368' title='bbox 2129 2625 2246 2673; x_wconf 84' lang='grc' dir='ltr'>νας,</span> <span class='ocrx_word' id='word_1_369' title='bbox 2281 2608 2385 2661; x_wconf 76' lang='grc' dir='ltr'>κᾶν</span> <span class='ocrx_word' id='word_1_370' title='bbox 2410 2608 2463 2660; x_wconf 78' lang='grc' dir='ltr'><strong>εί</strong></span> <span class='ocrx_word' id='word_1_371' title='bbox 2495 2625 2546 2661; x_wconf 87' lang='grc' dir='ltr'><strong>τι</strong></span> <span class='ocrx_word' id='word_1_372' title='bbox 2576 2607 2722 2670; x_wconf 84' lang='grc' dir='ltr'>ἄλλο,</span> <span class='ocrx_word' id='word_1_373' title='bbox 2749 2606 2848 2676; x_wconf 82' lang='grc' dir='ltr'>τὴν</span> <span class='ocrx_word' id='word_1_374' title='bbox 2880 2608 3262 2677; x_wconf 85' lang='grc' dir='ltr'>ἀναισθησίαν,</span> <span class='ocrx_word' id='word_1_375' title='bbox 3286 2608 3379 2660; x_wconf 79' lang='grc' dir='ltr'>καὶ</span> <span class='ocrx_word' id='word_1_376' title='bbox 3409 2605 3654 2675; x_wconf 78' lang='grc' dir='ltr'>ἀπραξίαν.</span> 
     </span>
    </p>
   </div>
   <div class='ocr_carea' id='block_1_52' title="bbox 2128 2693 3656 2772">
    <p class='ocr_par' dir='ltr' id='par_1_52' title="bbox 2128 2693 3656 2772">
     <span class='ocr_line' id='line_1_52' title="bbox 2128 2693 3656 2772; baseline -0.003 -20"><span class='ocrx_word' id='word_1_377' title='bbox 2128 2700 2226 2752; x_wconf 62' lang='grc' dir='ltr'><strong>καί⁵</strong></span> <span class='ocrx_word' id='word_1_378' title='bbox 2255 2699 2314 2753; x_wconf 84' lang='grc' dir='ltr'>τὸ</span> <span class='ocrx_word' id='word_1_379' title='bbox 2347 2693 2702 2770; x_wconf 83' lang='grc' dir='ltr'>μάταιον.Ὦν</span> <span class='ocrx_word' id='word_1_380' title='bbox 2731 2699 2840 2772; x_wconf 83' lang='grc' dir='ltr'>γὰρ</span> <span class='ocrx_word' id='word_1_381' title='bbox 2861 2700 2894 2772; x_wconf 80' lang='grc' dir='ltr'>ἢ</span> <span class='ocrx_word' id='word_1_382' title='bbox 2917 2701 3069 2753; x_wconf 80' lang='grc' dir='ltr'>οὐδὲν</span> <span class='ocrx_word' id='word_1_383' title='bbox 3091 2701 3124 2770; x_wconf 76' lang='grc' dir='ltr'>ἢ</span> <span class='ocrx_word' id='word_1_384' title='bbox 3151 2699 3391 2768; x_wconf 86' lang='grc' dir='ltr'>δύστηνα</span> <span class='ocrx_word' id='word_1_385' title='bbox 3418 2698 3506 2750; x_wconf 76' lang='grc' dir='ltr'>καὶ</span> <span class='ocrx_word' id='word_1_386' title='bbox 3523 2696 3656 2763; x_wconf 83' lang='grc' dir='ltr'>ἐναγῆ</span> 
     </span>
    </p>
   </div>
   <div class='ocr_carea' id='block_1_53' title="bbox 455 2245 2029 2314">
    <p class='ocr_par' dir='ltr' id='par_1_53' title="bbox 455 2245 2029 2314">
     <span class='ocr_line' id='line_1_53' title="bbox 455 2245 2029 2314; baseline 0.001 -14"><span class='ocrx_word' id='word_1_387' title='bbox 455 2262 576 2300; x_wconf 89' lang='lat' dir='ltr'><strong>nem</strong></span> <span class='ocrx_word' id='word_1_388' title='bbox 602 2248 816 2303; x_wconf 87' lang='lat' dir='ltr'><strong>sortita.</strong></span> <span class='ocrx_word' id='word_1_389' title='bbox 836 2245 987 2304; x_wconf 84' lang='lat' dir='ltr'><strong>Hanc</strong></span> <span class='ocrx_word' id='word_1_390' title='bbox 1011 2247 1080 2303; x_wconf 93' lang='lat' dir='ltr'><strong>ob</strong></span> <span class='ocrx_word' id='word_1_391' title='bbox 1096 2263 1340 2313; x_wconf 89' lang='lat' dir='ltr'><strong>causam,</strong></span> <span class='ocrx_word' id='word_1_392' title='bbox 1359 2248 1486 2303; x_wconf 90' lang='lat' dir='ltr'><strong>licet</strong></span> <span class='ocrx_word' id='word_1_393' title='bbox 1505 2263 1569 2304; x_wconf 88' lang='lat' dir='ltr'><strong>os</strong></span> <span class='ocrx_word' id='word_1_394' title='bbox 1596 2247 1852 2314; x_wconf 88' lang='lat' dir='ltr'><strong>habeant,</strong></span> <span class='ocrx_word' id='word_1_395' title='bbox 1877 2256 2029 2302; x_wconf 89' lang='lat' dir='ltr'><strong>muta</strong></span> 
     </span>
    </p>
   </div>
   <div class='ocr_carea' id='block_1_54' title="bbox 453 2431 2025 2500">
    <p class='ocr_par' dir='ltr' id='par_1_54' title="bbox 453 2431 2025 2500">
     <span class='ocr_line' id='line_1_54' title="bbox 453 2431 2025 2500; baseline 0.001 -16"><span class='ocrx_word' id='word_1_396' title='bbox 453 2431 581 2486; x_wconf 90' lang='lat' dir='ltr'><strong>licet</strong></span> <span class='ocrx_word' id='word_1_397' title='bbox 599 2447 777 2494; x_wconf 83' lang='lat' dir='ltr'><strong>aures.</strong></span> <span class='ocrx_word' id='word_1_398' title='bbox 798 2447 985 2500; x_wconf 88' lang='lat' dir='ltr'><strong>nasos,</strong></span> <span class='ocrx_word' id='word_1_399' title='bbox 1019 2441 1200 2488; x_wconf 88' lang='lat' dir='ltr'><strong>tamen</strong></span> <span class='ocrx_word' id='word_1_400' title='bbox 1230 2433 1347 2489; x_wconf 89' lang='lat' dir='ltr'><strong>sine</strong></span> <span class='ocrx_word' id='word_1_401' title='bbox 1365 2448 1550 2498; x_wconf 89' lang='lat' dir='ltr'><strong>sensu,</strong></span> <span class='ocrx_word' id='word_1_402' title='bbox 1573 2433 1689 2488; x_wconf 92' lang='lat' dir='ltr'><strong>sine</strong></span> <span class='ocrx_word' id='word_1_403' title='bbox 1703 2433 1919 2488; x_wconf 84' lang='lat' dir='ltr'><strong>actione</strong></span> <span class='ocrx_word' id='word_1_404' title='bbox 1938 2433 2025 2487; x_wconf 90' lang='lat' dir='ltr'><strong>in-</strong></span> 
     </span>
    </p>
   </div>
   <div class='ocr_carea' id='block_1_55' title="bbox 453 2521 2024 2598">
    <p class='ocr_par' dir='ltr' id='par_1_55' title="bbox 453 2521 2024 2598">
     <span class='ocr_line' id='line_1_55' title="bbox 453 2521 2024 2598; baseline 0.003 -23"><span class='ocrx_word' id='word_1_405' title='bbox 453 2522 578 2583; x_wconf 76' lang='lat' dir='ltr'><strong>ania</strong></span> <span class='ocrx_word' id='word_1_406' title='bbox 595 2537 716 2578; x_wconf 89' lang='lat' dir='ltr'><strong>esse</strong></span> <span class='ocrx_word' id='word_1_407' title='bbox 732 2521 1259 2589; x_wconf 87' lang='lat' dir='ltr'><strong>dicuntur.Quorum</strong></span> <span class='ocrx_word' id='word_1_408' title='bbox 1276 2524 1420 2580; x_wconf 92' lang='lat' dir='ltr'><strong>enim</strong></span> <span class='ocrx_word' id='word_1_409' title='bbox 1437 2524 1749 2598; x_wconf 78' lang='lat' dir='ltr'><strong>archetypa,</strong></span> <span class='ocrx_word' id='word_1_410' title='bbox 1764 2525 1847 2580; x_wconf 81' lang='lat' dir='ltr'><strong>vel</strong></span> <span class='ocrx_word' id='word_1_411' title='bbox 1866 2526 2024 2594; x_wconf 87' lang='lat' dir='ltr'><strong>nihil,</strong></span> 
     </span>
    </p>
   </div>
   <div class='ocr_carea' id='block_1_56' title="bbox 453 2615 2027 2690">
    <p class='ocr_par' dir='ltr' id='par_1_56' title="bbox 453 2615 2027 2690">
     <span class='ocr_line' id='line_1_56' title="bbox 453 2615 2027 2690; baseline 0.003 -21"><span class='ocrx_word' id='word_1_412' title='bbox 453 2615 542 2670; x_wconf 65' lang='lat' dir='ltr'><strong>vel</strong></span> <span class='ocrx_word' id='word_1_413' title='bbox 564 2615 788 2680; x_wconf 86' lang='lat' dir='ltr'><strong>misera,</strong></span> <span class='ocrx_word' id='word_1_414' title='bbox 824 2617 910 2672; x_wconf 86' lang='lat' dir='ltr'><strong>vel</strong></span> <span class='ocrx_word' id='word_1_415' title='bbox 941 2617 1203 2690; x_wconf 83' lang='lat' dir='ltr'><strong>sacrilega</strong></span> <span class='ocrx_word' id='word_1_416' title='bbox 1239 2627 1388 2684; x_wconf 87' lang='lat' dir='ltr'><strong>sunt,</strong></span> <span class='ocrx_word' id='word_1_417' title='bbox 1425 2633 1616 2673; x_wconf 85' lang='lat' dir='ltr'><strong>eorum</strong></span> <span class='ocrx_word' id='word_1_418' title='bbox 1648 2616 1842 2673; x_wconf 76' lang='lat' dir='ltr'><strong>artifex</strong></span> <span class='ocrx_word' id='word_1_419' title='bbox 1883 2618 2027 2673; x_wconf 88' lang='lat' dir='ltr'><strong>inter</strong></span> 
     </span>
    </p>
   </div>
   <div class='ocr_carea' id='block_1_57' title="bbox 452 2709 2026 2779">
    <p class='ocr_par' dir='ltr' id='par_1_57' title="bbox 452 2709 2026 2779">
     <span class='ocr_line' id='line_1_57' title="bbox 452 2709 2026 2779; baseline 0.001 -17"><span class='ocrx_word' id='word_1_420' title='bbox 452 2709 655 2778; x_wconf 86' lang='lat' dir='ltr'><strong>impios</strong></span> <span class='ocrx_word' id='word_1_421' title='bbox 695 2711 867 2779; x_wconf 86' lang='lat' dir='ltr'><strong>magis</strong></span> <span class='ocrx_word' id='word_1_422' title='bbox 900 2710 1068 2765; x_wconf 91' lang='lat' dir='ltr'><strong>miser</strong></span> <span class='ocrx_word' id='word_1_423' title='bbox 1097 2720 1218 2773; x_wconf 89' lang='lat' dir='ltr'><strong>est,</strong></span> <span class='ocrx_word' id='word_1_424' title='bbox 1274 2718 1329 2764; x_wconf 90' lang='lat' dir='ltr'><strong>et</strong></span> <span class='ocrx_word' id='word_1_425' title='bbox 1377 2712 1558 2765; x_wconf 88' lang='lat' dir='ltr'><strong>cultus</strong></span> <span class='ocrx_word' id='word_1_426' title='bbox 1609 2709 1884 2765; x_wconf 89' lang='lat' dir='ltr'><strong>exhibitus</strong></span> <span class='ocrx_word' id='word_1_427' title='bbox 1918 2710 2026 2764; x_wconf 87' lang='lat' dir='ltr'><strong>Deo</strong></span> 
     </span>
    </p>
   </div>
   <div class='ocr_carea' id='block_1_58' title="bbox 451 2789 2023 2875">
    <p class='ocr_par' dir='ltr' id='par_1_58' title="bbox 451 2801 2023 2875">
     <span class='ocr_line' id='line_1_58' title="bbox 451 2801 2023 2875; baseline 0.001 -19"><span class='ocrx_word' id='word_1_428' title='bbox 451 2801 626 2872; x_wconf 84' lang='lat' dir='ltr'><strong>magis</strong></span> <span class='ocrx_word' id='word_1_429' title='bbox 679 2817 918 2871; x_wconf 79' lang='lat' dir='ltr'><strong>exosus;</strong></span> <span class='ocrx_word' id='word_1_430' title='bbox 955 2803 1105 2860; x_wconf 90' lang='lat' dir='ltr'><strong>hisce</strong></span> <span class='ocrx_word' id='word_1_431' title='bbox 1163 2804 1313 2860; x_wconf 87' lang='lat' dir='ltr'><strong>nullo</strong></span> <span class='ocrx_word' id='word_1_432' title='bbox 1359 2805 1518 2860; x_wconf 91' lang='lat' dir='ltr'><strong>modo</strong></span> <span class='ocrx_word' id='word_1_433' title='bbox 1567 2812 1748 2875; x_wconf 88' lang='lat' dir='ltr'><strong>potest</strong></span> <span class='ocrx_word' id='word_1_434' title='bbox 1777 2803 2023 2874; x_wconf 87' lang='lat' dir='ltr'><strong>adaptari</strong></span> 
     </span>
    </p>
   </div>
   <div class='ocr_carea' id='block_1_59' title="bbox 2126 2789 3656 2875">
    <p class='ocr_par' dir='ltr' id='par_1_59' title="bbox 2127 2789 3656 2865">
     <span class='ocr_line' id='line_1_59' title="bbox 2127 2789 3656 2865; baseline -0.004 -19"><span class='ocrx_word' id='word_1_435' title='bbox 2127 2793 2198 2862; x_wconf 77' lang='grc' dir='ltr'>τὰ</span> <span class='ocrx_word' id='word_1_436' title='bbox 2225 2793 2532 2865; x_wconf 82' lang='grc' dir='ltr'>ἀρχέτυπα,</span> <span class='ocrx_word' id='word_1_437' title='bbox 2560 2794 2656 2846; x_wconf 79' lang='grc' dir='ltr'>καὶ</span> <span class='ocrx_word' id='word_1_438' title='bbox 2683 2795 2714 2846; x_wconf 84' lang='grc' dir='ltr'>ὁ</span> <span class='ocrx_word' id='word_1_439' title='bbox 2743 2793 2956 2848; x_wconf 86' lang='grc' dir='ltr'>τούτων</span> <span class='ocrx_word' id='word_1_440' title='bbox 2991 2792 3244 2862; x_wconf 84' lang='grc' dir='ltr'>πλάστης</span> <span class='ocrx_word' id='word_1_441' title='bbox 3277 2792 3410 2862; x_wconf 86' lang='grc' dir='ltr'><strong>μετά</strong></span> <span class='ocrx_word' id='word_1_442' title='bbox 3443 2789 3529 2842; x_wconf 89' lang='grc' dir='ltr'><strong>τοῦ</strong></span> <span class='ocrx_word' id='word_1_443' title='bbox 3555 2790 3656 2842; x_wconf 85' lang='grc' dir='ltr'>δυσ-</span> 
     </span>
    </p>
   </div>
   <div class='ocr_carea' id='block_1_60' title="bbox 450 2883 2023 2968">
    <p class='ocr_par' dir='ltr' id='par_1_60' title="bbox 450 2895 2023 2968">
     <span class='ocr_line' id='line_1_60' title="bbox 450 2895 2023 2968; baseline 0.003 -20"><span class='ocrx_word' id='word_1_444' title='bbox 450 2895 639 2964; x_wconf 67' lang='lat' dir='ltr'><strong>gratia:</strong></span> <span class='ocrx_word' id='word_1_445' title='bbox 661 2904 715 2950; x_wconf 86' lang='lat' dir='ltr'><strong>et</strong></span> <span class='ocrx_word' id='word_1_446' title='bbox 747 2896 934 2965; x_wconf 65' lang='lat' dir='ltr'><strong>gloriae</strong></span> <span class='ocrx_word' id='word_1_447' title='bbox 977 2896 1276 2968; x_wconf 87' lang='lat' dir='ltr'><strong>quidquam</strong></span> <span class='ocrx_word' id='word_1_448' title='bbox 1320 2897 1686 2968; x_wconf 85' lang='lat' dir='ltr'><strong>operationis,</strong></span> <span class='ocrx_word' id='word_1_449' title='bbox 1720 2906 1816 2953; x_wconf 87' lang='lat' dir='ltr'><strong>aut</strong></span> <span class='ocrx_word' id='word_1_450' title='bbox 1857 2897 2023 2959; x_wconf 83' lang='lat' dir='ltr'><strong>hone-</strong></span> 
     </span>
    </p>
   </div>
   <div class='ocr_carea' id='block_1_61' title="bbox 2126 2883 3658 2968">
    <p class='ocr_par' dir='ltr' id='par_1_61' title="bbox 2131 2883 3658 2956">
     <span class='ocr_line' id='line_1_61' title="bbox 2131 2883 3658 2956; baseline -0.003 -19"><span class='ocrx_word' id='word_1_451' title='bbox 2131 2884 2327 2948; x_wconf 78' lang='grc' dir='ltr'>σεὸοῦς</span> <span class='ocrx_word' id='word_1_452' title='bbox 2355 2884 2688 2954; x_wconf 86' lang='grc' dir='ltr'>ἀθλιώτερος</span> <span class='ocrx_word' id='word_1_453' title='bbox 2709 2886 2804 2940; x_wconf 74' lang='grc' dir='ltr'>καὶ</span> <span class='ocrx_word' id='word_1_454' title='bbox 2829 2885 2890 2939; x_wconf 77' lang='grc' dir='ltr'>τὸ</span> <span class='ocrx_word' id='word_1_455' title='bbox 2917 2886 3018 2956; x_wconf 83' lang='grc' dir='ltr'>τῆς</span> <span class='ocrx_word' id='word_1_456' title='bbox 3045 2885 3308 2955; x_wconf 87' lang='grc' dir='ltr'>λατρείας</span> <span class='ocrx_word' id='word_1_457' title='bbox 3336 2883 3452 2938; x_wconf 80' lang='grc' dir='ltr'>ὅλον</span> <span class='ocrx_word' id='word_1_458' title='bbox 3474 2883 3658 2934; x_wconf 79' lang='grc' dir='ltr'>θεοστνο</span> 
     </span>
    </p>
   </div>
   <div class='ocr_carea' id='block_1_62' title="bbox 450 2969 2023 3077">
    <p class='ocr_par' dir='ltr' id='par_1_62' title="bbox 450 2987 2021 3059">
     <span class='ocr_line' id='line_1_62' title="bbox 450 2987 2021 3059; baseline 0.003 -19"><span class='ocrx_word' id='word_1_459' title='bbox 450 2987 588 3046; x_wconf 86' lang='lat' dir='ltr'><strong>stior</strong></span> <span class='ocrx_word' id='word_1_460' title='bbox 617 2988 926 3059; x_wconf 88' lang='lat' dir='ltr'><strong>appellatio.</strong></span> <span class='ocrx_word' id='word_1_461' title='bbox 984 2988 1054 3044; x_wconf 87' lang='lat' dir='ltr'><strong>At</strong></span> <span class='ocrx_word' id='word_1_462' title='bbox 1087 2989 1525 3045; x_wconf 88' lang='lat' dir='ltr'><strong>Christianorum</strong></span> <span class='ocrx_word' id='word_1_463' title='bbox 1565 3004 1720 3044; x_wconf 88' lang='lat' dir='ltr'><strong>sacra</strong></span> <span class='ocrx_word' id='word_1_464' title='bbox 1774 2998 1829 3045; x_wconf 92' lang='lat' dir='ltr'><strong>et</strong></span> <span class='ocrx_word' id='word_1_465' title='bbox 1858 3005 2021 3045; x_wconf 82' lang='lat' dir='ltr'><strong>vene-</strong></span> 
     </span>
    </p>
   </div>
   <div class='ocr_carea' id='block_1_63' title="bbox 2126 2969 3658 3077">
    <p class='ocr_par' dir='ltr' id='par_1_63' title="bbox 2131 2969 3658 3047">
     <span class='ocr_line' id='line_1_63' title="bbox 2131 2969 3658 3047; baseline 0.003 -17"><span class='ocrx_word' id='word_1_466' title='bbox 2131 2977 2402 3047; x_wconf 78' lang='grc' dir='ltr'><strong>γέστερον⁸</strong></span> <span class='ocrx_word' id='word_1_467' title='bbox 2415 2976 2626 3040; x_wconf 87' lang='grc' dir='ltr'>τούτοις</span> <span class='ocrx_word' id='word_1_468' title='bbox 2650 2976 2816 3030; x_wconf 85' lang='grc' dir='ltr'>πόθεν</span> <span class='ocrx_word' id='word_1_469' title='bbox 2843 2977 2978 3041; x_wconf 83' lang='grc' dir='ltr'>ὅλως</span> <span class='ocrx_word' id='word_1_470' title='bbox 2999 2977 3228 3047; x_wconf 85' lang='grc' dir='ltr'>χάριτός</span> <span class='ocrx_word' id='word_1_471' title='bbox 3253 2973 3445 3044; x_wconf 81' lang='grc' dir='ltr'>τινοςῆ</span> <span class='ocrx_word' id='word_1_472' title='bbox 3468 2969 3658 3041; x_wconf 73' lang='grc' dir='ltr'>δόξηςοῆ</span> 
     </span>
    </p>
   </div>
   <div class='ocr_carea' id='block_1_64' title="bbox 449 3080 2023 3152">
    <p class='ocr_par' dir='ltr' id='par_1_64' title="bbox 449 3080 2023 3152">
     <span class='ocr_line' id='line_1_64' title="bbox 449 3080 2023 3152; baseline 0.004 -21"><span class='ocrx_word' id='word_1_473' title='bbox 449 3080 645 3135; x_wconf 90' lang='lat' dir='ltr'><strong>rabilia</strong></span> <span class='ocrx_word' id='word_1_474' title='bbox 678 3096 807 3137; x_wconf 73' lang='lat' dir='ltr'><strong>vasa</strong></span> <span class='ocrx_word' id='word_1_475' title='bbox 841 3081 1256 3137; x_wconf 86' lang='lat' dir='ltr'><strong>sacramentalia</strong></span> <span class='ocrx_word' id='word_1_476' title='bbox 1285 3123 1300 3144; x_wconf 90' lang='lat'><strong>,</strong></span> <span class='ocrx_word' id='word_1_477' title='bbox 1333 3082 1564 3152; x_wconf 88' lang='lat' dir='ltr'><strong>templa,</strong></span> <span class='ocrx_word' id='word_1_478' title='bbox 1612 3081 1877 3152; x_wconf 84' lang='lat' dir='ltr'><strong>imagines</strong></span> <span class='ocrx_word' id='word_1_479' title='bbox 1903 3122 1918 3145; x_wconf 92' lang='lat'><strong>,</strong></span> <span class='ocrx_word' id='word_1_480' title='bbox 1967 3091 2023 3137; x_wconf 90' lang='lat' dir='ltr'><strong>et</strong></span> 
     </span>
    </p>
   </div>
   <div class='ocr_carea' id='block_1_65' title="bbox 449 3171 2019 3243">
    <p class='ocr_par' dir='ltr' id='par_1_65' title="bbox 449 3171 2019 3243">
     <span class='ocr_line' id='line_1_65' title="bbox 449 3171 2019 3243; baseline 0.001 -19"><span class='ocrx_word' id='word_1_481' title='bbox 449 3171 554 3225; x_wconf 90' lang='lat' dir='ltr'><strong>alia</strong></span> <span class='ocrx_word' id='word_1_482' title='bbox 615 3172 833 3241; x_wconf 87' lang='lat' dir='ltr'><strong>pietatis</strong></span> <span class='ocrx_word' id='word_1_483' title='bbox 892 3173 1185 3242; x_wconf 90' lang='lat' dir='ltr'><strong>cultusque</strong></span> <span class='ocrx_word' id='word_1_484' title='bbox 1233 3173 1410 3243; x_wconf 86' lang='lat' dir='ltr'><strong>signa,</strong></span> <span class='ocrx_word' id='word_1_485' title='bbox 1454 3180 1736 3242; x_wconf 88' lang='lat' dir='ltr'><strong>utcunque</strong></span> <span class='ocrx_word' id='word_1_486' title='bbox 1773 3173 2019 3227; x_wconf 84' lang='lat' dir='ltr'><strong>eamdem</strong></span> 
     </span>
    </p>
   </div>
   <div class='ocr_carea' id='block_1_66' title="bbox 453 3263 2024 3327">
    <p class='ocr_par' dir='ltr' id='par_1_66' title="bbox 453 3263 2024 3327">
     <span class='ocr_line' id='line_1_66' title="bbox 453 3263 2024 3327; baseline 0.001 -11"><span class='ocrx_word' id='word_1_487' title='bbox 453 3263 737 3318; x_wconf 83' lang='lat' dir='ltr'><strong>materiem</strong></span> <span class='ocrx_word' id='word_1_488' title='bbox 769 3263 1095 3327; x_wconf 88' lang='lat' dir='ltr'><strong>sortiantur,</strong></span> <span class='ocrx_word' id='word_1_489' title='bbox 1127 3265 1180 3319; x_wconf 93' lang='lat' dir='ltr'><strong>in</strong></span> <span class='ocrx_word' id='word_1_490' title='bbox 1215 3265 1412 3320; x_wconf 87' lang='lat' dir='ltr'><strong>melius</strong></span> <span class='ocrx_word' id='word_1_491' title='bbox 1437 3274 1616 3320; x_wconf 87' lang='lat' dir='ltr'><strong>tamen</strong></span> <span class='ocrx_word' id='word_1_492' title='bbox 1643 3264 1815 3318; x_wconf 88' lang='lat' dir='ltr'><strong>multo</strong></span> <span class='ocrx_word' id='word_1_493' title='bbox 1844 3274 2024 3318; x_wconf 82' lang='lat' dir='ltr'><strong>trans-</strong></span> 
     </span>
    </p>
   </div>
   <div class='ocr_carea' id='block_1_67' title="bbox 450 3351 2023 3424">
    <p class='ocr_par' dir='ltr' id='par_1_67' title="bbox 450 3351 2023 3424">
     <span class='ocr_line' id='line_1_67' title="bbox 450 3351 2023 3424; baseline 0.001 -18"><span class='ocrx_word' id='word_1_494' title='bbox 450 3351 799 3417; x_wconf 81' lang='lat' dir='ltr'><strong>formantur;</strong></span> <span class='ocrx_word' id='word_1_495' title='bbox 841 3369 968 3420; x_wconf 91' lang='lat' dir='ltr'><strong>usu,</strong></span> <span class='ocrx_word' id='word_1_496' title='bbox 1001 3352 1245 3418; x_wconf 89' lang='lat' dir='ltr'><strong>nomine,</strong></span> <span class='ocrx_word' id='word_1_497' title='bbox 1291 3354 1625 3424; x_wconf 85' lang='lat' dir='ltr'><strong>mystagogia</strong></span> <span class='ocrx_word' id='word_1_498' title='bbox 1664 3362 1718 3407; x_wconf 91' lang='lat' dir='ltr'><strong>et</strong></span> <span class='ocrx_word' id='word_1_499' title='bbox 1742 3354 2023 3424; x_wconf 83' lang='lat' dir='ltr'><strong>exempla-</strong></span> 
     </span>
    </p>
   </div>
   <div class='ocr_carea' id='block_1_68' title="bbox 450 3443 2024 3514">
    <p class='ocr_par' dir='ltr' id='par_1_68' title="bbox 450 3443 2024 3514">
     <span class='ocr_line' id='line_1_68' title="bbox 450 3443 2024 3514; baseline 0.001 -16"><span class='ocrx_word' id='word_1_500' title='bbox 450 3443 596 3498; x_wconf 83' lang='lat' dir='ltr'><strong>rium</strong></span> <span class='ocrx_word' id='word_1_501' title='bbox 620 3443 924 3509; x_wconf 89' lang='lat' dir='ltr'><strong>divinitate,</strong></span> <span class='ocrx_word' id='word_1_502' title='bbox 952 3457 1186 3514; x_wconf 91' lang='lat' dir='ltr'><strong>quorum</strong></span> <span class='ocrx_word' id='word_1_503' title='bbox 1217 3459 1313 3514; x_wconf 87' lang='lat' dir='ltr'><strong>per</strong></span> <span class='ocrx_word' id='word_1_504' title='bbox 1337 3445 1680 3500; x_wconf 88' lang='lat' dir='ltr'><strong>characteres</strong></span> <span class='ocrx_word' id='word_1_505' title='bbox 1704 3444 2024 3514; x_wconf 85' lang='lat' dir='ltr'><strong>exprimun-</strong></span> 
     </span>
    </p>
   </div>
   <div class='ocr_carea' id='block_1_69' title="bbox 453 3534 2023 3606">
    <p class='ocr_par' dir='ltr' id='par_1_69' title="bbox 453 3534 2023 3606">
     <span class='ocr_line' id='line_1_69' title="bbox 453 3534 2023 3606; baseline 0.003 -18"><span class='ocrx_word' id='word_1_506' title='bbox 453 3545 563 3601; x_wconf 88' lang='lat' dir='ltr'><strong>tur,</strong></span> <span class='ocrx_word' id='word_1_507' title='bbox 593 3545 648 3589; x_wconf 90' lang='lat' dir='ltr'><strong>et</strong></span> <span class='ocrx_word' id='word_1_508' title='bbox 675 3535 1396 3606; x_wconf 63' lang='lat' dir='ltr'><strong>sanctiﬁcatai&#39;separataque</strong></span> <span class='ocrx_word' id='word_1_509' title='bbox 1445 3537 1817 3603; x_wconf 83' lang='lat' dir='ltr'><strong>perﬁciuntur.</strong></span> <span class='ocrx_word' id='word_1_510' title='bbox 1871 3534 2023 3592; x_wconf 81' lang='lat' dir='ltr'><strong>Hanc</strong></span> 
     </span>
    </p>
   </div>
   <div class='ocr_carea' id='block_1_70' title="bbox 450 3628 2020 3700">
    <p class='ocr_par' dir='ltr' id='par_1_70' title="bbox 450 3628 2020 3700">
     <span class='ocr_line' id='line_1_70' title="bbox 450 3628 2020 3700; baseline 0.001 -19"><span class='ocrx_word' id='word_1_511' title='bbox 450 3628 522 3688; x_wconf 90' lang='lat' dir='ltr'><strong>ob</strong></span> <span class='ocrx_word' id='word_1_512' title='bbox 550 3643 773 3682; x_wconf 90' lang='lat' dir='ltr'><strong>causam</strong></span> <span class='ocrx_word' id='word_1_513' title='bbox 810 3629 953 3683; x_wconf 88' lang='lat' dir='ltr'><strong>haud</strong></span> <span class='ocrx_word' id='word_1_514' title='bbox 995 3628 1221 3683; x_wconf 84' lang='lat' dir='ltr'><strong>ulterius</strong></span> <span class='ocrx_word' id='word_1_515' title='bbox 1255 3628 1482 3700; x_wconf 87' lang='lat' dir='ltr'><strong>lignum,</strong></span> <span class='ocrx_word' id='word_1_516' title='bbox 1521 3629 1682 3698; x_wconf 90' lang='lat' dir='ltr'><strong>lapis,</strong></span> <span class='ocrx_word' id='word_1_517' title='bbox 1713 3639 2020 3700; x_wconf 76' lang='lat' dir='ltr'><strong>argentum,</strong></span> 
     </span>
    </p>
   </div>
   <div class='ocr_carea' id='block_1_71' title="bbox 450 3721 2022 3791">
    <p class='ocr_par' dir='ltr' id='par_1_71' title="bbox 450 3721 2022 3791">
     <span class='ocr_line' id='line_1_71' title="bbox 450 3721 2022 3791; baseline 0.002 -17"><span class='ocrx_word' id='word_1_518' title='bbox 450 3735 680 3782; x_wconf 89' lang='lat' dir='ltr'><strong>aurum,</strong></span> <span class='ocrx_word' id='word_1_519' title='bbox 723 3736 832 3775; x_wconf 93' lang='lat' dir='ltr'><strong>non</strong></span> <span class='ocrx_word' id='word_1_520' title='bbox 875 3722 1038 3776; x_wconf 88' lang='lat' dir='ltr'><strong>modo</strong></span> <span class='ocrx_word' id='word_1_521' title='bbox 1067 3721 1277 3776; x_wconf 84' lang='lat' dir='ltr'><strong>colores</strong></span> <span class='ocrx_word' id='word_1_522' title='bbox 1325 3730 1589 3790; x_wconf 90' lang='lat' dir='ltr'><strong>potestate</strong></span> <span class='ocrx_word' id='word_1_523' title='bbox 1627 3732 1680 3777; x_wconf 91' lang='lat' dir='ltr'><strong>et</strong></span> <span class='ocrx_word' id='word_1_524' title='bbox 1715 3724 1884 3791; x_wconf 78' lang='lat' dir='ltr'><strong>gratia</strong></span> <span class='ocrx_word' id='word_1_525' title='bbox 1931 3737 2022 3777; x_wconf 83' lang='lat' dir='ltr'><strong>as-</strong></span> 
     </span>
    </p>
   </div>
   <div class='ocr_carea' id='block_1_72' title="bbox 451 3812 2022 3883">
    <p class='ocr_par' dir='ltr' id='par_1_72' title="bbox 451 3812 2022 3883">
     <span class='ocr_line' id='line_1_72' title="bbox 451 3812 2022 3883; baseline 0.002 -16"><span class='ocrx_word' id='word_1_526' title='bbox 451 3813 679 3867; x_wconf 85' lang='lat' dir='ltr'><strong>sistente</strong></span> <span class='ocrx_word' id='word_1_527' title='bbox 706 3821 761 3868; x_wconf 91' lang='lat' dir='ltr'><strong>et</strong></span> <span class='ocrx_word' id='word_1_528' title='bbox 790 3812 1142 3878; x_wconf 82' lang='lat' dir='ltr'><strong>specilicante</strong></span> <span class='ocrx_word' id='word_1_529' title='bbox 1170 3813 1414 3868; x_wconf 90' lang='lat' dir='ltr'><strong>destituti</strong></span> <span class='ocrx_word' id='word_1_530' title='bbox 1442 3816 1681 3883; x_wconf 82' lang='lat' dir='ltr'><strong>reputari</strong></span> <span class='ocrx_word' id='word_1_531' title='bbox 1707 3814 1908 3870; x_wconf 89' lang='lat' dir='ltr'><strong>debent</strong></span> <span class='ocrx_word' id='word_1_532' title='bbox 1938 3816 2022 3870; x_wconf 71' lang='lat' dir='ltr'><strong>vel</strong></span> 
     </span>
    </p>
   </div>
   <div class='ocr_carea' id='block_1_73' title="bbox 449 3903 2024 3977">
    <p class='ocr_par' dir='ltr' id='par_1_73' title="bbox 449 3903 2024 3977">
     <span class='ocr_line' id='line_1_73' title="bbox 449 3903 2024 3977; baseline 0.004 -21"><span class='ocrx_word' id='word_1_533' title='bbox 449 3903 721 3958; x_wconf 91' lang='lat' dir='ltr'><strong>nominari</strong></span> <span class='ocrx_word' id='word_1_534' title='bbox 758 3922 771 3958; x_wconf 90' lang='lat'><strong>:</strong></span> <span class='ocrx_word' id='word_1_535' title='bbox 801 3915 990 3960; x_wconf 89' lang='lat' dir='ltr'><strong>sancta</strong></span> <span class='ocrx_word' id='word_1_536' title='bbox 1030 3905 1232 3974; x_wconf 92' lang='lat' dir='ltr'><strong>potius,</strong></span> <span class='ocrx_word' id='word_1_537' title='bbox 1261 3905 1599 3971; x_wconf 90' lang='lat' dir='ltr'><strong>honoranda,</strong></span> <span class='ocrx_word' id='word_1_538' title='bbox 1632 3906 1895 3977; x_wconf 87' lang='lat' dir='ltr'><strong>gloriosa,</strong></span> <span class='ocrx_word' id='word_1_539' title='bbox 1933 3921 2024 3962; x_wconf 81' lang='lat' dir='ltr'><strong>ve-</strong></span> 
     </span>
    </p>
   </div>
   <div class='ocr_carea' id='block_1_74' title="bbox 447 3995 2022 4069">
    <p class='ocr_par' dir='ltr' id='par_1_74' title="bbox 447 3995 2022 4069">
     <span class='ocr_line' id='line_1_74' title="bbox 447 3995 2022 4069; baseline 0 -17"><span class='ocrx_word' id='word_1_540' title='bbox 447 3996 735 4052; x_wconf 85' lang='lat' dir='ltr'><strong>nerabilia.</strong></span> <span class='ocrx_word' id='word_1_541' title='bbox 765 3995 901 4053; x_wconf 89' lang='lat' dir='ltr'><strong>Cum</strong></span> <span class='ocrx_word' id='word_1_542' title='bbox 943 3998 1086 4052; x_wconf 86' lang='lat' dir='ltr'><strong>enim</strong></span> <span class='ocrx_word' id='word_1_543' title='bbox 1133 3999 1459 4069; x_wconf 88' lang='lat' dir='ltr'><strong>participent</strong></span> <span class='ocrx_word' id='word_1_544' title='bbox 1504 4000 1780 4055; x_wconf 70' lang='lat' dir='ltr'><strong>cmlestem</strong></span> <span class='ocrx_word' id='word_1_545' title='bbox 1829 4015 2022 4069; x_wconf 80' lang='lat' dir='ltr'><strong>opera-</strong></span> 
     </span>
    </p>
   </div>
   <div class='ocr_carea' id='block_1_75' title="bbox 448 4086 2018 4158">
    <p class='ocr_par' dir='ltr' id='par_1_75' title="bbox 448 4086 2018 4158">
     <span class='ocr_line' id='line_1_75' title="bbox 448 4086 2018 4158; baseline 0.003 -19"><span class='ocrx_word' id='word_1_546' title='bbox 448 4086 654 4140; x_wconf 91' lang='lat' dir='ltr'><strong>tionem</strong></span> <span class='ocrx_word' id='word_1_547' title='bbox 679 4127 696 4153; x_wconf 87' lang='lat'><strong>,</strong></span> <span class='ocrx_word' id='word_1_548' title='bbox 728 4099 782 4142; x_wconf 87' lang='lat' dir='ltr'><strong>et</strong></span> <span class='ocrx_word' id='word_1_549' title='bbox 807 4102 928 4143; x_wconf 92' lang='lat' dir='ltr'><strong>eam</strong></span> <span class='ocrx_word' id='word_1_550' title='bbox 959 4089 1026 4148; x_wconf 88' lang='lat' dir='ltr'><strong>iis</strong></span> <span class='ocrx_word' id='word_1_551' title='bbox 1054 4090 1494 4156; x_wconf 90' lang='lat' dir='ltr'><strong>communicent,</strong></span> <span class='ocrx_word' id='word_1_552' title='bbox 1525 4090 1727 4158; x_wconf 90' lang='lat' dir='ltr'><strong>quibus</strong></span> <span class='ocrx_word' id='word_1_553' title='bbox 1757 4090 2018 4144; x_wconf 85' lang='lat' dir='ltr'><strong>dedican-</strong></span> 
     </span>
    </p>
   </div>
   <div class='ocr_carea' id='block_1_76' title="bbox 450 4179 2022 4252">
    <p class='ocr_par' dir='ltr' id='par_1_76' title="bbox 450 4179 2022 4252">
     <span class='ocr_line' id='line_1_76' title="bbox 450 4179 2022 4252; baseline 0.004 -20"><span class='ocrx_word' id='word_1_554' title='bbox 450 4189 541 4232; x_wconf 91' lang='lat' dir='ltr'><strong>tur</strong></span> <span class='ocrx_word' id='word_1_555' title='bbox 565 4219 580 4244; x_wconf 92' lang='lat'><strong>,</strong></span> <span class='ocrx_word' id='word_1_556' title='bbox 618 4195 854 4250; x_wconf 89' lang='lat' dir='ltr'><strong>quorum</strong></span> <span class='ocrx_word' id='word_1_557' title='bbox 895 4196 1093 4236; x_wconf 91' lang='lat' dir='ltr'><strong>nomen</strong></span> <span class='ocrx_word' id='word_1_558' title='bbox 1123 4179 1406 4246; x_wconf 82' lang='lat' dir='ltr'><strong>referunt,</strong></span> <span class='ocrx_word' id='word_1_559' title='bbox 1441 4182 1678 4250; x_wconf 87' lang='lat' dir='ltr'><strong>speciem</strong></span> <span class='ocrx_word' id='word_1_560' title='bbox 1723 4197 2022 4252; x_wconf 72' lang='lat' dir='ltr'><strong>reprzesen-</strong></span> 
     </span>
    </p>
   </div>
   <div class='ocr_carea' id='block_1_77' title="bbox 451 4271 2022 4342">
    <p class='ocr_par' dir='ltr' id='par_1_77' title="bbox 451 4271 2022 4342">
     <span class='ocr_line' id='line_1_77' title="bbox 451 4271 2022 4342; baseline 0.003 -18"><span class='ocrx_word' id='word_1_561' title='bbox 451 4279 584 4333; x_wconf 89' lang='lat' dir='ltr'><strong>tant,</strong></span> <span class='ocrx_word' id='word_1_562' title='bbox 615 4286 852 4342; x_wconf 88' lang='lat' dir='ltr'><strong>cumque</strong></span> <span class='ocrx_word' id='word_1_563' title='bbox 880 4274 1122 4326; x_wconf 89' lang='lat' dir='ltr'><strong>animum</strong></span> <span class='ocrx_word' id='word_1_564' title='bbox 1157 4280 1404 4325; x_wconf 91' lang='lat' dir='ltr'><strong>nostrum</strong></span> <span class='ocrx_word' id='word_1_565' title='bbox 1432 4272 1497 4325; x_wconf 85' lang='lat' dir='ltr'><strong>ad</strong></span> <span class='ocrx_word' id='word_1_566' title='bbox 1546 4271 1638 4327; x_wconf 83' lang='lat' dir='ltr'><strong>illa</strong></span> <span class='ocrx_word' id='word_1_567' title='bbox 1669 4273 2022 4328; x_wconf 81' lang='lat' dir='ltr'><strong>transvehant</strong></span> 
     </span>
    </p>
   </div>
   <div class='ocr_carea' id='block_1_78' title="bbox 2122 3067 3659 3142">
    <p class='ocr_par' dir='ltr' id='par_1_78' title="bbox 2122 3067 3659 3142">
     <span class='ocr_line' id='line_1_78' title="bbox 2122 3067 3659 3142; baseline -0.007 -16"><span class='ocrx_word' id='word_1_568' title='bbox 2122 3070 2422 3140; x_wconf 77' lang='grc' dir='ltr'>ἐνεργείας,</span> <span class='ocrx_word' id='word_1_569' title='bbox 2439 3071 2472 3142; x_wconf 71' lang='grc' dir='ltr'>ἦ</span> <span class='ocrx_word' id='word_1_570' title='bbox 2486 3087 2630 3133; x_wconf 89' lang='grc' dir='ltr'>τινος</span> <span class='ocrx_word' id='word_1_571' title='bbox 2644 3073 2977 3142; x_wconf 81' lang='grc' dir='ltr'>σεμνοτέρας</span> <span class='ocrx_word' id='word_1_572' title='bbox 2995 3071 3245 3142; x_wconf 81' lang='grc' dir='ltr'>κλήσεως</span> <span class='ocrx_word' id='word_1_573' title='bbox 3261 3067 3523 3128; x_wconf 81' lang='grc' dir='ltr'>οἰκείωσις</span> <span class='ocrx_word' id='word_1_574' title='bbox 3537 3079 3659 3133; x_wconf 81' lang='grc' dir='ltr'>πορι-</span> 
     </span>
    </p>
   </div>
   <div class='ocr_carea' id='block_1_79' title="bbox 2125 3156 3660 3232">
    <p class='ocr_par' dir='ltr' id='par_1_79' title="bbox 2125 3156 3660 3232">
     <span class='ocr_line' id='line_1_79' title="bbox 2125 3156 3660 3232; baseline -0.004 -20"><span class='ocrx_word' id='word_1_575' title='bbox 2125 3159 2496 3232; x_wconf 84' lang='grc' dir='ltr'>σθήσεται;Τά</span> <span class='ocrx_word' id='word_1_576' title='bbox 2525 3160 2582 3214; x_wconf 83' lang='grc' dir='ltr'>δὲ</span> <span class='ocrx_word' id='word_1_577' title='bbox 2610 3161 2762 3230; x_wconf 82' lang='grc' dir='ltr'>ἀγια,</span> <span class='ocrx_word' id='word_1_578' title='bbox 2779 3163 2876 3216; x_wconf 79' lang='grc' dir='ltr'>καὶ</span> <span class='ocrx_word' id='word_1_579' title='bbox 2906 3161 3080 3215; x_wconf 84' lang='grc' dir='ltr'>σεπτά</span> <span class='ocrx_word' id='word_1_580' title='bbox 3106 3161 3220 3216; x_wconf 86' lang='grc' dir='ltr'><strong>τῶν</strong></span> <span class='ocrx_word' id='word_1_581' title='bbox 3249 3158 3570 3232; x_wconf 83' lang='grc' dir='ltr'>Χριστιανῶν</span> <span class='ocrx_word' id='word_1_582' title='bbox 3597 3156 3660 3208; x_wconf 80' lang='grc' dir='ltr'>ἰε-</span> 
     </span>
    </p>
   </div>
   <div class='ocr_carea' id='block_1_80' title="bbox 2126 3249 3661 3324">
    <p class='ocr_par' dir='ltr' id='par_1_80' title="bbox 2126 3249 3661 3324">
     <span class='ocr_line' id='line_1_80' title="bbox 2126 3249 3661 3324; baseline -0.003 -19"><span class='ocrx_word' id='word_1_583' title='bbox 2126 3266 2218 3318; x_wconf 84' lang='grc' dir='ltr'><strong>ρον</strong></span> <span class='ocrx_word' id='word_1_584' title='bbox 2226 3250 2392 3322; x_wconf 83' lang='grc' dir='ltr'>ργικά</span> <span class='ocrx_word' id='word_1_585' title='bbox 2406 3267 2466 3303; x_wconf 87' lang='grc' dir='ltr'><strong>τε</strong></span> <span class='ocrx_word' id='word_1_586' title='bbox 2482 3250 2675 3322; x_wconf 88' lang='grc' dir='ltr'>σκεύη,</span> <span class='ocrx_word' id='word_1_587' title='bbox 2689 3255 2784 3306; x_wconf 78' lang='grc' dir='ltr'>καὶ</span> <span class='ocrx_word' id='word_1_588' title='bbox 2794 3253 3017 3324; x_wconf 77' lang='grc' dir='ltr'>τεμένη,</span> <span class='ocrx_word' id='word_1_589' title='bbox 3033 3255 3125 3306; x_wconf 72' lang='grc' dir='ltr'>καὶ</span> <span class='ocrx_word' id='word_1_590' title='bbox 3137 3271 3163 3306; x_wconf 92' lang='grc' dir='ltr'><strong>ε</strong></span> <span class='ocrx_word' id='word_1_591' title='bbox 3173 3253 3506 3324; x_wconf 81' lang='grc' dir='ltr'>ἰκονίσματα,</span> <span class='ocrx_word' id='word_1_592' title='bbox 3521 3249 3601 3303; x_wconf 71' lang='grc' dir='ltr'>καὶ</span> <span class='ocrx_word' id='word_1_593' title='bbox 3609 3250 3661 3302; x_wconf 70' lang='grc' dir='ltr'>τὰ</span> 
     </span>
    </p>
   </div>
   <div class='ocr_carea' id='block_1_81' title="bbox 2121 3340 3661 3416">
    <p class='ocr_par' dir='ltr' id='par_1_81' title="bbox 2121 3340 3661 3416">
     <span class='ocr_line' id='line_1_81' title="bbox 2121 3340 3661 3416; baseline 0.003 -25"><span class='ocrx_word' id='word_1_594' title='bbox 2121 3341 2258 3411; x_wconf 71' lang='grc' dir='ltr'>ἀλλα</span> <span class='ocrx_word' id='word_1_595' title='bbox 2269 3341 2370 3410; x_wconf 82' lang='grc' dir='ltr'>τῆς</span> <span class='ocrx_word' id='word_1_596' title='bbox 2387 3340 2537 3406; x_wconf 88' lang='grc' dir='ltr'>θείας</span> <span class='ocrx_word' id='word_1_597' title='bbox 2553 3343 2712 3414; x_wconf 83' lang='grc' dir='ltr'>ήμῶν</span> <span class='ocrx_word' id='word_1_598' title='bbox 2728 3346 2756 3398; x_wconf 94' lang='grc' dir='ltr'><strong>θ</strong></span> <span class='ocrx_word' id='word_1_599' title='bbox 2766 3345 3024 3416; x_wconf 84' lang='grc' dir='ltr'>ρησκείας</span> <span class='ocrx_word' id='word_1_600' title='bbox 3041 3344 3104 3398; x_wconf 82' lang='grc' dir='ltr'><strong>σύ</strong></span> <span class='ocrx_word' id='word_1_601' title='bbox 3111 3345 3434 3416; x_wconf 77' lang='grc' dir='ltr'>μϐολα,ὲπεὶ</span> <span class='ocrx_word' id='word_1_602' title='bbox 3447 3343 3542 3398; x_wconf 83' lang='grc' dir='ltr'>κᾶν</span> <span class='ocrx_word' id='word_1_603' title='bbox 3555 3341 3661 3409; x_wconf 82' lang='grc' dir='ltr'>ὓλην</span> 
     </span>
    </p>
   </div>
   <div class='ocr_carea' id='block_1_82' title="bbox 2122 3429 3660 3508">
    <p class='ocr_par' dir='ltr' id='par_1_82' title="bbox 2122 3429 3660 3508">
     <span class='ocr_line' id='line_1_82' title="bbox 2122 3429 3660 3508; baseline 0.002 -22"><span class='ocrx_word' id='word_1_604' title='bbox 2122 3433 2218 3503; x_wconf 83' lang='grc' dir='ltr'>οὐχ</span> <span class='ocrx_word' id='word_1_605' title='bbox 2241 3433 2435 3503; x_wconf 78' lang='grc' dir='ltr'>ἑτέραν</span> <span class='ocrx_word' id='word_1_606' title='bbox 2463 3435 2830 3507; x_wconf 80' lang='grc' dir='ltr'>ὐποὸέδληται</span> <span class='ocrx_word' id='word_1_607' title='bbox 2852 3476 2868 3501; x_wconf 95' lang='grc'><strong>,</strong></span> <span class='ocrx_word' id='word_1_608' title='bbox 2901 3438 3015 3490; x_wconf 86' lang='grc' dir='ltr'>ἀλλ’</span> <span class='ocrx_word' id='word_1_609' title='bbox 3046 3433 3142 3491; x_wconf 84' lang='grc' dir='ltr'><strong>οῦν</strong></span> <span class='ocrx_word' id='word_1_610' title='bbox 3174 3455 3239 3506; x_wconf 88' lang='grc' dir='ltr'><strong>γε</strong></span> <span class='ocrx_word' id='word_1_611' title='bbox 3269 3437 3404 3508; x_wconf 81' lang='grc' dir='ltr'>πρὸς</span> <span class='ocrx_word' id='word_1_612' title='bbox 3434 3435 3490 3489; x_wconf 80' lang='grc' dir='ltr'>τὸ</span> <span class='ocrx_word' id='word_1_613' title='bbox 3515 3429 3660 3500; x_wconf 79' lang='grc' dir='ltr'>πολλῷ</span> 
     </span>
    </p>
   </div>
   <div class='ocr_carea' id='block_1_83' title="bbox 2121 3523 3661 3601">
    <p class='ocr_par' dir='ltr' id='par_1_83' title="bbox 2121 3523 3661 3601">
     <span class='ocr_line' id='line_1_83' title="bbox 2121 3523 3661 3601; baseline -0.004 -21"><span class='ocrx_word' id='word_1_614' title='bbox 2121 3525 2344 3596; x_wconf 84' lang='grc' dir='ltr'>ἄμεινον</span> <span class='ocrx_word' id='word_1_615' title='bbox 2403 3529 2838 3596; x_wconf 84' lang='grc' dir='ltr'>μετεσκεύασται</span> <span class='ocrx_word' id='word_1_616' title='bbox 2857 3546 2872 3562; x_wconf 87' lang='grc'><strong>·</strong></span> <span class='ocrx_word' id='word_1_617' title='bbox 2904 3531 3098 3600; x_wconf 79' lang='grc' dir='ltr'>χρήσει</span> <span class='ocrx_word' id='word_1_618' title='bbox 3127 3530 3242 3601; x_wconf 79' lang='grc' dir='ltr'>γὰρ</span> <span class='ocrx_word' id='word_1_619' title='bbox 3269 3531 3362 3583; x_wconf 74' lang='grc' dir='ltr'>καὶ</span> <span class='ocrx_word' id='word_1_620' title='bbox 3388 3527 3563 3598; x_wconf 78' lang='grc' dir='ltr'>κλήσει</span> <span class='ocrx_word' id='word_1_621' title='bbox 3586 3523 3661 3576; x_wconf 77' lang='grc' dir='ltr'>καὶ</span> 
     </span>
    </p>
   </div>
   <div class='ocr_carea' id='block_1_84' title="bbox 2127 3619 3658 3695">
    <p class='ocr_par' dir='ltr' id='par_1_84' title="bbox 2127 3619 3658 3695">
     <span class='ocr_line' id='line_1_84' title="bbox 2127 3619 3658 3695; baseline 0.006 -26"><span class='ocrx_word' id='word_1_622' title='bbox 2127 3619 2493 3691; x_wconf 80' lang='grc' dir='ltr'>μυσταγωγίᾳ</span> <span class='ocrx_word' id='word_1_623' title='bbox 2517 3661 2532 3685; x_wconf 91' lang='grc'><strong>,</strong></span> <span class='ocrx_word' id='word_1_624' title='bbox 2558 3622 2653 3675; x_wconf 79' lang='grc' dir='ltr'><strong>καὶ</strong></span> <span class='ocrx_word' id='word_1_625' title='bbox 2701 3625 2767 3693; x_wconf 82' lang='grc' dir='ltr'>τῇ</span> <span class='ocrx_word' id='word_1_626' title='bbox 2808 3623 2915 3676; x_wconf 86' lang='grc' dir='ltr'><strong>τῶν</strong></span> <span class='ocrx_word' id='word_1_627' title='bbox 2959 3623 3426 3695; x_wconf 82' lang='grc' dir='ltr'>παραδειγμάτων</span> <span class='ocrx_word' id='word_1_628' title='bbox 3458 3621 3658 3690; x_wconf 78' lang='grc' dir='ltr'>θεότητι.</span> 
     </span>
    </p>
   </div>
   <div class='ocr_carea' id='block_1_85' title="bbox 2121 3704 3661 3787">
    <p class='ocr_par' dir='ltr' id='par_1_85' title="bbox 2121 3704 3661 3787">
     <span class='ocr_line' id='line_1_85' title="bbox 2121 3704 3661 3787; baseline -0.003 -22"><span class='ocrx_word' id='word_1_629' title='bbox 2121 3704 2196 3765; x_wconf 83' lang='grc' dir='ltr'>ὧν</span> <span class='ocrx_word' id='word_1_630' title='bbox 2214 3712 2328 3774; x_wconf 85' lang='grc' dir='ltr'>τοῖς</span> <span class='ocrx_word' id='word_1_631' title='bbox 2362 3715 2709 3786; x_wconf 83' lang='grc' dir='ltr'>χαρακτῆρσι</span> <span class='ocrx_word' id='word_1_632' title='bbox 2739 3716 3216 3787; x_wconf 84' lang='grc' dir='ltr'>διαμεμόρφωται,</span> <span class='ocrx_word' id='word_1_633' title='bbox 3252 3717 3346 3770; x_wconf 72' lang='grc' dir='ltr'>καὶ</span> <span class='ocrx_word' id='word_1_634' title='bbox 3376 3712 3570 3786; x_wconf 85' lang='grc' dir='ltr'>μυρίοις</span> <span class='ocrx_word' id='word_1_635' title='bbox 3588 3711 3661 3766; x_wconf 76' lang='grc' dir='ltr'>ἀλ·</span> 
     </span>
    </p>
   </div>
   <div class='ocr_carea' id='block_1_86' title="bbox 2122 3804 3658 3874">
    <p class='ocr_par' dir='ltr' id='par_1_86' title="bbox 2122 3804 3658 3874">
     <span class='ocr_line' id='line_1_86' title="bbox 2122 3804 3658 3874; baseline -0.001 -16"><span class='ocrx_word' id='word_1_636' title='bbox 2122 3806 2236 3868; x_wconf 92' lang='grc' dir='ltr'>λοις</span> <span class='ocrx_word' id='word_1_637' title='bbox 2280 3804 2722 3874; x_wconf 86' lang='grc' dir='ltr'>καθαγιασθέντα</span> <span class='ocrx_word' id='word_1_638' title='bbox 2765 3811 3128 3867; x_wconf 84' lang='grc' dir='ltr'>τετελείωται.</span> <span class='ocrx_word' id='word_1_639' title='bbox 3173 3813 3275 3866; x_wconf 85' lang='grc' dir='ltr'>Διά</span> <span class='ocrx_word' id='word_1_640' title='bbox 3319 3811 3470 3865; x_wconf 88' lang='grc' dir='ltr'>τοῦτο</span> <span class='ocrx_word' id='word_1_641' title='bbox 3508 3806 3658 3862; x_wconf 78' lang='grc' dir='ltr'>οὐκέτι</span> 
     </span>
    </p>
   </div>
   <div class='ocr_carea' id='block_1_87' title="bbox 2122 3897 3658 3976">
    <p class='ocr_par' dir='ltr' id='par_1_87' title="bbox 2122 3897 3658 3976">
     <span class='ocr_line' id='line_1_87' title="bbox 2122 3897 3658 3976; baseline 0.003 -24"><span class='ocrx_word' id='word_1_642' title='bbox 2122 3899 2276 3966; x_wconf 82' lang='grc' dir='ltr'>ξύλα,</span> <span class='ocrx_word' id='word_1_643' title='bbox 2330 3901 2364 3970; x_wconf 79' lang='grc' dir='ltr'><strong>ἢ</strong></span> <span class='ocrx_word' id='word_1_644' title='bbox 2409 3901 2577 3966; x_wconf 89' lang='grc' dir='ltr'>λίθος,</span> <span class='ocrx_word' id='word_1_645' title='bbox 2610 3903 2721 3956; x_wconf 80' lang='grc' dir='ltr'>οὐδ’</span> <span class='ocrx_word' id='word_1_646' title='bbox 2748 3903 3008 3976; x_wconf 81' lang='grc' dir='ltr'>ἄργυρος,</span> <span class='ocrx_word' id='word_1_647' title='bbox 3053 3905 3176 3959; x_wconf 83' lang='grc' dir='ltr'>οὐδὲ</span> <span class='ocrx_word' id='word_1_648' title='bbox 3207 3905 3437 3976; x_wconf 76' lang='grc' dir='ltr'>χρυσόςο</span> <span class='ocrx_word' id='word_1_649' title='bbox 3474 3903 3530 3955; x_wconf 81' lang='grc' dir='ltr'><strong>ού</strong></span> <span class='ocrx_word' id='word_1_650' title='bbox 3574 3897 3658 3969; x_wconf 72' lang='grc' dir='ltr'>μὴν</span> 
     </span>
    </p>
   </div>
   <div class='ocr_carea' id='block_1_88' title="bbox 2121 3993 3659 4067">
    <p class='ocr_par' dir='ltr' id='par_1_88' title="bbox 2121 3993 3659 4067">
     <span class='ocr_line' id='line_1_88' title="bbox 2121 3993 3659 4067; baseline -0.001 -20"><span class='ocrx_word' id='word_1_651' title='bbox 2121 3993 2240 4048; x_wconf 80' lang='grc' dir='ltr'>οὐδὲ</span> <span class='ocrx_word' id='word_1_652' title='bbox 2291 3995 2560 4067; x_wconf 88' lang='grc' dir='ltr'>χρώματα</span> <span class='ocrx_word' id='word_1_653' title='bbox 2607 3997 2792 4066; x_wconf 75' lang='grc' dir='ltr'>γυμνὰ</span> <span class='ocrx_word' id='word_1_654' title='bbox 2842 3997 2942 4066; x_wconf 82' lang='grc' dir='ltr'>τῆς</span> <span class='ocrx_word' id='word_1_655' title='bbox 2991 3996 3361 4067; x_wconf 86' lang='grc' dir='ltr'>εἰδοποιούσης</span> <span class='ocrx_word' id='word_1_656' title='bbox 3411 3995 3499 4048; x_wconf 76' lang='grc' dir='ltr'>καὶ</span> <span class='ocrx_word' id='word_1_657' title='bbox 3544 4006 3659 4058; x_wconf 71' lang='grc' dir='ltr'>παρο</span> 
     </span>
    </p>
   </div>
   <div class='ocr_carea' id='block_1_89' title="bbox 2121 4087 3658 4162">
    <p class='ocr_par' dir='ltr' id='par_1_89' title="bbox 2121 4087 3658 4162">
     <span class='ocr_line' id='line_1_89' title="bbox 2121 4087 3658 4162; baseline -0.002 -22"><span class='ocrx_word' id='word_1_658' title='bbox 2121 4087 2446 4158; x_wconf 82' lang='grc' dir='ltr'>εδρευούσης</span> <span class='ocrx_word' id='word_1_659' title='bbox 2470 4089 2752 4160; x_wconf 82' lang='grc' dir='ltr'>δυνάμεώς</span> <span class='ocrx_word' id='word_1_660' title='bbox 2782 4107 2844 4143; x_wconf 89' lang='grc' dir='ltr'><strong>τε</strong></span> <span class='ocrx_word' id='word_1_661' title='bbox 2876 4091 2969 4143; x_wconf 86' lang='grc' dir='ltr'>καὶ</span> <span class='ocrx_word' id='word_1_662' title='bbox 2996 4091 3245 4162; x_wconf 82' lang='grc' dir='ltr'>χάριτος,</span> <span class='ocrx_word' id='word_1_663' title='bbox 3277 4089 3386 4143; x_wconf 74' lang='grc' dir='ltr'>οὔτ’</span> <span class='ocrx_word' id='word_1_664' title='bbox 3413 4089 3475 4142; x_wconf 86' lang='grc' dir='ltr'>ἂν</span> <span class='ocrx_word' id='word_1_665' title='bbox 3505 4089 3658 4150; x_wconf 81' lang='grc' dir='ltr'><strong>έννοη⁸</strong></span> 
     </span>
    </p>
   </div>
   <div class='ocr_carea' id='block_1_90' title="bbox 2125 4176 3654 4252">
    <p class='ocr_par' dir='ltr' id='par_1_90' title="bbox 2125 4176 3654 4252">
     <span class='ocr_line' id='line_1_90' title="bbox 2125 4176 3654 4252; baseline 0 -20"><span class='ocrx_word' id='word_1_666' title='bbox 2125 4179 2245 4251; x_wconf 86' lang='grc' dir='ltr'>θείη</span> <span class='ocrx_word' id='word_1_667' title='bbox 2279 4183 2431 4248; x_wconf 81' lang='grc' dir='ltr'>ποτὲ,</span> <span class='ocrx_word' id='word_1_668' title='bbox 2465 4181 2590 4236; x_wconf 79' lang='grc' dir='ltr'>οὔτε</span> <span class='ocrx_word' id='word_1_669' title='bbox 2619 4182 3199 4252; x_wconf 84' lang='grc' dir='ltr'>παρονομασθήσεται·</span> <span class='ocrx_word' id='word_1_670' title='bbox 3220 4183 3352 4250; x_wconf 82' lang='grc' dir='ltr'>ἆγια</span> <span class='ocrx_word' id='word_1_671' title='bbox 3379 4180 3433 4233; x_wconf 84' lang='grc' dir='ltr'>δὲ</span> <span class='ocrx_word' id='word_1_672' title='bbox 3468 4176 3654 4249; x_wconf 80' lang='grc' dir='ltr'>μᾶλλον.</span> 
     </span>
    </p>
   </div>
   <div class='ocr_carea' id='block_1_91' title="bbox 2122 4266 3656 4344">
    <p class='ocr_par' dir='ltr' id='par_1_91' title="bbox 2122 4266 3656 4344">
     <span class='ocr_line' id='line_1_91' title="bbox 2122 4266 3656 4344; baseline 0.006 -20"><span class='ocrx_word' id='word_1_673' title='bbox 2122 4271 2215 4325; x_wconf 83' lang='grc' dir='ltr'><strong>καί</strong></span> <span class='ocrx_word' id='word_1_674' title='bbox 2263 4273 2422 4343; x_wconf 85' lang='grc' dir='ltr'>τίμια</span> <span class='ocrx_word' id='word_1_675' title='bbox 2483 4273 2578 4326; x_wconf 79' lang='grc' dir='ltr'>καὶ</span> <span class='ocrx_word' id='word_1_676' title='bbox 2621 4273 3004 4344; x_wconf 79' lang='grc' dir='ltr'>δεδοξασμένα,</span> <span class='ocrx_word' id='word_1_677' title='bbox 3057 4274 3151 4326; x_wconf 78' lang='grc' dir='ltr'>καὶ</span> <span class='ocrx_word' id='word_1_678' title='bbox 3203 4273 3393 4326; x_wconf 66' lang='lat' dir='ltr'><strong>semei.</strong></span> <span class='ocrx_word' id='word_1_679' title='bbox 3443 4271 3544 4337; x_wconf 77' lang='grc' dir='ltr'><strong>Τῆς</strong></span> <span class='ocrx_word' id='word_1_680' title='bbox 3568 4266 3656 4332; x_wconf 70' lang='grc' dir='ltr'>γὰρ</span> 
     </span>
    </p>
   </div>
   <div class='ocr_carea' id='block_1_92' title="bbox 445 4356 2023 4436">
    <p class='ocr_par' dir='ltr' id='par_1_92' title="bbox 445 4363 2014 4436">
     <span class='ocr_line' id='line_1_92' title="bbox 445 4363 2014 4436; baseline 0.001 -18"><span class='ocrx_word' id='word_1_681' title='bbox 445 4374 497 4418; x_wconf 88' lang='lat' dir='ltr'><strong>et</strong></span> <span class='ocrx_word' id='word_1_682' title='bbox 539 4374 926 4432; x_wconf 90' lang='lat' dir='ltr'><strong>transportent,</strong></span> <span class='ocrx_word' id='word_1_683' title='bbox 958 4373 1013 4419; x_wconf 91' lang='lat' dir='ltr'><strong>et</strong></span> <span class='ocrx_word' id='word_1_684' title='bbox 1050 4364 1294 4418; x_wconf 78' lang='lat' dir='ltr'><strong>divinum</strong></span> <span class='ocrx_word' id='word_1_685' title='bbox 1342 4363 1583 4418; x_wconf 81' lang='lat' dir='ltr'><strong>favorem</strong></span> <span class='ocrx_word' id='word_1_686' title='bbox 1620 4365 1780 4419; x_wconf 90' lang='lat' dir='ltr'><strong>nobis</strong></span> <span class='ocrx_word' id='word_1_687' title='bbox 1811 4381 2014 4436; x_wconf 83' lang='lat' dir='ltr'><strong>procu-</strong></span> 
     </span>
    </p>
   </div>
   <div class='ocr_carea' id='block_1_93' title="bbox 2126 4356 3655 4436">
    <p class='ocr_par' dir='ltr' id='par_1_93' title="bbox 2126 4356 3655 4436">
     <span class='ocr_line' id='line_1_93' title="bbox 2126 4356 3655 4436; baseline -0.004 -20"><span class='ocrx_word' id='word_1_688' title='bbox 2126 4363 2323 4418; x_wconf 70' lang='grc' dir='ltr'>ἀνωθεν</span> <span class='ocrx_word' id='word_1_689' title='bbox 2366 4365 2668 4436; x_wconf 83' lang='grc' dir='ltr'>ἐνεργείας,</span> <span class='ocrx_word' id='word_1_690' title='bbox 2707 4367 2801 4419; x_wconf 78' lang='grc' dir='ltr'>καὶ</span> <span class='ocrx_word' id='word_1_691' title='bbox 2830 4361 2910 4429; x_wconf 81' lang='grc' dir='ltr'>οἷς</span> <span class='ocrx_word' id='word_1_692' title='bbox 2941 4365 3316 4419; x_wconf 82' lang='grc' dir='ltr'>ἀνατέθεινται</span> <span class='ocrx_word' id='word_1_693' title='bbox 3337 4407 3350 4428; x_wconf 90' lang='grc'><strong>,</strong></span> <span class='ocrx_word' id='word_1_694' title='bbox 3391 4357 3462 4416; x_wconf 84' lang='grc' dir='ltr'>ὧν</span> <span class='ocrx_word' id='word_1_695' title='bbox 3492 4378 3546 4412; x_wconf 82' lang='grc' dir='ltr'><strong>τε</strong></span> <span class='ocrx_word' id='word_1_696' title='bbox 3574 4356 3655 4424; x_wconf 73' lang='grc' dir='ltr'>τὴν</span> 
     </span>
    </p>
   </div>
   <div class='ocr_carea' id='block_1_94' title="bbox 445 4456 2016 4519">
    <p class='ocr_par' dir='ltr' id='par_1_94' title="bbox 445 4456 2016 4519">
     <span class='ocr_line' id='line_1_94' title="bbox 445 4456 2016 4519; baseline 0.001 -9"><span class='ocrx_word' id='word_1_697' title='bbox 445 4465 587 4519; x_wconf 91' lang='lat' dir='ltr'><strong>rent,</strong></span> <span class='ocrx_word' id='word_1_698' title='bbox 614 4465 669 4512; x_wconf 90' lang='lat' dir='ltr'><strong>et</strong></span> <span class='ocrx_word' id='word_1_699' title='bbox 695 4458 836 4512; x_wconf 88' lang='lat' dir='ltr'><strong>bona</strong></span> <span class='ocrx_word' id='word_1_700' title='bbox 867 4457 1164 4517; x_wconf 87' lang='lat' dir='ltr'><strong>attrahanl,</strong></span> <span class='ocrx_word' id='word_1_701' title='bbox 1196 4471 1303 4510; x_wconf 92' lang='lat' dir='ltr'><strong>non</strong></span> <span class='ocrx_word' id='word_1_702' title='bbox 1325 4470 1354 4508; x_wconf 91' lang='lat' dir='ltr'><strong>a</strong></span> <span class='ocrx_word' id='word_1_703' title='bbox 1389 4457 1615 4510; x_wconf 90' lang='lat' dir='ltr'><strong>materia</strong></span> <span class='ocrx_word' id='word_1_704' title='bbox 1655 4456 2016 4512; x_wconf 89' lang='lat' dir='ltr'><strong>denominan-</strong></span> 
     </span>
    </p>
   </div>
   <div class='ocr_carea' id='block_1_95' title="bbox 445 4548 2012 4620">
    <p class='ocr_par' dir='ltr' id='par_1_95' title="bbox 445 4548 2012 4620">
     <span class='ocr_line' id='line_1_95' title="bbox 445 4548 2012 4620; baseline 0 -16"><span class='ocrx_word' id='word_1_705' title='bbox 445 4558 556 4614; x_wconf 89' lang='lat' dir='ltr'><strong>tur,</strong></span> <span class='ocrx_word' id='word_1_706' title='bbox 597 4565 704 4606; x_wconf 93' lang='lat' dir='ltr'><strong>non</strong></span> <span class='ocrx_word' id='word_1_707' title='bbox 748 4551 816 4604; x_wconf 87' lang='lat' dir='ltr'><strong>ab</strong></span> <span class='ocrx_word' id='word_1_708' title='bbox 854 4550 1032 4620; x_wconf 85' lang='lat' dir='ltr'><strong>aliqua</strong></span> <span class='ocrx_word' id='word_1_709' title='bbox 1077 4549 1182 4608; x_wconf 82' lang='lat' dir='ltr'><strong>alia</strong></span> <span class='ocrx_word' id='word_1_710' title='bbox 1216 4548 1550 4618; x_wconf 83' lang='lat' dir='ltr'><strong>proprietate</strong></span> <span class='ocrx_word' id='word_1_711' title='bbox 1577 4549 2012 4612; x_wconf 84' lang='lat' dir='ltr'><strong>inconvenienti.</strong></span> 
     </span>
    </p>
   </div>
   <div class='ocr_carea' id='block_1_96' title="bbox 443 4640 2014 4712">
    <p class='ocr_par' dir='ltr' id='par_1_96' title="bbox 443 4640 2014 4712">
     <span class='ocr_line' id='line_1_96' title="bbox 443 4640 2014 4712; baseline 0.001 -15"><span class='ocrx_word' id='word_1_712' title='bbox 443 4652 496 4697; x_wconf 93' lang='lat' dir='ltr'><strong>et</strong></span> <span class='ocrx_word' id='word_1_713' title='bbox 525 4658 646 4712; x_wconf 69' lang='lat' dir='ltr'><strong>quae</strong></span> <span class='ocrx_word' id='word_1_714' title='bbox 673 4641 963 4697; x_wconf 87' lang='lat' dir='ltr'><strong>contrariis</strong></span> <span class='ocrx_word' id='word_1_715' title='bbox 996 4656 1299 4712; x_wconf 83' lang='lat' dir='ltr'><strong>congruere</strong></span> <span class='ocrx_word' id='word_1_716' title='bbox 1328 4640 1531 4712; x_wconf 89' lang='lat' dir='ltr'><strong>possit,</strong></span> <span class='ocrx_word' id='word_1_717' title='bbox 1563 4641 1656 4696; x_wconf 92' lang='lat' dir='ltr'><strong>sed</strong></span> <span class='ocrx_word' id='word_1_718' title='bbox 1687 4658 1808 4711; x_wconf 48' lang='lat' dir='ltr'><strong>qua!</strong></span> <span class='ocrx_word' id='word_1_719' title='bbox 1839 4646 2014 4710; x_wconf 84' lang='lat' dir='ltr'><strong>parti-</strong></span> 
     </span>
    </p>
   </div>
   <div class='ocr_carea' id='block_1_97' title="bbox 2113 4453 3651 4530">
    <p class='ocr_par' dir='ltr' id='par_1_97' title="bbox 2113 4453 3651 4530">
     <span class='ocr_line' id='line_1_97' title="bbox 2113 4453 3651 4530; baseline 0 -21"><span class='ocrx_word' id='word_1_720' title='bbox 2113 4455 2306 4526; x_wconf 82' lang='grc' dir='ltr'>κλῆσιν</span> <span class='ocrx_word' id='word_1_721' title='bbox 2327 4457 2422 4510; x_wconf 76' lang='grc' dir='ltr'>καὶ</span> <span class='ocrx_word' id='word_1_722' title='bbox 2451 4457 2514 4510; x_wconf 83' lang='grc' dir='ltr'>τὸ</span> <span class='ocrx_word' id='word_1_723' title='bbox 2545 4453 2686 4520; x_wconf 82' lang='grc' dir='ltr'>εἶδος</span> <span class='ocrx_word' id='word_1_724' title='bbox 2708 4457 2990 4528; x_wconf 80' lang='grc' dir='ltr'>φέρουσιν,</span> <span class='ocrx_word' id='word_1_725' title='bbox 3017 4460 3076 4511; x_wconf 83' lang='grc' dir='ltr'>ὲν</span> <span class='ocrx_word' id='word_1_726' title='bbox 3108 4458 3374 4530; x_wconf 77' lang='grc' dir='ltr'>μετουσία</span> <span class='ocrx_word' id='word_1_727' title='bbox 3399 4455 3651 4523; x_wconf 67' lang='grc' dir='ltr'>γενόμενα,</span> 
     </span>
    </p>
   </div>
   <div class='ocr_carea' id='block_1_98' title="bbox 2111 4547 3651 4622">
    <p class='ocr_par' dir='ltr' id='par_1_98' title="bbox 2111 4547 3651 4622">
     <span class='ocr_line' id='line_1_98' title="bbox 2111 4547 3651 4622; baseline -0.003 -21"><span class='ocrx_word' id='word_1_728' title='bbox 2111 4550 2203 4602; x_wconf 73' lang='grc' dir='ltr'>καὶ</span> <span class='ocrx_word' id='word_1_729' title='bbox 2247 4550 2338 4602; x_wconf 85' lang='grc' dir='ltr'>τὸν</span> <span class='ocrx_word' id='word_1_730' title='bbox 2382 4551 2651 4622; x_wconf 80' lang='grc' dir='ltr'>ἡμέτερον</span> <span class='ocrx_word' id='word_1_731' title='bbox 2697 4550 2820 4604; x_wconf 91' lang='grc' dir='ltr'>νοῦν</span> <span class='ocrx_word' id='word_1_732' title='bbox 2868 4553 3005 4620; x_wconf 77' lang='grc' dir='ltr'>πρὸς</span> <span class='ocrx_word' id='word_1_733' title='bbox 3049 4553 3238 4604; x_wconf 77' lang='grc' dir='ltr'>ἐκεῖνα</span> <span class='ocrx_word' id='word_1_734' title='bbox 3284 4547 3651 4610; x_wconf 75' lang='grc' dir='ltr'>διαϐιϐάζοντα.</span> 
     </span>
    </p>
   </div>
   <div class='ocr_carea' id='block_1_99' title="bbox 2108 4629 3649 4715">
    <p class='ocr_par' dir='ltr' id='par_1_99' title="bbox 2108 4629 3649 4715">
     <span class='ocr_line' id='line_1_99' title="bbox 2108 4629 3649 4715; baseline -0.003 -21"><span class='ocrx_word' id='word_1_735' title='bbox 2108 4641 2579 4714; x_wconf 82' lang='grc' dir='ltr'>διαπορθμεύοντά</span> <span class='ocrx_word' id='word_1_736' title='bbox 2621 4661 2679 4696; x_wconf 86' lang='grc' dir='ltr'><strong>τε</strong></span> <span class='ocrx_word' id='word_1_737' title='bbox 2731 4645 2861 4715; x_wconf 79' lang='grc' dir='ltr'>ἡμῖν</span> <span class='ocrx_word' id='word_1_738' title='bbox 2894 4645 2992 4714; x_wconf 81' lang='grc' dir='ltr'>τὴν</span> <span class='ocrx_word' id='word_1_739' title='bbox 3021 4641 3234 4697; x_wconf 79' lang='grc' dir='ltr'>ἐκεῖθεν</span> <span class='ocrx_word' id='word_1_740' title='bbox 3269 4635 3545 4708; x_wconf 82' lang='grc' dir='ltr'>ἀγαθοειδῆ</span> <span class='ocrx_word' id='word_1_741' title='bbox 3577 4629 3649 4684; x_wconf 59' lang='grc' dir='ltr'>καῖ</span> 
     </span>
    </p>
   </div>
   <div class='ocr_carea' id='block_1_100' title="bbox 443 4723 2023 4807">
    <p class='ocr_par' dir='ltr' id='par_1_100' title="bbox 443 4733 2015 4804">
     <span class='ocr_line' id='line_1_100' title="bbox 443 4733 2015 4804; baseline 0.001 -16"><span class='ocrx_word' id='word_1_742' title='bbox 443 4735 649 4803; x_wconf 91' lang='lat' dir='ltr'><strong>cipant,</strong></span> <span class='ocrx_word' id='word_1_743' title='bbox 690 4735 754 4788; x_wconf 89' lang='lat' dir='ltr'><strong>ad</strong></span> <span class='ocrx_word' id='word_1_744' title='bbox 787 4750 907 4804; x_wconf 64' lang='lat' dir='ltr'><strong>qua:</strong></span> <span class='ocrx_word' id='word_1_745' title='bbox 936 4734 1316 4797; x_wconf 85' lang='lat' dir='ltr'><strong>traducuntur,</strong></span> <span class='ocrx_word' id='word_1_746' title='bbox 1347 4733 1546 4803; x_wconf 85' lang='lat' dir='ltr'><strong>quibus</strong></span> <span class='ocrx_word' id='word_1_747' title='bbox 1579 4733 1927 4790; x_wconf 84' lang='lat' dir='ltr'><strong>subserviunt</strong></span> <span class='ocrx_word' id='word_1_748' title='bbox 1962 4748 2015 4790; x_wconf 89' lang='lat' dir='ltr'><strong>et</strong></span> 
     </span>
    </p>
   </div>
   <div class='ocr_carea' id='block_1_101' title="bbox 2126 4723 3652 4807">
    <p class='ocr_par' dir='ltr' id='par_1_101' title="bbox 2126 4723 3652 4807">
     <span class='ocr_line' id='line_1_101' title="bbox 2126 4723 3652 4807; baseline -0.002 -21"><span class='ocrx_word' id='word_1_749' title='bbox 2126 4734 2260 4788; x_wconf 62' lang='lat' dir='ltr'><strong>ista»</strong></span> <span class='ocrx_word' id='word_1_750' title='bbox 2291 4735 2599 4806; x_wconf 78' lang='grc' dir='ltr'>εὐμένειαν,</span> <span class='ocrx_word' id='word_1_751' title='bbox 2647 4737 2744 4791; x_wconf 77' lang='grc' dir='ltr'>οὐκ</span> <span class='ocrx_word' id='word_1_752' title='bbox 2775 4737 2837 4788; x_wconf 84' lang='grc' dir='ltr'>ὲκ</span> <span class='ocrx_word' id='word_1_753' title='bbox 2869 4735 2971 4805; x_wconf 80' lang='grc' dir='ltr'>τῆς</span> <span class='ocrx_word' id='word_1_754' title='bbox 3009 4735 3144 4807; x_wconf 78' lang='grc' dir='ltr'>ῦλης</span> <span class='ocrx_word' id='word_1_755' title='bbox 3185 4734 3255 4788; x_wconf 83' lang='grc' dir='ltr'>ἂν</span> <span class='ocrx_word' id='word_1_756' title='bbox 3292 4731 3510 4790; x_wconf 85' lang='grc' dir='ltr'>εἰκότως</span> <span class='ocrx_word' id='word_1_757' title='bbox 3544 4723 3652 4789; x_wconf 86' lang='grc' dir='ltr'>κλη-</span> 
     </span>
    </p>
   </div>
   <div class='ocr_carea' id='block_1_102' title="bbox 445 4817 2023 4900">
    <p class='ocr_par' dir='ltr' id='par_1_102' title="bbox 445 4825 2014 4895">
     <span class='ocr_line' id='line_1_102' title="bbox 445 4825 2014 4895; baseline 0.001 -17"><span class='ocrx_word' id='word_1_758' title='bbox 445 4828 796 4889; x_wconf 73' lang='lat' dir='ltr'><strong>devoventur,</strong></span> <span class='ocrx_word' id='word_1_759' title='bbox 827 4826 1022 4880; x_wconf 89' lang='lat' dir='ltr'><strong>abillis</strong></span> <span class='ocrx_word' id='word_1_760' title='bbox 1043 4825 1261 4895; x_wconf 90' lang='lat' dir='ltr'><strong>quidem</strong></span> <span class='ocrx_word' id='word_1_761' title='bbox 1287 4825 1489 4895; x_wconf 82' lang='lat' dir='ltr'><strong>Optime</strong></span> <span class='ocrx_word' id='word_1_762' title='bbox 1521 4833 1578 4878; x_wconf 88' lang='lat' dir='ltr'><strong>et</strong></span> <span class='ocrx_word' id='word_1_763' title='bbox 1608 4836 2014 4895; x_wconf 85' lang='lat' dir='ltr'><strong>cognoscuntur</strong></span> 
     </span>
    </p>
   </div>
   <div class='ocr_carea' id='block_1_103' title="bbox 2126 4817 3649 4900">
    <p class='ocr_par' dir='ltr' id='par_1_103' title="bbox 2126 4817 3649 4900">
     <span class='ocr_line' id='line_1_103' title="bbox 2126 4817 3649 4900; baseline -0.004 -20"><span class='ocrx_word' id='word_1_764' title='bbox 2126 4827 2224 4894; x_wconf 71' lang='grc' dir='ltr'>ἰείη</span> <span class='ocrx_word' id='word_1_765' title='bbox 2252 4845 2265 4857; x_wconf 77' lang='grc'><em>’</em></span> <span class='ocrx_word' id='word_1_766' title='bbox 2293 4828 2356 4880; x_wconf 87' lang='grc' dir='ltr'><strong>ού</strong></span> <span class='ocrx_word' id='word_1_767' title='bbox 2391 4828 2498 4900; x_wconf 80' lang='grc' dir='ltr'>μὴν</span> <span class='ocrx_word' id='word_1_768' title='bbox 2531 4829 2640 4882; x_wconf 75' lang='grc' dir='ltr'>οὐδ’</span> <span class='ocrx_word' id='word_1_769' title='bbox 2670 4829 2777 4882; x_wconf 80' lang='grc' dir='ltr'><strong>ἀπό</strong></span> <span class='ocrx_word' id='word_1_770' title='bbox 2823 4847 2968 4892; x_wconf 83' lang='grc' dir='ltr'>τινος</span> <span class='ocrx_word' id='word_1_771' title='bbox 2997 4825 3446 4897; x_wconf 84' lang='grc' dir='ltr'>ἀπεμφαινούσης</span> <span class='ocrx_word' id='word_1_772' title='bbox 3490 4817 3649 4881; x_wconf 72' lang='grc' dir='ltr'>ἄλλης.</span> 
     </span>
    </p>
   </div>
   <div class='ocr_carea' id='block_1_104' title="bbox 445 4912 1778 4982">
    <p class='ocr_par' dir='ltr' id='par_1_104' title="bbox 445 4912 1778 4982">
     <span class='ocr_line' id='line_1_104' title="bbox 445 4912 1778 4982; baseline 0.003 -18"><span class='ocrx_word' id='word_1_773' title='bbox 445 4926 475 4964; x_wconf 90' lang='lat' dir='ltr'><strong>a</strong></span> <span class='ocrx_word' id='word_1_774' title='bbox 507 4913 640 4966; x_wconf 86' lang='lat' dir='ltr'><strong>viris</strong></span> <span class='ocrx_word' id='word_1_775' title='bbox 672 4913 800 4982; x_wconf 84' lang='lat' dir='ltr'><strong>piis.</strong></span> <span class='ocrx_word' id='word_1_776' title='bbox 836 4925 889 4967; x_wconf 88' lang='lat' dir='ltr'><strong>et</strong></span> <span class='ocrx_word' id='word_1_777' title='bbox 913 4913 1416 4967; x_wconf 87' lang='lat' dir='ltr'><strong>denominationem</strong></span> <span class='ocrx_word' id='word_1_778' title='bbox 1451 4912 1778 4968; x_wconf 91' lang='lat' dir='ltr'><strong>sortiuntur.</strong></span> 
     </span>
    </p>
   </div>
   <div class='ocr_carea' id='block_1_105' title="bbox 2108 4903 3655 4991">
    <p class='ocr_par' dir='ltr' id='par_1_105' title="bbox 2108 4903 3655 4991">
     <span class='ocr_line' id='line_1_105' title="bbox 2108 4903 3655 4991; baseline -0.012 -20"><span class='ocrx_word' id='word_1_779' title='bbox 2108 4919 2202 4971; x_wconf 77' lang='grc' dir='ltr'>καὶ</span> <span class='ocrx_word' id='word_1_780' title='bbox 2246 4922 2357 4982; x_wconf 86' lang='grc' dir='ltr'>τοῖς</span> <span class='ocrx_word' id='word_1_781' title='bbox 2401 4920 2803 4990; x_wconf 78' lang='grc' dir='ltr'>ἀντικειμένοις</span> <span class='ocrx_word' id='word_1_782' title='bbox 2834 4919 3182 4991; x_wconf 78' lang='grc' dir='ltr'>ἁρμοζούσης</span> <span class='ocrx_word' id='word_1_783' title='bbox 3215 4917 3504 4986; x_wconf 80' lang='grc' dir='ltr'>ἰδιότητοςο</span> <span class='ocrx_word' id='word_1_784' title='bbox 3555 4903 3655 4958; x_wconf 79' lang='grc' dir='ltr'>ἀλλ’</span> 
     </span>
    </p>
   </div>
   <div class='ocr_carea' id='block_1_106' title="bbox 443 4997 3652 5084">
    <p class='ocr_par' dir='ltr' id='par_1_106' title="bbox 443 4997 3652 5084">
     <span class='ocr_line' id='line_1_106' title="bbox 443 4997 3652 5084; baseline 0.002 -27"><span class='ocrx_word' id='word_1_785' title='bbox 443 4999 518 5058; x_wconf 82' lang='grc' dir='ltr'><strong>ῶν</strong></span> <span class='ocrx_word' id='word_1_786' title='bbox 549 5023 609 5058; x_wconf 85' lang='grc' dir='ltr'><strong>τε</strong></span> <span class='ocrx_word' id='word_1_787' title='bbox 667 5008 918 5077; x_wconf 82' lang='grc' dir='ltr'>μετέσχε,</span> <span class='ocrx_word' id='word_1_788' title='bbox 963 5007 1060 5062; x_wconf 71' lang='grc' dir='ltr'>καὶ</span> <span class='ocrx_word' id='word_1_789' title='bbox 1091 5009 1227 5079; x_wconf 86' lang='grc' dir='ltr'>πρὸς</span> <span class='ocrx_word' id='word_1_790' title='bbox 1265 5007 1300 5061; x_wconf 77' lang='grc' dir='ltr'><strong>ἀ</strong></span> <span class='ocrx_word' id='word_1_791' title='bbox 1334 5007 1653 5076; x_wconf 83' lang='grc' dir='ltr'>παρῆκται·</span> <span class='ocrx_word' id='word_1_792' title='bbox 1695 5001 1776 5069; x_wconf 69' lang='grc' dir='ltr'>οἷς</span> <span class='ocrx_word' id='word_1_793' title='bbox 1806 5025 1866 5059; x_wconf 89' lang='grc' dir='ltr'><strong>τε</strong></span> <span class='ocrx_word' id='word_1_794' title='bbox 1901 5008 2253 5080; x_wconf 78' lang='grc' dir='ltr'>ὑπηρετεῖται</span> <span class='ocrx_word' id='word_1_795' title='bbox 2284 5014 2379 5065; x_wconf 71' lang='grc' dir='ltr'>καὶ</span> <span class='ocrx_word' id='word_1_796' title='bbox 2406 5013 2747 5084; x_wconf 82' lang='grc' dir='ltr'>ἀφιέρωται·</span> <span class='ocrx_word' id='word_1_797' title='bbox 2779 5015 2992 5068; x_wconf 88' lang='grc' dir='ltr'>ὲκεῖθεν</span> <span class='ocrx_word' id='word_1_798' title='bbox 3059 5008 3118 5065; x_wconf 84' lang='grc' dir='ltr'><strong>εῦ</strong></span> <span class='ocrx_word' id='word_1_799' title='bbox 3187 5010 3354 5080; x_wconf 84' lang='grc' dir='ltr'>μάλα,</span> <span class='ocrx_word' id='word_1_800' title='bbox 3407 5004 3497 5058; x_wconf 75' lang='grc' dir='ltr'>καὶ</span> <span class='ocrx_word' id='word_1_801' title='bbox 3551 4997 3652 5050; x_wconf 76' lang='grc' dir='ltr'>λίαν</span> 
     </span>
    </p>
   </div>
   <div class='ocr_carea' id='block_1_107' title="bbox 446 5101 2390 5176">
    <p class='ocr_par' dir='ltr' id='par_1_107' title="bbox 446 5101 2390 5176">
     <span class='ocr_line' id='line_1_107' title="bbox 446 5101 2390 5176; baseline 0.004 -22"><span class='ocrx_word' id='word_1_802' title='bbox 446 5101 667 5166; x_wconf 69' lang='grc' dir='ltr'>ἐνδίκως</span> <span class='ocrx_word' id='word_1_803' title='bbox 715 5104 810 5157; x_wconf 76' lang='grc' dir='ltr'>καὶ</span> <span class='ocrx_word' id='word_1_804' title='bbox 847 5103 1173 5170; x_wconf 81' lang='grc' dir='ltr'>γινώσκεται</span> <span class='ocrx_word' id='word_1_805' title='bbox 1222 5106 1335 5165; x_wconf 82' lang='grc' dir='ltr'>τοῖς</span> <span class='ocrx_word' id='word_1_806' title='bbox 1379 5101 1662 5156; x_wconf 81' lang='grc' dir='ltr'>εὐσεὸέσιν</span> <span class='ocrx_word' id='word_1_807' title='bbox 1702 5103 1874 5165; x_wconf 78' lang='grc' dir='ltr'>ὅντως</span> <span class='ocrx_word' id='word_1_808' title='bbox 1914 5105 2007 5157; x_wconf 73' lang='grc' dir='ltr'>καὶ</span> <span class='ocrx_word' id='word_1_809' title='bbox 2047 5105 2390 5176; x_wconf 81' lang='grc' dir='ltr'>ὀνομάζεται.</span> 
     </span>
    </p>
   </div>
   <div class='ocr_carea' id='block_1_108' title="bbox 551 5210 1893 5285">
    <p class='ocr_par' dir='ltr' id='par_1_108' title="bbox 551 5210 1893 5285">
     <span class='ocr_line' id='line_1_108' title="bbox 551 5210 1893 5285; baseline 0 -19"><span class='ocrx_word' id='word_1_810' title='bbox 551 5210 878 5280; x_wconf 61' lang='lat' dir='ltr'><strong>QUIESTIO</strong></span> <span class='ocrx_word' id='word_1_811' title='bbox 904 5213 1042 5268; x_wconf 59' lang='lat' dir='ltr'><strong>CXII</strong></span> <span class='ocrx_word' id='word_1_812' title='bbox 1085 5213 1272 5285; x_wconf 77' lang='lat' dir='ltr'><strong>[CoisL</strong></span> <span class='ocrx_word' id='word_1_813' title='bbox 1305 5223 1353 5267; x_wconf 84' lang='lat' dir='ltr'><strong>et</strong></span> <span class='ocrx_word' id='word_1_814' title='bbox 1387 5212 1550 5266; x_wconf 88' lang='lat' dir='ltr'><strong>Taur.</strong></span> <span class='ocrx_word' id='word_1_815' title='bbox 1582 5211 1893 5284; x_wconf 75' lang='lat' dir='ltr'><strong>CXXXIV].</strong></span> 
     </span>
    </p>
   </div>
   <div class='ocr_carea' id='block_1_109' title="bbox 2645 5224 3154 5278">
    <p class='ocr_par' dir='ltr' id='par_1_109' title="bbox 2645 5224 3154 5278">
     <span class='ocr_line' id='line_1_109' title="bbox 2645 5224 3154 5278; baseline -0.004 -1"><span class='ocrx_word' id='word_1_816' title='bbox 2645 5225 2976 5278; x_wconf 84' lang='grc' dir='ltr'><strong>ΕΡΩΤΗΣΙΣ</strong></span> <span class='ocrx_word' id='word_1_817' title='bbox 3010 5224 3154 5276; x_wconf 79' lang='lat' dir='ltr'><strong>PlB&#39;.</strong></span> 
     </span>
    </p>
   </div>
   <div class='ocr_carea' id='block_1_110' title="bbox 784 5327 3327 5403">
    <p class='ocr_par' dir='ltr' id='par_1_110' title="bbox 784 5327 3327 5403">
     <span class='ocr_line' id='line_1_110' title="bbox 784 5327 3327 5403; baseline 0.001 -24"><span class='ocrx_word' id='word_1_818' title='bbox 784 5331 922 5382; x_wconf 87' lang='lat' dir='ltr'><strong>Edita</strong></span> <span class='ocrx_word' id='word_1_819' title='bbox 953 5346 979 5379; x_wconf 90' lang='lat' dir='ltr'><strong>a</strong></span> <span class='ocrx_word' id='word_1_820' title='bbox 1006 5330 1320 5392; x_wconf 80' lang='lat' dir='ltr'><strong>Montacutio,</strong></span> <span class='ocrx_word' id='word_1_821' title='bbox 1349 5343 1430 5391; x_wconf 85' lang='lat' dir='ltr'><strong>ep.</strong></span> <span class='ocrx_word' id='word_1_822' title='bbox 1459 5327 1570 5388; x_wconf 75' lang='grc'><strong>216,</strong></span> <span class='ocrx_word' id='word_1_823' title='bbox 1612 5327 1677 5376; x_wconf 88' lang='lat' dir='ltr'><strong>ad</strong></span> <span class='ocrx_word' id='word_1_824' title='bbox 1699 5330 1871 5392; x_wconf 87' lang='lat' dir='ltr'><strong>Georg.</strong></span> <span class='ocrx_word' id='word_1_825' title='bbox 1920 5331 2114 5384; x_wconf 77' lang='lat' dir='ltr'><strong>Nicom.</strong></span> <span class='ocrx_word' id='word_1_826' title='bbox 2140 5350 2188 5398; x_wconf 90' lang='lat' dir='ltr'><strong>p.</strong></span> <span class='ocrx_word' id='word_1_827' title='bbox 2217 5338 2442 5391; x_wconf 60' lang='grc' dir='ltr'>διε-δατ.</span> <span class='ocrx_word' id='word_1_828' title='bbox 2480 5341 2768 5403; x_wconf 76' lang='lat' dir='ltr'><strong>Explanatio</strong></span> <span class='ocrx_word' id='word_1_829' title='bbox 2797 5342 2844 5387; x_wconf 91' lang='lat' dir='ltr'><strong>in</strong></span> <span class='ocrx_word' id='word_1_830' title='bbox 2880 5339 3013 5386; x_wconf 81' lang='lat' dir='ltr'><strong>Rom.</strong></span> <span class='ocrx_word' id='word_1_831' title='bbox 3043 5351 3110 5397; x_wconf 79' lang='lat' dir='ltr'><strong>Ix,</strong></span> <span class='ocrx_word' id='word_1_832' title='bbox 3137 5337 3164 5384; x_wconf 83' lang='grc'><strong>5</strong></span> <span class='ocrx_word' id='word_1_833' title='bbox 3187 5349 3327 5398; x_wconf 87' lang='lat' dir='ltr'><strong>seqq.</strong></span> 
     </span>
    </p>
   </div>
   <div class='ocr_carea' id='block_1_111' title="bbox 517 5412 2012 5482">
    <p class='ocr_par' dir='ltr' id='par_1_111' title="bbox 517 5412 2012 5482">
     <span class='ocr_line' id='line_1_111' title="bbox 517 5412 2012 5482; baseline 0.003 -16"><span class='ocrx_word' id='word_1_834' title='bbox 517 5413 689 5479; x_wconf 85' lang='lat' dir='ltr'><strong>Quem</strong></span> <span class='ocrx_word' id='word_1_835' title='bbox 735 5415 870 5469; x_wconf 90' lang='lat' dir='ltr'><strong>nihil</strong></span> <span class='ocrx_word' id='word_1_836' title='bbox 920 5429 1170 5482; x_wconf 78' lang='lat' dir='ltr'><strong>separare</strong></span> <span class='ocrx_word' id='word_1_837' title='bbox 1202 5423 1376 5482; x_wconf 88' lang='lat' dir='ltr'><strong>potest</strong></span> <span class='ocrx_word' id='word_1_838' title='bbox 1404 5413 1472 5467; x_wconf 89' lang='lat' dir='ltr'><strong>ab</strong></span> <span class='ocrx_word' id='word_1_839' title='bbox 1514 5428 1701 5467; x_wconf 89' lang='lat' dir='ltr'><strong>amore</strong></span> <span class='ocrx_word' id='word_1_840' title='bbox 1732 5412 1850 5479; x_wconf 80' lang='lat' dir='ltr'><strong>Dei,</strong></span> <span class='ocrx_word' id='word_1_841' title='bbox 1903 5431 2012 5471; x_wconf 94' lang='lat' dir='ltr'><strong>non</strong></span> 
     </span>
    </p>
   </div>
   <div class='ocr_carea' id='block_1_112' title="bbox 2196 5405 3646 5494">
    <p class='ocr_par' dir='ltr' id='par_1_112' title="bbox 2196 5405 3646 5494">
     <span class='ocr_line' id='line_1_112' title="bbox 2196 5405 3646 5494; baseline -0.006 -23"><span class='ocrx_word' id='word_1_842' title='bbox 2196 5423 2292 5474; x_wconf 84' lang='grc' dir='ltr'>Ὃν</span> <span class='ocrx_word' id='word_1_843' title='bbox 2329 5425 2480 5478; x_wconf 78' lang='grc' dir='ltr'>οὐδὲν</span> <span class='ocrx_word' id='word_1_844' title='bbox 2507 5424 2729 5479; x_wconf 84' lang='grc' dir='ltr'>δύναται</span> <span class='ocrx_word' id='word_1_845' title='bbox 2762 5424 2994 5494; x_wconf 85' lang='grc' dir='ltr'>χωρίσαι</span> <span class='ocrx_word' id='word_1_846' title='bbox 3022 5423 3118 5493; x_wconf 79' lang='grc' dir='ltr'>τῆς</span> <span class='ocrx_word' id='word_1_847' title='bbox 3166 5422 3384 5489; x_wconf 83' lang='grc' dir='ltr'>ἀγάπης</span> <span class='ocrx_word' id='word_1_848' title='bbox 3414 5411 3537 5468; x_wconf 78' lang='grc' dir='ltr'>Θεοῦ</span> <span class='ocrx_word' id='word_1_849' title='bbox 3559 5427 3568 5437; x_wconf 82' lang='grc'><strong>’</strong></span> <span class='ocrx_word' id='word_1_850' title='bbox 3592 5405 3646 5459; x_wconf 74' lang='grc' dir='ltr'>οὗ</span> 
     </span>
    </p>
   </div>
   <div class='ocr_carea' id='block_1_113' title="bbox 1718 5541 2389 5614">
    <p class='ocr_par' dir='ltr' id='par_1_113' title="bbox 1718 5541 2389 5614">
     <span class='ocr_line' id='line_1_113' title="bbox 1718 5541 2389 5614; baseline 0.009 -10"><span class='ocrx_word' id='word_1_851' title='bbox 1718 5541 1954 5604; x_wconf 64' lang='lat' dir='ltr'><strong>VARUS</strong></span> <span class='ocrx_word' id='word_1_852' title='bbox 1992 5548 2389 5614; x_wconf 71' lang='lat' dir='ltr'><strong>LECTIONES.</strong></span> 
     </span>
    </p>
   </div>
   <div class='ocr_carea' id='block_1_114' title="bbox 491 5661 2102 5738">
    <p class='ocr_par' dir='ltr' id='par_1_114' title="bbox 491 5661 2102 5738">
     <span class='ocr_line' id='line_1_114' title="bbox 491 5661 2102 5738; baseline 0.002 -20"><span class='ocrx_word' id='word_1_853' title='bbox 491 5673 512 5718; x_wconf 65' lang='grc' dir='ltr'><strong><em>ἲ</em></strong></span> <span class='ocrx_word' id='word_1_854' title='bbox 544 5664 606 5722; x_wconf 78' lang='lat' dir='ltr'><strong>C.</strong></span> <span class='ocrx_word' id='word_1_855' title='bbox 635 5663 949 5736; x_wconf 75' lang='grc' dir='ltr'>Μ.κνίσσης</span> <span class='ocrx_word' id='word_1_856' title='bbox 989 5661 1285 5732; x_wconf 82' lang='grc' dir='ltr'>Ἑλληνίου.</span> <span class='ocrx_word' id='word_1_857' title='bbox 1368 5672 1390 5701; x_wconf 80' lang='grc'><strong><em>⁸</em></strong></span> <span class='ocrx_word' id='word_1_858' title='bbox 1424 5663 1485 5720; x_wconf 82' lang='lat' dir='ltr'><strong>C.</strong></span> <span class='ocrx_word' id='word_1_859' title='bbox 1519 5663 1589 5718; x_wconf 84' lang='lat' dir='ltr'><strong>M.</strong></span> <span class='ocrx_word' id='word_1_860' title='bbox 1628 5667 2102 5738; x_wconf 82' lang='grc' dir='ltr'>ἀποκεκριμένων.</span> 
     </span>
    </p>
   </div>
  </div>
