3846 6188
216 231 315 294 657

1125 241 1224 299 AD
1253 236 1843 301 AMPHILOCHIUM
1893 238 2240 310 QU/ESTIO
2275 247 2458 307 CXII.

3344 254 3452 319 658

219 349 447 413 θάνατος
494 350 918 420 ἀπειλούμενοςο
953 353 1011 406 ού
1061 353 1209 424 ζωῆς
1248 356 1571 426 ὑπόσχεσις·
1613 356 1674 408 ού
1712 354 1781 406 τὰ

1894 372 2033 412 mors
2062 360 2226 415 minis
2258 360 2544 428 intentata,
2579 376 2687 416 non
2718 361 2829 416 vita
2864 362 3164 431 promissa,
3198 378 3301 418 non
3327 382 3450 435 qua:

217 438 427 493 ἐκεῖθεν
455 441 643 505 ἁπλῶς
665 459 678 472 ’
714 445 775 497 οὐ
805 445 874 499 τὰ
902 444 1140 499 ἐνταῦθα
1159 464 1171 477 ·
1199 447 1315 511 πῶς
1337 447 1499 511 αὐτὸς
1527 447 1785 510 ἑκουσίως

216 534 539 601 ἀφίσταται,
571 537 667 590 καὶ
716 538 841 591 τότε
891 556 911 591 ι
944 539 1084 610 ὑπὲρ
1125 538 1237 592 τῶν
1266 538 1408 594 κατά
1439 540 1619 611 σάρκα
1658 556 1785 608 συγ-

217 625 429 692 γενῶν;
471 645 491 678 ›
525 628 622 681 καὶ
644 628 705 681 οὐ
731 631 891 699 μόνον
917 632 1008 684 τὸν
1029 631 1306 702 χωρισμὸν
1336 632 1620 703 ὑπομένει,
1652 632 1788 685 ἀλλὰ

216 718 308 769 καὶ
356 717 621 790 ἐπιθυμεῖ
666 722 759 774 καὶ
797 722 1086 793 ἐπεύχεται
1132 722 1469 793 χωρισθῆναι
1513 721 1783 793 Χριστοῦ·

224 826 242 856 ‹
274 808 543 879 Ηύχόμην
592 810 701 881 γὰρ
758 812 924 876 αὐτὸς
978 812 1091 881 ἐγὼ
1160 813 1413 883 ἀνάθεμα
1467 811 1607 867 εἶναι
1679 812 1789 866 ἀπὸ

216 900 479 971 Χριστοῦ,
511 902 649 973 ὑπὲρ
682 902 793 956 τῶν
814 904 1059 972 ἀδελφῶν
1088 922 1214 975 μου,
1242 905 1350 959 τῶν
1381 904 1659 973 συγγενῶν
1686 921 1787 975 μου

216 994 324 1046 τῶν
352 994 498 1048 κατά
527 996 724 1065 σάρκα.
761 1015 780 1049 ι
815 996 971 1051 Οὕτω
996 998 1095 1067 μὲν
1118 998 1183 1053 ἄν
1211 1015 1295 1062 τις
1327 998 1427 1069 τὴν
1458 998 1556 1068 σὴν
1584 996 1789 1051 ἐπιτεί-

215 1103 323 1137 νων
376 1085 615 1157 ἀπορίαν
670 1089 818 1158 ἐρεῖ·
865 1087 930 1140 Τί
975 1086 1102 1155 οὒνς
1148 1089 1265 1152 πῶς
1329 1089 1667 1161 συμϐήσεται
1721 1091 1789 1145 τὰ

216 1178 543 1247 ἁσύμϐατα;
571 1181 642 1232 Ἢ
672 1179 888 1252 πρῶτον
942 1180 1039 1251 μὲν
1081 1183 1258 1235 ἐκεῖνο
1309 1182 1473 1251 φάναι
1517 1182 1668 1237 ἔστιν
1705 1183 1789 1235 ὃτι

217 1269 341 1321 οὐδέ
374 1272 496 1322 ἐστι
541 1270 714 1324 ταῦτα
749 1273 1032 1343 μαχόμενα
1053 1288 1068 1302 ·
1108 1273 1169 1326 οὐ
1203 1274 1312 1343 γὰρ
1347 1274 1589 1327 ἐναντίον
1613 1275 1790 1329 ἀδιαί-

219 1377 377 1431 ρετος
409 1362 573 1426 πόθος
606 1364 868 1434 Χριστοῦ,
896 1368 990 1419 καὶ
1017 1364 1079 1418 τὸ
1103 1367 1326 1435 ἀγαπᾷν
1359 1364 1501 1419 οὕτω
1524 1365 1614 1421 τὸν
1648 1367 1789 1438 πλη-

218 1451 356 1514 σίον,
414 1452 557 1505 ὥστε
618 1455 712 1507 καὶ⁹
768 1455 872 1524 τῆς
923 1456 1059 1519 ἰδίας
1110 1456 1378 1524 ὠφελείας
1428 1457 1504 1529 μὴ
1549 1459 1792 1528 νομίζειν

215 1542 480 1596 ἐλάττονα
506 1545 603 1615 τὴν
634 1545 858 1599 ἐκείνων
884 1546 1181 1617 σωτηρίαν.
1219 1547 1435 1602 Μᾶλλον
1457 1549 1516 1602 δὲ
1546 1550 1640 1602 καὶ
1668 1568 1793 1605 συν-

216 1634 338 1705 ᾴδει
364 1635 543 1690 ταῦτα
576 1639 710 1708 πρὸς
734 1638 967 1708 ἄλληλα⁶
998 1642 1026 1693 6
1052 1641 1161 1712 γὰρ
1193 1641 1425 1708 ἀγαπῶν
1444 1642 1537 1696 τὸν
1566 1643 1792 1712 ἀδελφὸν

216 1728 411 1791 αὐτοῦ,
459 1730 681 1799 ἐντολὴν
734 1731 956 1802 πληρῶν
1004 1733 1360 1803 Δεσποτικὴν,
1403 1734 1464 1787 τὸ
1518 1735 1655 1806 πρὸς
1699 1736 1790 1789 τὸν

215 1819 504 1888 Δεσπότην
554 1820 773 1891 φίλτρον
802 1822 1037 1891 καθαρὸν
1089 1824 1181 1878 καὶ
1212 1824 1469 1895 ἀκέραιον
1513 1826 1788 1892 διασώζει.

222 1931 242 1961 ε
298 1912 392 1964 Ἐν
421 1911 595 1981 τούτῳ
621 1915 730 1984 γὰρ
759 1914 1058 1980 γνώσονται
1089 1917 1315 1981 πάντες,
1351 1919 1432 1970 ὅτι
1456 1918 1581 1986 ἐμοὶ
1617 1920 1793 1990 μαθη-

216 2002 311 2054 ταί
341 2005 493 2066 ἐστε,
525 2005 621 2058 ἐὰν
644 2005 894 2074 ἀγαπᾶτε
922 2006 1185 2077 ἀλλήλους
1207 2024 1220 2039 ⁸
1257 2026 1277 2060 ι
1314 2010 1407 2063 καὶ
1440 2010 1625 2077 πάλιν,
1661 2030 1680 2063 ι
1704 2013 1792 2065 Ἐν

214 2095 452 2157 ταύταις
504 2099 625 2158 ταῖς
675 2096 823 2151 δυσὶν
867 2098 1110 2162 ἐντολαῖς
1156 2100 1276 2164 ὅλος
1312 2102 1341 2154 6
1390 2102 1553 2172 νόμος
1599 2104 1694 2157 καὶ
1744 2105 1793 2157 oi

216 2187 507 2256 προφῆται
541 2188 901 2258 κρέμανται.›
924 2192 1234 2259 Κεφάλαιον
1266 2194 1376 2264 γάρ
1402 2196 1516 2248 ἐστι
1547 2197 1641 2248 καὶ
1670 2196 1795 2250 σύν-

215 2280 445 2349 δεσμος,
491 2282 586 2335 καὶ
638 2284 760 2351 ρίςα
786 2282 894 2336 τῶν
928 2284 1102 2337 ἄλλων
1133 2286 1389 2341 ἀπάντων
1430 2290 1795 2360 κατορθωμά-

214 2387 351 2434 των,
384 2370 419 2440 ἦ
457 2387 516 2424 τε
540 2370 635 2424 τοῦ
681 2372 815 2426 Θεοῦ
840 2374 1030 2443 ἀγάπη
1065 2376 1158 2429 καὶ
1185 2378 1218 2446 ἡ
1252 2376 1346 2430 τοῦ
1375 2378 1621 2433 πλησίον.
1661 2381 1791 2447 Ναὶ,

216 2463 440 2533 φησίν·
498 2465 615 2518 ἀλλ’
668 2466 902 2520 ἐνταῦθα
965 2469 1249 2538 προκρίνει
1308 2471 1406 2540 μὲν
1475 2475 1603 2534 τοὺς
1660 2490 1794 2543 συγ-

214 2556 429 2623 γενεῖς·
474 2554 693 2627 εὔχεται
734 2556 791 2610 δέ
832 2557 966 2620 Θεοῦ
1014 2559 1366 2630 χωρισθῆναι,
1420 2562 1506 2615 ἵνα
1558 2564 1795 2636 κερδάνῃ

212 2645 478 2710 τούτους·
521 2648 551 2699 ὁ
582 2647 637 2700 δὲ
686 2649 920 2718 Χριστὸς
974 2650 1108 2723 ἔφη·
1147 2672 1166 2705 ‹
1202 2653 1261 2707 '0
1306 2653 1477 2721 φιλῶν
1510 2655 1722 2727 πατέρα
1761 2657 1794 2728 ἢ

215 2740 441 2810 μητέρα
507 2740 647 2812 ὑπὲρ
708 2742 845 2810 ἐμὲ,
887 2744 988 2797 οὐκ
1044 2745 1159 2799 ἔστι
1211 2763 1313 2818 μου
1364 2748 1533 2812 ἄξιος.
1571 2769 1589 2801 ι
1636 2748 1797 2803 Ἀλλά

212 2833 330 2901 γὰρ
363 2832 484 2895 πῶς
523 2832 638 2887 ἐστι
679 2834 839 2889 τοῦτο
869 2840 1044 2905 φιλεῖν
1088 2839 1228 2910 ὑπὲρ
1278 2841 1370 2893 τὸν
1413 2842 1683 2911 Χριστόν;
1734 2843 1796 2896 Ei

218 2926 323 2995 μὲν
366 2926 478 2997 γάρ
524 2926 591 2979 δι’
647 2926 833 2996 ἕτερόν
880 2946 935 2982 τι
987 2929 1182 2999 Παύλῳ
1238 2931 1590 3002 ἐστέργοντο,
1652 2929 1797 3004 εῖχεν

1888 446 1957 500 ibi
1984 456 2132 512 sunt,
2168 464 2277 502 non
2308 464 2428 518 quae
2464 448 2590 502 hic:
2623 449 2895 517 quomodo
2935 449 2981 504 is
3010 460 3204 519 sponte
3234 467 3455 520 separa-

1885 549 1995 604 tur,
2036 540 2200 593 etiam
2235 559 2253 591 ι
2280 554 2381 609 pro
2409 537 2661 594 atIinibus
2693 539 2988 593 secundum
3020 557 3239 595 carnem
3274 561 3319 595 ε»
3355 558 3454 598 nec

1887 639 2094 683 tantum
2128 630 2275 684 subit
2317 630 2713 700 separationein
2743 669 2758 694 ,
2810 630 2902 685 sed
2934 630 3080 685 illam
3112 634 3355 702 expetit,
3400 643 3454 689 et

1887 732 2008 776 orat
2038 738 2067 776 a
2099 722 2317 779 Christo
2352 722 2643 793 separari?
2720 741 2738 773 ι
2770 721 3037 790 Cuperem
3067 738 3167 793 ego
3210 741 3297 779 me
3325 741 3454 779 ana-

1888 818 2070 870 thema
2105 816 2216 870 fieri
2256 832 2287 870 a
2316 816 2536 872 Christo
2568 832 2665 884 pro
2710 814 2971 870 fratribus
3004 816 3138 869 meis
3163 858 3179 882 ,
3210 819 3456 886 cognatis

1888 905 2023 959 mihi
2060 907 2363 961 secundum
2389 922 2632 962 carnem.
2665 925 2685 958 ι
2715 906 2797 961 Ad
2834 907 2981 961 hunc
3007 908 3227 961 modum
3259 909 3458 977 aliquis

1889 1004 2037 1049 tuam
2066 996 2301 1052 dilatans
2329 995 2721 1051 dubitationem
2767 997 2965 1051 dixerit
2999 1016 3013 1051 :
3066 995 3207 1062 Quid
3242 998 3456 1067 igitur?

1889 1088 2164 1159 quomodo
2199 1100 2510 1157 competent
2561 1089 3032 1160 incompetibilia?
3080 1089 3334 1160 Inprimis
3373 1090 3456 1144 vi-
3511 1112 3516 1151 ε

1889 1182 2049 1237 detur
2089 1182 2377 1235 dicendum
2403 1222 2418 1244 ,
2460 1196 2567 1235 non
2614 1182 2729 1237 h:ec
2778 1183 2845 1236 ad
2888 1183 3122 1237 invicem
3166 1200 3457 1253 pugnare:
3511 1166 3517 1201 ί

1890 1286 1997 1325 non
2034 1272 2179 1326 enim
2212 1270 2415 1327 Christi
2448 1271 2739 1326 indivisum
2791 1272 3125 1327 desiderium
3158 1274 3465 1328 contraria-

1891 1371 1981 1416 tur
2004 1401 2019 1425 ,
2049 1377 2236 1417 amare
2280 1363 2333 1416 in
2374 1373 2582 1417 tantum
2613 1363 2854 1418 vicinum
2881 1404 2895 1428 ,
2926 1375 2987 1419 ut
3025 1381 3092 1419 ne
3117 1366 3464 1420 existimetur

1892 1452 2038 1507 illius
2075 1452 2225 1507 salus
2270 1455 2613 1523 procuranda
2657 1454 2711 1508 in
2759 1455 3017 1509 secundis
3050 1470 3174 1510 esse
3222 1456 3464 1526 pr0priae

1892 1543 2163 1597 utilitatis.
2198 1542 2339 1610 Quin
2366 1544 2664 1597 concinunt
2688 1546 2870 1614 potius
2901 1546 3015 1600 haec
3043 1547 3182 1600 inter
3210 1562 3267 1601 se
3293 1566 3304 1600 :
3338 1562 3463 1600 nam

1894 1630 1987 1701 qui
2020 1631 2197 1700 diligit
2227 1629 2448 1684 fratrem
2486 1646 2644 1686 suum
2670 1673 2684 1696 ,
2713 1640 2767 1685 et
2799 1632 2852 1685 in
2895 1648 2959 1687 eo
2987 1632 3200 1687 Domini
3236 1634 3463 1687 manda-

1895 1732 2009 1777 tum
2050 1723 2257 1792 implet,
2293 1737 2488 1789 purum
2535 1732 2589 1776 et
2622 1722 2894 1777 sincerum
2937 1725 3025 1778 ille
3065 1740 3307 1779 amorem
3339 1740 3467 1779 con-

1892 1824 2070 1871 servat
2105 1830 2232 1886 erga
2273 1813 2588 1869 Dominum.
2656 1834 2673 1865 ι
2703 1816 2761 1869 In
2801 1818 2903 1871 hoc
2943 1816 3090 1871 enim
3131 1826 3467 1885 cegnoscent

1892 1924 2085 1964 omnes
2108 1949 2124 1974 ,
2171 1908 2317 1977 quod
2353 1909 2458 1963 mei
2489 1908 2620 1963 estis
2646 1908 2940 1979 discipuli,
2989 1910 3035 1965 si
3069 1910 3297 1963 invicem
3335 1911 3429 1965 dili
3453 1940 3468 1949 -

1893 2003 2031 2073 gatis
2058 2019 2073 2057 :
2099 2013 2190 2057 »οι
2214 2003 2433 2068 iterum,
2472 2020 2490 2053 ι
2521 2002 2576 2056 In
2602 2003 2754 2057 hisce
2782 2003 2998 2058 duobus
3020 2004 3304 2073 praeceptis
3354 2012 3467 2059 tota

1893 2096 1979 2150 lex
2006 2093 2204 2165 pendet
2265 2104 2315 2148 et
2346 2094 2702 2163 prophetae”
2751 2092 2847 2147 Dei
2905 2094 3106 2148 etenim
3153 2103 3207 2147 et
3234 2094 3467 2164 proximi

1893 2187 2112 2242 dilectio
2138 2195 2303 2257 caput
2337 2194 2440 2248 est.
2486 2186 2786 2253 vinculum,
2831 2187 2987 2241 radix
3054 2187 3303 2242 omnium
3331 2187 3469 2241 alio-

1894 2295 2019 2335 rum
2055 2288 2203 2333 recte
2238 2278 2540 2333 factorum.
2568 2278 2936 2334 Conceditur:
2977 2288 3062 2334 ast
3102 2279 3154 2333 in
3191 2281 3296 2336 hoc
3321 2321 3335 2344 ,
3374 2280 3471 2332 in-

1894 2376 2108 2445 quiunt,
2148 2375 2385 2444 praetulit
2414 2373 2603 2429 aﬂines
2644 2393 2658 2428 :
2687 2389 2810 2428 nam
2841 2390 2870 2429 a
2914 2373 3022 2430 Deo
3060 2384 3280 2444 exoptat
3310 2389 3470 2442 sepa-

1894 2470 2027 2535 rari,
2056 2476 2114 2522 ut
2143 2468 2389 2523 lucretur
2418 2482 2537 2532 eos,
2569 2483 2694 2523 cum
2724 2466 2977 2522 Christus
3006 2468 3172 2528 dicat,
3218 2467 3349 2533 «Qui
3383 2467 3468 2521 di-

1896 2561 2011 2632 ligit
2040 2569 2247 2631 patrem
2277 2561 2361 2614 vel
2396 2568 2622 2615 matrem
2659 2561 2783 2629 plus
2809 2576 2972 2630 quam
2998 2575 3103 2625 me,
3134 2576 3241 2613 non
3268 2568 3351 2613 est
3384 2574 3469 2612 me

1896 2655 2113 2726 dignus.
2140 2673 2158 2706 ι
2192 2652 2393 2709 Verum
2420 2692 2436 2717 ,
2480 2654 2756 2724 quomodo
2796 2669 2960 2722 supra
2988 2652 3267 2707 Christum
3316 2651 3468 2722 diligi

1895 2746 2188 2801 dicuntur?
2213 2745 2269 2801 Si
2306 2747 2376 2799 ob
2400 2745 2545 2799 aliud
2579 2744 2783 2814 aliquid
2814 2744 3185 2814 diligebantur
3215 2758 3244 2796 a
3274 2741 3465 2806 Paulo,

1896 2840 2102 2894 valeret
2122 2838 2552 2907 consequentia;
2581 2837 2688 2900 siu,
2733 2834 3015 2889 utChristi
3060 2835 3333 2905 peculium
3371 2833 3469 2887 lie--

1896 2940 2037 3008 rent,
2064 2932 2205 2984 haud
2229 2928 2468 2999 intelligo
2489 2927 2763 2998 quomodo
2782 2930 2990 2997 cognati
3016 2926 3138 2996 eius
3161 2928 3284 2995 plus
3302 2940 3467 2995 quam

212 3018 282 3071 ἂν
327 3020 354 3071 6
396 3018 554 3086 λόγος
587 3018 647 3071 τὸ
680 3021 897 3090 ἰσχυρόν
921 3039 935 3052 ·
968 3024 1017 3074 εί
1041 3022 1085 3075 δ’
1120 3024 1207 3076 ἵνα
1229 3025 1497 3092 γένωνται
1530 3027 1791 3097 Χριστοῦ,

1896 3019 2149 3075 Christus
2201 3019 2524 3088 diliguntur.
2561 3016 2698 3083 Quid
2749 3017 2893 3070 aliud
2939 3018 3083 3069 enim
3121 3016 3363 3071 insinuat
3406 3031 3471 3069 a-

210 3110 321 3163 οὐκ
380 3108 491 3179 ἔχω
545 3110 799 3177 συνιδεῖν,
837 3113 986 3175 ὅπως
1024 3114 1072 3166 οἱ
1106 3118 1388 3184 συγγενεῖς
1430 3120 1794 3190 προτετίμην-

211 3221 312 3258 ται
357 3203 451 3256 τοῦ
491 3202 861 3275 Δημιουργοῦ.
902 3205 965 3257 Tot
997 3206 1104 3275 γὰρ
1148 3210 1240 3259 καὶ
1285 3204 1352 3278 ἦν
1379 3208 1566 3279 ἓτερον
1601 3211 1662 3263 τὸ
1709 3229 1797 3280 φι-

212 3298 330 3351 λεῖν
384 3296 647 3359 ἐκείνους,
700 3298 733 3367 ἢ
776 3298 838 3351 τὸ
892 3298 1157 3366 ὑποτάξαι
1208 3303 1423 3369 αὐτοὺς,
1476 3305 1570 3358 καὶ
1624 3323 1796 3377 προσ-

211 3389 503 3445 οικειιῖηαι
532 3388 609 3458 τῷ
640 3389 805 3460 κοινῷ
857 3393 1138 3465 Asander};
1180 3394 1301 3456 Πῶς
1334 3392 1427 3449 οὖν
1458 3397 1572 3452 ἐστι
1620 3400 1797 3469 φιλεῖν

212 3481 467 3543 ἐκείνους
506 3480 647 3550 ὑπὲρ
678 3481 768 3535 τὸν
813 3483 1067 3552 Χριστὸν,
1096 3485 1228 3538 ὅπου
1255 3504 1319 3555 γε
1351 3489 1444 3541 καὶ
1490 3490 1687 3554 αὐτοὺς
1716 3493 1796 3556 εἰς

210 3574 317 3645 τὴν
364 3574 616 3645 ὑπακοὴν
648 3575 740 3628 καὶ
779 3576 1000 3647 ἀγάπην
1032 3571 1177 3631 εἷλκε
1216 3580 1314 3650 τὴν
1340 3583 1542 3649 αὐτοῦς
1576 3584 1796 3638 Μᾶλλον

211 3664 273 3718 δὲ
296 3663 583 3733 ἀδεκάστῳ
608 3664 783 3733 κρίσει
808 3683 892 3729 τις
914 3668 1230 3722 ἐπισκοπῶν
1256 3671 1505 3725 ἐντεῦθεν
1534 3674 1602 3727 ἂν
1624 3692 1795 3730 κατα-

213 3758 327 3828 θεῷ
342 3757 621 3827 τοτρανῶς
640 3757 730 3812 τὸν
744 3759 1177 3830 ἀναφλεγόμενον
1201 3763 1287 3816 ἀεὶ
1314 3764 1407 3818 τοῦ
1431 3766 1574 3819 θείου
1597 3767 1797 3838 ἔρωτος

212 3854 275 3903 ὲν
334 3849 533 3917 Παύλῳ
592 3849 819 3921 πυρσόν.
856 3852 929 3903 Οὐ
963 3852 1071 3923 γὰρ
1122 3855 1343 3922 ἠρκεῖτο
1406 3858 1597 3912 ἐαυτὸν
1637 3862 1796 3931 μόνον

215 3946 536 4017 προσάγων,
569 3943 704 3996 ἀλλά
741 3944 833 3997 καὶ
876 3944 1095 4015 ἐτέρους
1135 3948 1197 4000 ού
1242 3948 1459 4021 γλώσσῃ
1509 3953 1669 4021 μόνον
1704 3957 1798 4008 καὶ

214 4037 364 4108 χειρὶ
389 4035 633 4107 σημείων
656 4037 673 4072 ι
702 4052 715 4066 ο
744 4036 879 4088 ἀλλὰ
931 4038 1024 4090 καὶ
1075 4037 1173 4108 βίῳ
1219 4040 1313 4093 καὶ
1353 4042 1571 4108 τρόποις
1600 4044 1792 4112 ἅπασι,

215 4132 311 4183 καὶ
356 4129 567 4199 μεθόδῳ
600 4128 748 4199 πάσῃ
795 4128 1049 4183 ἔσπευδεν
1103 4137 1564 4201 συνεισενεγκεῖν·
1614 4138 1795 4202 καλῶς

217 4243 385 4296 φησιν
431 4226 481 4277 εί
525 4224 599 4294 μὴ
625 4222 881 4293 ἐχώριζεν
917 4225 1104 4277 ἑαυτὸν
1136 4223 1226 4276 τοῦ
1268 4225 1538 4293 Χριστοῦ·
1588 4229 1652 4281 τὸ
1698 4230 1796 4297 μὲν

216 4321 327 4387 γάρ
351 4316 531 4370 θέλειν
564 4315 783 4385 ἐτέρους
820 4316 1263 4386 προσενεχθῆναι,
1292 4319 1393 4370 οὐκ
1423 4318 1570 4372 ἔστιν
1610 4323 1788 4375 ἐπιτι-

1896 3130 2046 3168 mare
2079 3113 2199 3169 illos
2224 3127 2388 3181 quam
2423 3111 2681 3173 subdere,
2712 3119 2764 3164 et
2791 3109 3143 3179 appmpriare
3172 3110 3294 3163 illos
3318 3123 3471 3162 com-

1895 3206 2047 3260 muni
2111 3203 2381 3258 Domiuo?
2438 3201 2724 3267 Quomodo
2776 3216 2906 3270 ergo
2956 3199 3147 3253 dilexit
3198 3214 3292 3253 eos
3343 3199 3471 3268 plus

1894 3313 2057 3367 quam
2080 3296 2383 3359 Christum,
2411 3308 2536 3347 cum
2568 3294 2624 3347 in
2659 3292 3021 3347 odedientiam
3055 3290 3201 3345 illius
3231 3299 3285 3344 et
3314 3304 3470 3344 amo-

1897 3405 2010 3443 rem
2061 3403 2155 3443 eos
2202 3386 2576 3457 pertraheret?
2610 3384 2753 3452 Quin
2798 3384 3004 3453 judicio
3058 3384 3376 3451 incorrupto
3426 3380 3470 3435 si

1895 3482 2022 3553 quis
2065 3482 2169 3534 hoc
2202 3480 2488 3549 pouderet,
2530 3480 2598 3532 ab
2642 3494 2707 3530 eo
2750 3476 2954 3545 poterit
3010 3475 3210 3528 intueri
3253 3473 3471 3528 flamma

1896 3574 2066 3629 divini
2119 3575 2325 3628 amotis
2377 3586 2607 3626 accensa
2652 3570 2881 3624 Paulum
2938 3578 3201 3639 perpetuo
3245 3566 3470 3621 exarde-

1897 3676 2159 3721 scentem.
2220 3663 2337 3718 Non
2382 3662 2654 3717 continuit
2694 3662 2935 3729 seipsum
2976 3661 3042 3714 ad
3075 3658 3245 3714 Deum
3288 3668 3470 3712 trans-

1896 3762 2103 3825 ferens,
2151 3757 2377 3813 adduxit
2418 3756 2559 3809 alios
2599 3768 2706 3806 non
2750 3754 2934 3823 lingua
2976 3761 3212 3816 tantum,
3265 3760 3319 3805 et
3352 3764 3470 3803 ma-

1897 3870 2069 3911 riuum
2119 3852 2379 3922 operibus
2411 3848 2778 3911 miraculosis,
2827 3847 2920 3901 sed
2956 3847 3090 3906 vita,
3134 3843 3382 3897 moribus
3419 3849 3469 3895 et

1897 3948 2047 4005 omni
2073 3945 2282 4000 ratione
2308 3953 2367 3997 ut
2396 3942 2446 3996 id
2488 3950 2672 4011 ageret
2702 3938 3070 3995 contendebat
3099 3955 3110 3989 :
3137 3947 3283 3990 recte
3310 3936 3470 3993 dixit,

1899 4048 2175 4106 utcunque
2229 4048 2287 4089 se
2341 4048 2372 4086 a
2422 4031 2641 4086 Christo
2695 4045 2801 4083 non
2860 4030 3151 4095 separavit.
3211 4023 3331 4077 Non
3384 4032 3469 4076 est

1896 4126 2335 4199 vituperandum,
2388 4123 2535 4192 quod
2585 4121 2726 4175 alios
2766 4120 2982 4173 volebat
3033 4113 3349 4181 adducere,
3414 4125 3470 4167 at

1898 4238 2152 4292 separare
2204 4234 2263 4275 se
2308 4217 2543 4271 voluisse
2596 4215 2664 4268 ab
2713 4230 2778 4268 eo
2833 4213 2899 4266 ad
2949 4228 3111 4282 quem
3159 4210 3467 4264 adducebat

1900 4320 2056 4385 alios,
2100 4313 2376 4386 quomodo
2416 4326 2523 4365 non
2569 4306 3075 4377 reprehendendum
3104 4305 3125 4357 ?
3151 4304 3289 4368 Quid
3320 4302 3468 4356 dice-

221 4410 359 4478 μᾷν·
388 4408 451 4459 τὸ
474 4406 535 4459 δέ
570 4406 823 4475 χωρίζειν
858 4407 1047 4460 ἑαυτὸν
1103 4402 1253 4475 ᾧτινι
1298 4411 1574 4480 προσῆγεν
1602 4413 1792 4479 ἄλλους

1899 4424 2020 4463 mus
2050 4405 2218 4477 ergo?
2268 4406 2349 4457 An
2395 4401 2538 4468 quod
2583 4412 2922 4467 nequaquam
2976 4393 3305 4462 separabat‘!
3357 4406 3467 4445 non

217 4501 319 4554 οὐκ
348 4500 498 4553 ἐστιν
532 4499 605 4569 μὴ
634 4499 907 4567 ἐπιτιμᾷν.
940 4497 1005 4551 Τί
1031 4494 1123 4551 οὖν
1160 4516 1373 4565 φαμεν;
1424 4500 1455 4571 ἢ
1494 4502 1569 4562 ὼς
1596 4504 1655 4555 ού
1693 4503 1792 4572 μὲν

219 4593 314 4648 οὖν
344 4595 448 4647 οὐκ
481 4589 769 4660 ἐχώριζενς
811 4591 930 4643 ούδέ
965 4590 1071 4659 γάρ
1108 4589 1280 4648 εἶπεν.
1326 4590 1570 4662 Εὕχομαι
1629 4612 1792 4666 χωρι-

224 4684 441 4752 σθῆναι,
468 4682 583 4735 ἀλλ’
612 4683 887 4749 ηὐχόμην
906 4679 982 4733 ἄν
999 4697 1013 4711 ·
1047 4682 1347 4745 τουτέστιν,
1380 4684 1441 4735 Εἰ
1458 4684 1681 4738 δυνατὸν
1700 4682 1790 4757 ἦν,

222 4777 269 4827 εί
305 4773 623 4827 συνέϐαινεν
653 4772 780 4842 θείῳ
812 4772 957 4841 πόθῳ
991 4772 1154 4825 πόθον
1189 4772 1370 4827 ἔνθεον
1406 4777 1791 4849 ἐκνικηθῆναιο

223 4866 270 4916 εἰ
314 4864 454 4933 ἔρως
491 4861 800 4931 θεοπρεπὴς
835 4860 1117 4916 θεσπέσιον
1156 4864 1335 4931 ἔρωτα
1370 4870 1792 4941 παρηυδοκίμει,

225 4954 317 5007 καὶ
346 4956 537 5007 τοῦτον
559 4952 625 5007 ἂν
654 4954 903 5007 ὑπελθεῖν
932 4956 1308 5024 ἠγωνισάμην.
1353 4960 1536 5013 Πάντα
1564 4964 1662 5030 μὲν
1688 4964 1797 5033 γάρ

227 5047 523 5115 ἐπράττετο
574 5046 789 5115 Παύλῳ,
823 5046 910 5099 ἵνα
939 5048 1181 5110 ἅπαντας
1229 5051 1447 5121 Χριστῷ
1497 5054 1751 5126 οἱκειώσῃ
1778 5071 1793 5084 ⁸

229 5138 463 5205 μάλιστα
491 5137 547 5189 δὲ
586 5138 894 5201 Ἰουδαίους.
928 5132 1088 5191 Οὗτοι
1118 5140 1227 5208 γὰρ
1264 5145 1358 5194 καὶ
1390 5148 1672 5211 συγγενεῖς
1704 5149 1798 5200 καὶ

226 5229 406 5297 νόμοις
445 5228 696 5298 ἠγμένοι,
731 5232 826 5283 καὶ
858 5230 990 5301 πρὸς
1027 5230 1117 5293 οὓς
1147 5234 1202 5285 αί
1235 5236 1555 5303 ἐπαγγελίαι
1591 5238 1798 5294 ἄνωθεν

226 5318 316 5368 καὶ
345 5320 410 5370 ἐκ
439 5318 696 5387 πατέρων
716 5332 729 5346 ·
763 5320 900 5374 ἀλλὰ
930 5323 1021 5373 καὶ
1043 5322 1155 5374 τῶν
1181 5322 1356 5377 ἄλλων
1392 5327 1549 5380 πλέον
1588 5328 1666 5398 τῷ
1696 5348 1795 5400 κη-

231 5408 464 5479 ρύγματι
486 5411 878 5483 ἀνθεστηκότες
903 5431 916 5445 ·
942 5415 1009 5468 δι’
1028 5416 1057 5469 ὃ
1081 5418 1174 5470 καὶ
1196 5419 1224 5471 6
1254 5420 1380 5489 περὶ
1404 5421 1601 5484 αὐτοὺς
1623 5421 1795 5490 ἁγὼν,

1890 4501 2036 4557 enim
2064 4499 2199 4553 dixit
2236 4518 2247 4552 :
2279 4494 2419 4565 Opto
2462 4490 2731 4561 separari,
2772 4489 2868 4543 sed
2901 4496 3158 4554 optarem,
3207 4484 3309 4537 hoc
3360 4490 3464 4544 est,

1891 4597 1935 4651 si
1979 4591 2238 4663 possibile
2285 4597 2452 4647 esset.
2514 4587 2559 4641 si
2615 4584 2729 4638 ﬁcri
2774 4590 2979 4651 posset,
3021 4588 3079 4631 ut
3128 4576 3463 4639 desiderium

1892 4689 2135 4743 divinum
2169 4684 2357 4739 divino
2385 4680 2660 4737 desiderio
2704 4677 3050 4738 vinceretur;
3086 4674 3129 4728 si
3177 4688 3331 4726 amor
3363 4672 3459 4725 dc-

1894 4794 2025 4834 cens
2059 4777 2223 4830 Deum
2258 4773 2504 4827 divinum
2546 4783 2783 4824 amorem
2830 4766 3272 4827 transcenderet,
3324 4763 3469 4817 hunc

1895 4886 1998 4942 ego
2026 4880 2085 4924 ut
2113 4868 2352 4923 subirem
2389 4862 2795 4921 contenderem.
2826 4860 3020 4915 Omnia
3054 4858 3198 4912 enim
3231 4856 3465 4911 faciebat

1897 4963 2120 5029 Paulus,
2170 4969 2233 5014 ut
2276 4974 2465 5015 omnes
2511 4957 2729 5012 Christo
2774 4951 3157 5015 lucrifaceret,
3214 4950 3468 5019 inprimis

1897 5055 2135 5110 Iudaeos.
2172 5052 2339 5107 Erant
2386 5051 2462 5105 illi
2506 5048 2711 5115 afﬁnes,
2764 5049 2881 5117 lege
2925 5044 3346 5105 ordiuabantur,
3400 5041 3467 5095 ad

1897 5167 1991 5205 eos
2041 5146 2311 5218 promissa
2360 5144 2609 5213 patribus
2658 5143 2726 5194 ab
2774 5140 2934 5193 initio
2988 5146 3311 5204 spectabant
3342 5153 3354 5188 :
3389 5135 3465 5188 illi

1898 5244 2041 5296 ultra
2074 5240 2209 5293 alios
2241 5235 2609 5307 prmdicationi
2634 5234 2978 5287 obsistebant
3015 5249 3028 5282 :
3057 5244 3316 5299 quocrrca
3349 5242 3465 5279 ma-

1901 5336 1982 5405 gis
2026 5333 2092 5386 de
2147 5332 2254 5386 illis
2302 5326 2661 5383 laborandum
2720 5334 2774 5379 et
2828 5323 3264 5378 contendendum
3323 5317 3465 5382 fuit;

1906 5424 2155 5495 inprimis
2190 5438 2259 5478 ne
2281 5421 2558 5477 videretur
2580 5418 2665 5473 lex
2697 5417 2902 5485 aliquid
2936 5416 3125 5487 gratia:
3151 5413 3463 5468 communi-

1521 5603 1754 5661 VARIIE
1795 5604 2197 5662 LECTIONES.

305 5678 327 5725 9
365 5678 453 5735 ῖσ.
492 5681 796 5754 σημαίνων.
840 5683 901 5739 C.
930 5684 979 5740 Μ
1038 5690 1305 5760 σημείων.
