3846 6188
205 265 308 330 Gil

1176 265 1275 326 AD
1319 261 1915 325 AMPHILOCHIUM
1959 259 2302 332 QUESTIO
2327 258 2506 320 CXII.

3353 251 3459 314 66?.

207 373 500 445 νοημάτων
530 372 721 443 ὡραῖοι
754 371 958 444 καρποὶ
989 372 1326 441 ἀναφύονται
1352 390 1364 402 ·
1401 372 1556 442 φέρε,
1589 370 1667 442 τῷ
1691 371 1781 423 λό-
1813 376 1835 430 Α

1940 368 2088 433 lisse;
2112 382 2175 423 ac
2206 368 2251 423 si
2291 367 2535 422 diceret:
2571 363 2740 433 Magis
2782 374 3077 434 optassem,
3115 372 3174 419 ut
3205 364 3249 418 si
3269 379 3364 418 vos
3392 365 3459 418 ad

208 484 293 535 γῳ
341 463 900 534 συνεκκαρπούμεθα,
930 463 1025 519 καὶ
1073 464 1127 516 εί
1161 481 1210 516 τι
1243 462 1340 516 τοῦ
1378 463 1588 516 ἐκεῖθεν
1608 479 1788 532 γεωρ-

209 558 332 624 γίου
359 554 488 607 ἄλλο
514 553 684 620 ἄξιον.
730 552 980 622 Ὀρῶμεν
1028 550 1322 622 τοιγαροῦν
1364 552 1458 603 τὸν
1502 550 1790 603 θεσπέσιον

210 645 448 708 Παῦλον,
494 644 593 713 οὐχ
639 642 827 704 ἁπλῶς
871 641 1013 695 οὕτω
1064 642 1311 709 λέγοντα,
1345 642 1677 713 κεχωρίσθαι
1703 641 1795 695 θέ-

211 740 328 791 λειν
359 737 502 809 ὑπὲρ
527 736 634 789 τῶν
665 735 956 806 ὁμοφύλων
983 735 1222 805 Χριστοῦ
1242 753 1257 767 ο
1288 736 1411 789 οὐδὲ
1445 735 1581 804 μετὰ
1614 735 1677 787 τὸ
1701 752 1795 788 πι-

217 831 442 885 στεῦσαι
462 830 768 883 διίστασθαι
788 848 802 861 ο
826 829 982 882 τοῦτο
1002 829 1107 899 γὰρ
1127 828 1257 891 ἴσως
1279 830 1373 881 καὶ
1395 827 1792 897 φοϐερώτεροψ

214 923 341 976 οὐδὲ
368 923 501 993 γὰρ,
544 921 678 975 “And
706 938 771 989 γε
792 920 887 974 τοῦ
918 919 1034 985 νῦν,
1061 916 1249 991 φησὶν,
1282 918 1513 990 εὔχομαι
1541 919 1797 989 γενέσθαι

217 1015 502 1084 ἀνάθεμα,
539 1013 653 1067 ἀλλ’
690 1014 941 1083 ηὐχόμην
980 1009 1120 1066 εἶναι
1144 1030 1158 1044 ·
1206 1013 1343 1082 ὅπερ
1395 1012 1510 1065 ἴσον
1559 1012 1678 1065 ἐστὶ
1701 1012 1796 1065 τοῦ

223 1107 407 1175 λέγειν
427 1122 441 1135 ·
462 1103 833 1177 Αίρετιὶντερον
859 1104 1111 1175 ἡγούμην
1130 1103 1205 1175 τῷ
1224 1103 1462 1175 Χριστοῦ
1483 1103 1799 1174 κηρύγματι

220 1198 791 1269 προσδεδραμηκότων
821 1197 975 1267 ὑμῶν
1009 1197 1111 1268 ἐμὲ
1143 1196 1315 1267 βραχύ
1345 1214 1398 1249 τι
1453 1196 1801 1267 προσδιατρί-

222 1291 340 1346 ϐειν
366 1292 448 1345 ἔτι
474 1293 586 1354 τοῖς
614 1290 707 1344 τοῦ
725 1290 951 1361 νομικοῦ
978 1290 1306 1361 γράμματος
1364 1287 1682 1359 προθύροις,
1706 1287 1802 1341 καὶ

223 1384 289 1451 τῇ
317 1382 450 1451 σκιᾷ
471 1380 875 1450 ὐποκαθῆσθαι,
898 1379 932 1451 ἢ
954 1379 1330 1451 προσλαϐόντα
1354 1380 1450 1432 καὶ
1466 1378 1797 1448 ταχύναντα,

225 1475 316 1527 τὸν
338 1474 433 1527 ἐπὶ
454 1476 522 1544 τῇ
554 1474 736 1526 πίστει
761 1473 962 1544 δρόμον
991 1474 1134 1543 ὑμᾶς
1156 1471 1330 1535 οὕτως
1358 1472 1492 1542 όρᾷν
1521 1472 1799 1541 πολεμίως

228 1567 478 1635 ἔχοντας,
508 1567 603 1619 καὶ
632 1569 1044 1635 ἀνεπιστρόφως
1074 1565 1210 1637 πρὸς
1225 1566 1324 1637 τὴν
1353 1565 1532 1635 χάριν.
1566 1565 1672 1617 Καὶ
1695 1564 1802 1635 γὰρ

230 1660 441 1721 ἐκεῖνος
478 1658 577 1728 μὲν
596 1658 973 1729 ἐμϐραδύνων,
999 1657 1109 1710 οὐδ’
1147 1656 1318 1721 οὕτως
1359 1656 1425 1709 ἂν
1458 1655 1607 1708 οὐδὲν
1649 1656 1805 1708 ὑστέ-

1888 459 2331 529 praedicationem
2380 456 2793 519 cucurrissetis,
2844 466 2900 509 ut
2932 473 3030 526 ego
3061 456 3456 525 aliquantisper

1892 550 2243 605 adhaesissem
2277 549 2470 603 litterae
2502 548 2636 618 legis
2682 547 2736 600 in
2774 545 3005 611 foribus,
3038 555 3092 601 et
3133 547 3236 601 sub
3268 547 3463 600 umbra

1892 641 2254 705 delituissem,
2303 656 2468 709 quam
2510 649 2570 694 ut
2606 638 2944 709 praeveniens
2982 654 3098 702 vos,
3142 647 3196 692 et
3237 653 3461 692 cursum

1893 738 2017 795 ﬁdei
2042 748 2263 792 currere
2302 732 2629 800 anticipans,
2660 745 2758 785 vos
2788 731 2967 784 adhuc
3010 730 3244 794 intuear,
3282 727 3466 782 hostili

1896 831 2080 886 animo
2109 842 2251 890 esse,
2284 839 2386 879 nec
2411 824 2477 878 ad
2509 823 2738 891 gratiam
2772 821 3191 876 convertendos.
3229 818 3387 874 Certe
3420 820 3468 874 si

1896 924 2168 978 lardasset
2225 919 2314 974 ille
2365 918 2431 972 ad
2485 917 2632 970 hunc
2678 915 2925 979 modum,
2978 928 3087 967 non
3139 928 3470 983 magnopere

1899 1013 2210 1075 defecisset,
2240 1025 2364 1063 nam
2410 1024 2534 1064 cum
2569 1008 2727 1061 multi
2778 1022 2903 1061 eum
2942 1005 3350 1074 praevenissent,
3397 1004 3473 1056 ita

1897 1106 2095 1161 timore
2123 1102 2409 1157 tenebatur
2439 1115 2510 1154 ne
2535 1098 2603 1153 ab
2636 1099 2747 1152 ullo
2775 1105 3148 1167 superaretur,
3186 1104 3246 1148 ut
3284 1094 3472 1155 etiam,

1901 1198 2042 1252 sicut
2067 1210 2194 1250 cum
2228 1193 2455 1247 veritate
2489 1191 2732 1260 loquitur
2770 1191 2963 1256 libere,
3000 1204 3166 1242 cursu
3218 1195 3272 1240 et
3300 1184 3477 1239 stadio

1901 1297 2129 1346 cunctos
2194 1295 2319 1356 post
2359 1299 2418 1340 se
2463 1283 2769 1353 reliquerit.
2825 1281 2903 1335 lta
2962 1280 3191 1334 tarditas
3233 1278 3308 1331 illi
3341 1277 3478 1329 nihil

1903 1377 2233 1435 incommodi
2281 1376 2438 1442 tulit;
2492 1375 2690 1429 timore
2730 1374 2907 1426 valido
2952 1369 3349 1441 percellehatur
3381 1382 3479 1436 pro

1905 1475 1975 1529 iis
2016 1472 2113 1542 qui
2154 1473 2209 1525 in
2254 1470 2415 1524 [idem
2455 1477 2612 1523 erant
2646 1468 2721 1521 ita
2754 1467 3004 1526 animati,
3044 1478 3111 1516 ne
3159 1463 3204 1516 si
3235 1477 3329 1530 per
3354 1461 3480 1513 vita:

1905 1544 2409 1620 cVuT-s‘uﬁobdurati
2435 1566 2740 1620 manerent,
2774 1566 3030 1610 aeternam
3073 1554 3174 1608 sibi
3218 1551 3483 1621 perditio-

1906 1673 2027 1711 nem
2074 1660 2436 1724 procurarent
2465 1669 2478 1705 :
2509 1650 2746 1721 praetulit
2797 1664 2925 1717 ergo
2978 1649 3195 1701 illorum
3248 1646 3482 1700 salutem

234 1765 370 1816 ρησε
400 1716 564 1817 μέγα,
594 1716 728 1801 ὀποῦ
775 1765 838 1817 γε
884 1716 980 1801 καλ⁸
1014 1746 1224 1800 πολλῶν
1289 1716 1801 1815 προκατειληφότων

1940 1761 2019 1800 ua:
2042 1743 2404 1805 festinationi,
2445 1751 2505 1795 ut
2543 1740 2868 1795 salvaretur.

228 1839 282 1892 τί
310 1839 393 1893 δεῖ
430 1839 610 1908 λέγειν
637 1838 1083 1910 διευλαϐούμενον
1112 1837 1188 1902 ὡς
1231 1836 1442 1899 οὐδενὸς
1467 1836 1786 1907 ὑστέρησεν,
1840 1837 1975 1891 ἀλλὰ
2031 1836 2106 1907 μὴ
2140 1833 2659 1906 παρρησιασάμενον
2718 1829 2816 1900 τὴν
2843 1829 3118 1898 ἀλήθειαν,
3169 1827 3251 1879 ὅτι
3277 1826 3485 1888 πάντας

231 1934 311 2003 τῷ
337 1933 527 2004 δρόμῳ
554 1934 649 1987 καὶ
669 1936 736 2005 τῇ
770 1934 970 2003 σπουδῇ
1016 1932 1390 2003 ύπερήλασεν;
1434 1930 1573 1985 Ἀλλ’
1621 1931 1812 1998 ἐκείνῳ
1853 1932 1950 2001 μὲν
1993 1932 2024 2001 ἡ
2078 1931 2349 2001 βραδύτης
2373 1930 2453 1991 εἰς
2491 1927 2645 1979 οὐδὲν
2693 1926 2912 1996 ἀπήντα
2961 1924 3218 1976 δύσκολον
3243 1939 3257 1952 ’
3322 1920 3486 1990 φόϐος

232 2030 278 2083 δ’
326 2026 396 2101 ἦν
421 2032 483 2084 οὐ
518 2030 715 2100 μικρὸς
748 2029 1009 2102 περὶτῶν
1031 2028 1174 2082 οὕτω
1205 2027 1390 2090 κακῶς
1412 2027 1505 2080 ἐπὶ
1559 2030 1625 2097 τῇ
1664 2026 1847 2079 πίστει
1882 2027 2263 2097 διακειμένων,
2307 2025 2382 2096 μὴ
2405 2025 2500 2077 καὶ
2546 2022 2633 2075 διὰ
2703 2022 2820 2091 βίου
2866 2019 2964 2089 τὴν
3006 2017 3174 2088 αὐτὴν
3208 2014 3489 2074 νοσοῦντες

233 2124 521 2195 πώρωσιν,
553 2122 769 2177 αἰώνιον
791 2124 973 2184 αὐτοῖς
995 2122 1086 2174 τὸν
1108 2120 1330 2191 ὄλεθρον
1380 2121 1841 2191 συνεργάσωνται·
1880 2120 1949 2174 δι’
2019 2120 2047 2174 ὃ
2079 2121 2178 2192 τὴν
2233 2119 2457 2172 ἐκείνων
2504 2117 2748 2187 προτιμᾷ
2795 2112 3067 2184 σωτηρίαν
3113 2110 3207 2164 τοῦ
3262 2108 3491 2179 ταχύτε-

238 2236 334 2292 ρον
359 2216 526 2270 αὐτόν
559 2216 711 2280 ἐντὸς
733 2215 986 2285 γενέσθαι
1011 2215 1111 2284 τῆς
1136 2212 1431 2283 σωτηρίας.

319 2310 487 2363 Ἀλλά
515 2308 579 2361 σύ
608 2325 671 2377 γε
705 2308 1011 2378 προσέχων,
1043 2306 1118 2370 ὡς
1142 2309 1176 2378 ἡ
1224 2306 1343 2359 θεία
1370 2304 1638 2376 πολλαχοῦ
1676 2306 1819 2376 Γρα-

239 2421 340 2475 φη,
370 2403 467 2455 καὶ
508 2403 630 2455 ἀντὶ
667 2401 966 2464 κακώσεως
1008 2400 1102 2453 καὶ
1145 2398 1418 2469 τιμωρίας
1470 2397 1817 2468 σωματικῆς,

245 2498 310 2547 τὸ
344 2494 602 2563 ἀνάθεμα
628 2494 860 2563 τίθησιν,
891 2492 950 2545 οὐ
1002 2491 1259 2562 χαλεπῶς
1305 2490 1527 2543 κάκεῖνο
1572 2491 1821 2558 συνήσεις

242 2587 329 2641 ὅτι
355 2586 426 2639 τὰ
452 2585 561 2639 τῶν
591 2584 919 2654 κακούργων
943 2584 1137 2636 παθεῖν
1160 2584 1188 2636 ό
1232 2582 1373 2644 θεῖος
1419 2580 1650 2647 Παῦλος,
1682 2580 1823 2651 ὐπὲρ

246 2678 343 2732 τοῦ
369 2678 643 2732 σεσῶσθαι
669 2678 797 2740 τοὺς
828 2677 1131 2744 συγγενεῖς,
1180 2674 1266 2727 διὰ
1301 2674 1410 2728 τῶν
1438 2673 1694 2726 τοιούτων
1725 2675 1823 2743 ρη-

254 2774 441 2847 μάτων
468 2769 669 2841 ηὔχετο
692 2786 709 2802 ⁸
742 2769 839 2824 καὶ
865 2770 964 2839 οὐχ
989 2768 1177 2830 άπλῶς
1194 2767 1315 2821 οὐδὲ
1343 2766 1503 2820 τοῦτο
1525 2781 1538 2794 ³
1570 2764 1707 2819 ἀλλὰ
1733 2766 1829 2818 καὶ

252 2866 360 2917 ἀπὸ
385 2863 627 2934 Χριστοῦ
653 2861 966 2923 δικάζοντος
991 2876 1005 2891 ο
1042 2859 1202 2913 τοῦτο
1238 2859 1346 2930 γὰρ
1369 2858 1435 2912 ἂν
1460 2858 1543 2929 εἴη
1569 2858 1631 2911 τδ
1667 2877 1685 2909 ι
1722 2856 1828 2915 ἀπὸ

254 2956 498 3029 Χριστοῦ
521 2972 537 2988 ο
584 2975 604 3008 ι
644 2956 739 3008 καὶ
763 2954 865 3025 τὴν
882 2951 1123 3023 τιμωρὸν
1147 2950 1399 3019 ἀφιέντος
1433 2950 1633 3019 ψῆφον.
1654 2947 1827 3001 Τοῦτο
1859 2984 1903 3045 C

254 3050 312 3102 δὲ
342 3048 487 3120 μέγα
525 3047 622 3118 μὲν
654 3047 749 3100 καὶ
787 3043 1118 3115 θαυμάσιονο
1150 3043 1270 3106 πῶς
1294 3043 1403 3113 γὰρ
1432 3040 1493 3094 οὐ
1525 3059 1540 3108 ;
1571 3041 1833 3109 οὐδεμίαν

258 3141 316 3202 δὲ
343 3139 439 3193 τοῦ
466 3140 604 3209 πρὸς
631 3138 867 3209 Χριστὸν
898 3137 1066 3190 πόθου
1094 3135 1128 3208 ἢ
1167 3136 1265 3205 τῆς
1293 3134 1588 3204 συναφείας
1613 3132 1836 3189 διάστα-

265 3249 354 3285 σιν
388 3230 726 3298 συνεισάγει,
753 3230 874 3284 οὐδέ
901 3246 1023 3282 τινα
1072 3228 1307 3298 πάροδον
1343 3230 1466 3286 ταῖς
1500 3226 1706 3281 άνωθεν
1730 3230 1837 3295 ὰφ-

268 3321 415 3391 ίησιν
471 3319 747 3390 ἀπορίαις.
795 3318 932 3372 Οὐδὲ
977 3318 1088 3388 γὰρ
1127 3316 1249 3369 οὐδὲ
1296 3315 1358 3368 τὸ
1388 3315 1675 3385 βούλεσθαί
1720 3330 1843 3366 τινα

268 3414 414 3486 ὑπὲρ
439 3412 541 3483 τῆς
580 3412 783 3483 ἐτέρων
842 3412 1121 3481 σωτηρίας
1149 3411 1217 3464 τὰ
1266 3410 1469 3481 ἔσχατα
1512 3407 1589 3477 τῷ
1630 3404 1843 3477 σώματι

268 3508 524 3575 πάσχειν,
582 3504 685 3557 κᾶν
745 3503 952 3557 ἀνωθεν
987 3502 1123 3572 ἕλκῃ
1174 3501 1275 3571 τὴν
1327 3500 1528 3571 κρίσιν,
1552 3496 1847 3551 ὲλάττωσίν

270 3616 391 3653 τινα
440 3597 543 3668 τῆς
580 3596 728 3659 θείας
764 3596 1023 3666 στοργῆς,
1078 3596 1164 3649 ἵνα
1197 3593 1272 3666 μὴ
1318 3594 1462 3662 λέγω
1502 3592 1738 3663 μάλιστα
1774 3590 1849 3652 ὡς

274 3693 368 3744 καὶ
408 3689 736 3760 συναύξησιν
752 3689 985 3757 εἰσάγει.
1015 3686 1218 3740 Ἐδίδου
1239 3685 1418 3739 τοίνυν
1447 3683 1639 3736 ἑαυτὸν
1658 3683 1685 3736 ὁ
1706 3682 1847 3743 θεῖος

278 3782 511 3845 Παῦλος,
548 3782 643 3834 καὶ
670 3778 869 3851 ηὔχετο
897 3781 1123 3849 πικραῖς
1154 3777 1412 3831 ὑπελθεῖν
1461 3775 1556 3828 καὶ¹
1609 3772 1854 3845 βαρείαις

277 3875 596 3946 τιμωρίαις,
635 3875 685 3927 εί
714 3874 874 3945 μόνον
906 3874 1031 3933 τοὺς
1067 3871 1373 3941 ὁμοφύλους
1421 3869 1544 3934 ἴδοι,
1580 3868 1671 3921 τὸν

1995 2298 2464 2358 Considerandum
2513 2303 2617 2361 est,
2660 2294 2805 2365 quod
2841 2292 3024 2346 divina
3076 2288 3358 2359 Scriptura
3398 2303 3495 2357 pro

1925 2393 2237 2457 malefacto,
2269 2399 2324 2445 el.
2350 2388 2617 2459 supplicio
2658 2386 2945 2441 anathema
2973 2390 3200 2451 usurpat
3230 2399 3243 2434 :
3273 2380 3415 2434 unde
3444 2388 3498 2433 et

1927 2486 2061 2542 illud
2101 2483 2471 2554 cogitandum,
2505 2479 2651 2549 quod
2680 2479 2780 2532 hac
2805 2492 2941 2531 voce
2971 2474 3173 2528 Paulus
3194 2488 3294 2542 pro
3323 2472 3499 2527 salute

1927 2577 2210 2633 tribulium
2244 2574 2404 2627 vellet
2454 2571 2746 2640 impiorum
2789 2566 3057 2637 supplicia
3093 2565 3363 2629 tolerare;
3400 2577 3502 2617 nec

1925 2665 2267 2736 simpliciter,
2300 2661 2391 2716 sed
2426 2675 2456 2713 a
2485 2658 2708 2713 Christo
2739 2656 2920 2725 judice
2949 2652 3172 2705 inﬂicta.
3217 2648 3330 2703 Hoc
3358 2647 3501 2701 enim

1929 2758 2239 2829 signiﬁcare
2273 2761 2475 2823 potest,
2521 2769 2539 2801 ι
2570 2765 2598 2802 a
2631 2748 2870 2808 Christo,
2907 2766 2926 2796 ι
2960 2758 3152 2812 nempe
3179 2741 3503 2797 sententiam

1929 2846 2321 2920 pronuntiante
2347 2839 2666 2911 punitivam.
2705 2835 2803 2889 Est
2842 2835 2945 2887 hoc
2975 2832 3125 2886 dictu
3160 2843 3418 2899 magnum
3451 2836 3507 2881 et

1932 2940 2130 2993 mirum
2165 2945 2334 3000 certe,
2380 2930 2473 2986 sed
2510 2929 2716 2983 nullam
2747 2924 3063 2980 subinducit
3108 2938 3137 2975 a
3166 2920 3369 2975 Christi
3410 2920 3508 2972 de-

1936 3028 2137 3085 siderio
2158 3024 2243 3080 vel
2266 3021 2655 3093 conjunctione
2679 3016 3102 3087 separationem,
3128 3027 3227 3065 nec
3256 3010 3512 3080 superius

1935 3120 2237 3191 positarum
2289 3114 2699 3169 dubitationum
2760 3109 3001 3176 aliquam
3051 3103 3320 3169 admittit;
3378 3099 3515 3154 velle

1939 3213 2082 3266 enim
2118 3209 2414 3278 quemlibet
2464 3213 2708 3259 extrema
2741 3214 2970 3271 quaeque
3021 3198 3076 3250 in
3132 3209 3368 3265 corpore
3415 3206 3515 3246 suo

1942 3304 2051 3373 pati
2091 3316 2191 3372 pro
2238 3299 2416 3354 salute
2469 3298 2726 3359 aliorum,
2782 3307 2891 3345 non
2943 3289 3304 3343 minutionem
3346 3280 3559 3344 divini,

1946 3371 2170 3449 aﬂ‘ectus
2229 3398 2509 3460 operatur,
2565 3386 2690 3440 licet
2738 3398 2767 3437 a
2824 3380 2980 3436 caelis
3046 3376 3339 3446 inﬂigatur,
3387 3371 3520 3441 quin

1948 3489 2131 3561 potius
2161 3487 2413 3556 adauget.
2446 3481 2662 3536 Dedidit
2684 3494 2742 3533 se
2768 3476 3029 3546 quocirca
3052 3472 3273 3528 divinus
3295 3468 3523 3528 Paulus,

1949 3558 2004 3633 ct
2033 3576 2241 3647 optavit
2271 3574 2456 3644 gravia
2486 3579 2540 3625 et
2565 3566 2935 3623 insull‘erenda
2970 3562 3235 3634 supplicia
3260 3558 3525 3629 perferre,

1953 3672 1999 3727 si
2059 3669 2268 3723 videret
2326 3680 2456 3721 suos
2513 3660 2871 3723 contribules,
2923 3656 3210 3716 invidiam,
3276 3649 3529 3705 hostilem

1955 3762 2200 3818 animum
2245 3760 2298 3813 in
2328 3757 2610 3813 Christum
2643 3753 2941 3823 deponere,
2974 3751 3019 3805 si
3051 3762 3214 3820 grave
3247 3754 3301 3800 et
3337 3742 3532 3797 intole-

1715 3867 1857 3919 κατὰ
1956 3854 2127 3909 rabile
2162 3850 2297 3923 legis
2332 3863 2473 3903 onus
2500 3856 2777 3907 excutere,
2804 3854 2857 3897 et
2886 3843 2992 3897 sub
3030 3839 3234 3895 Christi
3267 3846 3321 3892 et
3347 3835 3534 3905 gratia:

281 3929 519 4038 Χριστοῦ
554 3929 760 4034 ⁷φθόνον
801 3964 897 4018 καὶ⁹
929 3929 1166 4033 πόλεμον
1185 3929 1640 4031 ’καταθεμένους
1669 3958 1766 4011 καὶ
1799 3957 1835 4009 τί

1959 3943 2117 3999 suavi
2140 3951 2195 3997 et
2223 3941 2325 3995 levi
2348 3940 2479 4009 jugo
2514 3937 2746 4006 positos.
2781 3934 3071 4003 Reliquum
3111 3940 3192 3985 est
3229 3929 3532 3997 despicere,

286 4060 423 4131 βαρὺ
457 4058 554 4113 τοῦ
582 4058 750 4129 νόμου
783 4058 878 4110 καὶ
908 4055 1141 4109 παλαιὸν
1168 4054 1333 4125 ἄχθος
1362 4050 1857 4121 ἀποσεισαμένους,

287 4152 390 4205 ὑπὸ
420 4150 514 4205 τὸν
543 4148 779 4221 χρηστὸν
806 4150 902 4219 τῆς
929 4148 1151 4219 χάριτος
1182 4148 1277 4201 καὶ
1306 4144 1543 4215 ἐλαφρὸν
1567 4142 1734 4211 ζυγὸν
1766 4157 1861 4208 γε-

1961 4035 2107 4106 quod
2140 4033 2187 4088 si
2222 4031 2365 4101 quis,
2410 4029 2504 4099 qui
2545 4027 2682 4080 nihil
2725 4042 2753 4079 a
2784 4024 3006 4094 scriptis
3036 4022 3273 4077 alienum
3310 4018 3534 4089 cogitat.

1964 4129 2081 4198 ipsa
2114 4133 2294 4180 autem
2327 4137 2423 4192 per
2449 4136 2528 4185 se,
2561 4120 2681 4174 sine
2713 4118 2824 4171 ulla
2846 4113 3341 4171 circumlocutione
3369 4111 3539 4163 inter-

286 4202 1018 4313 γενημένξύςί’Υπόλοἰξον
1083 4202 1148 4292 δὲ,
1186 4238 1292 4291 τῶν
1346 4202 1660 4307 εἰρημένων
1714 4202 1835 4287 ἔστι

1964 4230 2209 4293 pretans,
2235 4218 2449 4273 sincero
2466 4213 2694 4283 judicio,
2725 4212 2811 4267 vel
2845 4208 3145 4265 secundum
3194 4206 3372 4274 ipsum
3400 4202 3511 4256 Pan

294 4292 451 4402 ίδεῖνῖ
475 4336 553 4399 ὡς
586 4292 644 4388 εἴ
670 4352 755 4398 τις
911 4292 1080 4405 μηδὲν
1102 4330 1302 4395 ἔξωθεν
1324 4292 1433 4382 τῶν
1455 4292 1835 4398 γεγραμμένωε

1963 4314 2075 4368 lum
2092 4308 2384 4381 spirituali,
2402 4305 2729 4361 sententiam
2749 4304 2907 4367 l’erat,
2927 4315 2995 4354 ne
3010 4299 3089 4354 sic
3106 4299 3321 4367 quidem
3339 4292 3542 4362 aliquid

292 4391 762 4498 ὲπιλόγιέόμενος,
792 4391 930 4481 αὐτά
949 4391 1006 4480 δὲ
1032 4391 1161 4479 me"
1188 4391 1377 4485 ἑαυτὰ,
1406 4391 1499 4487 καὶ
1722 4435 1835 4471 τινο

1975 4402 2323 4462 ineluctabile
2370 4407 2644 4455 occurret.
2684 4396 2756 4451 Ut
2786 4397 3033 4449 omittam
3081 4391 3394 4461 praeclaram
3449 4402 3545 4455 pa~

2033 4497 2041 4501 -
2144 4495 2156 4501 -
2498 4487 2533 4501 η
2577 4487 2588 4501 ι
2720 4500 2725 4501 ,
2782 4500 2787 4501 ,
2842 4473 3544 4501 .-,-ι-.ιι-ι.-..η1.,...ηηηιΙ-..η

294 4521 578 4590 περινοίας
612 4518 1030 4589 μετερχόμενος,
1057 4518 1341 4586 ἀδεκάστῳ
1370 4513 1552 4585 κρίσει
1580 4512 1676 4565 xui
1710 4527 1873 4563 πνευ-

300 4615 591 4686 ματικαῖς,
622 4614 739 4666 κατ’
777 4610 940 4665 αὐτὸν
980 4612 1185 4663 ἐκεῖνον
1229 4610 1405 4661 εἰπεῖν
1441 4606 1532 4659 τὸν
1551 4603 1864 4669 θεσπέσιον,

300 4696 653 4780 ἀνακρίσεσι,
685 4704 786 4773 τὴν
822 4704 952 4772 περὶ
985 4699 1166 4754 αὐτῶν
1204 4699 1488 4770 ἐπιτρέψοι
1534 4695 1734 4767 ψῆφον,
1766 4694 1875 4747 οὐδ’

1975 4495 2227 4553 triarcba:
2246 4505 2473 4546 uxorem
2496 4487 2819 4547 Rebeccam,
2840 4481 3188 4535 maledictum
3215 4473 3545 4530 horrendum

1978 4588 2034 4645 in
2062 4602 2121 4643 se
2150 4583 2591 4643 transferentem,
2626 4585 2685 4631 ut
2707 4574 2876 4629 lilium
2914 4572 3194 4625 induceret
3225 4567 3291 4620 ad
3317 4578 3553 4635 paternae

1978 4676 2374 4737 benedictionis
2415 4680 2618 4727 sortem
2661 4676 2776 4723 arte
2798 4666 3075 4736 quadam;
3142 4659 3321 4715 Moses
3379 4666 3551 4721 certe,

301 4751 474 4862 οὕτως
498 4751 654 4851 οὐδὲν
678 4751 937 4866 δυσχερεῖς
966 4793 999 4865 ἥ
1026 4751 1389 4867 τὼᾨάἇτιρυέν
1411 4751 1734 4858 ’ἐπόιιλεταιί
1758 4785 1835 4839 Ἰν

1981 4776 2073 4845 qui
2118 4772 2291 4826 Deum
2344 4766 2498 4830 vidit,
2548 4761 2736 4819 eadem
2790 4758 2983 4813 iisdem
3036 4770 3176 4825 pene
3225 4751 3407 4807 verbis
3457 4764 3557 4819 pro

2070 4866 2073 4867 '
2139 4864 2146 4867 λ
2222 4862 2236 4867 ·
2392 4858 2402 4867 ·
2467 4865 2474 4867 Α
2662 4863 2672 4867 -
2728 4852 2761 4867 °-
2862 4863 3041 4867 -7--_-_
3101 4854 3278 4867 --.η-Λ
3322 4839 3555 4867 Ληλημπιε

305 4892 412 4963 γὰρ
442 4891 543 4963 τὴν
570 4888 664 4943 τοῦ
682 4889 1019 4961 πατριάρχου
1039 4886 1352 4958 θαυμασίαν
1385 4883 1530 4937 ἐάσω
1558 4878 1880 4941 Ῥεϐέκκαν,

311 4985 548 5066 φοϐεράν
572 4982 712 5052 ἀρὰν
745 4983 828 5050 ἐφ’
860 4979 1059 5051 ἑαυτὴν
1083 4966 1369 5039 ἕλκουσαν,
1390 4975 1463 5037 ὼς
1492 4974 1558 5026 ἂν
1588 4971 1678 5025 τὸν
1711 4970 1884 5026 παῖδα

312 5062 474 5149 πείσῃ
509 5073 786 5144 πατρικῆς
833 5070 1083 5139 εὐλογίας
1118 5068 1286 5139 τέχνῃ
1322 5067 1413 5119 τὸν
1438 5066 1640 5136 κλῆρον
1674 5062 1886 5119 ἰδιώσα-

316 5169 456 5224 σθαι.
505 5165 644 5220 Ἀλλ’
677 5167 773 5234 ὅγε
793 5165 999 5231 Μωσῆς
1024 5164 1053 5215 ό
1079 5160 1313 5229 θεόπτης
1331 5158 1401 5211 τὰ
1418 5157 1559 5210 αὐτὰ
1579 5154 1718 5226 ὑπὲρ
1753 5156 1885 5209 ἰου-

315 5260 477 5331 δαίων
536 5255 736 5330 μικροῦ
784 5255 878 5310 καὶ
908 5254 1088 5318 λέξεσι
1128 5247 1733 5323 προαναφθεγξάμενος,
1767 5245 1885 5308 πῶς

318 5354 419 5405 οὐκ
448 5350 572 5405 ἀντὶ
599 5350 818 5402 πάντων
852 5347 1088 5419 άρκήσει
1115 5354 1147 5385 ν
1173 5343 1272 5407 τὰς
1311 5339 1720 5412 ἐπιφερομένας
1753 5338 1888 5389 ἁπο-

327 5445 446 5514 ρίας
472 5441 583 5495 τῶν
607 5440 701 5493 τοῦ
728 5438 1056 5492 Ἀποστόλου
1093 5437 1354 5508 ῥημάτων
1383 5426 1850 5504 προδιαλύοασθαι
1878 5442 1892 5488 ;

1980 4839 2183 4919 ,ιιιάιιείε
2222 4858 2572 4930 loquebatur,
2625 4863 2679 4908 et
2728 4852 2800 4905 ita
2853 4863 3045 4903 omnes
3095 4854 3282 4900 contra
3312 4839 3558 4911 Apostoli

1996 4956 2150 5009 uerba
2177 4950 2548 5009 dubitationes
2571 4945 2798 5017 injectas
2830 4940 3081 4996 dissolvit
3110 4935 3352 4992 abunde.
3383 4933 3565 4999 lnquit

1987 5056 2189 5109 autem,
2248 5062 2266 5095 ι
2299 5042 2360 5097 Si
2405 5040 2675 5103 remittes,
2712 5035 2927 5091 remitte
2968 5032 3121 5087 illis:
3156 5049 3176 5082 ι
3224 5028 3313 5082 sin
3361 5026 3564 5084 minus,

1996 5161 2014 5193 ι
2044 5155 2133 5195 me
2178 5137 2332 5204 dele;
2364 5154 2382 5187 ι
2436 5135 2583 5189 unde
2632 5128 2853 5185 autem?
2905 5135 3051 5181 certe
3107 5134 3412 5192 congenera
3464 5115 3569 5169 fuit

1992 5232 2197 5303 Moysis
2250 5229 2434 5283 anima
2478 5224 2655 5291 Pauli,
2711 5242 2729 5274 ι
2758 5238 2790 5276 e
2834 5220 2975 5274 libro
3021 5218 3167 5271 vitae.
3220 5233 3237 5265 ι
3268 5210 3407 5277 Quid
3462 5209 3570 5303 lioc

1993 5308 2145 5379 aliud
2173 5332 2279 5387 est,
2311 5336 2499 5391 quam,
2532 5319 2588 5373 Si
2614 5316 2751 5372 meis
2796 5309 3197 5368 contribulibus
3226 5318 3329 5357 nec
3354 5298 3569 5353 veniam

1996 5415 2345 5484 indulgebis,
2375 5429 2475 5472 nec
2500 5412 2596 5468 tibi
2628 5412 2749 5466 illos
2783 5405 3030 5466 adunies,
3081 5418 3100 5451 ι
3128 5411 3315 5467 separa
3346 5401 3399 5445 at
3430 5405 3517 5444 me
3543 5404 3574 5443 a

326 5484 518 5606 ’ἲίγάρ
552 5551 718 5602 φησιν
748 5550 762 5599 ;
800 5551 819 5583 ι
860 5533 923 5584 Et
958 5531 1055 5601 μὲν
1082 5484 1237 5597 άφιέίς
1268 5484 1467 5588 αὐτούδς
1512 5524 1668 5591 ἄφες,
1709 5541 1728 5573 ι
1769 5520 1818 5571 εἰ

1999 5519 2090 5574 te?
2117 5538 2134 5569 ι
2187 5527 2297 5571 tam
2342 5511 2559 5567 sincero
2597 5502 2793 5558 alIectu
2843 5499 2900 5552 in
2942 5491 3207 5562 sanguine
3254 5484 3576 5553 conjunctos

2426 5605 2429 5606 ν
2477 5602 2488 5606 -
2751 5595 2760 5606 -
2800 5592 2813 5606 ι
2853 5598 2866 5606 ι
2917 5604 2937 5606 η
2998 5581 3256 5606 :_-.|:..:..m
3292 5575 3394 5606 ο..Ι-.
3418 5574 3481 5606 οἱ.
3515 5588 3574 5606 ι-ιι

338 5628 432 5698 μὴ,
455 5645 475 5677 ι
500 5624 782 5693 ἐξάλειψον
799 5623 942 5693 κάμέ.
963 5639 978 5654 ο
1009 5640 1027 5675 ι
1053 5621 1187 5677 ἀλλὰ
1208 5619 1373 5674 πόθεν
1394 5634 1409 5687 ;
1438 5617 1606 5680 ὅντως
1624 5610 1893 5684 συγγενὴς

440 5729 470 5761 ἰ
491 5716 629 5783 (LM.
663 5715 907 5791 ἀρκέσει.

2003 5610 2280 5668 ferebatur
2333 5605 2437 5672 Qui
2460 5602 2527 5657 de
2562 5597 2703 5653 libro
2732 5592 2960 5655 deletur,
2992 5581 3258 5656 judicium
3291 5575 3394 5634 sub
3418 5574 3487 5630 sit
3514 5588 3575 5625 ru
