3798 6210
311 231 418 292 663

1462 224 1724 286 PHOTII
1762 223 2270 286 PATRIABCHJE
2299 223 2405 283 ΟΡ.

3450 213 3560 280 664

312 330 614 404 parationis
658 345 690 384 a
732 327 864 383 Deo.
907 326 1018 383 Nec
1064 326 1311 392 interest,
1346 327 1618 386 dixeritne
1657 347 1673 384 :
1715 348 1735 383 ι
1770 330 1895 384 Dele

2017 326 2064 398 iv
2095 333 2129 401 ἡ
2167 331 2414 393 Μωσέως
2467 329 2613 400 ψυχὴ
2664 328 2765 398 τῆς
2796 328 3014 383 Παύλου
3043 328 3223 399 ψυχῆς
3246 342 3261 356 ’
3291 345 3311 377 ε
3347 327 3445 380 Ἐκ
3462 327 3566 394 τῆς

315 441 405 480 me
431 423 496 477 de
521 422 660 475 libro
682 420 825 485 vitae,
868 437 887 470 ι
929 431 984 473 et
1021 435 1040 468 ‹
1069 432 1270 486 separa,
1301 433 1388 473 me
1421 427 1550 474 ate.
1585 439 1604 474 ι
1641 421 1895 476 Libertas

317 518 433 570 haec
479 529 586 567 non
622 520 834 565 tantum
878 511 945 562 ab
978 506 1176 562 aﬁ‘ectu
1215 509 1400 562 divino
1447 511 1770 579 procedens,
1804 525 1897 565 ve.

319 622 441 661 rum
487 614 542 659 et
586 603 824 673 pr0priis
858 601 1068 655 meritis
1124 599 1464 664 subinduxit,
1501 611 1561 656 ιιι
1595 618 1700 656 non
1734 600 1898 655 modo

321 714 428 752 non
453 696 792 764 rejiceretur,
823 693 916 747 sed
947 708 1072 747 cum
1106 693 1314 746 honore
1337 694 1734 749 admitteretur.
1784 692 1900 748 Vox

322 791 414 843 illa
455 788 712 856 populum
764 786 978 839 alﬁnem
1031 785 1100 838 ah
1152 785 1230 838 ira
1275 785 1423 854 justa
1470 787 1742 849 liberavit,
1798 799 1901 840 nec

322 878 592 931 dicentem
625 873 889 943 expunxit
917 874 984 926 ab
1011 873 1104 925 illo
1138 890 1155 922 ι
1189 871 1326 925 libro
1356 872 1500 927 vitae.
1563 892 1582 922 ι
1627 873 1898 938 Quocirca

324 976 387 1021 ut
417 967 600 1021 Mosen
650 967 767 1019 haec
811 964 1080 1018 dicentem
1126 973 1180 1017 et
1210 964 1492 1018 facientem
1535 965 1898 1025 admiramur,

327 1062 402 1115 ita
433 1071 486 1115 et
522 1059 750 1113 Paulum
782 1059 954 1128 magis
979 1058 1257 1125 suspicere
1287 1057 1574 1120 debemus.
1621 1058 1713 1128 qui
1738 1058 1904 1113 vehe-

329 1153 574 1207 mentius
624 1151 676 1204 in
723 1152 971 1203 eumdem
1019 1147 1268 1202 aﬁ'ectum
1317 1148 1616 1203 ferebatur.
1669 1150 1752 1203 An
1797 1164 1904 1203 non

332 1244 547 1297 videtur
594 1241 688 1294 tibi
733 1241 1024 1293 anathema
1075 1239 1317 1306 seipsum
1366 1237 1776 1306 quodammodo
1804 1253 1905 1308 po-

304 1338 530 1401 suisse,
567 1343 622 1390 et
649 1350 708 1390 se
742 1350 771 1388 a
818 1334 988 1404 gratia
1035 1349 1323 1400 separasse
1355 1350 1453 1403 pro
1491 1333 1738 1404 cognatis
1765 1333 1905 1398 suis,

333 1447 460 1484 cum
507 1427 854 1481 Timotheum
906 1425 1347 1489 circumcideret,
1400 1433 1455 1478 et
1499 1442 1621 1480 eum
1672 1425 1907 1495 gloriose

333 1520 637 1590 praedicans
673 1517 1052 1589 Evangelium,
1086 1515 1401 1570 Iudaeorum
1442 1526 1565 1572 vota
1605 1516 1904 1582 simulavit,

1997 419 2181 489 βίϐλου
2203 421 2332 490 γὰρ,
2360 421 2515 490 φησι,
2549 419 2653 489 τῆς
2675 418 2841 488 ζωῆς.
2887 437 2906 471 ι
2941 418 3112 472 Τοῦτο
3135 418 3193 473 δὲ
3217 417 3270 470 τί
3289 419 3438 470 ἐστιν
3465 416 3565 470 άλ-

1995 511 2076 575 λο,
2101 513 2319 582 παρὰτδ
2348 513 2560 580 λέγειν,
2591 511 2669 577 ὡς
2692 513 2789 566 Ἂν
2821 512 2896 582 μὴ
2921 513 3036 572 τοῖς
3073 512 3332 578 ἐκγένους
3363 517 3392 545 ι
3425 526 3565 562 κατ-

1996 604 2310 673 αλλαγείης,
2346 605 2442 657 καὶ
2501 604 2685 674 σαυτῷ
2726 604 2970 674 συνάψῃς
3009 603 3211 666 αὐτοὺς
3232 644 3246 667 ,
3271 621 3289 653 ιι
3321 596 3389 670 (ὧ
3420 599 3564 668 γνώ-

2002 713 2110 765 μης
2141 696 2376 766 ἄκρατον
2398 695 2498 766 τὴν
2522 695 2634 747 τῶν
2675 695 2737 760 ἐξ
2773 696 3006 767 αἵματος
3044 694 3305 763 πρόνοιαν
3336 691 3570 763 μεθυού-

2002 788 2154 857 σηςί)
2185 804 2203 837 t
2233 785 2467 857 χώρισον
2512 786 2657 856 κάμὲ
2699 787 2806 840 ἀπὸ
2857 784 2976 852 σοῦ;
3012 805 3029 837 ι
3056 784 3297 856 Εὔδηλον
3350 785 3464 853 γάρ
3494 785 3568 848 ὡς

2000 883 2029 934 6
2055 881 2263 935 ὲκεῖθεν
2289 880 2724 952 άπαλειφόμενος
2768 883 2860 937 τὸν
2902 881 3185 953 χωρισμὸν
3231 878 3570 953 συγκαταδι-

2003 974 2229 1035 κάζεται
2255 971 2349 1026 τοῦ
2373 971 2538 1026 Θεοῦ·
2557 973 2654 1025 καὶ
2681 973 2833 1026 οὐδὲν
2851 972 3158 1042 διενήνοχεν
3178 973 3384 1033 εἰπεῖν,
3419 970 3572 1034 «Ἑξ-

2004 1062 2222 1132 άλειψόν
2283 1080 2350 1134 με
2391 1063 2491 1133 τῆς
2535 1062 2717 1132 βίϐλου
2755 1064 2857 1134 τῆς
2897 1062 3066 1133 ζωῆς,
3108 1064 3205 1117 καὶ
3227 1061 3473 1134 χώρισόν
3512 1078 3576 1131 με

2003 1152 2112 1206 ἀπὸ
2147 1151 2263 1206 σοῦ.
2296 1172 2315 1204 δ
2348 1151 2414 1206 Ὤ
2439 1153 2756 1225 παρρησίας
2785 1154 2885 1207 οὐκ
2909 1155 2974 1206 ὲκ
2992 1153 3141 1217 Θείας
3162 1153 3332 1222 μόνης
3372 1150 3578 1220 φιλοτι-

2011 1245 2160 1313 μίας,
2195 1241 2330 1295 ἀλλὰ
2376 1241 2471 1295 καὶ
2499 1241 2684 1304 πόνοις
2713 1241 2960 1305 οἰκείοις,
2987 1239 3107 1308 οὐχὶ
3142 1238 3204 1291 τδ
3243 1239 3577 1303 ἀκατάγνω-

2010 1352 2143 1388 στον
2177 1334 2360 1405 μόνον,
2396 1334 2536 1388 ἀλλὰ
2567 1333 2748 1388 καὶτὸ
2783 1333 3070 1401 εὐδόκιμον
3085 1329 3576 1399 ἀπενεγκαμένηςί

2008 1428 2179 1492 ὲξεῖλέ
2209 1446 2268 1480 τε
2297 1428 2406 1497 γὰρ
2427 1427 2520 1479 τὸν
2551 1427 2788 1496 φυλέτην
2835 1424 2964 1478 λαὸν
3010 1423 3113 1494 τῆς
3149 1423 3370 1486 δικαίας
3407 1409 3581 1492 ὀργῆς

2007 1521 2042 1590 ὴ
2078 1519 2249 1591 φωνὴ,
2310 1518 2533 1573 καὶτὸν
2589 1519 2813 1570 εἰπόντα
2858 1516 2959 1569 οὑκ
3009 1512 3286 1583 ἁπήλειψε
3341 1511 3446 1580 τῆς
3471 1509 3582 1561 τῶν

335 1621 495 1680 caput
529 1611 816 1675 abradens,
865 1619 918 1664 et
945 1618 1144 1663 statuta
1187 1606 1424 1663 oﬁ‘erens
1461 1608 1767 1664 sacrilicia?
1809 1623 1908 1663 nec

2017 1611 2254 1677 άειζώων
2287 1609 2640 1679 συγγραφῆς·
2671 1608 2750 1672 ὡς
2797 1607 2891 1662 οὖν
2926 1606 3134 1675 Μωσῆς
3177 1603 3356 1658 ταῦτα
3402 1602 3583 1668 λέγων

331 1714 434 1769 pro
482 1715 538 1754 se
589 1699 726 1763 solo,
780 1698 873 1754 sed
906 1714 1003 1768 pro
1049 1698 1172 1752 aliis
1206 1699 1370 1752 etiam
1417 1713 1654 1767 quorum
1703 1697 1906 1754 sodalis

2017 1704 2106 1757 καὶ
2130 1702 2387 1772 πράττων
2419 1701 2721 1772 θαυμάσιος
2745 1717 2760 1732 ·
2791 1698 2937 1752 οὕτω
2970 1698 3066 1750 καὶ
3108 1695 3322 1758 Παῦλος
3364 1695 3425 1747 ὲν
3469 1694 3583 1755 τοῖς

333 1799 472 1854 erat,
504 1791 594 1859 qui
639 1803 692 1842 et
727 1799 976 1858 sumptus
1005 1790 1057 1843 in
1093 1789 1362 1844 sacriﬁcia
1405 1789 1782 1859 suppeditabat
1819 1789 1908 1844 iis.

335 1882 394 1936 In
425 1897 585 1949 quam
627 1881 890 1935 causam?
916 1881 1063 1933 Illam
1102 1897 1312 1948 nempe.
1365 1890 1422 1934 ut
1460 1895 1650 1935 omnes
1684 1879 1902 1935 Christo

336 1973 714 2035 lucrifaceret,
748 1982 806 2026 ut
841 1973 1108 2042 plurimos
1144 1972 1458 2036 adduceret,
1506 1981 1565 2026 ut
1595 1972 1910 2027 omnimodo

336 2065 554 2135 aliquos
594 2073 878 2120 servaret:
910 2064 1033 2118 ideo
1061 2062 1265 2119 Iudaeis
1317 2063 1537 2119 Judaeus
1584 2063 1664 2129 ﬁt,
1708 2063 1776 2118 iis
1817 2063 1912 2133 qui

338 2161 460 2213 sine
497 2157 634 2226 lege,
681 2165 942 2225 tanquam
983 2157 1102 2211 sine
1138 2157 1276 2225 lege,
1328 2171 1450 2210 eum
1478 2154 1712 2210 inﬁrmis
1754 2154 1912 2208 inﬁr-

337 2249 611 2303 mabatur.
662 2247 806 2301 Nihil
837 2247 1031 2300 horum
1089 2255 1208 2301 erat
1238 2247 1403 2319 (absit
1442 2255 1501 2301 ut
1530 2244 1714 2316 fuerit)
1764 2247 1909 2315 apud

339 2341 584 2392 animum
623 2347 678 2393 et
701 2337 966 2407 judicium
999 2351 1159 2392 suum
1190 2354 1204 2390 :
1240 2337 1356 2403 sed,
1389 2356 1407 2388 ι
1436 2336 1706 2393 Omnibus
1727 2337 1912 2392 omnia

339 2431 518 2486 factus
553 2437 660 2491 est,
716 2439 774 2482 ut
808 2429 888 2484 sic
933 2429 1118 2498 aliquo
1151 2430 1310 2483 modo
1358 2430 1595 2499 aliquem
1625 2429 1916 2484 lucriface-

339 2529 444 2574 ret.
482 2538 500 2571 ι
539 2519 787 2574 Imitator
811 2520 1079 2588 egregius.
1106 2525 1185 2580 ut,
1217 2519 1362 2588 quod
1385 2528 1550 2588 caput
1577 2528 1678 2586 est,
1710 2519 1912 2584 dicam,

338 2613 653 2667 communis
699 2611 909 2664 Domini
953 2621 1006 2664 et
1029 2610 1338 2666 Servatoris
1372 2610 1567 2673 nostri,
1603 2611 1699 2681 qui
1729 2612 1914 2666 omnia

340 2719 444 2774 pro
473 2705 634 2758 nobis
663 2719 883 2772 passus,
921 2702 990 2756 ob
1051 2702 1460 2772 inexplicabiles
1494 2702 1714 2758 divitias
1751 2704 1917 2759 mise-

343 2795 597 2849 ricordiae
633 2810 747 2850 suae
783 2803 838 2848 et
883 2793 1295 2857 exinanitionis,
1333 2810 1442 2848 non
1489 2795 1764 2850 recusavit
1791 2810 1918 2864 pec-

337 2895 525 2940 catum
565 2896 619 2940 et
661 2885 970 2940 maledictio
1013 2899 1112 2952 pro
1167 2885 1325 2939 nobis
1365 2885 1472 2940 dici
1527 2893 1582 2938 et
1635 2885 1914 2955 reputari,

2010 1793 2228 1864 ὁμοίοις·
2247 1791 2600 1862 σφοδρότερος
2627 1789 2834 1860 ὀφθεὶς,
2868 1787 2962 1840 ἐπὶ
2997 1785 3240 1838 τοιοῦτον
3263 1781 3586 1852 θαυμασιώ-

2012 1901 2190 1954 τερος.
2222 1885 2290 1936 Ἢ
2321 1883 2381 1936 ού
2409 1883 2559 1935 δοκεῖ
2590 1898 2672 1934 σοι
2697 1880 2947 1950 ἀνάθεμα
2973 1879 3150 1932 ποιεῖν
3186 1875 3409 1940 ἑαυτὸν,
3444 1872 3585 1945 ὑπὲρ

2011 1980 2111 2048 τῆς
2135 1977 2412 2046 σωτηρίας
2449 1974 2559 2028 τῶν
2611 1973 2910 2041 συγγενῶν,
2958 1970 3056 2023 καὶ
3098 1968 3303 2040 τρόπον
3331 1966 3462 2020 τινὰ
3483 1967 3586 2034 τῆς

2012 2071 2236 2140 χάριτος
2261 2065 2657 2138 διασχίζεσθαι,
2687 2067 2777 2119 ὅτε
2803 2063 3067 2132 Τιμόθεον
3099 2059 3432 2132 περιέτεμεν
3455 2076 3470 2120 ;
3496 2058 3582 2110 ὅτε

2013 2163 2175 2225 αὐτὸς
2225 2163 2433 2224 ἐκεῖνος
2465 2157 2736 2231 λαμπρῶς
2780 2157 3072 2228 κηρύσσων
3119 2155 3182 2208 τὸ
3218 2153 3582 2222 Εὐαγγὲλιον.

2026 2255 2322 2319 Ἰουδαῖκάς
2357 2254 2521 2325 εὐχάς
2555 2251 2914 2323 ὑπεκρίνετο,
2954 2250 3055 2320 τὴν
3087 2266 3148 2302 τε
3186 2250 3370 2317 κόμην
3414 2244 3585 2315 ξυρῶ-

2018 2366 2178 2420 μενος
2214 2348 2312 2418 τῆς
2341 2346 2618 2416 κεφαλῆς,
2657 2347 2752 2399 καὶ
2791 2345 2889 2408 τὰς
2939 2340 3343 2413 νενομισμένας
3397 2339 3584 2402 θυσίας

2016 2440 2363 2511 προσφέρων,
2418 2438 2514 2492 καὶ
2548 2439 2648 2508 οὺχ
2698 2437 2838 2505 ὑπὲρ
2865 2432 3060 2488 ἑαυτοῦ
3101 2433 3300 2503 μόνον,
3334 2430 3479 2484 ἀλλὰ
3501 2431 3587 2482 καὶ

2017 2533 2155 2602 ὑπὲρ
2185 2531 2390 2602 ἑτέρων
2421 2523 2504 2592 οἷς
2541 2526 2917 2599 συνηγνίζετο,
2945 2525 3044 2586 τὰς
3070 2524 3161 2577 ἐπὶ
3196 2527 3264 2594 τῇ
3297 2522 3470 2594 θυσία
3494 2538 3588 2573 και

2014 2625 2255 2688 τατιθεὶς
2279 2621 2545 2684 δαπάνας,
2582 2621 2677 2674 καὶ
2700 2619 2768 2672 τά
2798 2617 3134 2686 ἀναλώματα
3154 2633 3169 2678 ;
3189 2615 3312 2669 Ἴνα
3336 2616 3393 2668 τί
3433 2613 3586 2684 γένη-

2016 2736 2105 2772 ται
2128 2734 2144 2781 ;
2181 2734 2201 2767 ι
2223 2714 2468 2768 Ἵναπᾶν
2493 2716 2542 2753 ι’
2574 2709 2793 2780 Χριστῷ
2813 2709 3054 2780 κερδήσῃ
3085 2724 3099 2738 ·
3139 2708 3226 2761 ἵνα
3252 2707 3385 2769 τοὺς
3407 2705 3585 2758 πλείο-

2017 2826 2116 2872 νας
2166 2805 2435 2876 προσάξῃ,
2488 2803 2576 2857 ἵνα
2623 2802 2840 2864 πάντως
2880 2800 3036 2863 τινὰς
3081 2798 3234 2871 σώσῃ
3259 2813 3273 2828 ο
3302 2797 3396 2852 διά
3439 2796 3588 2850 τοῦτο

2018 2901 2113 2954 καὶ
2152 2898 2404 2960 Ἰουδαῖος
2449 2895 2662 2964 γίνεται
2706 2893 2982 2954 Ἰουδαίοις
3005 2909 3021 2922 ·
3057 2891 3152 2944 καὶ
3211 2892 3330 2950 τοῖς
3371 2888 3584 2958 ἀνόμοις

341 2994 467 3032 cum
511 2987 687 3032 tamen
733 2977 855 3033 fons
885 2989 1031 3034 esset
1072 2977 1251 3033 omnis
1293 2976 1711 3040 benedictionis,
1741 2984 1795 3030 et
1822 2975 1911 3029 de-

2018 2994 2093 3057 ώς
2118 2993 2324 3062 ἄνομος
2347 2987 2652 3044 διατίθεται
2679 3005 2694 3020 ·
2725 2991 2821 3041 καὶ
2848 2986 3172 3039 συνασθενεί
3196 2986 3312 3048 τοῖς
3337 2982 3587 3038 ἀσθενοῦ-

345 3070 576 3124 structio
601 3070 830 3138 peccati.
870 3068 1027 3125 Hunc
1053 3070 1155 3124 sibi
1200 3083 1296 3138 per
1322 3076 1495 3121 totum
1525 3066 1645 3120 vitae
1691 3082 1914 3120 cursum

346 3162 624 3230 exemplar
680 3176 987 3230 proponens
1045 3164 1315 3231 genuinus
1394 3158 1514 3228 ejus
1573 3158 1916 3228 discipulus,

346 3253 725 3307 admirabilem
765 3253 914 3306 illam
955 3263 1009 3306 et
1041 3251 1458 3307 desiderabilem
1488 3249 1921 3304 conversationis

347 3344 894 3413 repraesentationcm
929 3343 1124 3396 animae
1154 3357 1270 3395 suae
1293 3339 1535 3410 quotidie
1554 3339 1922 3394 transcribere

347 3446 404 3492 et
430 3437 718 3490 eﬁ‘ormare
763 3453 872 3491 non
903 3436 1128 3490 destitit.
1177 3433 1282 3488 Sed
1322 3433 1388 3487 de
1423 3442 1519 3488 tuo
1565 3432 1733 3485 dubio
1773 3431 1918 3484 haud

349 3531 465 3585 scio
498 3545 565 3583 an
597 3530 740 3598 quod
776 3529 1158 3598 requirebatur
1196 3527 1399 3589 minus,
1431 3535 1580 3579 certe
1612 3525 1752 3578 ultra
1797 3523 1915 3593 epi-

349 3625 503 3678 stolae
527 3622 811 3689 terminos,
845 3623 947 3677 ista
973 3623 1177 3676 habeas
1206 3620 1492 3676 solutionis
1523 3620 1662 3673 vice.
1697 3617 1847 3671 Vale.

2025 3104 2129 3140 σιν.
2161 3105 2181 3137 ι
2210 3084 2394 3154 Μηδὲν
2435 3081 2639 3136 τούτων
2691 3080 2952 3151 (ἄπαγεί)
3009 3080 3144 3150 μήτε
3193 3077 3271 3132 ῶν
3313 3079 3374 3130 ὲν
3395 3076 3584 3146 κρίσει,

2019 3178 2160 3245 μήτε
2215 3176 2537 3245 γινόμενος·
2569 3173 2665 3226 καὶ
2699 3190 2718 3223 t
2768 3172 2882 3233 τοῖς
2939 3170 3073 3222 πᾶσι
3127 3168 3310 3222 πάντα
3365 3165 3587 3235 γίνεται.

2019 3271 2106 3322 ἵνα
2154 3267 2370 3331 πάντως
2389 3266 2543 3330 τινὰς
2569 3266 2671 3332 τῆς
2699 3263 2911 3332 πλάνης
2941 3259 3236 3331 άνελκύση.
3278 3277 3300 3310 ι
3338 3256 3587 3328 Μιμητὴς

2019 3363 2127 3432 γὰρ
2159 3355 2228 3432 ἦν
2266 3357 2574 3430 περιδέξιος
2605 3358 2716 3428 (ἵνα
2743 3355 2806 3408 τὸ
2828 3354 3125 3422 κεφάλαιον
3163 3351 3329 3421 εἴπω)
3358 3350 3456 3404 τοῦ
3481 3367 3590 3404 κοι-

2021 3451 2115 3504 νοῦ
2145 3451 2398 3520 Σωτῆρος
2427 3448 2585 3520 ήμῶν
2623 3449 2720 3501 καὶ
2766 3445 3063 3499 Δεσπότου·
3091 3442 3165 3506 ὣς
3205 3452 3235 3492 1
3276 3443 3459 3495 πάντα
3493 3458 3590 3493 παο

2026 3544 2132 3596 θὼν
2161 3541 2304 3612 ὑπὲρ
2346 3541 2506 3611 ἡμῶν
2555 3539 2747 3608 ἀφάτῳ
2785 3536 3002 3606 πλούτῳ
3049 3533 3466 3603 φιλανθρωπίας
3504 3533 3590 3584 καὶ

2029 3634 2333 3700 κενώσεως,
2360 3634 2469 3686 οὐδ’
2498 3632 2766 3701 ἁμαρτία,
2803 3628 2926 3682 οὐδὲ
2968 3628 3184 3698 κατάρα
3221 3625 3494 3697 κληθῆναι
3530 3625 3590 3677 δι’

350 3737 520 3807 ἡμᾶς.
576 3737 671 3790 καὶ
717 3737 1042 3806 νομισθῆναι
1090 3732 1484 3806 παρῂτήσατοο
1549 3733 1730 3787 καίτοι
1791 3731 1945 3802 πηγὴ
2015 3729 2197 3798 πάσης
2265 3726 2540 3794 εὐλογίας,
2598 3725 2694 3778 καὶ
2755 3724 2936 3793 πάσης
2987 3719 3267 3792 ἁμαρτίας
3338 3719 3592 3787 ὑπάρχων

349 3830 652 3900 ἀναίρεσις.
693 3831 793 3882 ’ον
858 3829 947 3882 διὰ
1008 3828 1124 3898 βίου
1173 3828 1336 3881 καλὸν
1405 3826 1760 3897 παράδειγμα
1803 3823 2255 3894 προστησάμενος
2297 3820 2326 3872 6
2379 3818 2622 3888 γνήσιος,
2681 3816 2758 3879 ὼς
2813 3812 3053 3882 ἀληθῶς,
3103 3809 3378 3882 μαθητὴς,
3419 3809 3506 3862 ἀεὶ
3537 3808 3592 3859 τὸ

350 3920 663 3992 θαυμαστὸν
709 3923 885 3975 ἐκεῖνο
918 3923 1012 3974 καὶ
1048 3922 1416 3991 πολυέραστον
1460 3922 1559 3992 τῆς
1617 3919 1918 3980 πολιτείας,
1956 3918 2012 3968 ἐν
2067 3918 2135 3985 τῇ
2195 3913 2341 3984 ψυχῇ
2376 3912 2746 3984 μεταγράφων
2799 3909 2895 3963 καλ⁵
2923 3905 3216 3961 άνατυπῶν
3263 3906 3366 3957 οὐκ
3398 3903 3594 3971 άπὲληυ

348 4033 444 4082 γεν
501 4015 742 4086 ἄγαλμα.
782 4016 940 4068 Ἀλλά
992 4020 1120 4087 γάρ,
1172 4018 1302 4086 περὶ
1347 4016 1442 4070 τοῦ
1470 4014 1882 4087 διηπορημένον
1924 4029 2029 4077 σοι,
2076 4010 2182 4081 τῆς
2214 4008 2428 4082 χρείας,
2501 4008 2604 4061 οὐκ
2633 4003 2730 4060 οἷδ’
2786 4006 2836 4059 εἰ
2874 4003 3115 4067 ἔλαττον,
3143 4001 3247 4072 τῆς
3285 4001 3335 4056 δ’
3359 3995 3455 4054 οὖν
3485 4000 3596 4052 ἐπι·

349 4112 543 4181 στολῆς
581 4114 674 4165 καὶ
733 4113 825 4166 ἐπὶ
869 4113 1064 4176 πλέον,
1097 4113 1194 4176 τὰς
1241 4112 1422 4175 λύσεις
1474 4111 1784 4181 δεχόμενος,
1821 4109 2053 4180 ἔρρωσο.

455 4225 783 4293 ρυλΕδΤιΟ
801 4227 964 4284 CXIII
994 4228 1183 4299 [CoisL
1222 4239 1271 4282 et
1309 4227 1471 4283 Taur.
1519 4226 1808 4300 CXXXV].

735 4319 809 4373 De
856 4319 1193 4374 tabernaculo
1231 4321 1535 4375 testimonii.

2555 4215 2893 4272 ΕΡΩΤΗΣΙΣ
2924 4212 3071 4265 PH".

2269 4311 2408 4381 Περὶ
2435 4309 2546 4378 τῆς
2593 4307 2835 4376 σκηνῆς
2872 4303 2980 4360 τοῦ
3020 4303 3373 4374 μαρτυρίου.

831 4432 970 4484 Edita
995 4448 1022 4483 a
1045 4434 1362 4496 Montacutio,
1403 4449 1483 4498 ep.
1507 4435 1617 4497 219,
1641 4435 1710 4486 ad
1731 4436 1928 4486 Leonem
1953 4439 1997 4484 et
2027 4431 2181 4482 Galat.
2206 4443 2256 4493 p.
2283 4428 2511 4477 52I-528.
2549 4427 2604 4476 In
2635 4424 2790 4474 Exod.
2819 4439 2898 4482 xu,
2924 4422 3086 4472 19-19.

422 4543 584 4610 Quid,
621 4544 944 4614 interrogas,
976 4545 1364 4601 vestimentum
1396 4563 1426 4601 e
1463 4546 1698 4603 diversis
1726 4545 1928 4602 colori-

346 4638 451 4692 bus
485 4647 796 4692 contextum
822 4638 1190 4694 adulterinum
1220 4656 1423 4697 vocans
1455 4642 1750 4712 legislator,
1781 4642 1928 4711 ejus-

350 4747 456 4800 que
491 4746 646 4786 usmn
665 4731 943 4800 prohibuit
976 4733 1043 4786 iis
1070 4733 1165 4802 qui
1198 4733 1366 4802 ipsius
1401 4735 1644 4804 paedagio
1666 4733 1926 4788 informa-

349 4823 571 4884 bantur,
604 4806 670 4876 ire
699 4823 1024 4887 induerent;
1061 4831 1239 4878 tamen
1269 4824 1566 4880 testimonii
1597 4824 1924 4879 tabernam:-

351 4911 467 4966 Ium
532 4910 806 4965 talismodi
856 4910 1206 4978 operimentis
1264 4912 1430 4966 velari
1465 4913 1666 4982 jubet:
1711 4914 1764 4967 iu
1812 4929 1922 4984 quo

349 5005 636 5060 videbatur
665 5003 811 5058 Deus
845 5019 1114 5072 praesens,
1156 5016 1209 5060 et
1257 5005 1453 5060 Sancta
1483 5016 1796 5062 sanctorum
1839 5024 1928 5062 re-

351 5097 745 5153 condebantur.
771 5097 908 5150 Audi
933 5105 1108 5151 autem
1140 5100 1403 5153 rationem
1421 5100 1546 5154 huic
1560 5099 1846 5171 quaastioni
1878 5111 1932 5154 et

354 5185 628 5240 similibus
674 5193 1103 5254 congruentem:
1150 5184 1366 5239 divinus
1421 5184 1596 5240 Moses
1636 5201 1758 5240 cum
1803 5187 1928 5240 talia

355 5276 662 5340 mandaret,
693 5274 918 5345 praecise
953 5275 1124 5330 voluit
1155 5277 1462 5344 signiﬁcare
1492 5293 1598 5332 non
1633 5293 1754 5333 esse
1788 5278 1929 5333 litte-

2101 4541 2167 4596 Τί
2198 4541 2417 4611 δήποτε,
2451 4537 2696 4610 πυνθάνῃ
2751 4535 2813 4587 τὸ
2864 4537 2930 4588 ὲκ
2981 4531 3258 4602 διαφόρων
3300 4530 3595 4601 χρωμάτων

2029 4633 2280 4702 ὕφασμα,
2310 4628 2561 4698 κίϐδηλόν
2590 4645 2649 4680 τε
2675 4626 2878 4688 καλῶν,
2911 4625 3005 4678 καὶ
3030 4623 3361 4693 ἀποτρέπων
3388 4624 3418 4675 6
3451 4640 3596 4693 νομο-

2027 4724 2190 4792 θέτης
2215 4723 2338 4784 τοὺς
2365 4721 2457 4774 ὑπ’
2492 4717 2657 4772 αὑτοῦ
2696 4714 3254 4784 παιδαγωγουμένους
3301 4711 3592 4782 ἀμφιέννυ-

2030 4816 2176 4881 σθαι,
2210 4816 2308 4884 τὴν
2338 4813 2432 4865 τοῦ
2467 4811 2769 4882 μαρτυρίου
2809 4807 3014 4878 σκηνὴν
3059 4803 3331 4868 τοιούτοις
3381 4802 3589 4871 ἐπιϐλή-

2033 4925 2166 4977 μασι
2189 4905 2520 4977 προστάσσει
2553 4901 2949 4961 καλύπτεσθαι,
2988 4891 3106 4970 ὲνῇ
3146 4897 3281 4960 Θεός
3313 4913 3371 4948 τε
3417 4893 3588 4946 oma-

2029 5016 2170 5064 νετο,
2201 4999 2297 5052 καὶ
2324 4997 2392 5050 τά
2420 4997 2527 5049 τῶν
2554 4995 2727 5063 ἁγίων
2755 4993 3014 5048 ἀπέκειτο
3045 4989 3246 5055 "Avia;
3289 4985 3525 5043 Ἀκούοις
3543 4981 3582 5033 δ’

2030 5094 2096 5145 ἂν
2123 5091 2321 5153 κοινὸν,
2353 5091 2439 5143 ἐπ’
2477 5087 2645 5142 αὑτοῦ
2679 5105 2739 5140 τε
2767 5085 2862 5140 καὶΙ
2890 5083 2998 5136 τῶν
3027 5080 3255 5151 ὁμοίων,
3286 5078 3440 5146 λόγον
3459 5078 3581 5130 ἀπο-

2030 5185 2306 5252 διδόμενον
2329 5202 2342 5214 ·
2367 5185 2442 5246 ὡς
2469 5183 2535 5236 τά
2558 5179 2782 5234 τοιαῦτα
2814 5175 3138 5248 νομοθετῶν,
3155 5174 3185 5226 6
3211 5172 3352 5235 θεῖος
3402 5168 3578 5234 Μωσῆς

2032 5272 2276 5346 ἀκριϐῶς
2305 5272 2516 5344 ἐδήλου,
2550 5271 2625 5344 μὴ
2649 5269 2848 5342 χρῆναι
2877 5267 3060 5337 γυμνῇ
3105 5258 3483 5332 προσεδρεύειν
3518 5256 3571 5323 τῇ

1655 5456 1889 5512 VA.“le
1945 5453 2346 5511 LECTIONES.

441 5651 472 5683 ⁸
492 5645 556 5700 (Ξ.
577 5643 648 5700 Μ.
682 5646 747 5698 ἐκ
773 5645 982 5713 γένους.

1061 5649 1113 5682 ³·
1142 5644 1205 5700 C.
1247 5644 1319 5699 III.
1342 5644 1570 5706 πάντας.
1610 5650 1638 5690 ῐ
1669 5641 1730 5697 C.
1765 5637 1835 5692 Μ.
1868 5649 2012 5695 recte
2049 5639 2129 5702 ὃς.
