3798 6210
187 286 272 350 665
1053 279 1152 339 AD
1175 279 1766 341 AMPHILOCHIUM

186 396 301 459 λέξει
326 389 410 444 τοῦ
456 388 803 459 γράμματος,

185 489 301 557 ἐχειν
314 482 400 551 τῆς
420 478 757 547 καταλέψεως
776 487 798 514 ⁸
820 494 833 506 ·
851 479 964 541 τοῖς
978 478 1086 551 γὰρ
1104 479 1553 548 διαφιλονεικοῦσι
1567 481 1701 535 ταύ-

182 598 235 652 τῃ
260 579 337 631 τὸν
365 573 480 627 νοῦν
506 572 611 625 τῶν
642 573 1125 642 προσταττομένων
1159 572 1342 627 λαϐεῖν
1357 574 1457 628 οὐκ
1484 575 1548 628 ἄν
1569 592 1700 627 ποτε

183 670 444 741 θηράσιμος
472 665 701 733 γένοιτο.
734 664 984 718 Τοιοῦτον
1013 665 1123 736 γάρ
1140 667 1232 719 καὶ
1250 667 1331 732 τὸ,
1354 670 1413 720 ἐν
1434 667 1700 739 Σαϐϐάτῳ

181 762 386 818 κελεύειν
417 758 577 829 μηδὲν
604 757 741 821 ὅλως
767 759 1100 828 ἐργάζεσθαι
1119 774 1133 787 ·
1156 761 1280 822 τοὺς
1310 760 1367 812 δὲ
1397 763 1566 831 ἱερεῖς
1587 764 1703 814 ἐπι-

180 855 364 923 τρέπειν
410 849 498 902 ἐπὶ
546 852 663 912 ταῖς
701 849 913 913 θυσίαις
940 852 1033 903 καὶ
1065 849 1400 917 ξυλοκοπεῖν,
1437 854 1531 905 καὶ
1562 869 1699 920 σφα·-

178 945 353 1015 γιάζειν
379 955 403 982 ι
435 940 523 1002 οὒς
554 941 658 994 ἔδει
693 942 893 1012 μᾶλλον
932 942 1039 994 τῶν
1066 943 1239 996 ἄλλων
1268 943 1556 1013 γνώμονας
1587 944 1697 997 ώσ-

178 1050 262 1102 περ
287 1032 370 1085 καὶ
393 1031 693 1101 ἀρχέτυπον
722 1030 814 1084 τοῦ
848 1031 1083 1101 πλήθους
1114 1032 1293 1097 ὄντας,
1321 1033 1383 1085 τὸ
1404 1033 1502 1103 τῆς
1540 1050 1702 1102 νομο-

178 1125 333 1186 θεσὶας
362 1123 640 1191 φυλάττειν
677 1123 951 1193 ἀκήρατον
973 1144 985 1155 ·
1011 1124 1091 1176 ἔτι
1126 1124 1183 1177 δὲ
1220 1126 1310 1177 καὶ
1334 1124 1396 1178 τὸ
1427 1124 1698 1195 προστάσ-

178 1231 286 1277 σειν,
312 1214 370 1264 ἐκ
391 1210 547 1264 λίθων
574 1211 799 1282 τμητῶν
833 1213 907 1282 μὴ
946 1216 1377 1280 κατασκευάζειν
1416 1216 1700 1286 θυσιαστή-

176 1322 266 1376 ρια,
306 1305 379 1357 ὅτι
414 1301 736 1374 μεμίανται·
769 1307 864 1358 καὶ
912 1304 1008 1357 τοῦ
1058 1307 1356 1376 μεμιάνθαι
1387 1308 1485 1378 τὴν
1517 1308 1697 1362 αἰτίαν

174 1397 365 1463 ἐπάγειν
392 1394 451 1446 τὸ
478 1394 821 1465 ἐγχειρίδιον,
872 1397 1063 1466 ὅτιπερ
1101 1400 1284 1462 αὐτοῖς
1317 1398 1476 1452 τοῦτο
1506 1400 1697 1471 ξυομέ-

174 1506 262 1551 νοις
290 1488 314 1527 ιι
334 1486 683 1558 ἐπιϐέϐληται
709 1503 722 1516 ·
753 1488 830 1559 τῷ
859 1489 1162 1559 ἐγχειριδίῳ
1178 1491 1234 1542 δὲ
1257 1492 1352 1545 καὶ
1381 1493 1511 1546 αὐτὸ
1531 1494 1592 1545 τὸ
1611 1510 1696 1545 τι-

175 1578 407 1649 μιώτατον
457 1579 551 1632 καλ⁵
579 1579 836 1649 μέγιστον
879 1581 1010 1651 παρ’
1061 1580 1332 1650 Ἑϐραίοις
1358 1584 1456 1653 τὴν
1480 1600 1696 1651 περιτο-

174 1674 259 1743 μὴν
282 1671 695 1744 ἀπεργάζεσθαι,
738 1674 832 1725 καὶ
872 1674 980 1743 μὴν
1022 1674 1114 1727 καὶ
1151 1676 1331 1738 πάσας
1381 1678 1692 1748 ἱερουργίας

170 1742 468 1837 ἐγχειριδίοις
535 1742 1030 1836 τελεσιουργεῖσθαι
1091 1767 1186 1820 καὶ
1244 1742 1691 1839 καταρτίζετσθαι.
1724 1742 1765 1796 Β

172 1857 257 1908 Καὶ
298 1855 356 1925 δὴ
399 1856 653 1923 κάκεῖνο,
701 1856 793 1909 τὸν
836 1857 934 1925 μὲν
972 1859 1278 1929 ἁπτόμενον
1320 1861 1514 1931 νεκροῦ
1557 1863 1692 1915 ἀκά-

169 1946 329 2017 Θαρτον
351 1942 507 2013 εἶναι,
535 1944 654 2001 εἶτα
683 1948 1043 2019 καθαίρεσθαι
1063 1952 1213 2021 παρὰ
1229 1952 1323 2005 τοῦ
1351 1954 1540 2024 ἱερέως
1565 1969 1580 1985 ο
1602 1954 1694 2008 τὸν

167 2040 211 2093 δὲ
246 2041 308 2112 μὴ
327 2042 578 2095 δύνασθαι
610 2042 896 2113 καθαίρειν
945 2044 1182 2109 ἄλλωςεὶ
1205 2046 1279 2116 μὴ
1299 2047 1387 2100 διὰ
1412 2048 1689 2119 θυμάτων,

167 2131 195 2184 ἆ
219 2133 271 2203 δὴ
298 2133 449 2197 αὑτός
471 2150 530 2186 τε
566 2137 876 2205 νεκροποιεῖ
910 2136 1145 2205 πρῶτος,
1187 2138 1281 2191 καὶ
1303 2138 1560 2202 ἅπτεται,
1597 2141 1693 2194 καὶ

166 2224 250 2276 ἀπὸ
267 2224 363 2277 τῶν
388 2226 595 2295 νεκρῶν
617 2225 882 2297 αἱμάτων,
906 2228 937 2297 ἦ
956 2230 1022 2299 τῇ
1051 2228 1230 2300 σποδῷ
1254 2230 1558 2300 περιραίνει
1578 2232 1690 2297 τὸν,

165 2318 228 2368 ὅτι
247 2316 425 2385 νεκροῦ
454 2318 655 2387 ἥψατο,
692 2320 986 2389 προσιόντα
1009 2320 1471 2393 καθαρθήσεσθαι.
1506 2325 1692 2394 Αἰνίγ-

167 2424 272 2475 ματι
286 2409 385 2477 γὰρ
404 2408 563 2462 τοῦτο
579 2411 881 2477 παντελῶς,
900 2411 1049 2476 εἴτις
1074 2414 1396 2483 ὲναπομένοι
1415 2414 1492 2485 τῷ
1514 2418 1695 2486 γράμ-

166 2514 289 2566 ματι,
329 2499 487 2555 ἔοικε.
532 2501 787 2555 Τοιοῦτόν
825 2503 938 2555 ἐστι
970 2504 1065 2557 καὶ
1090 2503 1171 2566 τὸ,
1199 2505 1417 2568 πάντως
1443 2507 1693 2577 ὁμοίωμα

164 2590 312 2641 ποιεῖν
338 2590 606 2663 ἀπάρχειν
637 2592 728 2646 τὸν
776 2593 1023 2663 Ἰσραήλ·
1052 2595 1217 2649 αὐτὸν
1248 2596 1301 2649 δὲ
1329 2596 1504 2649 ταῦτα
1531 2616 1693 2668 νομο-

164 2678 404 2745 θετοῦντα,
434 2683 651 2752 πρῶτον
677 2687 777 2753 μὲν
798 2684 895 2738 καλ⁹
938 2685 1109 2756 αὐτὴν
1141 2687 1240 2756 τὴν
1279 2687 1512 2741 κιϐωτὸν
1554 2689 1695 2742 κατὰ

164 2771 302 2827 τύπον
329 2775 417 2827 καὶ
445 2774 674 2845 μίμημα
706 2775 1038 2846 ποιήσασθαι
1061 2777 1167 2832 τῶν
1192 2778 1513 2849 δειχθέντων
1544 2779 1694 2850 αὑτῷ

163 2866 209 2915 ἐν
234 2864 302 2933 τῷ
330 2864 439 2936 ὃρει
460 2882 475 2897 ο
516 2866 713 2919 ἔπειτα
751 2867 847 2930 τὰς
883 2869 1119 2934 εἰκόνας,
1148 2870 1240 2922 καὶ
1277 2873 1344 2924 τά
1370 2871 1693 2943 ὁμοιώματα

162 2955 249 3008 τῶν
270 2958 537 3031 Χερουϐὶμ
567 2961 859 3031 διαγλύψαι
905 2979 964 3015 τε
994 2962 1090 3016 καὶ
1138 2962 1426 3034 τορεῦσαι,
1462 2966 1693 3029 καὶτοῖς

1803 277 2146 351 ΟΗΕΞΤΙΟ
2173 280 2383 341 CXIII,
3263 286 3367 347 666

858 386 994 456 μηδέ
1036 387 1116 457 τῷ
1155 387 1432 458 προχείρῳ
1467 405 1693 460 προσαν-

1805 400 1882 440 rae
1901 385 2283 441 adhaerendum
2319 388 2554 456 penitus,
2601 403 2701 443 nec
2727 392 3109 447 attendendum
3136 395 3202 450 ad
3244 412 3368 453 sen-

1803 495 1923 535 sum
1955 480 2131 550 prima
2167 481 2301 535 facie
2331 480 2653 536 exhibitum.
2686 483 2764 536 llli
2806 495 2969 549 certe,
3006 486 3098 555 qui
3130 489 3372 556 pertina-

1801 573 1922 627 cius
1943 574 2277 628 contendunt
2300 574 2597 628 secundum
2626 573 2853 629 litteram
2877 578 2980 632 ista
3002 580 3369 649 intelligenda.

1801 667 2123 720 sententiam
2173 682 2453 734 nunquam
2510 667 2867 723 venabuntur.
2908 669 3035 725 Tale
3062 672 3369 726 mandatum

1800 768 1903 819 est,
1934 773 2043 826 quo
2070 759 2386 828 praecipitur
2406 758 2543 813 nihil
2576 760 2734 829 plane
2762 776 2857 829 per
2885 760 3176 817 Sabbatum
3210 778 3373 832 agen-

1801 851 1951 912 dum,
1998 865 2123 903 cum
2154 858 2332 905 tamen
2377 851 2685 907 sacerdotes
2734 852 3179 922 permitterentur
3226 856 3369 924 ligna

1802 942 2024 1009 ﬁndere,
2073 957 2268 998 carnes
2309 943 2575 1009 dividere,
2629 945 2885 999 animalia
2938 946 3230 1001 occidere:
3277 950 3369 1016 qui

1800 1041 1977 1086 tamen
2026 1032 2225 1099 regula:
2273 1034 2445 1089 instar
2498 1044 2553 1088 et
2603 1035 2881 1105 archetypi
2931 1036 3199 1090 debebant
3250 1053 3370 1091 esse

1802 1122 2167 1185 multitudini,
2226 1132 2316 1186 ut,
2361 1123 2505 1190 quod
2537 1124 2652 1191 lege
2683 1125 3129 1192 praecipiebatur,
3156 1127 3370 1181 sincere

1800 1213 2062 1266 colerent:
2091 1214 2163 1267 ita
2190 1229 2313 1268 cum
2341 1216 2626 1267 mandetur
2651 1231 2719 1269 ne
2746 1231 2777 1270 e
2799 1215 3065 1285 lapidibus
3092 1217 3372 1271 sectilibus

1799 1304 1990 1358 altaria
2019 1313 2425 1371 construantur,
2471 1320 2536 1359 eo
2574 1307 2720 1374 quod
2755 1307 2834 1361 sic
2888 1306 3278 1376 polluerentur,
3318 1319 3373 1362 et

1799 1398 2113 1466 pollutionis
2158 1399 2424 1465 ejusmodi
2473 1414 2637 1453 causa
2692 1399 2992 1454 enchiridio
3052 1401 3372 1469 imputetur,

1796 1506 1905 1559 quo
1938 1491 1992 1544 in
2023 1490 2349 1545 exascianda
2380 1493 2608 1545 materia
2638 1494 2712 1546 uti
2740 1493 2952 1547 solent:
2995 1509 3119 1547 cum
3189 1502 3244 1547 et
3275 1511 3372 1547 el.-

1796 1583 2027 1638 chiridio
2062 1584 2115 1637 id
2138 1583 2283 1653 quod
2307 1584 2543 1637 maximo
2574 1585 2625 1637 in
2658 1584 2863 1639 honore
2882 1584 3083 1641 Iudaeis
3121 1594 3175 1639 et
3201 1601 3367 1639 vene-

1797 1676 2007 1730 ratione
2057 1686 2193 1742 erat,
2242 1661 2437 1745 nempe
2484 1677 2849 1742 circumcisio,
2895 1679 3265 1747 perliceretur,
3315 1685 3370 1731 it

1796 1765 1978 1819 omnia
2032 1766 2297 1821 sacriﬁcia
2360 1781 2455 1834 per
2524 1766 2711 1820 eadem
2783 1778 3161 1821 consummata
3210 1769 3372 1823 abso-

1795 1857 2018 1928 lutaque
2063 1858 2323 1913 darentur
2381 1857 2765 1912 instrumenta.
2837 1856 3025 1912 Simile
3081 1869 3162 1912 est
3209 1878 3223 1912 :
3270 1878 3287 1910 ι
3318 1859 3368 1916 Is

1794 1951 1887 2018 qui
1934 1957 2209 2003 mortuum
2275 1949 2547 2018 tetigerit,
2607 1950 2920 2005 immundus
2970 1952 3109 2017 erit,
3164 1958 3219 2004 et
3268 1967 3370 2019 pu-

1796 2040 2092 2094 riﬁcandus
2156 2039 2389 2094 traditur
2450 2042 2765 2108 sacerdoti;
2828 2060 2847 2094 ι
2923 2042 3017 2111 qui
3085 2058 3190 2096 non
3261 2042 3368 2098 alio

1795 2133 1956 2185 modo
2010 2146 2134 2184 eum
2189 2132 2479 2201 puriﬁcare
2534 2134 2729 2202 potuit,
2784 2148 2948 2202 quam
3014 2148 3109 2203 per
3159 2134 3370 2189 sacriﬁ-

1795 2222 1879 2276 cia
1903 2260 1919 2285 ,
1952 2237 2073 2290 qua
2106 2224 2419 2292 perlipsum
2454 2224 2763 2279 morticinia
2802 2224 3050 2293 inprimis
3101 2226 3269 2288 ﬁunt,
3297 2226 3373 2281 ita

1797 2314 1992 2383 tangit.
2024 2323 2079 2368 et
2109 2328 2207 2382 per
2228 2314 2548 2382 sanguinem
2579 2315 2847 2369 demortui
2886 2325 2939 2368 et
2966 2316 3205 2370 cinerem
3241 2332 3377 2386 pur-

1795 2412 1885 2474 gat
1914 2420 2059 2469 eum,
2094 2404 2187 2473 qui
2220 2408 2532 2474 purgandus
2580 2406 2747 2469 venit,
2786 2421 2894 2459 non
2923 2406 3087 2459 aliam
3136 2408 3208 2461 ob
3241 2422 3375 2462 cau-

1796 2508 1915 2547 cam
1946 2509 2108 2562 quam
2140 2494 2284 2562 quod
2319 2494 2566 2564 tetigerat
2597 2502 2896 2549 mortuum.
2947 2496 3069 2551 llaec
3109 2497 3378 2566 resipiant

1794 2586 2102 2656 aanigmata,
2137 2588 2183 2640 si
2223 2586 2346 2655 quis
2376 2588 2567 2641 litterm
2601 2588 2974 2653 immanserit;
3007 2600 3170 2659 atque
3197 2590 3378 2645 simile

1794 2686 1879 2732 est
1899 2693 1995 2747 per
2019 2677 2223 2739 omnia,
2254 2679 2396 2747 quod
2427 2678 2783 2733 simulacrum
2814 2680 3172 2748 prohibentur
3199 2678 3378 2735 Israe-

1795 2771 1903 2825 litae
1928 2768 2107 2825 l‘acere
2140 2789 2153 2824 :
2185 2784 2305 2823 cum
2349 2780 2529 2824 tamen
2580 2771 2662 2836 is,
2692 2772 2784 2840 qui
2824 2772 2936 2826 haec
2965 2773 3198 2828 sancivit
3236 2773 3373 2844 lege,

1795 2877 1982 2917 arcam
2018 2862 2211 2931 jubeat
2239 2860 2508 2916 fabricare
2561 2862 2862 2917 secundum
2898 2872 3083 2933 typum
3111 2874 3166 2918 et
3191 2864 3377 2919 imita-

1795 2956 1997 3010 tionem
2056 2965 2403 3011 ostensorum
2471 2955 2575 3024 ipsi
2644 2955 2697 3007 in
2754 2964 2980 3010 monte:
3037 2964 3148 3010 tum
3207 2957 3377 3013 etiam

163 3052 591 3121 παραπετάσμασι
642 3054 1049 3123 προσεξυφᾶναί
1102 3072 1161 3109 τε
1199 3057 1291 3109 καὶ
1330 3057 1651 3126 ραφιδεῦσαι
1675 3075 1689 3090 ”

1798 3046 2016 3101 mandet
2046 3046 2309 3117 imagines
2342 3055 2397 3101 et
2424 3046 2808 3116 expressiones
2839 3046 3133 3101 Cherubim
3159 3048 3379 3102 exscul-

163 3141 361 3208 ῥοῖσκων
395 3161 454 3197 τε
495 3144 823 3216 ὁμοιώματα
864 3149 977 3211 τοῖς
1021 3149 1184 3219 ἱεροῖς
1225 3148 1477 3201 σκεύεσιν
1537 3152 1693 3204 ἐντυσο

1798 3154 1955 3208 pere.
2008 3148 2059 3192 et
2100 3137 2373 3201 forinare,
2424 3145 2479 3192 et
2517 3136 2647 3190 velis
2690 3136 2963 3205 praetextis
3010 3146 3294 3207 contegere
3320 3144 3377 3193 et

162 3234 313 3289 πῦσαι
340 3238 429 3290 καὶ
480 3240 651 3309 μυρία
696 3239 851 3294 ἄλλα.
897 3240 1104 3294 Ἐκεῖνο
1139 3242 1215 3309 δὲ,
1258 3243 1373 3305 πῶς
1394 3244 1454 3296 οὐ
1480 3244 1694 3314 θαυμά-

161 3327 253 3381 ceti
264 3344 360 3393 τις,
382 3332 493 3393 τοῖς
512 3331 610 3384 τοῦ
635 3332 909 3402 θαύματος
933 3332 1227 3404 προθύροις
1248 3336 1409 3405 μόνον
1432 3337 1696 3407 ἀναστρε-

160 3419 377 3489 φόμενος,
410 3427 502 3479 καὶ
530 3429 646 3490 τοῖς
694 3427 842 3481 ἔνδον
874 3432 1279 3501 κεκρυμμένοις
1318 3433 1411 3485 τὸν
1433 3433 1559 3486 νοῦν
1595 3434 1695 3487 οὐκ

159 3512 273 3582 ἔχων
302 3517 719 3587 ἀνατενίζοντας
760 3523 842 3576 ὅτι
876 3523 967 3577 τὸν
1002 3525 1099 3595 μὲν
1128 3526 1407 3596 ἀρτιγενεῖ
1431 3527 1608 3597 λέπρᾳ
1634 3526 1695 3581 τὸ

160 3604 295 3670 σῶμα
320 3608 653 3680 στιζόμενον,
690 3610 843 3665 οὔπω
865 3614 923 3667 δὲ
953 3616 1052 3684 τὴν
1084 3616 1213 3685 ὃλην
1238 3617 1557 3686 ἐπιφάνειαν
1586 3617 1676 3671 δια

156 3697 398 3768 φθαρέντα
426 3704 508 3774 τῷ
543 3710 835 3776 νοσήματι,
865 3706 1173 3780 ἀκάθαρτον
1203 3711 1297 3763 καὶ⁹
1332 3709 1526 3780 μιαρὸν
1557 3711 1695 3764 ἀπο-

157 3789 309 3854 φαίνει
331 3811 345 3824 ·
369 3796 458 3847 τὸν
476 3797 522 3849 δ’
558 3797 679 3851 ὅλον
706 3798 767 3851 τὸ
797 3799 958 3869 σῶμα
987 3802 1377 3872 περισχεθέντα
1404 3804 1482 3875 τῷ
1514 3804 1692 3876 κακῷ,

159 3884 235 3934 καὶ
252 3883 622 3959 βδελύγματιςο
649 3890 714 3944 ἂν
745 3892 1035 3962 γενόμενον
1058 3912 1073 3926 ·
1096 3897 1189 3949 καὶ
1215 3898 1263 3950 εἱ
1286 3896 1341 3950 δὲ
1357 3896 1484 3967 χθὲς
1516 3899 1565 3937 ο*
1597 3898 1696 3968 μὲν

160 3974 416 4046 ὁρίιθῆνειι,
450 3983 618 4049 ἐγγὺς
639 3984 697 4036 δὲ
734 3986 994 4057 γεγονότα
1018 3987 1258 4051 καὶτοὺς
1277 3990 1539 4057 φυσικοὺς
1568 4008 1694 4044 συν-

160 4064 359 4137 δέσμους
395 4072 653 4127 λύεσθαι⁸
694 4052 893 4130 τοῦτον⁵
922 4078 979 4130 δὲ
1028 4081 1137 4149 ἄρα
1180 4052 1419 4148 καθαρὸν
1467 4052 1563 4136 καὶ
1594 4083 1697 4152 τῆς

159 4167 447 4236 συναγωγῆς
484 4168 636 4232 ἄξιον
685 4168 1005 4239 κρίνεσθαι;
1066 4174 1128 4225 Ei
1161 4171 1339 4242 βούλει
1367 4174 1424 4227 δὲ
1478 4176 1696 4228 κάκεῖνο

155 4249 245 4303 τῶν
264 4254 317 4306 ὲν
343 4258 491 4329 νόμῳ
551 4258 810 4328 βιούντων
853 4261 998 4330 ἰδεῖν,
1026 4263 1103 4327 ὡς
1161 4266 1263 4319 οὐκ
1292 4267 1419 4335 ἐξῆν
1450 4267 1549 4337 μέν
1573 4285 1694 4320 τινα

156 4346 283 4413 παρὰ
313 4349 408 4419 τὴν
434 4353 639 4422 σκηνὴν
671 4354 903 4425 ἀλλαχοῦ
932 4356 1138 4427 τολμᾷν
1174 4358 1449 4422 θυσιάζειν
1473 4376 1488 4390 ο
1514 4362 1547 4429 ἡ
1586 4360 1693 4431 γὰρ

1794 3227 1949 3281 radio
1976 3226 2339 3291 intertexcre;
2375 3227 2468 3279 sed
2501 3234 2555 3279 et
2583 3226 2850 3279 malorum
2883 3236 3235 3296 granatorum
3266 3226 3379 3281 for-

1794 3336 1914 3375 mas
1939 3320 2111 3375 sacris
2141 3318 2472 3374 utensilibus
2500 3318 2830 3387 insculpere,
2857 3329 2911 3375 et
2931 3319 3130 3375 similia
3179 3320 3374 3375 multa.

1793 3412 1926 3467 illud
1957 3426 2085 3466 vero
2116 3427 2224 3466 non
2257 3420 2341 3466 est
2367 3412 2502 3481 quin
2537 3411 2841 3466 admiretur
2863 3411 2931 3476 is,
2965 3413 3059 3482 qui
3082 3413 3167 3467 vel
3204 3413 3377 3468 mira-

1794 3505 1917 3561 cula
1956 3506 2026 3560 ab
2052 3505 2273 3560 introitu
2336 3504 2612 3569 salutavit,
2651 3520 2751 3559 nec
2780 3506 3022 3560 animum
3063 3504 3281 3561 aﬂixum
3323 3513 3379 3562 et

1794 3599 2062 3653 intentum
2104 3597 2266 3651 habet
2307 3596 2373 3651 ad
2433 3611 2496 3650 ea
2548 3611 2671 3665 qua:
2704 3597 2937 3653 interius
2989 3598 3373 3666 occultantur;

1794 3692 1940 3762 quod
1984 3707 2106 3747 eum
2144 3690 2236 3761 qui
2281 3690 2428 3760 lepra
2485 3692 2776 3760 incipiente
2824 3692 3241 3760 compungitur,
3276 3705 3380 3747 nec

1794 3793 1964 3839 totam
2014 3785 2259 3854 corpOris
2300 3785 2643 3853 superﬁciem
2678 3787 2869 3839 morbo
2898 3784 3151 3839 infectam
3198 3785 3382 3841 adhuc

1795 3877 1991 3942 habet,
2042 3878 2384 3931 immundum
2454 3881 2800 3947 pronuntiat,
2851 3888 2907 3931 et
2961 3877 3376 3942 declinandum,

1795 3985 1918 4024 cum
1964 3969 2156 4036 illum,
2216 3972 2310 4039 qui
2355 3986 2386 4025 a
2442 3972 2619 4040 capite
2671 3971 2738 4025 ad
2790 3971 2990 4025 calcem
3041 3970 3230 4024 odioso
3273 3969 3376 4024 hoc

1795 4059 1989 4113 morbo
2022 4059 2268 4125 laborat,
2312 4071 2477 4129 atque
2513 4068 2597 4115 est
2630 4060 2698 4115 ad
2731 4059 3048 4113 intuendum
3078 4057 3375 4112 detestabi-

1794 4150 1902 4217 lis,
1948 4151 2152 4221 quique
2199 4165 2364 4220 prope
2407 4159 2491 4205 est
2542 4161 2599 4205 ut
2645 4150 2861 4205 vincula
2909 4158 3120 4203 natura:
3159 4149 3373 4217 solvat,

1795 4242 1962 4308 hunc,
1997 4244 2239 4312 inquam,
2270 4244 2533 4297 mundum
2566 4244 2652 4297 lex
2688 4251 2916 4312 reputet,
2950 4252 3004 4298 et
3036 4243 3257 4313 dignum
3280 4242 3373 4311 juo

1796 4334 1941 4389 dicet
1971 4350 2260 4406 synagoga.
2310 4334 2365 4389 Si
2414 4335 2594 4390 adhuc
2631 4335 2842 4404 placeat
2877 4335 3075 4390 intueri
3110 4336 3230 4391 illos
3276 4336 3371 4406 qui

151 4436 216 4498 εἰς
241 4434 369 4510 αἷμα
402 4443 527 4515 δίκη
574 4448 790 4516 ἀπήντα
828 4448 903 4519 τῷ
955 4450 1263 4519 παραϐάντι
1287 4467 1302 4481 °
1331 4452 1390 4504 ού
1422 4452 1530 4522 μὴν
1573 4454 1693 4506 οὐδὲ

1798 4428 1901 4483 sub
1930 4428 2044 4497 lege
2093 4428 2377 4495 vivebant,
2432 4428 2633 4499 quibus
2673 4427 2881 4482 licitum
2929 4444 3039 4482 non
3084 4438 3201 4482 crat
3242 4428 3371 4484 alibi

151 4528 238 4595 ἔξω
259 4534 346 4587 τοῦ
369 4539 522 4601 ναοῦ,
552 4540 691 4609 μετὰ
712 4542 811 4609 τὴν
832 4541 1024 4595 τούτου
1047 4543 1353 4614 οἰκοδομὴν,
1374 4544 1473 4608 τὰς
1491 4546 1695 4616 ἱερουρ-

149 4622 253 4689 γίας
281 4631 575 4684 ποιεῖσθαι’
604 4633 693 4684 τὸν
729 4631 787 4685 δὲ
828 4633 1130 4704 θαυμάσιον
1161 4636 1442 4705 Σαμουὴλ,
1476 4635 1571 4688 καὶ
1601 4636 1694 4690 θυ-

150 4725 437 4792 σιαστήριον
464 4727 563 4794 τῆς
588 4728 793 4796 σκηνῆς
818 4727 1064 4798 ἑστώσης
1087 4728 1276 4797 πῆξαι,
1307 4729 1568 4799 κάκείνην
1593 4729 1691 4797 μὲν

148 4807 328 4866 λιπεῖν·
352 4818 531 4870 ἐκεῖσε
562 4819 617 4871 δὲ
640 4820 737 4882 τὰς
773 4820 963 4881 θυσίας
1006 4821 1339 4889 ἀνενεγκεῖν.
1392 4822 1502 4873 Οὐκ
1529 4820 1690 4873 αὑτὸν

147 4899 193 4953 δὲ
226 4906 393 4974 μόνον,
421 4911 557 4965 ἀλλὰ
590 4913 688 4965 καὶ
715 4913 807 4965 τὸν
840 4911 983 4982 ἱερὸν
1014 4913 1200 4966 Ἠλίαν
1225 4912 1321 4965 τοῦ
1354 4913 1412 4965 ἐν
1458 4913 1687 4984 Ἱεροσο-

147 4989 313 5064 λύμοις
350 5001 479 5054 ναοῦ
504 5002 772 5074 λαμπρῶς
807 5004 1117 5075 ἑστηκότος,
1151 5005 1245 5059 ἐπὶ
1267 5004 1361 5059 τοῦ
1386 5004 1687 5076 Καρμήλου

147 5082 339 5155 βωμούς
359 5109 419 5145 τε
442 5096 652 5164 ἐγεῖραι
677 5097 773 5150 καὶ
795 5099 1180 5168 προσενεγκεῖν
1204 5096 1411 5159 θυσίας.
1441 5097 1549 5149 Καὶ
1565 5096 1688 5148 τού-

144 5190 234 5229 των
260 5182 463 5252 οὐδένα,
500 5191 594 5258 οὑχ
622 5189 703 5241 ὅτι
731 5188 805 5261 μὴ
855 5189 1207 5257 ἐγκληθῆναι,
1239 5188 1375 5242 ἀλλὰ
1418 5188 1514 5241 καὶ
1552 5188 1691 5258 πρὸς

143 5267 279 5337 Θεοῦ,
301 5276 392 5330 τοῦ
418 5278 510 5332 διὰ
538 5279 779 5344 Μωσέως
815 5281 981 5351 μηδὲν
1012 5281 1219 5336 τούτων
1264 5280 1568 5353 τολμᾶσθαι
1594 5298 1684 5332 νο-

1797 4534 1960 4589 quam
2009 4520 2150 4589 apud
2198 4522 2607 4575 tabernaculum
2660 4520 3011 4576 sacriﬁcare:
3047 4532 3191 4575 certe
3239 4535 3372 4575 san-

1796 4612 1960 4681 guine
1986 4612 2039 4665 in
2074 4628 2198 4665 eum
2230 4611 2630 4676 vindicabatur,
2661 4612 2755 4680 qui
2795 4621 3166 4678 transgressus
3193 4608 3373 4663 fuerat

1796 4704 2009 4773 legem;
2056 4702 2149 4758 sed
2196 4717 2297 4757 nec
2342 4711 2491 4757 extra
2539 4702 2799 4771 templum
2840 4701 3026 4767 licuit,
3081 4709 3375 4770 postquam
3426 4688 3434 4713 ⁸

1795 4808 2056 4885 templum
2087 4808 2529 4872 construebatur,
2563 4806 2832 4862 sacriﬁcia
2864 4819 3150 4875 peragere.
3180 4805 3371 4860 Admi-
3426 4857 3432 4864 .

1797 4913 1985 4967 rabilis
2010 4921 2190 4966 tamen
2215 4910 2297 4965 vir
2321 4910 2562 4975 Samuel,
2594 4925 2718 4965 cum
2746 4917 2913 4965 staret
2933 4909 3374 4976 tabernaculum,

1796 5006 1967 5059 altare
1994 5005 2121 5059 alibi
2154 5004 2292 5069 ﬁxit,
2325 5013 2380 5058 et
2422 5004 2567 5074 quod
2598 5003 2653 5057 in
2685 5002 3040 5058 tabernaculo
3079 5002 3202 5069 fuit,
3236 5002 3369 5058 reli-

1797 5099 1936 5169 quit,
1970 5106 2024 5153 et
2055 5098 2107 5152 in
2146 5112 2176 5151 a
2206 5112 2265 5152 se
2312 5105 2625 5152 conSIructo
2676 5096 2945 5152 sacriﬁcia
2990 5096 3190 5151 obtulit
3224 5113 3241 5153 :
3272 5097 3375 5153 sed

1794 5202 1848 5244 et
1868 5199 2092 5245 sanctus
2110 5204 2375 5260 sacerque
2398 5190 2479 5243 vir
2509 5173 2690 5244 Helias
2710 5189 2913 5258 templo
2929 5188 3372 5260 splendidissime

1796 5291 2134 5345 constructo,
2172 5284 2227 5335 in
2263 5289 2448 5336 monte
2490 5279 2739 5335 Carmelo
2769 5280 2961 5336 altaria
2996 5281 3170 5341 erexit
3200 5287 3256 5334 et
3278 5292 3367 5335 sa-

1312 5534 1321 5540 .
1394 5482 1629 5539 νΑιιιΑΞ
1673 5482 1965 5541 LECTION
1979 5485 2079 5537 ES.

203 5647 223 5674 ³
250 5638 309 5694 C.
338 5642 406 5714 lli.
430 5642 534 5697 555
561 5644 597 5697 Γ.
635 5645 770 5699 902’)ll
832 5655 975 5699 recte
1009 5645 1171 5701 habet
1203 5645 1579 5714 καταλήψεως.

1663 5657 1687 5684 8
1720 5644 1779 5698 (ἶ.
1823 5645 1893 5697 Μ.
1941 5644 2034 5696 καὶ
2099 5643 2414 5708 ξυλοκοπείν
2468 5656 2563 5693 και
2600 5639 2927 5710 κρεανομεῖν
2978 5638 3071 5710 καὶ
3108 5634 3359 5710 σφαγιά-

148 5703 263 5764 ζειν.
337 5712 364 5750 ι)
405 5714 465 5767 C.
504 5714 570 5769 M.
619 5714 658 5771 Γ.
690 5714 795 5770 205
826 5716 853 5755 δ
885 5715 1179 5786 ξεομένοις.
1238 5729 1259 5756 ε
1294 5702 1880 5786 ἵσ.’βδελύγματιαίον.
1906 5716 1971 5768 (1.
2005 5714 2072 5768 Μ.
2106 5702 2199 5768 καὶ
2227 5712 2583 5783 βδελύγματι.
2645 5702 2977 5777 ἀ“εἰδέχθές.
3009 5704 3072 5759 C.
3108 5702 3179 5758 Μ,
3202 5706 3251 5757 εἱ
3280 5702 3359 5757 δὲ..
