3846 6188
184 275 275 339 669

1004 260 1103 319 AD
1142 246 1732 316 AMPHILOCHIUM
1768 238 2111 316 QUAESTIO
2141 237 2360 312 CXIII,
2397 236 2609 303 CXIV-

3290 228 3394 292 670

185 384 335 452 ἁφῆς,
368 378 424 444 ἐξ
448 369 515 447 ἧς
530 374 870 443 ἀνέστησαν;
898 369 1006 425 Καὶ
1034 369 1153 431 πῶς
1194 368 1295 420 οὐκ
1334 365 1400 419 ἂν
1443 364 1529 432 εῐη
1567 359 1727 414 τοῦτο
1757 402 1767 431 Α

1869 360 2020 407 antra
2073 350 2291 421 planam
2341 346 2678 415 Scripturam
2725 357 2838 397 rem
2888 346 3239 412 apparentem
3302 354 3398 402 per

186 473 313 528 κατά
329 487 390 539 γε
409 469 515 521 τῶν
543 464 942 536 γεγραμμένων
956 465 1017 513 τδ
1038 460 1382 529 φαινόμενον,
1405 454 1574 523 πολλὴ
1591 453 1732 521 ἀμα-

186 565 264 617 θία
295 564 384 615 καὶ
412 560 601 620 ἄνοιας
652 555 719 607 Ἦ
752 553 811 606 δὲ
839 554 936 623 τῆς
962 551 1083 603 ὅνου
1107 546 1311 615 σιαγὼν
1327 543 1563 616 τριπλῆς
1594 543 1732 593 ἀκα-

187 655 398 726 Θαρσίας
426 650 606 703 αἰτίαν
638 645 981 715 πηγάζουσα,
1023 642 1141 704 πῶς
1185 636 1427 707 καθαροῦ
1462 635 1555 687 καὶ
1580 632 1735 685 ποτί-

189 765 277 819 μου
308 746 544 812 νάματος
572 738 794 808 διψῶντι
818 735 894 805 τῷ
925 731 1225 805 Ναζαραίῳ
1249 728 1484 783 ἀνέδωκε
1504 725 1733 797 ῥύακας,

189 815 307 900 licet;
335 836 434 905 τῆς
459 830 799 902 ἀκαθαρσίας
822 827 1170 898 διαϐοηθεῖσα
1193 822 1434 892 θαύμασι
1460 820 1616 885 ;ὅνου
1639 815 1737 887 μὲν

187 930 283 1000 γὰρ
312 923 397 996 ἦν,
428 925 522 977 καὶ
550 919 744 993 νεκροῦ
765 920 917 983 ὀστᾶ,
939 918 1035 970 καὶ
1070 916 1272 987 τρίτον,
1296 913 1470 981 φόνων
1490 910 1698 979 ὄργανα
1721 921 1735 936 ·

187 997 274 1073 οὐκ
311 1020 367 1070 ὲν
415 1017 485 1086 γῇ
550 1014 607 1066 δὲ
657 1011 885 1081 πλησίον
930 1008 1140 1069 ὕδατος,
1180 1003 1302 1058 οὐδέ
1353 1019 1497 1064 τινες
1542 997 1742 1059 νοτίδες

188 1108 395 1180 ἀφανῶς
425 1105 798 1176 ὑπαρδόμεναι
841 1101 935 1155 τοῦ
978 1098 1135 1152 ὀστοῦ
1186 1095 1559 1151 κατελείϐοντο
1582 1110 1595 1125 ο
1628 1090 1741 1144 ἀλλ’

188 1201 364 1272 ἀνδρὸς
396 1198 543 1269 χειρὶ
576 1193 816 1266 μαχητοῦ
842 1193 1003 1246 ὅπλον
1030 1189 1170 1243 κατά
1186 1186 1461 1256 πολεμίων
1483 1184 1708 1253 ἐφέρετο
1725 1195 1739 1208 ο

192 1270 564 1357 καὶήτοσαύτην
596 1285 779 1355 πηγὴν
804 1283 1011 1336 ὑδάτων
1044 1277 1357 1341 ἀνέϐλυσεν,
1404 1272 1543 1326 ὥστε
1564 1272 1655 1323 τὸν
1689 1270 1745 1357 ὲν

191 1381 414 1451 τοσούτῳ
468 1356 623 1446 κόπῳ
649 1379 674 1417 ε
708 1376 803 1428 καὶ
842 1372 1096 1443 καμάτῳ,
1142 1368 1238 1421 καὶ
1274 1363 1509 1433 τοσαύτῃ
1552 1356 1747 1429 καιροῦ

194 1449 484 1546 παρατάσει
518 1467 862 1538 δεδιψηκὸτα,
884 1462 1116 1533 ἀφθόνου
1180 1460 1275 1513 καὶ
1323 1452 1599 1523 δαψιλοῦς,
1655 1449 1750 1546 καὶ

195 1540 325 1637 πέρα
348 1565 445 1634 τῆς
480 1561 693 1632 χρείας,
718 1557 1007 1629 ὲμοιρῆσαι
1033 1554 1059 1593 ιι
1094 1552 1355 1621 πόματος.
1405 1545 1565 1599 Ἀλλὰ
1579 1540 1753 1597 τοιού-

194 1634 270 1728 τῳ.
301 1657 395 1726 μὲν
420 1656 493 1707 τὰ
521 1652 616 1706 τοῦ
643 1649 952 1719 ἀκαθάρτου
984 1645 1122 1711 ζὼου
1162 1645 1255 1697 καὶ
1285 1639 1490 1728 νεκρὰν
1519 1634 1615 1690 καὶ
1654 1649 1749 1703 φο-

1833 442 2199 514 ignorantiam
2229 447 2283 494 et
2316 436 2645 507 imperitiam
2695 434 2996 489 inducere?
3026 431 3181 488 Asini
3216 440 3401 485 autem

1833 535 2055 591 maxilla
2086 531 2281 603 triplici
2318 539 2536 584 scatens
2558 527 2903 581 immunditia
2929 524 3206 596 quomodo
3235 523 3403 578 defae-

1835 639 1973 685 cata
1996 636 2049 683 et
2078 624 2333 696 potabilis
2355 637 2509 692 aquae
2529 619 2889 690 scaturigines
2911 618 3111 672 sitienti
3145 618 3407 671 Nazaraao

1838 719 2251 790 suppeditabat,
2289 730 2411 784 quae
2468 712 2694 783 paribus
2746 710 3076 780 impuritatis
3129 708 3409 763 miraculis

1839 807 2259 866 illustrabatur?
2289 820 2351 860 os
2393 803 2538 858 enim
2574 802 2679 855 fuit
2715 801 2895 864 asini,
2927 807 2981 853 et
3011 798 3229 868 quidem
3269 797 3411 851 asini

1841 902 2064 961 mortui,
2113 908 2169 953 et
2227 897 2407 952 adhuc
2458 893 2643 958 tertio,
2721 892 2872 947 necis
2939 892 3407 944 instrumentum:

1842 1010 1951 1048 non
2002 1000 2181 1047 autem
2210 1004 2242 1044 ο
2277 988 2455 1043 vicina
2484 995 2627 1041 terra
2675 999 2863 1054 aquea:
2909 981 3297 1037 diStillationes
3328 979 3415 1032 in-

1843 1085 2172 1142 sensibiliter
2201 1098 2263 1136 os
2289 1080 2420 1134 iilud
2478 1076 2911 1131 madefaciebant
2942 1092 2955 1127 :
2990 1074 3083 1128 sed
3116 1071 3216 1125 viri
3248 1069 3417 1123 bella-

1850 1179 1983 1233 toris
2019 1190 2169 1229 arma
2225 1182 2410 1227 contra
2463 1169 2689 1224 hostiles
2721 1167 2956 1221 insultas
3007 1162 3416 1219 adhibebatur:

1847 1277 2052 1324 tantam
2080 1279 2209 1319 vero
2256 1276 2522 1333 aquarum
2579 1258 2967 1326 scaturiginem
3008 1254 3194 1319 edidit,
3228 1261 3285 1307 ut
3325 1251 3423 1321 qui

1849 1368 1971 1430 post
2004 1358 2163 1412 talem
2200 1356 2665 1425 defatigationem,
2725 1363 2781 1407 et
2819 1352 3084 1413 laborem,
3117 1357 3172 1402 et
3225 1348 3278 1401 in
3329 1345 3424 1400 tali

1851 1451 2115 1521 temporis
2148 1451 2418 1517 exigentia
2450 1448 2645 1510 sitiret,
2667 1442 2991 1505 abundanti,
3014 1440 3190 1503 varia,
3208 1447 3263 1491 et
3282 1438 3425 1492 ultra

1853 1544 2232 1598 necessitatem
2263 1554 2532 1610 aquarum
2563 1539 2716 1607 copia
2741 1537 3080 1605 irrigaretur.
3109 1531 3175 1585 Et
3204 1530 3424 1601 quidem

1857 1635 2128 1690 talismodi
2182 1632 2448 1687 miraculo
2494 1646 2556 1684 os
2606 1629 2865 1684 animalis
2893 1624 3091 1696 impuri
3139 1632 3192 1678 et
3221 1621 3426 1677 mortui

196 1715 313 1802 νίκά
352 1746 489 1799 ὅστᾶ
532 1715 923 1812 ὑπηρετήσατο
971 1734 1240 1802 θαύματι·
1278 1733 1388 1793 τοῖς
1436 1727 1544 1799 γὰρ
1582 1726 1751 1794 ὄνομα

1869 1725 2290 1783 subministravit
2318 1742 2332 1777 :
2363 1739 2463 1778 nec
2496 1722 2793 1793 quidquam
2827 1719 2953 1773 inde
2981 1715 3299 1772 detrimenti
3329 1730 3426 1769 ac-

198 1842 387 1909 πηγῆς,
419 1838 520 1907 τὴν
547 1835 669 1888 ὅνου
720 1830 948 1900 σιαγόνα
983 1824 1250 1887 ποιοῦσιν,
1280 1819 1533 1875 κάκεῖθεν
1557 1815 1635 1886 τῷ
1668 1815 1752 1867 δε-

198 1908 434 2002 διψηκότι
473 1928 702 1999 φέρουσι
729 1924 791 1976 τὸ
824 1923 992 1992 νᾶμα,
1045 1918 1223 1972 καίτοι
1270 1914 1361 1966 τὸν
1393 1908 1754 2002 προκείμενον

198 1993 340 2089 λόγον
372 1993 498 2073 κατξ
527 1993 679 2070 οὐδὲν
723 2008 1161 2082 λυμαινομένοις.
1187 2003 1356 2073 Δῆλον
1397 2001 1506 2069 γὰρ
1542 1996 1617 2059 ὡς
1647 1993 1757 2089 καὶ

200 2087 341 2168 αὐτοὶ
362 2110 527 2165 τοῦτο
565 2108 844 2174 λέγοντες,
877 2102 1066 2173 πόρρω
1105 2096 1200 2151 τοῦ
1251 2092 1583 2165 γράμματος
1646 2087 1757 2155 ixv-

199 2204 477 2278 ηλατοῦσιν
500 2219 513 2231 ⁶
545 2202 648 2263 ἕως
682 2199 747 2252 ἂν
796 2200 829 2264 ή
863 2194 971 2248 τῶν
995 2188 1309 2262 παραδόξων
1355 2178 1759 2278 ἔργωνῌπίστις

201 2272 430 2368 ἐνισχύη,
463 2295 567 2347 οὐκ
602 2292 668 2346 ἂν
716 2289 887 2360 ἡδέως
938 2283 1309 2354 συμφήσαιμι.
1357 2275 1468 2368 Katl.
1506 2272 1559 2326 τί
1580 2272 1653 2368 ἄν
1676 2286 1761 2332 τις

201 2362 534 2461 ἀπαριθμοίη
567 2384 635 2437 τὰ
668 2381 925 2443 τοιαῦτα;
964 2375 1149 2446 σχεδὸν
1172 2372 1280 2441 γὰρ
1309 2370 1377 2422 δι’
1405 2366 1527 2421 ὅλου
1562 2362 1656 2418 τοῦ
1675 2379 1761 2417 νο-

208 2454 353 2554 μικόῦ
402 2454 769 2551 γράμματος,
822 2474 856 2543 ἠ
901 2469 1127 2537 τοιαύτη
1189 2465 1297 2520 τῶν
1349 2454 1763 2529 αἰνιγματωδῶν

205 2549 433 2643 θεωριῶν
459 2549 854 2635 νκατακέχυται
909 2561 1139 2620 θύελλα·
1176 2557 1290 2613 ἀλλ’
1349 2556 1485 2624 ὅπερ
1528 2550 1625 2606 καὶ
1660 2549 1763 2620 ἀρ-

205 2668 417 2736 χόμενος
467 2661 623 2715 εἷπον
650 2700 665 2722 ,
698 2657 788 2711 διὰ
843 2654 1048 2708 τούτων
1110 2668 1169 2703 τε
1221 2647 1459 2702 καὶτῶν
1508 2642 1764 2698 τοιούτων

209 2755 470 2816 ἁπάντων,
508 2752 537 2803 ὁ
570 2747 732 2817 σοφὸς
774 2744 1072 2815 νομοθέτης
1122 2738 1362 2809 ἐναργῶς
1413 2736 1763 2807 παρίστησιν,

209 2844 277 2905 ὡς
308 2841 437 2912 ἄλλη
473 2840 575 2910 μὲν
603 2840 636 2908 ἠ
666 2836 807 2890 κατά
828 2835 889 2888 τὸ
909 2833 1144 2904 γράμμα
1167 2830 1345 2883 καὶτὸ
1361 2827 1647 2897 πρόχειρον
1666 2824 1769 2893 τῆς

210 2935 487 3004 ἐπιστολῆς
514 2929 847 2999 ἀπαγγελία,
878 2927 953 2991 ὡς
976 2924 1388 2997 παραπέτασμα
1415 2916 1770 2988 διηπλωμένη

1855 1824 2136 1887 ceperunt,
2167 1816 2258 1884 qui
2293 1829 2492 1869 nomen
2523 1813 2692 1868 fontis
2725 1812 2960 1865 maxillae
2983 1809 3122 1864 asini
3152 1808 3425 1870 detulere,

1822 1900 1823 1903 “
1854 1916 1909 1962 et
1933 1906 2131 1961 abinde
2185 1892 2391 1960 sitienti
2425 1903 2628 1959 ﬂuenta
2658 1902 2875 1957 dedere.
2935 1900 3095 1955 Certe
3150 1898 3196 1953 si
3224 1898 3316 1968 qui
3354 1896 3430 1951 ita

1856 1998 2146 2061 afﬁrmant,
2203 1998 2415 2067 longea
2447 1996 2629 2051 littera
2677 1993 3068 2063 investigantes
3122 1992 3430 2057 recedunt;

1858 2088 2058 2159 quibus
2098 2104 2199 2159 ego
2232 2089 2409 2143 libens
2435 2103 2542 2142 non
2580 2085 2848 2141 adhibebo
2869 2098 3224 2147 consensum,
3255 2096 3432 2152 quan-

1860 2181 1952 2236 diu
1974 2183 2374 2252 paradoxorum
2406 2194 2631 2250 operum
2664 2178 2799 2232 ﬁdes
2819 2175 3185 2247 przevaluerit.
3216 2174 3282 2228 Et
3305 2171 3433 2242 quid

1861 2288 2000 2343 opus
2037 2272 2120 2327 his
2158 2272 2356 2327 similia
2386 2270 2743 2326 enumerare?
2770 2269 2883 2323 fere
2915 2268 3063 2322 enim
3096 2282 3188 2336 per
3215 2265 3439 2319 univer-

1863 2381 1979 2421 sam
2006 2365 2139 2435 legis
2173 2363 2514 2434 Scripturam
2545 2361 3267 2433 ejusmodispeculationum
3301 2357 3439 2413 aeni-

1863 2456 2224 2527 gmaticarum
2270 2464 2566 2525 tempestas
2604 2452 2924 2507 diffunditur
2961 2471 2973 2505 :
3028 2451 3121 2505 sed
3168 2449 3312 2518 quod
3375 2449 3442 2501 ab

1864 2549 2022 2604 initio
2069 2547 2220 2614 dixi,
2271 2556 2489 2617 propter
2520 2546 2635 2599 haec
2689 2554 2743 2599 et
2786 2544 3020 2608 similia,
3076 2543 3295 2612 sapiens
3348 2532 3443 2595 ille

1866 2640 2148 2711 legislator
2186 2648 2371 2709 aperte
2411 2637 2618 2692 indicat
2639 2680 2654 2703 ,
2701 2637 2844 2707 quod
2873 2637 3032 2690 aliter
3060 2635 3244 2689 littera
3274 2648 3440 2702 appa-

1870 2739 2055 2785 renter
2099 2731 2380 2801 suggerit,
2427 2738 2683 2797 tanquam
2730 2728 3093 2782 velamentum
3145 2726 3442 2781 obductum

1868 2822 2283 2877 obscuratarum
2361 2820 2837 2890 speculationnm,
2890 2820 3046 2873 aliter
3102 2818 3325 2887 spiritus
3390 2818 3446 2870 in

1871 2915 2197 2970 abscondito
2253 2913 2436 2967 divina
2496 2912 2819 2981 sapientia:
2879 2927 2908 2965 a
2953 2927 3063 2981 quo
3114 2910 3339 2965 Iudaica
3393 2920 3450 2963 et

210 3028 445 3099 κρυφίων
485 3023 894 3094 θεωρημάτων*
932 3019 1095 3089 ὲτέρα
1143 3016 1201 3070 δὲ
1253 3016 1285 3086 ἡ
1322 3013 1416 3067 τοῦ
1458 3011 1767 3080 πνεύματος

1872 3007 2124 3063 haeretica
2173 3006 2463 3061 multitudo
2529 3006 2786 3061 excidens
2830 3005 3047 3076 longum
3092 3015 3147 3059 et
3178 3003 3451 3059 diﬂlcilem

212 3082 405 3173 uel.“
443 3082 706 3186 τῷ
759 3082 1107 3183 κρυπτομένη
1166 3082 1452 3175 θεοσοφία·
1490 3099 1558 3176 ἦς
1608 3103 1642 3173 ἡ
1666 3100 1767 3154 τῶν

1885 3113 2128 3154 errorem
2155 3114 2340 3155 errare
2369 3113 2478 3153 non
2506 3098 2709 3153 desinit
2737 3097 2935 3153 adhuc.

222 3210 503 3274 Ἰουδαίων,
527 3208 626 3260 καὶ
654 3205 758 3258 τῶν
773 3201 1165 3267 Ἰουδαῖζόντων
1201 3194 1537 3268 αἱρεσιωτῶν
1572 3191 1780 3262 πληθὺς

215 3300 477 3355 ὲπεκοῦσα
520 3298 541 3337 ί
575 3297 789 3368 μακράν
813 3295 909 3347 καὶ
943 3293 1188 3364 χαλεπὴν
1216 3291 1277 3343 οὐ
1310 3287 1546 3343 παύεται
1565 3285 1774 3355 πλάνην

216 3392 559 3463 πλανωμένη.

756 3496 1088 3550 ΕΡΩΤΗΣΙΣ
1110 3493 1252 3547 ΡΙΔ’.

1968 3483 2294 3553 ΩΙῘΑΞΒΤΙΟ
2330 3484 2491 3540 CXIV
2513 3484 2717 3558 ¹[σοῖσι.
2752 3494 2799 3539 et
2826 3484 2986 3539 Taur.
3022 3482 3348 3559 CXXXVI].

351 3610 497 3664 Edita
527 3626 554 3661 a
586 3610 905 3669 Mantacutio,
927 3621 1007 3670 ep.
1031 3607 1140 3665 228,
1184 3604 1246 3655 ad
1274 3603 1525 3665 Arsaber.,
1560 3602 1767 3713 p.

1869 3600 2289 3711 'ngggnorantia
2318 3589 2421 3648 diei
2460 3609 2513 3650 et
2534 3600 2667 3650 hora
2710 3599 2900 3662 judicii.
2932 3601 3077 3651 Marc.
3103 3616 3203 3663 xm,
3223 3604 3303 3664 52;

1869 3700 1875 3710 .
1928 3700 1943 3724 ,
2030 3698 2042 3709 .

281 3762 352 3815 Οὐ
399 3760 608 3830 πολλήν
649 3776 739 3828 μοι
777 3758 923 3811 δοκεῖ
945 3753 1407 3825 τὴνδυσχέρειαν
1438 3751 1602 3822 ἔχειν,
1649 3751 1785 3820 ὅπερ

220 3870 296 3905 σοι
328 3853 556 3920 πολλὴν,
582 3851 657 3913 ὡς
691 3848 944 3918 γράφεις,
975 3847 1196 3917 ἐμποιεῖ
1221 3843 1321 3915 τὴν
1355 3843 1608 3913 ἀπορίαν·
1640 3840 1787 3911 πρῶο

218 3960 302 3996 τον
342 3944 438 4013 μὲν
482 3941 622 4011 γὰρ,
653 3942 711 3993 ἐν
740 3937 1026 4007 ἀνθρώπου
1060 3936 1222 4004 φύσει
1260 3934 1357 3987 καὶ
1400 3934 1581 4004 μορφῇ
1609 3947 1787 4000 πεφη-

220 4032 336 4097 νὼς,
383 4034 411 4085 ὁ
463 4034 523 4084 ὲν
569 4031 752 4099 μορφῇ
798 4027 895 4080 τοῦ
944 4026 1081 4078 Θεοῦ
1136 4026 1232 4079 καὶ
1276 4024 1486 4095 Πατρὸς
1527 4023 1790 4090 ὑπάρχων

221 4123 360 4187 Υἱὸς,
397 4122 475 4184 ὡς
508 4120 797 4190 ἄνθρωπος
837 4120 905 4171 τὰ
934 4118 1106 4171 πολλὰ
1152 4120 1266 4180 τοῖς
1308 4116 1578 4186 μαθηταῖς
1618 4112 1791 4166 συνὼν

221 4214 519 4281 διελέγετο,
548 4212 649 4281 τὴν
692 4210 814 4264 καθ’
859 4212 1007 4280 ἡμᾶς
1052 4209 1213 4279 φύσιν
1244 4204 1577 4262 ἀναλαϐεῖνὶ
1628 4203 1794 4257 ἐνδει-

223 4307 501 4375 κνύμενος.
552 4304 665 4357 Καὶ
699 4302 752 4355 τί
800 4303 909 4371 γὰρ
936 4303 1161 4371 ἄπορον,
1194 4300 1286 4352 τὸν
1333 4297 1609 4352 κοπιῶντα
1633 4290 1667 4360 ,’
1696 4294 1792 4348 καὶ

228 4397 487 4465 ἱδροῦντα,
526 4394 623 4447 καὶ
654 4391 807 4463 ὕπνῳ
831 4392 1317 4461 διαναπαυόμενον,
1358 4387 1557 4461 βρώσει
1592 4404 1652 4441 τε
1697 4386 1793 4440 καὶ

1953 3746 2071 3802 Non
2102 3746 2316 3801 videtur
2353 3746 2488 3801 mihi
2537 3763 2787 3816 magnam
2841 3748 3041 3804 habere
3086 3750 3456 3805 difﬁcultatem

1883 3841 2029 3910 quod
2064 3839 2195 3903 tibi,
2230 3840 2310 3893 uti
2347 3839 2580 3903 scribis,
2623 3840 2997 3893 dnhitationen
3018 3841 3323 3909 {plurimam
3374 3842 3457 3895 al-

1885 3932 1991 3986 fert
2033 3947 2048 3985 :
2091 3930 2345 4000 inprimis
2375 3930 2422 3985 si
2452 3932 2507 3983 in
2534 3940 2725 3984 natura
2757 3940 2806 3985 et
2833 3931 3003 3983 forma
3033 3931 3269 3985 humana
3293 3948 3461 4002 appa-

1890 4025 2024 4090 ruit,
2089 4026 2204 4093 qui,
2233 4039 2357 4078 cum
2397 4023 2566 4078 Filius
2591 4032 2772 4088 esset,
2816 4032 2933 4077 erat
2964 4026 3018 4077 in
3058 4024 3234 4078 forma
3279 4024 3372 4079 Dei
3409 4037 3464 4081 et

1888 4117 2102 4172 Patris:
2130 4130 2188 4170 ut
2212 4119 2377 4170 homo
2400 4131 2524 4171 cum
2556 4116 2835 4187 discipulis
2866 4133 3093 4172 versans
3121 4118 3423 4174 disserebat
3442 4160 3458 4182 .

1891 4212 2135 4259 nostram
2174 4203 2229 4257 in
2264 4219 2322 4258 se
2351 4212 2601 4257 naturam
2637 4207 2945 4274 suscepisse
2979 4207 3291 4262 ostendens.
3316 4207 3458 4275 Quid

1888 4296 1947 4351 in
1988 4310 2056 4350 eo
2098 4295 2321 4350 dubium
2364 4303 2485 4359 est,
2544 4296 2695 4350 illum
2742 4298 2836 4367 qui
2886 4298 3317 4368 defatigabatur,
3363 4302 3458 4372 qui

1890 4386 2161 4453 sudabat,
2211 4387 2307 4457 qui
2362 4401 2557 4442 somno
2610 4389 3027 4458 requiescebat,
3086 4392 3183 4460 qui
3231 4392 3353 4446 cibo
3398 4408 3464 4447 ac

226 4488 371 4541 πόσει
391 4528 406 4552 ,
436 4488 538 4558 τὴν
564 4485 655 4538 τοῦ
692 4484 942 4555 σώματος
970 4484 1152 4552 φύσιν,
1197 4482 1259 4536 τὸ
1287 4482 1405 4536 ὅλον
1445 4481 1640 4545 εἰπεῖν,
1669 4496 1766 4533 συν

1893 4487 2024 4545 potu
2074 4476 2324 4545 corporis
2364 4485 2638 4539 naturam,
2670 4487 2728 4532 ut
2776 4487 2947 4533 totum
2980 4480 3122 4548 quod
3153 4488 3235 4533 est
3261 4481 3463 4544 dicam,

226 4580 408 4649 έχοντα
440 4580 692 4647 ῥέουσαν,
734 4576 922 4630 τοῦτον
951 4576 1015 4646 δὴ
1044 4575 1254 4641 τοῦτον,
1296 4574 1390 4626 καί⁵
1439 4572 1662 4641 ἄγνοιαν
1692 4571 1792 4641 τῆς

230 4669 526 4738 μελλούσης
582 4668 795 4738 ἡμέρας
849 4664 1244 4735 ἀναδέχεσθαι,
1298 4664 1390 4717 καὶ
1453 4662 1514 4715 τὸ
1575 4661 1793 4733 μέτρον,

228 4759 407 4830 ὥσπερ
433 4759 501 4829 δὴ
533 4758 643 4810 τῶν
672 4757 869 4822 ἄλλων,
904 4754 1047 4809 οὕτω
1092 4755 1149 4807 δὲ
1196 4753 1291 4806 καὶ
1320 4753 1422 4821 τῆς
1452 4750 1798 4822 ἀνθρωπίνης

232 4853 500 4917 γνώσεως,
556 4848 860 4921 ἐξυϐρίζειν
903 4849 1003 4901 οὐκ
1052 4845 1379 4917 ἀνέχεσθαι;
1421 4844 1497 4906 ὡς
1548 4843 1647 4911 μὲν
1690 4841 1799 4911 γὰρ

230 4942 571 5015 Δημιουργός
619 4943 875 4996 ἁπάντων
924 4941 1019 4995 καὶ
1062 4940 1195 5002 Θεὸς
1239 4939 1455 4993 ἄπαντα
1504 4936 1581 5005 τῷ
1623 4933 1801 5003 Hart-pl

235 5035 441 5105 συνῄδει
460 5050 475 5065 ⁸
514 5034 588 5097 ὡς
613 5033 899 5105 ἄνθρωπος
926 5032 1004 5098 δὲ,
1042 5031 1165 5085 οὐδὲ
1192 5030 1290 5100 τὴν
1323 5027 1629 5099 ἀνθρώποις
1660 5024 1797 5095 πρέ-

234 5140 433 5179 πουσαν
465 5124 713 5193 ἄγνοιαν,
746 5125 805 5177 ού
840 5124 936 5193 μὲν
969 5119 1063 5176 οῦν
1098 5123 1196 5175 οὐκ
1226 5120 1432 5191 ὴθέτει.
1476 5120 1571 5181 Ὃς
1601 5116 1708 5188 γὰρ
1734 5116 1800 5187 δὴ

234 5213 290 5265 τὺ
335 5216 454 5269 ὅλον
497 5214 672 5269 εἵλετο
708 5214 912 5279 λαϐεῖν,
954 5213 1071 5277 πῶς
1114 5212 1173 5265 ἓν
1221 5228 1272 5263 τι
1320 5209 1428 5262 τῶν
1464 5207 1593 5277 περὶ
1625 5208 1802 5259 ἐκεῖνο

241 5310 592 5380 παρῃτήσατο
646 5308 721 5379 μὴ
746 5306 933 5360 λαϐεῖν
1003 5304 1036 5376 ῆ
1073 5305 1147 5375 μὴ
1185 5299 1507 5355 πιστοῦσθαι
1538 5300 1620 5352 ὅτι
1657 5316 1801 5369 παρ-

1897 4565 2139 4621 ﬂuxilem
2187 4566 2455 4633 ﬁrmabat,
2493 4566 2638 4619 hunc
2662 4566 3021 4636 ignorantiam
3055 4568 3160 4623 diei
3189 4568 3380 4637 judicii
3411 4570 3466 4626 in
3518 4614 3523 4641 τ

1893 4673 1953 4713 se
1981 4659 2312 4728 suscepisse,
2345 4668 2400 4713 et
2428 4673 2741 4713 mensuram
2760 4699 2775 4723 ,
2804 4660 2881 4713 uti
2916 4670 2969 4714 et
2994 4670 3309 4715 caeterorum
3336 4702 3351 4727 ,
3392 4664 3466 4717 ita

1892 4760 1949 4806 et
1981 4751 2239 4805 humanae
2266 4751 2599 4820 cognitionis
2642 4751 2884 4806 noluisse
2914 4752 3275 4821 pudefacere?
3301 4754 3463 4810 Certe
3524 4798 3527 4801 .

1896 4851 1957 4896 ut
1982 4841 2245 4897 Conditor
2268 4844 2513 4897 omnium
2539 4858 2603 4897 ac
2625 4842 2767 4899 Deus
2790 4845 2971 4899 omnia
2997 4859 3122 4899 cum
3152 4844 3309 4900 Patre
3329 4847 3470 4902 scie-

1897 4933 2028 5001 bat;
2061 4943 2117 4988 at
2145 4943 2405 5004 tanquam
2445 4935 2610 4990 homo
2642 4936 2933 4991 humanam
2963 4954 2991 4990 a
3022 4949 3081 4993 se
3106 4938 3468 5008 ignorantiam

1904 5042 2014 5080 non
2040 5026 2249 5093 rejecit.
2278 5024 2415 5080 Nam
2456 5029 2548 5097 qui
2577 5036 2747 5082 totum
2778 5028 3031 5098 dignatus
3072 5039 3157 5084 est
3196 5030 3469 5100 recipere,

1906 5117 2181 5187 quomodo
2207 5132 2375 5170 unum
2407 5118 2610 5188 aliquid
2650 5136 2840 5175 eorum
2892 5121 3216 5193 abnegaret,
3249 5139 3350 5179 nec
3382 5139 3459 5179 ac-

1907 5206 2137 5275 ciperet,
2171 5215 2266 5260 aut
2296 5207 2389 5261 ubi
2422 5211 2739 5279 accepisset,
2773 5215 3049 5283 accepisse
3079 5230 3186 5268 non
3218 5218 3471 5269 credere-

1906 5298 2039 5352 tur?
2071 5297 2325 5355 Secundo
2355 5302 2402 5358 si
2433 5304 2556 5374 quis
2585 5304 2783 5360 dixerit
2809 5316 3041 5362 mentem
3068 5314 3122 5363 et
3149 5309 3471 5363 sententiam

1497 5462 1731 5518 νΑιιιΑῖ
1768 5446 2173 5519 LECTIONES.

322 5590 349 5631 κ
372 5591 433 5648 C.
465 5590 538 5644 Μ.
572 5590 873 5660 κόπῳίκαὶ
904 5589 1108 5660 ἱδρῶτι.
1181 5586 1218 5660 1³,
1250 5585 1705 5660 ἵᾳεεύμοιρῆσαι.
1746 5582 1805 5638 C.
1844 5580 1915 5636 M.
1938 5580 2249 5653 ὲμοιρῆσαι.

247 5661 337 5732 τὴν
364 5661 483 5715 καθ’
510 5662 656 5731 ἡμᾶς
679 5657 838 5729 ᾡύσιν
867 5657 1081 5730 ἀληθῶς
1104 5657 1413 5713 ἀναλαϐεῖν.

2334 5581 2351 5623 ί
2384 5582 2447 5639 C.
2475 5582 2543 5639 M.
2577 5583 2785 5655 πληθὺς
2830 5588 3155 5643 ἐκπεσοῦσα.
3232 5596 3249 5637 ι
3307 5586 3368 5642 C.
3403 5585 3471 5643 Μ.
