3846 6188
383 277 484 345 6Ἱ1

1553 267 1812 331 ΡΗΟΤΙΙ
1849 264 2352 328 PATRIARCH/E
2387 265 2501 328 CP.

3518 251 3620 317 672

383 393 654 447 dictorum
719 386 1073 458 rejeCtionem
1121 381 1438 454 respicere,
1495 379 1569 434 ita
1620 390 1678 432 ut
1721 377 1960 432 noluerit

2064 372 2179 442 έχοι
2208 373 2232 411 ιι
2258 372 2436 424 λαϐὼν
2453 389 2469 440 ;
2486 370 2748 444 Δεύτερον
2773 370 2851 436 δὲ,
2867 371 2970 424 κᾶν
2988 370 3068 432 είς
3085 367 3351 438 ἀναϐολὴν
3379 365 3473 420 τὸν
3499 367 3622 420 νοῦν

383 497 508 540 eam
544 483 688 536 diem
717 478 1003 548 discipulis
1031 476 1290 538 revelare,
1332 479 1618 542 pr0pterea
1641 469 1785 537 quod
1812 466 1956 522 scire

383 590 481 630 eos
513 587 621 627 non
653 579 773 626 erat
803 569 936 623 utile
959 607 974 631 ,
1007 582 1077 620 ne
1108 567 1221 620 haec
1243 562 1466 634 quidem
1509 560 1647 614 ratio
1693 574 1723 612 a
1774 559 1958 628 provi-

385 666 567 720 dentia
623 663 678 717 iu
744 661 994 716 homines
1042 659 1224 712 divina
1285 655 1596 708 abhorret:
1652 649 1959 705 methodice

386 767 568 812 autem
612 753 921 824 disponitur
967 766 1063 820 per
1099 748 1464 805 oeconomiam
1496 787 1511 810 ,
1559 758 1680 813 qua:
1732 756 1844 812 prae
1900 755 1959 795 se

393 851 506 904 fert
543 847 907 918 ignorantiam
937 883 952 906 ,
1005 853 1060 896 et
1100 841 1321 896 minime
1354 838 1687 906 intelligere,
1731 850 1796 889 ne
1826 848 1960 888 mm-

390 958 518 998 rore
554 940 856 1009 discipulos
890 937 1146 994 alliceret,
1171 934 1260 1003 qui
1297 929 1680 985 desiderabant
1712 927 1785 990 id,
1814 924 1958 994 quod

389 1032 737 1104 ignorabant,
767 1029 1088 1098 intelligere.
1114 1025 1275 1078 Certe
1312 1025 1667 1090 incongruum
1706 1027 1826 1071 erat
1870 1016 1958 1068 illa

390 1127 534 1180 scire
555 1165 570 1191 ,
609 1138 731 1192 quae
759 1129 974 1189 tempus
1006 1116 1137 1170 illud
1168 1123 1325 1170 erant
1348 1125 1684 1182 praecessura
1706 1151 1720 1176 ,
1765 1118 1820 1163 et
1851 1117 1959 1160 tam

391 1225 650 1270 accurate
703 1213 796 1267 illa
845 1223 1162 1279 exponere:
1214 1207 1400 1258 horam
1459 1218 1588 1256 vero
1632 1201 1804 1270 ipsam
1855 1199 1962 1252 illis

391 1310 752 1362 adhaerentem
771 1346 785 1369 ,
820 1317 942 1372 quae
976 1315 1103 1370 pars
1131 1297 1446 1352 eorumdem
1473 1294 1793 1349 brevissima
1827 1291 1959 1354 fuit,

391 1418 498 1455 non
553 1410 901 1468 cognoscere.
958 1393 1067 1447 Nec
1124 1391 1238 1445 fieri
1287 1395 1469 1458 potest
1526 1397 1584 1439 ut
1632 1399 1721 1440 res
1781 1384 1960 1453 aliqua

388 1490 656 1545 exsistens
705 1486 948 1540 animum
997 1483 1242 1538 divinum
1307 1489 1361 1534 et
1398 1493 1560 1548 quem
1614 1477 1782 1531 latere
1828 1476 1963 1530 nihil

388 1588 612 1650 potest,
653 1578 859 1642 lateat;
905 1589 1002 1630 nec
1041 1573 1157 1627 ﬁeri
1198 1581 1417 1640 potest,
1466 1579 1523 1622 ut
1557 1567 1964 1622 obvenientiunt

389 1686 596 1733 rerum,
627 1680 679 1722 ct
709 1669 998 1729 obventus,
1040 1674 1095 1719 et
1130 1660 1485 1717 connexionis
1513 1675 1736 1714 causam
1778 1659 1962 1728 cogni-

2055 467 2165 522 τῶν
2195 468 2498 538 εἰρημένων
2525 467 2640 536 ἐρεῖ
2666 483 2748 529 τις
2777 467 3007 536 ἀφορᾷν,
3032 465 3126 518 καὶ
3148 463 3211 516 τὸ
3239 463 3313 533 μὴ
3341 461 3626 532 βούλεσθαι

2055 561 2168 621 τοῖς
2203 559 2472 628 μαθηταῖς
2494 559 2688 620 εἰπεῖν,
2727 557 2872 628 ἅπερ
2899 557 3082 619 αὐτοῖς
3104 556 3203 608 οὐκ
3223 551 3292 625 ἦν
3318 555 3460 617 τέως
3492 570 3626 622 συμο

2057 651 2222 720 φέρον
2253 651 2464 720 μαθεῖν,
2499 650 2619 702 οὐδὲ
2646 648 2803 702 τοῦτο
2828 649 2928 719 τῆς
2957 647 3340 717 φιλανθρώπου
3372 645 3627 716 προνοίας
3697 718 3700 720 γ

2058 744 2092 814 ἡ
2123 743 2342 814 μέθοδος
2375 745 2741 812 παραιτεῖται·
2783 741 3121 812 μεθοδεύοιτο
3143 740 3189 793 δ’
3228 740 3316 807 ἂν,
3343 740 3404 806 ἐξ
3432 741 3631 792 οἰκονο-

2062 836 2192 906 μίας
2241 835 2686 906 σχηματιζομένη
2736 834 2835 903 τὴν
2877 833 3121 901 ἄγνοιαν,
3177 834 3273 886 καὶ
3317 833 3381 885 τὸ
3432 831 3627 902 μᾶλλον

2059 926 2206 992 δόξαι
2231 926 2304 995 μὴ
2333 925 2551 988 εἰδέναι,
2585 925 2724 995 ὑπὲρ
2752 924 2846 977 τοῦ
2881 925 2955 994 μὴ
2978 923 3167 976 λυπεῖν
3195 926 3320 986 τοὺς
3357 922 3624 992 μαθητὰς,

2059 1018 2121 1071 τὸ
2153 1021 2496 1088 ἐγνωσμένον
2530 1016 2722 1088 μαθεῖν
2743 1016 3039 1085 ζητοῦντας
3061 1057 3077 1083 ,
3105 1016 3206 1069 οὐκ
3226 1015 3625 1068 ὲκδιδὰσκοντα·

2061 1111 2182 1163 ἐπεὶ
2216 1111 2330 1173 πῶς
2352 1110 2523 1173 ἄλλως
2555 1111 2620 1164 ἂν
2656 1110 2767 1180 ἔχοι
2799 1109 2975 1177 λόγον,
3000 1108 3070 1162 τὰ
3101 1107 3200 1178 μὲν
3222 1107 3328 1176 πρὸ
3359 1107 3460 1176 τῆς
3485 1104 3630 1176 ῶρας

2061 1202 2263 1254 εἰδέναι
2309 1218 2404 1264 τε,
2449 1201 2542 1254 καὶ
2577 1201 2673 1254 σὺν
2711 1200 2878 1270 πολλῇ
2920 1199 3193 1252 διδάσκειν
3230 1201 3296 1268 τῇ
3343 1196 3627 1266 ἀκριϐείᾳ,

2061 1294 2230 1364 αὐτὴν
2258 1293 2314 1346 δὲ
2341 1294 2440 1363 τὴν
2465 1293 2613 1364 ὥραν
2640 1293 2864 1345 ἐκείνων
2893 1292 3180 1361 ἐχομένην,
3212 1291 3310 1343 καὶ
3334 1290 3396 1342 τὸ
3429 1289 3630 1360 βραχύ-

2061 1403 2221 1440 τατον
2254 1386 2418 1457 μέρος
2443 1381 2630 1446 οὖσαν,
2665 1386 2765 1436 οὑκ
2798 1383 3220 1453 ὲπιγινὼσκειν;
3258 1383 3374 1445 πῶς
3405 1383 3451 1434 δ’
3485 1381 3552 1434 ἄν
3583 1399 3634 1434 τι

2062 1479 2170 1532 τῶν
2216 1479 2387 1531 ὄντων
2418 1475 2510 1530 τὸν
2551 1475 2821 1546 ἀλάθητον
2871 1479 2966 1528 καὶ
3012 1475 3152 1527 θεῖον
3193 1473 3438 1527 διαλάθοι
3476 1471 3631 1532 νοῦν;

2062 1572 2095 1642 ἢ
2124 1571 2244 1624 τίνα
2271 1571 2428 1639 λόγον
2468 1571 2600 1640 ἔχοι,
2631 1570 2740 1623 τῶν
2770 1571 2866 1640 μὲν
2897 1569 3291 1638 παραγομένων
3319 1568 3507 1630 αὑτὸν,
3544 1570 3636 1619 καὶ

2063 1665 2163 1734 τῆς
2193 1663 2534 1734 παραγωγῆς
2558 1703 2573 1726 ,
2602 1663 2694 1716 καὶ
2726 1663 2824 1731 τῆς
2852 1663 3109 1732 συνοχῆς,
3134 1661 3234 1730 τὴν
3262 1662 3444 1712 αἰτίαν
3469 1659 3634 1728 ἔχειν,

389 1774 498 1817 tam
537 1762 774 1827 habeat;
821 1769 1036 1826 tempus
1083 1766 1264 1810 autem
1319 1753 1649 1808 destinatum
1697 1760 1756 1805 ut
1801 1765 1957 1806 suam

2063 1729 2158 1808 καὶ
2209 1729 2310 1826 τὴν
2339 1729 2563 1824 γνῶσιν·
2601 1753 2692 1807 τὸν
2730 1729 2792 1806 δὲή
2832 1729 3238 1823 καιρδνγμόνον,
3268 1751 3506 1820 κρείττω
3540 1749 3636 1817 τῆς

387 1869 652 1924 superans
676 1851 1084 1920 conceptionem
1109 1849 1326 1917 ignoret
1353 1862 1368 1911 ;
1409 1855 1467 1899 ut
1492 1844 1685 1914 judicii
1715 1852 1959 1913 potestas

387 1943 466 2000 illi
508 1943 860 2004 concedatur,
915 1959 934 1992 ι
983 1939 1144 1992 Pater
1187 1937 1372 1999 enim,
1425 1936 1638 2006 inquit,
1688 1934 1956 1989 neminem

383 2034 601 2106 judicat
627 2073 642 2098 ,
677 2033 771 2087 sed
805 2046 966 2086 omne
992 2029 1257 2100 judicium
1307 2026 1448 2082 Filio
1475 2027 1624 2081 dedit
1648 2026 1726 2091 ⁸ο,
1757 2043 1774 2077 ι
1812 2026 1960 2079 hora:

389 2137 574 2181 autem
605 2126 832 2179 scientia
859 2162 873 2186 ,
923 2132 978 2176 et
1016 2122 1297 2186 discretio,
1331 2120 1651 2190 sapientiam
1681 2120 1800 2188 ejus
1827 2117 1960 2172 etfu-

389 2219 503 2290 giat
542 2227 596 2271 et
649 2215 974 2270 dominium.
1013 2215 1118 2269 Sed
1148 2214 1278 2283 quid
1312 2229 1413 2283 ego
1451 2214 1566 2267 haec
1600 2213 1689 2266 hic
1715 2227 1958 2265 comme-

388 2312 686 2365 moro?An
718 2310 766 2364 is
801 2311 893 2378 qui
923 2309 1134 2362 Patrem
1163 2308 1237 2362 ita
1268 2307 1513 2371 videt,ac
1549 2306 1706 2359 Pater
1734 2302 1959 2366 Filium,

387 2403 531 2458 diem
553 2413 606 2456 et
637 2401 847 2466 horam,
896 2399 1190 2470 particulas
1220 2402 1482 2466 quasdam
1522 2398 1680 2452 facile
1727 2398 1963 2452 circum-

387 2494 730 2558 scribeudas,
754 2491 1005 2563 ignorat?
1035 2490 1199 2556 Sane,
1231 2491 1538 2560 patetquod
1568 2489 1634 2554 is,
1657 2487 1749 2558 qui
1779 2488 1961 2541 omnia

387 2585 602 2639 sciebat
632 2583 952 2652 priusquam
984 2589 1170 2635 essent
1195 2621 1212 2647 ,
1239 2595 1362 2635 cum
1395 2581 1468 2634 sit
1495 2577 1674 2632 Patris
1701 2577 1962 2646 sapientia

389 2676 604 2730 interna
634 2674 984 2738 subsistens,
1009 2674 1104 2741 qui
1131 2672 1319 2726 omnia
1367 2671 1614 2740 possidet
1659 2684 1784 2739 quae
1837 2680 1967 2723 sunt

388 2766 604 2830 Patris,
651 2765 756 2820 nisi
808 2765 955 2834 quod
994 2765 1266 2833 ingenitus
1293 2800 1309 2828 ,
1360 2774 1418 2817 ut
1462 2762 1662 2827 Pater,
1704 2774 1814 2814 non
1851 2759 1963 2826 sit,

389 2860 625 2913 istorum
682 2855 1045 2925 ignorantiam
1078 2869 1187 2908 non
1222 2854 1454 2908 habuit:
1496 2852 1592 2908 sed
1629 2852 1776 2922 quod
1807 2851 1967 2907 disci-

389 2950 552 3019 pulos
583 2948 724 3003 scire
747 2961 855 3001 non
883 2953 1210 3016 congrueret
1233 2984 1250 3011 ,
1283 2943 1787 3015 comperendinarit
1813 2958 1965 2998 reve-

388 3043 646 3096 lationem
696 3047 750 3093 et
783 3040 1068 3094 scientiam
1097 3053 1441 3092 communem
1472 3052 1597 3091 cum
1629 3037 1814 3097 Patre,
1844 3049 1966 3104 qua:

388 3143 507 3187 crat
534 3131 937 3197 misericordia,
986 3129 1349 3199 ignorantiam
1383 3130 1543 3194 fecit,
1575 3137 1631 3184 et
1657 3143 1726 3183 ne
1759 3127 1964 3182 contri-

390 3234 685 3290 starentur,
719 3223 1024 3294 apologiam
1072 3238 1178 3277 una
1249 3230 1674 3277 commentatur.
1719 3220 1963 3276 Tertium

390 3317 700 3372 consideret
749 3316 873 3385 quis
939 3323 994 3368 et
1024 3315 1187 3380 illud,
1245 3315 1390 3383 quod
1436 3328 1561 3367 cum
1596 3311 1790 3377 Patri,
1841 3322 1964 3367 tan-

391 3425 558 3478 quam
603 3422 785 3462 causa:
834 3406 1005 3461 Filius
1055 3407 1465 3476 prierogativam
1516 3405 1788 3459 ascribat:
1832 3420 1966 3458 con-

390 3501 540 3553 venit
587 3499 733 3552 enim
783 3495 963 3562 Filio,
1007 3497 1102 3564 qui
1148 3495 1364 3552 Patrem
1415 3511 1574 3550 suum
1620 3495 1829 3565 diligit,
1877 3504 1965 3550 ut—

391 3605 515 3662 pote
574 3594 739 3645 totius
799 3588 1160 3644 ordinationis
1204 3598 1258 3643 et
1311 3597 1524 3642 natura:
1575 3588 1846 3656 Operatori
1911 3599 1965 3643 et

330 3669 332 3672 6
391 3683 774 3754 dispensatori,
797 3697 982 3737 causae
1003 3680 1706 3750 pra-eminentiishonorare
1723 3679 1960 3743 Patrem,

391 3791 457 3829 ac
486 3777 564 3830 sic
594 3776 697 3828 diei
734 3775 876 3828 illius
925 3783 981 3828 et
1026 3774 1174 3827 hora:
1229 3772 1620 3842 cognitionem,
1657 3783 1715 3827 ut
1758 3785 1812 3828 et
1859 3775 1961 3828 alia

391 3865 586 3927 multa,
623 3861 799 3918 eidem
832 3862 1149 3916 ascribere:
1189 3876 1296 3914 non
1323 3899 1339 3923 ,
1390 3859 1444 3914 id
1489 3859 1632 3912 enim
1664 3859 1818 3914 nefas
1857 3869 1961 3925 est,

391 3955 631 4023 seipsum
667 3954 757 4007 illa
786 3952 1017 4008 scientia
1062 3952 1278 4021 privare
1304 3991 1319 4017 ,
1379 3960 1440 4005 ut
1473 3967 1570 4006 nec
1617 3952 1726 4006 alio
1782 3951 1963 4020 aliquo

390 4047 554 4117 dlgno
584 4056 638 4102 et
667 4047 989 4100 honorando
1013 4061 1261 4110 munere,
1288 4060 1477 4103 verum
1508 4045 1658 4100 illum
1692 4046 1792 4101 sibi
1824 4062 1965 4116 pra:-

389 4139 554 4204 ferre,
586 4139 664 4192 ita
698 4153 862 4192 nemo
895 4137 1018 4191 Filii
1053 4137 1252 4192 bonam
1298 4137 1713 4206 dispositionem
1775 4138 1830 4191 in
1871 4154 1963 4192 ar-

389 4240 708 4299 gumentum
759 4230 915 4284 mala:
974 4230 1175 4282 trahat.
1213 4227 1308 4282 Sic
1348 4229 1442 4296 qui
1488 4228 1846 4298 ignorantiam
1884 4229 1962 4283 illi

393 4322 622 4389 attingit,
651 4331 703 4374 ct
732 4321 925 4374 littera:
947 4319 1208 4384 adhaeret,
1235 4332 1343 4372 non
1375 4319 1646 4373 tenebitur
1671 4333 1798 4374 reus
1820 4319 1963 4375 blas-

2060 1847 2267 1899 ὲκείνου
2303 1845 2680 1915 καταλήψεως,
2713 1844 3001 1915 ὑπάρχειν,
3033 1843 3246 1913 καὶτῆς
3275 1842 3374 1914 μὲν
3401 1842 3636 1911 κρίσεως

2061 1937 2224 1988 αὑτὸν
2249 1937 2588 2007 ἀνηρτῆσθαι
2612 1937 2674 1989 τὸ
2703 1938 2904 2007 κράτος
2958 1940 3004 2006 (ι
3037 1939 3065 1990 6
3098 1936 3282 2006 Πατὴρ
3308 1936 3422 2006 γάρ
3450 1933 3636 1986 οὐδένα

2059 2026 2268 2097 κρίνει,
2292 2028 2390 2097 τὴν
2427 2027 2483 2080 δὲ
2515 2029 2696 2098 κρίσιν
2726 2031 2906 2082 πᾶσαν
2935 2030 3134 2082 δέδωκε
3168 2027 3245 2098 τῷ
3277 2027 3394 2097 Υίῷ
3441 2027 3514 2092 ι).
3542 2026 3637 2092 τῆς

2059 2117 2208 2189 ὥρας
2237 2119 2294 2172 δὲ
2315 2118 2413 2188 τὴν
2435 2119 2744 2186 διάγνωσιν,
2775 2121 2872 2174 καὶ
2900 2123 3102 2191 κρίσιν,
3127 2121 3223 2191 τὴν
3245 2119 3413 2175 αὑτοῦ
3449 2118 3638 2191 σοφίαν

2061 2187 2156 2264 καὶ
2184 2214 2479 2281 κυριότητα
2505 2211 2842 2280 διαφεύγειν;
2879 2187 2988 2266 καὶ
3021 2213 3074 2265 τί
3100 2187 3270 2265 ταῦτα
3296 2211 3482 2278 λέγω;
3514 2187 3640 2277 Ἆρ’

2061 2301 2090 2352 6
2127 2303 2220 2354 τὸν
2252 2302 2468 2370 Πατέρα
2500 2300 2675 2366 είδὼς,
2704 2301 2892 2372 ὥσπερ
2923 2306 2951 2355 ὁ
2978 2303 3167 2372 Πατὴρ
3193 2302 3283 2354 τὸν
3323 2301 3478 2362 Υἱδν,
3507 2299 3641 2367 ἠμέ-

2067 2411 2164 2464 ραν
2192 2396 2286 2445 καὶ
2320 2394 2488 2460 ὥραν,
2528 2396 2699 2462 μικρὰ
2725 2411 2847 2447 τινα
2877 2395 2968 2446 καὶ
3003 2395 3388 2464 εῦπεριόριστα
3418 2391 3640 2458 διαστή-

2067 2503 2212 2557 ματα
2235 2529 2249 2552 ,
2281 2488 2571 2556 ἀγνοήσεις
2603 2487 2635 2556 ἦ
2685 2487 2863 2550 δῆλον,
2909 2488 2984 2550 ὡς
3028 2487 3129 2540 οὐκ
3166 2487 3361 2551 αὲτὸς,
3396 2486 3426 2537 6
3460 2485 3636 2538 πάντα

2063 2577 2216 2640 εἰδὼς
2243 2619 2257 2640 ,
2292 2580 2385 2632 καὶ
2423 2579 2554 2650 πρὶν
2588 2580 2908 2649 ὑποστῆναι,
2939 2582 2972 2650 ἡ
3007 2581 3369 2642 ὲνυπὸστατος
3402 2577 3500 2631 τοῦ
3535 2579 3640 2631 Πα-

2061 2672 2189 2741 τρὸς
2220 2671 2411 2739 σοφία,
2439 2672 2467 2724 6
2496 2672 2674 2726 πάντα
2702 2673 2772 2725 τά
2796 2673 2891 2726 τοῦ
2923 2673 3132 2745 Πατρὸς
3171 2673 3332 2743 ἔχων,
3376 2671 3518 2742 πλὴν
3543 2671 3640 2740 τῆς

2063 2763 2424 2832 ἀγεννησίας,
2475 2765 2535 2818 οὐ
2591 2766 2689 2835 μὲν
2741 2761 2833 2820 οὖν
2893 2767 3016 2819 οὐδὲ
3067 2765 3174 2820 τῶν
3227 2765 3487 2818 τοιούτων
3541 2766 3643 2832 τὴν

2063 2851 2286 2921 ἄγνοιαν
2315 2851 2461 2923 εἶχεν
2482 2872 2497 2887 ο
2528 2855 2664 2908 ἀλλά
2689 2859 2799 2920 τοῖς
2831 2858 3104 2927 μαθηταῖς
3132 2855 3451 2926 ἀσύμφορον
3477 2852 3645 2908 οὖσαν

2065 2944 2490 3015 ὑπερτιθέμενος
2528 2945 2627 3016 τὴν
2659 2948 2862 3015 γνῶσιν
2894 2948 3083 3019 κοινὴν
3119 2951 3183 3001 ὲκ
3233 2947 3643 3018 φιλανθρωπίας

1991 3071 2038 3133 C
2065 3036 2165 3106 τὴν
2208 3037 2430 3103 ἄγνοιαν
2456 3037 2709 3101 ,ἐποιεῖτο
2735 3079 2748 3100 ,
2784 3046 2880 3093 καί
2917 3039 3055 3110 πρὸς
3101 3040 3162 3092 τὸ
3207 3038 3417 3093 ἄλυπον
3459 3040 3644 3102 αὐτοῖς

2069 3129 2425 3182 συνδιετίθετο
2455 3128 2553 3198 τὴν
2586 3131 2900 3198 ἀπολογίαν.
2949 3130 3147 3200 Τρίτον
3187 3131 3230 3183 δ’
3276 3131 3343 3184 ἂν
3388 3131 3520 3184 είδοι
3559 3149 3644 3195 τις

2065 3221 2286 3272 κάκεῖνο
2318 3220 2394 3283 ὡς
2421 3222 2501 3292 τῷ
2537 3222 2710 3291 Πατρὶ
2755 3222 2932 3284 διδοὺς
2982 3225 3012 3275 6
3043 3222 3167 3284 Υἱὸς
3187 3263 3201 3284 ,
3253 3222 3329 3286 ὡς
3360 3223 3541 3292 αἰτίῳ,
3573 3223 3645 3275 τὰ

2066 3314 2348 3382 πρεσϐεῖα.
2400 3313 2607 3384 Πρέπει
2657 3313 2767 3384 γὰρ
2815 3313 2933 3385 Υίῴ
2981 3315 3334 3385 φιλοπάτορι,
3370 3316 3552 3386 πάσης
3580 3332 3640 3367 τε

2067 3403 2279 3472 φύσεως
2323 3406 2416 3459 καὶ
2442 3406 2696 3473 εὐταξίας
2728 3407 3059 3479 Δημιουργῷ
3105 3410 3196 3461 καὶ
3224 3408 3518 3478 νομοθέτῃ,
3550 3409 3643 3458 καὶ

2064 3499 2176 3559 τοῖς
2213 3497 2312 3567 τῆς
2347 3498 2522 3560 αἰτίας
2556 3499 2870 3568 προνομίοις
2910 3502 3074 3572 τιμᾷν
3118 3500 3208 3553 τὸν
3240 3500 3496 3570 Πατέρα,
3547 3498 3646 3552 καὶ

2063 3587 2163 3659 τὴν
2199 3589 2298 3660 τῆς
2323 3591 2535 3660 ἡμέρας
2557 3589 2771 3661 ἐκείνης
2809 3592 2904 3644 καὶ
2935 3591 3085 3663 ὧρας
3128 3591 3352 3660 γνῶσιν,
3385 3590 3538 3662 ὥπερ
3577 3591 3640 3661 δὴ

2065 3683 2160 3734 καὶ
2206 3681 2341 3734 ἄλλα
2369 3681 2541 3737 πολλὰ
2587 3683 2784 3753 ἐκείνῳ
2828 3684 3254 3755 προσανατίθησι
3277 3699 3288 3712 ·
3319 3687 3418 3752 οὐχ
3449 3683 3641 3736 ἑαυτὸν

2066 3773 2268 3842 (ἄπαγε
2294 3776 2330 3843 !)
2380 3775 2585 3842 ταύτης
2623 3777 2961 3848 ἀποστερῶν,
3014 3777 3097 3830 ὅτι
3138 3776 3262 3847 μηδ’
3299 3776 3464 3830 ἄλλον
3501 3776 3640 3837 τινὸς

2063 3865 2173 3917 τῶν
2197 3867 2392 3934 τιμίων
2437 3884 2496 3919 τε
2539 3867 2632 3920 καὶ
2659 3868 2862 3930 καλῶν,
2898 3867 3012 3922 ἀλλ’
3063 3869 3268 3920 ἐκεῖνον
3316 3870 3421 3921 κάν
3467 3867 3641 3937 ταύτῃ

2064 3955 2372 4025 προτιμῶν·
2402 3957 2494 4009 καὶ
2533 3959 2594 4010 οὐ
2622 3957 2791 4028 δήπου
2826 3975 2910 4022 τις
2936 3958 2997 4011 τὸ
3035 3957 3316 4026 εὔγνωμον
3360 3955 3459 4009 τοῦ
3508 3956 3637 4009 Υἰοῦ

2065 4045 2320 4100 ὑπόθεσιν
2346 4048 2742 4119 ἀγνωμοσύνης
2774 4049 3114 4116 ποιούμενος.
3141 4045 3274 4102 Εἶτα
3295 4049 3393 4120 τὴν
3417 4051 3638 4116 ἄγνοιαν

2065 4136 2388 4206 περιάπτων
2420 4139 2590 4209 αὐτῷ,
2621 4140 2716 4192 καὶ
2745 4141 2881 4210 πρὸς
2896 4140 2992 4203 τὰς
3021 4141 3117 4210 τῆς
3141 4139 3334 4203 λέξεως
3358 4138 3637 4206 καταφεύδ

2067 4245 2183 4297 γων
2205 4229 2222 4267 ι
2246 4230 2537 4296 συλλαϐὰς,
2561 4233 2660 4300 τῆς
2680 4231 3029 4302 βλασφημίας
3057 4232 3483 4302 ἀπολυθήσεται.
3505 4231 3637 4283 Οὐδὲ

2063 4322 2172 4390 γὰρ
2196 4321 2304 4374 οὐδ’
2335 4324 2368 4392 ἡ
2397 4323 2500 4392 τῆς
2529 4323 2728 4390 λέξεως
2755 4326 3040 4395 ἀκρίϐεια,
3069 4323 3143 4387 ὼς
3174 4323 3403 4392 ὕστερον
3431 4323 3633 4376 ἐπιδεις

388 4414 621 4483 phemizc
645 4429 658 4466 :
683 4423 828 4466 certe
857 4411 1120 4466 dictionis
1149 4417 1407 4464 accurata
1443 4411 1608 4477 ratio,
1629 4419 1688 4464 ut
1704 4409 1959 4480 deinceps

2065 4411 2327 4485 χθήσεται
2350 4452 2365 4477 ,
2394 4415 2620 4486 ἀφορμή
2647 4433 2790 4468 τισιν
2813 4419 2892 4479 εἰς
2915 4417 2975 4469 τὸ
2999 4418 3074 4486 μὴ
3097 4415 3386 4486 βούλεσθαι
3414 4417 3484 4470 τά
3503 4415 3635 4484 ὀρθά

389 4505 622 4569 docebo,
659 4520 768 4558 nou
803 4503 1061 4573 praebebit
1083 4502 1605 4556 alicuioccasionem
1621 4502 1802 4557 minus
1816 4511 1961 4557 recte

388 4596 680 4652 sentiendi.
708 4594 860 4650 Licet
896 4596 1041 4650 enim
1075 4609 1223 4648 nunc
1246 4608 1566 4648 concessum
1600 4593 1692 4657 sit,
1721 4594 1958 4649 litteram

389 4689 631 4744 indicare
652 4687 772 4741 Filii
801 4687 1190 4758 ignorantiam,
1222 4685 1358 4739 nihil
1380 4695 1560 4740 tamen
1588 4685 1830 4751 absurdi,
1865 4694 1960 4740 aut

388 4777 577 4846 pietati
609 4779 972 4842 contrarium,
998 4777 1186 4831 animo
1224 4785 1370 4830 recte
1393 4776 1957 4845 contemplante,con-

2065 4509 2284 4575 φρονεῖν
2312 4507 2723 4577 πορισθήσεται.
2764 4509 2826 4560 Ei.
2861 4510 2969 4578 γὰρ
3003 4510 3097 4562 καὶ
3142 4511 3634 4580 συγκεχωρημένον

2064 4596 2160 4648 νῦν
2190 4598 2288 4660 τάς
2318 4598 2492 4662 λέξεις
2531 4600 2723 4668 δηλοῦν
2757 4601 2970 4668 ἀγνοεῖν
2999 4602 3090 4654 τὸν
3119 4601 3268 4665 Υίὸν,
3303 4601 3457 4671 ὅμως
3486 4601 3634 4652 οὐδὲν

2062 4689 2170 4742 τῶν
2201 4691 2419 4744 ἀτόπων
2449 4691 2831 4761 παρεπόμενον
2863 4693 3101 4755 εὐσεϐῶς
3124 4693 3218 4746 τὸν
3264 4692 3389 4745 νοῦν
3423 4691 3631 4762 θεωρή-

2065 4795 2254 4841 σαντες
2303 4783 2744 4850 παρεστήσαμεν.
2791 4781 2928 4833 Ἀλλ’
2959 4779 3074 4844 οὖν,
3109 4782 3219 4834 οὐδ’
3253 4783 3310 4835 αἱ
3360 4782 3536 4845 λέξεις
3583 4799 3630 4834 τι

391 4868 684 4922 stituamus
717 4888 730 4924 :
768 4869 860 4923 sed
902 4883 1005 4924 nec
1036 4868 1217 4922 littera
1249 4867 1395 4922 favet
1427 4868 1496 4924 iis
1513 4867 1706 4937 qui,ut
1727 4867 1954 4938 gloriam

2062 4869 2376 4940 χαριοῦνται
2407 4873 2518 4933 τοῖς
2563 4872 2656 4924 ἐπὶ
2692 4872 3009 4944 καθαιρέσει
3053 4874 3151 4942 τῆς
3192 4874 3353 4944 δόξης
3387 4876 3484 4928 τοῦ
3517 4877 3631 4930 M0-

391 4959 718 5012 immiuuaut
747 4957 1042 5030 Unigcuiti,
1094 4959 1320 5013 adhiant
1381 4961 1539 5012 istam
1577 4958 1955 5028 ignorantiam.

2062 4961 2334 5028 νογενοῦς,
2365 4963 2465 5032 τὴν
2511 4965 2732 5032 ἄγνοιαν
2769 4967 3195 5035 περιχαίνουσιν.
3244 4967 3387 5037 Ἐγὼ
3419 4969 3478 5022 δὲ
3518 4968 3632 5023 οἶδα

391 5051 508 5120 Ego
537 5050 674 5115 scio,
698 5051 896 5121 quippe
921 5052 1016 5121 qui
1042 5052 1170 5106 olim
1203 5066 1334 5106 sene
1365 5051 1599 5120 quodam
1629 5050 1959 5121 theologiam

2062 5053 2226 5107 παλαι
2239 5053 2367 5106 ποτὲ
2390 5055 2604 5124 γέροντι
2627 5056 2774 5125 σοφῴ
2797 5059 2862 5109 τὰ
2880 5057 2998 5109 θεῖα
3019 5058 3396 5128 ἐνωμιληκώς,
3424 5061 3483 5123 ὃς
3510 5061 3625 5113 καί-

391 5143 640 5213 apprime
672 5143 878 5198 sciente
913 5145 1124 5208 utebar,
1159 5143 1255 5214 qui
1292 5158 1415 5197 cuni
1444 5152 1696 5202 externas
1717 5143 1961 5214 discipli-

2062 5160 2137 5197 τοι
2161 5144 2267 5198 τῶν
2291 5156 2330 5184 ιη
2352 5145 2460 5210 ἔξω
2487 5145 2860 5218 θεωρημάτων
2885 5150 3087 5221 πολλὴν
3137 5150 3278 5221 ἔχων
3326 5152 3427 5222 τὴν
3481 5156 3629 5222 ὀλιγ-

390 5252 492 5292 nas
531 5235 818 5301 fastidiret,
865 5237 934 5291 de
984 5236 1237 5305 praesenti
1269 5237 1572 5304 quaestione
1603 5235 1763 5290 talem
1801 5235 1961 5291 insti-

2062 5238 2426 5307 ιυρίαν,ὅμως
2455 5239 2711 5311 τοιαύτην
2757 5245 2879 5294 τινὰ
2929 5243 3058 5314 περὶ
3105 5244 3198 5297 τοῦ
3263 5246 3630 5318 προκειμένου

461 5440 506 5471 ⁸ο
534 5437 693 5494 Joan.
721 5455 774 5503 v,
801 5437 888 5491 22.

1711 5589 1943 5647 VARLE
1985 5585 2386 5644 LECTIONES.

461 5718 483 5757 ι
531 5721 619 5773 Ic".
653 5718 845 5778 ὅτιπερ
873 5717 1003 5779 ἔχοι.
1032 5715 1091 5767 C.
1126 5712 1194 5767 Μ.
1224 5714 1305 5766 ὅτι
1334 5713 1582 5783 παρέχοι.
1665 5711 1680 5749 1
1719 5713 1781 5767 C.
1818 5710 1886 5765 M.
1929 5710 2272 5779 ἀποφεύγων.
2349 5719 2387 5746 ω
2424 5710 2484 5764 C.
2511 5711 2584 5762 Μ.
2624 5711 2714 5762 καὶ
2742 5713 2804 5781 τῇ
2828 5710 2954 5766 τῶν.
