3798 6210
82 293 164 354 673
1019 288 1118 346 AD
1145 281 1737 346 AMPHILOCHIUM
1780 284 2126 356 QUESTIO
2151 285 2347 346 CXIV.
3195 287 3300 352 οτᾷ

77 406 297 473 διέγραφε
332 399 592 470 Θεωρίανο
622 399 698 451 T6
749 396 969 450 ειδέναι
1011 395 1186 449 διττὸν
1212 396 1398 464 ἔλεγεν
1452 392 1614 448 εἶναι’

1770 396 1908 451 lebat
1949 399 2444 452 considerationem
2467 417 2479 452 :
2503 398 2668 464 Scire,
2691 400 2888 471 duplex
2914 417 3032 458 esse
3049 403 3294 474 dicebat:

80 500 126 548 τὸ
154 495 240 564 μὲν
273 493 567 564 ἐπιστήμῃ,
604 491 663 543 τὸ
687 490 744 543 δὲ
765 492 832 560 τῇ
865 490 1052 560 πείρᾳο
1076 489 1217 542 κατά
1245 490 1343 557 μὲν
1371 485 1465 542 οὖν
1494 491 1615 542 ἑπι-

1770 505 1912 554 anm,
1947 505 2046 559 per
2087 491 2515 560 experientiam,
2561 493 2791 546 alterum
2825 511 2918 563 per
2953 506 3164 562 artem;
3211 516 3298 554 sc-

81 589 260 658 στήμην
293 581 488 655 ὁμοίως
530 583 730 636 είδέναι
754 582 835 653 τῷ
866 583 1038 652 "arpi.
1066 582 1158 635 τὸν
1193 582 1323 634 Υίδν
1351 581 1452 650 τὴν
1482 581 1614 650 ὴμέ-

1770 582 1956 636 indum
1991 592 2160 637 artem
2207 593 2301 638 aut
2344 587 2713 654 cognitionem
2754 587 2986 652 diccbat,
3043 607 3197 660 aeque
3237 596 3300 646 ac

81 697 161 747 ραν
183 675 382 743 ἐκείνην
411 675 504 726 καί
534 673 706 744 ὥραν·
744 674 887 726 κατὰ
917 675 1119 742 πεῖραν
1164 673 1220 726 δὲ
1267 672 1450 726 οὐκέτι
1473 687 1486 700 °
1521 673 1614 724 τὸν

1770 683 1933 728 atrem
1955 673 2151 730 Filium
2184 677 2333 732 illum
2359 679 2500 732 diem
2524 689 2577 732 et
2599 679 2789 734 horam
2808 696 3161 751 cognoscere,
3189 701 3299 738 non

82 772 162 838 μὲν
183 768 276 835 γὰρ
300 765 518 834 Πατέρα
548 767 647 818 καὶ
679 765 760 827 είς
789 769 986 835 πεῖραν
1016 763 1208 826 ἐλθεῖν,
1240 765 1333 817 καὶ
1371 763 1613 834 προσλα-

1770 767 2017 822 :cuudum
2057 770 2485 838 experientiam;
2526 771 2742 826 Patrem
2788 774 2934 827 enim
2968 774 3301 846 experientia

76 861 169 911 δεῖν
193 859 281 927 τὴν
319 855 572 926 τοιαύτην
599 857 822 925 γνῶσιν,
851 859 1016 929 ἡνίκα
1053 858 1236 910 πᾶσαν
1261 853 1510 909 ἐδεδώκει
1538 852 1617 924 τῷ

1770 846 2063 928 ignovisse,
2104 870 2158 915 et
2188 862 2350 916 talem
2381 864 2667 918 scientiam
2719 867 3087 936 assumpsisse
3109 909 3123 932 ,
3176 885 3302 923 cum

77 954 168 1020 1⁸ἱῷ
204 952 294 1020 τὴν
335 952 534 1020 κρίσιν·
573 949 855 1017 ὲκεκρίκει
885 948 994 1018 γὰρ
1045 947 1167 1000 τότε
1200 947 1228 998 ὁ
1279 945 1470 1015 Πατὴρ
1515 948 1616 1014 τὴν

1770 964 1882 1004 nne
1913 950 2180 1019 judicium
2229 952 2284 1006 in
2319 953 2519 1009 Filium
2563 955 2950 1012 transcriberet
2983 958 3304 1027 :judicabat

75 1043 224 1112 κρίσιν
247 1049 272 1077 υ
299 1041 515 1093 ἃπασαν
546 1037 853 1109 ἐγχειρίσαι
883 1037 960 1107 τῷ
989 1037 1106 1107 Υἱῷ
1131 1078 1146 1102 ,
1194 1039 1290 1090 καὶ
1320 1038 1444 1090 ὅσον
1481 1032 1617 1108 ἧκεν

1770 1041 1864 1094 tim
1909 1049 2039 1097 tunc
2064 1041 2566 1111 Pater-convenire,
2632 1058 2691 1102 ut
2724 1049 2997 1118 judicium
3039 1051 3121 1105 sic
3159 1061 3307 1121 trano

75 1136 139 1196 εἰς
173 1131 368 1202 ψήφους
415 1131 516 1193 τὰς
564 1129 731 1183 αὑτοῦ
779 1131 1070 1198 ἐνεργῆσαι
1112 1131 1211 1199 τὴν
1256 1129 1393 1183 ἰδίαν
1437 1131 1618 1200 κρίσιν

1770 1134 2012 1201 :riberct,
2045 1141 2101 1189 et
2130 1145 2394 1205 quantum
2450 1139 2626 1208 ipsius
2678 1141 2996 1210 sull'ragium
3023 1143 3306 1212 attinebat,

74 1227 150 1278 καί
176 1223 648 1292 συμπεραίνεσθαι.
690 1221 749 1275 Ὀ
773 1221 831 1274 δέ
867 1239 932 1288 γε
965 1223 1090 1284 Tib;
1110 1262 1125 1284 ,
1171 1223 1331 1292 δῆλον
1359 1222 1434 1286 ὡς
1467 1223 1620 1277 οὔπω

1770 1225 2008 1293 roprium
2048 1242 2206 1280 suum
2231 1227 2500 1296 judicium
2525 1245 2960 1286 consummasse.
2993 1234 3062 1286 At
3091 1242 3309 1288 constat

74 1317 313 1383 κέκρικεν,
339 1315 448 1367 οὐδ’
466 1315 545 1377 είς
560 1315 721 1384 ἔργον
735 1313 834 1384 τὴν
859 1315 1079 1384 πρᾶξιν,
1100 1308 1166 1385 ἦς
1187 1316 1350 1368 αὐτὸν
1376 1319 1404 1369 6
1431 1317 1618 1386 Πατὴρ

1771 1315 1921 1369 iliqu
1955 1326 2081 1370 actu
2117 1321 2672 1387 nomlurnjurlicasse,
2695 1338 2792 1376 nec
2823 1324 2876 1376 in
2907 1322 3157 1378 effectum
3192 1339 3307 1378 rem

72 1411 232 1461 ἀνεῖπε
273 1407 494 1477 Κύριον,
530 1407 758 1478 ἤγαγεν.
795 1407 1006 1460 Οὐκοῦν
1066 1407 1095 1458 6
1138 1407 1238 1477 μὲν
1289 1409 1481 1480 Πατὴρ
1524 1411 1620 1462 καὶ

1770 1407 1896 1470 lam,
1930 1407 2016 1461 cui
2050 1408 2227 1477 ipsum
2261 1412 2505 1481 przefecit
2538 1412 2713 1479 Pater,
2749 1415 2974 1468 duxisse
3008 1417 3307 1484 :quocirca

74 1501 212 1571 πείρᾳ
236 1501 326 1569 τὴν
351 1499 503 1570 ὥραν
529 1497 690 1551 οἷδεν³
724 1501 754 1552 6
779 1499 835 1551 δὲ
872 1499 1027 1563 Υἱὸς,
1055 1501 1102 1550 εί
1128 1499 1220 1550 καὶ
1247 1500 1368 1552 κατ’
1396 1502 1623 1570 ἐπιστή-

1771 1507 1888 1550 ater
1912 1500 2244 1568 experientia
2277 1503 2466 1557 horam
2497 1505 2665 1559 novit.
2701 1505 2868 1561 Filius
2899 1508 3025 1561 licet
3058 1517 3117 1561 ut
3149 1505 3310 1561 Pater

75 1611 180 1662 μην,
207 1591 384 1662 ὥσπερ
431 1595 458 1645 6
490 1591 701 1662 Πατὴρ,
745 1590 860 1643 ἀλλ’
900 1587 996 1644 οὖν
1036 1589 1190 1644 οὔπω
1222 1592 1280 1644 δὲ
1313 1593 1406 1644 καὶ
1433 1591 1619 1663 πείρᾳ·

1770 1589 2026 1642 scnudum
2067 1598 2238 1643 artem
2277 1592 2443 1655 novit,
2479 1595 2720 1648 nondum
2757 1603 2936 1648 tamen
2972 1597 3308 1665 experientia

71 1681 250 1734 εἴσεται
293 1682 347 1735 δὲ
396 1683 615 1736 ἐπειδὰν
652 1682 897 1751 δηλονότι
945 1681 1046 1750 τὴν
1091 1682 1272 1750 κρίσιν
1319 1682 1440 1752 οἴσῃ
1471 1722 1486 1746 ,
1522 1685 1621 1750 τῆς

72 1771 174 1824 κατ’
200 1773 506 1842 ἐπιστήμην
530 1771 788 1841 εἰδήσεως
814 1771 893 1833 είς
921 1771 1019 1840 τὴν
1041 1771 1182 1823 κατὰ
1203 1773 1398 1841 πεῖραν
1419 1771 1623 1840 γνῶσιν

73 1864 430 1934 προελθούσης.

140 1956 286 2010 Ἀλλὰ
318 1955 526 2026 ταύτην
561 1955 662 2025 μὲν
688 1955 955 2026 ἑξεοέμην
975 1972 1059 2008 σοι
1086 1955 1184 2025 τὴν
1216 1954 1536 2025 ἑρμηνείαν,
1564 1953 1624 2006 οὐ

70 2050 152 2118 τὴν
192 2050 246 2103 ὲν
283 2050 422 2119 αὐτῇ
470 2048 702 2111 Θειάζων
751 2050 1032 2118 ἀλήθειαν,
1081 2048 1197 2102 ἀλλ’
1238 2049 1387 2109 ὅπως
1437 2046 1630 2117 ἀνδρὸς

73 2143 281 2211 ἁπλότης
305 2142 566 2212 τοσαύτη,
593 2142 848 2212 ποικίλην
875 2141 1019 2195 οὕτω
1049 2143 1141 2195 καὶ
1167 2158 1450 2210 περινενοη
1460 2142 1629 2210 μένην

73 2235 295 2286 ὑπελθεῖν
337 2236 658 2304 ἐφρόντισεν
701 2234 932 2286 ἔννοιανο
980 2235 1061 2287 ὅτι
1104 2234 1162 2286 δὲ
1201 2233 1310 2286 οὐδ’
1359 2235 1415 2286 αί
1455 2231 1632 2296 λέξεις

74 2325 213 2378 αὐταὶ
245 2328 570 2396 καταφυγῆς
617 2320 729 2378 εἷεν
757 2326 923 2388 τόπος
957 2327 1068 2386 τοῖς
1103 2324 1418 2394 δυσφημίαν
1445 2341 1631 2377 ποιου-

74 2419 236 2483 μένοις
267 2419 361 2487 τὴν
388 2420 636 2486 ἄγνοιαν,
666 2420 731 2470 ὲκ
759 2417 926 2470 τῶνδε
963 2417 1144 2487 ῥᾴδιον
1172 2417 1385 2485 μαθεῖν.
1431 2417 1490 2470 Ὁ
1535 2417 1634 2487 μὲν

73 2505 154 2560 οὖν
182 2510 318 2580 ἱερὸς
355 2510 637 2572 Ματοαῖος
677 2506 777 2574 τὴν
804 2511 1144 2580 Δεσποτικὴν
1177 2509 1360 2579 φωνὴν
1385 2510 1634 2580 ἀναγρά-

73 2617 190 2667 φων,
215 2620 232 2652 ι
258 2601 448 2663 Οὐδεὶς
467 2596 598 2664 οἶδε,
622 2601 776 2671 φησὶ,
801 2603 901 2671 τὴν
930 2601 1163 2672 ἡμέραν,
1193 2602 1316 2654 οὐδὲ
1336 2601 1437 2672 τὴν
1460 2600 1633 2670 ὥραν,

74 2691 177 2743 οῦδὲ
202 2693 248 2744 οἱ
278 2691 523 2760 ἄγγελοι,
554 2693 603 2744 εί
655 2692 730 2762 μὴ
759 2695 788 2745 6
818 2693 1005 2764 Πατήρ
1037 2711 1138 2762 μου
1181 2693 1362 2762 μόνος.
1387 2712 1405 2745 ι
1436 2694 1635 2745 Σκόπει

75 2785 169 2852 γὰρ
191 2785 389 2838 λοιπόν·
422 2785 642 2856 πρῶτον
675 2787 793 2855 μὲν,
822 2787 971 2847 ὅπως
1030 2784 1225 2850 εἰπὼν,
1278 2785 1405 2838 οὐδ’
1435 2785 1491 2838 οι
1530 2783 1635 2854 ἄγ-

77 2878 216 2937 γελοι
239 2914 253 2936 ,
276 2876 460 2928 οὐκέτι
496 2875 880 2946 προστίθησιν,
927 2875 1062 2928 Οὐδὲ
1091 2876 1120 2927 6
1147 2875 1298 2938 Υἱός.
1340 2873 1498 2928 Οὕτω
1528 2876 1639 2944 γὰρ

75 2961 132 3028 ἦν
169 2967 200 3035 ἡ
238 2966 377 3030 λέξις
412 2967 545 3029 ἴσως
589 2966 938 3036 ἀναχώρησις
977 2965 1072 3018 τοῦ
1113 2965 1523 3035 δυσσεὸήματος
1545 3006 1559 3028 ,
1591 2967 1639 3018 εί

1731 1677 1899 1732 novit.
1934 1676 2081 1733 Sciet
2111 1687 2295 1733 autem
2326 1688 2463 1744 tum,
2495 1697 2618 1735 cum
2667 1682 2934 1751 judicium
2980 1683 3158 1747 faciet,
3196 1693 3306 1737 tum

1729 1768 1986 1838 cognitio,
2017 1784 2140 1839 quae
2162 1779 2244 1824 est
2273 1787 2370 1840 per
2403 1773 2715 1836 scientiam,
2751 1773 3005 1828 transibit
3035 1777 3087 1828 in
3116 1777 3307 1843 cogni-

1727 1857 1933 1911 tionem
1967 1874 2062 1927 per
2091 1860 2510 1928 experientiam.

1805 1951 1956 2006 Hanc
1983 1951 2079 2006 tibi
2106 1951 2528 2022 explicationem
2565 1953 2862 2022 proposui,
2896 1969 3005 2007 non
3037 1956 3182 2024 quod
3219 1973 3312 2010 ve-

1731 2059 1850 2097 ram
1882 2059 1978 2113 per
2000 2044 2187 2096 omnia
2222 2059 2499 2108 censeam,
2527 2045 2618 2098 sed
2662 2054 2720 2099 nt
2750 2047 2988 2114 hominis
3016 2047 3136 2116 ejus
3165 2057 3316 2102 tanta

1732 2134 2090 2206 simplicitas.
2145 2149 2254 2190 tam
2306 2137 2514 2190 variant
2562 2147 2616 2192 et
2649 2139 3023 2209 multipliciter
3055 2142 3317 2210 agitatam

1732 2229 2120 2298 Cogitationem
2172 2244 2508 2298 sensumque
2565 2231 2891 2301 satagebat:
2924 2248 3089 2300 porro
3135 2242 3318 2286 autem

1734 2321 1881 2392 quod
1921 2337 2019 2376 nec
2052 2321 2168 2390 ipsa
2206 2321 2378 2376 dictio
2410 2322 2604 2391 refugii
2655 2324 2834 2377 locum
2885 2324 3175 2391 pra'bitura
3226 2326 3319 2389 sit,

1734 2417 1828 2485 qui
1861 2431 1928 2469 ex
1983 2416 2291 2485 ignorantia
2348 2416 2768 2482 hlasphemant,
2823 2416 2983 2472 facile
3030 2426 3214 2487 potest
3254 2434 3321 2473 ex

1739 2508 1891 2561 hisce
1951 2506 2134 2560 disci:
2179 2521 2338 2558 sacer
2381 2506 2464 2558 vir
2520 2504 2810 2560 Mattbaaus
2857 2505 3069 2561 Domini
3117 2507 3322 2561 dictum

1737 2600 2052 2654 edisserens
2108 2593 2275 2651 refert
2330 2615 2342 2652 :
2396 2615 2414 2646 ι
2466 2595 2636 2650 Nemo
2685 2598 2838 2652 omit
2883 2598 3105 2661 horam,
3149 2615 3326 2668 neque

1739 2691 1903 2751 diem,
1935 2706 2041 2744 non
2089 2689 2288 2757 angeli,
2336 2688 2441 2742 nisi
2493 2688 2641 2768 solus
2667 2686 2825 2742 Pater
2853 2704 3029 2742 meus.
3057 2689 3100 2720 ⁸⁸
3134 2709 3153 2740 ι
3190 2689 3324 2744 Nota

1741 2781 2000 2851 primum,
2048 2781 2194 2848 quod
2227 2780 2318 2833 ubi
2363 2780 2576 2832 dixerat
2612 2797 2624 2834 :
2673 2778 2786 2832 Nec
2811 2780 3005 2849 angeli,
3035 2796 3143 2834 non
3173 2781 3324 2849 adje-

1743 2874 1816 2926 cit
1847 2889 1860 2924 :
1893 2873 2006 2927 Nec
2056 2871 2228 2927 Filius
2261 2891 2274 2926 :
2309 2872 2413 2926 hoc
2446 2875 2592 2926 enim
2631 2873 2837 2928 dictum
2871 2872 3011 2928 forte
3042 2875 3186 2928 viam
3221 2877 3324 2929 im-

1746 2965 1928 3032 pietati
1961 2966 2219 3028 muniret,
2247 2965 2291 3018 si
2326 2980 2450 3018 cum
2477 2964 2688 3032 angelis
2727 2965 2815 3018 ubi
2847 2963 3042 3019 Filium
3073 2975 3331 3035 posuerat

76 3057 158 3106 καὶ
185 3058 270 3110 τὸν
300 3059 431 3110 Υίδν
464 3058 576 3120 τοῖς
608 3057 864 3124 ἀγγέλοις
901 3056 1155 3127 προσθεὶς
1191 3057 1495 3127 ἐπήγαγεν,
1521 3074 1539 3107 ι
1577 3059 1638 3110 El

1771 3057 2065 3112 ntul‘isset:
2103 3073 2123 3108 ‹
2164 3057 2276 3111 Nisi
2313 3057 2475 3112 Pater
2533 3073 2686 3111 meus
2721 3059 2914 3123 solus;
2952 3077 2969 3110 ι
3020 3069 3075 3112 at
3103 3076 3207 3113 non
3256 3061 3329 3114 ita

77 3149 141 3215 μὴ
169 3149 195 3200 6
224 3149 413 3218 Πατήρ
477 3167 582 3219 μου
632 3149 812 3218 μόνος.
853 3169 871 3200 ι
929 3149 1042 3201 Νῦν
1082 3150 1138 3202 δὲ
1177 3152 1274 3220 οὐχ
1317 3148 1458 3202 οὕτω
1503 3151 1637 3220 φησί

76 3239 259 3305 ποθεν;
308 3241 444 3295 ἁλλά
499 3242 664 3311 μέχρι
702 3229 831 3294 τῶν
860 3242 1110 3309 ἀγγέλων
1155 3243 1493 3314 παρατείνας
1542 3243 1643 3312 τὴν

76 3330 300 3396 ἄγνοιαν,
344 3331 536 3384 οὐκέτι
577 3331 746 3403 ταύτῃ
790 3332 881 3384 τὸν
922 3333 1048 3385 Υίδν
1079 3333 1314 3401 ὑπάγει·
1343 3333 1418 3397 ὡς
1451 3332 1515 3386 ἂν
1565 3335 1638 3406 μὴ

77 3419 242 3488 χώραν
274 3423 388 3492 ἔχοι
421 3422 544 3476 κατ’
576 3425 774 3486 αὐτοὺς
812 3424 841 3474 6
881 3423 1072 3493 Πατὴρ
1114 3425 1512 3496 ἐπιφερόμενον
1544 3427 1642 3496 τὴν

78 3515 196 3583 πρδς
219 3517 308 3568 τὸν
333 3517 458 3570 Υίδν
477 3516 848 3586 ἀπαγορεύειν
869 3516 1179 3587 διαστολὴν.
1236 3517 1397 3570 Ἀλλά
1412 3518 1521 3588 γὰρ
1542 3517 1643 3570 κάει

77 3607 248 3667 τωθεν.
277 3608 386 3661 ἀπὸ
413 3610 526 3661 τῶν
554 3607 858 3678 ἀνθρώπων
888 3608 1077 3672 ἀνιὼν,
1111 3610 1351 3672 καὶτοὺς
1379 3609 1646 3676 ἀγγέλους

77 3700 269 3766 φθάσας
291 3744 304 3766 ,
337 3703 532 3777 οὐκέτι
575 3702 794 3770 πρόεισι
834 3703 1167 3772 περαιτέρωο
1213 3704 1392 3755 ἐκεῖσε
1429 3702 1486 3754 δὲ
1518 3720 1649 3770 συγ-

78 3795 427 3857 κατακλείσας
463 3795 561 3864 τὴν
592 3795 838 3861 ἄγνοιαν,
879 3795 978 3864 τὴν
1005 3803 1026 3824 ⁸
1069 3793 1394 3865 ὑπερούσιον
1426 3795 1522 3846 καὶ
1550 3795 1644 3865 δη-

79 3888 322 3955 μιουργὸν
355 3887 548 3940 οὐσίαν
580 3888 798 3959 μακρὰν
834 3889 1037 3957 ἀπάγει
1067 3889 1269 3961 ταύτης
1303 3890 1398 3943 καὶ
1428 3890 1650 3960 ὑπερτί-

76 3977 240 4046 (λησιν⁹
271 3980 585 4050 ἀνθρώπιον
632 3981 731 4049 μὲν
775 3983 884 4051 γὰρ
913 3976 981 4050 ἦν
1011 3985 1044 4052 ἡ
1077 3983 1188 4034 τῶν
1223 3981 1482 4053 μαθητῶν
1511 3983 1651 4052 ἐρώ-

78 4082 239 4134 τησις,
270 4066 336 4142 ἦς
365 4071 688 4138 ἀπόκρισις,
718 4091 734 4120 ι
769 4072 958 4133 Οὐδεὶς
983 4069 1145 4138 οἶδεν,
1178 4092 1196 4123 ι
1226 4073 1532 4144 ἀνθρώπων
1557 4074 1650 4142 δη-

76 4157 256 4212 λονότι·
287 4159 432 4227 εἶτα,
469 4163 582 4215 οὐδ’
611 4166 660 4215 οἱ
692 4164 933 4232 ἄγγελοι*
965 4164 1170 4233 βαῦμδς
1199 4160 1353 4229 οὗτος
1381 4165 1400 4232 (
1423 4167 1561 4235 μετά
1590 4181 1650 4233 γε

76 4250 130 4300 τὸ
164 4251 506 4321 ἀνθρώπινον
541 4255 574 4323 ἡ
621 4255 728 4305 τῶν
773 4254 1084 4324 ἀσωμάτων
1129 4255 1327 4324 φύσις)
1374 4255 1652 4325 δεύτερος.

77 4339 134 4392 Τί
162 4342 250 4395 οὖν
280 4346 308 4396 ὁ
335 4343 495 4410 Υἱόςς
527 4346 576 4396 εἱ
606 4345 705 4413 μὲν
731 4342 919 4414 ὥσπερ
955 4345 1020 4414 δὴ
1052 4347 1144 4397 καὶ
1173 4350 1336 4414 νόμος
1378 4345 1528 4405 υίῶν,
1559 4347 1657 4416 τῆς

1751 3149 2018 3220 loquitur,
2067 3150 2161 3202 sed
2217 3148 2580 3216 ignorantiam
2619 3147 2686 3200 ad
2742 3149 2966 3218 angelos
3013 3165 3190 3218 neque
3241 3152 3328 3204 ubi

1749 3242 2072 3303 deduxerat,
2122 3254 2230 3293 non
2271 3240 2446 3292 cidem
2482 3239 2717 3309 subjecit
2754 3237 2994 3305 Filium;
3049 3257 3138 3306 ne,
3185 3242 3330 3310 quod

1750 3333 1978 3397 volunt,
2037 3331 2162 3386 inde
2209 3331 2369 3385 Pater
2407 3329 2642 3384 infertur
2689 3347 2812 3385 cum
2862 3330 3000 3385 Filio
3043 3333 3332 3387 diastolem
3390 3366 3398 3376 -

1753 3427 2089 3496 prohibere;
2127 3424 2416 3480 desursum
2454 3425 2523 3479 ab
2555 3426 2867 3479 hominibus
2900 3441 3248 3495 progreSsus.
3281 3439 3335 3480 et

1753 3519 1818 3574 ad
1869 3520 2090 3590 angelos
2121 3519 2482 3589 perveniens,
2524 3519 2752 3573 ulterius
2804 3534 2910 3573 non
2968 3522 3330 3591 progreditur.

1755 3613 1854 3667 llic
1891 3611 2004 3681 jam
2040 3610 2371 3666 concludens
2412 3611 2800 3681 ignorantiam,
2833 3612 3334 3681 supersubstantia-

1754 3705 1858 3758 lem
1888 3715 1940 3759 et
1977 3705 2297 3758 creatricem
2333 3703 2694 3756 substantiam
2725 3704 2884 3772 longe
2915 3704 2984 3758 ab
3032 3704 3119 3758 illa
3162 3720 3340 3758 semo-

1759 3807 1866 3850 tam
1898 3795 2494 3864 trauscendentemque
2522 3796 2674 3862 ponit
2702 3813 2715 3847 :
2751 3810 2874 3847 nam
2914 3795 3142 3864 quiestio
3171 3795 3338 3848 disci-

1758 3890 2011 3957 polorum
2047 3888 2288 3940 humana
2315 3887 2434 3950 fuit,
2460 3887 2618 3955 cujus
2648 3886 2934 3956 responsio
2964 3898 3083 3941 erat
3104 3904 3116 3939 :
3140 3886 3339 3939 «Nemo

1759 3980 1933 4043 novit,
1977 3999 1996 4030 ι
2064 3995 2265 4044 nemo,
2326 3978 2635 4039 nimirum,
2701 3978 3014 4040 hominum,
3089 3978 3180 4031 sed
3241 3993 3342 4032 nec

1761 4073 1963 4140 angeli,
1995 4069 2196 4140 gradus
2226 4070 2362 4124 alter
2383 4109 2398 4134 ,
2431 4077 2556 4139 post
2602 4070 2854 4122 homines
2910 4069 3339 4137 iucorporalium

1761 4166 1919 4227 ordo,
1951 4165 2200 4218 subsistit
2230 4162 2282 4216 in
2320 4162 2597 4217 secundis.
2632 4161 2774 4227 Quid
2815 4168 2998 4214 autem
3034 4159 3244 4214 Filius?
3266 4162 3341 4212 si-

1763 4257 2008 4327 quidem,
2051 4257 2196 4325 quod
2227 4255 2456 4319 obtinet,
2483 4271 2579 4324 per
2601 4254 2768 4325 legem
2799 4253 3074 4308 liliationis
3107 4265 3343 4323 paterna:

1767 4350 1956 4420 gloria:
1984 4360 2034 4402 et
2073 4356 2279 4401 naturze
2331 4346 2505 4400 haeres
2558 4345 2670 4409 sit,
2729 4345 2933 4399 frustra
2978 4346 3340 4412 ignorantiam

78 4437 340 4506 πατρικῆς
373 4436 538 4505 δόξης
577 4437 915 4506 κληρονόμος
948 4439 1042 4490 καὶ
1069 4437 1284 4506 φύσεως
1307 4479 1321 4502 ,
1359 4439 1537 4507 μάτην
1564 4457 1638 4492 πε

1770 4442 1938 4495 hianti
1972 4456 2066 4494 ore
2095 4438 2266 4493 infers
2291 4456 2304 4491 :
2326 4438 2409 4492 sin
2443 4454 2548 4492 non
2587 4437 2659 4490 ita
2687 4438 2775 4501 sit,
2811 4437 3026 4490 tertimn
3058 4446 3341 4490 creatura-

79 4528 325 4597 ριχαίνεις
363 4529 467 4600 τὴν
496 4529 754 4596 ἄγνοιαν·
788 4531 836 4581 εί
867 4529 910 4580 δ’
941 4529 1040 4581 οὐκ
1067 4530 1132 4582 ἂν
1167 4529 1264 4600 ἔχῃ
1290 4571 1304 4594 ,
1350 4532 1541 4601 τρίτην
1574 4548 1655 4584 σοι

77 4619 173 4672 τῶν
192 4621 516 4691 κτισμάτων
546 4621 930 4690 ἀναπληρώσει
962 4621 1143 4684 τάξινο
1177 4623 1269 4673 καὶ
1299 4622 1418 4684 πῶς
1447 4625 1474 4674 ὁ
1498 4622 1656 4688 λόγος

77 4711 229 4766 αὑτὸν
254 4715 702 4785 ὑπερσλλόμενος
733 4716 826 4767 ἐπὶ
845 4714 935 4766 τὸν
963 4715 1177 4785 πατέρα
1204 4715 1357 4785 διέϐη
1382 4733 1395 4778 ;
1420 4715 1527 4768 ἔδει
1550 4715 1658 4784 γὰρ

79 4803 250 4866 αὑτὸν,
291 4808 340 4856 εἰ
376 4807 459 4875 μὴ
492 4807 526 4874 ἡ
557 4808 650 4856 τοῦ
699 4805 911 4873 [ἰατρὸς
935 4844 949 4865 ,
985 4804 1120 4857 ἀλλά
1147 4806 1307 4875 τρίτη
1336 4806 1491 4870 τάξις
1518 4801 1655 4874 εἶχε,

79 4894 163 4946 τὸν
197 4898 491 4966 Μονογενῆ
519 4939 532 4961 ,
571 4884 836 4967 πρὸτερον
871 4899 1068 4958 εἰπεῖν,
1122 4915 1140 4948 ι
1192 4899 1312 4950 οὐδὲ
1363 4899 1390 4948 ὁ
1441 4897 1597 4960 Υἱός·
1632 4916 1652 4947 ι

81 4982 170 5037 εἷθ’
205 4988 349 5040 οὕτω
395 4990 500 5058 τὴν
542 4989 746 5055 γνῶσιν
791 4987 1071 5040 ἀναθεῖναι
1119 4987 1194 5057 τῷ
1233 4991 1428 5058 Πατρί·
1471 4989 1565 5042 νῦν
1603 4991 1661 5042 δὲ

82 5077 400 5148 ἀνθρώπιον,
434 5082 590 5149 φησι,
624 5084 716 5133 καὶ
749 5080 1056 5148 ἀσωμάτων
1086 5080 1222 5132 νόων
1255 5080 1500 5146 διελθὼν,
1532 5082 1662 5134 οὐκ·

84 5169 158 5218 ἐτι
186 5171 503 5234 διαὸιϐάζει
526 5170 623 5240 τὴν
653 5173 876 5237 ἄγνοιαν
906 5169 1000 5221 ἐπὶ
1046 5170 1136 5221 τὸν
1171 5169 1318 5232 Υἰὸν,
1353 5170 1470 5222 ἀλλ’
1503 5172 1662 5234 εὐθὺς

82 5261 142 5326 τῇ
173 5266 415 5333 πατρικῇ
448 5263 633 5330 φύσει,
673 5257 739 5332 ἧς
766 5262 1104 5333 κληρονόμος
1127 5262 1348 5331 γνήσιος
1383 5261 1530 5327 mir
1563 5261 1664 5331 τὴν

147 5412 187 5442 ⁸⁸
232 5414 430 5471 Matth.
467 5431 617 5479 xxiv,
649 5415 737 5470 56.

1765 4549 1888 4588 rum
1913 4531 2160 4587 ordinem
2205 4529 2516 4598 adimpleat.
2556 4528 2624 4581 At
2658 4529 2798 4579 unde
2839 4526 3065 4590 factum,
3107 4537 3165 4580 ut
3202 4527 3342 4580 saltu

1766 4634 1920 4679 trans
1971 4625 2124 4676 illum
2182 4621 2324 4675 facto
2355 4663 2370 4687 ,
2416 4635 2598 4675 sermo
2639 4621 2704 4674 ad
2740 4621 2957 4674 Patrem
3001 4620 3349 4687 pervenerit?

1767 4731 2073 4785 congruum
2105 4715 2250 4768 enim
2293 4714 2491 4779 fuerat,
2527 4713 2573 4767 si
2613 4729 2718 4765 non
2760 4721 3023 4780 paternus
3064 4711 3218 4776 ordo,
3251 4710 3346 4764 sed

1771 4806 1967 4860 tertius
1993 4804 2118 4874 quis
2150 4804 2368 4856 tenebat
2401 4801 2621 4864 Filium,
2656 4802 2808 4854 illum
2848 4810 2973 4855 ante
3002 4799 3216 4854 Patrem
3248 4815 3346 4852 no.

1770 4898 2014 4961 minare;
2067 4895 2147 4948 sic
2170 4936 2184 4960 ,
2231 4915 2248 4946 (
2280 4893 2463 4964 Neque
2496 4893 2702 4959 Filius,
2736 4913 2754 4944 ι
2806 4893 2878 4947 ita
2927 4891 3070 4946 Patri
3108 4891 3348 4962 t-Oguitio

1771 4986 2182 5039 attribueretur.
2218 4984 2317 5038 Ast
2346 4984 2399 5037 in
2431 4985 2686 5054 praesenti
2725 4984 3008 5037 hominum
3040 4992 3096 5036 et
3125 4984 3347 5051 angelo—
3380 4984 3387 5054 ξ

1771 5092 1894 5129 rum
1937 5076 2161 5130 ordines
2192 5085 2594 5144 transgressus,
2633 5076 2998 5147 ignorantiam
3033 5091 3139 5129 neu
3167 5086 3346 5127 trans—

1775 5169 1879 5223 fert
1921 5171 1986 5224 ad
2023 5167 2248 5236 Filium,
2288 5171 2380 5226 sed
2431 5172 2714 5236 continuo,
2761 5188 2884 5225 cum
2930 5170 3100 5225 Filius
3141 5180 3349 5223 natura:

1773 5275 2012 5333 paterna:
2026 5264 2297 5335 genuinus
2322 5264 2493 5320 haeres
2511 5266 2603 5330 sit,
2639 5265 2959 5321 testiﬁcatur
2987 5265 3052 5319 de
3076 5278 3143 5318 eo
3159 5262 3346 5330 eogui‘

1361 5510 1593 5565 ὶἈΙίΙίΕ
1657 5510 2057 5568 LEGTIONES.

155 5630 179 5657 τι
209 5623 270 5676 C.
294 5621 365 5677 Μ.
396 5624 425 5674 ὁ
456 5623 638 5693 πατὴρ
666 5622 746 5692 τῷ
773 5623 869 5692 τὴν
900 5624 1097 5694 κρίσιν.
1171 5634 1189 5652 °
1211 5625 1268 5678 Ε.
1302 5622 1370 5676 Μ.
1402 5627 1501 5696 τὴν
1539 5627 1761 5693 ἄγνοιαν
1796 5631 1887 5681 καὶ
1918 5629 2036 5698 τήν.

363 5743 650 5803 Ρηιιοι..
694 5743 809 5800 tia.
840 5742 937 5800 Cl.
