3846 6188
408 202 519 272 B775

1575 197 1839 286 PHQTII
1874 195 1997 255 PA']

2109 193 2381 252 ARCI—ME
2416 193 2524 250 CP.
3564 186 3671 245 676

409 326 634 379 tionem.
658 317 815 373 Unde
843 316 1008 386 igitur
1031 323 1086 369 tu
1115 320 1390 382 arreptam
1418 311 1780 382 ignorantiam
1802 310 1856 364 in
1879 308 1997 365 Filii

2107 305 2307 372 γνῶσιν
2349 307 2639 376 μαρτυρεῖ.
2677 303 2847 356 Πόθεν
2881 296 2974 355 οὖν
3003 302 3064 354 σὺ
3093 299 3191 370 τὴν
3225 299 3444 365 ἄγνοιαν
3477 297 3675 359 λαϐὼν,

409 427 531 472 eam
561 410 827 467 transfers
857 407 1246 464 contumeliam
1274 445 1289 470 ,
1322 408 1424 458 nisi
1464 404 1767 459 secundum
1801 412 1853 457 te
1885 419 1991 456 una

412 520 538 561 cum
576 501 895 558 hominibus
927 508 982 552 et
1005 499 1214 567 angelis
1235 498 1338 551 hoc
1368 505 1452 552 est
1486 496 1659 552 servis
1685 495 1995 550 censebitur

410 594 722 651 Dominus?
753 592 897 661 quod
931 591 1197 644 hactenus
1221 589 1362 658 apud
1389 603 1581 642 omnes
1607 587 1807 656 impios
1837 587 1991 640 inau-

413 689 588 743 ditum
626 693 712 740 est
746 703 758 739 :
799 683 884 738 sin
919 683 1023 735 hoc
1057 696 1166 734 non
1198 680 1421 742 audeas,
1449 679 1541 733 sed
1577 677 1774 731 Filium
1802 677 1871 732 ab
1895 693 1996 731 an-

412 777 583 844 gelica
615 771 922 829 substantia
958 786 1210 840 separes,
1264 771 1392 825 licet
1435 769 1582 825 Patri
1642 770 1822 825 adhuc
1867 783 1992 822 eum

413 869 680 939 aequalem
715 883 823 922 non
865 867 1068 932 facias,
1119 882 1228 926 non
1276 867 1663 937 consequeris,
1715 880 1838 920 cum
1886 875 1993 920 tam

415 962 562 1014 clare
587 959 654 1012 de
693 959 900 1029 angelis
929 959 1296 1028 ignorantiam
1359 959 1524 1025 verba
1568 957 1883 1028 prtedicent,
1938 965 1997 1011 ut

416 1051 579 1104 liceat
597 1050 692 1104 tibi
716 1050 818 1119 ipsi
841 1049 1088 1103 eamdem
1117 1047 1391 1119 aﬂingere,
1413 1059 1694 1119 utcunque
1717 1049 1996 1104 multoties

414 1143 684 1196 violenter
716 1140 1016 1196 transferre
1064 1142 1211 1196 illam
1265 1142 1520 1207 coneris,
1582 1143 1636 1195 in
1677 1143 1923 1196 ordinem
1966 1157 1996 1196 a

417 1235 576 1288 Patre
603 1248 704 1287 suo
734 1233 1012 1288 diversum
1041 1251 1054 1299 ;
1092 1244 1146 1289 et
1184 1244 1360 1289 tamen
1391 1236 1472 1289 vel
1501 1235 1600 1299 sic,
1639 1245 1697 1290 ut
1732 1235 1994 1306 refugias,

417 1327 544 1381 licet
572 1325 867 1380 secundum
894 1334 944 1380 te
957 1315 1283 1396 Unigenitus
1302 1322 1448 1380 Patri
1472 1327 1800 1383 coadunitus
1821 1328 1996 1383 scien-

420 1421 510 1474 tia:
544 1431 794 1473 naturam
818 1429 1035 1471 omnem
1069 1426 1122 1470 et
1142 1419 1534 1472 sublimitatem
1569 1418 1995 1485 transcendenti,

419 1509 547 1579 quia
576 1517 800 1577 paterna
837 1515 938 1572 est,
973 1505 1171 1566 ridebit
1202 1516 1347 1561 tuam
1379 1500 1593 1563 tertiam
1627 1518 1781 1563 extra
1824 1508 1998 1563 lineas

419 1600 790 1654 ambulantem
817 1598 1262 1665 ordinationem;
1313 1607 1368 1653 et
1419 1599 1637 1654 ubinam
1679 1601 1784 1654 hoc
1837 1614 1993 1669 pacto

2097 397 2183 464 ἐφ’
2224 395 2380 466 ὕϐρει
2430 393 2858 458 κατασκευάζεις
2895 392 2989 445 τοῦ
3042 390 3204 456 Υἱοῦ;
3253 390 3302 442 εἰ
3342 391 3415 459 μὴ
3461 390 3564 459 ἄρα
3602 408 3679 443 σοι

2095 489 2207 549 τοῖς
2237 487 2493 554 ἀγγέλοις
2533 487 2626 539 καὶ
2658 485 2866 548 δούλοις
2893 485 2922 535 6
2948 483 3258 552 Μονογενὴς
3282 483 3376 534 καὶ
3401 483 3680 551 Δεσπότης

2098 579 2503 644 συντετάξεταιο
2545 578 2594 642 ὃ,
2633 577 2795 647 μέχρι
2823 587 2849 625 P
2887 575 3002 639 νῦν,
3031 573 3258 644 οὐδεμία
3292 572 3448 644 ὤφθη
3484 572 3673 626 δυσσέ-

2099 671 2221 724 6εια
2266 671 2630 739 μελετήσασα.
2661 670 2723 722 Et
2758 667 2814 720 δὲ
2858 669 2932 737 μὴ
2978 666 3135 719 τοῦτο
3161 666 3402 736 τολμᾷς,
3457 665 3678 728 ὑπεξαί-

2102 780 2212 834 ρεις
2237 773 2265 810 (ι
2297 761 2353 814 δὲ
2385 761 2476 813 τὸν
2521 761 2646 813 Υίὸν
2689 749 2789 829 τῆς
2835 757 3132 826 ἀγγελικῆς
3176 758 3398 819 οὐσίας’
3450 755 3552 809 κᾶν
3587 757 3679 823 τῆς

2098 852 2374 922 πατρικῆς
2419 852 2630 904 οὐδέπω
2663 850 2774 903 ἴσον
2817 849 2882 902 ἂν
2925 849 3045 920 ἔχῃ·
3089 850 3186 918 οὐχ
3229 848 3374 911 ἕξεις
3416 847 3681 916 δήπουθεν

2098 944 2367 1015 λαμπρῶς
2398 942 2539 995 οὕτω
2561 942 2667 994 τῶν
2691 940 2913 1007 λέξεων,
2957 940 3048 991 ἐπὶ
3071 940 3178 993 τῶν
3228 939 3478 1006 ἀγγέλων
3502 939 3682 1004 ἁπαγ·

2097 1037 2394 1106 γεὶιλίῦντιον
2424 1035 2520 1104 τὴν
2555 1033 2777 1101 ἄγνοιαν
2825 1031 3123 1101 οὐδαμόθεν
3157 1028 3306 1102 αὐτῷ
3341 1029 3551 1099 ταύτην
3592 1047 3680 1080 πε-

2100 1129 2370 1198 ριάπτειν,
2399 1126 2502 1179 κᾶν
2531 1125 2790 1195 μυριάκις
2813 1125 2888 1186 είς
2908 1123 3074 1192 ἄλλην
3087 1122 3240 1188 τάξιν
3266 1121 3506 1188 ἀπάγειν
3537 1120 3685 1190 παρὰ

2097 1222 2189 1274 τὸν
2246 1220 2469 1291 πατρῶν
2511 1219 2712 1290 κλῆρον
2744 1217 2997 1290 ὲκὸιὰσῃ·
3039 1219 3131 1270 καὶ
3165 1215 3309 1268 οὕτω
3342 1215 3534 1278 πάλιν,
3586 1216 3686 1266 κᾶν

2101 1314 2176 1384 μὴ
2218 1312 2382 1383 βούλῃ
2425 1313 2490 1382 τῇ
2525 1309 2793 1365 καὶκατὰ
2833 1309 2894 1362 σὲ
2938 1309 3208 1377 ὑπερφυεῖ
3247 1307 3343 1360 καὶ
3392 1305 3687 1374 ὑπερτάτῳ

2099 1403 2196 1456 καὶ
2226 1403 2463 1472 πατρικῇ
2497 1399 2696 1468 γνώσει
2746 1400 2776 1452 6
2827 1397 3141 1465 Μονογενὴς
3204 1395 3282 1466 τῷ
3332 1394 3515 1464 Πατρὶ
3563 1411 3686 1446 συν-

2099 1477 2426 1561 απτόμενος,
2457 1491 2556 1559 τὴν
2587 1489 2685 1560 σὴν
2716 1488 3003 1558 ὑπερόριον
3038 1487 3398 1555 ὲκμυκτηριεί
3442 1482 3547 1534 καὶ
3573 1483 3689 1550 τρί-

2101 1601 2201 1653 την
2248 1583 2508 1650 διόιταξιν.
2559 1580 2668 1635 Ποῦ
2715 1581 2895 1634 τοίνυν
2940 1577 3175 1632 ἐνταῦθα
3240 1575 3494 1646 φαίνεται
3555 1574 3692 1626 κατὰ

419 1645 790 1654 ......,ν,,.------
822 1645 1262 1665 --,---η-ν-----.,
1316 1645 1367 1653 --
1422 1645 1637 1654 ..-........
1680 1645 1784 1654 ..η
1838 1645 1991 1669 ,μων

418 1700 663 1761 apparet,
697 1689 842 1760 quod
877 1689 1261 1754 haereticorum
1294 1690 1508 1745 insania
1535 1691 1707 1761 tingit,
1737 1691 1996 1761 ignoran-

2105 1645 2308 1746 λέξινῆ
2354 1645 2613 1737 διόινοιαν,
2653 1671 2728 1734 ὡς
2767 1673 2800 1742 ή
2831 1671 2960 1724 τῶν
2983 1667 3368 1742 αἱρετιζόντων
3417 1667 3693 1736 παράνοια

418 1787 496 1838 tia
543 1783 765 1838 Christo
819 1781 1090 1846 insiliens,
1130 1782 1210 1836 vel
1264 1781 1563 1838 secundum
1602 1783 1871 1846 litteram,
1904 1790 1998 1837 aut

420 1876 687 1930 sensum?
721 1874 833 1927 lmo
861 1873 1032 1939 aiunt,
1067 1873 1192 1943 quia
1220 1873 1385 1940 addit,
1417 1892 1435 1925 ι
1460 1873 1573 1930 Nisi
1607 1875 1765 1930 Pater
1787 1875 1990 1940 solus,»

422 1956 590 2033 recte,
623 1975 676 2021 et
709 1966 864 2020 valde
896 1966 1206 2034 sapienter:
1236 1981 1302 2020 ne
1334 1967 1616 2023 existimes
1639 2008 1653 2032 ,
1688 1969 1832 2037 quod
1872 1983 1995 2023 cum

422 2057 810 2128 intelligentias
844 2057 1164 2127 praeterierit
1193 2058 1544 2127 incorporeas
1573 2101 1585 2126 ,
1619 2059 1798 2114 loeum
1838 2061 1995 2114 habi-

425 2162 609 2204 turum
634 2164 808 2218 usque
829 2150 896 2203 ad
925 2157 1175 2202 naturam
1207 2150 1439 2218 primam
1471 2165 1817 2221 pregressum
1847 2151 1994 2206 facit.

423 2245 584 2297 (Zcrte
615 2244 682 2296 ah
715 2244 816 2296 hac
862 2242 975 2297 sola
1017 2233 1317 2298 conditrice
1349 2253 1403 2298 et
1432 2245 1749 2300 dominante
1781 2249 1999 2301 univer-

425 2351 608 2388 sorum
643 2335 718 2388 uti
751 2336 931 2388 omnia
957 2344 1150 2390 caetera
1174 2351 1294 2404 qua:
1315 2338 1639 2409 consignant
1665 2349 1994 2406 creaturam,

424 2425 500 2480 ita
543 2435 598 2478 et
650 2427 954 2494 ignorantia
1012 2426 1333 2496 longissime
1367 2429 1722 2501 disjnngitur.
1755 2431 1910 2498 Quod
1950 2432 1995 2485 si

424 2516 741 2580 vox,solus,
784 2517 971 2571 turbas
996 2518 1244 2581 conciet,
1304 2519 1639 2574 intellectum
1693 2522 1764 2577 sit
1815 2523 1997 2592 potius

423 2608 570 2674 quod
597 2623 626 2660 a
654 2607 874 2675 quibus,
907 2608 1270 2679 ignorantiam
1299 2611 1496 2678 citans,
1542 2612 1756 2668 Patrem
1787 2616 1997 2686 disjun-

425 2698 523 2761 Iit,
554 2707 744 2750 contra
774 2698 892 2752 illos
920 2707 968 2751 et
1002 2698 1399 2764 divisit'illud,
1458 2702 1639 2768 solus;
1690 2719 1812 2773 qua:
1859 2705 1998 2759 ratio

422 2797 527 2850 est,
551 2789 758 2855 angelis
793 2789 1428 2862 tribuercignorantiam,
1456 2803 1570 2848 tum
1600 2805 1657 2848 ut
1687 2795 1795 2849 illis
1828 2796 1996 2850 omis-

423 2880 521 2945 sis,
547 2879 611 2933 ad
649 2879 1009 2935 differentiam
1047 2881 1190 2946 Filii,
1231 2885 1297 2939 de
1337 2900 1449 2954 quo
1482 2895 1575 2939 aut
1604 2894 1792 2941 contra
1835 2902 1996 2956 quem

2097 1767 2176 1838 τῷ
2212 1767 2329 1836 Υίῷ
2359 1767 2393 1837 ἡ
2419 1767 2610 1834 ἄγνοια
2657 1761 2979 1833 ὲπιπηδῶσα
3012 1780 3026 1828 ;
3065 1761 3193 1827 Ναὶ,
3227 1759 3415 1829 φησὶν,
3450 1756 3572 1810 ἀλλ’
3602 1758 3694 1808 ἐπ-

2099 1860 2328 1931 ήγαγεν,
2354 1876 2372 1909 ι
2404 1859 2468 1910 Εἰ
2497 1857 2571 1927 μὴ
2597 1856 2835 1926 ὁΙΙατήρ
2867 1871 2966 1924 μου
2998 1852 3176 1924 μόνος·
3213 1869 3232 1901 ι
3264 1849 3448 1912 καλῶς
3480 1864 3553 1914 γε
3580 1847 3693 1899 λίαν

2098 1954 2192 2007 καὶ
2215 1953 2415 2020 σοφῶς·
2452 1951 2540 2003 ἵνα
2575 1950 2650 2020 μὴ
2687 1948 2917 2018 νομίσῃς
2957 1946 3033 2009 ὡς
3063 1944 3158 1998 καὶ
3195 1945 3322 2006 τοὺς
3356 1941 3694 2010 ἀσωμάτους

2099 2043 2226 2104 νόας
2282 2038 2692 2111 διαδραμοῦσα,
2725 2035 2922 2107 -χώραν
2965 2036 3078 2105 ἔχοι
3125 2033 3218 2086 καὶ
3272 2032 3472 2104 μέχρις
3531 2030 3692 2098 αὐτῆς

2099 2133 2198 2204 τῆς
2233 2130 2457 2203 πρώτης
2486 2129 2700 2198 φύσεως
2726 2129 2994 2198 προϊέναι.
3030 2125 3245 2204 Ταύτης
3280 2123 3392 2193 γὰρ
3432 2121 3527 2191 δὴ,
3564 2121 3690 2174 ταύ-

2097 2240 2197 2292 της
2241 2223 2408 2293 μόνης
2458 2221 2554 2291 τῆς
2601 2217 2934 2288 δημιουργοῦ
2990 2217 3080 2270 καὶ
3133 2217 3326 2286 κυρίας
3375 2215 3491 2266 τῶν
3530 2213 3686 2275 ὅλων,

2099 2315 2288 2386 ὥσπερ
2343 2314 2411 2366 τὰ
2457 2313 2612 2366 ἄλλα
2644 2313 2822 2365 πάντα
2882 2311 2940 2363 ὲν
2989 2303 3068 2372 οἷς
3117 2311 3150 2378 ἡ
3207 2308 3383 2368 κτίσις
3429 2306 3695 2374 γνωρίζε-

2097 2426 2228 2474 ται,
2287 2405 2429 2459 οὒτω
2477 2405 2533 2458 δὲ
2573 2406 2665 2457 καὶ
2710 2404 2770 2456 τὸ
2817 2403 2918 2472 τῆς
2978 2401 3200 2470 ἀγνοίας
3246 2399 3570 2470 διέρῤιπται
3620 2397 3691 2460 ὡς

2099 2498 2462 2572 πορρωτάτω.
2496 2496 2559 2548 Et
2603 2495 2660 2548 δὲ
2700 2494 2760 2546 τὺ
2785 2534 2798 2557 ,
2833 2495 3022 2563 μόνος
3051 2531 3066 2556 ,
3108 2492 3188 2543 ἔτι
3233 2493 3483 2560 τάραχον
3517 2491 3692 2552 κινεῖ,

2101 2593 2327 2648 συνιέτω
2361 2579 2582 2660 μᾶλλον,
2611 2588 2691 2640 ὅτι
2721 2581 2795 2641 ὧν
2830 2587 2929 2656 τὴν
2968 2585 3194 2654 ἄγνοιαν
3225 2582 3400 2636 εἰπὼν
3428 2583 3694 2636 διέστειλε

2097 2689 2190 2742 τὸν
2222 2685 2443 2752 Πατέρα
2470 2725 2485 2750 ,
2516 2681 2651 2754 πρὸς
2696 2680 2938 2742 ἐκείνους
2987 2677 3207 2746 διώρισε
3251 2678 3341 2729 καὶ
3376 2675 3440 2727 τὸ
3483 2677 3691 2744 μόνος.

2112 2777 2267 2832 Ἐπεὶ
2297 2779 2417 2831 τίνα
2457 2777 2614 2843 λόγον
2645 2773 2780 2835 ὅλως
2806 2769 2949 2841 ἔχοι,
2981 2767 3233 2835 ἀγγέλοις
3267 2765 3366 2834 μὲν
3401 2765 3694 2834 ἐπιφέρειν

2098 2868 2198 2938 τὴν
2228 2867 2452 2934 ἄγνοιαν
2476 2863 2806 2926 συνειδέναι,
2833 2854 2952 2912 εἶτα
2979 2856 3202 2917 τούτους
3229 2855 3442 2924 ἀφέντα
3468 2854 3554 2915 εἰς
3581 2853 3693 2904 δια·

423 2971 561 3025 nihil
592 2972 749 3036 dixit,
779 2972 910 3027 illud
940 2983 1160 3043 putetur
1186 2946 1394 3030 dictum
1425 2995 1438 3031 :
1468 2997 1485 3029 ι
1524 2977 1636 3034 Nisi
1669 2979 1825 3035 Pater
1848 2946 1997 3034 meus

2106 2961 2296 3030 στολὴν
2329 2979 2388 3014 ου
2420 2959 2585 3030 μηδὲν
2611 2957 2868 3010 κατεῖπεν
2895 2951 3048 3015 Υίοῦ,
3079 2949 3158 3013 τὸ,
3185 2966 3204 3000 ι
3228 2950 3289 3000 Εί
3322 2947 3400 3017 μὴ
3505 2946 3695 3043 Πατήρ

425 3063 598 3115 solus.
642 3079 660 3112 ι
699 3060 851 3127 Quod
878 3064 922 3116 si
953 3064 1096 3118 solus
1129 3067 1330 3130 turbet,
1362 3068 1530 3121 turbze
1571 3067 1674 3121 illa:
1706 3068 2002 3138 dispellun-

425 3162 513 3206 tur
541 3167 636 3220 per
691 3169 707 3201 ι
748 3152 907 3206 Pater
946 3169 1122 3209 meus.
1165 3173 1185 3206 ι
1245 3157 1394 3211 Patet
1435 3157 1577 3211 enim
1613 3159 1757 3228 quod
1797 3161 1999 3214 nonad

425 3244 665 3312 seipsum
699 3244 962 3299 relatione
985 3245 1145 3312 facta,
1162 3247 1319 3317 cujus
1334 3251 1637 3305 naturalem
1663 3252 2003 3322 conjunctio-

426 3347 550 3386 ncm
620 3333 924 3397 insinuavit
980 3335 1212 3392 dicens:
1259 3357 1276 3390 ι
1314 3337 1474 3394 Pater
1519 3356 1695 3409 meus,
1729 3362 1748 3394 ι
1796 3344 1889 3398 sed
1934 3345 1999 3397 ad

427 3423 551 3477 illos
583 3439 814 3492 quorum
845 3425 1207 3494 ignorantiam
1241 3433 1468 3498 notavit,
1494 3433 1649 3500 dixit,
1689 3433 1855 3489 solus.
1882 3433 2000 3490 Non

426 3516 572 3569 enim
621 3516 676 3568 in
712 3516 804 3570 illo
843 3517 1008 3582 dicto,
1047 3536 1065 3570 ι
1097 3519 1210 3576 Nisi
1255 3521 1415 3577 Pater
1448 3540 1604 3580 meus
1631 3527 1803 3593 solus,
1845 3545 1863 3578 ι
1915 3529 2002 3581 in-

429 3607 752 3674 telligendus
795 3618 878 3664 est
925 3610 1166 3680 seipsum
1201 3613 1582 3670 disterminare
1609 3616 1677 3671 ab
1700 3632 1766 3672 eo
1796 3633 1920 3672 cum
1951 3627 2004 3672 et

429 3697 610 3752 ret-bis
658 3707 711 3752 et
756 3699 916 3756 factis
963 3710 1192 3757 testetur
1236 3721 1250 3759 :
1309 3723 1327 3755 ι
1366 3705 1477 3776 Ego
1517 3717 1570 3762 et
1621 3704 1785 3764 Pater
1832 3726 2001 3764 unum

428 3807 619 3847 sumus
644 3791 1018 3859 ";-—-Omnia
1042 3810 1164 3863 quae
1185 3795 1345 3850 habet
1377 3797 1554 3866 Pater,
1586 3815 1703 3855 mea
1733 3811 1860 3855 sunt
1883 3801 1951 3855 ⁸³.
1979 3820 1997 3852 ι

428 3883 666 3938 Scientia
720 3900 846 3954 pars
881 3895 989 3951 est,
1038 3885 1165 3942 licet
1209 3889 1424 3959 exigua,
1465 3905 1657 3946 eorum
1714 3908 1836 3962 quae
1876 3908 2002 3947 cum

426 3975 654 4032 infinitis
677 3977 800 4032 aliis
844 3993 1109 4047 generans
1131 3981 1290 4036 habet
1323 3999 1336 4035 :
1362 3982 1453 4038 sed
1483 3983 1687 4053 absque
1710 3984 1796 4039 bis
1825 3985 2003 4047 dictis,

426 4067 475 4123 si
539 4077 660 4122 erat
727 4070 1047 4140 unigenitus
1106 4072 1199 4142 qui
1267 4073 1376 4128 illis
1426 4074 1814 4143 ignorantiam,
1856 4076 2004 4130 Patri

424 4159 709 4214 scientiam
759 4162 1020 4231 assignat,
1064 4179 1186 4234 quae.
1217 4174 1302 4219 est
1351 4165 1442 4218 illa
1469 4165 1741 4234 superﬂua
1787 4166 2005 4235 sapien-

428 4251 523 4318 tia,
559 4266 683 4306 cum
727 4268 785 4308 se
833 4255 1088 4324 dignatus
1146 4257 1216 4311 sit
1240 4270 1429 4311 eorum
1457 4256 1774 4326 participem
1800 4256 2000 4321 facere,

2106 3069 2209 3122 μου
2236 3052 2416 3121 μόνος,
2447 3069 2463 3100 ι
2484 3046 2724 3118 νομίζειν
2747 3043 3020 3115 εἰρῆσθαι·
3049 3041 3128 3094 ἔτι
3153 3040 3208 3092 δὲ
3233 3040 3392 3108 εἴπερ
3418 3038 3487 3090 τὸ
3510 3038 3696 3106 μένος

2104 3143 2356 3215 θορυϐεῖ,
2381 3142 2465 3194 διὰ
2497 3128 2587 3193 τοῦ
2623 3158 2642 3190 ι
2679 3140 2707 3192 6
2746 3137 2939 3206 Πατήρ
2981 3151 3082 3205 μου
3119 3152 3137 3184 ι
3185 3133 3245 3185 τὸ
3275 3130 3552 3200 θορυϐοῦν
3578 3130 3694 3182 διαο

2103 3234 2332 3287 λυέσθω.
2366 3233 2534 3302 Δῆλον
2563 3230 2672 3300 γὰρ
2716 3228 2789 3291 ὡς
2832 3228 2932 3280 οὐκ
2971 3226 3036 3279 ἂν
3085 3225 3222 3295 πρὸς
3256 3223 3454 3276 ἑαυτὸν
3503 3215 3569 3274 οὗ
3601 3220 3695 3289 τὴν

2105 3326 2340 3398 φυσικὴν
2390 3323 2664 3377 οίκείωσιν
2716 3317 3052 3404 ἀνεκήρυξεν
3108 3313 3278 3368 εἰπὼν
3339 3333 3358 3364 ι
3414 3315 3446 3365 ὁ
3503 3313 3696 3404 Πατήρ

2109 3437 2233 3490 μου,
2274 3439 2291 3470 ι
2329 3417 2465 3470 ἀλλὰ
2493 3415 2629 3485 πρὸς
2658 3411 2902 3474 ἐκείνους
2929 3451 2944 3476 ,
2970 3400 3044 3464 ὧν
3085 3408 3183 3478 τὴν
3212 3407 3443 3475 ἄγνοιαν
3464 3405 3556 3474 ἐφ’
3644 3409 3694 3454 αι’

2107 3510 2526 3577 συναπεφήνατο
2553 3506 2646 3560 καὶ
2672 3506 2730 3559 τὺ
2747 3507 2958 3574 μόνος·
2989 3503 3110 3565 πῶς
3132 3499 3176 3554 δ’
3201 3498 3268 3554 ἂν
3299 3500 3359 3552 ἐν
3381 3497 3465 3568 τῷ
3488 3497 3692 3565 λέγειν,

2113 3620 2131 3652 ι
2173 3602 2233 3654 Εἰ
2282 3600 2357 3670 μὴ
2398 3601 2425 3652 6
2470 3598 2659 3667 Πατήρ
2707 3613 2809 3667 μου
2854 3595 3048 3664 μόνος,
3096 3613 3115 3646 ι
3169 3591 3363 3653 ἑαυτὸν
3405 3589 3696 3660 νομισθείη

2109 3690 2462 3755 διαστέλλειν,
2498 3691 2526 3742 6
2573 3689 2668 3741 καὶ
2711 3689 2824 3751 τοῖς
2863 3686 3074 3754 λόγοις,
3105 3687 3198 3738 καὶ
3222 3683 3340 3746 τοῖς
3382 3682 3576 3752 ἔργοις
3617 3683 3696 3749 ἐφ’

2112 3784 2230 3850 ι’σης
2271 3781 2429 3851 βοῶν,
2479 3800 2496 3833 ι
2547 3780 2690 3849 Ἐγὼ
2724 3781 2816 3834 καὶ
2855 3781 2882 3834 6
2931 3777 3123 3849 Πατὴρ
3163 3777 3224 3830 ἓν
3269 3778 3480 3846 ἐσμενς
3523 3797 3544 3828 ι
3581 3779 3695 3840 καὶ,

2113 3893 2130 3924 ι
2170 3874 2352 3926 Πάντα
2385 3875 2485 3926 ὅσα
2515 3871 2627 3942 ἔχει
2653 3872 2680 3925 6
2712 3871 2920 3940 Πατὴρ,
2953 3870 3064 3939 ὲμά
3097 3871 3253 3935 ὲστι;
3293 3887 3310 3920 ι
3347 3867 3523 3938 Δῆλον
3552 3869 3696 3936 γὰρ,

2106 3966 2180 4030 ὡς
2227 3967 2322 4019 καὶ
2360 3967 2392 4035 ἡ
2435 3965 2673 4033 γνῶσις,
2717 3964 2777 4017 ’έν
2819 3980 2872 4016 τι
2910 3962 3008 4015 καὶ
3040 3961 3101 4013 τὸ
3158 3959 3503 4031 βραχύτατον
3552 3955 3630 4014 ὧν
3669 3961 3696 4013 5

2106 4055 2456 4127 γεγεννηκώς
2485 4055 2619 4126 ἔχει,
2657 4055 2752 4108 καὶ
2783 4054 2954 4125 μυρία
2983 4053 3139 4107 ἄλλα.
3171 4053 3358 4122 Χωρὶς
3385 4053 3443 4105 δὲ
3480 4054 3595 4106 τῶν
3621 4054 3696 4105 εί-

2109 4148 2382 4223 ρημένων,
2420 4149 2468 4200 εί
2512 4147 2674 4210 αὐτὸς
2707 4142 2774 4216 ἦν
2806 4147 2834 4198 6
2876 4144 3204 4214 μονογενὴς,
3247 4145 3276 4195 ὁ
3316 4146 3429 4206 τοῖς
3465 4145 3570 4214 μὲν
3597 4145 3694 4214 τὴν

2109 4242 2354 4310 ἄγνοιαν,
2380 4239 2458 4310 τῷ
2490 4240 2663 4309 Πατρὶ
2692 4238 2749 4290 δὲ
2782 4235 3004 4290 διαιτῶν
3029 4236 3131 4306 τὴν
3155 4234 3378 4303 γνῶσιν,
3411 4235 3496 4298 τίς
3528 4239 3564 4305 ἡ
3592 4251 3694 4286 πε-

426 4358 547 4412 quae
597 4344 802 4414 majora
845 4357 974 4401 sunt
1024 4357 1080 4400 et
1126 4346 1234 4401 Deo
1282 4347 1386 4401 soli
1438 4359 1642 4402 aeterno
1688 4357 1997 4418 competunt

2113 4334 2266 4406 ριττὴ
2314 4333 2476 4400 σοφία
2517 4330 2680 4398 αὕτη,
2712 4330 2904 4384 ἑαυτὸν
2943 4327 3200 4392 ἀξιοῦντα
3241 4325 3350 4379 τῶν
3400 4326 3690 4396 μειζόνων,

429 4435 711 4506 indignant
758 4438 1011 4491 arbitrari
1049 4437 1362 4508 cognitione
1392 4439 1468 4494 rei
1500 4440 1630 4495 olim
1661 4440 1918 4497 omnibus
1949 4451 2004 4496 et

424 4528 607 4596 bonis,
637 4537 689 4583 et
718 4530 878 4584 malis
911 4530 1250 4584 revelandae?

495 4793 686 4862 Itaque
713 4795 1032 4850 omnimodo
1066 4807 1253 4866 patet,
1303 4798 1444 4868 quod
1496 4799 1816 4868 neutiquam
1851 4797 2006 4868 igno-

425 4885 658 4939 rantiam
682 4885 753 4954 ei,
780 4895 944 4956 prout
975 4887 1215 4942 hmretici
1248 4889 1461 4952 volunt,
1503 4899 1812 4959 competet;
1851 4903 2004 4942 com-

396 4971 607 5032 'munis
636 4979 829 5034 doctor
857 4987 914 5035 et
955 4981 1172 5051 generis
1227 4982 1397 5035 nostri
1445 4981 1634 5048 salus,
1683 4981 2000 5045 instituens,

425 5085 566 5138 quos
601 5074 870 5142 selegerat
901 5071 1222 5142 discipulos,
1275 5072 1533 5140 proprios
1567 5087 1698 5128 suos
1745 5071 1998 5126 modulos

426 5176 745 5231 agnoscere,
791 5171 847 5218 et
895 5178 926 5217 a
978 5162 1376 5233 quaestionibus
1423 5164 1732 5229 abstinere,
1789 5162 1992 5231 quibus

495 5297 541 5328 ⁸⁸
571 5296 732 5352 Joan.
767 5314 823 5366 κ,
854 5299 945 5352 50.
1021 5297 1068 5330 ⁸³
1121 5296 1279 5354 Joan.
1314 5314 1424 5366 tm,
1459 5301 1540 5356 15.

2111 4425 2205 4478 καὶ
2229 4426 2265 4478 ἃ.
2297 4422 2442 4494 μόνῳ
2471 4420 2590 4490 Θεῷ
2621 4421 2706 4472 ἀεὶ
2731 4419 3048 4489 διαπρέπει,
3084 4417 3416 4489 πράγματος
3443 4417 3525 4478 είς
3551 4419 3686 4469 πᾶν·

2108 4534 2208 4579 τας
2257 4514 2482 4585 ὕστερον
2531 4514 2624 4565 καὶ
2669 4511 2990 4572 σπουδαίους
3047 4508 3142 4562 καὶ
3195 4505 3441 4575 φαύλους
3488 4507 3691 4576 ὁμοίως

2107 4605 2668 4677 ἐκκαλυφθησομένου
2694 4646 2710 4671 ,
2739 4603 2838 4675 τῆς
2884 4600 3137 4672 γνώσεως
3177 4599 3399 4665 ἀνάξιον
3447 4597 3688 4668 ἀποφαί-

2103 4718 2248 4766 νειν;

2175 4788 2310 4864 ’Ἆρ’
2357 4794 2416 4845 οὐ
2463 4788 2801 4860 πανταχόθεν
2853 4785 3152 4856 γνώριμον,
3193 4783 3270 4846 ώς
3311 4781 3615 4852 οὐδαμόθεν
3657 4780 3690 4845 ἡ

2116 4888 2306 4954 ἄγνοια
2349 4886 2459 4946 τοῖς
2507 4881 2838 4952 αἰρετίζουσι
2883 4877 3301 4948 συνδραμεῖταις
3346 4873 3407 4927 ὐ
3439 4874 3537 4944 μὲν
3582 4873 3690 4940 γὰρ

2111 4976 2290 5040 κοινὸς
2313 4974 2653 5036 διδάσκαλος,
2699 4972 2788 5025 καὶ
2817 4969 2913 5023 τοῦ
2945 4969 3137 5037 γένους
3173 4967 3448 5038 ἡμετέρου
3473 4966 3689 5032 Σωτὴρ,

2105 5066 2199 5131 οὓς
2243 5065 2487 5136 ἀφώρισε
2526 5063 2773 5134 μαθητὰς
2813 5060 3082 5116 παιδεύων
3125 5059 3194 5112 τὰ
3233 5059 3410 5110 οἰκεῖα
3451 5056 3688 5109 συνιέναι

2105 5161 2318 5232 μέτρα,
2377 5159 2471 5212 καὶ
2511 5157 2840 5228 ζητημάτων
2888 5153 3215 5225 ἀναχωρεῖν,
3261 5149 3299 5205 ἃ.
3348 5149 3464 5220 βίον
3513 5145 3620 5218 μὲν
3664 5151 3687 5180 ⁸

1695 5480 1929 5534 VAlilrE
1965 5479 2369 5536 LECTIONES.

504 5613 530 5652 ι’
560 5606 621 5660 C-
652 5605 719 5660 M-
749 5607 806 5668 ὃν
851 5608 1034 5682 μέχρι.
1111 5611 1217 5668 qC.
1278 5612 1349 5670 Μ.
1401 5614 1702 5688 ὑπεξαίρει.
1780 5622 1829 5666 ιι·
1861 5617 1920 5673 c.
1955 5617 2020 5671 M.
2064 5616 2189 5686 ἔφη.
2271 5626 2293 5655 ι
2324 5614 2482 5673 C.M.
2517 5615 2552 5670 δι
2583 5615 2681 5685 βίῳ
2709 5614 2828 5685 μέν.
