3846 6188
186 154 284 217 677

1131 161 1231 220 AD
1271 155 1859 219 AMPHILOCHIUM
1906 155 2254 225 QU/ESTIO
2284 157 2482 218 CXIV.

3335 164 3440 224 678

185 269 369 322 οὐδένα
399 270 596 341 βελτίω
635 276 799 335 ποιεῖ,
830 273 998 340 ὄγκου
1029 275 1084 329 δὲ
1115 277 1207 328 καὶ
1235 275 1393 329 κενοῦ
1420 276 1739 346 φυσήματος

1870 271 2184 338 neutiquam
2217 272 2328 325 vita
2361 273 2556 326 melior
2599 275 2866 336 redditur.
2918 277 3011 331 sed
3054 287 3270 332 tumore
3298 295 3438 334 vano

183 363 368 416 ἑσθότε
417 366 632 429 πολλοῖς
663 368 916 431 ὑπόθεσις
947 368 1174 436 γίγνοιτ’
1203 370 1289 431 ἂν,
1316 370 1538 432 ἀλύπως
1573 387 1632 422 τε
1661 370 1760 420 αὐ-

182 457 290 517 τοῖς
317 456 386 508 τὰ
416 457 518 525 τῆς
555 458 822 526 ὡφελείας
852 461 1188 528 εἰσηγεῖσθαι
1218 462 1757 532 διοικονομούμενος,

184 543 271 593 καὶ
298 545 363 612 τῇ
400 544 582 595 πειθοῖ
610 545 831 613 μᾶλλον,
858 547 891 616 ἢ
916 547 1001 598 διὰ
1034 549 1131 616 τῆς
1155 549 1296 618 βίαςο
1339 551 1464 611 τοὺς
1496 549 1758 616 ἀγγέλους

183 636 361 698 αὐτοῖς
410 639 735 706 προκομίζει
780 641 857 703 είς
907 641 1286 711 παράδειγμα,
1337 641 1422 693 ἵνα
1474 636 1657 711 ὦνπερ
1699 643 1755 694 al

183 726 464 794 ἀσώματοι
511 728 602 780 καὶ
650 730 790 800 ὑπὲρ
838 734 982 800 ἡμᾶς
1029 733 1208 784 οὐσίαι
1260 733 1358 802 τὴν
1406 732 1606 796 γνῶσιν
1658 733 1756 784 οὐκ

183 818 374 884 ἔχοιεν,
406 819 610 872 τούτων
641 821 763 890 μηδ’
795 823 949 875 αὐτοὶ
987 823 1264 886 λαϐόντες,
1301 824 1434 893 μήτε
1465 824 1752 885 ἀνιᾶσθαι,

182 912 315 977 μήτε
367 909 446 978 τῷ
494 910 804 979 διδασκάλῳ
857 913 1020 981 μηδὲν
1064 914 1388 965 ὲπικαλεῖνε
1443 914 1616 982 ἔχοιεν
1679 914 1754 984 μὴ

179 999 494 1071 βουληθέντι
534 1004 779 1070 διδάξαι,
828 1006 862 1058 ἃ
911 1005 1036 1075 μηδ’
1080 1008 1111 1076 ή
1156 1006 1262 1059 τῶν
1311 1008 1616 1073 ἀσωμάτων
1661 1008 1754 1059 καὶ

177 1091 314 1160 ὑπὲρ
370 1093 568 1156 αὐτοὺς
620 1095 780 1163 φύσις
829 1084 1115 1164 ἐγίνωσκε.
1171 1097 1235 1148 Τί
1277 1093 1399 1164 οὗν;
1449 1099 1548 1150 οὐκ
1595 1099 1755 1168 ἤρκει

173 1183 328 1236 τοῦτο
362 1189 477 1246 τοῖς
520 1185 827 1255 μαθηταῖς,
868 1190 946 1251 είς
976 1207 1035 1241 τε
1076 1191 1138 1241 τὸ
1185 1189 1534 1244 ἀλυπώτατον
1573 1191 1755 1254 αὐτοῖς
1786 1236 1792 1242 .

173 1274 266 1342 τὴν
289 1275 391 1344 τῆς
418 1277 689 1344 αἰτήσεως
711 1279 1016 1348 ἀποτυχίαν
1041 1280 1346 1346 διαθέσθαι,
1370 1283 1464 1334 καὶ
1492 1282 1590 1345 τάς
1622 1282 1756 1349 γνὼ-

175 1384 306 1434 μας,
337 1369 420 1428 εἰς
450 1367 513 1420 τὸ
554 1369 716 1439 μηδὲν
750 1371 858 1423 τῶν
891 1372 1028 1442 ὑπὲρ
1058 1373 1254 1435 αὐτοὺς
1294 1375 1520 1444 ὲρευνᾷν
1551 1377 1755 1444 καταρ-

174 1459 457 1528 ρυθμίσαι·
492 1461 606 1512 ἀλλ’
638 1464 744 1516 ἔδει
781 1463 887 1533 ἄρα
915 1466 1011 1518 καὶ
1046 1466 1142 1534 τὴν
1174 1461 1535 1520 ὲνυτιόστατον
1560 1469 1752 1536 σοφίαν

168 1557 252 1604 τὸν
306 1555 441 1606 Υἱὸν
475 1557 552 1618 εἰς
587 1556 684 1626 τὴν
721 1558 966 1622 ἐκείνων,
1000 1560 1074 1623 ὡς
1112 1561 1276 1626 ἔοικε,
1329 1564 1748 1633 περιενεχθῆναι

168 1645 431 1710 arvaarva;
483 1647 578 1698 καὶ
625 1648 677 1698 τί
726 1649 1093 1719 παραμύθιον,
1139 1651 1171 1720 ἢ
1227 1654 1571 1721 παράκλησις
1623 1654 1750 1706 ποία

168 1734 300 1786 θεοῦ
328 1737 528 1802 ἄγνοια
556 1739 666 1800 τοῖς
697 1737 1038 1808 λατρευταίς,
1065 1742 1322 1811 προνοίας
1344 1759 1402 1794 τε
1421 1744 1518 1812 τῆς
1542 1744 1750 1795 ἐκεῖθεν

168 1826 257 1877 καὶ
300 1827 500 1894 σοφίας
548 1827 857 1898 δεομένοις;
892 1830 1093 1899 μᾶλλον
1125 1832 1181 1882 δὲ
1213 1831 1330 1894 πῶς
1358 1833 1478 1902 οὐχὶ
1531 1831 1694 1901 βάθος
1729 1834 1746 1870 ι

167 1917 538 1983 ἀπογνώσεως
557 1959 572 1983 ,
603 1921 697 1972 καὶ
725 1920 981 1984 δυσσεϐὲς
1014 1921 1189 1986 ἄλλως
1226 1924 1317 1976 καὶ
1349 1923 1537 1986 σκότος
1566 1923 1702 1991 βαθὺ
1725 1963 1740 1986 ,

169 2007 260 2060 καὶ
288 2007 508 2077 ἀθυμία
547 2009 748 2081 ἐσχάτη
771 2050 786 2073 ,
815 2013 910 2064 καὶ
950 2012 1126 2082 πλάνη
1171 2007 1291 2083 μηδ’
1335 2013 1483 2065 ἔλεον
1515 2013 1748 2083 ἔχουσα,

167 2097 300 2149 Θεὸν
343 2098 488 2166 ἔχειν
526 2099 746 2168 ἀγνοίας
790 2102 1020 2172 ἥττονα,
1055 2105 1146 2156 καὶ
1186 2104 1372 2156 τοῦτον
1401 2104 1749 2173 ἀνομολογεῖν

166 2188 257 2240 τοῦ
293 2189 612 2258 σοφίσοντος
641 2191 868 2258 δεῖσθαι,
900 2194 993 2246 καὶ
1020 2194 1120 2263 τῆς
1149 2196 1334 2264 ἐτέρου
1365 2197 1644 2264 προνοίας,
1681 2196 1749 2247 ἵν’

166 2279 278 2348 ἔχοι
325 2279 522 2349 μαθεῖν
563 2279 599 2334 ἃ
649 2282 874 2352 μηδέπω
919 2285 1088 2350 τέως,
1135 2283 1323 2354 ὥσπερ
1364 2286 1471 2338 οὐδ’
1512 2287 1544 2354 ή
1588 2285 1748 2356 λοιπὴ

165 2372 370 2435 κτίσις,
406 2368 586 2438 οἷδεν;
616 2375 678 2427 El
726 2376 823 2443 μὲν
853 2375 963 2444 γὰρ
992 2377 1132 2433 κατὰ
1163 2378 1224 2431 τὸ
1269 2378 1608 2449 ἀνθρώπινον
1638 2396 1744 2431 πα-

166 2465 454 2534 ραδέχοιτό
486 2483 566 2528 τις
601 2466 698 2536 τὴν
730 2468 978 2536 ἄγνοιαν,
1011 2468 1222 2539 εἴρηται
1257 2470 1350 2522 καὶ
1383 2470 1641 2540 πρόσθεν,
1672 2471 1749 2534 ὡς

162 2557 323 2608 οὐδὲν
354 2557 616 2628 δυσχερὲς
662 2559 760 2628 τὴν
792 2560 890 2629 τῆς
935 2561 1128 2628 σοφίας
1176 2562 1382 2633 πηγήν,
1416 2563 1527 2626 τὸν,
1575 2564 1676 2616 ὅσα
1718 2565 1748 2616 ὁ

168 2647 362 2718 Πατὴρ
384 2687 400 2711 ,
433 2651 528 2701 καὶ
557 2650 734 2704 εἰδότα
772 2655 866 2704 καὶ
905 2652 1098 2722 ἔχοντα
1123 2693 1136 2716 ,
1167 2653 1354 2725 ὥσπερ
1380 2656 1447 2708 τὰ
1479 2657 1616 2710 ἄλλα
1649 2659 1746 2710 ἁν-

165 2736 456 2805 Θρὼπινα,
493 2737 634 2791 οὕτω
678 2742 772 2793 καὶ
809 2741 906 2810 τὴν
944 2741 1168 2808 ἄγνοιαν
1202 2744 1551 2800 ὑποδύεσθαι,
1598 2748 1658 2800 El
1700 2748 1744 2800 δ’

163 2829 240 2888 εἰς
271 2827 377 2896 τὴν
423 2828 574 2882 θείαν
609 2830 774 2883 αὑτοῦ
825 2833 920 2885 καὶ
961 2833 1226 2904 ἄχραντον
1273 2837 1453 2905 φύσιν,
1495 2838 1592 2908 τὴν
1640 2839 1747 2892 ἀπὸ

1865 373 1917 415 et
1946 361 2224 416 inﬂatione
2263 365 2500 432 repletos
2544 365 2617 418 ita
2671 367 2797 435 agit,
2836 377 2890 421 et
2919 369 3180 438 disponit,
3214 384 3273 424 ut
3318 372 3438 427 sine

1864 467 2119 519 nimrore,
2156 468 2276 521 quae
2299 454 2430 522 ipsis
2455 454 2605 508 utilia
2629 465 2777 520 sunt,
2805 460 3236 525 apprehendant,
3272 461 3438 529 idque

1874 560 2040 599 suasu
2076 545 2256 612 potius
2284 561 2447 613 quam
2473 546 2726 601 violentia
2759 566 2772 601 :
2801 547 2871 601 ita
2900 552 3119 617 angelos
3164 552 3217 604 in
3249 568 3436 606 exem-

1861 636 2009 704 plum
2044 638 2314 704 posternit
2367 639 2470 704 iis;
2510 649 2568 691 ut
2599 640 3053 708 quemadmodum
3098 644 3202 697 illa
3248 646 3431 700 incor—

1858 741 2056 793 pore-aa,
2091 736 2326 795 etsupra
2349 734 2451 782 'nos
2483 731 2800 783 substantiae
2821 733 3011 784 harum
3042 750 3221 787 rerum
3255 739 3429 791 scien-

1789 834 1808 839 -
1858 815 1986 866 tiam
2024 830 2129 867 non
2167 817 2489 884 percipiunt,
2526 821 2599 871 ita
2635 835 2734 872 nec
2765 821 2914 888 ipsos
2953 837 3012 876 se
3043 837 3433 882 consecuturos

1856 906 2164 973 opinentur,
2192 924 2296 960 non
2318 919 2493 963 tamen
2517 911 2636 963 inde
2654 909 2976 980 allligautur,
3001 926 3095 968 aut
3115 919 3432 985 magistrum

1857 995 2124 1056 incuseut,
2163 1000 2208 1051 si
2247 1000 2440 1054 docere
2478 1003 2662 1063 nollet,
2704 1020 2824 1069 tune.
2849 1021 2915 1058 ne
2944 1006 3275 1076 incorporeae
3312 1011 3428 1079 quia

1855 1085 2051 1139 demet
2084 1092 2659 1154 superna!substantiae
2677 1096 2874 1148 sciunt.
2903 1097 3042 1160 Quid
3070 1114 3218 1167 ergo,
3239 1115 3430 1154 annon

1856 1175 2203 1231 satisfactum
2240 1180 2363 1232 hinc
2389 1184 2682 1248 apostolis,
2725 1192 2783 1234 ut
2813 1185 2928 1237 sine
2972 1187 3194 1241 tristitia
3229 1188 3433 1243 ferrent

1851 1255 2174 1335 petitionem
2205 1285 2313 1322 non
2340 1272 2603 1334 obtinere,
2632 1282 2685 1327 et
2710 1275 2772 1326 ad
2797 1275 2961 1327 animi
2995 1281 3320 1332 sententiam
3357 1283 3428 1349 ita

1855 1356 2307 1423 conﬁrmandam,
2351 1370 2409 1412 ut
2441 1377 2506 1414 ne
2557 1363 2900 1431 investigent,
2953 1383 3074 1435 quae
3107 1380 3235 1422 sunt
3265 1387 3429 1440 supra

1855 1447 2024 1515 ipsos,
2058 1448 2159 1501 nisi
2193 1449 2354 1502 etiam
2381 1447 2550 1505 Filius
2577 1452 2664 1506 illa
2701 1456 2966 1522 sapientia
2999 1459 3350 1528 inhypostata
3375 1464 3426 1517 in

1856 1555 2044 1592 eorum
2074 1540 2438 1609 ignorantiam
2464 1547 2877 1600 assumatur?ct
2905 1531 3201 1617 quodnam,
3220 1569 3424 1622 qumso,
3479 1530 3488 1540 I

1854 1632 2120 1694 solamen,
2152 1649 2274 1700 quae
2309 1637 2610 1689 consolatio
2654 1637 2744 1692 Dei
2784 1640 3087 1709 ignorantia
3115 1645 3214 1700 erit
3239 1647 3424 1700 colen-

1854 1722 2003 1776 tibus
2054 1722 2247 1789 lleum,
2299 1727 2390 1793 qui
2430 1728 2766 1794 providentia
2797 1741 2850 1783 et
2885 1733 3151 1801 sapientia
3194 1739 3422 1802 ('(BleSti,

1854 1828 1993 1882 Opus
2020 1817 2258 1870 habent?
2288 1819 2476 1872 Potius
2499 1822 2890 1889 desperationis
2912 1827 3181 1892 quoddam
3205 1830 3426 1896 profun-

1853 1906 2005 1970 dum,
2049 1908 2319 1976 impietas,
2355 1910 2542 1966 densa:
2584 1914 2840 1978 tenebrze,
2871 1927 3113 1969 extrema
3143 1917 3420 1974 disconso-

1853 1999 1986 2053 latio
2019 2010 2072 2054 et
2112 2017 2268 2056 error
2295 2018 2402 2056 non
2441 2005 2788 2061 miserandus
2831 2011 2954 2070 erit,
3005 2008 3172 2064 Deum
3226 2011 3427 2065 habere

1853 2093 2178 2162 ignorantia:
2214 2095 2587 2164 sobjaeeutcm
2632 2108 2686 2152 et
2725 2099 2776 2152 in
2808 2099 3064 2155 confesso
3095 2103 3422 2171 indigentem

1853 2183 2195 2239 institutione
2238 2197 2290 2240 et
2331 2187 2631 2242 directione
2658 2190 2902 2255 alterius,
2943 2203 3001 2244 ut
3039 2209 3102 2246 ea
3139 2194 3422 2264 intelligat,

1851 2291 1972 2343 qua:
1995 2277 2257 2340 nomium,
2285 2292 2384 2332 nec
2408 2279 2583 2348 magis
2605 2296 2767 2349 quam
2794 2291 3004 2336 caelerae
3030 2294 3313 2348 creaturae,
3338 2286 3424 2340 in-

1853 2367 2075 2422 tellexit.
2103 2368 2158 2422 Si
2191 2372 2315 2438 quis
2341 2372 2581 2424 humano
2607 2388 2757 2426 more
2780 2375 3008 2444 accipiat
3039 2377 3422 2446 ignorantiam,

1845 2461 1962 2530 jam
1995 2469 2121 2514 ante
2147 2462 2351 2515 dictum
2383 2473 2486 2527 est,
2515 2480 2623 2517 non
2655 2481 2776 2520 esse
2802 2468 3161 2535 oﬂ‘endieulo,
3213 2473 3257 2526 si
3299 2471 3422 2528 fons

1851 2552 2150 2618 sapientize,
2172 2553 2262 2622 qui
2295 2557 2478 2608 omnia
2510 2558 2680 2623 novit,
2705 2558 2862 2613 habet
2885 2562 3066 2614 omnia
3099 2579 3220 2632 quae
3241 2561 3420 2628 Pater,

1851 2645 1930 2697 uti
1971 2654 2163 2698 caetera
2194 2646 2536 2710 hutnanitus,
2569 2649 2640 2701 ita
2677 2659 2729 2702 et
2760 2649 3122 2719 ignorantiam
3161 2655 3417 2710 subiisse.

1852 2733 1949 2787 Sin
1979 2735 2030 2788 in
2059 2735 2300 2790 divinam
2334 2738 2500 2805 ipsius
2519 2747 2573 2793 et
2599 2740 2934 2806 impollutam
2971 2753 3223 2796 naturam
3262 2745 3418 2811 igno-

1852 2829 2026 2881 rantia
2046 2831 2442 2885 contumeliose
2478 2832 2778 2900 ingeratur,
2796 2834 3131 2902 impietascst
3151 2846 3416 2900 extrema,

159 2920 260 2988 τῆς
290 2920 514 2987 ἀγνοίας
545 2920 702 2992 ὓϐριν
732 2923 1010 2994 ἀναφέροι,
1044 2924 1160 2988 πῶς
1186 2929 1245 2978 ού
1279 2929 1611 2998 πανταχόθεν
1640 2947 1736 2998 χα-

1849 2931 1902 2973 et
1937 2921 2326 2990 indulgentiam
2377 2924 2667 3003 excedens.
2727 2925 2830 2978 Sed
2883 2935 2939 2979 et
3000 2929 3288 2982 considera
3341 2931 3418 2984 sis

161 3008 328 3061 λεπόν
358 3026 420 3060 τε
443 3011 533 3061 καὶ
562 3010 746 3078 μεῖζον
773 3011 1106 3084 συγγνώμης
1123 3014 1181 3068 τὸ
1203 3015 1554 3086 δυσσέϐημα;
1591 3018 1660 3070 Σὺ
1683 3017 1739 3070 δέ

165 3116 256 3168 μοι
276 3101 500 3152 κάκεῖνο
522 3103 928 3155 συνεπισκόπει·
957 3104 1060 3174 ἔφη
1089 3123 1190 3158 που
1217 3108 1243 3159 ό
1263 3107 1472 3177 Σωτήρ·
1504 3127 1518 3157 ι
1551 3110 1740 3173 Οὐδεὶς

161 3187 270 3244 οἶδε
304 3191 400 3244 τὸν
457 3193 693 3263 Πατέρα,
743 3197 792 3247 εἰ
846 3197 920 3264 μὴ
952 3197 1149 3260 ὁΥίός.
1190 3217 1208 3247 ι
1247 3197 1311 3250 Τί
1341 3194 1463 3264 οὖν;
1498 3195 1606 3268 ἆρα
1649 3201 1738 3253 τὸν

164 3283 405 3353 Πατέρα,
437 3283 528 3336 διὰ
555 3285 634 3347 τὸ,
665 3307 682 3336 ι
708 3283 896 3349 Οὐδεὶς
926 3282 1052 3352 οἶδε,
1091 3307 1109 3339 ι
1163 3290 1256 3340 καὶ
1284 3289 1371 3342 διὰ
1397 3290 1476 3352 τὸ,
1517 3309 1534 3340 ι
1569 3291 1629 3343 Εἰ
1663 3291 1738 3361 μὴ

163 3377 188 3424 ὁ
220 3375 374 3436 Υἱὸς,
403 3393 421 3424 ι
461 3375 557 3443 τῆς
585 3376 775 3427 ἑαυτοῦ
816 3378 1158 3448 ὑπερορίσεις
1187 3379 1440 3448 γνώσεως
1463 3399 1477 3444 ;
1499 3383 1592 3435 καὶ
1622 3384 1739 3448 πῶς

160 3467 281 3533 οὐχὶ
300 3465 462 3518 τοῦτο
509 3465 675 3535 μανία
724 3467 980 3538 λαμπρά;
1017 3467 1175 3522 ’Λλλά
1233 3471 1408 3523 ταῦτα
1439 3472 1539 3541 μὲν
1601 3475 1765 3544 πρὸς.

162 3557 572 3625 ἁντιδιαστολὴν
624 3558 730 3610 τῶν
766 3599 780 3621 ,
833 3559 932 3612 ὅσα
986 3562 1124 3629 μετά
1169 3563 1268 3632 τὴν
1328 3563 1550 3634 πρώτην
1622 3565 1738 3618 ἐστὶ

164 3647 347 3716 φύσιν,
368 3649 608 3718 νοήσεις,
631 3649 879 3719 οὐδαμῶς
914 3651 1143 3704 δὲκατά
1186 3653 1276 3704 τοῦ
1315 3654 1525 3723 Πατρός
1559 3673 1572 3684 ο
1613 3672 1738 3706 συν·

163 3739 548 3808 επινοούμενον
597 3741 652 3793 δὲ
685 3742 882 3810 μᾶλλον
913 3743 1091 3809 αὑτὸν,
1130 3746 1222 3797 καὶ
1287 3750 1736 3816 συνεισαγόμενον

161 3835 226 3903 τῇ
295 3835 490 3903 μνήμῃ
546 3833 642 3884 τοῦ
693 3833 824 3886 Υίοῦ
884 3837 978 3887 καὶ
1034 3837 1147 3898 πῶς
1195 3836 1458 3889 κάπειδὰν
1489 3838 1732 3903 ἀκούοις,

168 3942 184 3971 ι
223 3923 411 3986 Οὐδεὶς
440 3920 556 3975 οἶδε
603 3923 701 3992 τὴν
746 3923 913 3993 ὤραν,
943 3925 990 3975 εί
1019 3925 1094 3994 μὴ
1123 3927 1150 3976 ὸ
1200 3927 1407 3995 Πατὴρ,
1449 3944 1466 3977 ι
1496 3926 1619 3994 οὐχὶ
1645 3927 1735 3978 τὸν

164 4016 323 4067 αὐτὸν
367 4015 574 4083 θεσμὸν
632 4019 950 4086 συντηρεῖς,’
972 4020 1062 4076 καί
1093 4020 1158 4085 τῇ
1228 4017 1326 4086 μὲν
1379 4018 1474 4070 τοῦ
1525 4019 1735 4087 Πατρὺς

166 4111 353 4180 μνήμῃ
404 4111 739 4171 συνεπινοεῖς
767 4110 858 4160 τὸν
897 4109 1022 4162 Υίόν
1056 4127 1070 4142 ο
1105 4109 1165 4162 τὸ
1194 4110 1268 4173 δὲ,
1301 4111 1519 4172 (Οὐδεὶς
1545 4108 1672 4174 οἶδε,
1713 4131 1729 4163 ι

161 4203 227 4268 τῇ
271 4201 448 4252 κτίσει
479 4202 665 4268 νέμεις
696 4202 763 4270 τῇ
801 4201 1026 4272 λογικῇς
1053 4203 1228 4254 καίτοι
1255 4201 1490 4254 ἐνταῦθα
1523 4202 1621 4270 μὲν
1643 4203 1736 4256 καὶ

1844 3027 2059 3064 meeum
2101 3011 2243 3066 istud
2285 3031 2297 3066 :
2334 3014 2470 3067 dixit
2499 3015 2694 3069 alicubi
2733 3003 3031 3072 Scrratort
3067 3037 3085 3069 ι
3122 3018 3292 3073 Nemo
3321 3037 3417 3074 no-

1838 3103 1924 3156 Vit
1947 3101 2185 3167 Patrem,
2218 3105 2322 3157 nisi
2362 3104 2570 3161 Filius:
2606 3126 2624 3158 ι
2655 3106 2792 3162 llinc
2824 3126 2889 3162 an
2922 3109 3134 3165 Patrem
3165 3113 3418 3168 cicludes

1845 3209 1876 3247 a
1938 3195 2020 3248 sui
2053 3180 2390 3264 'coguitione
2447 3213 2541 3265 per
2599 3198 2773 3252 illud:
2816 3219 2832 3250 ι
2871 3199 3041 3254 Nemo
3099 3205 3268 3268 norit,
3312 3224 3331 3256 ι
3365 3215 3419 3258 ct
3480 3190 3485 3195 ’

1845 3284 2010 3344 illud;
2045 3303 2062 3334 ι
2091 3284 2203 3338 Nisi
2236 3285 2443 3340 Filius?
2467 3308 2483 3338 ι
2508 3298 2562 3341 at
2591 3289 2703 3343 lucc
2734 3291 2940 3346 insania
2971 3295 3266 3362 conspicua
3311 3305 3414 3351 est.

1843 3372 1980 3431 Nam
2018 3381 2118 3432 hoc
2146 3380 2556 3449 intelligendum
2583 3392 2686 3445 est,
2719 3384 2784 3436 ad
2812 3385 3191 3440 antidiastoleu
3227 3404 3413 3442 eorum

1843 3483 1966 3534 qua:
2000 3477 2124 3536 post
2181 3470 2409 3536 primam
2475 3483 2722 3525 naturam
2768 3473 3098 3540 subsistunt,
3132 3487 3183 3528 ct
3222 3491 3328 3529 non
3360 3488 3417 3530 ut

1844 3556 2058 3611 Patrem
2109 3561 2601 3629 comprehemlunt.
2644 3563 2912 3628 Quocirca
2959 3581 3079 3617 cum
3141 3583 3264 3621 eum
3311 3585 3415 3621 una

1843 3655 2209 3715 conceptum,
2245 3657 2299 3702 et
2352 3666 2458 3703 una
2511 3650 2791 3704 inductum
2824 3667 2947 3704 cum
2988 3651 3122 3704 Filio
3156 3656 3414 3706 memoria

1845 3737 2065 3802 recolis,
2097 3748 2150 3790 et
2185 3755 2307 3792 cum
2344 3739 2500 3793 audis
2540 3757 2552 3793 :
2591 3758 2610 3789 ι
2649 3739 2818 3793 Nemo
2871 3742 3018 3794 novit
3065 3742 3256 3794 horam
3312 3745 3414 3797 nisi

1839 3825 2026 3891 Pater,
2065 3847 2083 3878 ι
2129 3845 2309 3883 nonne
2335 3847 2396 3882 ex
2435 3830 2623 3883 eadem
2658 3831 2773 3899 lege
2813 3833 2950 3900 agis,
2985 3843 3036 3884 et
3070 3832 3227 3885 Patre
3270 3849 3417 3885 com-

1845 3927 2149 3970 memorato
2181 3917 2377 3971 Filium
2416 3919 2710 3988 intelligis?
2741 3921 2871 3974 illud
2897 3962 2911 3985 ,
2951 3941 2970 3971 ι
3001 3922 3170 3974 Nemo
3195 3924 3362 3987 novit,
3393 3943 3410 3972 ι

1845 4009 1909 4060 ad
1940 4019 2245 4062 creaturam
2277 4011 2601 4064 transeribis
2639 4011 2982 4073 rationalem,
3014 4012 3101 4063 ubi
3133 4021 3414 4066 creatura-

1844 4115 1964 4152 rum
1999 4109 2246 4155 naturam
2275 4103 2578 4155 secundum
2608 4103 2818 4170 species
2849 4105 3124 4158 recensuit
3157 4124 3169 4157 :
3207 4105 3274 4158 de
3296 4105 3416 4173 qui-

1845 4193 1948 4246 bus
1975 4195 2200 4263 propius
2234 4203 2338 4260 est,
2366 4204 2425 4248 ut
2467 4215 2484 4245 ι
2521 4193 2691 4248 Nemo
2726 4198 2897 4264 novit,
2941 4217 2959 4248 ι
2997 4199 3328 4268 intelligatur
3359 4199 3414 4250 in

163 4292 480 4359 κτισμάτων
544 4291 726 4359 φύσιν,
769 4294 886 4345 κατ’
943 4289 1103 4356 εἶδος,
1156 4294 1603 4363 ἁπηριθμήσατο,
1639 4294 1736 4346 καὶ

1849 4285 1935 4338 illo
1977 4287 2144 4350 dicto,
2175 4305 2192 4337 ι
2229 4287 2398 4340 Nemo
2433 4290 2583 4342 novit
2617 4289 2856 4352 Patrem,
2896 4311 2913 4340 ι
2959 4305 3142 4343 vocem
3194 4289 3416 4342 adhibet

163 4379 459 4450 ἐγγύτερον
484 4375 551 4448 ἦν
585 4381 666 4445 τὸ,
708 4399 725 4429 ι
770 4381 958 4442 οὐδεὶς
1001 4377 1160 4445 οἶδεν,
1196 4400 1215 4432 ι
1247 4383 1334 4434 ἐπ’
1374 4383 1596 4436 ἐκείνων
1640 4385 1733 4435 ὲκο

162 4468 342 4520 λαϐεῖν
375 4485 389 4497 ·
429 4470 488 4520 ὲν
533 4479 557 4506 ιι
602 4469 658 4520 δὲ
696 4469 777 4534 τὸ,
817 4487 835 4520 ι
893 4469 1082 4532 Οὐδεὶς
1127 4465 1234 4522 οἶδε
1292 4469 1384 4521 τὸν
1431 4470 1674 4540 Πατέρα,
1711 4490 1730 4522 ι

164 4559 427 4612 ἀπόλυτον
451 4560 608 4630 φέρει
643 4560 743 4630 τὴν
776 4561 978 4629 φωνὴν,
1005 4561 1098 4612 καὶ
1128 4561 1225 4614 οὐκ
1258 4560 1488 4630 ἔχουσαν
1512 4561 1635 4614 ὅσον
1673 4565 1736 4614 ἐκ

160 4651 266 4703 τῶν
311 4652 753 4724 προειρημένων,
785 4653 869 4720 ἐφ’
902 4647 976 4706 ὧν
1023 4653 1276 4724 μερισθῇ.
1308 4653 1368 4705 Εἰ
1396 4652 1486 4706 οὖν
1528 4653 1587 4705 ἐν
1632 4653 1728 4724 τῷ,

169 4763 187 4791 ι
224 4745 408 4809 Οὐδεὶς
454 4741 561 4797 οἶδε
592 4745 683 4806 τὸν
713 4744 930 4815 Πατέρα
970 4747 1018 4798 εί
1063 4745 1138 4816 μὴ
1184 4747 1212 4797 ὁ
1261 4745 1408 4807 Υἱὸς,
1453 4764 1470 4796 ι
1513 4745 1732 4815 φεύγεις

164 4833 253 4887 τὸν
309 4837 616 4906 γεννήτορα
675 4836 1036 4907 βλασφημεῖν,
1075 4838 1209 4908 μηδὲ
1259 4840 1317 4890 ὲν
1345 4839 1444 4908 τῷ,
1474 4859 1490 4889 ι
1544 4838 1732 4900 Οὐδεὶς

167 4925 270 4980 οἶδε
298 4930 405 4998 τὴν
420 4929 592 5000 ὤραν,
626 4928 776 5000 εἰμὴ
798 4930 826 4980 ὁ
854 4929 1064 4998 Πατὴρ,
1108 4948 1125 4980 ι
1163 4930 1243 4990 εἰς
1278 4928 1431 4998 ὓϐριν
1480 4928 1573 4981 τοῦ
1605 4945 1730 4995 γεν-

165 5020 402 5088 νήματος
465 5025 834 5092 περιτραπῇς.
888 5023 950 5073 Εἰ
982 5023 1037 5073 δὲ
1085 5022 1145 5073 τὸ
1195 5019 1447 5090 δεύτερον
1509 5019 1732 5090 τολμᾷς,

168 5113 596 5183 προτετόλμηταί
657 5130 740 5165 σοι
779 5112 958 5183 πολλῷ
993 5113 1191 5183 μᾶλλον
1220 5113 1308 5166 καὶ
1350 5112 1411 5165 τὸ
1457 5111 1679 5183 πρῶτον
1715 5127 1729 5142 ·

167 5204 533 5276 ἀμαθέστερον
579 5203 690 5276 γὰρ
737 5204 926 5258 ἑαυτὸν
960 5205 1194 5273 ἀγνοεῖν,
1219 5206 1252 5274 ἢ
1281 5204 1468 5277 ἕτερον
1500 5221 1512 5236 ·
1547 5205 1600 5257 τί
1655 5205 1732 5275 μὴ

1841 4378 2141 4444 indeﬁnite,
2168 4395 2266 4432 nec
2309 4379 2595 4433 habentem
2628 4382 2691 4434 ad
2725 4381 2868 4450 quod
2913 4397 2942 4434 e
2984 4381 3414 4450 prieredentibus

1841 4467 2150 4520 referatur:
2185 4467 2229 4522 si
2273 4484 2403 4537 ergo
2447 4468 2501 4520 in
2547 4469 2662 4531 illo,
2703 4489 2721 4518 σ
2770 4469 2936 4522 Nemo
2971 4470 3122 4522 novit
3170 4467 3410 4532 Patrem,

1843 4556 1948 4610 nisi
1972 4556 2164 4627 Filius,
2193 4576 2210 4607 ι
2247 4558 2549 4627 genitorem
2605 4558 2986 4628 blasphemare
3025 4573 3132 4612 non
3174 4559 3278 4623 vis,
3315 4572 3412 4610 nec

1846 4644 1902 4699 in
1951 4646 2063 4708 illo,
2095 4664 2112 4695 ι
2143 4645 2312 4700 Nemo
2347 4648 2532 4701 horam
2567 4649 2738 4708 novit.
2778 4648 2881 4701 nisi
2923 4647 3104 4708 Pater,
3143 4668 3159 4698 ι
3205 4649 3254 4701 in
3282 4663 3414 4701 con-

1849 4743 2132 4797 tumeliam
2165 4741 2286 4794 Filii
2330 4740 2524 4794 leraris
2560 4759 2572 4793 :
2609 4743 2690 4794 sin
2722 4741 2825 4794 hoc
2858 4742 3046 4805 audes,
3090 4741 3262 4793 multo
3299 4759 3414 4794 nia-

1845 4836 1926 4904 gis
1980 4833 2112 4887 illud
2160 4832 2314 4902 prius
2359 4834 2500 4886 aude
2529 4850 2541 4885 :
2572 4847 2695 4885 nam
2742 4831 3017 4902 stupidius
3050 4841 3135 4886 est
3169 4831 3410 4901 seipsum

1844 4942 2008 4996 quam
2071 4927 2238 4980 alium
2280 4927 2551 4994 ignorare.
2601 4927 2800 4992 Quidni
2840 4929 3014 4980 multo
3057 4928 3330 4981 horridius
3360 4938 3415 4980 et

1841 5018 2296 5072 contumeliosius
2329 5019 2485 5088 prius
2545 5034 2706 5087 quam
2767 5019 3100 5073 Secundum?
3144 5019 3227 5073 sin
3280 5019 3409 5071 illud

1841 5112 2081 5166 furorem
2132 5122 2187 5166 et
2235 5111 2566 5180 impietatem
2617 5127 2835 5166 onmem
2884 5113 3132 5175 excedat,
3167 5112 3298 5182 quid
3345 5112 3412 5166 de

1842 5205 1946 5259 hoc
1997 5205 2328 5261 dicendum?
2375 5204 2575 5260 lterum
2615 5206 2713 5273 ait,
2745 5225 2762 5259 ι
2791 5204 2962 5262 Nemo
3008 5206 3162 5262 novit
3189 5203 3408 5269 Filium,

1445 5379 1680 5435 vitam
1725 5378 2132 5462 LECTIONES.

1183 5574 1206 5600 υ
1241 5562 1332 5616 ῑσ.
1369 5562 1438 5615 εί.

247 5566 270 5595 ³
292 5558 349 5612 C.
387 5557 457 5614 ΙΙ.
487 5561 790 5616 ἐπιϐαλεῖν.
870 5564 887 5598 ί
920 5561 1104 5629 βύθος.
