3846 6188
199 267 290 331 681

1181 280 1280 339 AD
1308 281 1901 344 AMPHILOCHIUM
1933 283 2276 354 QUIESTIO
2311 289 2510 350 CXIV.

3345 294 3454 357 632

199 407 216 437 ι
248 387 376 440 Οὐδὲ
403 389 431 440 6
461 388 589 454 Υἱὸς
616 391 682 445 ἂν
717 391 856 463 ᾔδει,
891 392 965 464 μή
1006 395 1037 460 __6
1069 395 1278 466 Πατήρ,
1313 415 1330 445 ι
1359 397 1423 462 Τί
1445 397 1648 466 ταύτης
1672 398 1769 468 τῆς

1877 403 2204 467 communis,
2235 405 2542 467 communis
2577 407 2906 474 substantia,
2944 409 3140 464 harum
3189 425 3451 467 commn-

199 480 504 548 μαρτυρίας
566 481 947 554 λαμπρότερόν
998 501 1057 538 τε
1139 487 1233 539 καὶ
1290 488 1759 560 ὲμὸριθέστερον;

192 576 230 621 υ
254 572 340 622 δεν
399 573 428 622 6
472 573 681 643 Πατὴρ,
737 571 846 634 οἶδε
891 575 984 630 καὶ
1021 577 1050 628 6
1081 577 1208 640 Υἱός
1236 592 1250 607 °
1285 579 1334 630 εί
1356 579 1548 647 λέληθέ
1581 597 1633 631 τι
1673 580 1764 632 τὸν

195 664 334 726 Υίδν,
398 667 463 718 ἐκ
495 665 589 718 τοῦ
628 668 842 744 Πατρδς
877 668 1027 722 ἕλκει
1057 669 1154 740 τὴν
1184 671 1363 737 αἰτίαν
1397 690 1412 704 ο
1456 671 1570 724 ἀλλ’
1612 673 1765 726 οὐδὲν

190 758 284 823 τὴν
333 758 431 810 τοῦ
472 759 680 830 [ἰατρὸς
715 761 999 829 διαφεύγει
1057 763 1258 829 γνῶσιν
1294 781 1309 797 ο
1358 751 1468 817 οὐδ’
1518 766 1625 835 ἄρα
1670 765 1763 832 τοῦ

193 848 316 901 Υἱοῦ
355 851 537 904 κοινὸν
601 854 635 921 ἡ
699 835 862 919 φύσις
890 869 904 884 ·
945 855 1123 908 κοινὸν
1171 857 1204 925 ἡ
1243 856 1474 925 θεότης·
1507 845 1684 910 κοινὸν
1731 859 1763 927 ἡ

155 972 167 981 -
187 941 343 998 οὐσία
373 955 388 970 °
417 940 626 995 τούτων
655 942 710 995 δὲ
729 944 767 1014 -ἡ
797 947 1074 1008 κοινωνία,
1106 945 1202 998 καὶ⁸
1227 946 1293 999 τὰ
1323 945 1456 1000 ἄλλα
1485 947 1765 1017 θεοπρεπῆ

189 1031 475 1100 ἀξιώματα
525 1034 680 1086 κοινὰ
697 1037 937 1090 ποιεῖται
957 1036 1053 1090 καὶ
1081 1037 1380 1106 ἀδιαίρετα.
1439 1057 1456 1087 ι
1489 1037 1597 1100 Οὓς
1625 1038 1767 1111 θέλει

189 1124 441 1186 ζωοποιεῖ
486 1127 540 1195 ό⁴
571 1125 789 1194 Πατήρν
867 1127 1110 1191 animi);
1165 1127 1307 1181 θέλει
1358 1128 1518 1182 πάλιν
1559 1131 1587 1181 6
1640 1130 1767 1193 Υἱὸς

191 1217 471 1280 ζωοποιεῖ.
503 1218 695 1280 Οὐδεὶς
741 1218 960 1289 ἔρχεται
1007 1221 1142 1291 πρὸς
1173 1219 1263 1274 τὸν
1309 1219 1547 1292 ’Πατέρα
1599 1221 1648 1274 εί
1695 1222 1770 1293 μὴ

186 1307 268 1364 διὰ
289 1307 389 1362 τοῦ
423 1309 554 1362 Υἱοῦ
577 1325 590 1338 ·
647 1311 741 1363 καὶ
772 1311 948 1374 οὐδεὶς
976 1311 1194 1381 ἔρχεται
1227 1313 1364 1381 πρὸς
1403 1312 1496 1366 τὸν
1537 1313 1687 1375 Υίδν,
1721 1314 1770 1365 εί

187 1400 259 1468 μὴ
306 1399 398 1452 διὰ
439 1400 537 1454 τοῦ
577 1402 808 1472 Πατρός.
859 1403 1120 1457 Γινώσκει
1159 1406 1188 1457 6
1218 1403 1408 1475 Πατὴρ
1437 1404 1529 1457 τὸν
1554 1405 1709 1458 Υἱόν·
1745 1424 1766 1458 ι

187 1490 317 1543 ἀλλὰ
346 1490 533 1555 καθὼς
562 1493 818 1561 γινώσκει
844 1495 1025 1558 αὐτὸν,
1053 1495 1196 1550 οὕτω
1223 1497 1317 1550 καὶ
1353 1516 1372 1549 ι
1406 1499 1434 1551 6
1459 1497 1583 1561 Υἱὸς
1605 1499 1771 1565 γινώ-

189 1597 302 1634 σκει
338 1582 706 1654 τὸν-Πατέρα.
754 1605 772 1637 ι
804 1587 945 1639 Ὅσα
997 1585 1110 1656 ἔχει
1159 1589 1186 1640 6
1243 1588 1454 1658 Πατὴρ,
1479 1587 1620 1659 πὶὴν
1676 1590 1772 1658 τῆς

1868 491 1960 545 nio
1985 501 2038 546 et
2066 494 2172 548 alia
2204 495 2314 549 Deo
2341 512 2581 567 congrua
2609 499 2880 554 axiomala
2910 501 3143 555 indivisa
3167 503 3364 567 reddit,
3393 515 3449 559 et

1866 585 2222 656 communia,
2273 604 2292 634 ι
2335 587 2485 653 Quos
2521 589 2638 643 vult
2688 589 2845 657 Pater
2890 591 3146 656 vivilicat,
3182 604 3236 648 et
3268 594 3443 650 Filius

1867 671 2108 726 vivificat
2142 690 2282 743 quos
2325 677 2451 731 item
2483 678 2681 736 vult“.
2714 678 2892 734 Nemo
2923 682 3071 743 venit
3099 684 3164 736 ad
3199 684 3449 751 Patrem,

1868 762 1970 816 nisi
2018 780 2116 839 per
2175 765 2394 834 Filium,
2427 779 2481 823 et
2517 770 2581 825 ad
2618 769 2812 838 Filium
2862 787 3045 839 nemo,
3078 775 3184 836 nisi
3220 791 3318 846 per
3350 777 3449 831 Pa-

1872 863 2031 907 trem.
2065 857 2359 926 (Iognoscit
2384 860 2541 914 Pater
2567 861 2763 914 Filium
2803 881 2820 912 ι
2860 863 2953 916 sed
2980 871 3034 918 et
3068 865 3142 918 ita
3189 883 3207 916 ι
3245 881 3449 934 cogno-

1869 941 1974 994 scit
2028 941 2202 999 Filius
2253 944 2554 1002 Patrem”.
2596 967 2614 998 ι
2657 947 2852 1002 Omnia
2889 965 3010 1018 quae
3063 951 3228 1006 habet
3267 953 3449 1018 Pater,

1871 1039 2068 1098 praeter
2094 1034 2418 1105 ingenitum,
2454 1037 2617 1093 habet
2655 1038 2841 1103 Filius,
2871 1052 2926 1095 (ιι
2946 1044 3126 1096 omnia
3150 1059 3272 1113 quae
3295 1045 3455 1099 habet

1873 1119 2040 1177 Filius
2067 1135 2260 1194 praater
2287 1128 2550 1196 genitum,
2592 1130 2756 1184 habet
2779 1132 2938 1186 Pater
2977 1151 2991 1187 :
3033 1152 3053 1184 ι
3086 1133 3201 1188 Tua
3226 1136 3393 1199 enim,
3431 1156 3447 1184 ι

1873 1214 2072 1283 inquit,
2139 1235 2156 1267 ι
2190 1231 2309 1271 mea
2341 1227 2489 1282 sunt,
2515 1228 2571 1273 et
2601 1236 2718 1274 mea
2762 1231 2890 1276 sunt
2932 1233 3043 1278 tua.
3076 1242 3098 1276 ι
3132 1222 3338 1280 Horum
3377 1206 3452 1280 uti

1873 1314 1990 1359 erat
2025 1306 2268 1363 initiatus
2301 1308 2434 1378 ipse,
2471 1311 2543 1365 ita
2579 1306 2680 1366 nos
2726 1313 2961 1367 initiavit
2986 1314 3212 1370 scientia
3260 1317 3453 1385 beatus

1875 1396 2108 1464 Marcus,
2166 1399 2491 1472 theologiam
2543 1412 2819 1466 accurate,
2863 1414 2918 1459 et
2965 1395 3288 1463 circumcise
3321 1409 3452 1462 deﬁ-

1877 1490 2049 1554 niens,
2101 1492 2247 1547 clare
2293 1494 2514 1573 clamat,
2573 1496 2718 1564 quod
2749 1514 2768 1548 ι
2803 1496 2916 1552 Nec
2946 1498 3116 1554 Filius
3140 1501 3313 1566 novit,
3346 1502 3449 1554 nisi

1877 1580 2054 1645 Pater,
2080 1602 2099 1635 ι
2127 1583 2271 1653 quod
2309 1587 2619 1654 copulatum
2653 1596 2771 1642 erat
2797 1589 3012 1656 extulit,
3045 1593 3310 1647 orationis
3337 1609 3448 1646 me-

186 1674 537 1742 ἀγεννησίας,
568 1678 746 1730 πάντα
778 1678 890 1748 ἔχει
934 1681 962 1732 6
1001 1680 1126 1744 Υἱός
1155 1696 1169 1709 °
1203 1680 1341 1733 ἀλλὰ
1360 1683 1452 1734 καὶ
1480 1668 1580 1734 ὅσα
1607 1680 1718 1751 ἔχει
1745 1685 1772 1734 6

1877 1673 2129 1742 talepsin,
2168 1683 2354 1745 utpote
2385 1677 2601 1732 cunctis
2635 1679 2860 1740 claram,
2890 1669 3000 1734 neci
3025 1681 3080 1736 in
3115 1683 3280 1738 dubio
3306 1684 3450 1752 posi-

188 1765 333 1826 Υἱδς,
379 1740 520 1836 πλὴν
565 1767 664 1837 τῆς
699 1740 1030 1838 γεννῖήσεως,
1092 1740 1272 1823 πάντα
1311 1769 1423 1840 ἔχει
1481 1773 1508 1822 6
1551 1740 1768 1841 Πατήρ.

1879 1776 1987 1819 tam
2038 1766 2247 1822 omisit.
2297 1767 2416 1823 Non
2464 1777 2548 1824 est
2587 1770 2753 1834 enim,
2785 1787 2885 1825 nec
2917 1773 3021 1844 erit
3045 1773 3130 1828 ille
3160 1775 3453 1846 impietatis

191 1873 208 1902 ι
251 1855 335 1908 Τὰ
366 1857 479 1926 γὰρ
517 1858 644 1927 ἐμὰ,
681 1859 834 1927 φησὶ,
872 1860 939 1912 σά
971 1862 1108 1923 ἐστι,
1138 1862 1325 1915 καὶτὰ
1347 1861 1434 1925 σὰ,
1465 1862 1609 1931 ἐμά’
1641 1881 1659 1912 ›
1697 1855 1772 1915 ὧν

1877 1857 2104 1922 artifex,
2137 1873 2241 1913 nec
2295 1859 2457 1914 labiis
2514 1861 2789 1915 eructabit
2834 1862 2970 1928 tale,
3002 1863 3095 1933 qui
3147 1855 3251 1918 nec
3312 1865 3452 1918 Patri

183 1945 236 1999 6‘3
263 1952 850 2021 ικμυσταγωγημένος
875 1951 970 2004 καὶ
987 1953 1366 2022 μυσταγωγῶν
1396 1956 1549 2024 ἡμᾶς
1576 1955 1605 2007 6
1627 1955 1770 2018 θεῖος

185 2041 418 2108 Μάρκος
457 2041 556 2111 τὴν
589 2041 902 2109 Θεολογίαν,
933 2043 1014 2108 εἷς
1056 2061 1114 2098 τε
1153 2044 1213 2098 τὸ
1237 2045 1463 2115 ἀκριϐὲς
1511 2046 1630 2117 ἅμα
1671 2045 1770 2100 ’καὶ

184 2131 455 2200 σύντομον
483 2134 875 2205 ἀφοριζόμενος
904 2135 1002 2206 τὴν
1020 2137 1390 2202 διδασκαλίαν,
1425 2139 1502 2202 ὡς
1534 2157 1552 2190 ι
1581 2139 1717 2193 Οὐδὲ
1743 2142 1770 2193 6

186 2223 316 2285 Υἱὸς
365 2222 436 2276 ἂν
486 2223 621 2292 ᾔδεις
651 2225 972 2296 διαπρύσιον
1001 2228 1122 2299 βοᾷ,
1143 2230 1191 2281 εί
1228 2229 1301 2300 μὴ
1325 2232 1353 2283 6
1380 2230 1592 2302 Πατὴρ,
1623 2249 1642 2282 ι
1677 2232 1770 2285 καὶ
1817 2233 1824 2239 ’

181 2314 240 2365 τὸ
267 2317 644 2384 συνημμένον,
679 2317 847 2370 εἰπὼν
871 2318 966 2372 τοῦ
995 2319 1177 2388 λόγου,
1218 2321 1294 2384 ὼς
1339 2321 1566 2374 αὐτόθεν
1598 2323 1769 2376 ἅπασι

182 2403 350 2475 δήλην
379 2401 571 2474 οὖσαν,
598 2408 691 2460 καὶ
733 2409 855 2479 μηδ’
894 2411 1366 2482 ἀμφιδοξουμένην
1396 2413 1504 2466 τινί⁸
1539 2414 1636 2484 τὴν
1670 2431 1768 2482 με-

184 2493 424 2564 τάληψιν
453 2498 702 2568 παρῆκεν
734 2515 748 2530 ·
778 2500 840 2553 οὐ
884 2500 993 2572 γὰρ
1021 2503 1191 2566 ἔστιν,
1222 2504 1324 2556 οὐκ
1353 2502 1520 2569 ἔστιν,
1555 2487 1664 2557 οὐδ’
1705 2505 1767 2558 οὐ

189 2586 262 2656 μὴ
286 2587 544 2656 γένηται,
575 2590 684 2642 οὐδ’
717 2590 782 2644 ἂν
811 2592 975 2655 αὐτὸς
1005 2593 1034 2645 6
1074 2594 1172 2664 τῆς
1201 2595 1400 2658 κακίας
1431 2596 1769 2676 ἁρχιτέκτων

185 2679 376 2740 πάλιν,
410 2680 490 2742 εἰς
515 2681 684 2744 ἀκοάς
713 2698 877 2735 τινων
911 2683 1094 2746 αὐτοῖς
1120 2683 1400 2754 ὲρεύξοιτο
1428 2686 1687 2756 χείλεσιν,
1710 2687 1768 2750 ὃς

186 2769 308 2838 οὐχὶ
340 2769 425 2838 τῷ
449 2771 624 2841 Πατρὶ
652 2771 752 2842 τὴν
801 2772 1002 2840 γνῶσιν
1028 2773 1247 2844 ἐκείνης
1275 2775 1376 2844 τῆς
1409 2775 1622 2846 ἡμέρας
1675 2778 1769 2830 καὶ

186 2857 341 2929 ὧρας
385 2861 792 2931 προσαναθήσει
814 2864 924 2904 a'b-
977 2865 1136 2918 τοῦτο
1163 2865 1220 2917 δὲ
1240 2865 1414 2927 διδοὺς
1442 2866 1538 2918 καὶ
1587 2877 1610 2904 ε
1639 2866 1766 2918 δυσ-

188 2953 483 3022 χεραίνων,
502 2953 563 3006 οὐ
587 2954 748 3025 λήξη’
771 2959 1118 3027 συγχωρήσει
1136 2958 1352 3020 πάντως
1370 2959 1463 3012 καὶ
1483 2960 1651 3025 ἀκων,
1669 2960 1768 3028 τὴν

1873 1950 2160 2004 scientiam
2176 1950 2284 2005 diei
2311 1951 2458 2006 illius
2479 1960 2532 2007 et
2551 1953 2700 2008 hora:
2729 1954 3008 2020 attribuit;
3039 1955 3140 2008 hoc
3169 1969 3450 2018 concesso,

1873 2056 1995 2096 cum
2020 2040 2340 2096 difﬁcultate
2362 2051 2416 2096 et
2438 2043 2639 2098 invitus
2656 2043 2801 2110 licet,
2829 2045 3090 2099 concedet
3113 2053 3292 2099 tamen
3317 2044 3452 2099 Filio

1871 2148 1989 2187 eam
2024 2133 2418 2201 cognitionem:
2457 2149 2602 2201 nam,
2635 2155 2653 2186 ι
2683 2135 2871 2206 Neque
2895 2134 3064 2191 Filius
3091 2137 3194 2192 nisi
3225 2136 3401 2198 Pater,
3432 2156 3450 2186 ι

1872 2237 1998 2277 cum
2024 2221 2085 2276 in
2123 2222 2544 2292 circumscripta
2588 2224 2798 2279 ratione
2822 2224 2984 2278 Pater
3023 2225 3181 2291 sciat,
3214 2225 3269 2278 in
3299 2240 3453 2279 eam-

1871 2315 1992 2367 dem
2017 2315 2349 2384 cognitionis
2401 2329 2716 2371 mensuram
2747 2325 2804 2370 ct
2827 2315 3030 2370 Filium
3063 2315 3303 2371 ascribet
3335 2335 3346 2369 :
3381 2320 3456 2370 ita

1873 2418 1981 2456 non
2008 2413 2092 2458 est
2116 2404 2431 2471 dicendum,
2454 2406 2597 2474 quod
2622 2404 3026 2460 accuratiorem
3052 2415 3106 2459 et
3131 2405 3453 2459 diviniorem

1871 2491 2093 2544 modum
2171 2491 2376 2562 tangit,
2441 2493 2726 2550 scientiam
2779 2495 2833 2546 in
2891 2493 3052 2548 Patre
3110 2509 3455 2548 communem

1871 2583 2126 2651 praedicat
2155 2599 2279 2638 cum
2317 2584 2488 2651 Filio;
2521 2594 2578 2640 tu
2627 2594 2832 2647 autem,
2870 2587 3012 2654 quod
3051 2593 3238 2646 restat,
3280 2587 3449 2638 sancti

1873 2674 1965 2728 Dei
2002 2675 2238 2745 Spiritus
2269 2677 2566 2746 sapientem
2604 2689 2656 2731 et
2692 2677 3041 2747 multiplicem
3085 2676 3456 2746 dispensatio-

1877 2782 1998 2820 nem
2060 2767 2281 2822 recolito
2307 2785 2320 2819 :
2348 2783 2469 2836 quae
2521 2768 2572 2822 in
2607 2776 2842 2837 utroque
2887 2768 3220 2837 evangelista
3254 2783 3455 2836 opera-

1871 2860 2062 2923 batur;
2112 2874 2207 2928 per
2263 2875 2426 2912 unam
2469 2869 2522 2914 et
2567 2861 2793 2914 alteram
2833 2859 3048 2915 dicendi
3105 2860 3362 2922 formam,
3403 2860 3463 2910 in.

1870 2965 2034 3005 unam
2088 2961 2144 3006 et
2192 2951 2438 3006 eamdem
2475 2951 2692 3021 pietatis
2739 2951 3120 3021 cogitationem
3150 2951 3454 3014 deducens;

190 3041 371 3112 αὐτὴν
422 3045 622 3097 ἐνεῖναι
662 3045 870 3114 γνῶσιν
899 3047 978 3118 τῷ
1153 3065 1171 3094 ι’
1231 3049 1294 3102 τὸ
1339 3049 1469 3120 γὰρ,
1506 3067 1526 3100 ι
1577 3050 1700 3103 οὐδὲ
1741 3051 1769 3101 6

1877 3051 2100 3098 sanctus
2130 3043 2421 3097 Mattlrmus
2454 3059 2642 3098 vocem
2683 3044 2828 3098 solus
2875 3043 3193 3106 adnectens,
3231 3056 3338 3095 non
3375 3043 3458 3094 in-

191 3133 346 3197 Τίδς,
381 3137 430 3187 εἰ
477 3136 552 3206 μὴ
607 3137 636 3190 6
677 3139 892 3209 Πατὴρ,
961 3157 980 3190 ι
1024 3140 1449 3212 ἀπαραγράπτῳ
1497 3139 1639 3210 λόγῳ
1675 3143 1770 3193 τοῦ

1877 3133 2115 3198 terserit,
2153 3153 2172 3185 ι
2210 3133 2397 3203 Neque
2444 3135 2634 3197 Filius,
2670 3154 2688 3186 ι
2722 3150 2789 3188 ne
2830 3135 3080 3188 videatur
3127 3147 3253 3188 cum
3287 3132 3458 3186 haere-

185 3228 412 3298 ’Πατρδς
445 3230 644 3293 εἰδότος
680 3232 758 3293 είς
789 3232 887 3301 τὴν
925 3233 1096 3304 αὐτὴν
1159 3235 1379 3302 συνάγει
1438 3235 1640 3303 γνῶσιν
1683 3235 1772 3288 τὴν

1877 3228 2000 3282 ticis
2034 3244 2064 3280 ιι
2097 3218 2318 3294 paterna
2353 3225 2523 3296 gloria
2553 3225 2748 3280 Filium
2782 3241 3056 3295 separare,
3090 3233 3144 3278 et
3169 3225 3222 3278 in
3257 3224 3458 3277 cohor-

192 3319 345 3374 Υἱὸν.
386 3321 552 3372 ’Ὥστε
586 3320 695 3373 οὐδ’
729 3320 756 3360 εἰ
789 3321 943 3375 ἔστιν
969 3323 1164 3386 εἰπεῖν,
1192 3324 1314 3376 ὅσον
1338 3326 1416 3388 εἰς
1451 3323 1514 3377 τὸ
1547 3324 1772 3393 ἀκριϐέ-

195 3412 393 3464 στατόν
417 3429 480 3464 τε
523 3412 618 3466 καὶ
648 3412 1112 3483 θεοπρεπέστατον
1140 3414 1237 3484 τὴν
1272 3416 1329 3466 ὲν
1359 3415 1537 3485 Πατρὶ
1573 3415 1774 3483 γνῶσιν

196 3503 388 3574 κοινὴν
420 3503 788 3574 ἀνακηρύττει
827 3506 921 3557 καὶ
951 3505 1046 3558 τοῦ
1084 3505 1237 3560 Υἱοῦ.
1269 3505 1340 3557 Σὺ
1371 3504 1430 3558 δέ
1459 3522 1549 3575 μοι
1591 3504 1775 3557 λοιπὸν

195 3596 296 3666 τὴν
319 3597 418 3648 τοῦ
449 3589 716 3667 παναγίου
751 3597 844 3650 καὶ
880 3597 1025 3651 θείου
1057 3598 1371 3668 Πνεύματος
1412 3598 1580 3666 σοφὴν
1628 3599 1776 3650 obto-

198 3689 398 3756 νομίαν
426 3688 522 3740 καὶ
553 3688 835 3759 πολυμερῆ
862 3690 1271 3761 συνεπιλογίςου
1299 3709 1310 3719 ·
1343 3691 1491 3764 ὅπως
1521 3691 1776 3759 ἐνεργοῦν

196 3781 258 3832 ἐν
292 3780 543 3849 ἑκατέρῳ
565 3781 673 3833 τῶν
697 3781 1119 3849 εὐαγγελιστῶν,
1138 3782 1206 3835 δι’
1236 3783 1426 3853 ἐτέρας
1459 3783 1554 3835 καὶ
1583 3783 1776 3852 ἐτέρας

198 3871 360 3937 λόγου
392 3873 787 3941 συμφράσεως,
828 3875 908 3935 είς
933 3873 1034 3944 τὴν
1062 3873 1230 3946 αὐτὴν
1256 3875 1454 3936 αὐτοὺς
1500 3874 1599 3942 τῆς
1622 3875 1778 3926 εὐσε-

199 3962 354 4024 ϐείας
382 3961 588 4016 ἔννοιαν
633 3964 877 4030 συνάγει.
918 3963 977 4015 Ὀ
1014 3963 1112 4032 μὲν
1145 3963 1253 4033 γὰρ
1299 3963 1438 4036 ἱερὸς
1481 3963 1778 4028 Ματθαῖος,

199 4055 285 4115 τὸ,
311 4054 529 4121 μόνος,
559 4057 670 4117 τοῖς
689 4055 867 4124 λόγοις
910 4055 1221 4122 συνάπτων,
1262 4056 1513 4127 οὐδαμῶς
1536 4055 1779 4125 ἐντίθησι

201 4147 291 4211 το,
321 4165 338 4196 ι
375 4146 514 4199 Οὐδὲ
546 4149 574 4199 6
597 4147 773 4210 Tléc'n
811 4146 896 4199 ἴνα
923 4147 996 4218 μὴ
1027 4147 1153 4220 δόξῃ
1167 4149 1255 4200 τὸν
1282 4149 1408 4203 Υἱὸν
1437 4152 1548 4212 τοῖς
1579 4138 1782 4220 αἱρετί-

201 4239 386 4303 ζουσιν
418 4241 518 4309 τῆς
544 4240 643 4306 μὲν
674 4241 947 4310 πατρικῆς
973 4242 1132 4313 δόξης
1180 4243 1428 4312 διαιρεῖν,
1470 4243 1550 4304 εἰς
1585 4242 1639 4295 δὲ
1685 4241 1783 4312 τὴν

201 4332 312 4384 τῶν
337 4332 590 4408 ἀγγέλων
615 4332 768 4399 τάξιν
793 4317 1156 4387 συνελαύνειν.
1193 4333 1252 4386 Ὀ
1284 4323 1338 4386 δὲ
1363 4333 1510 4395 θεῖος
1535 4334 1782 4404 Μάρκος,

205 4405 519 4491 προσταξας
548 4421 628 4486 τὸ,
660 4443 676 4473 ι
702 4423 878 4476 Οὐδὲδ
904 4424 1080 4489 Υἱὸς,›
1108 4423 1202 4478 καὶ
1229 4423 1402 4493 ἀρχὴν
1423 4421 1578 4475 τοῦτο
1604 4400 1785 4474 δευτέ-
1816 4400 1864 4457 D

211 4531 314 4583 ρας
340 4515 596 4586 περιόδου
637 4515 1025 4585 ποιησάμενος,
1051 4516 1366 4584 ἀφαιρεῖται
1389 4513 1448 4566 τὸ
1469 4514 1679 4582 μόνος,
1700 4513 1786 4566 ἵνα

212 4604 291 4672 μὴ
345 4605 504 4658 τοῦτο
547 4605 712 4658 πάλιν
769 4606 1002 4670 ἐνταῦθα
1037 4592 1466 4677 προσκείμενον,
1515 4604 1786 4674 ἅρπαγμα

199 4673 324 4756 ’τοῖς
346 4694 634 4748 δυσσεόἑσι
661 4696 885 4766 γένηται
913 4713 928 4730 ο
960 4697 1056 4749 καὶ
1079 4673 1178 4750 οὐκ
1193 4673 1334 4766 ἀρχὴ
1367 4673 1566 4764 μᾶλλον
1593 4695 1785 4763 ἑτέρας

214 4785 489 4854 περιόδου,
520 4785 686 4838 «Οὐδὲ
706 4787 735 4838 6
753 4785 880 4843 Υἱὸς
893 4806 912 4838 ι
942 4787 1202 4856 νομισθῇι
1217 4787 1316 4856 τῆς
1333 4783 1786 4856 προτεταγμένης

212 4878 270 4929 δὲ
302 4876 474 4947 πέρας
503 4879 599 4930 καὶ
624 4878 1070 4950 συναπαρτισμὸς
1100 4875 1494 4948 ρᾳδιουργηθῇ.
1545 4877 1655 4928 Καὶ
1677 4876 1787 4946 γὰρ

1875 3329 1983 3373 tem
2011 3311 2357 3389 compingere‘
2378 3319 2694 3389 angelorum
2720 3335 2733 3370 :
2758 3316 2974 3372 Marcus
2999 3316 3263 3383 adjiciens
3281 3313 3412 3368 illud
3443 3333 3455 3367 :

1879 3431 1902 3463 4
1937 3408 2123 3480 Neque
2146 3409 2335 3472 Filius,
2370 3429 2388 3461 ι
2419 3418 2473 3463 et
2504 3409 2830 3479 principium
2861 3409 3085 3464 alterius
3114 3406 3318 3476 periodi
3351 3417 3462 3460 sta-

1880 3512 2058 3566 tue-ns,
2090 3503 2233 3557 tollit
2264 3501 2430 3567 solus,
2462 3517 2529 3555 ne
2558 3502 2602 3555 si
2636 3500 2956 3565 accesserit,
2995 3500 3064 3554 ab
3098 3498 3281 3568 impiis
3325 3498 3464 3550 arri-

1882 3604 2100 3664 peretur
2128 3611 2141 3648 :
2173 3601 2228 3647 et
2266 3608 2370 3647 non
2419 3590 2750 3661 principium
2792 3590 3018 3646 alterius
3051 3588 3260 3658 periodi
3294 3596 3462 3653 esset,

1886 3706 1904 3736 ι
1943 3683 2130 3754 Neque
2154 3683 2373 3746 Filius,»
2403 3682 2497 3737 sed
2525 3681 2882 3762 praecedentis
2904 3671 3149 3735 clausula
3173 3694 3238 3733 ac
3276 3678 3464 3732 terrui-

1883 3793 1987 3832 nus
2012 3777 2223 3841 inanis;
2261 3775 2333 3829 ibi
2365 3773 2512 3829 enim
2545 3772 2770 3828 scientia
2807 3780 3028 3842 paterna
3054 3771 3191 3824 Filio
3216 3785 3456 3823 comnm-

1883 3871 2098 3925 nicatur
2156 3877 2570 3932 consummate,
2596 3882 2692 3937 per
2729 3866 3124 3936 improbitatem
3159 3863 3463 3930 ignorantia

1883 3961 2208 4029 suscipitur,
2247 3970 2303 4014 ct
2332 3957 2534 4027 gradus
2565 3955 2878 4026 assignatur
2912 3955 3230 4024 angelorum
3281 3967 3465 4005 servo-

1883 4067 2137 4121 rumque,
2172 4051 2276 4105 hoc
2336 4041 2607 4103 cOnantur
2655 4048 2748 4117 qui
2796 4045 2904 4102 Deo
2946 4046 3147 4101 bellum
3197 4045 3462 4105 indicunt,

1885 4122 2124 4196 Domino
2167 4148 2222 4195 et
2260 4137 2506 4195 Creatori
2551 4138 2828 4208 attingere.
2856 4135 3104 4201 Quorum
3136 4134 3466 4203 impietatem

1885 4241 2176 4304 amputans
2227 4231 2581 4302 evangelista,
2633 4238 2954 4300 praetextum
3005 4225 3074 4280 ab
3124 4224 3264 4287 illis,
3302 4221 3467 4280 solus.

1887 4325 2204 4398 praescindit
2250 4334 2303 4379 et
2352 4323 2623 4394 praetollit.
2677 4321 2854 4390 Atque
2908 4319 2981 4372 ita
3031 4331 3129 4386 per
3177 4325 3470 4380 utrumque

1891 4420 2171 4483 divinum,
2215 4429 2271 4472 et
2316 4431 2535 4472 sacrum
2597 4413 2954 4482 Scriptorem,
2983 4423 3110 4463 cum
3147 4420 3243 4459 ora
3283 4405 3470 4457 videas

1885 4511 2321 4567 'hasretisantinm
2347 4509 2623 4572 obturata,
2654 4513 2708 4559 et
2737 4518 2861 4560 cum
2894 4499 3235 4556 abundanter
3268 4494 3472 4549 habeas

1891 4604 2180 4660 dubiorum
2227 4617 2258 4656 a
2290 4612 2340 4656 te
2370 4599 2780 4670 propositorum
2815 4592 3142 4657 solutiones,
3177 4586 3472 4658 impietatis

1891 4693 2338 4750 communionem
2384 4689 2731 4745 constantius
2773 4684 3023 4766 evitabisl,
3057 4690 3112 4737 et
3162 4680 3382 4751 pietatis
3425 4687 3475 4728 te

1896 4786 2070 4852 magis
2103 4783 2369 4839 fervidum
2415 4792 2747 4844 amatorem,
2808 4788 2864 4832 et
2923 4775 3266 4831 defensorem
3338 4782 3475 4839 pne-

1896 4873 2087 4928 stabis.

219 4976 441 5038 ὲκείνως
470 4985 494 5014 ο
526 4974 626 5044 μὲν
663 4975 696 5044 ὴ
727 4973 967 5044 πατρικὴ
997 4967 1212 5042 γνῶσις
1257 4973 1336 5044 τῷ
1402 4972 1516 5042 Υἱῷ
1573 4970 1728 5042 κοινὴ
1791 4969 2085 5022 καθίστατο
2134 4967 2231 5021 καὶ
2291 4965 2622 5035 αὐτοτελής·
2664 4962 2751 5016 διὰ
2804 4961 2862 5014 δὲ
2911 4959 3010 5030 τῆς
3055 4955 3410 5026 κακουργίας,
3444 4953 3478 5019 ἡ

220 5070 407 5136 ἄγνοια
461 5070 700 5140 δέχεται,
755 5070 851 5122 καὶ
891 5071 918 5122 6
973 5068 1083 5122 τῶν
1133 5068 1381 5136 ἀγγέλων
1437 5068 1534 5121 καὶ
1573 5065 1775 5120 δούλων
1830 5063 2057 5133 βλομὸς,
2084 5063 2222 5133 ὅπερ
2242 5063 2360 5114 ἐστὶ
2397 5061 2504 5114 τῶν
2522 5056 2938 5129 θεομαχούντων
2989 5051 3332 5118 σπούδασμα,
3385 5045 3476 5144 τὴν

225 5168 496 5238 Δεσπότην
515 5138 608 5224 καὶ
629 5165 994 5238 Δημιουργόν.
1014 5158 1113 5218 Ὧν
1129 5164 1506 5236 τὸκακοῦργον
1524 5165 1801 5234 ἐκτέμνων
1839 5164 1866 5214 6
1897 5139 2310 5230 εὐαγγελιστὴς,
2372 5158 2471 5228 τὴν
2513 5156 2607 5209 τοῦ
2650 5154 2839 5224 μόνος
2877 5149 3151 5230 πρόφασιν
3185 5138 3476 5238 προδιοῗξό·

226 5279 349 5318 πτει
381 5233 476 5320 καί
509 5233 856 5335 προανδίιρεῖξ
892 5233 1097 5326 Οὕτως
1125 5256 1218 5316 οὖν
1266 5262 1332 5315 δι’
1365 5233 1628 5333 ἐκατέρου
1644 5233 1663 5234 Π
1682 5260 1790 5312 τῶν
1829 5257 2127 5311 θεσπεσίων
2153 5255 2250 5322 καὶ
2278 5253 2570 5325 ίερολόγων
2597 5249 2827 5320 ἀνδρῶν,
2894 5244 2965 5302 τὰ
3023 5241 3134 5314 τῶν
3175 5233 3477 5312 ριὶρετιζόν-

227 5378 334 5414 των
372 5362 512 5432 δρῶν
566 5361 991 5429 ἐμφραττόμενα
1022 5347 1287 5428 στόματα,
1329 5359 1420 5410 καί
1474 5357 1572 5421 τὰς
1623 5357 1805 5416 λύσεις
1844 5348 1918 5406 ὧν
1980 5353 2226 5422 ἠπόρεις,
2262 5353 2327 5404 δι’

319 5485 356 5513 ⁸⁵
383 5483 540 5537 Joan.
566 5500 622 5545 γ,
658 5484 747 5535 “ll.
826 5482 871 5512 ⁸⁵
900 5478 1056 5535 Joan.
1100 5495 1210 5542 xlv,
1245 5479 1298 5532 6.

1466 5616 1504 5667 Υ
1516 5619 1550 5669 .\
1563 5615 1702 5670 ΙὶΙίΕ

319 5717 396 5756 ινδ
422 5718 480 5772 C.
514 5717 584 5774 Μ.
621 5716 1104 5789 προσανατεοῄσει.

2402 5351 2578 5403 αὐτῶν
2627 5348 2852 5401 ἐκείνων
2897 5334 3494 5409 κατσιπλουτιζόμενος,⁵

1764 5612 2168 5668 LECTIONES.

1207 5717 1302 5771 CG.
1335 5714 1400 5769 Μ.
1443 5715 1564 5769 κᾶν.
1643 5710 1743 5767 δυ.
1772 5711 1839 5766 Μ.
1873 5711 2090 5778 συνάγει
2119 5709 2249 5763 οὐδ’.

2329 5719 2349 5746 ε
2381 5707 2444 5763 C.
2473 5705 2542 5761 M.
2589 5715 2734 5760 recte
2767 5704 3002 5765 ἐκεῖνος,
