3846 6188
446 305 551 370 683

1620 308 1876 368 PlIOTll
1908 307 2410 369 PATRIARCHKE
2428 311 2526 378 CH
3563 320 3648 384 684

439 420 540 489 τήν
566 435 625 471 τε
661 418 761 485 τῆς
784 418 1102 483 δυσσεδείας
1127 420 1205 482 είς
1230 419 1292 473 τὸ
1346 418 1709 491 βεὸαιώτερον
1747 419 2017 489 έκτρέπου
2062 418 2353 473 κακόνοιαν
2411 420 2470 489 ΐ,
2520 424 2612 478 καὶ
2659 424 2755 498 τῆς
2811 427 3094 493 εὖσεόείας
3155 428 3465 502 θερμότερον
3513 434 3650 489 αὐτὸν

441 511 678 580 ἐραστὴν
702 512 796 564 καὶ
824 512 1145 600 ὑπέρμαχον
1173 511 1537 569 ὲπιδείκνυσο.

545 624 871 692 ΟυΑΞΞΤΙΟ
903 628 1066 684 CXV.
1122 630 1311 704 [CoisL
1366 632 1530 687 Taur.
1574 629 1909 704 CXXXVII.]

866 714 941 769 De
969 718 1233 787 sapientia
1266 717 1589 773 Salomonis.

2042 616 2092 674 Α

2649 632 2987 689 ΕΡΩΤΗΣΙΣ
3033 634 3181 690 PlE'.

2404 728 2545 797 Περὶ
2577 726 2684 794 τῆς
2734 726 3123 799 Σολομῶντος
3172 728 3408 797 σοφίας.

563 827 705 881 Edita
728 845 755 880 a
787 830 1085 883 Montacutio
1108 833 1212 897 (ep.
1236 835 1344 895 2H,
1365 835 1431 884 ad
1465 834 1769 898 Theopltan.,
1801 849 1853 898 p.
1880 835 1966 884 561
1994 837 2125 900 seq.)
2152 838 2538 904 Explanationes
2560 847 2608 894 in
2632 845 2697 895 lll
2716 846 2929 908 Regum,
2949 859 3016 906 ιν,
3038 845 3119 906 51,
3141 851 3195 894 et
3225 846 3244 895 Ι
3267 846 3386 908 Reg.
3418 860 3483 906 ιι,
3511 848 3577 898 24.

512 935 653 1003 Quid
684 938 741 991 tu
771 952 986 1006 passus,
1038 954 1145 1009 qua
1202 941 1532 1011 cogitatione
1587 951 1767 998 motus
1798 952 1877 1009 tu,
1936 943 2023 997 vir

444 1025 559 1093 Dei,
605 1038 731 1098 post
772 1038 881 1082 tam
912 1031 1135 1101 longum
1197 1041 1412 1103 tempus
1441 1043 1495 1087 et
1535 1035 1707 1089 nostri
1747 1045 1854 1089 tam
1888 1049 2018 1104 pro-

443 1117 664 1173 fundam
700 1120 1051 1185 oblivionem,
1100 1131 1226 1191 post
1276 1125 1605 1180 amnestiam
1665 1129 2017 1194 horrendam,

444 1225 541 1264 nec
593 1209 748 1264 facile
805 1213 1361 1280 commemorandam,
1397 1217 1466 1269 ab
1488 1216 1618 1270 olim
1658 1217 1789 1270 mihi
1826 1219 2020 1273 amicis

447 1304 745 1371 profectam
771 1344 787 1369 ,
824 1314 946 1373 post
972 1305 1117 1359 mala
1172 1313 1250 1360 tot
1278 1307 1551 1361 exantlata
1608 1317 1815 1362 tantum
1848 1309 2017 1364 silen-

441 1396 598 1462 tium,
651 1396 793 1449 haud
837 1396 1067 1451 dixerim
1120 1412 1220 1468 ego
1269 1399 1466 1468 aequali
1515 1409 1635 1452 mea
1689 1399 2019 1456 condemna-

440 1480 617 1549 tione,‘
644 1501 706 1541 ea
724 1502 1029 1557 proponere
1063 1490 1159 1544 tibi
1181 1490 1351 1545 visum
1382 1490 1564 1555 fuerit,
1582 1508 1704 1563 qua:
1731 1492 2011 1547 curiosius

437 1576 506 1631 ah
562 1578 629 1632 iis
693 1579 898 1648 inquiri
963 1581 1161 1644 solent,
1220 1581 1315 1651 qui
1361 1581 1604 1651 jucunde
1638 1585 1803 1638 vitam
1852 1584 2015 1638 istam

439 1670 783 1740 transigunt,
838 1681 891 1726 et
921 1674 1234 1728 accusatius
1269 1656 1730 1742 philosophantur
1766 1694 1778 1730 :
1807 1685 1861 1730 at
1889 1691 2009 1741 nos,

436 1778 670 1832 quorum
698 1763 809 1833 jam
837 1764 964 1819 olim
990 1764 1100 1818 vita
1134 1766 1290 1821 malis
1316 1768 1604 1832 etnarcuit,
1636 1769 1753 1839 qui
1782 1769 2013 1838 plurima

435 1869 502 1909 ex
540 1865 694 1923 parte
732 1857 933 1910 mortui
987 1873 1179 1912 sumus
1213 1876 1227 1912 :
1274 1860 1369 1929 qui
1402 1876 1566 1927 nunc,
1610 1869 1670 1916 ut
1716 1862 2011 1916 obscurum

436 1946 710 2014 quoddam
745 1948 1134 2015 simulacrum,
1186 1957 1244 2005 et.
1265 1952 1354 2006 vix
1392 1954 1824 2023 agnoscendum,
1861 1965 2005 2010 vete-

436 2038 514 2092 ris
542 2039 691 2093 illius
720 2050 922 2096 nostrae
948 2043 1328 2109 institutionis,
1378 2055 1433 2099 et
1466 2043 1709 2099 discendi
1742 2045 2014 2115 cupiditao

437 2128 530 2194 tis,
593 2128 648 2183 in
707 2130 810 2185 hac
870 2146 1035 2187 carne
1086 2133 1294 2188 misella
1367 2140 1419 2205 (ο
1476 2150 1762 2204 quousque
1794 2136 2021 2191 vivendi

434 2218 708 2274 desiderio
737 2221 1006 2279 teneberis
1034 2225 1077 2292 l)
1103 2225 1565 2294 circumagimur:
1602 2242 1767 2280 unum
1803 2240 1906 2290 εει,
1939 2227 2009 2281 de
2045 2210 2083 2263 Β

435 2324 544 2379 quo
582 2310 1056 2381 philosophemur,
1111 2330 1282 2382 mors,
1328 2324 1383 2370 et
1414 2317 1689 2387 angimur,
1746 2319 1890 2386 quod
1929 2321 2011 2372 sic

437 2402 635 2465 tardet,
666 2417 767 2459 nec
797 2419 899 2460 nos
935 2406 1096 2461 citius
1126 2406 1193 2461 de
1223 2406 1346 2463 istis
1381 2407 1619 2463 miseriis
1648 2410 1856 2475 educit,
1891 2412 2014 2480 qui-

436 2492 539 2551 bus
565 2494 809 2563 quotidie
840 2511 940 2550 nos
971 2497 1296 2566 premimur,
1324 2497 1452 2552 dum
1482 2498 1619 2551 nihil
1647 2514 1704 2554 se
1730 2503 2014 2555 remittunt

437 2596 843 2655 persequentes.
893 2586 1051 2654 Quod
1083 2589 1128 2644 si
1159 2590 1361 2659 cupitis
1416 2590 1493 2659 (et
1523 2572 1640 2658 eur,
1677 2608 1884 2662 quaeso,
1916 2609 2013 2647 cu-

436 2676 615 2743 pictis,
647 2678 741 2748 qui
773 2694 987 2735 summa
1018 2679 1263 2735 fruimini
1296 2681 1577 2750 felicitate,
1626 2700 1863 2753 quorum
1900 2685 2006 2738 lin-

433 2785 551 2839 guae
584 2770 820 2826 libenter
861 2773 1143 2828 rhetorum
1193 2790 1382 2844 greges
1410 2774 1804 2847 famulantur?)
1837 2778 1904 2830 de
1929 2786 2017 2830 tu-

435 2864 583 2926 mulo
642 2878 830 2918 vocem
884 2865 1105 2928 audire,
1156 2866 1411 2936 loquetur
1454 2875 1601 2921 certe
1654 2868 2007 2921 simulacrum

433 2954 562 3017 mei,
621 2954 696 3008 ita
750 2956 896 3010 enim
952 2957 1126 3027 magis
1171 2971 1471 3028 congruum
1520 2961 1770 3028 praesenti
1818 2960 2007 3014 statui.

433 3031 707 3105 Fortassis
763 3045 980 3101 silentio
1012 3047 1307 3102 insidiatur
1360 3050 1651 3120 scriptum.
1700 3061 1754 3105 et
1783 3051 2010 3108 alterius

431 3136 709 3204 tragoediae
749 3138 947 3205 quaerit
987 3138 1352 3193 occasionem.
1405 3138 1460 3194 Si
1492 3157 1591 3210 per
1641 3142 1870 3197 insidias
1893 3159 2011 3198 ser-

433 3239 622 3281 tuones
654 3224 926 3291 feruntur,
954 3226 1276 3295 jamdudum
1306 3240 1411 3295 est,
1443 3247 1567 3285 eum
1595 3233 1801 3301 eitperti
1835 3234 2009 3288 simus

433 3313 748 3370 istiusmodi
798 3317 1126 3373 insessores.
1164 3318 1456 3386 Quocirca,
1514 3323 1765 3393 loquetur
1802 3324 2007 3392 potius,

433 3419 597 3473 quam
631 3406 844 3473 silebit;
875 3416 929 3461 at
959 3409 1212 3478 loquetur
1236 3413 1596 3480 breviuscnle,
1624 3428 1678 3469 et
1709 3416 2006 3480 humiliter,

434 3505 494 3553 ut
520 3511 623 3567 par
648 3510 732 3552 est
765 3498 912 3555 illum
947 3502 1279 3570 respondere
1316 3505 1584 3575 quaesitis,
1638 3508 1733 3576 qui
1779 3507 1833 3559 in
1882 3523 2003 3562 mea

434 3587 789 3644 constituitur
824 3592 1160 3648 conditione.

504 3681 686 3737 Unum
731 3698 761 3736 e
808 3685 991 3741 dubiis
1040 3687 1170 3742 illud
1217 3696 1345 3743 est:
1388 3708 1405 3740 ι
1448 3689 1723 3760 Sapientia
1755 3692 2010 3746 execlluit

429 3767 687 3824 Salomon
752 3785 943 3828 omnes
1002 3770 1252 3830 homines
1298 3793 1313 3840 ;
1391 3783 1511 3830 erat
1564 3792 1724 3845 super
1776 3778 2006 3833 Getham

432 3856 785 3921 lsraelitam,»
816 3870 922 3913 etc.
950 3859 1274 3930 Respondeo
1293 3863 1347 3915 in
1375 3863 1588 3932 primis,
1620 3879 1707 3919 me
1733 3880 2007 3934 nusquam

430 3947 698 4016 reperisse
730 3950 995 4019 scriptum
1031 3949 1360 4017 Israelitam,
1411 3954 1558 4024 quod
1603 3971 1631 4008 a
1674 3965 1725 4010 te
1766 3957 2006 4026 positum

426 4046 545 4102 est;
598 4039 700 4094 nisi
737 4041 883 4095 .mihi
940 4045 1259 4098 memoriam
1309 4046 1693 4102 tribulationes
1742 4063 2003 4104 excusse-

430 4127 541 4180 rint
583 4146 598 4182 :
651 4130 743 4183 sed
791 4145 885 4196 pro
923 4130 1198 4198 Israelita,
1237 4133 1517 4189 Zoraitam
1558 4137 1659 4206 legi
1696 4157 1710 4192 :
1750 4137 2009 4195 Israelita:

429 4228 586 4274 erant
610 4222 758 4276 natio
781 4222 1030 4287 Iudaica,
1060 4237 1113 4279 et
1144 4228 1505 4282 communiter
1525 4228 1596 4281 ita
1628 4230 2005 4287 vocabantur:

429 4319 487 4365 at
520 4313 834 4371 charactere
864 4319 1142 4373 communi
1171 4319 1433 4373 denotare
1464 4319 1703 4388 aliquem
1730 4362 1746 4384 ,
1783 4337 1909 4376 cum
1938 4322 2006 4377 ad

430 4400 582 4456 illum
613 4419 805 4460 omnes
834 4422 997 4463 suum
1029 4424 1200 4477 genus
1236 4408 1497 4475 referant,
1525 4409 1674 4477 juste
1707 4416 2005 4481 reprehen-

428 4494 595 4550 ditur.
618 4495 888 4562 Quocirca
906 4515 1003 4568 pro
1028 4499 1322 4564 [παρίησι.
1342 4502 1566 4556 omnino
1590 4504 2003 4560 rescribendum

428 4583 708 4649 Zaraites;
740 4588 944 4642 ίΕιΙιαη
964 4630 978 4654 ,
1028 4591 1081 4644 in
1113 4592 1439 4660 quibusdam
1470 4596 1871 4664 exemplaribus
1903 4597 2005 4651 Ge-

429 4675 555 4729 than
613 4678 814 4734 dicitur
858 4697 871 4733 :
937 4679 1188 4737 fortassis
1237 4683 1489 4739 eumdem
1543 4685 1823 4739 binomine
1872 4702 2007 4740 voce

427 4767 782 4834 exprimente.
870 4770 1026 4836 Quod
1097 4771 1263 4838 igitur
1332 4774 1589 4842 deinceps
1647 4776 1894 4842 sequitur
1952 4776 2005 4829 in

2198 947 2484 1018 Ἄνθρωπε
2527 949 2620 1003 τοῦ
2651 949 2822 1013 Θεοῦ,
2850 950 2902 1004 τί
2930 948 3150 1014 παθὼν,
3190 951 3244 1003 τί
3273 950 3329 1003 δὲ
3359 951 3623 1019 διανοηθεὶς
3635 973 3671 1002 ν.

2123 1039 2263 1108 μετά
2311 1040 2564 1094 τοσοῦτον
2617 1041 2806 1113 χρόνον
2852 1041 3083 1111 μακρὸν,
3118 1042 3256 1112 μετά
3317 1042 3480 1113 λήθην
3522 1044 3653 1114 ἡμῶν

2119 1131 2262 1184 οὕτω
2301 1131 2542 1201 βαθεῖαν,
2569 1133 2709 1202 μετὰ
2771 1133 3009 1204 φοϐερὰν
3039 1134 3133 1186 καὶ
3182 1134 3523 1210 ἀνιστόρητον
3567 1135 3653 1187 ὑπὸ

2118 1223 2228 1276 τῶν
2254 1241 2384 1277 ποτε
2415 1225 2712 1294 φιλούντων
2740 1225 3067 1295 ἀμνηστίαν,
3101 1225 3240 1296 μετὰ
3283 1225 3537 1279 τοσούτων
3556 1228 3651 1278 πεί-

2121 1331 2223 1385 ραν
2252 1315 2553 1386 δυσχερῶν,
2583 1315 2724 1385 μετά
2772 1316 3107 1387 τηλικαύτην
3158 1317 3224 1369 ἐκ
3272 1316 3553 1384 καταδίκης
3584 1315 3650 1386 (οὐ

2117 1405 2264 1474 λέγω
2283 1405 2462 1475 ποίας)
2511 1408 2693 1476 σιγὴν,
2720 1407 2903 1461 ἐκεῖνα
2952 1405 3258 1477 προτείνειν
3299 1405 3481 1474 ἔγνως,
3504 1406 3537 1460 ἀ
3559 1408 3650 1469 τοῖς

2117 1498 2509 1570 ὲνευημεροῢσι
2560 1498 2638 1567 τῷ
2700 1498 2933 1569 παρόντι
2995 1498 3096 1569 βίῳ
3151 1498 3248 1552 καὶ
3309 1496 3651 1566 φιλοσοφοῦσιν

2116 1590 2498 1661 ἀκμαιότερον,
2568 1590 3141 1660 πολυπραγμονεῖσθαι
3205 1589 3430 1653 εεωθενς
3490 1588 3651 1656 'Hps't;

2116 1682 2196 1746 δὲ,
2220 1681 2316 1734 καὶ
2366 1682 2535 1751 αὐτῆς
2583 1681 2742 1752 ἡμῶν
2790 1681 2892 1751 τῆς
2934 1681 3083 1749 ζωῆς
3116 1680 3287 1734 πάλαι
3334 1681 3443 1743 τοῖς
3492 1681 3652 1741 κακοῖς

2117 1769 2683 1840 έναπομαρανθείσης,
2723 1770 2784 1823 τὸ
2812 1769 2975 1823 πλέον
3025 1769 3369 1839 τεθνήκαμεν
3389 1786 3401 1798 ”
3437 1770 3524 1821 καὶ
3554 1769 3651 1834 νῦν,

2114 1858 2203 1916 οἷά
2241 1880 2325 1927 τις
2379 1861 2542 1916 είκὼν
2602 1863 2842 1933 ἀμυδρὰ,
2895 1863 2990 1917 καὶ
3029 1862 3225 1935 μικροῦ
3286 1862 3406 1933 μηδ’
3429 1864 3654 1931 ἐπιγινω-

2115 1938 2376 2026 σκομένη,
2420 1957 2517 2026 τῆς
2567 1955 2809 2018 παλαιᾶς
2850 1954 3067 2024 ἐκείνης
3124 1955 3350 2024 ἀγωγῆς
3402 1954 3491 2007 καὶ
3529 1952 3654 2020 φιλο-

2116 2047 2366 2117 μαθείας,
2401 2048 2480 2117 τῷ
2517 2046 2847 2118 ταλαιπώρῳ
2899 2047 3074 2118 τούτῳ
3133 2046 3347 2119 σαρκίῳ
3398 2039 3460 2113 (ᾧ
3521 2046 3655 2115 μέχρι

2114 2136 2258 2199 τίνος
2292 2136 2647 2206 φιλοζωήσεις
2669 2137 2709 2206 ;)
2733 2135 3216 2207 περιπλανώμεθα,
3264 2135 3323 2187 ἓν
3369 2134 3520 2202 μόνον
3541 2133 3653 2203 ἡμῖν

2112 2229 2502 2296 φιλοσοφεῖται,
2547 2230 2575 2281 ὁ
2628 2229 2876 2295 Θάνατος,
2921 2228 3173 2290 κάκεῖνος
3218 2223 3546 2297 παραλυπῶν
3588 2224 3655 2276 ὅτι

2113 2319 2404 2390 βραδύνει·
2432 2321 2528 2371 καὶ
2557 2320 2658 2372 οὐκ
2705 2318 2907 2386 ἀπάγει
2946 2320 3140 2372 θᾶττον
3163 2316 3277 2370 τῶν
3323 2316 3563 2386 θλίψεων,
3585 2308 3657 2375 αἷς

2110 2409 2475 2472 ἀδιαλείπτως
2526 2409 2626 2462 οὐκ
2667 2407 2977 2463 ἐνδιδόντων
3010 2409 3108 2479 τῆς
3134 2406 3524 2476 ἐπιτιθεμένων
3553 2422 3658 2457 συν-

2110 2498 2367 2569 εχόμεθα.
2404 2498 2552 2570 Πλὴν
2580 2500 2630 2551 εἰ
2665 2499 2858 2568 γέγονέ
2910 2500 3076 2552 ποθεν
3123 2500 3299 2567 φίλον,
3338 2497 3411 2560 ὡς
3445 2501 3537 2549 οὐκ
3576 2490 3658 2548 οἷδ’

2110 2589 2230 2643 ἀνθ’
2258 2591 2384 2643 ὅτου
2434 2586 2514 2653 οἷς
2548 2590 2785 2661 ἀκμάζει
2811 2590 2911 2659 μὲν
2942 2591 3011 2643 τὰ
3046 2590 3142 2660 τῆς
3184 2590 3545 2660 εὐδαιμονίας,
3574 2590 3656 2659 ῥη-

2109 2681 2283 2751 τόρων
2323 2681 2366 2733 δ’
2412 2681 2603 2749 ἀγέλαι
2652 2682 2934 2752 χαίρουσιν
2983 2681 3281 2752 ὑπηρετεῖν
3331 2683 3396 2751 τῇ
3448 2679 3657 2747 γλώττῃ,

2111 2773 2205 2827 καὶ
2237 2773 2336 2843 τῆς
2366 2775 2430 2826 ὲκ
2455 2774 2642 2844 τάφων
2679 2773 2863 2844 φωνῆς
2892 2771 3202 2826 ἐπακοῦσαι
3223 2789 3239 2805 ο
3266 2771 3548 2843 φθέγξεται
3577 2768 3657 2837 μὲν

2110 2865 2171 2917 τὸ
2203 2865 2335 2933 ἐμὸν
2373 2865 2590 2918 εἴδωλον
2621 2883 2635 2898 ·
2672 2863 2818 2918 οὕτω
2865 2862 2976 2934 γὰρ
3022 2864 3200 2916 εἰπεῖν
3261 2865 3377 2926 τοῖς
3424 2859 3660 2930 παροῦσιν

2109 2952 2463 3024 οἰκειότερον.
2514 2952 2669 3023 Τάχα
2717 2954 2825 3024 γὰρ
2873 2953 2967 3007 καὶ¹
3008 2953 3195 3024 γραφὴ
3253 2953 3354 3023 τὴν
3399 2952 3546 3019 σιγὴν
3593 2950 3659 3000 ὲν-

2110 3043 2342 3114 εδρεύει,
2369 3046 2464 3105 καὶ
2489 3045 2643 3114 ζητεῖ
2674 3044 2949 3115 πρόφασιν
2987 3045 3151 3114 ἄλλης
3172 3043 3502 3114 τραγῳδίας.
3528 3039 3583 3092 Εἰ
3608 3037 3658 3090 δὲ

2110 3135 2202 3186 καὶ
2231 3133 2363 3205 λοχᾷ
2392 3136 2516 3198 τοὺς
2555 3136 2772 3205 λόγους,
2811 3137 2981 3191 πάλαι
3027 3135 3135 3188 τῶν
3175 3134 3462 3206 λοχώντων
3488 3146 3656 3184 πεπειο

2114 3223 2346 3292 ράμεθα.
2376 3227 2452 3275 Δι’
2485 3225 2513 3277 ὃ
2542 3225 2831 3295 φθέγξεται
2859 3226 3076 3297 μᾶλλον,
3109 3224 3450 3295 ἢ-σιωπήσει
3477 3237 3492 3254 ⁶
3523 3219 3661 3289 φθέγ-

2110 3313 2255 3378 ξεται
2305 3315 2361 3367 δὲ
2406 3315 2613 3387 βραχέα
2653 3320 2748 3371 καλ⁸
2795 3317 3047 3383 ταπεινὰ,
3078 3316 3172 3370 καὶ
3226 3311 3320 3370 οἶα
3381 3311 3661 3379 subat-’0‘;

2108 3403 2249 3459 οὕτω
2280 3407 2664 3480 διακειμένοις,
2700 3409 3113 3483 ἀποκρίνεσθαι.

2186 3684 2282 3737 Ἓν
2309 3681 2404 3752 μὲν
2434 3673 2527 3732 οὖν
2552 3679 2634 3742 τὸ,
2661 3695 2680 3727 ι
2719 3676 3038 3744 Ἐσοφίσατο
3083 3672 3340 3745 Σολομῶν
3363 3673 3499 3743 ὑπὲρ
3547 3668 3664 3724 πᾶν·

2112 3791 2209 3838 τας
2245 3770 2591 3841 ἀνθρώπους,
2618 3767 2711 3820 καὶ
2746 3767 2886 3836 ὑπὲρ
2918 3764 3088 3818 Γεθὰν
3118 3764 3212 3817 τὸν
3266 3761 3610 3835 Ἰσραηλίτην,
3639 3777 3655 3808 ι

2111 3868 2204 3933 καὶ
2231 3864 2377 3933 ἑξῆς.
2414 3860 2638 3931 Πρῶτον
2679 3858 2777 3928 μὲν
2792 3857 2970 3910 ἐκεῖνό
2999 3872 3205 3926 φαμεν,
3230 3855 3308 3920 ὡς
3332 3855 3431 3907 οὐκ
3466 3854 3661 3919 Ἰσραη·

2109 3930 2289 4021 λιτηιν
2316 3930 2551 4021 εὖρομέν
2568 3966 2670 4001 που
2693 3946 3102 4018 γεγραμμένον,
3127 3947 3204 4009 ὡς
3262 3936 3420 3999 αὐτοὶ
3442 3945 3501 3997 τὸ
3526 3943 3658 4014 ῥῆμα

2110 4043 2416 4118 παρέθεσθε
2440 4059 2454 4074 ·
2493 4043 2542 4094 εί
2587 4042 2748 4111 μήπω
2772 4040 2865 4093 καὶ
2909 4039 3082 4108 αὐτὴν
3133 4038 3298 4107 ἡμῶν
3340 4038 3438 4108 τὴν
3465 4038 3660 4106 μνήμην

2112 4132 2536 4206 προσαφείλοντο
2555 4131 2612 4182 αἱ
2641 4128 2847 4197 θλίψεις
2891 4145 2904 4158 ·
2921 4126 3037 4180 ἀλλ’
3062 4128 3188 4180 ἀντὶ
3202 4126 3301 4180 τοῦ
3332 4127 3659 4195 Ἰραηλίτηγ,

2109 4227 2412 4296 Ζαραΐτην
2440 4224 2758 4292 ἀνέγνωμεν
2779 4237 2794 4253 ⁸
2839 4216 3173 4290 Ἰσραηλῖται
3198 4221 3303 4291 μὲν
3329 4221 3436 4292 γάρ
3459 4220 3518 4271 τὸ
3547 4217 3660 4270 Ἰου-

2108 4318 2274 4372 δαίων
2314 4315 2468 4370 ἆπαν
2495 4313 2682 4383 φῦλον,
2715 4314 2810 4366 καὶ
2837 4311 3022 4381 κοινὴν
3057 4311 3205 4363 ἕλκει
3254 4313 3359 4381 τὴν
3401 4308 3580 4378 κλῆσιν
3611 4304 3662 4356 τὸ

2108 4406 2279 4470 ἔθνος,
2339 4404 2609 4473 κοινότητι
2671 4401 2730 4454 δὲ
2772 4398 3203 4470 χαρακτηρίζειν
3258 4398 3433 4460 τινάς,
3483 4395 3559 4457 ἐἰς
3605 4392 3660 4463 ἦν

2109 4498 2356 4558 ἅπαντας
2407 4493 2768 4563 συναναφέρει
2809 4492 3093 4558 τὸγένος,
3148 4491 3251 4543 οὐκ
3303 4489 3418 4541 ἔστι
3470 4484 3659 4538 δικαίαν

2107 4588 2275 4659 λαϐὴν
2326 4589 2586 4655 ἐκφυγεῖν
2612 4603 2627 4616 ο
2656 4584 2794 4639 άλλά
2818 4584 2976 4637 τοῦτο
3011 4583 3108 4653 μὲν
3135 4581 3313 4653 ὀρθῶς
3336 4580 3402 4634 ἂν
3428 4581 3510 4649 εῐη
3534 4578 3655 4645 ἔχον,

2107 4681 2156 4732 εἰ
2178 4681 2297 4733 ἀντὶ
2323 4679 2415 4731 τοῦ
2472 4678 2871 4744 Ἰσραηλίτης,
2908 4675 3219 4742 lupatum,
3265 4667 3617 4741 μεταληφθείη
3642 4678 3659 4694 ⁸

2107 4771 2198 4823 τὸν
2228 4770 2284 4823 δὲ
2323 4770 2525 4833 Αὶθὰν,
2563 4768 2679 4821 ἔνια
2728 4765 2836 4819 τῶν
2881 4766 3235 4835 ἀντιγράφων
3278 4761 3500 4814 Γαιθίιν
3556 4756 3658 4806 ὀνο-

429 4855 548 4911 loco
592 4859 721 4924 isto,
771 4860 1033 4917 dividitur
1069 4863 1120 4915 in
1147 4864 1420 4932 duplicem
1452 4881 1657 4928 aream,
1692 4875 1745 4918 et
1782 4867 1995 4935 gemina

2116 4862 2295 4931 μάζει,
2346 4860 2600 4929 διωνύμῳ
2657 4858 2800 4927 τάχα
2841 4857 3053 4926 κλήσει,
3116 4854 3207 4907 τὸν
3270 4852 3433 4906 αὐτὸν
3482 4849 3658 4945 ὑποδη-

425 4950 863 5006 consideratione
890 4954 1153 5008 variatur.
1204 4952 1261 5006 Si
1294 4952 1515 5016 zEnam,
1570 4963 1624 5010 et
1650 4956 1911 5022 Chalcad,
1950 4965 2004 5010 et

426 5039 652 5094 Cardala
682 5043 963 5109 exhibeat,
989 5044 1263 5115 signiﬁcat
1294 5045 1546 5113 antiquos
1580 5048 1648 5101 ob
1677 5048 2001 5116 sapientiam

429 5130 559 5191 olim
600 5132 844 5193 celebres
901 5133 1286 5207 IEEthiorum
1331 5137 1618 5204 prophetas
1658 5149 1782 5191 ante
1815 5147 2003 5191 natum

426 5217 645 5290 Moysen
673 5238 689 5288 ;
738 5224 942 5293 posteri
972 5232 1130 5278 erant
1159 5222 1316 5287 Zara,
1367 5227 1461 5297 qui
1488 5224 1777 5285 Thamarts
1807 5243 1836 5281 e
1863 5227 2005 5282 Juda

428 5314 570 5369 tilius
600 5323 757 5381 erat,
814 5322 871 5369 et
918 5314 992 5369 illi
1026 5325 1220 5384 prmtcr
1250 5318 1589 5386 prophetiam
1646 5330 1700 5375 et
1726 5323 1888 5375 aliam
1919 5337 2009 5375 sa-

425 5398 709 5473 pientiam,
765 5402 980 5479 prmditi
1027 5389 1186 5463 erant
1244 5406 1478 5469 scicntia
1529 5412 1797 5489 pangendi
1850 5413 2006 5478 odas,

2111 4952 2325 5005 λοῦντα.
2373 4950 2446 5003 Τὸ
2492 4951 2675 5021 μέντοι
2733 4948 2857 5019 ἑξῆς
2913 4947 3005 4999 τοῦ
3082 4944 3284 5016 χωρίου
3343 4942 3435 4994 καὶ
3468 4940 3541 4999 εἰς
3582 4935 3659 4987 δύο

2113 5043 2358 5114 σχίζεται
2399 5042 2593 5111 ἐδάφη,
2631 5042 2724 5095 καὶ
2768 5039 2929 5110 διπλῇ
2961 5036 3298 5090 ποικίλλεται
3351 5031 3564 5101 θεωρίᾳ..
3605 5025 3660 5078 El

2114 5134 2213 5204 μὲν
2241 5133 2348 5201 γὰρ
2370 5124 2534 5186 Αἴναν
2563 5133 2656 5185 καὶ
2678 5131 2918 5195 Χάλκαδ,
2949 5129 3046 5183 καὶ
3082 5125 3362 5197 Κάρδαλα,
3398 5122 3456 5174 τὸ
3481 5120 3657 5187 ἔδαφος

2113 5226 2451 5280 ἀναπτύσσει
2476 5226 2738 5288 παλαιοὺς
2770 5224 2970 5293 ἄνδρας
2998 5221 3092 5274 ἐπὶ
3137 5218 3299 5287 σοφίᾳ
3351 5208 3661 5282 γεγεννημέο

2115 5334 2239 5379 νους
2274 5317 2582 5386 ὑποφαίνει,
2613 5317 2663 5369 οἳ
2713 5316 2854 5370 κατὰ
2893 5314 2992 5384 τὴν
3024 5312 3299 5380 Αἴγυπτον
3345 5303 3660 5376 προεφήτευο

2118 5426 2239 5476 σαν,
2291 5408 2444 5465 οὔπω
2480 5412 2723 5475 Μωσέως
2751 5413 2832 5474 εἰς
2889 5409 3064 5478 αὐγάς
3103 5405 3253 5494 ηλίου
3301 5397 3661 5472 προελθόντος·

1738 5589 1972 5650 YABIIE
2007 5590 2411 5651 LECTIONES.

502 5732 527 5784 ἢ
560 5734 644 5787 lc.
672 5738 979 5793 κοινωνίαν.
