3846 6188
188 301 284 363 685

1167 309 1258 370 AD
1293 295 1885 371 ANIP‘HILOCHIUM
1917 313 2264 383 QUzESTIO
2315 315 2480 377 CXV.

3317 319 3426 384 685

190 412 338 479 γονῆς
351 409 398 462 δ’
420 409 526 479 ἀρα
565 406 676 466 εἷεν
706 405 850 466 οὗτοι
881 412 974 466 τοῦ
1006 415 1175 484 Ζαρὰ,
1199 415 1257 478 ὃς
1307 419 1370 468 ἐκ
1399 417 1498 487 τῆς
1530 400 1733 488 Θάμαρ

1853 437 1951 492 quo
1997 438 2092 478 eos
2136 425 2406 481 naturalis
2439 425 2723 482 inclinatio
2752 428 3003 494 ducebat,
3056 429 3190 485 adeo
3218 439 3276 485 ut
3300 433 3423 500 qui-

188 500 388 567 ἐγένετο
438 502 463 541 ε
509 502 586 571 τῷ
651 504 852 576 ἰοὑδᾳ’
907 505 1034 574 ἐνῆν
1098 506 1154 557 δὲ
1218 507 1403 569 αὑτοῖς
1461 510 1611 578 μετὰ·
1649 510 1748 580 τῆς

189 591 536 660 προφητείας,
568 595 662 646 καὶ
693 595 794 664 τῆς
823 595 989 667 ἄλλης
1014 597 1225 666 σοφίας,
1257 601 1349 651 καὶ
1381 601 1509 670 περὶ
1533 602 1750 672 ποίησιν

188 682 381 752 ῲδῶνὴ
413 683 573 752 φύσις
601 684 841 756 λαχοῦσα
872 687 970 758 τὴν
1005 689 1318 759 εὐκληρίαν,
1350 691 1424 755 ὼς
1453 693 1546 745 καί
1593 711 1747 756 τινας

191 774 284 828 τῶν
304 774 534 844 ψαλμῶν
587 778 668 839 είς
704 778 766 830 τὸ
815 780 1041 833 ἐκείνων
1090 781 1258 849 ὄνομα
1297 783 1394 852 τὴν
1434 785 1748 855 ἐπιγραφήν

190 866 494 934 ἀναφέρειν.
515 868 654 935 Φησὶ
688 870 978 940 τοιγαροῦν
1002 873 1034 941 ή
1067 871 1182 925 θεία
1213 873 1424 945 Γραφὴ,
1445 875 1519 938 ὡς
1545 878 1604 930 οὺ
1649 877 1746 946 μό-

191 973 271 1010 νον
307 957 417 1010 τῶν
442 957 618 1012 ἄλλων
662 960 759 1013 ἀνθ
769 960 989 1028 ρώπων,
1009 961 1143 1014 ἀλλά
1163 964 1258 1016 καὶ
1274 964 1480 1016 τούτων
1500 965 1626 1018 Σολο
1635 967 1750 1036 μῶν

190 1048 395 1119 ἐκράτει
423 1052 488 1120 τῇ
515 1050 694 1121 σοφίᾳ.
738 1051 796 1104 Εἰ
829 1051 887 1104 δὲ
913 1055 1052 1106 κατά
1082 1053 1310 1122 θάτερον
1330 1055 1438 1108 τῶν
1466 1057 1750 1125 λογισμῶν

189 1132 312 1199 εἶδος
363 1139 782 1208 ἀποκρύψασθαι
841 1141 940 1210 μὲν
991 1143 1200 1210 λέγοιτο
1238 1144 1493 1214 Σολομῶν
1533 1147 1747 1217 ἀνθρώ-

191 1242 314 1288 πους
360 1228 588 1294 πάντας,
629 1230 951 1298 σοφίσασθαι
989 1232 1046 1284 δὲ
1086 1233 1181 1286 καὶ
1225 1233 1367 1303 ὑπὲρ
1408 1235 1600 1300 Αίθάν,
1655 1235 1750 1286 καὶ

192 1317 319 1387 ὑπὲρ
363 1319 548 1388 Αἱμάν
579 1337 592 1350 ·
644 1322 822 1375 ἐκεῖνο
867 1325 1140 1394 προσῆκεν
1197 1321 1415 1390 εἰδέναι,
1459 1327 1533 1389 ὡς
1580 1325 1751 1379 Αίθάν

190 1427 241 1462 τε
274 1411 366 1463 καὶ
399 1412 580 1480 Αίμάν
629 1414 730 1466 οὑκ
759 1416 818 1466 ἐν
851 1416 1062 1486 μνήμῃ,
1094 1416 1346 1487 καθάπερ
1378 1419 1429 1470 οἱ
1462 1418 1590 1488 περὶ
1609 1417 1750 1470 Χαλ-

192 1499 299 1565 κάδ,
325 1501 648 1556 κατέλειπον
695 1505 796 1575 τὴν
827 1505 1004 1558 αὑτῶν
1060 1508 1371 1578 σωζομένην
1407 1507 1564 1573 δόξαν
1585 1524 1598 1539 °
1633 1507 1746 1560 ἀλλ’

191 1590 284 1644 ὑπὸ
303 1592 426 1654 τοὺς
451 1592 651 1655 αὑτοὺς
677 1595 919 1666 χρόνους,
948 1598 1006 1649 ἐν
1024 1593 1107 1660 ὀἷς
1129 1599 1223 1652 καὶ
1257 1599 1507 1668 Σολομῶν
1528 1601 1619 1652 ἐπὶ
1655 1617 1750 1653 σο-

197 1681 377 1752 φίαι-ί
403 1682 614 1746 πάντας
635 1687 974 1754 κατέπληττε
999 1687 1256 1756 θαύματι,
1288 1689 1381 1742 καὶ
1400 1690 1574 1754 αὐτοὶ,
1595 1690 1752 1743 τοῦτο

1849 511 1971 566 dam
2003 515 2197 583 psalmi
2227 531 2417 570 eorum
2455 515 2522 570 de
2553 519 2867 573 nominibus
2906 521 3298 576 inscribantur.
3331 522 3422 576 Ait

1847 619 1976 672 ergo
2037 605 2222 660 divina
2276 605 2577 676 Scriptura,
2635 609 2779 676 quod
2827 611 3113 678 przestabat
3162 611 3424 666 Salomon

1849 707 1956 746 non
1990 695 2153 748 modo
2179 697 2392 750 caeteris
2427 697 2764 759 hominibus,
2800 699 2891 753 sed
2922 708 2974 753 et
3006 701 3146 754 istis.
3191 700 3248 756 Si
3277 703 3425 756 dica-

1849 789 1938 837 tur
1972 783 2230 838 Salomon
2283 786 2586 840 secundum
2618 789 2883 843 utramvis
2923 789 3155 858 speciem
3193 793 3424 846 rationis

1849 890 2137 946 superasse
2181 891 2375 932 omnes
2421 878 2726 948 sapientia,
2778 880 2941 934 etiam
2994 891 3050 936 et
3095 881 3298 938 IEthan
3371 890 3424 940 et

1848 965 2046 1020 [Eman
2081 976 2508 1036 praetergressus
2537 987 2552 1034 ;
2591 970 2875 1025 sciendum
2907 979 3010 1035 est,
3040 973 3184 1041 quod
3220 960 3422 1030 Aitban

1847 1060 1901 1104 et
1927 1050 2122 1104 [Eman
2162 1067 2270 1107 non
2312 1066 2812 1110 commemorantur
2841 1067 2899 1111 ut
2928 1056 3168 1112 Chalcad
3205 1060 3424 1128 Opinio-

1851 1155 1974 1194 nem
2024 1141 2091 1195 de
2147 1155 2208 1196 se
2264 1150 2372 1196 tam
2429 1144 2698 1199 celebrem
2751 1146 3075 1215 reliquisse;
3110 1147 3203 1201 sed
3233 1148 3423 1201 eadem

1849 1238 2004 1285 aetate
2030 1246 2136 1301 qua
2169 1230 2429 1286 Salomon
2485 1234 2794 1290 admirabili
2845 1237 3109 1305 sapientia
3145 1237 3429 1306 praecessit

1849 1337 2060 1390 omnes,
2105 1333 2157 1379 et
2185 1324 2288 1394 ipsi
2318 1325 2416 1391 illi,
2451 1327 2646 1395 partim
2678 1338 2885 1382 naturae
2915 1327 3198 1395 beneficio,
3223 1329 3420 1399 partim

1851 1411 2134 1480 sapientize
2191 1413 2398 1468 divitiis
2448 1415 2589 1468 ultra
2653 1431 2846 1471 omnes
2914 1432 3250 1486 congeneres
3295 1417 3425 1472 elati

1850 1501 2236 1556 cernebantur.
2266 1502 2383 1568 Qua
2412 1514 2592 1558 autem
2626 1504 2731 1558 alia
2763 1505 2819 1558 in
2848 1520 2926 1570 re,
2982 1505 3086 1560 nisi
3122 1505 3243 1570 hac,
3275 1505 3422 1573 quod

1853 1593 2075 1663 gloriosi
2106 1610 2135 1649 a
2161 1610 2287 1664 rege
2316 1597 2599 1651 constituti
2629 1597 2683 1650 in
2719 1597 2976 1652 secundis
3001 1597 3333 1661 ferebantur.
3362 1609 3419 1653 et

1855 1687 2096 1755 undique
2153 1701 2262 1741 non
2329 1689 2578 1757 aequandi
2629 1689 3068 1758 praedicabantur
3121 1706 3136 1742 ε
3198 1689 3424 1757 psalmis

195 1774 283 1843 μὲν
318 1775 540 1844 μεγέθει
571 1776 808 1844 φύσεως,
842 1779 1000 1832 τοῦτο
1042 1780 1099 1834 δὲ
1135 1782 1324 1848 σοφίας
1355 1781 1592 1851 πλούτῳ,
1635 1782 1744 1834 τῶν

1853 1778 2206 1835 concinendis
2235 1780 2425 1849 periti,
2477 1795 2640 1850 quam
2669 1780 2738 1833 ob
2765 1795 2986 1834 causam
3023 1789 3178 1834 erant
3201 1780 3418 1834 cunctis

187 1865 455 1932 ὁμογενῶν
478 1867 734 1920 ἀπάντων
748 1869 1104 1941 ὑπερέχοντες
1125 1871 1366 1940 ὠρῶντο.
1396 1873 1506 1925 Καὶ
1521 1872 1572 1924 τί
1597 1872 1744 1933 ἀλλο.

190 1953 341 2024 ῆτὴν
366 1955 527 2021 δόξαν
574 1957 643 2010 δι’
674 1953 749 2011 ὧν
793 1958 986 2030 ἔφερον
1033 1961 1100 2014 τὰ
1135 1961 1365 2030 δεύτερα
1417 1961 1493 2032 τῷ
1540 1962 1750 2032 βασιλεῖ

189 2046 646 2116 περιφανεστέραν
695 2049 1069 2118 ἀνεκήρυττόν
1100 2067 1180 2116 τε,
1227 2053 1322 2104 καὶ
1370 2054 1482 2114 τοῖς
1548 2054 1748 2123 πέρασι

190 2138 458 2205 περιηχεῖν
513 2137 715 2208 κράτος
757 2135 896 2210 ἦσαν
944 2141 1158 2211 ἄμαχον
1209 2143 1696 2214 ἐμπεριειληφότες
1732 2159 1744 2174 ·

188 2223 457 2296 ψαλμῳδοὶ
478 2228 535 2280 δὲ
557 2231 690 2299 πρὸς
716 2229 796 2294 οἷς
819 2233 1206 2302 ἐθαυμάζοντο,
1237 2237 1348 2298 τοῖς
1377 2236 1558 2299 ἄλλοις
1587 2239 1750 2309 ἐχρη-

194 2316 404 2384 μάτιζον
441 2321 536 2372 καὶ
568 2316 711 2375 οὗτοι
740 2323 828 2377 διά
855 2325 1084 2395 κινύρας
1123 2326 1217 2378 καὶ
1252 2326 1451 2388 νάϐλας
1480 2328 1573 2380 καὶ
1603 2345 1746 2396 κυμ-

188 2405 354 2462 ϐάλων
375 2409 445 2463 τά
473 2411 566 2463 τοῦ
584 2413 716 2466 Θεοῦ
734 2414 1009 2484 θαυμάσια
1042 2415 1401 2487 μελῳδοῦντες
1420 2435 1433 2482 ;
1455 2416 1565 2470 Ἦν
1593 2418 1648 2470 δὲ
1668 2418 1746 2487 τῷ

195 2497 314 2565 μὲν·
342 2502 514 2554 Αίθάν
574 2505 861 2574 πρόγονος,
927 2505 1081 2578 οἶμαι
1112 2549 1127 2574 ,
1187 2511 1216 2562 ὁ
1260 2510 1476 2581 Μεραρί
1502 2527 1516 2542 ο
1574 2509 1631 2574 ὃς
1669 2511 1748 2573 είς

1855 1869 2202 1924 admirationi
2237 1887 2252 1923 :
2282 1885 2406 1924 cum
2441 1870 2541 1939 ipsi
2572 1869 2813 1940 cynaris,
2873 1869 3068 1924 nabliis
3091 1912 3104 1934 ,
3162 1870 3425 1940 cymbalis

1857 1959 2128 2014 mirabilia
2180 1959 2274 2015 Dei
2322 1961 2694 2016 decantarent.
2764 1959 2894 2013 Erat
2923 1970 3126 2022 autem,
3159 1961 3422 2027 arbitror,

1856 2049 2054 2104 Merari
2115 2050 2370 2106 {Ethanis
2431 2052 2768 2121 progenitor,
2828 2050 2922 2120 qui
2975 2050 3136 2104 tertio
3187 2049 3425 2104 ﬁliorum

1855 2141 1984 2196 Levi
2013 2142 2206 2196 ordine
2239 2142 2566 2198 censebatur
2604 2161 2617 2196 :
2680 2141 2879 2196 Aﬂman
2915 2142 3058 2196 filius
3086 2140 3254 2196 Joelis
3285 2149 3424 2204 erat,

1854 2250 2024 2304 nepos
2082 2236 2359 2305 propheta!
2403 2234 2708 2300 Samuelis;
2763 2241 2944 2304 quem"
2985 2249 3143 2291 sacra
3203 2233 3426 2286 oracula

1852 2325 2100 2394 stirpitus
2131 2323 2269 2378 Core
2297 2324 2599 2394 assignant,
2627 2323 2823 2378 exinde
2860 2339 2958 2392 per
2991 2323 3265 2378 carnalem
3299 2335 3426 2390 pro-

1854 2417 2063 2487 geniem
2119 2415 2481 2471 descendebat
2548 2414 2767 2470 Eman.
2823 2414 2944 2470 HLBC
3008 2416 3073 2470 ad
3130 2415 3422 2485 quaesitum

1858 2519 2011 2564 tuum
2046 2509 2306 2579 primum.

191 2592 474 2665 ἀρίθμησιν
527 2597 634 2649 τῶν
671 2599 876 2653 παίδων
928 2601 1022 2654 τοῦ
1064 2602 1195 2655 Λευῒ
1244 2605 1432 2674 τρίτην
1479 2605 1784 2675 ἀνεπλήρου
1824 2603 1998 2670 τάξιν.
2059 2605 2118 2658 Ὀ
2167 2603 2224 2656 δὲ
2269 2604 2449 2674 Αίμάν
2483 2605 2608 2666 παῖς
2642 2602 2738 2672 μὲν
2799 2597 2867 2672 ἦν
2928 2599 3103 2670 Ἰωήλ,
3167 2596 3345 2660 ὑϊδοῦς
3368 2597 3426 2649 δέ

193 2683 276 2737 τοῦ
312 2690 589 2760 προφήτου
621 2691 905 2761 Σαμουήλ·
941 2693 998 2745 ὃν
1061 2693 1135 2745 τὰ
1180 2696 1349 2763 Λόγια
1395 2697 1473 2758 εἰς
1529 2697 1629 2764 τὴν
1678 2696 1821 2767 Κορὲ
1862 2697 2118 2750 συνάπτει
2181 2695 2536 2764 συγγένειαν’
2591 2693 2865 2762 ἀνεψιαδοὶ
2932 2693 2987 2745 δὲ
3045 2693 3286 2753 Μωσέως
3331 2687 3425 2741 τοῦ

195 2780 489 2847 νομοθέτου,
519 2783 568 2834 οἱ
603 2785 730 2854 περὶ
751 2785 915 2856 Κορὲ,
945 2785 1084 2839 ὥστε
1107 2787 1200 2840 καὶ⁸
1229 2788 1304 2858 τῷ
1330 2788 1510 2858 Αίμάν
1527 2787 1734 2840 ἐκεῖθεν
1771 2788 1806 2855 ή
1851 2788 2138 2856 σωματικὴ
2183 2787 2437 2858 ἀπορροὴ
2478 2785 2574 2838 τοῦ
2640 2785 2850 2852 γένους.
2921 2781 3083 2834 Ἀλλά
3142 2780 3270 2852 περὶ
3331 2781 3430 2851 μὲν

193 2873 277 2922 τοῦ
320 2873 538 2941 πρώτου
597 2874 905 2945 ζητήματος
942 2876 1134 2930 ταῦτα.

256 2964 354 3016 Τὸν
388 2965 443 3018 δὲ
479 2967 643 3019 Δαϐὶδ
667 2967 812 3032 ἅπαξ
843 2969 1000 3035 ἴσμεν
1022 2969 1028 2974 ’
1051 2971 1363 3042 χρισθέντα,
1397 2971 1646 3044 δεύτερον
1694 2971 1749 3023 δέ

1930 2965 2186 3020 Davidem
2214 2963 2381 3018 semel
2405 2964 2686 3017 inunctum
2717 2962 2923 3016 scimus
2953 2977 2968 3025 ;
3006 2958 3246 3014 secundo
3271 2957 3424 3012 inau-

195 3058 616 3126 ἀναγορευθέντα
646 3061 723 3122 είς
747 3060 972 3130 βασιλέα
1006 3080 1019 3097 ι
1063 3063 1157 3115 καὶ
1201 3063 1493 3133 χρισθέντα
1521 3063 1620 3134 μὲν
1647 3062 1749 3116 ὑπὸ

1857 3069 2110 3130 guratum
2163 3073 2257 3127 per
2312 3055 2570 3125 sull‘ragia
2629 3055 2805 3108 tribus
2863 3051 3018 3107 Judm
3073 3052 3128 3106 in
3169 3049 3427 3116 llebron;

196 3148 431 3220 Σαμουὴλ
457 3153 554 3203 τοῦ
581 3155 858 3222 προφήτου
894 3170 908 3185 ο
940 3155 1318 3225 ἀναρρηθέντα
1358 3157 1436 3220 δέ,
1483 3155 1748 3227 πρότερον

1858 3161 1982 3220 post
2011 3159 2213 3220 septem
2245 3164 2422 3204 annos
2449 3163 2478 3202 a
2510 3147 2735 3216 reliquis
2767 3146 3017 3201 tribubus
3041 3144 3429 3199 communibus

198 3241 284 3306 μὲν
318 3242 480 3313 ψήφῳ
527 3244 623 3313 τῆς
686 3245 857 3298 Ἰούδα
889 3247 1059 3316 φυλῆς
1081 3249 1138 3300 ἐν
1191 3247 1421 3318 Χεϐρών
1442 3263 1456 3278 ο
1490 3247 1629 3300 ἐπτά
1695 3247 1749 3298 δὲ

1858 3243 2133 3313 sullragiis
2168 3243 2403 3310 priorem
2439 3241 2558 3309 ejus
2585 3239 2905 3294 electionem
2940 3236 3426 3293 conﬁrmantibus:

199 3334 647 3407 μεταγενέστεροι)
684 3337 841 3403 ἐτῶν,
880 3339 1033 3409 παρὰ
1070 3340 1179 3392 τῶν
1223 3340 1532 3392 ὑπολοίπων
1570 3338 1752 3407 φυλῶν

195 3421 282 3492 τὴν
313 3423 597 3494 φθάσασαν
626 3429 808 3498 κρίσιν
844 3430 1152 3501 συμφώνοις
1183 3429 1431 3502 γνώμαις
1462 3432 1753 3499 ἐπικροτη-

197 3513 407 3571 σάντων.
458 3519 780 3591 Κοινότερον
808 3521 886 3586 δὲ,
932 3522 998 3574 τὰ
1035 3523 1226 3589 Λὸγια,
1283 3523 1376 3574 καὶ
1410 3522 1507 3592 τὴν
1557 3521 1755 3591 προτέ-

197 3619 306 3675 ραν,
339 3606 430 3659 ml.
458 3609 559 3678 τὴν
586 3609 818 3679 ὑστέραν
852 3611 956 3662 ὑπὸ
1002 3611 1097 3663 τοῦ
1131 3611 1367 3680 πλήθους
1416 3610 1747 3679 ἀνάρρησιν,

194 3695 358 3763 κρίσιν
396 3699 678 3768 ὀνομάζει.
710 3700 987 3752 Βασίλειον
1015 3703 1197 3771 μέντοι
1263 3701 1526 3768 στέφανον
1566 3699 1752 3767 φαίνε-

196 3804 273 3840 ται
292 3791 648 3860 περιθέμενος
679 3793 864 3858 Δαϐὶδ,
891 3793 990 3846 ὅσα
1011 3809 1076 3860 γε
1108 3793 1206 3863 ἐμὲ
1227 3791 1558 3863 μεμνῆσθαι,
1588 3790 1752 3861 ήνίκα

197 3882 695 3955 προπολεμήσαντος
775 3883 934 3937 Ἰωάϐ
1020 3886 1075 3936 ἐν
1177 3883 1378 3952 Ῥεμὰθ
1443 3881 1553 3935 τῶν
1619 3880 1751 3933 υἱῶν

208 3971 396 4040 ’Λμὼν,
429 3974 532 4044 τὴν
563 3973 812 4042 βασιλίδα
838 3975 1017 4040 πόλιν,
1068 3974 1236 4043 ἐγγύς
1292 3991 1352 4026 τε
1401 3973 1751 4042 ἐγκαταστήο

199 4076 372 4127 clavso;
404 4065 502 4117 τοῦ
537 4064 761 4129 ἁλῶναι,
803 4067 1030 4127 ἐπιστὰς
1076 4067 1104 4117 ὁ
1161 4065 1411 4135 βασιλεὺς
1461 4065 1616 4127 τέλος
1651 4065 1752 4115 ἐπ-

197 4153 350 4224 έθηκε
380 4161 444 4226 τῇ
468 4156 776 4227 πολιορκίᾳ·
809 4158 930 4211 τότε
959 4157 1319 4228 γάρλάφυρον
1349 4156 1490 4225 ἔχων
1517 4156 1607 4208 τὸν
1641 4154 1757 4206 στέ-

200 4261 349 4311 φανον
373 4249 468 4302 τοῦ
502 4247 730 4319 Μελχὼλ
754 4249 1056 4317 (ἐϐασίλευε
1087 4249 1143 4300 δὲ
1171 4248 1264 4301 καὶ
1300 4248 1460 4310 αὐτὸς
1514 4246 1623 4298 τῶν
1662 4245 1752 4297 ἐα-

199 4333 481 4407 λωκότων),
508 4341 602 4392 ἆτε
630 4339 694 4408 δὴ
716 4339 834 4392 κατ’
861 4338 1027 4392 αὑτοῦ
1054 4355 1112 4390 τε
1145 4339 1240 4390 καὶ
1269 4331 1469 4398 παντὸς
1495 4334 1590 4387 τοῦ
1615 4335 1753 4404 πλή-

1855 3338 2133 3393 communi
2173 3337 2406 3406 quadam
2464 3336 2672 3389 ratione
2723 3333 3006 3402 Scriptura
3058 3330 3299 3400 priorem
3341 3329 3430 3384 de-

1855 3432 2210 3486 clarationem
2262 3438 2316 3483 ct
2362 3428 2668 3496 generalem
2719 3427 2773 3480 in
2824 3439 3004 3494 regem
3052 3421 3427 3476 inunctionem

1855 3533 2029 3578 vocat.
2076 3520 2303 3575 Videtur
2347 3519 2511 3572 David
2557 3520 2762 3587 regium
2812 3515 3059 3570 diadema
3107 3513 3211 3568 sibi
3258 3512 3430 3580 impo~

1856 3616 2056 3678 suisse,
2091 3625 2358 3682 quantum
2390 3611 2648 3664 memoria
2678 3607 2810 3661 mihi
2841 3606 3103 3674 suggerit,
3139 3618 3261 3658 cum
3293 3600 3430 3654 Joab

1855 3707 1993 3774 apud
2032 3705 2378 3758 Ammonilos
2423 3701 2620 3756 bellum
2657 3706 2878 3769 gerente
2917 3697 3146 3750 Reinath
3192 3695 3322 3748 urbs
3347 3708 3432 3747 re-.

1855 3797 1938 3868 gia
1971 3803 2275 3864 caperetur,
2329 3793 2424 3848 sed
2461 3794 2608 3862 prius
2639 3807 2802 3860 quam
2847 3787 2984 3844 Joab
3011 3789 3159 3842 illam
3189 3796 3428 3856 caperet,

1855 3904 1951 3942 rex
1982 3903 2077 3956 per
2107 3901 2262 3940 suum
2293 3885 2584 3939 adventum
2627 3882 2901 3937 obsidioni
2934 3882 3225 3943 terminum
3253 3880 3429 3947 impo-

1857 3979 1988 4040 suit,
2022 3987 2134 4032 tum
2166 3977 2310 4030 enim
2345 3976 2486 4028 inter
2514 3973 2688 4043 spolia
2716 3987 2978 4028 coronam
3001 3969 3229 4024 Melchol
3261 3971 3424 4036 cepit,

1856 4075 1910 4120 ct
1941 4063 2187 4132 regnavit
2219 4063 2333 4132 ipse
2361 4075 2526 4129 super
2562 4060 2844 4130 captivos;
2892 4068 2945 4112 et
2987 4067 3044 4110 ut
3086 4055 3423 4126 splendidam

1856 4164 2021 4224 atque
2053 4153 2332 4208 indubiam
2369 4151 2653 4204 victoriam
2695 4165 2754 4205 se
2782 4149 3029 4203 obtinere
3053 4149 3292 4209 doceret,
3323 4159 3424 4209 suo

1857 4243 2218 4299 circumdedit
2269 4241 2434 4311 capiti
2491 4241 2722 4309 lapidem
2788 4237 3085 4309 fulgentem
3146 4236 3436 4305 pretioso,

1859 4335 2188 4405 pendentem
2223 4333 2340 4386 auri
2373 4331 2631 4385 talentum
2659 4343 2945 4384 coronam:

201 4423 313 4489 θους
340 4430 595 4500 ἀδήριτον
646 4431 741 4484 καὶ
763 4431 1024 4501 λαμπρὰν
1054 4427 1205 4498 αὐτῷ
1251 4424 1755 4497 περιπεποιημένος
1793 4426 1893 4496 τὴν
1918 4425 2099 4495 νίκην,
2136 4427 2202 4492 τῇ
2241 4422 2347 4493 ἰδίᾳ
2373 4421 2609 4492 περιῆψε
2639 4419 2874 4500 κεφαλῇ,
2907 4417 3038 4485 λίθῳ
3104 4417 3202 4488 μὲν
3262 4414 3428 4486 τιμίῳ

203 4520 659 4591 περιηνθισμένον,
709 4521 939 4577 ἕλκοντα
971 4522 1027 4574 δὲ
1083 4521 1323 4591 σταθμὸν
1375 4520 1457 4582 εἰς
1493 4518 1752 4571 τάλαντον
1791 4517 2042 4588 χρυσίου.
2833 4549 2836 4554 -

263 4612 363 4682 Τὴν
393 4613 448 4666 δέ
502 4613 714 4666 κωλέαν
757 4615 789 4682 ή
846 4611 939 4665 τοῦ
986 4611 1208 4665 Ἀκὺλου
1263 4611 1472 4674 ἕκδοσις
1528 4611 1746 4680 κνήμην

1926 4610 2153 4664 Κωλέαν
2200 4607 2384 4662 versio
2431 4605 2640 4676 Aquilae
2689 4603 2906 4674 κνήμην
2971 4601 3298 4658 transtulit:
3332 4602 3425 4659 sed

205 4700 515 4773 ἀναγράφει.
554 4702 653 4771 Εῑη
688 4702 732 4754 δ’
764 4703 854 4766 ἂν,
885 4703 1273 4773 ἀκριϐέστερον
1304 4705 1501 4764 εἰπεῖν,
1523 4701 1712 4763 σκέλος
1733 4716 1746 4730 ο

203 4789 323 4860 ὅπερ
343 4794 594 4846 καὶδυσὶν
617 4793 824 4863 ἐτέροις
840 4792 1065 4862 ὀνόμασι
1088 4791 1362 4862 δηλοῦται.
1390 4795 1548 4862 Λέγω
1570 4795 1634 4867 δὴ
1656 4796 1750 4867 τὴν

206 4881 506 4955 μετάμηρον
544 4884 746 4955 κωλὴν,
775 4886 872 4937 καὶ
904 4884 963 4937 τὸ
994 4887 1131 4953 μετὰ
1175 4885 1266 4938 τὸν
1301 4884 1474 4955 μηρὸν
1510 4887 1752 4956 ἀκροκώ-

205 4971 339 5026 λεονο
370 4978 430 5029 τὸ
459 4977 569 5048 γὰρ
598 4978 696 5046 τῆς
722 4978 936 5048 κνήμης
973 4977 1144 5047 ὄνομα
1177 4977 1452 5047 διαφόροις
1486 4979 1750 5048 πράγμα-

1859 4699 2106 4754 exactius
2129 4695 2401 4765 loquendo
2433 4694 2624 4758 σκέλος
2646 4703 2822 4758 esset;
2865 4691 3009 4760 quod
3043 4707 3139 4761 per
3174 4692 3281 4758 alia
3317 4691 3431 4748 duo,

1859 4791 2081 4846 nomina
2139 4788 2411 4844 indicatur
2475 4805 2490 4841 :
2547 4786 2788 4854 intelligo
2871 4793 3051 4838 autem
3111 4783 3426 4854 μετάμηρον

1859 4879 2038 4950 κωλήν
2061 4890 2114 4934 et
2139 4880 2273 4948 μετὰ
2306 4877 2398 4930 τὸν
2428 4875 2601 4946 μηρὸν
2627 4874 2995 4945 ἀκροκώλεον.
3029 4871 3234 4927 Nomen
3277 4874 3422 4927 enim

1860 4969 1991 5024 illud
2045 4970 2268 5037 κνήμη,
2331 4966 2386 5020 in
2437 4965 2604 5020 rebus
2651 4964 2818 5019 variis
2867 4963 3196 5031 divagatur:
3247 4964 3426 5018 solent

208 5079 280 5116 σιν
329 5067 712 5123 ἐπιπλανᾶται.
745 5068 981 5120 Είώθασι
1008 5070 1116 5138 γὰρ
1162 5067 1347 5122 καλεῖν
1388 5070 1604 5139 κνήμην
1658 5070 1749 5120 καὶ

1856 5060 2002 5116 enim
2033 5059 2315 5113 nominare
2345 5057 2580 5136 κνήμην,
2612 5055 2664 5110 id
2701 5055 2846 5127 quod
2897 5064 3022 5109 ante
3081 5054 3271 5118 σκέλος
3318 5066 3422 5117 cst,

207 5152 258 5204 τὸ
285 5153 550 5226 ἔμπροσθε
584 5155 598 5207 i
643 5157 742 5226 μὲν
764 5156 858 5210 τοῦ
890 5157 1112 5220 σκέλους
1141 5159 1218 5219 εἰς
1266 5156 1370 5228 μῦν
1419 5156 1750 5227 ἐπηρμένον,

1855 5160 1909 5206 et
1937 5150 2004 5204 ad
2035 5149 2140 5220 μῦν
2170 5147 2423 5217 pertingit
2457 5165 2470 5202 :
2521 5155 2582 5201 ut
2609 5147 2755 5217 quod
2786 5161 2815 5201 a
2844 5156 2992 5201 retro
3024 5155 3108 5201 est
3139 5147 3431 5212 nominant

207 5240 374 5317 ὥσπερ
401 5249 461 5302 τὺ
481 5248 704 5303 ὄπισθεν
743 5249 1098 5320 ἀντικνήμιον
1127 5265 1140 5278 ’
1176 5249 1272 5301 καὶ
1327 5247 1459 5302 αὑτὸ
1505 5248 1562 5300 δὲ
1594 5246 1749 5299 τοῦτο

1855 5241 2230 5311 ἀντικνήμιον.
2256 5237 2400 5293 Idem
2436 5252 2656 5308 quoque
2692 5237 2892 5292 dicitur
2940 5238 2992 5292 id
3027 5237 3171 5308 quod
3198 5251 3425 5305 compn—

207 5334 260 5390 τὸ
282 5340 627 5411 συγκείμενον
675 5339 740 5393 ἐκ
764 5357 824 5392 τε
860 5339 955 5392 τοῦ
988 5341 1328 5410 προκνημῗου
1364 5338 1457 5392 καὶ
1501 5339 1596 5407 τῆς
1642 5352 1748 5389 πα·-

1861 5334 2009 5388 nitur
2036 5348 2066 5388 e
2095 5331 2460 5403 προκνημίου,
2490 5341 2543 5388 et
2568 5332 3000 5403 παρακνημίδος,
3031 5347 3137 5385 una
3173 5344 3296 5385 cum
3328 5329 3440 5396 ob--

1488 5521 1719 5598 vitam:
1761 5536 2140 5595 LECTIONES

240 5678 299 5758 ιε
325 5679 382 5736 C.
422 5682 487 5738 Μ.
519 5684 804 5757 ἐγεννήθη.
875 5687 955 5727 h'i
990 5684 1113 5740 llaec
1143 5685 1252 5740 duo
1287 5683 1445 5738 verba
1473 5684 1664 5736 desunt
1688 5681 1738 5733 in
1762 5679 1902 5735 Men.
1988 5678 1998 5727 i
2039 5679 2101 5734 (ἐ.
2141 5678 2206 5732 Μ.
2250 5691 2392 5736 recte
2420 5678 2753 5753 ἔμπροσθεν.
