3846 6188
408 239 512 302 687

1560 242 1782 302 ΡΗΟΤΙ
1795 242 1830 306 Ι.
1857 241 2004 301 ΡΑΤὲ

2094 239 2358 312 ARCILE
2397 240 2510 299 CP.
3513 240 3600 301 683

408 350 621 404 velante
651 348 782 404 illud
811 364 998 415 carne,
1045 358 1102 405 et
1129 353 1363 406 cuticula
1391 391 1406 414 ,
1460 367 1623 420 quam
1656 363 1810 405 vetus
1834 349 1982 404 Grae-

2094 347 2442 417 ρακνημίδος.
2474 347 2590 416 ἅμα
2647 343 2745 415 τῆς
2776 343 3178 412 ἐπαλειφούσης
3234 343 3367 397 αὐτὰ
3414 347 3600 414 σαρκὸς,

407 456 594 494 eorum
620 441 802 510 lingua
851 443 1070 512 κνίιμην
1103 452 1281 496 vocat.
1308 443 1577 512 Apposuit
1601 458 1732 511 ergo
1757 441 1978 495 Samuel

408 533 619 586 κωλέαν
667 549 852 589 coram
904 533 1058 598 Saul,
1095 535 1172 592 illi
1201 536 1466 590 honorem
1500 544 1624 602 ante
1657 537 1796 589 alios
1827 535 1982 607 exhi—

409 624 564 687 bens,
612 640 774 693 quem
811 625 1095 681 honorem.
1154 627 1303 696 regni
1345 628 1555 698 insigne
1604 628 1746 681 velut
1793 643 1981 682 conse-

408 713 603 778 cravit,
642 714 800 781 quasi
853 714 1029 782 ipsum
1084 724 1359 782 oporteret
1417 731 1512 784 pro
1539 716 1738 784 populo
1766 715 1982 769 labores

408 816 603 854 omnes
637 803 845 865 subire,
877 814 930 857 et
959 803 1111 856 adire
1130 803 1393 872 pericula.
1426 802 1549 858 Ideo
1573 805 1979 872 superaddidit:

418 911 434 941 ι
476 891 713 946 Comede
741 893 790 946 id
814 895 957 963 quod
997 895 1091 949 tibi
1123 896 1176 948 in
1203 895 1570 950 testimonium
1608 896 1919 965 apponitur.
1959 916 1978 947 ι

412 983 567 1049 Quod
606 988 879 1055 sequitur,
914 989 965 1042 in
995 989 1326 1057 quibusdam
1358 990 1630 1045 veteribus
1662 989 1817 1043 libris
1848 989 1985 1056 legi—

417 1089 506 1132 tur
564 1078 713 1150 παρὰ
762 1078 855 1131 τοῦ
908 1078 1038 1133 λαοῦ
1115 1080 1168 1133 in
1201 1081 1324 1136 aliis
1349 1082 1499 1150 παρά
1531 1082 1655 1143 τοὺς
1681 1080 1893 1146 ἄλλους,
1938 1083 1984 1136 si

414 1170 661 1240 legamus
690 1172 840 1242 παρὰ
877 1170 972 1224 τοῦ
1019 1172 1170 1236 λαοῦ,
1220 1174 1325 1227 hoc
1371 1175 1532 1228 vult:
1591 1174 1982 1231 TeSIimonium

417 1257 514 1310 tibi
556 1258 776 1312 exhibui
810 1259 1178 1329 inpraesentia
1215 1263 1399 1331 pOpuli
1437 1280 1449 1316 :
1505 1263 1616 1326 sin,
1668 1262 1821 1333 παρὰ
1857 1264 1985 1326 τοὺς

414 1349 629 1413 ἀλλους,
685 1365 781 1419 per
818 1361 1024 1419 partem
1058 1353 1152 1406 tibi
1191 1354 1517 1422 praecipuam
1552 1355 1857 1424 appositam
1887 1357 1987 1406 ho-

417 1455 606 1494 norem
657 1450 780 1495 ante
825 1442 964 1496 alios
1011 1444 1272 1498 eximium
1299 1445 1540 1500 exhibui.
1571 1445 1704 1499 Nam
1741 1446 1985 1500 membra

419 1530 596 1586 lurcce
626 1534 873 1602 corporis
903 1535 1050 1604 regni
1075 1550 1186 1604 pm
1218 1551 1278 1591 se
1304 1535 1482 1591 ferunt
1501 1537 1790 1606 imaginem
1819 1555 1832 1591 :
1861 1554 1984 1591 nam

417 1634 477 1679 ut
501 1625 603 1680 ista
631 1625 684 1678 in
711 1641 940 1694 corpore
961 1627 1213 1684 breviora
1245 1638 1376 1685 sunt
1402 1646 1566 1700 quam
1595 1631 1784 1696 multa,
1812 1640 1989 1686 tamen

418 1718 695 1772 substrata
723 1721 997 1772 sustinent
1025 1720 1224 1774 molem
1254 1721 1422 1774 totius
1461 1706 1750 1787 compositi
1780 1740 1793 1774 :
1828 1723 1902 1775 ita
1937 1732 1990 1776 et

419 1809 619 1879 regalis
653 1809 902 1875 lirmitas,
960 1819 1239 1880 utcunque
1292 1811 1345 1865 in
1382 1827 1493 1866 uno
1523 1813 1708 1880 aliquo
1748 1815 1992 1884 compri-

418 1911 602 1953 matur
627 1907 923 1964 coarctata,
976 1908 1032 1954 et
1060 1901 1142 1954 sic
1167 1901 1404 1974 vacillet,
1461 1912 1642 1958 tamen
1676 1919 1878 1972 corpus
1909 1916 1992 1960 to-

421 1992 530 2046 tius
581 1991 896 2058 reipublicae
943 2003 1285 2062 compactum
1337 1995 1580 2054 continet
1633 2004 1686 2052 et
1715 1997 1991 2051 substrata

419 2091 716 2168 sustentat,
736 2099 835 2137 nec
861 2084 1128 2152 permittit
1152 2099 1272 2138 eam
1299 2086 1350 2140 in
1383 2101 1442 2141 se
1461 2087 1706 2141 collisam
1726 2087 1988 2158 ditl‘ringi.

417 2177 518 2230 Ast
536 2175 647 2230 ham
667 2175 913 2231 fortassis
935 2177 1105 2231 multo
1128 2178 1421 2243 curiosius,
1441 2193 1604 2246 quam
1631 2193 1730 2231 vox
1747 2179 1984 2242 εἴδωλον,

421 2267 779 2338 explicantur.
813 2267 892 2322 Tu
927 2278 1107 2323 autem
1133 2269 1320 2324 animo
1354 2271 1538 2325 valeas
1565 2279 1729 2339 atque
1760 2285 1991 2342 corpore

421 2373 523 2412 nec
572 2358 801 2414 ulterius
854 2360 1164 2416 istiusmodi
1206 2362 1275 2417 iis
1313 2361 1535 2428 oﬂ‘eras,
1566 2366 1658 2432 qui
1686 2373 1817 2418 sunt
1846 2365 1988 2433 apud

420 2449 624 2506 inferos
660 2470 672 2504 :
709 2451 802 2506 sed
827 2453 968 2521 apud
1001 2453 1122 2508 illos
1153 2468 1385 2524 expone,
1417 2457 1617 2524 quibus
1644 2457 1767 2510 vita:
1796 2472 1992 2511 cursus

418 2550 499 2595 est
525 2539 592 2594 ad
619 2541 1020 2611 beneplacitum
1041 2582 1056 2608 ,
1083 2559 1317 2613 quorum
1346 2561 1521 2612 mens,
1552 2547 1752 2614 oratio,
1793 2562 1986 2603 manus

419 2647 527 2686 non
557 2632 894 2688 defecerunt.

499 2919 833 2986 QUIESTIO
868 2922 1057 2979 CXVI.
1096 2925 1286 2997 [CoisL
1327 2927 1493 2981 Taur.
1525 2928 1879 3002 CXXXVIIIJ

937 3017 1030 3072 'De
1053 3021 1234 3086 patria
1268 3019 1428 3074 Pauli
1442 3050 1456 3062 -

2091 441 2182 493 καὶ
2209 440 2307 508 τῆς
2323 439 2379 491 δε
2386 455 2532 509 ρματ
2540 438 2667 501 ίδος,
2685 439 2752 513 ἢν
2768 436 2976 490 παλαιά
2993 436 3092 504 τῆς
3119 435 3358 498 Ἑλλάδος
3385 437 3566 505 γλῶττα
3581 440 3602 480 ι

2092 532 2305 599 κνήμην
2337 529 2614 599 ὀνομάζει.
2648 527 2968 596 Παρέθηκεν
2992 526 3037 578 δ’
3067 526 3159 579 οὖν
3191 529 3220 579 6
3257 527 3490 599 Σαμουὴλ
3525 530 3607 600 τὴν

2090 621 2299 674 κωλέαν
2327 616 2558 673 ἐνώπιον
2585 619 2681 672 τοῦ
2710 619 2884 672 Σαούλ
2910 636 2922 648 ⁸
2956 619 3125 689 τιμὴν
3157 619 3303 690 αὑτῷ
3329 620 3428 672 τῶν
3465 621 3608 674 ἀλλων

2091 713 2488 784 προαπονέμων
2522 730 2533 742 ·
2565 712 2834 781 σύμϐολον
2855 712 2912 764 δὲ
2941 712 3040 782 τὴν
3081 712 3247 780 τιμὴν
3278 713 3608 783 ἐξοσιούμενος

2089 808 2188 874 τῆς
2213 805 2490 875 βασιλείας
2517 822 2530 836 ·
2557 805 2652 858 καὶ
2703 805 2795 857 τοῦ
2833 805 2941 858 δεῖν
2971 804 3136 858 αὐτὸν
3183 804 3321 872 ὑπὲρ
3374 803 3460 856 τοῦ
3503 805 3611 858 λαοῦ

2093 899 2303 960 πάντας
2333 897 2662 965 ὑφίστασθαι
2702 895 2920 958 πόνους,
2942 895 3037 948 καὶ
3078 894 3515 965 προκινδυνεύειν.
3540 897 3615 949 Διὸ

2094 989 2184 1042 καὶ
2203 989 2508 1057 ἐπήγαγεν,
2557 1007 2574 1038 ι
2613 989 2780 1056 Φάγε,
2825 988 2908 1041 ὅτι
2940 987 3021 1049 εἰς
3053 986 3351 1057 μαρτύριον
3403 987 3606 1040 τέθειταί

2093 1097 2196 1134 σοι.
2240 1099 2259 1133 ι
2296 1080 2368 1132 Τὸ
2393 1081 2438 1133 δ’
2472 1079 2694 1148 ἐφεξῆς,
2729 1079 2848 1133 ἔνια
2894 1079 2994 1149 μὲν
3021 1078 3130 1132 τῶν
3179 1077 3421 1132 παλαιῶν
3466 1095 3617 1148 γραμ.

2095 1170 2301 1239 μάτων,
2341 1189 2360 1220 ι
2400 1170 2553 1240 παρὰ
2587 1169 2682 1221 τοῦ
2733 1168 2866 1222 λαοῦ
2892 1183 2905 1196 '
2948 1186 2966 1220 ι
3003 1167 3120 1220 ἔνια
3149 1166 3229 1232 δὲ,
3276 1185 3295 1217 ι
3331 1168 3473 1236 παρά
3515 1170 3618 1231 τοὺς

2092 1261 2306 1324 ἄλλους,
2340 1281 2358 1313 ι
2413 1261 2747 1331 ὑπαγορεύει
2781 1278 2794 1291 ’
2824 1258 2940 1313 ἀλλ’
2969 1259 3018 1312 εί
3063 1258 3161 1328 μὲν
3189 1258 3274 1327 εἴη
3310 1277 3328 1308 ι
3365 1258 3504 1327 παρὰ
3543 1259 3620 1310 τοῦ

2091 1352 2243 1418 λαοῦ,
2287 1371 2306 1404 ι
2347 1354 2470 1406 ἀντί⁵
2504 1353 2618 1415 τοῦ,
2655 1351 2915 1405 Ἐνώπιον
2943 1349 3037 1404 τοῦ
3067 1349 3199 1405 λαοῦ
3229 1349 3288 1402 τὸ
3317 1349 3401 1402 διὰ
3449 1350 3622 1419 μαρτύ-

2095 1447 2210 1517 ριόν
2255 1463 2336 1499 σοι
2365 1449 2759 1517 προσενήνοχα,
2812 1446 3070 1516 σημαίνει
3093 1460 3108 1474 ·
3137 1443 3267 1496 εἱδέ
3310 1463 3328 1494 ι
3359 1443 3498 1512 παρὰ
3522 1445 3623 1505 τοὺς

2091 1537 2304 1601 ἄλλους,
2325 1559 2343 1593 ι
2365 1540 2484 1591 ἀντὶ
2508 1539 2626 1605 τοῦ,
2661 1539 2970 1608 Ἐξαίρετόν
3003 1555 3106 1600 σοι,
3141 1536 3294 1608 παρά
3317 1537 3439 1598 τοὺς
3464 1536 3624 1600 ἀλλους

2093 1629 2376 1701 προκρίτῳ
2427 1631 2606 1702 μερίδι
2637 1631 2736 1699 τὴν
2768 1630 2934 1701 τιμὴν
2969 1628 3173 1698 ἀνῆψα.
3233 1629 3335 1696 Είη
3385 1628 3426 1681 δ’
3469 1627 3529 1680 ἂν
3569 1628 3626 1679 τὰ

2095 1722 2231 1792 μέλη
2259 1722 2431 1777 ταῦτα
2470 1723 2565 1776 τοῦ
2600 1721 2852 1793 σώματος
2900 1723 2995 1774 καὶ
3042 1722 3227 1774 εἰκόνα
3282 1719 3502 1788 φέροντα
3547 1718 3627 1785 τῆς

2093 1814 2390 1885 βασιλείας.
2433 1815 2646 1886 Ὠσπερ
2683 1815 2791 1885 γὰρ
2845 1813 3020 1866 ταῦτα
3051 1812 3130 1884 τῷ
3168 1811 3379 1881 σώματι
3405 1809 3492 1861 τοῦ
3513 1807 3627 1872 (tino

2094 1906 2407 1978 βραχύτερα
2442 1905 2652 1959 πολλῶν
2681 1905 2860 1975 μελῶν
2887 1905 3040 1967 ὄντα,
3067 1905 3218 1973 ὅμως
3246 1901 3629 1971 ὑπεστήρικται,

2094 1998 2186 2050 καὶ
2215 1996 2584 2062 ἀναϐαστάζει
2620 1997 2712 2050 τὸν
2754 1995 2875 2050 ὅλον
2905 1995 3000 2048 τοῦ
3045 1995 3419 2063 συγκρίματος
3453 1992 3628 2058 ὖγκον·

2092 2091 2237 2144 οὕτω
2263 2091 2408 2160 καὶὴ
2434 2089 2685 2159 βασιλικὴ
2717 2087 3034 2161 στερρότης,
3063 2087 3245 2140 καίτοι
3274 2087 3357 2154 ἐφ’
3405 2085 3484 2138 ἐνὶ
3503 2082 3633 2152 ἀνδρὶ

2088 2180 2511 2250 συστελλομένη.
2543 2180 2636 2233 καὶ
2670 2179 2974 2232 σαλεύουσα
3027 2177 3251 2246 σύμπαν
3271 2177 3334 2229 τὸ
3377 2175 3526 2245 σῶμα
3551 2175 3634 2241 τῆς

2089 2270 2364 2334 πολιτείας
2396 2264 2576 2339 ἀνέχέι
2604 2287 2664 2322 τε
2697 2269 2792 2323 καὶ
2821 2269 3098 2340 ὑπερείδει
3126 2282 3139 2295 ·
3175 2266 3276 2319 καὶ
3340 2265 3438 2318 οὐκ
3476 2264 3536 2333 ἐᾷ
3565 2264 3632 2324 είς

2089 2360 2258 2432 αὐτὴν
2308 2363 2642 2415 καταπεσεῖν
2689 2377 2750 2413 τε
2797 2361 2892 2414 καὶ
2934 2357 3430 2430 περιθραυσθῆναι.
3500 2353 3636 2406 Ἀλλά

2089 2451 2263 2504 ταῦτα
2297 2451 2394 2520 μὲν
2425 2453 2578 2513 ἴσως,
2610 2451 2707 2504 καὶ
2739 2451 2926 2519 φωνῆς
2955 2449 3180 2503 εἰδώλου
3224 2444 3634 2518 περιεργότερον.

2093 2542 2165 2594 ΣΞ)
2195 2541 2252 2592 δέ
2267 2539 2444 2610 ψυχὴν
2479 2542 2571 2593 καὶ
2599 2538 2814 2610 σώματι
2836 2539 3049 2612 ἔρρωσο
3078 2555 3092 2570 ο
3144 2538 3247 2592 καὶ
3297 2535 3493 2607 μηκέτι
3544 2535 3640 2593 τοῖς

2095 2635 2154 2686 ἐν
2191 2634 2321 2704 ᾅδου
2347 2634 2416 2687 τὰ
2443 2633 2670 2688 τοιαῦτα
2720 2631 2976 2701 πρότεινε
3001 2649 3016 2664 ·
3049 2631 3164 2684 ἀλλ’
3197 2631 3452 2693 ἐκείνοις,
3484 2621 3559 2689 οἷς
3583 2624 3641 2676 τὰ

2096 2733 2236 2784 κατὰ
2268 2729 2360 2782 τὸν
2384 2729 2498 2800 βίον
2525 2731 2725 2799 εύροεῖ,
2760 2729 2856 2781 καὶ
2892 2728 2921 2780 6
2950 2725 3099 2792 νοῦς,
3157 2725 3256 2779 καὶ
3291 2725 3340 2777 οἱ
3369 2722 3531 2790 λόγοι,
3562 2718 3639 2772 καὶ

2097 2821 2154 2876 αἱ
2191 2823 2370 2892 χεῖρες
2397 2820 2459 2872 οὐ
2492 2820 2860 2889 παρείθησαν.

2637 2928 2970 2984 ararum:
3010 2923 3176 2994 Ptq'.

2488 3023 2626 3092 "api
2680 3021 2964 3089 πατρίδος
3013 3021 3281 3075 Παύλου.

1278 3133 1422 3184 Edita
1443 3150 1470 3184 a
1491 3136 1790 3186 Montacutio
1813 3139 1939 3202 (ομ.
1960 3139 2071 3199 ειδ,
2088 3137 2157 3188 ad
2181 3137 2453 3198 Ense/tem,
2468 3151 2517 3200 ιιι
2538 3136 2651 3197 577,
2670 3136 2801 3196 578).

489 3231 696 3290 Paulus
726 3235 818 3290 ille
851 3235 1069 3293 divinus
1105 3242 1410 3308 apostolus,
1446 3244 1538 3312 qui
1568 3260 1631 3298 ex
1659 3244 1993 3301 inﬂammato

420 3325 713 3390 desiderio,
743 3336 796 3380 et
824 3342 1010 3405 amore
1039 3327 1267 3394 Christi,
1301 3340 1354 3384 et
1393 3331 1820 3402 inexsuperabili
1849 3352 1987 3405 prae-

417 3412 710 3468 dicationis
752 3403 918 3470 cursu
969 3419 1245 3472 caelestem
1303 3420 1449 3474 illam
1491 3419 1795 3484 Jerusalem
1829 3403 1994 3479 oceu-

419 3510 597 3570 palam
645 3519 798 3558 suam
827 3503 974 3571 fecit,
1017 3507 1246 3576 patriam
1277 3509 1470 3563 habuit
1501 3510 1612 3580 jam
1646 3512 1776 3566 olim
1809 3529 1840 3568 a
1872 3531 1990 3569 ma-

414 3592 630 3660 joribus
691 3594 808 3649 suis
860 3601 1161 3652 secundum
1225 3602 1472 3669 corporis
1543 3606 1988 3674 propagationem

418 3683 630 3739 Giscala
666 3686 900 3754 (viculus
928 3698 1012 3744 est
1044 3690 1131 3744 ille
1163 3707 1310 3746 nunc
1338 3693 1392 3746 in
1422 3691 1611 3748 Iudaea
1661 3696 1790 3750 olim
1828 3699 1994 3752 urbe-

417 3777 540 3831 cula
569 3780 956 3849 censebatur):
991 3782 1134 3837 bello
1170 3795 1348 3838 autem
1392 3786 1636 3843 Romano
1667 3791 1992 3858 parentibus

420 3869 591 3938 ipsius
622 3887 746 3927 cum
784 3873 1057 3942 plerisque
1086 3875 1208 3930 aliis
1237 3877 1289 3930 in
1333 3879 1698 3947 captivitatem
1735 3882 1992 3938 abductis

418 3955 648 4016 Tarsum
679 3963 1004 4030 migrarunt,
1041 3965 1129 4021 hic
1153 3967 1242 4020 ille
1265 3967 1445 4023 editus
1479 3969 1531 4023 iu
1564 3970 1739 4025 lucem
1767 3973 1990 4036 dicitur,

417 4059 469 4104 et
498 4052 689 4119 patria:
718 4055 1092 4110 ascribebatur
1139 4077 1153 4110 :
1209 4077 1226 4108 ι
1260 4057 1372 4129 Ego
1402 4075 1546 4126 sum,
1579 4061 1715 4116 dixit
1741 4062 1876 4128 ipse,
1909 4065 1992 4118 vir

417 4143 660 4209 Judaeus,
722 4159 878 4201 natus
911 4146 1066 4203 Tarsi
1096 4149 1149 4204 in
1173 4150 1360 4206 Cilicia
1391 4169 1406 4206 :
1445 4171 1463 4202 ι
1501 4153 1834 4224 benignitate
1864 4170 1994 4210 vero

423 4236 793 4293 Romanorum
861 4256 984 4294 cum
1039 4242 1265 4296 victoria
1335 4247 1741 4312 contendente,
1821 4258 1873 4302 et
1922 4248 1990 4302 ad

420 4328 754 4398 alienigenas
795 4346 854 4386 se
883 4334 1231 4399 extendente,
1283 4351 1544 4392 concessa
1602 4337 1704 4392 fuit
1755 4339 1988 4396 facultas

417 4423 615 4492 partim
672 4425 867 4494 gratis.
938 4427 1115 4495 pretio
1183 4429 1380 4496 partim
1435 4432 1878 4500 transcriptionis
1935 4434 1989 4487 in

2163 3247 2372 3310 Παῦλος
2395 3248 2423 3300 6
2453 3247 2594 3307 θεῖος
2613 3245 2934 3308 ἀπόστολος,
2965 3245 2994 3296 6
3021 3241 3099 3312 τῷ
3120 3241 3375 3312 διαπύρῳ
3404 3239 3545 3309 πόθῳ
3563 3236 3648 3306 τῆς

2095 3340 2175 3402 είς
2202 3338 2439 3409 Χριστὸν
2483 3338 2820 3406 ἀγαπήσεως
2859 3334 3062 3406 καὶτῷ
3100 3334 3498 3404 ἀνυπερϐλήτῳ
3543 3330 3649 3400 δρό-

2095 3449 2181 3502 μῳ
2210 3431 2306 3483 τοῦ
2337 3431 2714 3502 κηρύγματος,
2753 3430 2852 3498 τὴν
2905 3428 3021 3482 ἀνω
3083 3427 3449 3496 Ἰερουσαλὴμ
3490 3422 3647 3492 ἐαυτῷ

2093 3521 2537 3592 καταλαϐόμενος
2572 3521 2829 3591 πατρίδα,
2849 3521 2948 3589 τὴν
2973 3522 3038 3572 ἐκ
3076 3517 3330 3571 παλαιῶν
3362 3517 3646 3587 προγόνων,

2092 3611 2308 3682 καὶτῆς
2340 3611 2661 3682 σωματικῆς
2691 3613 2959 3680 γενέσεως
2989 3611 3060 3663 τὰ
3097 3610 3346 3679 Γίσχαλα
3395 3609 3572 3679 (κώμη
3603 3606 3652 3659 δὲ

2092 3707 2187 3762 νῦν
2213 3708 2273 3761 τὸ
2293 3707 2492 3778 χωρίον
2520 3711 2620 3780 τῆς
2658 3707 2940 3772 Ἰουδαίας,
2959 3707 3127 3760 πάλαι
3157 3707 3434 3776 πολίχνιον
3456 3720 3651 3774 χρημα-

2093 3799 2272 3867 τίσαν)
2297 3799 2533 3868 πατρίδα
2557 3798 2737 3869 λαχὼν
2769 3795 2881 3868 εἶχε
2914 3814 2928 3828 ·
2957 3798 3035 3868 τῷ
3075 3797 3379 3867 Ῥωμαῖκῷ
3403 3797 3460 3849 δὲ
3487 3796 3653 3865 δόρατι

2091 3887 2200 3940 τῶν
2253 3889 2678 3958 γεννησαμένων
2735 3889 2852 3959 ἅμα
2891 3891 2987 3942 καὶ
3039 3888 3255 3952 πολλοῖς
3317 3889 3520 3959 ἑτέροις
3571 3882 3653 3938 τοῦ

2092 3976 2279 4038 ἔθνους
2318 3977 2758 4040 συνεαλωκότων,
2782 3978 3030 4049 Ταρσοὺς
3068 3977 3217 4047 αὐτῷ
3245 3979 3309 4031 τὸ
3329 3975 3651 4047 συνενεχθὲν,

2093 4067 2150 4119 ἐν
2179 4062 2260 4130 οἷς
2290 4069 2386 4120 καὶ
2420 4069 2520 4130 τὰς
2544 4069 2820 4139 μητρικὰς
2875 4070 3064 4122 ἔλυσεν
3097 4070 3314 4133 ὠδῖνας,
3352 4070 3529 4122 δίδωσι
3562 4083 3652 4118 παι

2092 4159 2267 4228 τρίδα.
2299 4179 2317 4210 ι
2341 4158 2484 4227 Ἐγὼ
2499 4163 2607 4229 γάρ
2629 4161 2766 4230 είμι,
2799 4164 2986 4230 φησὶν,
3009 4163 3148 4231 ἀνὴρ
3178 4163 3455 4225 Ἰουδαῖος,
3484 4175 3654 4228 γεγενο

2092 4250 2322 4319 νημένος
2347 4254 2404 4304 ἐν
2431 4252 2628 4323 ’Βαρσῷ
2650 4256 2748 4323 τῆς
2766 4253 3037 4315 Κιλικίας·
3062 4272 3080 4304 ι
3104 4249 3224 4306 εἶτα
3248 4256 3352 4322 τῆς
3390 4253 3654 4321 Ῥωμαίων
3747 4326 3752 4330 4

2095 4336 2424 4414 φιλοτιμίαέ.
2452 4344 2528 4414 τῷ
2559 4345 2779 4415 μεγέθει
2822 4345 2918 4398 τοῦ
2952 4348 3188 4416 κράτους
3237 4343 3653 4418 παραμιλλωμέ-

2094 4451 2212 4504 νης,
2245 4435 2340 4488 καὶ
2379 4435 2574 4505 μέχρις
2604 4437 2784 4492 αὐτῶν
2818 4437 2929 4490 τῶν
2959 4437 3275 4505 ἀλλοφύλων
3297 4439 3361 4490 τὸ
3395 4437 3654 4504 φιλότιμον
3717 4447 3720 4449 ‘

418 4516 752 4572 nobilitatem
785 4529 836 4573 et
862 4519 1174 4588 reipublicae
1196 4531 1249 4574 et
1265 4525 1507 4578 nominis
1531 4525 1986 4595 participandam.

2098 4527 2607 4597 καθυπατευούσηςν
2664 4531 2743 4593 εἰς
2789 4529 2888 4598 τὴν
2939 4529 3148 4583 τούτων
3212 4531 3512 4597 εὐγένειαν,
3574 4526 3655 4578 καὶ

418 4604 551 4662 llinc
583 4607 811 4676 factum,
861 4619 920 4664 ut
957 4621 1210 4681 parentes
1239 4612 1416 4682 Pauli,
1469 4625 1524 4670 et
1551 4617 1665 4686 ipse
1701 4633 1798 4686 per
1823 4618 1991 4687 sylla-

413 4700 510 4756 bas
567 4718 814 4771 paucas,
867 4707 1168 4762 secundum
1220 4708 1491 4765 humanas
1555 4709 1700 4780 leges
1757 4710 1988 4765 Romam

415 4796 646 4861 patriam
705 4796 1036 4861 obtinerent,
1092 4807 1146 4854 et
1197 4801 1588 4869 rempublicam
1643 4801 1984 4855 Romanam:

416 4886 516 4939 hoc
544 4895 650 4949 est,
687 4885 831 4955 quod
875 4887 1094 4944 divinus
1134 4890 1224 4944 ille
1259 4893 1340 4945 vir
1370 4892 1701 4956 insinuavit,
1735 4893 1991 4961 inquiens

413 4973 556 5042 apud
592 4974 972 5040 chiliarchum,
1027 4979 1121 5050 qui
1175 4981 1242 5035 de
1283 4982 1506 5037 civitate
1538 4981 1783 5038 Romana
1813 4985 1993 5054 pretio

414 5065 635 5122 obtenta
666 5067 1015 5136 przedicabat,
1061 5088 1080 5122 ι
1107 5069 1219 5143 Ego
1244 5085 1426 5132 autem
1461 5077 1599 5132 liber
1627 5085 1789 5132 natus
1825 5075 1937 5141 l‘ui;
1968 5096 1986 5129 ι

418 5154 469 5214 id
524 5163 641 5220 est,
696 5165 844 5214 sorte
903 5169 1124 5227 paterna
1155 5162 1401 5220 Romana
1431 5166 1519 5221 illa
1576 5166 1811 5221 atiinitas
1861 5165 1992 5221 mihi

417 5246 662 5318 contigit,
705 5261 804 5300 nec
843 5247 909 5301 dc
936 5262 1184 5308 materno
1219 5267 1375 5314 utero
1404 5258 1722 5328 vulgaribus
1751 5258 1994 5328 parenti-

419 5345 521 5393 bus
559 5339 777 5407 genitus
825 5341 877 5398 iu
933 5343 1104 5398 lucem
1162 5351 1358 5426 prodii,
1422 5353 1515 5408 sed
1573 5353 1663 5422 qui
1724 5352 1990 5406 beneﬁcio

2096 4621 2200 4690 τῆς
2228 4622 2504 4686 πολιτείας
2533 4624 2629 4676 καὶ
2663 4623 2754 4676 τοῦ
2791 4623 3076 4694 ὀνόματος,
3103 4625 3264 4677 τοῦτο
3311 4625 3416 4694 μὲν
3445 4624 3650 4692 προῖκα,

2096 4711 2335 4767 τοῦτοδὲ
2367 4715 2460 4767 καὶ
2486 4703 2730 4786 χρήμασι
2772 4715 2987 4779 πολλοῖς
3025 4716 3360 4794 ἀναδραμεῖν
3408 4712 3654 4785 ἐχαρίσθη

2097 4805 2319 4870 ἐξουσία
2348 4823 2363 4836 ⁶
2396 4807 2606 4875 γίνεται
2636 4809 2815 4861 τοίνυν
2849 4809 2916 4862 ἐκ
2945 4809 3135 4862 τούτου
3179 4809 3275 4862 καὶ
3306 4811 3421 4870 τοῖς
3455 4805 3655 4874 γονεῦσι

2089 4898 2184 4950 τοῦ
2220 4898 2510 4952 θεσπεσίου
2546 4900 2761 4953 Παύλου
2809 4901 3099 4964 συλλαϐαῖς
3123 4901 3330 4968 ὀλίγαις
3360 4900 3457 4953 καὶ
3485 4899 3654 4966 νόμοις

2090 4988 2453 5059 ἀνθρωπίνοις
2485 4991 2683 5057 πατρὶς
2713 4992 2746 5061 ἡ
2785 4990 2997 5062 Ῥώμη,
3034 4993 3128 5044 καὶ
3157 4992 3218 5045 τὸ
3259 4990 3548 5061 Ῥωμαίων
3570 5004 3656 5041 ποι

2092 5078 2341 5147 λίτευμα.
2371 5079 2482 5132 Καὶ
2509 5080 2665 5132 τοῦτό
2686 5081 2855 5147 ἐστιν,
2883 5081 2912 5134 ὃ
2947 5081 3044 5135 καὶ
3064 5083 3092 5134 6
3122 5081 3265 5144 θεῖος
3288 5083 3498 5142 ἐκεῖνος
3528 5075 3655 5144 ἀνὴρ

2094 5170 2480 5240 ἐπεσημήνατο
2497 5169 2670 5236 λέγων
2689 5171 2825 5242 πρὸς
2855 5171 2947 5225 τὸν
2977 5172 3258 5244 χιλίαρχον
3275 5170 3546 5241 αύχοῦντα
3567 5167 3654 5234 τὴν

2094 5259 2151 5324 ἐξ
2179 5259 2452 5330 ἐμπορίας
2500 5260 2788 5331 Ῥωμαίων
2836 5264 3196 5330 συγγένειαν,
3249 5264 3322 5326 ὡς
3376 5281 3396 5315 ι
3441 5259 3576 5327 Ἐγὼ
3600 5257 3651 5310 δὲ

2098 5351 2192 5404 καὶ
2228 5352 2582 5422 γεγέννημαι,
2627 5374 2644 5406 ι
2685 5355 2808 5408 ἀντὶ
2842 5355 2957 5422 τοῦ,
2994 5345 3151 5414 Κατά
3179 5356 3376 5429 κλῆρόν
3424 5370 3514 5426 μοι
3553 5367 3650 5404 πα-

1689 5555 1919 5612 ΥΔΙΗᾸΕ
1959 5553 2360 5621 LECTIUNES.

493 5657 512 5704 ι
545 5659 761 5734 vitiosam:
790 5662 939 5719 deest
967 5666 1018 5720 ill
1064 5667 1205 5726 Μοιι.
