3846 6188
182 299 274 362 C83

973 283 1090 342 AD.
1111 277 1705 341 AMPIIILOCHIUM
1742 272 2088 349 ΩΙΗΕΞΤΙΟ
2120 271 2322 346 CXVI,
2353 271 2584 332 CXVII.

3258 271 3434 338 .690

183 407 340 480 τρῷον
368 405 401 476 ἡ
437 398 719 474 Ῥωμαῖκὴ
746 395 1039 466 συγγένεια
1071 395 1310 456 κάτεισι,
1339 395 1432 446 καὶ
1466 393 1567 445 οὐκ
1597 392 1736 444 ίδιω-

1847 387 2226 446 codicillorum
2262 386 2638 438 Romanorum
2694 383 2766 439 de
2797 400 2988 441 eorum
3011 383 3275 440 aﬂinitatc
3313 385 3430 456 glo-

182 498 379 554 τεύουσι
416 495 526 556 τοῖς
559 489 812 560 γονεῦσιν
859 484 1106 554 λαγόνων
1162 483 1437 553 μητρῴων
1475 481 1744 552 προῆλθον

182 590 251 651 εἰς
275 585 406 655 φῶς,
443 582 558 637 ἀλλ’
608 581 711 652 ῆδη
760 578 855 631 καὶ
889 573 985 628 τοῦ
1049 571 1363 644 Ῥωμαῖκοῦ
1411 575 1523 635 τοῖς
1560 571 1743 643 γράμ-

185 695 331 749 μασιν
357 675 552 736 αὐτοὺς
580 671 940 741 σεμνύνοντος
972 662 1233 732 αἵματος.
1268 667 1434 717 Ὥστε
1481 664 1542 715 οὐ
1581 663 1742 733 μόνον

179 774 262 828 δύο
290 771 566 842 πατρίδες,
595 771 730 840 ὅπερ
755 769 920 835 αὐτὸς
953 765 1346 844 ἀμφισϐητεξ,
1381 761 1460 830 τῷ
1488 759 1588 828 τῆς
1609 758 1741 829 ἁλη-

179 866 314 927 θείας
336 864 682 936 εὑρίσκονται
722 864 916 934 ῥήτορι
950 879 962 892 ο
1004 861 1118 915 ἀλλ’
1173 857 1277 928 ήδη
1317 852 1455 925 πρὸς
1507 849 1736 911 ταύταις

179 958 259 1011 καὶ
284 958 436 1028 τρίτη
460 969 474 984 ·
505 951 581 1009 ὧν
611 950 692 1020 εἷς
725 957 826 1026 μὲν
847 955 919 1009 τὰ
948 952 1212 1024 Γίσχαλα,
1243 950 1301 1001 ὲν
1329 949 1396 1016 τῇ
1421 943 1601 1015 μερίδι
1646 940 1742 994 καὶ⁸

177 1052 348 1122 δικαίῳ
375 1052 476 1121 τῆς
494 1050 873 1120 Βενιαμίτιδος
901 1049 1075 1120 φυλῆς
1097 1042 1437 1112 ἀναφέρεται
1464 1055 1478 1069 ·
1523 1037 1573 1090 oi
1596 1035 1741 1104 Ταρ-

1845 483 2149 537 riabantnr.
2227 479 2306 533 Ita
2331 478 2454 532 duae
2490 477 2698 547 patriae,
2741 478 2808 534 de
2843 495 2950 548 qua
2983 495 3042 533 re
3075 480 3170 534 tibi
3195 488 3431 548 quatstto

1843 571 2180 635 instituitur,
2240 569 2488 623 veritatis
2554 567 2631 621 illi
2685 571 2925 636 praeconi
2988 571 3425 640 contingebant;

1842 663 1936 717 sed
1986 669 2104 716 erat
2157 659 2336 714 adhuc
2383 658 2576 721 tertia;
2640 657 2814 726 prima
2852 674 3065 726 nempe,
3103 660 3325 714 Giscala
3372 661 3427 711 in

1843 754 1985 808 tribu
2048 749 2387 820 Benjamiui;
2449 749 2658 806 Tarsus
2738 750 3008 804 beneficio
3059 750 3446 819 captivitatis;.

1844 845 2090 900 Romana
2153 843 2350 898 civuas
2405 858 2502 911 per
2547 851 2826 912 parentes,
2851 841 2943 912 qui
2976 858 3143 895 censu
3178 841 3428 895 Romano

1844 938 2324 1001 describebantur,
2353 951 2475 1005 quae
2503 935 2865 1008 dignitas'per
2901 945 3104 990 sortem
3147 943 3429 1004 paternam

1847 1029 1913 1084 ad
1939 1029 2089 1083 illum
2115 1026 2406 1083 transibat.

178 1105 250 1196 σοὶ
283 1105 337 1196 δέ
365 1105 472 1213 τῆς
497 1105 878 1213 αἰχμαλωσίας¹
1117 1105 1370 1206 ἐγένοντο
1395 1147 1410 1164 ’
1457 1129 1729 1200 Ῥωμαῖον
1769 1123 1826 1177 δὲ
1875 1121 1985 1176 τῶν
2052 1119 2323 1175 τεκόντων
2362 1121 2395 1190 ἡ
2452 1118 2532 1182 είς
2569 1105 2695 1181 τοὺς
2758 1116 3065 1188 Ῥωμαίους
3135 1115 3430 1186 ἀναγραφὴ

176 1239 321 1302 ποιεῖ,
348 1238 441 1291 καὶ
465 1237 527 1292 τὸ
554 1237 826 1304 πατρικὸν
846 1235 937 1290 διὰ
963 1234 1057 1288 τοῦ
1090 1233 1294 1302 κλήρου
1337 1225 1614 1282 διαϐαῖνον
1660 1221 1741 1285 εἰς
1779 1216 1944 1271 αὑτὸν
1975 1215 2214 1285 ἀξίωμαν

686 1351 1019 1404 ΕΡΩΤΗΣΙΣ
1048 1346 1194 1404 ΡΙΖ’.

520 1442 592 1498 Ἠ
610 1442 766 1509 αὐτὴ
797 1439 1017 1508 ἀπορία
1051 1438 1150 1492 καί
1185 1438 1385 1500 λύσις.

1986 1325 2314 1395 QUIESTIO
2343 1325 2559 1382 cxvu.‘
2590 1323 2783 1397 [CoisL
2810 1320 3136 1392 cxxxrxq
3167 1321 3284 1391 (ει)

2230 1418 2432 1474 Eadem
2459 1419 2724 1472 dubitatio
2755 1426 2804 1472 et
2828 1414 3046 1472 solutio.

1029 1549 1168 1602 Edita
1197 1565 1221 1598 a
1247 1545 1546 1598 Montacutio
1568 1542 1678 1604 (ep.
1702 1536 1816 1595 217,
1840 1536 1899 1584 ad
1925 1534 2177 1594 eumdem,
2201 1546 2252 1594 p.
2275 1534 2384 1592 578,
2407 1532 2539 1593 280).

233 1642 436 1712 ’Ὠσπερ
486 1641 514 1692 6
545 1641 758 1703 κλεινὸς
799 1637 1112 1710 Βαρνάϐας,
1162 1638 1224 1691 τὸ
1269 1638 1370 1707 τῆς
1424 1632 1730 1705 πραότητος

1903 1623 2376 1690 Quemadmodum
2438 1619 2735 1690 praeclarus
2774 1616 2869 1671 ille
2901 1614 3204 1678 Barnabas,
3243 1614 3422 1668 comi-

171 1735 250 1787 καὶ
282 1733 626 1802 συμπαθείας
658 1732 734 1795 ὼς
763 1731 979 1802 ἀληθῶς
1019 1728 1236 1793 σκεῦος,
1272 1728 1468 1797 αἵματι
1523 1720 1734 1792 προγό-

170 1842 262 1877 νων
333 1824 587 1886 Ἰουδαῖος
639 1822 737 1886 ὢν,
781 1823 1029 1892 Κύπριον
1075 1821 1138 1874 τὸ
1177 1820 1287 1874 ἀπὸ
1320 1818 1423 1886 τῆς
1476 1812 1737 1886 πατρίδος

169 1911 303 1970 εἷλκε
333 1915 530 1984 γένος’
564 1917 660 1968 καὶ
691 1918 720 1968 6
757 1915 938 1983 λόγιος
985 1913 1283 1976 Ἀπολλὼς,
1329 1914 1358 1964 ὁ
1404 1908 1483 1979 τῷ
1529 1905 1737 1977 κηρύγ-

171 2025 284 2076 ματι
323 2008 424 2074 τὴν
472 2008 710 2074 Ἔφεσον
735 1985 970 2074 φθάσας,
1034 2004 1129 2058 καὶ
1163 2003 1300 2071 πρὸς
1343 2002 1443 2072 τὴν
1512 1997 1736 2066 ’Δχαῖαν

168 2097 363 2160 διαϐὰς,
409 2097 713 2166 Ἰουδαϊκῆς
742 2096 1010 2166 ὑπάρχων
1038 2095 1237 2165 φυλῆς,
1291 2093 1391 2146 ὅσα
1455 2091 1534 2152 είς
1574 2087 1736 2156 φύσιν

167 2189 485 2259 ἀναφέρεται
513 2188 622 2239 τῶν
667 2187 1114 2258 γεννησαμένων,
1148 2185 1237 2239 διὰ
1286 2188 1386 2254 τῆς
1439 2179 1736 2250 παροικίας

168 2280 253 2348 τὴν
291 2279 704 2350 Ἀλεξάνδρειαν
751 2280 1100 2348 ἐπεγράφετο
1147 2277 1382 2348 πατρίδα
1409 2291 1423 2305 ο
1454 2272 1597 2326 οὕτω
1639 2270 1736 2323 καὶ

166 2372 190 2421 6
227 2371 360 2441 ἱερὸς
393 2370 632 2434 Παῦλος,
665 2368 724 2434 ἐξ
759 2370 1034 2424 Ἰουδαίων
1081 2385 1142 2421 τε
1174 2369 1301 2438 φὺς,
1362 2366 1456 2420 καὶ
1503 2367 1586 2426 εἰς
1637 2363 1735 2432 τὴν

168 2463 504 2532 Βενιαμίτιδα
531 2462 702 2532 φυλὴν
735 2463 1066 2532 ἁνηγμένος,
1103 2461 1351 2532 Ταρσοὺς
1403 2457 1514 2510 τῶν
1545 2455 1736 2508 τεκόν-

167 2573 263 2607 των
281 2555 376 2624 τὴν
415 2554 701 2624 Ἑλληνίδα
726 2553 884 2606 πόλιν
911 2551 1304 2622 ὲπῳκηκότων,
1330 2549 1602 2616 ἐκτήσατο
1629 2563 1735 2598 πα-

165 2647 322 2716 τρίδα.
347 2647 566 2716 Ὠσπερ
587 2646 644 2698 δὲ
669 2646 832 2698 πάλιν
858 2645 886 2696 6
903 2642 1203 2714 χιλίαρχος,
1231 2641 1319 2695 διὰ
1344 2641 1444 2709 μὲν
1466 2637 1575 2690 τῶν
1604 2635 1737 2706 φύν-

165 2753 262 2789 των
281 2736 373 2790 καὶ⁵
399 2736 510 2804 τῆς
534 2734 889 2804 ἐνεγκούσης,
923 2734 998 2796 ὡς
1056 2732 1400 2805 πορρωτάτω
1461 2727 1568 2794 τοῦ,
1599 2726 1734 2780 Ῥω-

172 2826 353 2896 μαϊκοῦ
382 2825 630 2879 διίστατο
663 2823 857 2893 γένους
879 2839 893 2852 ·
917 2822 1168 2893 χρήμασι
1189 2820 1267 2876 δὲ.
1296 2819 1371 2880 ὡς
1399 2815 1560 2877 αὐτὸς
1593 2816 1735 2866 ὲκεῖ-

170 2938 246 2984 νος
274 2919 625 2989 διωμολόγει,
655 2919 735 2980 είς
755 2902 855 2988 τὴν
883 2916 1107 2970 ἐκείνων
1127 2912 1380 2966 εὔκλειαν
1410 2907 1689 2978 ἀνελήφθη
1716 2922 1730 2936 ’

1844 1719 1976 1769 tatis
2000 1724 2054 1769 et
2075 1710 2472 1782 compassionis
2507 1725 2624 1773 vas,
2672 1723 2769 1776 per
2800 1706 3068 1774 majorum
3100 1704 3425 1773 sanguinem

1843 1805 2066 1861 Judwus
2096 1814 2236 1868 erat,
2265 1803 2358 1859 sed
2403 1801 2578 1872 patria
2623 1809 2777 1854 ortus
2825 1797 3005 1868 Cypro
3046 1813 3060 1851 :
3099 1806 3153 1850 ct
3183 1796 3427 1850 disertus

1844 1900 1933 1954 ille
1964 1898 2183 1968 Apollo,
2232 1897 2326 1967 qui
2361 1911 2454 1965 per
2483 1909 2639 1950 suam
2670 1890 3111 1961 praedicationem
3145 1887 3424 1956 Ephesum

1843 1992 2154 2061 occupavit,
2214 1999 2269 2044 et
2293 1989 2419 2043 inde
2448 1978 2666 2042 transiit
2688 1984 2741 2038 in
2767 1982 3053 2047 Achaiam,
3095 1996 3244 2044 cum,
3274 1979 3424 2048 quod

1845 2094 2098 2153 parentes
2151 2091 2383 2153 spectat,
2439 2081 2511 2135 de
2553 2079 2701 2132 tribu
2725 2075 2880 2130 Judae
2910 2083 3079 2138 esset,
3140 2073 3428 2142 provincia

1846 2185 2025 2230 tamen
2058 2173 2426 2228 Alexandrina
2457 2170 2780 2234 oriebatur;
2831 2167 2913 2222 sic
2955 2174 3010 2219 et
3043 2174 3269 2223 sanctus
3292 2162 3429 2216 Pau-

1845 2254 1950 2334 lus,
2004 2283 2034 2321 a
2063 2265 2267 2320 Judteis
2287 2272 2469 2327 ortus,
2519 2271 2575 2316 et
2607 2261 2672 2314 ad
2708 2260 2908 2314 tribum
2941 2255 3252 2327 Bcnjamiui
3289 2255 3428 2307 rela-

1845 2371 1950 2422 tus.
1981 2375 2046 2414 eo
2072 2359 2217 2429 quod
2250 2364 2501 2428 parentes
2528 2354 2761 2408 Tarsum
2799 2351 3046 2406 Graecam
3099 2349 3291 2402 urbem
3343 2346 3426 2399 in-

1842 2451 2116 2514 colebant,
2173 2465 2292 2508 eam
2348 2447 2454 2503 sibi
2511 2445 2742 2516 patriam
2798 2441 2992 2497 habuit
3042 2459 3056 2494 :
3123 2439 3426 2494 chiliarcba

1843 2544 2029 2598 itidem
2086 2557 2179 2610 per
2235 2541 2513 2608 genitores
2573 2551 2704 2590 suos
2758 2544 2970 2604 patrem
3019 2543 3077 2587 et
3127 2539 3358 2584 matrem
3395 2544 3426 2580 a

1843 2633 2091 2690 Romana
2137 2633 2354 2703 origine
2406 2629 2725 2698 longissime
2773 2627 2984 2689 aberat,
3043 2623 3137 2678 sed
3171 2623 3296 2676 data
3329 2636 3424 2689 pe-

1843 2728 2026 2790 cunia,
2083 2726 2230 2794 quod
2295 2723 2500 2778 fatetur
2560 2721 2697 2791 ipse,
2757 2719 2811 2772 in
2840 2717 3058 2770 illorum
3090 2713 3428 2768 nobilitatem

1841 2817 2224 2876 assnmebatur
2257 2834 2271 2871 :
2305 2824 2360 2871 et
2410 2815 2559 2868 velut
2611 2814 2742 2868 urbs
2778 2809 3032 2877 Philippi,
3088 2805 3424 2860 Macedonici

1844 2910 2126 2982 regiminis
2183 2905 2522 2977 metropolis,
2586 2919 2690 2960 nec
2735 2900 3053 2955 afﬁnitatem
3083 2896 3271 2950 habuit
3299 2911 3425 2948 cum

170 3011 254 3065 καὶ
281 2985 470 3080 ὥσπερ
493 2985 537 3080 '1)-
558 2985 840 3062 Φιλίππων
871 2996 1027 3069 πόλις
1057 3004 1156 3076 τῆς
1190 3002 1522 3058 Μακεδόνων
1563 3003 1731 3070 ἐπαρ-

1844 2999 2108 3054 llomauis
2141 2999 2306 3052 ullam
2331 3038 2346 3060 ,
2395 3006 2576 3050 tamen
2617 2998 2683 3047 de
2723 2991 2971 3045 Romano
3004 2989 3226 3044 nomine
3253 2985 3427 3054 putuit

170 3103 278 3174 χίας
327 3101 666 3174 μητρόπολις
720 3095 876 3164 οὖσα,
935 3099 1026 3151 καὶ
1078 3095 1232 3151 οὐδὲν
1283 3094 1494 3147 δίκαιον
1537 3092 1738 3162 ἔχουσα

171 3197 292 3265 πρὸς
352 3195 682 3264 συγγένειαν
757 3191 1066 3261 Ῥωμαίων,
1145 3189 1296 3258 ὅμως
1357 3184 1600 3256 ἠδυνήθη
1661 3183 1740 3253 τῷ

169 3287 362 3357 ταύτης
406 3286 639 3355 ὀνόματι
672 3283 1117 3352 λαμπρυνθῆναι.
1170 3279 1278 3332 Καὶ
1319 3278 1426 3347 γὰρ
1461 3277 1510 3329 οἱ
1558 3274 1741 3343 κύριοι

168 3375 258 3443 τῆς
315 3375 632 3444 παιδίσκης,
692 3374 751 3439 ἐξ
783 3369 852 3444 ἧς
911 3371 974 3424 τὸ
1035 3369 1129 3422 τοῦ
1176 3366 1431 3430 Πυθῶνος
1483 3364 1739 3435 ἀπηλάθη

171 3466 393 3537 πνεῦμα,
429 3464 870 3534 ἀγανακτοῦντες
896 3461 1038 3518 κατὰ
1064 3460 1174 3514 τῶν
1203 3461 1304 3530 τῆς
1333 3458 1592 3528 ἀληθείας
1637 3473 1740 3525 κη-

173 3558 360 3624 ρύκων,
393 3558 494 3611 καὶ
543 3557 681 3626 πρὸς
732 3556 858 3619 τοὺς
915 3553 1259 3624 στρατηγοὺς
1297 3552 1550 3614 ἕλκοντες
1613 3550 1742 3613 τοὺς

172 3649 582 3714 ἀπαλλάξαντας
623 3649 686 3702 τὸ
710 3647 941 3717 πλάσμα
963 3645 1058 3699 τοῦ
1084 3645 1387 3714 δαιμονίου,
1414 3641 1644 3712 ἐπείπερ
1707 3641 1740 3710 ἠ

171 3743 428 3810 θεραπεία
479 3739 557 3810 τῷ
612 3739 775 3792 πάθει
798 3738 1214 3808 συναπήλαυνεν
1271 3735 1454 3790 αὐτῶν
1487 3736 1582 3788 καὶ
1640 3733 1740 3804 τὴν

170 3833 449 3904 ἐμπορίαν,
491 3850 511 3883 ι
539 3825 703 3885 Οὗτοι
755 3831 803 3883 οἱ
835 3828 1140 3899 ἄνθρωποι,
1219 3828 1410 3895 φασὶν,
1468 3825 1742 3894 ἐκταράση

174 3941 344 3978 σουσιν
371 3922 537 3994 ἡμῶν
583 3922 680 3992 τὴν
717 3921 898 3983 πόλιν,
938 3919 1184 3975 Ἰουδαῖοι
1227 3917 1592 3988 ὑπάρχοντες,
1648 3917 1743 3969 καὶ

172 4015 624 4082 καταγγέλλουσιν
660 4011 780 4083 ἔθη,
812 4011 848 4066 ἃ
874 4013 976 4064 οὐκ
1012 4011 1227 4076 ἔξεστιν
1255 4012 1388 4080 ἡμῖν
1435 4007 1743 4080 παραδέχε-

174 4105 283 4158 σθαι
302 4106 422 4159 οὐδὲ
467 4107 666 4169 ποιεῖν,
709 4103 1003 4173 Ῥωμαίοις
1028 4097 1199 4157 οὖσιν.
1242 4125 1259 4153 ι
1311 4102 1475 4172 Ὁρᾷς
1516 4103 1663 4163 ὅπως
1692 4100 1743 4152 oi

171 4197 533 4266 Φιλιππήσιοι,
567 4199 636 4266 τῇ
698 4195 984 4266 Ῥωμαίων
1035 4194 1264 4256 ἑαυτοὺς
1322 4191 1743 4262 ἔπισεμνύνουσι

172 4288 372 4360 κλήσει.
399 4290 615 4359 Ὠσπερ
648 4287 706 4342 δὲ
736 4289 919 4348 πάλιν,
946 4287 1153 4341 τούτων
1177 4284 1431 4355 ὕστερον,
1477 4282 1740 4352 Ἰώσηπος

181 4357 437 4450 Ἐϐραίων
463 4396 524 4433 τε
554 4357 786 4448 γνησίας
816 4378 1028 4446 σπορᾶς
1050 4373 1448 4443 ὲκϐλαστήσας,
1481 4371 1575 4424 καὶ
1598 4369 1741 4424 αὐτὰ
1773 4357 1815 4412 D

177 4473 394 4542 πατρίδα
423 4471 494 4524 τὰ
534 4469 888 4541 Ἰεροσόλυμα
922 4465 1369 4537 κεκληρωμένος,
1435 4464 1493 4530 ἐξ
1545 4463 1739 4532 ἱερέων

171 4579 224 4614 τε
251 4565 343 4616 καὶ
373 4562 557 4632 ἱερεὺς
604 4561 736 4614 αὐτὸ
770 4559 932 4614 τοῦτο
989 4548 1362 4629 χρηματίσας,
1401 4555 1542 4626 πλὴν
1603 4554 1742 4624 πρὸς

170 4655 230 4723 τῇ
269 4654 558 4725 Ῥωμαίων
593 4651 810 4722 κλήσει,
855 4649 953 4704 καὶ
978 4651 1078 4719 τὴν
1114 4647 1372 4714 Φλάϐιος
1397 4646 1743 4716 ἐπεγράφετο

95 4784 97 4786 ς
177 4747 581 4818 προσηγορίανο
631 4745 660 4798 6
703 4743 876 4815 γέρας
927 4744 960 4813 ἡ
1007 4740 1105 4795 τοῦ
1154 4740 1572 4795 Οὐεσπασιανοῦ
1641 4741 1742 4792 ἒπ-

173 4841 372 4909 ωνυμία
385 4836 842 4908 τοῖςιῬωμαῖκὴν
877 4834 1136 4906 αὐχοῦσιν
1162 4834 1262 4905 τὴν
1285 4832 1610 4902 συγγένειαν
1635 4831 1742 4884 ἐδί-

173 4930 275 4987 δου.
330 4933 443 4986 Καὶ
487 4931 556 4996 ,οὐ
591 4931 752 5001 μόνον
815 4930 1088 4998 Ῥωμαῖον
1149 4927 1313 4979 αὐτὸν
1366 4926 1461 4979 καὶ
1511 4925 1743 4978 Φλάϐιον

177 5023 494 5094 ἀναγράφων
529 5021 770 5090 οὐδαμοῦ
805 5021 983 5087 ξενίας
1036 5021 1065 5072 6
1117 5017 1380 5088 Ἰώσηπος
1408 5018 1585 5072 ἑάλω·
1619 5017 1744 5069 καί-

177 5132 252 5167 τοι
272 5093 481 5169 πολλῶν
535 5114 616 5185 τῷ
647 5113 832 5183 φθόνῳ
879 5111 998 5164 κατ’
1048 5110 1216 5164 αὑτοῦ
1252 5093 1553 5180 βαλλόντων
1580 5125 1594 5139 ο
1627 5108 1744 5162 ἀλλ’

103 5232 114 5242 ·
178 5208 275 5261 οὐδ’
308 5209 532 5274 ἔνδειξιν
560 5206 814 5278 εἰσήχθη.
860 5205 924 5260 Εἰ
975 5203 1157 5274 βούλει
1192 5203 1250 5256 δὲ
1283 5205 1380 5258 καὶ
1435 5201 1575 5270 αὐτη
1633 5200 1744 5253 τῶν

188 5297 567 5369 Ἰεροσολύμων
629 5299 664 5366 ὴ
733 5294 911 5359 πόλις,
956 5296 1172 5362 γενεαῖς
1213 5293 1472 5363 ὑστέραις
1528 5295 1593 5344 ὲκ
1643 5293 1742 5363 τῆς

191 5391 456 5463 ’Λδριανοῦ
485 5388 873 5463 προσωνυμίας
906 5387 1006 5458 τὴν
1036 5386 1236 5440 Αἰλίων
1259 5385 1451 5456 κλῆσιν
1477 5385 1740 5455 λαχοῦσα,

246 5503 290 5533 ⁸⁸
325 5508 448 5561 Act.
481 5522 593 5571 ινι,
620 5504 712 5558 ‘20.

1844 3091 2108 3149 illustrari
2143 3109 2156 3145 :
2218 3106 2345 3144 nam
2385 3090 2552 3143 herus
2593 3087 2739 3139 illius
2765 3083 2975 3138 ancilla:
3005 3095 3034 3137 e
3065 3094 3170 3150 qua
3196 3077 3427 3146 spiritus

1843 3185 2185 3257 Pythouicus
2233 3182 2356 3250 fuit,
2412 3181 2731 3249 indignatus
2772 3185 2958 3230 c0ntra
2992 3171 3425 3236 veritatis-prac-

1843 3293 2032 3346 cones,
2088 3287 2141 3331 et
2171 3275 2394 3330 trahens
2427 3273 2546 3327 illos
2572 3270 2636 3326 ad
2679 3267 3061 3337 magistratum
3096 3259 3425 3331 puniendos,

1841 3371 1936 3440 qui
1986 3375 2293 3424 creaturam
2327 3363 2418 3417 Dei
2478 3377 2508 3416 a
2551 3359 2772 3415 diabolo
2808 3357 3156 3416 liberaverat,
3191 3365 3258 3404 eo
3283 3348 3428 3420 quod

1842 3474 1938 3531 per
1989 3457 2328 3514 curationem
2388 3453 2535 3507 illam
2571 3451 2788 3505 illorum
2831 3460 3052 3516 quoque
3084 3446 3297 3497 lucrum
3329 3442 3426 3493 ab.

1843 3551 2101 3618 sciderat,
2145 3568 2163 3602 ι
2193 3549 2287 3605 Isti
2320 3547 2587 3610 homines,
2621 3543 2902 3613 inquiens,
2926 3555 3052 3596 cum
3095 3538 3207 3592 sint
3234 3534 3428 3592 Judaei,

1844 3654 2088 3700 nostram
2139 3641 2469 3699 conturbant
2517 3637 2817 3697 civitatem,
2865 3644 2919 3688 ct
2956 3632 3219 3702 quasdam
3275 3628 3433 3684 nobis

1843 3735 2146 3790 obtrudunt
2213 3729 2680 3792 consuetudines,
2750 3741 2890 3794 quas
2965 3723 3256 3777 admittere
3319 3734 3428 3772 nou

1843 3828 2133 3889 debemus,
2201 3839 2327 3881 cum
2403 3820 2635 3875 Romani
2688 3820 2864 3872 simus
2905 3817 2972 3870 ⁸⁸.
3027 3834 3043 3865 ι
3119 3812 3284 3866 Vides
3342 3810 3432 3864 hic

1842 3919 2222 3987 Philippeuses
2291 3915 2451 3969 titulo
2512 3927 2572 3965 se
2628 3911 2878 3964 Romano
2929 3905 3300 3960 venditantes.
3360 3901 3428 3956 Et

1845 4021 1968 4084 post
2014 4026 2079 4066 ea
2134 4019 2403 4077 tempora,
2458 4003 2732 4072 Josepbus
2780 4018 2810 4057 a
2864 3999 3093 4054 .ludaica
3130 3995 3431 4069 propagine

1844 4103 2078 4175 genuina
2118 4101 2354 4170 genitus,
2396 4107 2450 4153 et
2505 4096 2735 4166 patriam
2770 4093 2998 4148 sortitus
3043 4088 3369 4150 Jerusalem,
3402 4105 3433 4139 e

1845 4198 2190 4254 sacerdotum
2253 4192 2423 4259 stirpe
2466 4188 2726 4246 sacerdos
2784 4187 2900 4257 ipse
2934 4225 2952 4250 ,
3044 4192 3226 4234 tamen
3280 4194 3432 4233 more

1849 4293 2099 4346 llomano
2155 4285 2376 4339 Flavius
2431 4282 2716 4335 dicebatur
2765 4295 2779 4334 :
2849 4291 3015 4347 quem
3071 4273 3151 4328 illi
3206 4270 3432 4325 honoris

1849 4383 2104 4444 titulum,
2161 4375 2484 4446 Vespasiani
2535 4385 2852 4443 praenomen
2907 4366 3077 4430 dedit,
3135 4379 3260 4418 cunt
3319 4361 3432 4414 illis

1848 4487 2219 4532 communem,
2285 4468 2382 4537 qui
2438 4462 2927 4534 consanguinitate
2979 4472 3104 4514 cum
3167 4454 3428 4508 Romanis

1847 4563 2252 4624 efferebantur?
2306 4559 2417 4615 Nec
2433 4557 2698 4627 Josepbo,
2729 4555 2820 4624 qni
2859 4553 3167 4606 Romanum
3216 4555 3271 4601 et
3301 4544 3427 4598 Fla-

1848 4660 1999 4714 Viutn
2039 4653 2379 4724 indigitabat,
2419 4651 2596 4706 dicam
2622 4647 2787 4717 aliqui
2825 4644 3005 4711 ξενίας
3057 4639 3424 4710 inscripsere;

1845 4765 1972 4804 cum
2023 4760 2204 4802 tamen
2258 4761 2324 4800 ex
2359 4743 2559 4797 invidia
2604 4742 2679 4795 illi
2731 4741 2916 4808 plures
2965 4736 3426 4793 adversarentur;

1847 4841 1943 4896 sed
1975 4854 2075 4893 nec
2091 4837 2405 4907 rapiebatur
2433 4832 2550 4888 κατ’
2570 4832 2819 4896 ἔνδειξιν,
2849 4830 2919 4883 ad
2939 4825 3130 4897 judicii
3154 4821 3425 4880 tribunal:

1848 4949 2040 4989 verum
2082 4941 2136 4986 et
2197 4930 2314 4999 ipsa
2381 4931 2512 4983 urbs
2582 4920 3113 4992 llierosolymitana,
3172 4915 3423 4985 sequenti

1847 5025 2070 5088 swcttlo,
2137 5023 2204 5079 de
2256 5021 2480 5077 Adriani
2529 5017 2749 5074 nomine
2787 5013 2948 5071 [Elite
2973 5012 3131 5066 titulo
3160 5007 3424 5077 insignit-.—

1851 5120 2044 5182 batur,
2097 5126 2152 5171 et
2207 5131 2377 5187 genus
2433 5115 2535 5168 hoc
2591 5121 2747 5181 pacto
2809 5109 3060 5165 indutum
3112 5104 3423 5160 Romanum

1849 5207 2214 5262 conmmniter
2265 5219 2482 5273 semper
2543 5201 2862 5258 vocabatur.
2946 5191 3417 5265 Quemadmodum

1847 5307 2030 5353 autem
2084 5299 2173 5352 isti
2199 5313 2412 5358 utunes,
2450 5297 2674 5350 natione
2704 5304 2757 5348 et
2785 5292 2961 5362 patria
3002 5303 3128 5342 cum
3160 5283 3425 5348 alienige-

1848 5407 1932 5444 na:
1981 5401 2186 5454 essent,
2237 5390 2288 5444 in
2317 5389 2593 5445 civitatem
2641 5385 2944 5441 Romanam
2977 5378 3134 5435 asciti
3175 5375 3424 5436 fuerant;

1688 5561 1918 5619 NOTAE.

247 5665 354 5730 (Ἥ)
386 5665 504 5722 Haec
525 5675 756 5735 quaestio
781 5667 832 5720 iu
859 5665 978 5720 cod.
1024 5662 1247 5735 Taurin.
1282 5661 1462 5714 iudice
1503 5673 1610 5735 non
1638 5673 1733 5710 nu-

185 5745 416 5793 meratur
436 5753 451 5805 ;
470 5731 591 5794 inde
617 5733 1224 5804 aCoisliniauodiﬂ'ert,
1245 5749 1372 5788 cum
1403 5745 1511 5803 quo
1539 5731 1591 5784 in
1621 5743 1723 5782 utt-

1843 5671 1990 5709 mcro
2013 5665 2066 5712 ct
2095 5657 2286 5713 ordine
2309 5656 2454 5712 circa
2483 5655 2580 5710 I58
2607 5655 2817 5724 priores
2835 5651 3168 5721 quaestiones
3191 5663 3428 5702 consen-

1837 5738 2003 5782 serat.
