3846 6188
439 277 538 342 691

1576 294 1851 354 .PHOTII
1883 296 2392 356 PATRIABCH/E
2430 297 2543 358 CP.
3559 309 3647 372 ﬂ92

439 391 518 443 sic
551 397 604 444 et
636 390 775 444 beati
810 391 958 446 Pauli
998 377 1248 462 parentes
1275 414 1400 453 cum
1433 401 1595 454 vitam
1615 419 1766 457 suam
1789 414 1996 473 agerenl

2111 391 2509 473 δημοποιητὺν,
2543 406 2619 469 ὡς
2650 407 2817 475 φάναι
2846 409 2907 461 τὸ
2938 407 3090 476 ἔπος,
3122 409 3184 462 τὺ
3211 409 3486 481 Ῥωμαίων
3516 418 3648 482 γένος

438 480 632 533 nonin
682 482 912 538 obscura
962 497 1120 554 gente
1158 486 1492 557 Iuda-orum,
1554 493 1646 547 sed
1693 495 1831 547 ultra
1860 509 2011 547 eom-

438 589 656 626 munem
710 577 1054 645 popularium
1095 590 1295 634 sortem
1327 582 1476 651 digni
1514 584 1876 649 habebantur,
1912 586 2008 655 qui

435 663 684 718 tribubus
741 665 1001 722 Romanis
1062 670 1281 738 ascripti
1357 684 1410 726 et
1474 675 1732 729 societate
1817 664 2008 730 eorum

434 756 732 822 gauderent
769 774 782 809 :
823 757 1023 813 Paulus
1078 765 1374 829 prudenter
1408 768 1573 822 sortis
1615 777 1853 837 paterna:
1883 786 2008 826 suc-

433 846 761 910 cessionem,
801 859 854 902 et
902 850 1235 906 nobilitatem
1262 855 1326 909 ad
1365 871 1421 910 se
1452 873 1480 910 a
1515 861 1830 926 parentibus
1862 862 2006 915 deri-

434 945 612 990 vatam
655 955 760 992 non
796 940 1096 1009 ignorabat.
1147 944 1405 1015 Deinceps
1440 947 1604 1018 igitur
1635 950 1730 1004 tibi
1759 966 1910 1006 curae
1937 952 2010 1006 sit

434 1041 545 1079 non
607 1030 766 1082 modo
829 1032 987 1086 dubia
1039 1049 1362 1104 proponere,
1413 1040 1505 1092 sed
1564 1048 1619 1094 et
1678 1043 2008 1111 peculiarem

434 1117 652 1173 illorum
710 1122 1037 1178 solutionem
1105 1139 1410 1196 acceptare,
1464 1139 1518 1184 et
1557 1131 1646 1186 illa
1687 1142 2007 1188 contentum

433 1226 554 1265 esse
613 1229 626 1264 :
688 1229 813 1267 nam
858 1216 905 1269 si
961 1217 1086 1286 quis
1145 1220 1458 1276 dialecticas
1518 1225 1877 1292 quaestiones,
1939 1227 2008 1280 ab

434 1302 776 1366 immediatis,
809 1315 862 1358 et
880 1307 1071 1375 primis
1103 1319 1154 1363 et
1186 1311 1319 1364 καθ’
1345 1313 1480 1366 αὐτὸ
1512 1326 1741 1369 conetur
1773 1318 2004 1384 solvere,

431 1393 672 1449 ludibrio
693 1397 1000 1461 habebitur,
1023 1416 1125 1455 nec
1142 1404 1408 1458 mendacii
1437 1407 1658 1476 effugiet
1688 1410 1961 1466 actionem
1984 1428 1998 1476 ;

429 1495 485 1538 et
545 1486 589 1540 si
647 1487 772 1556 quis
837 1489 892 1542 in
945 1490 1233 1548 rhetoricis
1289 1497 1505 1565 regulas
1559 1498 1920 1554 elementares
1945 1511 2005 1556 ut

387 1594 393 1598 ·
432 1579 766 1634 necessarias
818 1582 1096 1651 requirat;
1159 1587 1205 1640 si
1265 1587 1319 1640 in
1358 1589 1762 1645 mathematicis
1788 1591 2005 1661 politica

429 1668 762 1725 theoremata
800 1684 853 1727 et
880 1676 1246 1744 superficiales
1274 1679 1652 1747 persuasiones
1685 1683 1738 1735 in
1763 1683 2002 1736 medium

2112 495 2299 548 ὑπέδυ.
2325 498 2536 565 Ὠσπερ
2558 497 2650 550 οῦν
2667 491 2812 552 οὗτοι
2842 501 3061 567 πάντες,
3088 501 3272 565 ἔθνους
3300 506 3390 556 καὶ
3423 508 3647 575 πατρίδος

2111 586 2264 648 ὄντες
2295 588 2595 657 ἀλλόφυλον
2631 589 2672 653 ι,
2707 593 2786 655 εἰς
2817 592 2914 662 τὴν
2957 593 3269 665 Ῥωμαϊκὴν
3308 595 3543 650 ἐτέλεσαν
3569 617 3649 661 πο-

2111 677 2473 749 λιτογραφίαν
2507 697 2522 713 ο
2557 680 2700 735 οὕτω
2752 684 2845 735 καὶ
2894 685 2944 736 οἱ
2993 683 3086 738 τοῦ
3128 687 3414 740 θεσπεσίου
3465 690 3648 743 Παύλου

2111 774 2308 836 γονεῖς,
2341 773 2441 824 οὐκ
2471 773 2528 825 ἐν
2549 773 2626 844 τῷ
2651 767 2898 845 λεληθότι
2925 776 3024 846 τῆς
3071 777 3365 848 Ἰουδαϊκῆς
3404 780 3645 844 πολιτείας

2114 861 2379 930 βιοῦντες,
2417 863 2551 916 ἀλλά
2582 866 2676 917 καὶ
2696 865 2803 918 τῶν
2828 866 3038 918 πολλῶν
3062 866 3274 937 ἔχοντές
3295 885 3348 920 τι
3376 869 3543 929 πλέον,
3569 871 3650 940 τῆς

2127 951 2452 1023 Ῥωμαῖκῆς
2479 957 2716 1025 φατρίας
2751 957 2976 1026 φυλέται
2995 957 3084 1011 διὰ
3104 960 3201 1026 τῆς
3228 961 3506 1029 ἐγγραφῆς
3527 962 3651 1030 ἐκρί-

2120 1045 2294 1114 θησαν
2328 1047 2427 1098 ούκ
2452 1046 2663 1114 ἀνάξιοι
2690 1051 3027 1118 χρηματίσαι
3047 1067 3063 1081 ·
3111 1050 3172 1115 ἐξ
3199 1045 3260 1102 οῦ
3311 1052 3405 1104 καὶ
3433 1053 3459 1102 6
3515 1053 3652 1118 σοφὸς

2115 1133 2331 1197 Παῦλος
2362 1135 2613 1206 διαδοχῆς
2661 1138 2851 1208 κλήρῳ
2905 1139 3004 1208 τὴν
3071 1139 3357 1209 Ῥωμαίων
3403 1142 3651 1209 εὐγένειαν

2112 1225 2380 1295 πατρόθεν
2412 1227 2561 1297 αὐτῷ
2587 1227 2880 1282 κατιοῦσαν
2899 1230 2999 1282 ούκ
3034 1231 3236 1299 ἠγνόει.
3270 1231 3344 1283 Τὸ
3367 1231 3541 1284 λοιπὸν
3566 1251 3654 1302 μη-

2116 1317 2234 1370 κέτι
2261 1335 2344 1370 σοι
2395 1319 2456 1371 τὸ
2498 1320 2724 1390 ἀπορεῖν
2757 1322 2919 1389 μόνον
2944 1337 2959 1350 '
2991 1322 3128 1376 ἀλλά
3176 1323 3314 1377 πολὺ
3367 1325 3555 1393 μᾶλλον
3596 1326 3648 1378 τδ

2110 1407 2390 1479 ἐπιζητεῖν
2419 1410 2479 1463 τὸ
2528 1413 2725 1464 οἰκεῖον
2754 1412 2866 1465 τῶν
2901 1412 3136 1478 λύσεων,
3179 1416 3275 1467 καὶ
3321 1417 3530 1484 ἀγαπᾷν
3553 1419 3653 1470 ἐπι-

2113 1502 2302 1571 μέλεια
2341 1503 2598 1570 γινέσθω.
2641 1504 2854 1575 Ὥσπερ
2886 1505 2996 1576 γὰρ
3026 1505 3182 1569 εἴτις
3212 1508 3279 1560 τά
3325 1507 3464 1559 κατά
3503 1507 3654 1560 διαλε-

2110 1593 2307 1664 κτικὴν
2338 1594 2653 1665 ζητήματα,
2701 1597 2761 1661 ἐξ
2798 1599 3022 1666 ἀμέσων
3052 1617 3113 1651 τε
3170 1601 3264 1652 καὶ
3311 1598 3536 1668 πρώτων
3573 1601 3653 1654 καὶ

2107 1682 2215 1735 τῶν
2247 1682 2366 1735 καθ’
2390 1684 2545 1748 αὐτὸ,
2587 1683 2825 1754 πειρῷτο
2853 1685 3234 1748 διαλύσασθαι,
3282 1685 3454 1746 διδοὺς
3483 1685 3538 1737 τὸ
3575 1702 3656 1754 γε.

427 1760 672 1827 ρι·οΙ“οιΊ·ο
707 1765 957 1840 vetuerit,
1005 1785 1073 1822 ne
1140 1770 1267 1837 quid
1328 1770 1527 1826 fcedius
1560 1773 1761 1840 dicam,
1806 1773 1880 1828 ita
1920 1782 1996 1828 est

2109 1774 2274 1837 λοῖον,
2306 1774 2426 1827 οὐδὲ
2453 1775 2554 1842 τὴν
2577 1775 2669 1826 τοῦ
2699 1775 2928 1844 ψεύδους
2959 1776 3116 1846 δίκην
3141 1777 3426 1844 διαφεύγει
3449 1792 3461 1805 ·
3488 1777 3571 1828 καὶ
3609 1777 3655 1829 ἐν

425 1862 480 1903 et
512 1852 633 1915 hic;
675 1857 790 1918 sed,
830 1866 892 1910 et
912 1859 956 1911 si
979 1860 1104 1928 quis
1135 1861 1297 1914 etiam
1330 1862 1616 1918 historicas
1645 1864 2007 1932 quaestiones,

427 1957 536 1995 non
571 1959 635 1998 ex
684 1945 909 2002 historia
945 1952 1041 2004 sed
1075 1952 1294 2006 aliunde
1313 1954 1512 2017 solvat,
1544 1971 1650 2008 non
1677 1964 1760 2010 est
1790 1971 2012 2026 speran-

425 2033 554 2086 dum
614 2050 777 2103 posse
828 2039 980 2094 illum
1040 2044 1108 2097 ad
1153 2043 1470 2099 historicam
1521 2047 1807 2102 veritatem
1873 2063 2000 2116 per-

425 2127 642 2194 venire;
672 2128 743 2184 ita
769 2143 822 2184 et
855 2131 962 2186 hic.

2113 1865 2374 1936 ῥητορεία
2402 1868 2728 1936 γραμμικάς
2754 1870 2781 1921 6
2809 1868 3060 1927 ἀπαιτῶν
3093 1869 3365 1937 ἀνάγκας,
3396 1869 3485 1921 καὶ
3514 1869 3539 1920 6
3566 1869 3655 1920 τῶν

2110 1958 2248 2010 κατά
2280 1958 2349 2010 τὰ
2401 1958 2699 2029 μαθήματα
2732 1959 3109 2030 θεωρημάτων
3156 1961 3440 2023 πολιτικάς
3497 1977 3548 2012 τε
3579 1959 3655 2013 καὶ

2111 2049 2469 2114 ἐπιπολαίους
2498 2052 2713 2115 πίστεις
2751 2052 3043 2123 ἐπιχειρῶν
3090 2051 3446 2122 προκομίζειν
3501 2067 3655 2120 παρα·

2111 2141 2341 2209 πλήσιόν
2376 2159 2448 2200 τι,
2517 2142 2605 2194 ἵνα
2665 2141 2737 2210 μὴ
2775 2140 3256 2211 ἀσχημονέστερον
3303 2139 3458 2201 εἴπω,
3510 2152 3655 2191 κατα-

422 2215 694 2284 λαμϐάνει
720 2235 733 2249 ’
756 2221 850 2272 καὶ
879 2221 1002 2282 τοὺς
1035 2222 1150 2274 ὅσοι
1179 2222 1287 2274 τῶν
1315 2225 1438 2278 καθ’
1465 2227 1713 2297 ἱστορίαν
1747 2226 2078 2297 ζητημάτων
2145 2230 2246 2294 οὐχ
2312 2233 2623 2301 ἱστορικῶς,
2673 2231 2791 2286 ἀλλ’
2861 2232 2921 2295 ἐξ
2967 2233 3155 2302 ἐτέρου
3214 2230 3429 2300 γένους,
3492 2229 3657 2282 ἐλπίδα

424 2311 729 2378 ἀνέχουσιν,
759 2316 839 2374 είς
874 2314 1111 2384 μάθησιν
1139 2316 1314 2369 ἐλθεῖν
1342 2317 1444 2386 τῆς
1467 2320 1747 2388 ἀληθείας.

423 2402 752 2471 quasue
777 2404 1008 2460 cxvui.
1059 2405 1434 2478 [Coisl.GXL,
1495 2410 2002 2483 Taur.cxxx1x.]

774 2496 881 2552 Cur
901 2501 1237 2554 circumcisus
1269 2511 1347 2554 est
1377 2501 1620 2556 Christus
1639 2507 1664 2559 ?

2639 2406 2977 2459 ΕΡΩΤΗΣΙΣ
3008 2407 3160 2458 Pili".

2406 2499 2513 2556 Διὰ
2543 2500 2600 2553 τί
2626 2499 2986 2567 περιετμήθη
3017 2502 3048 2551 ὀ
3105 2498 3361 2565 Χριστός
3387 2514 3408 2562 ;

1185 2614 1325 2665 Edita
1350 2632 1376 2666 a
1399 2617 1698 2668 Montacutio
1721 2621 1825 2682 (ep.
1857 2619 1969 2680 2l8,
1999 2620 2064 2668 ad
2085 2621 2260 2682 Georg.
2285 2616 2563 2677 Nicomed.,
2587 2629 2632 2677 p.
2664 2613 2914 2674 580-583).

492 2716 842 2774 Prol‘unditas
873 2722 1073 2777 divinm
1099 2723 1483 2787 Providentiae,
1521 2740 1616 2793 per
1646 2740 1808 2793 quam
1840 2723 2000 2780 Jesus

418 2809 670 2866 Christus
700 2813 837 2868 Deus
866 2824 1051 2868 noster
1082 2817 1136 2868 in
1162 2831 1328 2870 carne
1357 2832 1456 2870 sua
1479 2818 1996 2883 circumcidebatur,

417 2902 471 2956 in
499 2902 834 2972 judiciorum
851 2907 1109 2976 abyssum
1135 2909 1684 2978 inipervestigabilem
1701 2909 1996 2963 humanam

416 3007 841 3063 exsuperantem
874 2999 1292 3069 cogitationem
1343 3000 1684 3068 immergitur
1740 3019 1754 3054 :
1790 2996 1918 3055 'lioc
1966 3016 1998 3056 θ

2175 2726 2248 2776 Τὸ
2284 2725 2381 2791 μὲν
2413 2721 2711 2792 βαθύτερον
2742 2720 2844 2788 τῆς
2875 2720 3156 2790 Προνοίας,
3196 2718 3266 2771 δι’
3292 2719 3362 2789 ἢν
3403 2715 3591 2787 Ἰησοῦς
3628 2713 3656 2770 6

2104 2815 2340 2885 Χριστὸς
2371 2815 2464 2866 καὶ
2486 2813 2618 2875 Θεὸς
2651 2813 2832 2882 ἡμῶν,
2866 2812 3031 2881 σαρκὶ
3059 2811 3155 2880 τὴν
3177 2811 3479 2883 περιτομὴν
3500 2809 3652 2879 ἔσχεν,

2103 2910 2182 2972 εἰς
2215 2909 2306 2960 τὸν
2348 2905 2770 2974 ἀνεξερεύνητον
2810 2903 2974 2956 αὑτοῦ
3029 2904 3136 2956 τῶν
3170 2906 3456 2973 χριμάτων
3493 2901 3651 2970 βυθὸν,

2100 2999 2199 3068 τῆς
2234 2997 2585 3069 ἀνθρωπίνης
2643 2995 2962 3067 ἀναχωροῦν
3010 2997 3272 3058 διανοίας,
3317 2995 3648 3048 καταδύεταιο

417 3089 658 3145 doctrina
692 3089 970 3146 beatorum
1005 3092 1226 3146 Patrum
1270 3102 1572 3161 acceptum;
1613 3092 1849 3161 denique
1893 3093 1996 3160 ipsi

2104 3093 2137 3146 ἃ
2162 3091 2239 3158 δὲ,
2273 3090 2491 3143 καὶτῶν
2516 3090 2804 3160 μακαρίων
2828 3089 2983 3160 ἡμῶν
3012 3090 3278 3159 Πατέρων
3317 3088 3650 3141 διδασκόντων

417 3186 483 3239 ad
522 3186 885 3253 cognitionem
939 3184 1299 3252 cogitationes
1335 3192 1554 3237 nostras
1587 3191 1992 3248 convertentcs,

416 3291 808 3347 t-Ogiioscemus
831 3290 940 3328 non
968 3290 1086 3328 esse
1109 3274 1326 3342 penitus
1358 3273 1649 3328 insolubile
1681 3291 1693 3327 :
1724 3274 1994 3343 imprimis

416 3367 561 3420 enim
603 3381 732 3420 caro
762 3365 841 3418 illi
883 3366 1399 3430 circumcidebatur,
1448 3363 1514 3418 ad
1553 3364 1995 3432 redarguendum

415 3474 510 3512 eos
567 3458 660 3528 qui
712 3457 875 3511 Vetus
933 3457 1347 3510 Testamentum
1410 3456 1883 3524 blasphemahant,
1944 3464 1999 3510 et

415 3550 670 3603 ronvitiis
723 3547 1087 3619 legislatorem
1121 3547 1617 3615 prosequebantur.
1676 3544 1815 3599 Cum
1844 3546 1992 3599 enim

414 3638 889 3692 circumcisioucm
910 3637 981 3691 ibi
1003 3636 1331 3702 institutam,
1363 3634 1509 3704 quod
1531 3651 1726 3705 negare
1749 3651 1853 3688 non
1872 3651 1998 3705 pos-

415 3737 578 3792 sunt,
628 3727 674 3782 is
727 3728 954 3792 subiret,
998 3726 1092 3795 qui
1138 3726 1350 3790 bonus,
1411 3734 1465 3778 et
1511 3724 1652 3779 Deus
1705 3725 1993 3792 existebat,

418 3829 602 3888 aperte
668 3827 855 3888 patet,
941 3818 1112 3888 legem
1193 3817 1260 3871 dc
1338 3816 1756 3871 circumcisione
1817 3815 1996 3870 fcren-

419 3925 524 3967 tem
566 3921 620 3967 et
665 3913 870 3967 bonum
925 3927 1145 3980 quoque
1189 3926 1332 3976 esse,
1376 3918 1430 3964 et
1481 3911 1610 3964 boni
1676 3910 1992 3978 largitorem

418 4009 604 4074 fuisse,
646 4008 912 4077 ejusdem,
955 4008 1116 4074 cujus
1166 4007 1244 4060 illi
1295 4015 1471 4070 erant,
1527 4006 1852 4074 participem
1891 4020 1991 4059 na-

413 4109 570 4154 turaa.
604 4099 722 4152 Non
755 4100 900 4152 enim
939 4099 986 4153 si
1021 4099 1144 4168 quis
1185 4113 1252 4152 ex
1282 4098 1536 4166 epposito
1578 4097 1796 4158 fuisset,
1832 4095 1992 4149 honi-

422 4193 551 4245 tatis
583 4191 704 4246 fons
735 4191 803 4244 ab
830 4191 947 4259 ipso
979 4201 1158 4259 guttas
1187 4185 1400 4258 aliquas
1424 4189 1492 4242 de
1526 4203 1690 4241 carne
1718 4187 1994 4242 distillan-

418 4294 497 4336 tes
551 4283 911 4338 ostenderet:
969 4284 1268 4352 quocirca,
1342 4288 1400 4332 ut
1475 4281 1714 4348 patentia
1799 4291 1991 4333 contra

417 4377 628 4430 Patrem
661 4391 776 4442 ora,
800 4375 885 4428 vel
918 4382 1109 4428 contra
1137 4372 1334 4426 Filium
1371 4371 1684 4440 blaspheme
1713 4371 1991 4440 loquentia

2102 3186 2195 3235 καὶ
2222 3183 2379 3235 αὐτοὶ
2427 3180 2853 3243 διασκοποῦντες
2907 3181 3162 3241 συνιδεῖν,
3205 3182 3308 3250 οὐχ
3349 3180 3647 3249 εὑρίσκομεν

2102 3273 2210 3326 ἄπο
2222 3290 2330 3343 ρον.
2355 3271 2574 3343 Πρῶτον
2610 3273 2706 3342 μὲν
2737 3273 2824 3324 ἐπ’
2849 3272 3059 3342 ἐλέγχῳ
3080 3273 3346 3342 τέμνεται
3378 3271 3472 3340 τὴν
3500 3271 3653 3338 σάρκα

2097 3365 2206 3417 τῶν
2229 3364 2326 3434 την
2366 3364 2612 3416 Παλαιὰν
2639 3362 3068 3432 δυσφημούντων
3099 3362 3401 3432 Διαθήκην,
3445 3363 3530 3414 καὶ
3576 3360 3652 3411 τὸν

2098 3456 2156 3508 ἐν
2186 3456 2320 3525 αύτῇ
2347 3456 2780 3524 νομοθετήσαντα
2802 3453 2993 3524 ὕϐρεσι
3019 3452 3347 3522 βαλλόντων.
3378 3455 3450 3504 Δι’
3475 3444 3541 3504 ὧν
3559 3449 3650 3519 γὰρ

2098 3548 2199 3617 τὴν
2239 3546 2450 3599 ἐκεῖθεν
2473 3547 2720 3598 δοθεῖσαν
2757 3546 3084 3615 περιτομὴν,
3150 3547 3228 3607 ῶς
3264 3545 3372 3597 οὐδ’
3425 3544 3488 3597 ἂν
3516 3542 3649 3594 αὐτοὶ

2098 3638 2410 3708 ἀρνηθεῖεν,
2460 3640 2488 3689 6
2521 3636 2721 3704 ἁγαθός
2752 3655 2813 3690 τε
2858 3639 2952 3690 καὶ
2983 3637 3196 3707 ἀληθὴς
3258 3637 3392 3700 Θεὸς
3441 3635 3646 3700 ὑπέστη,

2097 3733 2212 3792 τοῖς
2244 3730 2428 3799 ἔργοις
2459 3729 2644 3791 αὐτοῖς
2673 3730 2963 3798 μαρτυρεῖ,
2997 3727 3091 3779 τὸν
3120 3726 3224 3795 τῆς
3259 3727 3550 3796 περιτομῆς
3571 3739 3644 3774 νο·

2103 3819 2338 3889 μοθέτην
2362 3819 2567 3886 ἀγαθόν
2611 3835 2672 3870 τε
2714 3814 2874 3884 εἶναι,
2929 3818 3024 3870 καὶ
3067 3815 3290 3885 ἀγαθῶν
3323 3815 3537 3886 δοτῆρα,
3569 3817 3646 3866 καὶ

2096 3911 2197 3980 τῆς
2213 3911 2388 3982 αὐτῆς¹
2419 3910 2636 3979 φύσεως
2680 3909 2957 3964 κοινωνόν.
2985 3910 3060 3962 Ού
3094 3908 3206 3976 γὰρ
3251 3909 3316 3963 ἄν
3343 3925 3482 3969 τινος
3515 3904 3646 3964 bim;

2096 4001 2369 4064 ἐναντίας,
2413 4001 2444 4068 ἡ
2477 3998 2576 4068 τῆς
2606 3999 2944 4068 ἀγαθότητος
2971 3998 3123 4068 πηγὴ
3171 3997 3275 4058 τὰς
3329 3996 3531 4049 ἐκεῖθεν
3564 3990 3644 4044 τοῦ

2095 4091 2261 4160 νόμου
2304 4090 2525 4160 ῥανίδας
2563 4090 2653 4142 διὰ
2709 4091 2808 4159 τῆς
2853 4089 3057 4160 σαρκὸς
3110 4088 3396 4141 ἐπεδείκνυ
3451 4100 3645 4156 προχεο-

2099 4183 2287 4252 μένας.
2323 4183 2443 4234 Ἵνα
2466 4181 2647 4235 οῦντά
2675 4180 2941 4234 ἀπύλωτα
2985 4183 3251 4250 στόματα,
3305 4181 3374 4233 τά
3403 4178 3534 4232 κατὰ
3563 4173 3644 4228 τοῦ

2097 4275 2326 4344 Πατρδς,
2354 4274 2388 4344 ἢ
2421 4275 2515 4326 καὶ
2526 4273 2645 4327 κατ’
2669 4272 2831 4325 αὑτοῦ
2857 4289 2920 4340 γε
2937 4273 3031 4324 τοῦ
3057 4271 3188 4324 Υίοῦ
3205 4272 3306 4342 τὴν
3323 4267 3642 4341 βλασφημίαν

2092 4367 2400 4436 λαλήσαντα
2447 4365 2774 4436 ἐπιστομίσῃ
2828 4365 2889 4434 (ι
2933 4364 3118 4418 Πάντα
3163 4363 3381 4434 γάρςτά
3423 4361 3512 4414 τοῦ
3543 4361 3640 4411 Πα-

415 4470 697 4522 obturaret
727 4470 772 4536 (‹
793 4467 989 4520 Omnia
1019 4465 1166 4518 enini
1199 4465 1376 4518 Patris
1416 4462 1538 4517 Filii
1570 4471 1721 4529 sunt,
1772 4477 1836 4517 ea
1868 4478 1990 4532 quas

2104 4459 2221 4528 πρὸς
2265 4457 2359 4510 τοῦ
2383 4455 2513 4509 Υίοῦ
2541 4457 2676 4508 ἐστι·
2711 4456 2825 4517 καὶ,
2861 4455 2897 4508 ἃ
2926 4457 3071 4507 ποιεῖ
3094 4456 3121 4506 6
3153 4454 3345 4522 Πατὴρ
3368 4454 3459 4506 καὶ
3483 4453 3509 4504 6
3533 4450 3640 4506 Ti”;

414 4562 542 4615 facit
567 4560 744 4624 Pater,
779 4559 911 4613 facit
943 4565 997 4610 et
1048 4555 1219 4609 Filius
1251 4556 1317 4623 ι),
1353 4571 1574 4610 carnem
1605 4557 1688 4611 sui
1733 4556 1986 4625 praeputii

413 4634 801 4718 circumcidit;
842 4659 896 4704 et
935 4664 1042 4701 una
1071 4649 1292 4702 sustulit
1341 4649 1635 4702 multaruni
1685 4649 1983 4716 impiarum

413 4747 704 4800 haeresium
750 4741 1074 4796 occasiones
1110 4749 1181 4795 σοι
1228 4756 1409 4794 ansas.
1472 4740 1749 4803 Secundo,
1807 4743 1988 4796 recole

414 4853 628 4890 mecum
663 4845 717 4889 et
775 4832 961 4886 istud:
995 4829 1242 4886 Audebat
1292 4833 1418 4884 olim
1453 4833 1654 4901 impius
1697 4832 1788 4885 ille
1823 4834 1986 4887 luere-

411 4928 630 4984 siarcha
661 4921 1057 4994 Apollinarius'
1086 4924 1397 4991 prodigiosa
1441 4925 1688 4991 quasdam
1750 4925 1984 4979 commi-

412 5017 570 5080 nisci,
623 5013 766 5084 quod
798 5026 924 5065 caro
970 5021 1248 5079 assumpta
1284 5028 1378 5081 per
1435 5011 1700 5067 Deitatem
1742 5013 1982 5068 consub-

409 5108 826 5163 stantialitatem
878 5101 1101 5156 Deitatis
1165 5103 1329 5157 simul
1383 5105 1691 5172 possideat:
1755 5119 1978 5159 carnem

407 5199 625 5253 scilicet
681 5193 967 5258 conﬁnxit,
1021 5195 1236 5263 qualem
1290 5196 1528 5259 volebat,
1588 5212 1699 5250 non
1759 5198 1977 5265 qualem

406 5291 656 5360 agnoscit
690 5302 846 5344 suam
888 5294 1079 5340 natura
1111 5286 1370 5351 humana,
1408 5288 1499 5342 Sed
1550 5288 1769 5357 qualem
1825 5289 1979 5343 elon-

2095 4539 2336 4616 ποιεῖν),
2361 4549 2618 4619 τέμνεται
2642 4548 2738 4600 καὶ
2768 4547 2868 4616 τὴν
2905 4547 3085 4616 σάρκα
3116 4546 3214 4615 τῆς
3253 4542 3599 4616 ἀκροϐυστίας
3622 4555 3635 4568 '

2092 4642 2493 4712 συνδιατέμνων
2563 4643 2702 4711 αὐτῇ
2778 4639 2992 4693 πολλῶν
3051 4639 3330 4692 δυσσεϐῶν
3399 4637 3636 4707 αἱρέσεων

2089 4735 2362 4802 ἀφορμάς.
2381 4733 2643 4803 Δεύτερον
2667 4733 2724 4785 δὲ
2753 4733 2927 4784 ἐκεῖνὸ
2958 4749 3047 4801 μοι
3085 4731 3194 4783 νόει
3216 4747 3230 4760 ·
3263 4727 3520 4798 ἐτόλμησέ
3550 4742 3634 4776 πο·

2087 4844 2146 4878 τε
2197 4828 2225 4878 6
2262 4826 2525 4896 δυσσεϐὴς
2577 4825 2951 4895 ’Λπολινάριος
3002 4823 3463 4892 τερατεύσασθαι,
3513 4816 3632 4883 dicit

2090 4918 2498 4987 προσληφθεῖσα
2560 4917 2718 4987 σάρξ,
2777 4920 2842 4986 τῇ
2893 4917 3276 4986 προσλαϐούσῃ
3335 4915 3538 4982 θεότητι
3581 4907 3634 4960 τὺ

2089 5012 2373 5076 ὁμοούσιον
2426 5009 2748 5074 συνδιέσωζε
2776 5026 2789 5040 ·
2827 5011 3006 5078 σάρκα
3053 5011 3163 5078 γὰρ
3197 5009 3537 5065 ἀνέπλαττεν,
3566 5001 3630 5061 ὡς

2089 5099 2369 5169 ἠϐούλετο,
2396 5101 2496 5170 οὐχ
2523 5101 2641 5153 οἵαν
2671 5101 2704 5170 ἡ
2739 5100 3054 5171 ἀνθρωπίνη
3104 5100 3264 5166 φύσις
3321 5095 3459 5151 οἶδεν
3479 5113 3494 5126 ·
3525 5091 3629 5146 ἀλλ’

2089 5191 2208 5244 οἵαν
2251 5193 2284 5261 ὴ
2330 5192 2602 5260 φαντασία
2641 5192 2750 5244 τῶν
2781 5191 3152 5261 ἐξεστηκότων
3199 5189 3470 5258 λογισμῶν
3518 5185 3626 5251 ἐδη-

2090 5282 2342 5353 μιούργει
2367 5299 2380 5313 ·
2417 5284 2451 5354 ἢ
2473 5284 2653 5337 τοίνυν
2682 5295 2720 5326 ω
2744 5284 2885 5356 τομὴ
2912 5284 3013 5354 τῆς
3047 5283 3266 5352 σαρκὸς,
3295 5279 3388 5336 καὶ
3418 5280 3477 5332 τὸ
3505 5274 3626 5344 πρὸς

1679 5511 1910 5566 VARle
1936 5511 2339 5568 LECTIONES.

494 5683 510 5722 ³
551 5688 608 5740 (1.
631 5686 698 5742 Ill.
734 5688 836 5741 553
873 5686 909 5741 ί.
932 5686 1038 5743 259
1073 5686 1390 5757 ἀλλοφύλου.
1470 5699 1504 5719 π’
1536 5689 1575 5743 C
1620 5689 1688 5742 Μ.
1725 5689 1825 5742 555
1863 5687 1900 5742 ι’.
1935 5688 2070 5741 Ξιίθιδι
2101 5686 2356 5755 ἡτοίνυν.
