3846 6188
200 341 293 407 693

1157 344 1256 402 AD
1290 341 1882 402 AMPHILOCHIUM
1923 341 2270 414 QU/ESTIO
2299 341 2558 403 CXVIII.

3314 339 3423 404 694

199 456 287 524 τὴν
317 452 547 522 θεότητα
576 450 845 521 λαμπρῶς
881 451 1248 522 ἀνακηρύττει
1277 453 1593 523 ἐτεροφυὲς,
1653 451 1749 502 καὶ

1857 461 1990 520 gatae
2013 452 2244 508 rationis
2296 450 2609 520 phantasia,
2645 449 2746 517 ipsi
2773 450 3116 518 suggerebat.
3153 449 3424 516 Quocirca

199 546 253 597 τὸ
293 546 422 614 πρὸς
452 544 549 615 τὴν
599 544 873 614 ἡμετέραν
924 545 1102 613 σάρκα
1152 544 1438 612 ὁμοούσιον
1483 545 1744 614 παριστᾷ.

198 637 377 706 Τρίτον
433 636 493 688 δὲ
550 637 686 706 πρὸς
729 637 845 698 τοῖς
902 635 1234 706 εἰρημένοις,
1298 636 1346 687 οἰ
1404 635 1513 687 τῶν
1570 636 1746 688 Μανι-

197 730 348 798 χαίων
395 729 604 794 παῖδες,
652 728 924 798 φαντασία
981 730 1079 799 τὴν
1133 729 1310 799 σάρκα
1369 728 1460 780 τὸν
1514 728 1746 798 Χριστὸν

195 819 562 889 προειληφέναι
587 819 1048 890 δογμαποιούνται
1063 835 1078 848 ο
1099 818 1210 871 ἀλλ’
1228 819 1301 880 ὡς
1318 819 1470 888 ὁρᾷς,
1499 835 1745 888 προαπο-

194 911 470 978 τειχίζεται
500 913 564 981 τῇ
600 913 894 979 περιτομῇ,
932 909 1027 962 καὶ
1059 909 1218 961 τοῦτο
1245 907 1307 959 τὸ
1338 907 1644 976 δύσφημον.
1681 907 1748 959 Ἦ

193 1001 444 1067 φαντασία
470 1000 579 1070 γὰρ
632 1001 805 1070 τομὴν
838 1001 930 1052 καὶ
961 999 1131 1062 πάθος
1195 1001 1288 1051 καὶ
1319 999 1475 1069 ῥύσιν
1525 997 1739 1067 ὁρωμέ·

191 1083 278 1160 νην
311 1090 540 1159 αἵματος
596 1091 697 1143 οὑκ
751 1091 1034 1160 ἀνέχεται⁸
1067 1091 1189 1142 οὑδέ
1225 1090 1296 1142 τά
1335 1092 1435 1159 τῆς
1480 1089 1742 1158 ἀληθείας

190 1180 329 1250 ἔργα,
389 1182 451 1234 τὸ
502 1183 729 1253 πλάσμα
788 1183 1046 1253 καθαρῶς
1108 1183 1494 1252 παραδέχεται.
1575 1182 1745 1235 Πάλιν

189 1276 522 1338 Οὐαλεντίνος
553 1279 875 1345 κενοφωνεῖ,
913 1275 1104 1329 οὐκέκ
1135 1276 1243 1327 τῶν
1274 1275 1622 1346 παρθενικῶν
1650 1275 1746 1327 κα)⁸

188 1366 454 1434 ἁχράντων
491 1366 739 1434 αἱμάτων
776 1366 877 1435 τὴν
923 1366 1215 1418 ἐνωθείσαν
1247 1367 1324 1435 τῷ
1367 1365 1525 1435 Λόγῳ
1567 1366 1746 1436 σάρκα

187 1456 412 1525 παγῆναι
429 1471 446 1486 ⁸
463 1457 613 1509 κάτω
639 1457 696 1508 δέ
718 1458 816 1526 τῆς
835 1457 1112 1518 εὑσεϐείας
1141 1455 1342 1520 πεσὼν,
1373 1457 1578 1510 ἄνωθεν
1597 1457 1746 1527 αὑτῷ

189 1544 338 1596 ποθεν
370 1545 729 1610 καταϐιϐάζει
761 1547 823 1598 τὸ
849 1547 1036 1617 σῶμα·
1063 1546 1199 1600 ἀλλὰ
1254 1550 1344 1601 καὶ
1372 1548 1564 1600 τούτου
1605 1549 1745 1620 πόρ-

187 1637 364 1704 ρωθεν,
397 1637 474 1700 ὡς
503 1638 681 1709 δῆλον,
718 1640 751 1708 ὴ
783 1641 1056 1711 περιτομὴ
1097 1640 1158 1692 τὺ
1189 1640 1386 1710 θράσος
1432 1642 1746 1711 παραποτέ-

189 1745 398 1796 μνεταιβ
457 1731 730 1800 καὶπρὸς
780 1729 995 1793 τούτοις
1055 1732 1464 1801 περιτέμνεται,
1545 1732 1636 1785 ἵνα
1684 1732 1746 1784 τὸ

188 1821 388 1888 βέϐαιον
429 1821 533 1891 τῆς
586 1823 838 1892 δοθείσης
868 1823 1087 1892 ἐντολῆς
1137 1825 1505 1893 παραστήσηο
1553 1823 1746 1891 διαμέ-

187 1913 419 1981 νεινγὰρ
475 1915 612 1984 αὐτῇ
663 1915 725 1966 τὸ
772 1914 1129 1983 ἀπαράϐατον
1193 1914 1354 1984 μέχρι
1409 1915 1508 1984 τῆς
1581 1915 1747 1968 αὑτοῦ

185 2005 495 2072 παρουσίας,
525 2006 584 2070 ἐξ
619 1999 695 2058 ὧν
733 2005 1137 2076 ὑπηρετήσατο,
1169 2006 1306 2074 μετά
1339 2006 1433 2058 τοῦ
1486 2007 1750 2077 ἀνεπιλή-

185 2111 331 2157 πτου,
366 2095 896 2161 συγκατασκευάζει.
936 2095 998 2146 Εἰ
1025 2096 1135 2164 γὰρ
1166 2097 1194 2146 6
1236 2095 1310 2167 μὴ
1357 2095 1569 2164 δεηθεὶς
1613 2095 1748 2158 ὅλως

182 2187 492 2255 περιτομῆς,
517 2186 665 2254 ὅμως
692 2184 986 2254 ὑπέρχεται
1004 2194 1031 2220 ιι
1057 2184 1280 2254 ταύτην,
1309 2185 1470 2255 σχολῇ
1508 2187 1550 2253 γ’
1575 2186 1639 2238 ἄν
1666 2202 1749 2248 τις

181 2276 318 2343 ἁλοίη
372 2276 485 2328 τῶν
533 2275 637 2328 ὑπὸ
691 2275 766 2346 τῷ
821 2276 972 2346 νόμῳ
1027 2276 1234 2344 ταύτην
1313 2277 1748 2346 παρεωραμένος

181 2369 269 2421 οὑκ
300 2368 531 2436 ὀφείλων
584 2369 758 2433 δίκας.
799 2369 965 2422 Πάλιν
1028 2368 1134 2421 τῶν
1177 2369 1452 2424 Ἰουδαίων
1498 2373 1526 2423 6
1579 2371 1750 2439 δῆμος

181 2460 588 2529 φιλαιτιῶτατος
613 2461 710 2526 ὢν,
738 2463 832 2514 καὶ
855 2461 954 2524 τὰς
976 2461 1050 2531 μὴ
1069 2460 1234 2523 οὔσας
1255 2461 1424 2524 δεινὸς
1447 2463 1750 2531 προφάσεις

181 2552 555 2616 ἀναπλάττειν,
584 2553 630 2604 εἰ
677 2551 751 2622 μὴ
785 2551 884 2621 τὴν
929 2551 1233 2622 περιτομὴν
1274 2553 1536 2618 ὑποστάς,
1594 2550 1749 2616 οὗτος

179 2642 350 2706 αὐτοῖς
379 2643 457 2696 τὰ
486 2645 726 2714 σωτήρια
759 2645 1031 2713 εἰσηγεῖτο
1054 2659 1069 2674 '
1103 2644 1248 2707 τίνος
1276 2644 1341 2697 ἂν
1373 2646 1472 2697 οὑκ
1496 2645 1749 2714 ἐνόμιζον

181 2735 622 2806 περιδράττεσθαι
638 2735 996 2802 δικαιολογίας
1015 2735 1365 2804 διωθούμενοι
1384 2737 1481 2806 τὴν
1499 2737 1754 2790 διδασκα-

179 2828 284 2880 λίαν
302 2830 500 2899 ὅτιπερ
533 2830 935 2900 ἀπερίτμητονο
965 2829 1096 2882 ὄντα
1114 2829 1208 2881 καὶ
1239 2830 1296 2894 ἐξ
1322 2829 1493 2898 αὑτῆς
1510 2830 1697 2891 ἑστίας
1719 2838 1748 2878 P

178 2921 340 2974 πάντα
368 2920 570 2973 λύοντα
594 2920 814 2989 θεσμὸν,
856 2921 972 2983 πῶς
1022 2921 1150 2990 ἐνῆν
1201 2920 1606 2990 παραδέχεσθαι
1644 2937 1751 2972 σω⁸

178 3013 339 3081 τῆρα;
367 3014 491 3066 Ἵνα
513 3009 608 3065 οὖν
638 3012 817 3066 αὑτῶν
835 3011 1184 3082 ἀναχώρησιν
1220 3013 1398 3064 πᾶσαν
1421 3013 1749 3083 ἀποκλείσῃ,

181 3105 264 3156 καὶ
294 3105 352 3157 τὸ
384 3106 586 3196 οἰκεῖον
618 3105 949 3173 ἁμάρτημα,
998 3103 1274 3173 μηδεμίαν
1320 3102 1487 3172 ἔχωσι
1540 3103 1746 3175 χώραν,
1779 3135 1824 3196 C

181 3197 252 3257 εἰς
273 3196 363 3248 τὸν
406 3195 652 3247 ἀναίτιον
706 3195 1088 3264 περιτρέπειν,
1131 3194 1595 3264 περιτεμνόμενος
1655 3193 1751 3264 τὴν

182 3286 555 3358 ἀκροϐυστίαν,
615 3287 1014 3355 συναποτέμνει
1067 3285 1176 3338 τῶν
1205 3285 1517 3355 ἀχαρίστων
1567 3287 1752 3339 πᾶσαν

180 3379 529 3447 εὐπρόσωπον
592 3377 999 3445 πιθανολογίαν.
1030 3377 1231 3429 Σκόπει
1261 3379 1320 3429 δέ
1363 3395 1453 3445 μοι
1499 3380 1750 3430 κακεῖνο·

181 3470 340 3539 εἰμὲν
369 3469 444 3539 μὴ
476 3469 857 3540 περιτμηθεὶς,
895 3468 1067 3520 ἔπαυε
1095 3469 1196 3536 τὴν
1231 3467 1433 3534 πρᾶξιν
1458 3507 1472 3532 ,
1504 3468 1650 3538 τάχα
1689 3468 1754 3522 ἄν

180 3575 311 3612 τισιν
352 3561 380 3612 6
436 3559 737 3629 Δεσπότης,
775 3558 850 3620 ὡς
885 3558 1076 3611 ἑαυτὸν
1124 3557 1490 3611 ἀπαλλάσσων
1546 3557 1752 3621 αἰτίας,

182 3651 269 3703 καὶ
321 3652 421 3720 τῆς
476 3651 613 3714 ἰδίας
675 3649 987 3720 προθέσεως
1040 3649 1462 3720 προϊστάμενος,
1506 3647 1605 3718 τὴν
1654 3648 1754 3716 τῆς

183 3745 480 3813 περιτομῆς
533 3743 817 3812 ἀναίρεσιν
858 3742 947 3796 διά
985 3740 1097 3794 τῶν
1152 3741 1414 3812 μαθητῶν
1473 3741 1754 3793 ὑπενοεῖτο

190 3835 545 3904 μεθοδεῡσαι⁸
585 3836 709 3888 ἐπεὶ
739 3836 795 3887 δέ
854 3837 949 3888 καὶ
984 3835 1398 3905 περιτέμνεται,
1453 3835 1550 3886 καὶ
1582 3833 1750 3886 παύει

181 3927 238 3980 τὸ
261 3927 438 3997 ἔργον,
467 3927 564 3980 καὶ
587 3927 793 3997 ταύτην
812 3929 1234 3996 προαφαιρεῖται
1255 3927 1630 3998 τὴνξὺπόνοιαν
1645 3928 1756 3980 τῶν

184 4017 483 4082 φιλαιτίων.
518 4021 591 4072 Σὺ
624 4019 680 4071 δὲ
732 4020 854 4089 μηδ’
901 4023 1080 4072 ἐκεῖνο
1136 4019 1541 4090 παραδράμῃς·
1586 4019 1756 4082 τύπος

182 4103 243 4180 ἦν
265 4113 355 4164 καὶ
380 4110 652 4181 σύμϐολον
679 4110 774 4162 τοῦ
807 4109 1187 4180 βαπτίσματος
1226 4112 1260 4180 ἡ
1296 4112 1607 4180 περιτομή’
1644 4110 1755 4179 μήο

186 4218 265 4256 πω
327 4203 618 4272 τοιγαροῦν
677 4202 1110 4272 τῆςιὰληθείας
1166 4203 1609 4273 φανερωθείσης,
1668 4202 1756 4254 τὸν

184 4293 347 4348 τύπον
375 4297 698 4365 ἐπικρατεῖν
732 4295 840 4348 ἔδει
858 4312 873 4326 ο
903 4297 1205 4365 ἐπιστάσης
1233 4296 1278 4348 δ’
1306 4296 1528 4362 ἐκείνης
1554 4296 1760 4364 ταύτην

189 4386 506 4457 ὑποχωρεῖν.
541 4387 632 4440 Διὸ
685 4387 1075 4458 περιτέμνεται
1114 4387 1213 4457 μὲν
1267 4387 1329 4439 τὸ
1380 4387 1614 4456 κρύφιον
1648 4389 1750 4455 τῆς

188 4480 401 4547 σαρκὸς,
433 4477 588 4555 οὔπω
620 4479 721 4549 τῆς
749 4480 806 4531 ἐν
855 4479 1040 4550 χάριτι
1079 4480 1384 4549 περιτομῆς
1418 4478 1754 4548 φανερωθεί-
1791 4467 1836 4524 Ῐ)

188 4585 308 4640 σης⁶
336 4572 560 4641 ἐκείνης
616 4571 674 4622 δὲ
729 4569 805 4640 τῷ
833 4571 1149 4641 Δεσποτικῴ
1187 4570 1524 4640 βαπτίσματι
1570 4568 1752 4622 πάντα

190 4663 675 4733 περιαυγαζούσης,
714 4664 808 4714 καὶ
861 4661 1120 4732 λαμπρὰν
1154 4662 1252 4730 τὴν
1304 4660 1562 4731 ἀλήθειαν
1617 4661 1755 4713 ὑπο-

189 4755 554 4825 δεικνυούσης,
586 4755 655 4806 τά
689 4756 747 4805 ἐν
799 4754 929 4824 σκιᾷ
982 4754 1076 4806 καὶ
1122 4753 1405 4821 αἰνίγματι
1442 4753 1756 4822 παρρησιά-

192 4847 371 4910 ζεσθαι
405 4849 574 4901 τόπον
606 4848 700 4916 οὑχ
732 4846 996 4917 εὑρίσκει.
1041 4846 1225 4914 Χωρίς
1263 4845 1318 4896 δὲ
1369 4844 1480 4896 τῶν
1528 4845 1756 4914 εἰρημέ-

194 4957 312 5002 νων,
342 4940 762 5011 ἀναμνησθῆναι
793 4942 954 4991 κακεῐ
1002 4939 1206 5008 δεήσει,
1242 4939 1300 4990 ἐν
1345 4937 1424 5007 τῷ
1474 4939 1758 5008 σπέρματι

195 5031 279 5084 τοῦ
323 5034 574 5105 Ἀϐραάμ
620 5032 690 5085 τὰ
735 5033 864 5102 ἔθνη
899 5032 1077 5084 πάντα
1139 5033 1756 5104 ἐνευλογηθήσεσθαιίι·

194 5125 345 5194 ὅρκον
377 5125 499 5178 καθ’
521 5125 716 5178 ἐαυτοῦ
751 5125 926 5187 διδοὺς
959 5127 988 5176 6
1021 5123 1152 5186 Θεὸς
1202 5124 1279 5192 τῷ
1307 5125 1522 5194 δικαίῳ,
1579 5126 1757 5178 ποιεί-

196 5232 276 5269 ται
303 5218 499 5284 λογὰδα
533 5217 753 5270 πάντων
786 5215 955 5268 ἐθνῶν
984 5216 1082 5285 τὴν
1133 5216 1343 5268 ἐκείνου
1387 5217 1562 5286 φυλήν
1583 5233 1596 5247 ο
1664 5217 1760 5269 καὶ

197 5309 352 5360 οἱονεὶ
383 5309 699 5380 σφραγίςων
733 5308 904 5378 αὑτὴν
928 5306 1018 5359 διὰ
1043 5304 1140 5358 τοῦ
1182 5308 1459 5380 φυλάρχου
1494 5311 1561 5379 τῇ
1595 5324 1758 5377 περι-

198 5402 352 5471 τομῇ,
381 5402 478 5472 τήν
505 5419 566 5455 τε
600 5401 781 5455 πίστιν
803 5402 1229 5473 ἐπισημαίνεται
1261 5403 1356 5456 τοῦ
1387 5403 1752 5474 πατριάρχου,

1855 543 2040 598 carnis
2062 543 2332 598 abscissio
2358 543 2642 610 perspicue
2670 541 2928 609 przedicat
2958 543 3117 595 aliam
3144 553 3420 605 naturam,

1854 635 2167 688 distinctam
2187 650 2218 687 ιι
2237 633 2468 697 Deitate,
2489 647 2651 699 quam
2681 632 3199 686 consubstantialem
3223 642 3425 686 nostra:

1854 729 2035 782 carnis
2067 737 2273 780 natura:
2309 735 2546 795 praestat.
2578 724 2766 778 Tertio
2809 727 3075 778 accedunt
3115 724 3419 788 Manicliazi,

1854 821 1944 889 qui
1971 819 2238 873 docebant
2271 818 2554 872 Christum
2583 827 2794 870 tantum
2827 818 3130 870 secundum
3155 831 3425 884 apparen-

1855 914 1982 966 tiam
2019 927 2240 966 carnem
2277 904 2578 978 sumpsisse
2605 928 2618 963 :
2653 909 2798 974 quod
2820 925 2914 978 per
2945 909 3422 961 circumcisionem

1853 1005 2192 1060 exscinditur
2230 1013 2289 1057 ut
2343 1003 2764 1072 blaspltetnum:
2815 1016 3052 1069 namque
3108 997 3426 1067 apparentia

1854 1100 2176 1160 sectionem,
2211 1097 2544 1165 passionem,
2601 1094 2884 1163 sanguinis
2919 1093 3212 1146 emissione
3229 1105 3280 1144 ιιι
3318 1105 3425 1142 ιιοιι

1853 1189 2128 1245 admittit:
2171 1203 2271 1242 nec
2309 1186 2558 1241 veritatis
2597 1199 2760 1253 opera
2787 1184 3250 1238 consistuntcum
3287 1179 3430 1233 veri-

1856 1292 1982 1337 tate.
2014 1282 2214 1336 lterum
2261 1279 2588 1333 Valentinus
2639 1278 2791 1331 fatue
2846 1277 3151 1332 deblaterat
3204 1286 3428 1327 carnem

1854 1374 2032 1430 Verbo
2072 1373 2378 1433 adunitam.
2438 1387 2545 1424 non
2577 1387 2607 1424 e
2655 1370 2950 1439 purissimo
3004 1367 3233 1436 virginis
3297 1378 3426 1418 san-

1855 1468 2018 1536 guine
2061 1465 2369 1528 solidatam,
2405 1463 2497 1516 sed
2543 1464 2656 1531 ipse
2685 1461 2940 1514 deorsum
2989 1475 3018 1511 a
3045 1458 3244 1526 pietate
3277 1455 3426 1508 deci-

1853 1559 2010 1621 dens,
2049 1555 2115 1610 de
2147 1555 2284 1609 coelo
2332 1569 2555 1608 sursum
2617 1567 2818 1622 corpus
2849 1551 2898 1603 ei
2945 1550 3173 1603 devocat
3207 1563 3222 1612 ;
3266 1545 3426 1612 cujus

1855 1651 2084 1716 impium
2139 1648 2554 1717 pronuntiatum
2614 1644 2873 1712 reiectum
2929 1640 3220 1695 manifeste
3249 1637 3430 1707 rejicit

1855 1743 2228 1797 circumcisio.
2272 1740 2350 1792 Ad
2393 1740 2494 1792 hoc
2524 1739 2713 1806 itaque
2733 1734 3170 1797 circumciditur,
3197 1741 3254 1784 ut
3283 1745 3429 1784 man-

1852 1835 2038 1887 datum
2092 1830 2608 1885 deeircumcisioue
2669 1826 2855 1881 datum
2921 1834 3098 1879 ratum
3149 1825 3312 1876 lixum
3371 1830 3429 1873 et

1853 1924 2072 1976 ﬁrmum
2111 1937 2335 1975 manere
2382 1923 2582 1974 debere
2626 1919 2838 1982 doceat,
2878 1927 2932 1971 ct
2963 1933 3069 1971 non
3113 1915 3425 1968 violandum

1853 2030 2026 2084 usque
2046 2015 2111 2066 ad
2159 2013 2278 2081 ejus
2307 2013 2619 2074 adventum,
2662 2011 2748 2064 cui
2783 2009 3174 2068 famulabatur,
3220 2021 3321 2059 nec
3348 2006 3430 2057 in-

1854 2114 1996 2157 terea
2029 2102 2320 2156 calumniis
2369 2101 2693 2170 subjaccret.
2726 2099 2857 2151 Nam
2880 2098 2923 2152 si
2953 2098 3018 2160 is,
3047 2095 3134 2149 cui
3177 2109 3283 2148 non
3313 2101 3431 2147 erat

1852 2212 1988 2264 opus
2016 2195 2463 2256 circumcisione,
2490 2191 2969 2246 circumcisioncm
2997 2198 3175 2241 tamen
3205 2186 3376 2239 subiit
3408 2202 3421 2236 :

1853 2289 1899 2342 is
1930 2287 2023 2356 qui
2054 2287 2157 2339 sub
2191 2286 2304 2354 lege
2331 2284 2601 2337 cxsistcns
2630 2296 2752 2335 eam
2775 2277 3272 2345 transgrederetur,
3311 2287 3426 2342 pa:-

1855 2395 1952 2432 nas
2003 2379 2224 2431 meritas
2284 2376 2415 2429 dare
2471 2375 2725 2428 debebat.
2783 2370 2970 2425 Tertio
3018 2384 3141 2422 cum
3196 2363 3428 2434 querula

1851 2480 1996 2523 esset
2046 2483 2178 2537 gens
2207 2465 2542 2530 Judaaorum,
2591 2472 2644 2517 ct
2712 2460 3006 2516 calumniis
3070 2455 3430 2513 emuexendis

1853 2561 2057 2620 dedita.
2091 2575 2191 2613 nec
2256 2575 2362 2612 non
2415 2559 2669 2625 egregius
2729 2552 2926 2608 artiicx
2976 2545 3429 2604 comminiscendi

1855 2659 2147 2719 prietextus
2192 2645 2384 2709 falsos,
2441 2646 2487 2698 si
2546 2641 2968 2698 incircumcisus
3009 2640 3239 2694 salutem
3295 2635 3430 2704 ipsis

1853 2741 2260 2802 annuutiasset,
2297 2737 2508 2791 facilem
2529 2737 2603 2788 illi
2633 2735 3008 2789 causationem
3039 2730 3427 2799 arripuissent.

1857 2840 1913 2884 ut
1949 2831 2251 2884 doctrinam
2291 2827 2514 2879 allatam
2559 2825 2719 2893 longe
2756 2838 2785 2876 a
2827 2837 2885 2876 se
2930 2820 3243 2888 rejicereut,
3296 2832 3424 2870 cum

1855 2922 2024 2990 legem
2046 2919 2316 2989 imprimis
2339 2919 2491 2972 illum
2521 2916 2756 2970 violasse
2773 2912 3186 2967 contenderent.
3222 2909 3429 2974 Quare,

1857 3025 1916 3069 ut
1944 3023 2254 3082 ampularet
2292 3025 2484 3066 eorum
2520 3025 2548 3061 a
2581 3006 2814 3061 veritate
2855 3003 3236 3066 defectionem,
3278 3009 3331 3054 et
3365 3014 3432 3053 nc

1856 3122 2046 3161 ansam
2080 3105 2568 3173 arriperentsuum
2602 3101 2846 3168 ipsorum
2873 3106 3154 3166 peccatum
3180 3093 3233 3146 in
3268 3093 3430 3146 iuno-

1857 3208 2072 3254 centem
2131 3195 2520 3258 transferendi,
2574 3191 2935 3246 circumcisus
2994 3187 3285 3258 praeputio,
3323 3199 3433 3237 una

1857 3297 2106 3359 amputat
2162 3288 2500 3356 ingratorum
2555 3283 2806 3336 omnium
2861 3294 2987 3333 cum
3049 3277 3234 3344 aliquo
3296 3288 3432 3343 pra:—

1859 3391 2007 3436 tcxtu
2055 3378 2401 3449 plausibilem
2461 3373 2896 3428 accusationem.
2936 3367 3040 3421 Sed
3096 3379 3150 3420 et
3201 3365 3435 3418 ulterius

1857 3473 2100 3533 attende,
2157 3471 2344 3524 sinon
2382 3466 2749 3521 circumcisus
2808 3461 2970 3514 ﬁnem
3024 3455 3434 3513 circumcisioui

1861 3565 2192 3633 imponeret.
2224 3559 2490 3613 Dominus
2531 3556 2670 3611 forte
2701 3553 3068 3622 suspicionem
3099 3547 3244 3619 apud
3268 3563 3437 3617 quos-

1858 3658 1983 3711 dam
2038 3656 2315 3708 incurrore
2355 3659 2586 3720 poterat,
2629 3647 2776 3718 quod
2832 3661 2892 3700 se
2937 3654 2997 3697 ut
3044 3643 3202 3712 culpa
3235 3641 3438 3694 exime-

1858 3761 1961 3811 ret,
1993 3763 2058 3802 ac
2107 3761 2264 3801 suam
2310 3742 2638 3798 sententiam
2696 3739 3043 3800 obtrudcret,
3069 3745 3124 3790 et
3150 3734 3438 3802 discipulis

1859 3843 2001 3896 viam
2036 3856 2100 3894 ac
2136 3839 2401 3892 rationem
2434 3836 2717 3904 praestaret
2776 3831 3001 3887 tollendi
3057 3828 3276 3899 penitus
3328 3829 3440 3879 eir-

1860 3931 2297 3994 cumcisionem;
2377 3927 2735 3982 circumcisus
2791 3925 2929 3993 ipse,
2985 3937 3049 3975 ac
3111 3935 3218 3974 non
3278 3918 3440 3971 aliter

1861 4038 2080 4078 cessare
2119 4023 2250 4076 fecit
2311 4022 2450 4074 hanc
2499 4017 2865 4086 suspicionem
2907 4024 2963 4069 et
2991 4014 3060 4068 ab
3093 4009 3437 4065 accusaturis

1861 4115 2103 4172 sustulit.
2159 4113 2262 4167 Sed
2317 4126 2418 4166 nec
2478 4109 2612 4162 illud
2668 4109 2893 4174 insuper
2944 4112 3277 4174 prmtereas:
3313 4109 3434 4153 erat

1862 4205 2214 4263 circumcisio
2246 4202 2555 4274 symbolum
2599 4215 2664 4253 ac
2695 4200 2866 4267 ﬁgura
2897 4196 3151 4264 baptismi
3177 4211 3189 4247 :
3221 4208 3318 4262 par
3334 4191 3439 4244 fuit

1863 4311 1924 4354 ut
1977 4313 2322 4368 nequaquam
2348 4295 2455 4348 vim
2499 4308 2653 4346 suam
2687 4291 2956 4343 obtineret
3009 4294 3168 4356 typus
3211 4282 3440 4336 veritate

1865 4390 2236 4451 manifestata,
2292 4385 2389 4441 scd
2443 4384 2516 4438 illi
2551 4384 2730 4436 locum
2788 4380 2963 4433 daret.
3008 4372 3440 4430 Circumciditur

1862 4497 1994 4551 ergo
2032 4493 2162 4533 caro
2194 4477 2247 4530 in
2278 4475 2493 4528 occulta
2524 4482 2677 4542 parte
2721 4467 2990 4536 corporis,
3026 4478 3149 4517 eum
3192 4460 3439 4515 nondqu

1863 4568 2213 4626 circumcisio
2240 4582 2335 4636 per
2364 4564 2596 4634 gratiam
2631 4564 2997 4627 compararet,
3040 4553 3132 4608 sed
3180 4567 3302 4604 eum
3349 4549 3438 4602 illa

1865 4682 1960 4735 per
2012 4663 2230 4717 Domini
2284 4661 2616 4730 baptismum
2670 4654 2853 4708 omnia
2934 4650 3330 4707 collustrasset,
3383 4651 3440 4698 et

1868 4762 2134 4813 illustrem
2191 4754 2517 4808 reddidisset
2551 4750 2861 4808 veritatem,
2908 4758 3030 4813 quae
3069 4740 3290 4794 fuerant
3315 4753 3442 4790 ιιιιι-

1860 4854 1972 4906 brae
1993 4860 2046 4904 et
2101 4847 2388 4917 aenigmata
2413 4840 2591 4897 libcre‘
2633 4857 2690 4894 se
2718 4835 2980 4892 excrendi
3012 4833 3246 4888 ulterius
3265 4829 3443 4883 facul-

1863 4952 2025 4998 tatem
2066 4957 2173 4993 non
2208 4939 2487 4991 haberent.
2531 4933 2733 4987 Praeter
2777 4931 3048 4984 hactenus
3101 4937 3442 4979 commemo-

1863 5041 2000 5091 rata,
2051 5026 2422 5082 revocandum
2476 5033 2560 5077 est
2604 5024 2655 5075 in
2715 5020 3064 5082 memoriam,
3119 5016 3174 5068 in
3231 5013 3446 5068 semine

1865 5120 2098 5173 Abralia:
2127 5114 2529 5171 benedicendas
2553 5128 2676 5167 esse
2721 5112 2850 5164 olim
2895 5124 3088 5163 omnes
3119 5114 3328 5176 gentes,
3367 5103 3443 5156 ita

1866 5213 2014 5267 enim
2066 5210 2220 5279 justo
2271 5207 2347 5260 illi
2378 5208 2518 5271 viro,
2547 5221 2645 5275 per
2675 5202 3222 5272 seipsumjuraverat
3273 5195 3438 5255 Deus,

1870 5306 1944 5360 ita
1975 5305 2092 5374 ejus
2115 5303 2435 5374 progeniem
2468 5301 2755 5352 nationum
2788 5295 3036 5348 omnium
3073 5287 3442 5345 collectriccnr

1875 5397 2022 5463 facit,
2059 5411 2220 5464 quam
2259 5407 2355 5462 pcr
2399 5393 2646 5446 tribuum
2694 5389 2914 5444 illarum
2940 5394 2996 5441 et
3041 5381 3257 5454 generis
3293 5382 3446 5450 princ

1477 5605 1704 5663 VARUE
1743 5603 2150 5661 LECTIONES.

275 5793 302 5822 ⁸
333 5786 398 5841 C.
439 5787 506 5844 Μ.
572 5789 960 5860 ὑπερέρχεται.
1032 5803 1048 5818 “
1085 5787 1240 5846 (LM.
1284 5787 1635 5858 περίτμητον.

1714 5797 1738 5836 r
1771 5786 1830 5841 C.
1866 5784 1936 5842 Μ.
1964 5783 2159 5845 αἰτίας.

2238 5781 2353 5836 (ια.
2399 5779 2466 5833 Μ.
2507 5772 2993 5844 εὐλογηθήσεσθαι.
