3846 6188
197 183 284 247 6‘37

1148 176 1247 234 AD
1290 160 1882 231 AMPlllLOClllUM
1918 158 2269 236 QUzESTlO
2301 165 2505 223 CXIX.

3318 169 3422 231 698

197 298 348 357 ἄλλως
367 310 424 346 τε
449 292 705 363 χαιρέτω,
732 290 827 343 καὶ
851 290 933 342 ὅτι
972 288 1124 341 οὐδὲν
1147 289 1284 358 πρὸς
1304 287 1471 357 ἡμᾶς,
1502 286 1641 354 πλὴν
1662 280 1739 337 ὅτι

1848 288 1955 330 non
2003 276 2153 339 novi,
2188 290 2320 327 num
2370 276 2509 328 cado
2554 289 2650 343 per
2699 276 2983 345 specillum
3022 279 3268 335 immissa
3315 283 3423 336 sint

194 387 549 459 παραπλήσιόν
572 401 624 436 τι
641 385 748 436 τῶν
770 384 890 453 είρη
900 374 1171 452 μένων,ὼς
1186 383 1279 432 καὶ
1297 380 1454 442 αὐτὸς
1469 379 1534 431 ἂν
1552 370 1736 446 φαίης,

192 484 259 541 εἰς
286 479 346 531 τὰ
381 476 474 529 νῦν
498 476 741 547 παρόντα
770 465 865 525 τὸν
892 471 1162 543 ἡμέτερον
1203 472 1317 542 βίον
1352 470 1736 542 περιέστησεν.

203 572 316 640 Ἐμὲ
349 554 465 639 μὲν,
525 570 614 621 ὅτε
665 560 726 621 τὸ
778 568 1013 640 γράμμα
1067 560 1224 638 ἧκεν,
1280 567 1434 627 νόσος
1476 563 1736 634 ὲμάστιξε

192 662 397 732 χαλεπὴ,
432 661 626 732 μικροῦ
658 663 779 731 μηδ’
802 664 975 714 εἰπεῖν
1006 679 1058 713 τι
1079 661 1188 730 (‘27)
1227 659 1361 729 πρὸς
1392 657 1492 728 τὴν
1516 659 1737 726 αἴτησιν

190 755 292 813 ταῖς
309 752 677 821 ἐπικειμέναις
698 746 959 823 ἀλγηδόσι
992 753 1087 823 τὴν
1111 751 1293 806 ἄδειαν
1317 749 1733 820 ὲμπαρὲχουσα.

201 838 324 895 Ἀλλ’
352 838 463 906 οὗν,
489 842 563 904 ὡς
600 844 656 895 ὲν
690 842 831 911 νόσῳ
856 834 1199 911 πιεζόμενος,
1222 840 1400 891 ἐκεῖνο
1434 832 1500 890 ἂν
1549 836 1737 906 φαίην,

189 936 257 987 ὅτι
285 934 340 987 τὸ
375 934 517 986 κατὰ
538 933 637 1004 τὴν
666 933 859 985 ἑαυτοῦ
891 931 1217 1003 ὑπερούσιόν
1268 944 1325 981 τε
1363 930 1457 982 καὶ
1495 928 1737 996 ἄληπτον

188 1024 354 1076 οὐσίαν
399 1026 499 1076 οὐκ
552 1022 901 1093 ἀνθρωπίνην
957 1023 1117 1093 μόνον
1169 1021 1414 1091 ὃψινκαι
1489 1021 1732 1074 διάνοιαν

188 1112 444 1181 ἐκφεύγει,
485 1110 621 1167 ἀλλὰ
676 1115 769 1167 καὶ
800 1114 970 1176 αὑτὰς
1019 1113 1118 1176 τὰς
1160 1114 1420 1166 ἀνωτάτω
1469 1112 1563 1165 καὶ
1594 1110 1736 1180 πλη-

188 1206 459 1269 σιαζούσας
528 1205 811 1275 δυνάμεις,
858 1204 917 1259 αἳ
976 1204 1158 1276 πολλῷ
1191 1205 1269 1275 τῷ
1329 1206 1511 1276 μέτρῳ
1570 1205 1737 1274 ὕπερ-

186 1294 496 1365 ανεστήκασι
517 1299 733 1365 φύσεως
759 1314 772 1328 ’
807 1299 867 1351 οὐ
894 1298 1037 1351 κατὰ
1066 1300 1154 1350 τὸν
1172 1298 1413 1368 παρόντα
1438 1299 1595 1368 μόνον
1616 1316 1738 1350 και-

189 1388 285 1457 ρδν,
310 1386 430 1439 καθ’
450 1382 511 1439 ὃν
542 1387 618 1457 τῷ
644 1384 944 1442 πολυπαθεῖ
981 1389 1156 1459 τούτῳ
1189 1390 1399 1460 σαρκίῳ
1447 1389 1734 1458 δεδέμεθα,

185 1477 302 1529 ἀλλὰ
328 1478 585 1529 καὶκατὰ
612 1480 737 1541 τοὺς
770 1477 1064 1546 μέλλοντας
1091 1479 1312 1544 αἰῶνας,
1341 1480 1429 1532 ὅτε
1462 1480 1530 1532 τὰ
1566 1479 1737 1531 πολλὰ

183 1568 275 1620 τῶν
298 1567 635 1635 αἰνιγμάτων
682 1568 779 1621 καὶ
835 1568 1117 1639 ἐσόπτρων
1174 1571 1734 1642 ἁποτκευασαμένοις,

1848 368 2147 438 sull‘ragia;
2195 383 2308 421 non
2371 368 2522 431 novi,
2575 370 2820 438 nunquid
2873 371 3018 424 aliud
3066 372 3274 427 factum
3327 389 3420 429 sit.

1847 461 2144 514 (iraculum
2203 459 2349 513 enim
2394 459 2524 512 illud
2578 458 2895 526 Delphicum
2950 469 3008 515 ιιι
3051 462 3190 517 alias
3243 464 3423 517 Valere

1842 553 2029 622 jubeo,
2075 553 2147 605 ita
2189 552 2255 606 ad
2296 562 2382 606 mc
2426 551 2562 605 nihil
2611 552 2829 615 attinet,
2873 552 2978 606 nisi
3022 556 3165 623 quod
3218 554 3422 624 aliquid

1846 645 2003 698 dictis
2034 644 2235 709 simile,
2270 643 2417 713 quod
2463 652 2519 698 et
2548 644 2663 711 ipse
2693 642 2849 697 facile
2881 643 3121 711 fatearis,
3166 649 3421 715 praesenti

1846 740 1968 792 vita:
1998 753 2132 792 mea:
2162 737 2461 791 conditioni
2487 737 2768 791 acciderit.
2810 737 2946 791 Cum
2988 738 3181 791 littera:
3212 748 3316 793 tuae
3355 741 3422 794 ad

1846 844 1930 881 me
1969 826 2359 896 perferrentur,
2391 826 2528 880 adeo
2552 827 2733 895 gravis
2775 841 2863 880 me
2894 826 3129 879 vexabat
3169 829 3419 893 morbus,

1848 927 1907 971 ut
1948 933 2040 985 per
2071 919 2290 971 dolores
2342 918 2635 971 continuos
2686 932 2796 969 non
2838 923 3197 986 permitteret,
3253 929 3311 973 ut
3355 919 3422 973 ad

1845 1011 2164 1079 petitionem
2220 1015 2370 1062 tuam
2424 1009 2510 1061 vel
2554 1009 2837 1063 \erhulum
2888 1007 3133 1078 proferre
3183 1025 3420 1079 possem.

1844 1100 1980 1153 Cum
2026 1099 2215 1153 eodem
2269 1100 2434 1168 igitur
2484 1100 2662 1153 adhuc
2720 1098 3046 1153 conﬂictautl
3100 1100 3200 1155 hoc
3254 1118 3423 1155 unum

1844 1191 2028 1245 dicere
2062 1190 2208 1255 licet,
2248 1190 2393 1259 quod
2439 1190 2673 1254 Numen,
2710 1204 2901 1245 omnes
2947 1193 3217 1247 essentias
3264 1208 3423 1262 supe-

1846 1296 1975 1335 rans
2019 1290 2073 1335 et
2121 1282 2693 1349 ὶιιςοιιψι-οἰιιξιιεῑιιιίθ,
2757 1298 2866 1335 non
2912 1285 3193 1335 hominum
3246 1286 3420 1338 solum

1847 1382 2080 1426 mentem
2126 1382 2181 1426 et
2222 1373 2436 1433 oculos,
2490 1373 2584 1426 sed
2636 1382 2691 1427 et
2735 1387 3001 1441 supernas
3054 1373 3174 1427 illas
3204 1373 3424 1443 Deoqne

1844 1463 2126 1531 proximas
2167 1471 2483 1531 potestates,
2512 1474 2634 1531 qua:
2677 1478 2764 1516 res
2796 1463 3071 1516 naturales
3104 1464 3267 1533 longo
3300 1476 3423 1532 post

1846 1573 1905 1611 se
1936 1555 2224 1609 intervallo
2261 1554 2599 1622 relinquunt,
2637 1552 2850 1623 fugiat:
2879 1556 3041 1624 idque
3088 1570 3196 1610 non
3234 1559 3284 1610 in
3319 1557 3421 1610 hoc

183 1659 348 1713 καὶτὸ
375 1659 654 1731 ἄφθαρτον
697 1662 819 1715 ἀντὶ
850 1662 949 1716 τοῦ
1007 1638 1250 1732 φθαρτοῦ
1288 1638 1734 1734 περιϐαλομένοις

1847 1657 2053 1703 tantum
2085 1647 2309 1710 saeculo,
2344 1661 2453 1714 quo
2486 1646 2834 1715 corpusculo,
2872 1648 3037 1701 variis
3072 1647 3420 1702 imbecillita-

181 1746 545 1817 καθαρώτερόν
594 1765 653 1802 τε
721 1749 818 1803 καὶ
862 1750 1201 1822 τελειότερον
1272 1754 1637 1815 ὲναστρὰπτει
1696 1755 1728 1824 ἡ

181 1838 406 1905 ἀλήθεια.
439 1840 509 1891 Τί
540 1838 649 1910 γὰρ
671 1840 777 1911 χρὴ
807 1840 1004 1910 λέγειν,
1045 1842 1120 1905 ὡς
1171 1842 1293 1895 οὔτε
1332 1844 1561 1914 Μωσῆς,
1598 1847 1625 1897 ὁ
1657 1847 1736 1908 είς

179 1927 476 1997 τηλικοῦτον
499 1924 632 1999 ὕψος
657 1933 860 2002 ἀρετῆς
885 1934 1236 2003 ἀναδραμὼν,
1266 1934 1407 1987 ὥστε
1434 1937 1504 1988 τά
1524 1954 1581 1988 τε
1604 1936 1737 1989 ἄλλα

180 2016 272 2067 τῶν
316 2017 641 2087 παραδόξων
692 2020 854 2089 χάριν
913 2020 1051 2091 ἔχων
1103 2016 1243 2074 εἶναι
1293 2012 1594 2094 αὐτουργὸς
1642 2024 1737 2077 καὶ

181 2106 375 2179 γλώττῃ
402 2111 670 2179 γεωργεῖν
697 2110 885 2180 ὥσπερ
915 2113 1156 2183 ἄρουραν
1211 2110 1301 2166 τὸν
1335 2114 1586 2184 οὐρανὸν,
1644 2118 1737 2168 καὶ

184 2198 369 2267 τροψὴν
391 2200 622 2254 αὐτόθεν
654 2199 996 2271 αὐτοσχέδιον
1026 2198 1251 2267 πολλαῖς
1298 2206 1522 2275 μυριάσι
1576 2208 1739 2275 ἐπαρ-

188 2292 311 2340 κεῖν.
341 2288 479 2341 Οὔτε
525 2287 713 2354 Ἠλίας
854 2287 947 2345 τοῦ
986 2294 1156 2365 πυρὸς
1207 2298 1240 2365 ἡ
1300 2296 1481 2365 φύσις,
1535 2298 1613 2359 είς
1646 2298 1736 2349 ἴπ-

183 2396 301 2442 πους
330 2382 752 2451 ὲπιμερισθεῖσα
781 2382 872 2438 καὶ
903 2384 1149 2456 ἆρματα,
1177 2389 1275 2457 τὴν
1300 2389 1434 2458 πρὸς
1474 2389 1739 2460 οὐρανοὺς

180 2471 311 2541 αὐτῷ
340 2473 837 2544 καθνπηρετήσατο
866 2472 1072 2531 ἄνοδον.
1114 2477 1255 2531 Οὔτε
1288 2480 1397 2531 τῶν
1437 2480 1607 2532 θείων.
1645 2474 1739 2532 καὶ

180 2564 457 2632 μακαρίων
483 2568 781 2635 προφητῶν
806 2570 834 2621 ὁ
862 2569 1045 2637 χορὸς,
1078 2564 1346 2640 οὐμενοῦν
1377 2570 1556 2632 οὐδεὶς
1582 2571 1740 2641 ἔσχεν

179 2654 248 2713 εἰς
279 2656 585 2726 κατάληψιν
608 2658 804 2723 ὲλθείν,
844 2660 930 2723 τίς
954 2662 1011 2713 τέ
1046 2661 1195 2714 ἐστιν
1249 2656 1342 2715 καὶ
1386 2664 1535 2725 ὅπως
1588 2663 1740 2715 ἐστὶν

178 2744 207 2811 ἡ
233 2745 509 2817 ὑπερφυής
533 2766 591 2801 τε
618 2753 711 2802 καὶ
740 2752 1017 2822 ἀκήρατος
1057 2753 1218 2822 φύσις
1242 2754 1528 2819 Θεότητος.
1574 2753 1735 2807 Ἀλλὰ

179 2832 273 2902 γὰρ
301 2835 379 2887 ὅτι
405 2838 508 2904 μὲν
538 2836 654 2891 ἐστι
685 2841 778 2891 καὶ
801 2841 1129 2912 ὑφέστηκεν,
1159 2844 1238 2904 είς
1270 2840 1577 2913 κατάληψιν
1605 2845 1740 2915 ημῖν

178 2925 474 2995 ἐχαρίσατο,
514 2931 585 2981 είη
612 2928 707 2984 καὶ
759 2936 870 2995 τοῖς
927 2936 1024 3003 μὲν
1071 2928 1270 3004 μᾶλλον
1302 2930 1589 3003 ὲναυγάζει
1640 2935 1741 3005 τὴν
1773 2995 1806 3012 ,η

179 3018 340 3086 χάριν,
396 3024 513 3086 τοῖς
555 3020 612 3075 δὲ
661 3022 1042 3098 ἑπιδεέστερον
1087 3027 1233 3081 κατὰ
1290 3028 1392 3097 ιιςἠν
1444 3026 1740 3097 ἀναλογίαν

179 3109 379 3182 ἑκάστῳ
404 3114 505 3166 τοῦ
538 3117 986 3188 κατορθώματος.

239 3380 299 3433 Τί
330 3399 459 3435 ποτε
487 3384 547 3436 δέ
574 3386 725 3437 ἐστιν
747 3422 761 3447 ,
798 3386 829 3455 ἢ
864 3386 1010 3450 ὅπως
1042 3389 1171 3441 ποτέ
1214 3386 1396 3454 ἐστιν,
1426 3391 1604 3446 οὐδενὶ
1635 3388 1745 3447 τῶν

177 3472 416 3527 ἁπάντων
444 3476 648 3545 ἑαυτὴν
688 3478 1085 3548 ἀπεγύμνωσεν
1107 3522 1122 3546 ,
1152 3481 1288 3535 ἀλλὰ
1319 3484 1410 3535 καὶ
1441 3483 1549 3536 τῶν
1587 3483 1741 3556 εἰρη-

181 3569 341 3633 μένων
372 3569 556 3636 ἁγίων
615 3568 927 3640 ἔμπροσθεν
986 3574 1158 3642 Μωσῇ
1224 3573 1619 3645 ἑπιποθήσαντι
1682 3571 1743 3627 τὸ

178 3657 387 3712 ἀθέατον
429 3661 493 3712 οὐ
536 3660 861 3732 δεδώρηται.
918 3663 1271 3733 Παραμύθιόν
1316 3664 1373 3717 δὲ
1426 3665 1592 3717 πόθου
1647 3663 1742 3717 τοῦ

128 3744 135 3749 ’
178 3752 537 3820 ἀτυχήσαντος
562 3752 661 3822 τῆς
686 3754 1035 3824 σαρκώσεως,
1062 3757 1154 3808 καὶ
1185 3757 1308 3809 τότε
1340 3756 1427 3809 διὰ
1459 3756 1743 3826 συμϐόλων

179 3842 261 3892 καὶ
297 3844 483 3896 τύπων
531 3844 928 3899 ὲκκαλύπτεται
962 3848 1023 3900 τὸ
1065 3852 1382 3920 μυστήριον.
1414 3850 1541 3913 Τοῖς
1583 3850 1641 3904 δὲ
1685 3852 1743 3903 ἐν

176 3932 352 3997 τύποις
386 3953 445 3987 τε
484 3937 583 3989 καὶ
614 3937 953 4007 ὁμοιώμασιν
974 3980 989 4003 ,
1020 3940 1119 3992 ὅσα
1150 3941 1297 3994 ἐστιν
1322 3941 1450 3995 ίδείν
1472 3941 1743 4012 ἀνθρώπῳ

178 4021 381 4087 δυνατὰ,
413 4027 519 4094 τὴν
541 4028 745 4082 οἰκείαν
770 4028 928 4094 δόξαν
958 4032 1019 4083 τὸ
1046 4032 1205 4085 Θεῖον
1230 4033 1589 4105 ὲνήστραψεν.
1618 4035 1742 4087 Ὀτι

177 4111 226 4164 δὲ
267 4114 394 4167 Θεὸν
442 4116 751 4185 ἀνθρώπων
789 4119 963 4182 οὐδεὶς
992 4120 1236 4191 ἑώρακεν
1256 4162 1271 4186 ,
1302 4120 1426 4175 οὔτε
1453 4123 1742 4193 δυνήσεται

182 4202 315 4266 ἰδεῖν,
346 4207 511 4275 γέμει
546 4208 645 4275 μὲν
673 4208 773 4277 τῆς
806 4211 1107 4280 μαρτυρίας
1130 4212 1199 4265 τὰ
1241 4212 1446 4266 παλαιὰ
1492 4215 1586 4267 καὶ
1620 4215 1742 4284 ἱερὰ

180 4297 493 4365 γράμματα,
526 4300 687 4367 γέμει
714 4299 771 4352 δὲ
804 4302 835 4369 ἡ
867 4302 1047 4372 χάρις.
1074 4303 1184 4355 Καὶ
1219 4303 1398 4373 βίϐλος
1424 4303 1489 4356 ἂν
1515 4304 1739 4373 ὁλόκλη-
1775 4324 1818 4378 ε)

186 4400 263 4451 ρος
304 4387 385 4456 εἴη
417 4390 451 4456 ἡ
485 4389 595 4439 τῶν
626 4390 1153 4463 ἐπιμαρτυρομένων
1179 4392 1389 4460 Λογίων
1421 4393 1520 4463 τὴν
1547 4394 1747 4461 γνῶσιν

183 4476 493 4545 παράθεσις.
539 4481 652 4532 Καὶ
688 4480 796 4551 μὴν
828 4483 920 4535 καὶ
948 4482 976 4533 ὁ
1014 4483 1124 4535 τῶν
1149 4482 1248 4536 ’τοῦ
1289 4483 1440 4537 θείου
1491 4485 1749 4554 ῥημάτων

183 4566 377 4621 Παύλου
408 4572 622 4642 μύστης
654 4575 748 4625 καὶ
785 4575 1075 4643 κατήκοος,
1103 4576 1137 4627 ὁ
1165 4577 1348 4647 ῥήτωρ
1376 4577 1476 4645 μὲν
1503 4576 1629 4639 τοὺς
1663 4576 1747 4628 λό-

180 4675 316 4725 γους,
348 4663 638 4731 φιλόσοφος
662 4665 719 4717 δὲ
746 4665 813 4718 τὰ
842 4668 1119 4737 νοήματα,
1157 4669 1357 4737 μᾶλλον
1385 4669 1442 4722 δὲ
1475 4670 1568 4722 καὶ
1596 4670 1623 4720 ὀ
1651 4668 1744 4721 τοῦ

182 4747 262 4798 νοῦ
296 4750 385 4804 καὶ
416 4753 516 4822 τῆς
550 4753 800 4826 γλώσσης
830 4756 928 4827 τὴν
960 4757 1166 4810 ἄνωθεν
1195 4758 1518 4822 ἀποστάξων
1548 4760 1705 4829 χάριν
1729 4799 1743 4823 ,

186 4838 269 4888 καὶ
303 4840 402 4908 τῆς
436 4842 589 4905 θείας
618 4845 752 4913 ἡμῖν
785 4844 977 4913 σοφίας
1006 4845 1321 4909 ἀναϐλύζων
1353 4848 1452 4917 τὴν
1488 4846 1745 4907 ἄϐυσσον,

182 4922 321 4991 οἶτος
365 4928 459 4985 οὖν
501 4936 529 4986 ὁ
561 4934 735 5002 μέγας
777 4936 1051 5000 Διονύσιος
1098 4937 1207 5005 (28)
1246 4939 1514 5008 λαμπρῶς
1561 4955 1621 5000 τε
1654 4940 1751 4991 καὶ

185 5017 408 5090 δριμέως
454 5026 785 5095 μετέρχεται
825 5028 905 5091 τὸ,
950 5028 1173 5098 μηδαμῆ
1207 5029 1268 5081 τὸ
1293 5029 1481 5089 Θεῖον,
1529 5029 1579 5081 τί
1610 5029 1740 5081 ποτε

184 5110 316 5164 ἐστιν
339 5154 352 5176 ,
385 5116 657 5185 μηδέποτε
685 5110 1050 5187 ἀνθρωπίναις
1082 5114 1476 5175 ὑποῦὰλλεσθαι
1507 5119 1742 5193 καταλή-

1844 1741 1991 1795 tibus
2014 1739 2269 1803 obnoxio,
2297 1737 2474 1807 juncti
2511 1751 2725 1801 sumus,
2750 1739 2842 1792 sed
2871 1748 2924 1792 et
2954 1740 3165 1793 saeculis
3196 1739 3417 1806 futuris,

1844 1832 2065 1902 quando
2095 1845 2214 1896 nos,
2253 1828 2517 1899 depositis
2557 1830 2942 1898 aenigmatlbus
2984 1838 3038 1884 et
3073 1832 3420 1900 perspicillis,

1845 1923 2262 1994 incorruptibile
2321 1939 2422 1994 pro
2474 1924 2815 1993 corruptibili
2883 1924 3079 1989 induti,
3130 1924 3420 1978 veritatem

1847 2017 2035 2086 purius
2077 2024 2131 2069 et
2158 2015 2454 2085 perfectius
2498 2018 2919 2086 perspiciemus.
2970 2014 3110 2082 Quid
3155 2017 3299 2069 enim
3341 2014 3424 2068 di-

1845 2120 1968 2164 eere
2021 2109 2233 2171 attinet,
2287 2107 2432 2177 quod
2482 2120 2659 2178 neque
2712 2109 2909 2175 Moses,
2957 2110 3049 2177 qui
3098 2108 3153 2162 in
3208 2117 3420 2161 tantum

1845 2201 2135 2269 potestatis
2163 2202 2488 2266 virtutisque
2540 2202 2765 2269 gradum
2818 2209 3038 2253 evectus
3082 2208 3185 2265 est,
3217 2208 3296 2263 ut,
3329 2201 3420 2267 qui

1846 2293 1981 2345 alias
2028 2306 2249 2361 quoque
2294 2292 2558 2345 miracula
2608 2292 2801 2343 edendi
2866 2291 3122 2345 facultate
3180 2292 3418 2355 valeret,

1846 2382 2032 2449 lingua
2066 2396 2164 2435 sua
2191 2381 2414 2445 caelum,
2463 2382 2636 2434 instar
2679 2393 2858 2444 terraa,
2894 2380 3073 2434 colere
3102 2390 3265 2450 atque
3297 2379 3424 2434 inde

1849 2473 2034 2527 multis
2065 2474 2350 2525 hominum
2402 2471 2645 2526 millibus
2685 2472 2866 2526 cibum
2904 2479 3095 2541 sponte
3140 2481 3194 2525 et
3241 2474 3423 2524 subito

1846 2573 2032 2618 natum
2061 2562 2484 2617 subministrare
2516 2571 2732 2628 posset;
2767 2577 2944 2632 neque
2969 2562 3139 2625 Elias,
3168 2562 3254 2614 cui
3284 2561 3424 2630 ignis

1846 2665 2059 2720 natura,
2096 2670 2367 2724 equorum
2399 2662 2454 2708 et
2482 2668 2679 2707 currus
2713 2655 2859 2709 vices
2894 2662 3182 2723 praestans,
3215 2654 3421 2707 aditum

1848 2747 1900 2801 in
1940 2748 2137 2801 caelum
2184 2746 2431 2815 paravit;
2470 2759 2649 2815 neque
2687 2746 2996 2798 divinorum
3042 2754 3095 2799 ct
3140 2746 3420 2797 beatorum

1846 2839 2239 2908 prophetarum
2278 2841 2486 2892 cliOrus
2525 2836 2880 2906 intelligendo
2917 2838 3132 2905 assequi
3165 2838 3419 2904 potuerit,

1848 2944 1968 2999 quae
1996 2939 2050 2983 et
2072 2929 2251 2998 qualis
2278 2930 2352 2983 sit
2373 2929 2802 3003 supernaturalis
2834 2928 2921 2980 illa
2949 2936 3001 2980 et
3026 2928 3418 2996 perfectissima

1846 3018 2046 3074 summi
2086 3019 2333 3072 Numinis
2372 3028 2589 3072 natura.
2626 3017 2784 3084 Quod
2820 3027 2995 3071 tamen
3020 3029 3070 3071 et
3105 3020 3194 3079 sit,
3223 3030 3276 3072 et
3302 3034 3421 3086 per-

1844 3111 2022 3169 sistat,
2060 3108 2111 3161 id
2140 3108 2357 3177 quidem
2390 3122 2550 3161 nosse
2582 3109 2743 3162 nobis
2779 3107 2962 3173 dedit;
2992 3108 3243 3175 quamvis
3284 3108 3423 3160 alios

1846 3202 2072 3271 largius,
2108 3201 2245 3253 alios
2284 3199 2503 3267 parcius
2532 3213 2632 3267 pro
2676 3199 2925 3263 modulo,
2959 3201 3161 3267 cuique
3195 3212 3418 3251 accom-

1849 3294 2091 3357 modato,
2127 3292 2301 3361 gratia
2328 3305 2424 3344 sua
2458 3292 2762 3345 collustret.

1919 3381 2052 3446 Quae
2091 3397 2222 3434 vero
2268 3380 2359 3435 illa
2407 3378 2656 3435 Numinis
2708 3389 2901 3433 natura
2951 3381 3053 3445 sit,
3107 3388 3201 3433 aut
3247 3380 3422 3448 qualis

1846 3470 2063 3525 tandem
2127 3471 2217 3535 sit,
2283 3470 2490 3524 nemini
2529 3472 2773 3524 omnium
2819 3480 3002 3539 patere
3031 3469 3235 3534 voluit;
3275 3471 3421 3539 quod

1847 3578 1949 3617 nec
1995 3562 2131 3615 Mosi
2175 3562 2299 3630 ipsi,
2346 3562 2443 3631 qui
2516 3572 2643 3615 ante
2679 3572 2897 3616 sanctos
2931 3562 3070 3627 illos,
3117 3577 3256 3630 quos
3284 3563 3425 3626 dixi-

1846 3669 1991 3717 mus,
2041 3654 2188 3707 viros
2239 3654 2568 3708 invisibilem
2630 3654 2811 3707 videre
2876 3654 3143 3722 cupiebat,
3201 3669 3423 3707 conces-

1846 3760 1968 3799 sum
2041 3752 2146 3799 est.
2221 3744 2278 3797 ln
2347 3745 2603 3798 solatium
2685 3752 2865 3798 tamen
2922 3744 3218 3810 desiderii,
3276 3746 3420 3813 quod

1847 3836 1901 3887 in
1971 3844 2325 3904 conspectum
2392 3835 2788 3889 incarnationis
2839 3836 3043 3888 frustra
3110 3833 3417 3899 ferebatur,

1845 3928 2007 3981 etiam
2056 3936 2186 3980 tunc
2223 3928 2542 3996 mysterium
2582 3927 2712 3979 illud
2756 3942 2849 3996 per
2892 3925 3138 3996 symbola
3183 3934 3236 3979 et
3269 3935 3421 3995 typos

1845 4018 2206 4072 revelabatur.
2269 4019 2324 4070 lo
2393 4018 2480 4072 his
2539 4033 2668 4072 vero
2723 4019 2865 4086 typis
2924 4026 2979 4070 et
3042 4017 3418 4070 adumbratio-

1845 4109 2006 4164 nibus
2054 4108 2342 4162 Summum
2405 4108 2619 4162 Numen
2695 4110 2925 4177 gloriam
2966 4125 3172 4173 suam,
3239 4113 3417 4180 quoad

1844 4204 2064 4272 quidem
2088 4202 2399 4256 hominibus
2422 4202 2729 4271 perspicere
2759 4218 2881 4256 eam
2914 4202 3064 4265 licet,
3099 4203 3424 4258 illucescere

1846 4295 2041 4348 voluit.
2090 4294 2245 4360 Quod
2286 4309 2415 4348 vero
2446 4292 2613 4347 Deum
2662 4310 2821 4348 nemo
2863 4294 3148 4347 hominum
3203 4293 3418 4357 viderit,

1849 4399 1950 4439 nec
1979 4386 2159 4438 videre
2188 4398 2430 4453 unquam
2473 4386 2671 4453 possit,
2703 4386 2753 4438 id
2785 4386 3006 4455 quidem
3040 4385 3423 4454 frequentibus

1849 4476 2145 4546 Scriptura:
2196 4492 2388 4543 sacrae,
2448 4487 2560 4531 tum
2604 4476 2817 4533 Veteris
2865 4488 2980 4532 tum
3018 4478 3161 4531 Novi
3210 4479 3417 4532 Instru-

1848 4569 2040 4633 menti,
2078 4568 2408 4623 testimoniis
2453 4569 2669 4622 abunde
2708 4579 2942 4623 constat.
2976 4568 3180 4623 Horum
3222 4585 3421 4624 oracu-

1846 4657 2067 4723 lorum,
2118 4658 2172 4710 id
2223 4658 2445 4727 quidem
2499 4658 2859 4723 testautium,
2915 4659 3167 4712 collectio
3210 4658 3419 4727 justum

1845 4750 2043 4804 librum
2080 4749 2335 4804 efﬁceret.
2369 4748 2463 4803 Ille
2500 4765 2740 4820 quoque,
2767 4750 2857 4820 qui
2898 4750 3067 4804 divini
3098 4750 3249 4805 Pauli
3302 4752 3417 4805 elo-

1846 4841 1974 4910 quia
2016 4841 2192 4894 audiit
2235 4850 2288 4894 et
2321 4840 2548 4895 edoctus
2601 4848 2704 4905 est,
2741 4841 2922 4896 verbis
2950 4844 3171 4910 quidem
3213 4843 3416 4904 rhetor,

1847 4933 2134 4987 sententiis
2179 4948 2307 4986 vero
2351 4933 2730 5003 philosophus,
2771 4934 2855 4987 vel
2908 4935 3032 4988 talis
3064 4937 3268 5005 potius,
3319 4938 3412 5006 qui

1849 5036 1902 5082 et
1944 5027 2296 5097 intelligentia
2338 5038 2392 5082 et
2430 5026 2612 5097 lingua
2664 5028 3039 5083 sublimiorem
3087 5031 3257 5084 stillat
3292 5047 3422 5100 grac-

1853 5121 2005 5183 tiam,
2031 5121 2300 5191 nobisque
2322 5120 2606 5177 divinioris
2629 5124 2911 5193 sapientia:
2932 5124 3199 5194 profunda
3221 5126 3416 5194 aperit,

1670 5295 1907 5352 NOTAE.

248 5450 354 5523 (ἢ)
386 5452 537 5523 guilt.
570 5470 668 5522 pro
708 5455 781 5523 μὴ
823 5456 1057 5506 δειπνεῖν
1080 5473 1150 5507 τι.

251 5520 354 5585 ('28)
390 5520 484 5594 Est
505 5520 594 5575 ille
624 5520 912 5594 Dionysius
940 5525 1287 5593 Areopagita,
1323 5524 1482 5592 Cujus
1514 5524 1734 5590 scripta.

187 5600 297 5656 qua:
325 5593 484 5646 hodie
512 5596 648 5649 falso
675 5597 777 5649 sub
801 5600 919 5663 ejus
972 5597 1189 5649 nomine
1253 5595 1735 5657 circumferuntur,

1850 5470 1946 5522 pro
1967 5454 2237 5523 germanis
2271 5454 2455 5506 habuit
2492 5453 2719 5509 Photins
2769 5465 2973 5518 noster,
3003 5455 3096 5523 qui
3132 5464 3181 5507 et
3215 5454 3265 5504 in
3304 5454 3409 5522 My.

1850 5527 2085 5575 riolulzlo
2118 5542 2217 5577 suo
2250 5526 2437 5577 codice
2470 5525 2490 5576 Ι
2545 5525 2813 5578 'l'heodori
2871 5524 3176 5593 Presbyteri
3212 5523 3413 5576 libtunt

1847 5595 2178 5664 singularem
2218 5610 2315 5663 pro
2346 5596 2659 5664 γνησιότητι
2685 5611 2872 5650 eorum
2892 5603 3127 5647 enarrat.
