3846 6188
425 147 534 212 699

1583 145 1845 205 PHOTI-I
1877 145 2382 206 PATRIARCH/E
2413 148 2522 210 ΟΡ.

3550 156 3641 222 ’ῖθθ

425 275 683 330 magnus,
735 258 984 328 inquam,
1034 255 1326 327 Dionysius
1365 255 1624 324 prteelare
1675 265 1730 310 et
1769 256 1998 326 graviter

2107 257 2264 327 ψεσιν
2298 258 2435 329 (29).
2472 259 2582 311 Καὶ
2617 258 2682 324 δὴ
2713 257 2828 328 (50)
2864 258 2957 313 καὶ
2985 258 3077 312 τοῦ
3115 259 3347 328 μεγάλου
3375 263 3464 334 τῆς
3507 266 3638 321 silos-

429 353 612 415 docet,
645 349 823 403 Div'ini
875 348 1128 403 Numinis
1161 349 1458 418 essentiam
1505 350 1784 404 mentibus
1825 351 2004 404 homi-

426 462 554 498 num
599 459 877 512 nunquam
915 442 1134 510 subjici.
1171 442 1336 496 Porro
1374 457 1439 495 ex
1493 457 1691 512 magno
1724 442 2003 510 religionis

423 533 645 594 athleta,
669 532 759 600 qui
785 546 1117 599 peromnem
1144 532 1312 585 vitam
1340 532 1509 584 multa
1531 532 2001 600 pertulit,divino,

423 632 574 690 puta,
622 624 923 677 Athanasio
957 621 1071 693 (5i)
1124 622 1291 675 multa
1335 622 1608 690 ejusmodi
1642 621 1802 675 ell‘ata
1847 623 2003 676 colli-

423 728 550 780 gere
602 713 748 778 licet,
793 729 913 782 qua:
957 713 1168 768 Numen
1217 729 1492 768 summum
1545 713 1662 767 sine
1699 714 2003 767 velamento

423 806 646 873 aliquo,
699 816 1048 874 legumento,
1098 815 1192 859 aut
1233 806 1594 860 similitudine
1639 806 1708 859 ab
1762 808 2003 860 humano

424 910 642 964 genere,
679 896 821 964 quod
859 897 924 949 ad
967 897 1261 950 essentiam
1315 905 1369 950 et
1422 905 1672 949 naturam
1721 912 2000 966 nunquam

423 988 650 1056 intelligi
683 1003 845 1056 posse
883 990 1259 1058 pronuntiant.
1292 989 1426 1054 Quis
1453 1005 1583 1041 vero
1622 991 1855 1057 ignorat,
1889 989 2004 1042 1ηό-

425 1095 590 1148 gnum
626 1090 678 1132 et
707 1080 1087 1132 admirabilem
1135 1079 1419 1145 Basilium,
1455 1079 1655 1147 regiam
1705 1081 1849 1133 illam
1900 1081 2002 1134 Ec-

423 1172 603 1225 clesiae
649 1171 872 1232 stolam,
917 1171 1294 1238 optimumque
1319 1179 1373 1223 et
1399 1172 1840 1225 amantissimum
1883 1172 2002 1224 atti-

422 1278 635 1316 tnarum
667 1262 962 1324 medicum,
996 1268 1188 1314 contra
1218 1260 1472 1314 Eunmnii
1502 1263 1734 1316 Interesin
1777 1265 2003 1318 medici-

422 1370 546 1406 natn
581 1365 880 1422 parantem,
918 1355 1058 1404 inter
1096 1363 1288 1406 caztera
1326 1351 1542 1406 Paeonia
1590 1355 1826 1416 remedia
1862 1356 1911 1406 id
1949 1356 1998 1408 in

419 1443 610 1510 primis
641 1442 1040 1509 suppeditasse,
1064 1444 1208 1510 quod
1253 1442 1434 1496 divina
1483 1443 1574 1496 illa
1614 1456 1668 1496 et
1708 1444 2000 1498 ineffabilia

419 1542 609 1586 natura
647 1548 748 1586 nec
779 1533 1002 1602 intelligi
1039 1549 1137 1587 nec
1175 1535 1566 1604 comprehendi
1603 1536 1821 1604 possit?

2107 349 2620 418 ϐείαςάγωνιστοῦ,
2655 350 2714 413 ὃς
2746 351 2860 420 βίον
2892 342 3242 416 τοὺςᾶθλους
3269 357 3537 424 ἠνέγκατο,
3567 363 3642 415 τὸν

2106 440 2392 496 θεσπέσιόν
2413 460 2553 512 φημι
2572 443 2910 512 Ἀθανάσιον(
2917 442 3238 513 51),πολλάς
3259 445 3370 498 ἐστι
3385 447 3550 502 λαϐεῖν
3562 453 3641 516 τὰς

2106 533 2314 604 ῥήσεις,
2344 534 2398 586 αἳ
2434 535 2494 586 τὸ
2513 533 2668 586 Θεῖον
2696 535 2867 604 χωρίς
2894 552 3039 597 τινος
3061 537 3542 607 παραπετάσματος
3566 545 3645 595 καὶ

2105 624 2489 694 προϐλήματος
2524 625 2556 695 ἧ
2601 625 2947 695 ὁμοιώματος
2976 626 3219 696 ἄληπτον
3252 630 3536 694 παντελῶς,
3562 633 3644 687 ὅσα

2103 733 2165 783 γε
2192 717 2274 778 είς
2304 716 2491 770 οὐσίαν
2530 719 2623 770 καὶ
2659 719 2854 786 φύσιν,
2891 718 2968 788 τῷ
3006 719 3332 788 ἀνθρωπίνῳ
3370 721 3506 786 γένει
3533 724 3643 776 ἀναθ-

2103 825 2173 879 κη
2183 809 2453 878 ρύττουσι.
2475 811 2583 881 Τὴν
2604 811 2660 862 δὲ
2682 813 2778 880 τῆς
2818 812 3144 882 Ἐκκλησίας
3173 812 3438 881 βασίλειον
3462 815 3642 885 στολὴν,

2103 901 2194 952 τὸν
2229 901 2540 971 θαυμαστὸν
2575 903 2668 955 καὶ
2706 903 2878 972 μέγαν
2909 903 3218 966 Βασίλειον,
3253 903 3342 956 τὸν
3375 905 3573 974 ἄριστόν
3598 926 3644 960 τε

2105 991 2220 1060 ἅμα
2248 993 2341 1045 καὶ
2361 993 2576 1062 ἥδιστον
2604 993 2710 1045 τῶν
2727 994 2916 1063 ψυχῶν
2937 995 3142 1065 ἰατρὸν,
3168 996 3251 1059 τίς
3272 997 3371 1048 οὐκ
3397 992 3645 1058 οἷδεν,ὃτι-

2105 1101 2212 1155 περ
2247 1084 2387 1137 κατά
2417 1087 2517 1155 τῆς
2562 1087 2829 1155 Εὐνομίου
2875 1087 3077 1157 λύσσης
3117 1091 3322 1157 κιρνῶν
3354 1089 3413 1141 τὸ
3456 1091 3646 1160 φάρμαο

2105 1194 2217 1240 κον,
2251 1179 2327 1239 ὠς
2356 1178 2414 1229 ’ἐν
2447 1196 2500 1229 τι
2535 1179 2642 1230 τῶν
2676 1180 2960 1232 Παιωνίων
2993 1179 3373 1250 ἁλεξημάτων,
3401 1181 3490 1233 κα)⁵
3518 1181 3649 1232 τοῦτο

2102 1266 2166 1337 δὴ
2213 1267 2370 1320 τοῦτο
2411 1269 2474 1320 τὸ
2523 1269 2636 1332 (52)
2688 1270 2786 1338 τῆς
2833 1270 2983 1332 θείας
3035 1273 3131 1324 καὶ
3177 1272 3418 1342 ἀρρήτου
3467 1272 3650 1339 φύσεως

2103 1357 2342 1429 ἄληπτόν
2369 1376 2427 1412 τε
2459 1360 2554 1413 καὶ
2585 1361 2941 1432 ἀνεπινόητον
2966 1363 3350 1434 παρεστήσατο
3381 1379 3397 1427 ;

487 1623 750 1679 Ρτωιθνειι
786 1627 854 1679 ab
891 1626 984 1678 illo
1010 1642 1228 1696 quoque
1249 1665 1262 1690 ,
1297 1627 1383 1680 cui
1420 1627 1654 1697 theologi
1685 1629 1908 1684 nomine
1934 1644 1998 1683 ex

2178 1624 2290 1676 Καὶ
2321 1622 2427 1693 μὴν
2462 1621 2557 1675 καὶ
2589 1621 2667 1692 τῷ
2705 1623 2814 1693 (55)
2850 1622 2958 1676 ἀπὸ
2990 1622 3092 1693 τῆς
3140 1621 3417 1696 θειότητος
3449 1632 3547 1678 τῶν
3580 1627 3650 1681 λό-

417 1716 618 1770 divinis
660 1718 832 1786 magis
866 1718 1246 1784 sermonibus,
1284 1733 1446 1786 quam
1479 1734 1546 1773 ex
1580 1721 1724 1773 nuda
1759 1722 2003 1790 appella-

421 1812 566 1864 tione
601 1811 880 1882 dcslgnari
922 1812 1152 1882 contigit
1194 1814 1341 1880 (novi
1377 1822 1427 1866 te
1480 1811 1803 1881 Gregorium
1851 1815 2002 1884 cogi-

395 1902 578 1971 tare),
609 1903 810 1970 quique
854 1903 1096 1972 copiosis
1131 1913 1185 1957 et
1217 1907 1393 1958 acutis
1419 1907 1761 1975 argumentis
1801 1907 2003 1960 verita-

417 1999 525 2045 tem
590 1991 732 2044 ltanc
797 2006 1044 2048 asserere
1115 1994 1386 2057 instituit,
1446 1994 1512 2047 de
1568 1994 1761 2048 eodem
1828 1996 2006 2065 capite

418 2081 812 2135 commentatio
836 2085 1136 2153 persisripla
1175 2093 1280 2138 est.
1321 2083 1565 2154 Denique
1599 2093 1653 2139 et
1697 2085 1786 2138 ille
1815 2083 2005 2140 Eccle-

418 2170 514 2222 sia:
538 2180 743 2233 orator,
777 2173 857 2225 vel
892 2172 979 2225 ille
1004 2173 1206 2240 potius,
1237 2173 1331 2242 qui
1364 2181 1538 2226 totum
1578 2175 1768 2228 orbem
1797 2189 2007 2229 sermo-

423 2264 606 2325 nibus,
630 2265 904 2332 przeconio
943 2264 1219 2334 Evangelii
1251 2265 1484 2335 aliisque
1511 2266 1779 2322 doctrinis
1807 2267 2003 2337 plenis,

417 2355 703 2420 instruxit,
747 2357 864 2419 ille,
910 2357 1156 2426 inquam,
1187 2373 1348 2428 quem
1390 2374 1671 2414 sermones
1715 2359 1801 2414 sui
1850 2362 2002 2415 aurei

417 2450 530 2502 oris
570 2450 792 2503 nomine
827 2450 1196 2503 communiter
1222 2451 1484 2520 appellari
1515 2453 1784 2516 fecerunt,
1818 2453 2006 2522 singu-

418 2539 517 2592 lari
549 2540 818 2606 oratione,
854 2540 923 2594 ad
956 2544 1238 2596 veritatem
1273 2559 1379 2596 non
1415 2545 1620 2603 minus.
1649 2560 1812 2612 quam
1849 2546 2006 2599 obse-

417 2632 606 2700 quium
643 2631 916 2698 lleclente,
947 2649 1068 2700 quze
1099 2633 1176 2687 De
1204 2635 1717 2704 incmnpreltensibili
1751 2636 2007 2691 inscribi-

420 2733 530 2784 tur,
567 2723 698 2775 nihil
734 2724 1072 2794 diligentius,
1113 2741 1277 2795 quam
1312 2726 1453 2782 idem
1489 2728 1591 2782 hoc
1623 2738 2004 2797 argumentum

418 2825 610 2883 urget,
660 2825 714 2870 et
765 2823 1124 2872 demonstrat.
1173 2820 1375 2874 Praeter
1425 2821 1525 2874 hos
1575 2821 1889 2876 innumeros
1936 2836 2002 2875 ex

416 2909 735 2964 doctoribus
767 2911 969 2966 nostris
993 2911 1130 2965 alios
1170 2927 1266 2980 per
1302 2915 1476 2968 otium
1511 2915 1808 2980 inveneris,
1851 2932 2001 2970 eam-
2028 2939 2070 2997 ρ

416 3001 539 3054 dem
575 3003 902 3056 sententiam
935 3004 1210 3074 sull‘ragiis
1261 3007 1379 3059 suis
1431 3008 1827 3074 approbantes,
1861 3024 2001 3077 quos

418 3089 643 3142 totidem
699 3090 878 3144 verbis
928 3105 1048 3144 eam
1084 3094 1439 3161 proposuisse
1471 3095 1850 3148 demonstrare
1874 3111 2004 3162 pos-

417 3196 556 3243 sem,
588 3182 693 3235 nisi
728 3197 814 3235 me
844 3183 988 3236 acris
1035 3184 1261 3254 morbus
1300 3186 1581 3240 doloribus
1615 3187 2003 3242 intensissimis

416 3284 659 3328 vexaret.
691 3273 910 3326 Interim
945 3285 1001 3329 et
1047 3275 1142 3328 tibi
1179 3275 1303 3344 ipsi,
1334 3291 1420 3342 ea,
1465 3293 1588 3347 qua:
1612 3279 1760 3342 dixi,
1799 3289 1854 3332 et
1881 3296 2002 3348 quae

417 3366 524 3418 alia
556 3376 704 3426 sunt,
735 3365 994 3418 memoria
1033 3369 1318 3435 repetenti,
1350 3367 1506 3423 facile
1549 3371 1728 3434 fuerit,
1762 3373 2002 3425 testimo-

418 3456 508 3509 nia
539 3455 626 3508 illa
656 3456 932 3525 colligere,
974 3467 1026 3510 et
1061 3458 1252 3512 miram
1285 3460 1530 3513 omnium
1578 3463 1996 3516 consensionem

417 3549 748 3624 perspicere.
782 3547 906 3601 Mihi
951 3548 1170 3617 quidem
1217 3566 1361 3604 nunc
1403 3550 1678 3605 suffecerit
1728 3569 1998 3622 apponere

415 3655 604 3693 vocent
650 3641 829 3704 illam,
864 3657 1026 3710 quam
1071 3641 1248 3711 angeli
1294 3642 1595 3712 incorporei
1631 3660 1698 3698 eo
1733 3655 1994 3714 tempore,

415 3751 522 3804 quo
555 3744 699 3790 totus
737 3737 1106 3806 apostolorum
1159 3739 1382 3804 chorus,
1421 3738 1708 3793 Dominum
1739 3750 1792 3794 et
1827 3741 1994 3796 Deum

416 3837 664 3882 nostrum
701 3846 809 3883 una
849 3845 972 3884 cum
1013 3846 1097 3897 eo,
1133 3832 1276 3901 quod
1313 3848 1376 3885 ex
1411 3833 1567 3887 nobis
1600 3847 1994 3903 assumpserat,

412 3923 466 3975 in
498 3923 695 3976 malum
745 3934 1022 3992 receptum
1067 3924 1256 3979 videns
1290 3925 1589 3979 mirabatur
1637 3936 1691 3980 et
1721 3928 1992 3996 stupebat,

410 4016 556 4068 clare
597 4015 1048 4084 promulgarunt,
1106 4017 1212 4070 illis
1257 4017 1501 4071 dicentes
1543 4034 1556 4070 :
1603 4037 1622 4069 ι
1663 4016 1801 4082 Quid
1837 4019 1994 4072 statis

410 4106 616 4158 caelum
669 4106 978 4162 intuentes?
1024 4108 1112 4162 hic
1142 4106 1324 4176 Jesus,
1360 4125 1390 4164 a
1423 4110 1574 4165 vobis
1615 4111 1884 4173 sublatus,
1928 4127 1993 4166 eo

414 4193 580 4246 modo
611 4203 934 4258 revertetur,
987 4210 1098 4264 quo
1128 4197 1276 4248 illum
1313 4197 1365 4250 in
1407 4197 1607 4252 malum
1641 4199 1994 4266 proﬁciscen-

2107 1731 2219 1782 γων
2249 1714 2449 1784 μᾶλλον
2480 1714 2511 1784 ἢ
2538 1715 2625 1768 διὰ
2648 1716 2747 1782 τῆς
2774 1715 3018 1784 κλήσεως
3041 1715 3453 1788 κληρωσαμὲνῳ
3480 1719 3534 1772 τὸ
3559 1721 3650 1790 (54)

2105 1807 2606 1879 χαρακτηρίζεσθαι
2641 1808 2732 1862 τὸν
2779 1809 3041 1875 Θεολόγον
3083 1805 3221 1880 (οἶδα
3262 1811 3550 1881 Γρηγόριον
3591 1814 3652 1874 ὡς

2105 1899 2356 1970 ἐνόησας)
2393 1900 2573 1966 λόγοις
2614 1900 2697 1952 ὅτι
2731 1900 2968 1969 μάλιστα
3001 1904 3224 1964 πυκνοῖς
3257 1920 3318 1954 τε
3351 1904 3439 1956 καὶ
3464 1905 3652 1976 δριμέσι

2105 1995 2216 2054 τοῖς
2271 1992 2624 2062 ἐνθυμήμασι
2668 1992 3044 2062 ίχνηλατοῦντι
3095 1993 3194 2063 τὴν
3249 1995 3501 2064 ἀλήθειαν
3547 1999 3653 2067 περὶ

2105 2086 2308 2155 ταύτης
2339 2084 2754 2155 ἀναγέγραπται
2781 2085 2880 2153 τῆς
2913 2086 3223 2149 ὑποθέσεως
3254 2088 3388 2156 (55).
3429 2088 3577 2142 Ἀλλά
3601 2107 3651 2158 γε

2105 2179 2169 2248 δὴ
2213 2177 2309 2231 καὶ
2359 2177 2436 2246 τῷ
2485 2179 2676 2247 ῥήτορι
2720 2177 2818 2246 τῆς
2871 2176 3220 2246 Ἐκκλησίας,
3273 2179 3470 2249 μᾶλλον
3503 2181 3553 2232 δὲ
3592 2184 3654 2251 τῷ

2109 2265 2248 2334 μετά
2269 2263 2478 2315 Παῦλον
2497 2264 2593 2333 τὴν
2623 2265 2900 2334 περίγειον
2925 2267 3104 2318 πᾶσαν
3129 2270 3245 2331 τοῖς
3272 2268 3365 2321 τοῦ
3392 2270 3654 2340 κηρύγμακ

2104 2374 2196 2420 τος
2216 2356 2393 2425 λόγοις
2422 2357 2513 2410 καὶ
2536 2356 2636 2425 τῆς
2659 2358 2824 2428 ἄλλης
2851 2360 3227 2428 παιδαγωγίας
3261 2361 3555 2424 πολίσαντι,
3576 2367 3653 2415 καὶ

2103 2450 2280 2526 τούτῳ
2307 2451 2395 2516 δὴ,
2447 2449 2650 2520 τούτῳ,
2696 2444 2756 2504 οὗ
2809 2451 2872 2503 τὸ
2923 2451 3098 2518 στόμα
3148 2454 3198 2505 οί
3257 2452 3408 2520 λόγοι
3451 2454 3654 2524 χρυσοῦν

2105 2538 2183 2609 τῷ
2224 2540 2413 2610 κόσμῳ
2453 2539 2789 2610 ἐγνώρισαν,
2831 2541 2988 2610 λόγος
3034 2543 3176 2613 ῥέων
3203 2543 3343 2598 πολὺ
3389 2544 3523 2613 μετὰ
3569 2545 3653 2614 τῆς

2105 2631 2364 2701 ἀληθείας
2420 2632 2479 2684 τὸ
2529 2633 2846 2704 πειθήνιον,
2884 2634 2943 2697 ὃς
2991 2637 3020 2687 6
3066 2635 3207 2702 Περὶ
3253 2636 3654 2706 ἀκαταλήπτου

2104 2725 2477 2794 ἐπιγράφεται
2509 2725 2653 2795 ('56),
2691 2727 2844 2778 οὐδὲν
2877 2727 3065 2796 ἕτερον
3115 2728 3350 2796 μᾶλλον,
3379 2729 3413 2800 ἥ
3449 2729 3504 2781 τὸ
3541 2745 3654 2798 προ-

2108 2815 2363 2884 κείμενον
2397 2815 2719 2879 σπουδάζει,
2754 2817 2848 2868 κα)¹
2880 2815 3284 2870 ἀποδείκνυσιν.
3322 2818 3432 2868 Καὶ
3463 2817 3656 2885 μυρίους

2106 2907 2300 2969 ἄλλους
2323 2906 2431 2959 τῶν
2464 2907 2623 2960 θείων
2657 2907 2812 2976 ἡμῶν
2847 2908 3103 2976 Πατέρων
3135 2907 3287 2978 εὕροι
3331 2909 3395 2962 ἄν
3423 2926 3501 2970 τις
3537 2908 3658 2961 κατὰ

2109 2997 2328 3067 σχολὴν,
2375 2995 2738 3066 ὁμογνώμονα
2773 2999 2884 3060 τοῖς
2921 2998 3236 3067 εἰρημένοις
3269 2997 3368 3068 τὴν
3397 2998 3564 3068 ψῆφον
3588 2996 3658 3062 ἐξ·

2107 3091 2360 3159 ἁγοντας,
2378 3089 2469 3152 οὓς
2496 3092 2544 3143 εἰ
2577 3091 2652 3160 μὴ
2679 3091 2786 3161 (57)
2818 3089 2879 3141 τὸ
2908 3091 3103 3160 πικρόν
3127 3090 3230 3160 τῆς
3259 3092 3417 3144 νόσου
3441 3094 3533 3161 τὴν
3554 3091 3655 3141 66-J-

2104 3198 2202 3250 νην
2235 3182 2510 3234 ἐπέτεινεν
2533 3223 2547 3247 ,
2581 3181 2723 3250 τάχα
2763 3181 2828 3233 ἂν
2861 3182 2954 3233 καὶ
2985 3183 3174 3243 αὑταῖς
3211 3180 3392 3245 λέξεσι
3423 3182 3516 3250 τὴν
3542 3179 3659 3246 γνὼ-

2107 3290 2216 3344 μην
2245 3275 2503 3343 παρεῖχον
2531 3271 2894 3335 δεικνύοντας.
2929 3272 3076 3341 Πλὴν
3115 3272 3256 3326 ἀλλὰ
3293 3274 3378 3326 σοί
3416 3291 3474 3341 γε
3506 3272 3660 3343 ῥᾴδιον

2103 3367 2409 3436 ὑπόμνησιν
2457 3366 2674 3418 λαϐόντι
2721 3366 2828 3418 τῶν
2869 3382 2928 3417 τε
2968 3367 3300 3438 εἰρημένων,
3341 3370 3433 3420 καὶ
3470 3369 3566 3420 τῶν
3593 3367 3660 3417 ἐτι

2101 3459 2458 3528 λειπομένων,
2491 3458 2590 3521 τὰς
2623 3461 2932 3529 μαρτυρίας
2967 3461 3044 3521 εἰς
3071 3458 3129 3510 ἓν
3156 3459 3551 3530 ἀθροισάμενον
3579 3458 3663 3528 τήν

2101 3551 2166 3603 ἐκ
2212 3551 2432 3603 πάντων
2476 3552 2798 3620 συμφωνίαν
2847 3550 3160 3618 θαυμασίαν
3200 3552 3326 3603 οἵαν
3364 3548 3658 3604 θεάσασθαι.

2115 3644 2277 3713 Ἡμῖν
2303 3642 2348 3695 δ’
2394 3643 2558 3713 ἀρκεῖ
2595 3643 2662 3695 τὰ
2704 3642 2799 3695 νῦν
2830 3644 2923 3695 καὶ
2954 3643 3064 3695 τῶν
3101 3643 3418 3713 ἀσωμάτων
3454 3646 3601 3712 μόνον
3633 3642 3660 3711 ἡ

2099 3738 2252 3806 φωνὴ
2282 3735 2675 3806 παρατεθεῖσα,
2708 3735 2776 3803 ἢν
2799 3733 2988 3804 ἐπειδὴ
3017 3735 3126 3786 τῶν
3161 3737 3484 3788 ἀποστόλων
3533 3738 3558 3787 6
3581 3751 3660 3804 χο-

2101 3829 2191 3893 ρὸς
2236 3829 2329 3881 τὸν
2369 3827 2546 3880 κοινὸν
2591 3827 2873 3896 Δεσπότην
2921 3827 3015 3878 καὶ
3054 3825 3186 3879 Θεὸν
3232 3827 3396 3896 ἡμῶν
3425 3826 3555 3896 μετὰ
3581 3825 3659 3878 τοῦ

2097 3921 2547 3992 προσλήμματος,
2610 3918 3134 3988 ἀναλαμϐανόμενον
3181 3918 3508 3988 βλέποντες,
3546 3933 3657 3970 κατ-

2096 4013 2423 4078 επλήττοντο
2449 4013 2544 4064 καὶ
2588 4011 2958 4081 ἐτεθήπεσαν,
3000 4010 3303 4081 διαρρήδην
3337 4011 3659 4078 ἀπεφήναντο

2095 4104 2234 4175 πρὸς
2267 4106 2484 4166 αὐτούς·
2539 4121 2557 4153 ι
2610 4102 2675 4156 Τί
2723 4104 2997 4173 ἑστήκατε
3035 4102 3409 4172 ἐμϐλέποντες
3459 4104 3534 4165 είς
3578 4099 3656 4150 τὸν

2096 4197 2358 4266 οὺρανόν;
2409 4188 2564 4256 οὗτος
2590 4197 2617 4247 6
2661 4192 2868 4264 Ἰησοῦς
2897 4195 2925 4246 ὀ
2969 4191 3306 4262 ἀναληφθεὶς
3349 4191 3444 4260 ἀφ’
3489 4189 3654 4258 ὑμῶν,

410 4290 518 4334 tem
569 4281 860 4338 vidistis".
903 4302 920 4334 ι
969 4283 1168 4337 Abibat
1213 4284 1453 4350 scilicet,
1489 4295 1547 4339 ut
1593 4301 1701 4340 una
1753 4302 1991 4351 etnuen,

2104 4283 2250 4350 οὗτος
2276 4286 2654 4346 ἐλεύσεται,ὃν
2682 4285 2886 4354 τρόπον
2914 4284 3213 4338 ἐθεάσασθε
3245 4285 3412 4337 αὑτὸν
3443 4281 3654 4352 πορευό-

372 4358 553 4436 ἰιυοιι
607 4381 1002 4440 assumpserat,
1055 4371 1108 4424 in
1171 4373 1349 4425 sinunt
1398 4371 1576 4428 Patris
1639 4375 1992 4444 reciperetur,

407 4466 865 4532 quemadmodum
896 4473 1053 4518 antea
1105 4464 1159 4517 in
1197 4464 1281 4519 his
1316 4465 1474 4519 terris
1515 4464 1586 4519 ita
1619 4468 1994 4538 conspicieba-

411 4567 517 4622 tur,
552 4565 612 4609 ut
652 4571 820 4610 carne
865 4567 1051 4611 nostra
1080 4556 1322 4610 exterius
1371 4557 1632 4624 munitus,
1678 4569 1733 4614 et
1759 4561 1990 4614 humana

409 4649 585 4702 ferina
649 4647 874 4704 indutus
919 4659 1228 4719 appareret.
1295 4648 1549 4705 Divinum
1607 4652 1792 4724 itaque
1855 4653 1990 4709 illud

509 4759 553 4790 ⁸⁷
591 4759 710 4813 Act.
753 4775 792 4825 ι,
819 4761 874 4813 2.

2094 4383 2256 4450 μενον
2325 4380 2404 4440 είς
2450 4378 2542 4430 τὸν
2588 4377 2838 4448 οὐρανόν.
2888 4394 2907 4428 ι
2960 4377 3286 4446 Ἐπορεύετο
3323 4377 3389 4447 δὴ
3436 4371 3653 4445 δηλονότι

2091 4476 2204 4535 τοῖς
2235 4472 2522 4542 πατρικοῖς
2555 4473 2652 4523 καὶ
2701 4469 2842 4538 μετὰ
2870 4467 2965 4520 τοῦ
2999 4467 3433 4538 προσλήμματος
3465 4463 3652 4533 ἐνιδρυο

2091 4563 2353 4636 θήσεσθαι
2369 4562 2613 4627 κόλποις,
2637 4559 2826 4628 ὥσπερ
2854 4560 2948 4613 καὶ
2972 4559 3234 4630 πρότερον
3254 4560 3354 4611 ἐπὶ
3373 4559 3473 4627 γῆς
3493 4555 3651 4626 ὠρᾶτο

2089 4655 2384 4726 πρόΰλημα
2411 4654 2596 4723 φέρων
2625 4653 2724 4723 τὴν
2751 4651 2954 4723 σάρκα,
2980 4653 3075 4706 καὶ
3097 4651 3194 4723 τὴν
3224 4649 3515 4722 ἀνθρώπου
3541 4661 3653 4716 μορ·

1946 4860 2179 4916 ΝΟΤᾸΕ.

475 4997 589 5068 (9.9)
621 4998 762 5078 Vide
778 5001 1120 5078 Dionysium,
1154 5003 1235 5078 De
1269 5003 1461 5078 divinis
1501 5006 1824 5073 nominibus,
1857 5024 1978 5078 cap.

407 5071 459 5134 1,
496 5083 628 5152 tom.
676 5072 694 5125 Ι
728 5071 862 5142 Opp.
887 5071 1006 5142 ejus
1027 5075 1158 5127 edit.
1197 5073 1547 5130 Corderlana:
1573 5093 1626 5146 p.
1659 5079 1785 5143 457,
1812 5071 1976 5149 seqq.

404 5154 456 5195 et
483 5142 623 5196 aliis.

481 5213 590 5281 (50)
621 5214 828 5284 καὶ-δή.
849 5213 1085 5269 Colbert.

478 5286 588 5352 (5|)
627 5282 743 5356 \fid.
793 5282 1179 5350 Athanasium,
1209 5292 1339 5338 tom.
1372 5286 1393 5339 Ι
1421 5285 1558 5356 Opp.
1584 5290 1670 5341 ed.
1703 5287 1980 5344 Montel’al-

402 5367 526 5436 gilii.
555 5370 607 5422 p.
643 5354 734 5417 94,
761 5355 889 5419 2‘27,
948 5365 1054 5419 etc,
1096 5366 1150 5410 et
1211 5364 1343 5409 tom.
1388 5354 1484 5418 ll,‘
1511 5373 1564 5426 p.
1606 5359 1736 5425 245,
1774 5361 1878 5414 208
1931 5369 1985 5415 et

403 5423 588 5560 2Ιῗέἐ)
611 5494 892 5550 Posterius
918 5496 1024 5550 hoc
1046 5496 1206 5550 rhest
1228 5510 1293 5549 ex
1327 5493 1484 5555 Colb.
1557 5467 1559 5470 ι

477 5564 586 5631 (55)
621 5567 713 5620 Sic
745 5569 925 5642 scribo
952 5582 1076 5642 cunt
1105 5566 1294 5621 eodem
1327 5581 1424 5636 pro
1451 5571 1532 5637 τό,
1581 5573 1779 5642 pendet
1827 5574 1974 5627 enim

431 5645 697 5703 sequente
724 5638 825 5707 κλη
849 5636 1175 5708 ρωσαμένῳ.

2159 5008 2846 5088 (ἔνευῖδεονίρξίντοῖῷλ
3023 5079 3033 5088 .
3165 5078 3174 5088 .

2161 5079 2270 5150 (55)
2306 5079 2516 5137 Passim
2545 5079 2648 5136 hoc
2679 5079 3215 5150 agitGregorius,_in
3239 5079 3431 5144 primis
3451 5083 3572 5124 vero
3599 5082 3643 5150 ut

2089 5133 2268 5220 λόγοίέ
2306 5133 2653 5220 οὲὸλξῆιξόῖξ
2684 5133 2964 5220 quinque,
3006 5133 3399 5218 aui'leguntur
3445 5152 3582 5196 torno
3626 5133 3643 5188 l

2089 5223 2226 5296 Opp.
2255 5223 2440 5296 p251?!)
2466 5238 2619 5291 seqq.
2840 5291 2871 5296 η
2933 5289 2986 5296 __
3289 5287 3300 5296 _
3332 5284 3349 5296 ι
3377 5284 3390 5296 _

2163 5284 2275 5364 (30')
2306 5284 2560 5361 Quinque
2583 5284 2804 5346 exstant
2840 5291 2901 5344 D.
2926 5287 3302 5364 Chrysostomi
3332 5284 3510 5351 λόγοις
3525 5284 3643 5364 ,περὶ

2090 5355 2503 5433 ἀκαταλήπτου,
2528 5372 2717 5416 contra
2738 5355 3214 5433 Auommosdieti.
3242 5355 3382 5424 Lege
3413 5367 3504 5433 eos
3523 5359 3639 5433 teut.

2091 5416 2341 5518 \’lnedit:
2371 5416 2680 5518 Sari-lianah
2935 5416 3420 5518 St‘t‘|.q.,Du-CA3_.:£-|vl=¢:!1
3461 5416 3640 5518 10mg;

2085 5520 2138 5574 p.
2168 5486 2274 5557 292
2300 5520 2480 5576 ἥρωι,
2516 5513 2570 5558 et
2638 5486 3164 5558 llldutel‘alcontianae
3218 5509 3350 5553 tom.
3378 5495 3421 5562 Ι,
3463 5507 3513 5561 p.
3548 5486 3641 5542 ἅμ

2085 5590 2240 5642 seqq.

2162 5644 2274 5714 (57)
2313 5644 2468 5700 Coll).
2497 5659 2594 5713 pro
2617 5645 2664 5698 οἱ
2697 5646 2792 5714 μή.
