3798 6210
191 163 272 227 701
1152 120 1252 222 Al)
1284 163 1880 224 AMPI-IILOCIIIUM
1911 165 2254 235 OU/ESTIO
2282 167 2452 228 cxx.

3315 167 3424 227 702

192 284 281 352 φὴν
315 277 706 348 περικείμενος.
756 275 966 329 Οὐκοῦν
1006 276 1100 329 καὶ
1139 278 1219 339 είς
1243 273 1413 339 ἀὖθις
1447 277 1588 329 κατά
1634 277 1732 346 τὴν

1885 276 2118 330 raculum
2141 277 2451 342 conﬁrmat,
2476 292 2823 331 communem
2848 276 3139 332 Dominum
3170 287 3420 331 nostrum

192 373 314 426 ίδέαν
335 387 388 422 τε
421 369 512 422 καὶ
559 367 721 437 φύσιν
763 368 1267 438 ἐμφανισθήσεσθαι
1288 407 1303 430 ,
1339 368 1418 430 είς
1445 367 1646 435 γνῶσίν
1673 385 1732 419 τε

188 465 267 517 καὶ
291 460 581 530 κατάληψιν
604 459 898 528 ἀφικέσθαι
920 459 1011 512 τὸν
1032 460 1212 513 κοινὸν
1233 459 1510 530 Δεσπότην
1534 459 1735 530 δ’ἱερὸς

185 551 404 624 χρησμὸς
441 549 792 605 ἐϐεϐαίωσεν.
844 550 955 604 Καὶ
996 551 1116 603 τότε
1149 550 1250 619 ὅρα
1283 567 1407 620 μοι,
1439 550 1602 605 τίσιν.
1657 552 1732 604 Οὐ

185 646 276 716 γὰρ
301 645 403 705 τοῖς
439 642 732 711 τυχοῦσιν,
773 642 884 694 οὐδ’
915 643 1028 694 ὅσοι
1075 641 1255 712 μικρῴ
1298 642 1374 710 τῷ
1411 642 1593 712 μέτρῳ
1624 643 1733 696 τῶν

183 735 336 790 ἄλλων
365 731 666 803 ἀνθρώπων
693 735 774 794 εἰς
799 732 1087 786 ἐπίπνοιάν
1113 748 1173 784 τε
1206 730 1358 784 θείαν
1381 733 1474 784 καὶ
1499 731 1732 801 Θεωρίας

183 823 326 891 ὕψος,
359 821 450 874 καὶ
487 823 607 885 ταῖς
639 821 825 884 ἄλλαις
857 823 1083 892 ἀρεταῖς
1115 823 1545 892 ύπερανέχουσιν
1569 865 1582 884 ,
1617 823 1732 874 ἀλλ’

179 914 341 974 αὐτοῖς
365 910 612 975 ἐκείνοις,
637 915 686 964 οἱ
709 911 803 964 ἀπ’
835 912 1015 983 ἀρχῆς
1040 912 1309 966 αὐτόπται
1337 917 1433 966 καὶ
1464 914 1734 984 ὑπηρέται

178 1000 260 1054 τοῦ
306 1001 456 1069 λόγου
507 1003 842 1072 γεγενῆσθαι
896 1004 1192 1074 συμπάσης
1238 1003 1338 1072 τῆς
1386 1002 1734 1074 ἀνθρωπίνης

177 1094 370 1161 φύσεως
413 1093 506 1145 ὑπ’
541 1095 706 1148 αὑτοῦ
747 1094 843 1147 τοῦ
895 1095 1149 1148 Πλάστου
1183 1094 1612 1165 προεκρίθησαν.
1660 1095 1732 1146 Σὺ

175 1186 224 1237 δέ
251 1203 333 1255 μοι
363 1186 430 1238 τά
452 1203 512 1238 τε
542 1186 676 1239 ἄλλα
707 1187 939 1258 ἕρρωσο,
964 1188 1060 1240 καὶ
1087 1188 1265 1257 ψυχὴν
1296 1187 1388 1239 καὶ
1420 1187 1579 1257 σῶμα
1611 1186 1732 1255 Θεῷ

176 1277 391 1345 καθαρὸν
432 1279 714 1348 συντηρῶν
749 1279 866 1349 εῖης
895 1278 989 1332 τοῦ
1025 1277 1144 1348 βίου
1178 1279 1246 1332 τά
1291 1278 1511 1348 κύματα
1549 1279 1732 1350 ἱλαρὸν

173 1365 443 1429 πνεούσαις
473 1365 669 1437 αὔραις
710 1367 985 1438 διαπερῶν
1006 1408 1021 1434 ,
1054 1367 1150 1422 καὶ
1184 1367 1281 1436 τῆς
1309 1366 1518 1420 ἐκεῖθεν
1552 1366 1735 1436 ἅλμης

174 1459 618 1529 ὑπερ-νηχόμενος.

707 1571 1042 1624 ΕΡΩΤΗΣΙΣ
1073 1572 1204 1624 ΡΚ’.

173 1663 228 1720 Τί
251 1662 426 1728 δηλοῖ
480 1663 546 1716 τὸ
593 1663 1006 1717 ἀποστολικὸν
1026 1665 1239 1730 ῥητὸν,
1267 1662 1332 1715 τὸ
1357 1702 1371 1726 ,
1411 1682 1430 1714 ‹
1471 1662 1733 1716 Πάντοτε

228 1736 320 1787 καὶ
356 1736 474 1786 νῦν
507 1734 955 1801 δοξασθήσεται
989 1735 1239 1802 Χριστὸς
1273 1733 1353 1801 ,ἐν
1393 1732 1471 1797 τῷ
1504 1731 1734 1801 σώματί

220 1823 352 1872 μου,
383 1824 400 1854 ι
441 1823 496 1856 κ.
531 1805 578 1856 ἐ.
613 1805 765 1872 (58);

1839 371 2029 422 eadem
2076 369 2260 438 specie
2310 369 2596 438 formaque
2627 369 2823 423 iterum
2873 369 2989 423 fore
3037 370 3420 438 conspicuum,

1838 459 2129 529 oculisque
2159 461 2363 515 nostris
2388 457 2768 530 etcognitioni
2812 461 3057 514 obvium.
3095 459 3229 514 Vide
3270 475 3419 524 vero,

1836 549 2036 618 quibus
2069 550 2202 604 illud
2248 552 2322 606 sit
2369 561 2714 607 eventurum.
2757 551 2873 605 Non
2908 566 3039 606 sane
3086 552 3420 620 quibusque.

1836 658 2013 712 neque
2043 643 2150 697 illis
2180 643 2368 706 etiam,
2413 644 2504 712 qui
2543 643 2736 712 exigua
2785 657 3040 696 mensnra
3071 643 3207 697 alios
3240 642 3423 696 homi-

1835 750 1956 799 nes,
1980 737 2122 805 quod
2159 736 2225 790 ad
2255 736 2492 790 aﬂlatum
2527 736 2768 789 divinum
2813 735 3249 806 cognitionisque
3285 750 3425 804 prte-

1837 829 2121 891 stantiam,
2171 837 2228 882 ut
2278 829 2345 882 de
2390 829 2688 882 virtutibus
2720 829 2843 880 aliis
2889 843 2992 881 non
3025 827 3224 892 (licam,
3262 844 3424 896 supe-

1838 926 2001 984 rant;
2049 917 2142 972 sed
2195 918 2330 986 ipsis
2385 919 2525 982 illis,
2561 920 2650 987 qui
2687 920 2754 972 ab
2788 920 2906 987 ipso
2935 917 3230 971 Conditore
3279 917 3423 985 digni

1837 1024 1948 1077 prae
1976 1009 2098 1063 aliis
2139 1009 2310 1062 habiti
2345 1020 2522 1072 erant,
2557 1019 2613 1062 ut
2646 1011 2711 1062 ab
2741 1010 2898 1062 initio
2927 1016 3264 1077 Spectatores
3293 1005 3426 1060 Ver-

1835 1099 1910 1164 bi,
1942 1109 1995 1153 et
2035 1101 2101 1153 ad
2137 1110 2310 1154 totum
2346 1101 2628 1155 hominum
2677 1117 2848 1170 genus
2880 1100 3123 1168 ejusdem
3162 1099 3426 1167 interpres

1835 1200 1889 1246 et
1921 1193 2227 1246 administri
2251 1203 2453 1248 essent.
2491 1194 2565 1248 Ita
2597 1203 2650 1247 tu
2681 1203 2736 1246 et
2768 1193 2903 1247 alias
2929 1193 3064 1253 vale,
3097 1201 3149 1245 et
3181 1191 3425 1244 animum

1837 1299 2148 1354 corpusque
2186 1284 2298 1339 Deo
2345 1287 2726 1340 intemeratum
2778 1299 3026 1348 servans,
3061 1283 3428 1350 secundisque

1835 1375 2014 1430 ventis
2044 1392 2196 1440 usus,
2238 1379 2522 1445 praesentis
2555 1379 2679 1432 vitae
2718 1376 2914 1431 ﬂuctus
2944 1388 3162 1443 supera,
3192 1374 3427 1429 salsum-

1835 1482 1945 1538 que
1977 1467 2080 1521 hoc
2115 1483 2266 1523 mare
2314 1472 2560 1524 emetire.

1911 1579 2239 1646 QUASSTIO
2278 1580 2440 1636 cxx.
2473 1581 2661 1651 [CuisL
2697 1581 2898 1637 CXLII.
2933 1582 3097 1636 Taur.
3134 1577 3342 1650 CXLI.]

1842 1670 1984 1736 Quid
2031 1673 2294 1742 signiﬁcat
2330 1672 2529 1725 dictum
2578 1676 2817 1738 Apostuli
2849 1691 2866 1728 :
2913 1695 2930 1725 ι
2969 1674 3178 1742 Semper
3206 1685 3253 1726 et
3288 1687 3424 1724 nunc

1873 1741 2089 1812 quoque
2107 1741 2350 1797 Christus
2375 1743 2761 1813 gloriﬁcabitur
2787 1746 2840 1798 in
2859 1761 3074 1813 corpore
3092 1741 3259 1808 meo,»
3289 1753 3394 1796 etc.

221 1920 470 1970 Editarum
494 1935 521 1969 a
546 1919 722 1968 Wolﬁo
741 1922 912 1982 quinta
935 1922 991 1984 (l.
1013 1934 1080 1982 c.,
1105 1934 1155 1983 p.
1183 1918 1412 1978 715-719,
1437 1918 1661 1969 Galland.
1689 1933 1737 1982 p.
1764 1920 1990 1984 717-718,
2013 1935 2064 1971 n.
2087 1924 2168 1983 21,
2192 1938 2241 1986 p.
2278 1922 2410 1987 1-12).
2438 1924 2766 1986 —Expositto
2792 1929 2960 1973 textus
2980 1923 3194 1985 Philipp.
3222 1935 3256 1982 ι,
3282 1923 3358 1970 20.

237 2025 296 2077 'H
315 2024 406 2078 τοῦ
428 2026 656 2095 ῥήτορος
678 2023 776 2094 τῆς
794 2022 1048 2090 ἀληθείας
1072 2021 1246 2094 φωνὴ,
1272 2024 1326 2090 ὴ,
1350 2022 1423 2084 ὡς
1459 2041 1476 2073 ι
1505 2022 1740 2075 Πάντοτε

161 2115 248 2166 καὶ
275 2113 367 2165 νῦν
411 2111 807 2184 δοξασθήσεται
847 2112 1082 2180 Χριστὸς
1121 2113 1180 2163 ἐν
1214 2111 1292 2181 τῷ
1341 2109 1554 2180 σώματί
1599 2129 1738 2181 μου,

162 2208 262 2258 εἴτε
293 2206 379 2260 διὰ
413 2205 582 2274 ζωῆς,
611 2204 722 2256 εἴτε
751 2203 838 2256 διὰ
890 2193 1120 2256 θανάτου
1171 2201 1305 2272 (59).
1346 2219 1365 2252 ι
1422 2201 1589 2253 πόθου
1641 2203 1740 2269 μὲν

162 2299 290 2368 αὐτὴ
313 2298 424 2367 (40)
459 2299 747 2366 προχεῖται
777 2294 1077 2364 σεϐασμίου
1104 2312 1163 2347 τε
1195 2295 1288 2347 καὶ
1319 2293 1488 2364 ἱεροῦ,
1525 2293 1740 2358 ἐλπίδος

160 2390 210 2442 δὲ
234 2390 466 2460 βέϐηκεν
492 2391 653 2458 φύσιν
684 2386 986 2456 ἀγνοούσης
1015 2386 1237 2457 θνητὴν,
1267 2385 1524 2456 τοιαύτην
1552 2385 1608 2436 δὲ
1635 2385 1735 2454 τὴν

157 2477 383 2530 διάνοιαν
407 2476 694 2548 ὑποδηλοῖ·
729 2476 971 2530 Πάντοτε
1001 2478 1028 2529 ὁ
1059 2477 1293 2546 Χριστὸς
1323 2476 1382 2528 ἐν
1413 2473 1492 2544 τῷ
1524 2473 1737 2544 σώματι

155 2567 362 2622 Παύλου
405 2568 814 2639 ἐμεγαλύνετο,
863 2567 959 2621 καὶ
1013 2567 1102 2620 ὅτε
1155 2567 1373 2636 δεσμοῖς
1425 2565 1588 2619 αὺτὸν
1641 2564 1737 2616 καὶ

157 2657 370 2728 μάστιξι
421 2656 951 2725 ἐνταλαιπωρεῖσθαι
989 2654 1322 2726 συνεχώρει,
1361 2657 1457 2707 καὶ
1502 2654 1733 2708 θανάτου

156 2747 256 2816 πρὸ
300 2747 491 2800 πυλῶν
540 2746 830 2818 ἐρρῖφθαι,
887 2745 979 2796 καὶ
1023 2745 1112 2796 ὅτε
1167 2744 1374 2810 ἐξεῖλκε
1415 2743 1579 2797 αὑτὸν
1637 2745 1733 2797 καὶ

152 2836 469 2906 ἀνήρπαζεν
521 2837 586 2887 ἐκ
638 2835 817 2904 μέσων
865 2833 973 2887 τῶν
1025 2834 1284 2902 ἀνιαρῶν.
1325 2831 1419 2897 Οἷς
1475 2835 1573 2904 μὲν
1625 2834 1734 2904 γάρ

151 2930 390 2981 ἐναθλεῖν
436 2927 625 2998 ἠφίετο
649 2966 666 2992 ,
706 2928 799 2980 καὶ
830 2929 945 2990 τοῖς
974 2928 1054 2989 είς
1090 2926 1318 2979 θάνατον
1352 2926 1545 2994 ἄγουσι
1609 2943 1735 2978 συν-

153 3020 430 3086 ἐπλέκετο,
459 3021 784 3091 πειρασμοῖς
817 3017 1133 3072 ἐϐεϐαιοῦτο
1162 3020 1254 3072 καὶ
1276 3017 1602 3088 ἐκρατύνετο
1633 3019 1732 3088 τῆς

150 3115 431 3178 εὐσεϐείας
472 3113 533 3166 τὸ
581 3113 867 3185 κήρυγμα.
906 3111 1287 3181 Λογιζομένων
1327 3111 1437 3164 τῶν
1481 3111 1731 3181 ὁρώντων

149 3208 212 3259 τὰ
243 3206 461 3260 Παύλου
490 3205 696 3276 δεσμὰ,
733 3205 828 3258 καὶ
868 3207 965 3267 τὰς
1003 3203 1248 3273 θλίψεις,
1288 3204 1381 3256 καὶ
1413 3203 1508 3274 τὴν
1537 3205 1595 3256 ἐν
1626 3203 1727 3257 αύ-

1922 2020 2038 2077 Vox
2081 2025 2173 2078 illa
2205 2023 2473 2092 praeconis
2503 2023 2769 2087 veritatis,
2827 2040 2950 2092 qua:
2979 2025 3052 2077 ait
3085 2044 3098 2078 :
3143 2043 3160 2074 ι
3200 2023 3427 2092 Semper

1843 2122 1898 2169 et
1924 2130 2069 2168 nunc
2099 2130 2318 2185 quoque
2350 2116 2603 2170 Christus
2639 2118 2688 2168 in
2722 2130 2948 2184 corpore
2989 2130 3110 2168 meo
3155 2113 3427 2184 gloriﬁca-

1842 2204 2009 2271 bitur,
2038 2207 2152 2262 sive
2181 2224 2278 2276 per
2309 2209 2498 2273 vitam,
2532 2209 2644 2262 sive
2672 2225 2768 2277 per
2815 2219 3066 2272 mortem,
3101 2226 3119 2259 ι
3167 2225 3234 2262 ex
3279 2210 3426 2264 desi-

1842 2296 1996 2350 derio
2052 2299 2291 2367 quodam
2347 2299 2604 2367 religioso
2656 2308 2709 2352 et
2756 2315 2914 2353 sacro
2962 2300 3201 2369 proﬂuit,
3262 2301 3425 2356 simul

1839 2401 1970 2440 vero
1999 2387 2066 2441 ad
2096 2402 2244 2456 spem
2275 2387 2501 2457 aspirat,
2526 2402 2647 2456 quae
2680 2388 2960 2440 mortalem
2990 2397 3238 2440 naturam
3270 2388 3427 2456 igno-

1839 2486 1942 2534 rat.
2006 2479 2236 2534 Sensum
2296 2495 2425 2534 vero
2469 2481 2613 2534 hunc
2662 2481 2848 2545 refert,
2885 2482 3029 2550 quod
3084 2481 3338 2536 Christus
3369 2482 3423 2536 in

1838 2587 2069 2641 corpore
2116 2571 2266 2626 Pauli
2317 2589 2532 2643 semper
2574 2574 2646 2628 sit
2689 2573 3104 2642 magniﬁcatus,
3155 2574 3269 2628 sive
3299 2589 3424 2628 euut

1835 2664 2070 2718 vinculis
2111 2673 2165 2718 et
2214 2663 2405 2718 ferulis
2437 2665 2619 2734 afﬂigi,
2668 2665 2968 2734 mortisque
3005 2665 3138 2718 adeo
3171 2665 3426 2734 periculis

1836 2755 2000 2824 objici
2042 2765 2319 2825 pateretur
2367 2755 2531 2820 Deus,
2575 2756 2689 2810 sive
2724 2757 2876 2810 illum
2921 2773 2988 2811 ex
3037 2757 3228 2811 mediis
3259 2771 3425 2811 vexa-

1833 2849 2076 2902 tionibus
2114 2851 2369 2917 eriperet,
2395 2859 2449 2903 ct
2488 2850 2810 2904 vindicaret.
2851 2849 2961 2904 lllis
2992 2851 3134 2905 enim
3171 2851 3424 2905 tentatio—

1835 2940 2030 3004 nibus,
2075 2940 2155 2994 vel
2189 2949 2422 2993 mortem
2470 2941 2641 3008 ipsam
2674 2940 3030 3003 minantibus,
3063 2955 3185 2993 cum
3221 2940 3422 3009 quibus

1832 3031 2134 3086 conﬂictari
2165 3041 2219 3085 et
2244 3033 2559 3100 depugnare
2590 3032 2906 3100 jubebatur,
2941 3032 3274 3101 pl'azconium
3304 3033 3424 3100 pie-

1833 3121 1958 3175 tatis
2009 3121 2328 3175 ﬁrmabatur
2373 3132 2426 3176 et
2480 3121 2878 3176 stabiliehatur.
2925 3121 3030 3186 Qui
3085 3121 3231 3175 enim
3270 3117 3420 3174 Pauli

1831 3214 2048 3267 vincula
2085 3213 2538 3283 calamitatesque
2569 3229 2693 3268 cum
2727 3214 2936 3268 ratione
2977 3213 3420 3283 perspiciebant,

146 3304 257 3362 τοῖς
285 3297 568 3369 ὑπομονὴν
590 3273 1078 3367 ἐκπληττομένων,
1105 3297 1199 3348 καὶ
1216 3295 1294 3367 τῷ
1321 3273 1561 3366 θαύματι
1589 3296 1725 3365 πρὸς

1885 3347 1887 3355 ,
1932 3305 2248 3374 patientiam
2299 3307 2351 3358 in
2396 3305 2502 3360 illis
2555 3307 2839 3375 probatam
2874 3305 3307 3370 admirabantur,
3344 3302 3421 3358 illi

149 3391 490 3462 ἐπιστροφὴν
538 3389 970 3460 διανισταμένων
997 3429 1013 3454 ,
1043 3387 1118 3451 ὡς
1154 3389 1202 3440 εί
1243 3388 1318 3458 μὴ
1365 3388 1510 3441 θεῖόν
1555 3406 1606 3440 τι
1637 3386 1732 3440 καὶ

147 3482 460 3553 πινάληθες
484 3480 547 3533 τὸ
576 3481 706 3551 παρ’
735 3479 902 3534 αὐτοῦ
939 3479 1350 3552 κηρυσσόμενον
1377 3481 1727 3551 καθεστήκει,

145 3576 242 3628 οὒκ
278 3576 346 3630 ἂν
376 3574 572 3642 ἑαυτὸν
606 3574 821 3645 μυρίοις
866 3574 1072 3644 χαίρων
1109 3576 1203 3626 καί
1232 3575 1528 3645 ἁφορήτοις
1561 3573 1729 3626 ἐδίδου

142 3670 356 3733 κακοῖς,
391 3668 512 3720 ἐνὸν
553 3667 901 3736 παυσάμενον
935 3665 1372 3719 ἀπαλλάττεσθαι
1405 3665 1514 3716 τῶν
1545 3667 1730 3732 ἀλγει-

143 3759 250 3812 νῶν
280 3762 378 3812 καὶ
411 3759 489 3830 μὴ
514 3759 741 3812 θάνατον
765 3761 844 3821 είς
871 3758 1061 3826 ἀγῶνα
1089 3757 1294 3810 καλεῖν.
1337 3757 1730 3826 Ἐμεγαλύνετο

141 3850 322 3904 τοίνυν
356 3849 588 3912 εἰκότως
613 3850 701 3902 διὰ
727 3847 934 3902 τούτων
962 3849 990 3900 ὁ
1020 3847 1277 3918 Χριστὸς,
1311 3845 1404 3900 τοῦ
1438 3847 1728 3916 κηρύγμα-

141 3961 232 4006 τος
273 3946 356 4006 είς
402 3943 696 4013 βεϐαίωσιν
730 3945 844 4005 τοῖς
884 3941 1096 4004 πολλοῖς
1149 3939 1548 4009 ἀφικνουμένου
1572 3979 1585 4003 ,
1634 3939 1729 3992 καὶ

140 4037 260 4098 ταῖς
289 4035 406 4086 τῶν
438 4031 743 4104 ἀνθρώπων
769 4031 1253 4102 ἐμπλατυνομένου
1291 4030 1516 4100 ψυχαῖς.
1561 4030 1730 4082 Πάλιν

138 4125 219 4191 δέ,
270 4127 444 4196 ἡνίκα
486 4125 726 4188 ἐξεῖλκεν
767 4126 929 4178 αὑτὸν
965 4124 1058 4176 καὶ
1103 4123 1420 4193 ἀνήρπαζεν
1467 4123 1728 4176 κινδύνων

141 4217 410 4288 ὀλεθρίων
429 4257 444 4282 ,
476 4216 701 4271 αὐτόθεν
741 4217 1123 4288 ἐμεγαλύνετο.
1160 4217 1295 4270 υύδέ
1323 4217 1432 4284 γάρ
1461 4232 1604 4278 τινος
1633 4218 1729 4268 ἀν-

141 4309 432 4380 θρωπίνης
484 4305 552 4378 ἦν
603 4307 848 4370 ἐπινοίας
899 4310 964 4361 ἐκ
1011 4310 1178 4378 μέσου
1223 4307 1407 4378 χειρὸς
1458 4305 1728 4376 φονώσης,

141 4401 238 4452 καὶ
279 4401 380 4453 τοῦ
423 4400 656 4469 αἵματος
700 4397 980 4469 διψώντων
1013 4399 1218 4465 κακῶν,
1259 4397 1443 4468 ἅπαθῆ
1468 4397 1728 4461 πολλάκις

136 4492 485 4546 ἀπολύεσθαι
512 4492 604 4544 τὸν
633 4491 937 4562 ἀγωνιστὴν
957 4531 970 4556 ,
1004 4491 1139 4544 ἀλλά
1171 4490 1290 4542 θεία
1345 4508 1424 4553 τις
1467 4493 1560 4542 καὶ
1589 4490 1728 4560 ὑπὲρ

138 4588 438 4652 ἄνθρωπον
466 4586 626 4657 χάρις
659 4581 726 4656 ἦν
748 4582 766 4648 ,⁷
806 4585 840 4655 ἡ
883 4586 1014 4655 παρ’
1048 4583 1268 4644 ἐλπίδας
1304 4582 1394 4635 τὸν
1423 4580 1726 4650 θεράποντα
1752 4605 1804 4664 D

141 4678 396 4748 ῥυομένη
436 4678 530 4730 καὶ
569 4676 857 4729 διαλύουσα
898 4677 968 4729 τά
1026 4673 1192 4728 δεινά.
1248 4673 1372 4734 Πῶς
1421 4671 1610 4724 ἐλύετο
1654 4672 1725 4724 τὰ

138 4768 354 4838 δεσμά;
425 4767 548 4831 Πῶς
604 4767 894 4834 ἐξέπιπτον
947 4766 1004 4818 αῖ
1061 4763 1309 4828 ἁλύσειςς
1360 4763 1423 4815 τὸ
1478 4762 1594 4830 φῶς
1641 4762 1725 4826 τίς

138 4861 401 4930 ὑφῆπτεν
427 4859 506 4930 τῷ
531 4860 790 4928 οἰκήματι
813 4859 923 4928 (41)
947 4875 962 4924 ;
989 4857 1106 4920 πῶς
1134 4857 1573 4926 περιήστραπτεν
1606 4853 1727 4905 ὅλον

133 4955 202 5021 τῇ
231 4952 409 5024 αἴγλῃ
439 4951 698 5022 πληροῦν,
728 4951 994 5021 μηδεμιᾶς
1025 4948 1155 5018 ὕλης
1185 4944 1632 5016 ύπηρετουμένης
1656 4946 1720 5015 τῇ

1833 3392 1951 3466 ipsa
1976 3395 2077 3456 hac
2097 3393 2462 3448 admiratione
2485 3393 2552 3447 ad
2579 3393 2993 3464 conversionem
3017 3395 3418 3459 excitabantur,

1831 3483 2155 3552 cogitantes,
2193 3483 2295 3536 nisi
2328 3481 2602 3551 praeconio
2641 3483 2762 3551 ejus
2793 3482 2960 3535 divini
3003 3483 3208 3553 aliquid
3241 3493 3296 3536 et
3325 3499 3421 3536 ve-

1830 3572 2034 3626 rissimi
2081 3575 2371 3638 subesset,
2422 3587 2482 3627 se
2523 3572 2702 3641 ipsum
2738 3572 2964 3626 inﬁnitis
3019 3582 3073 3627 et
3109 3573 3194 3627 vix
3227 3572 3422 3632 tolera.

1781 3650 1789 3658 ’
1829 3663 2031 3718 bilibus
2076 3679 2185 3716 non
2232 3662 2402 3718 luisse
2436 3663 2814 3732 objecturum,
2851 3679 3017 3729 cum,
3073 3679 3101 3717 a
3150 3664 3418 3719 sententia

1828 3755 2149 3822 discedens,
2203 3757 2470 3809 molestiis
2520 3755 2626 3810 illis
2677 3756 2895 3810 liberari
2961 3755 3263 3825 potuisset,
3317 3771 3420 3810 nec

1829 3849 2025 3901 mortis
2047 3847 2349 3915 periculum
2373 3846 2558 3900 subire
2582 3846 2878 3900 debuisset.
2907 3845 3021 3901 Hoc
3045 3848 3227 3915 itaque
3258 3847 3417 3900 modo

1800 3937 2032 3991 Christi
2116 3938 2286 4005 gloria
2358 3938 2875 3991 convcnientissime
2943 3937 3434 4005 amplilicabatur,

1828 4027 2274 4098 quandoquidem
2310 4028 2644 4096 prteconium
2682 4028 2813 4080 illud
2846 4043 3010 4097 quam
3043 4028 3292 4096 plurimis
3328 4043 3417 4080 ra-

1831 4126 1945 4171 tttm
1981 4118 2160 4180 ﬂebat,
2199 4117 2595 4184 hominumque
2625 4115 2825 4169 animis
2858 4115 3201 4184 inﬁgebatur.
3234 4115 3412 4180 Quan-

1827 4209 1898 4264 do
1944 4211 2013 4262 ab
2045 4208 2214 4262 altera
2269 4217 2425 4276 parte
2458 4205 2599 4262 Deus
2653 4207 2801 4260 illum
2850 4223 2914 4262 ex
2971 4207 3412 4276 praesentissimis

1829 4300 2088 4371 periculis
2122 4299 2407 4370 eripiebat,
2447 4300 2612 4354 etiam
2643 4307 2755 4352 tum
2786 4299 3038 4353 Christus
3070 4299 3412 4368 gloriﬁcaba-

1829 4401 1938 4446 tur.
1969 4392 2153 4462 Neque
2174 4391 2318 4445 enim
2353 4392 2578 4446 humani
2606 4401 2722 4446 erat
2751 4390 2968 4445 consilii
2994 4401 3046 4444 ct
3072 4391 3213 4458 opis,
3242 4390 3414 4443 athle-

1827 4493 1937 4538 tam
1991 4485 2134 4536 huuc
2179 4498 2244 4536 ex
2308 4483 2502 4536 mediis
2558 4498 2757 4537 manus
2800 4482 3260 4548 sanguinolenta,
3316 4491 3412 4534 aut

1832 4575 2204 4643 improborum
2237 4573 2542 4636 hominum,
2573 4574 2892 4643 sanguinem
2925 4573 3248 4636 sitientium,
3279 4587 3414 4625 con-

1831 4655 1967 4720 siliis
2007 4666 2234 4719 illaesum
2283 4665 2451 4719 exire.
2498 4664 2704 4718 Divina:
2757 4665 2938 4732 potius
2982 4675 3034 4718 et
3072 4665 3194 4733 plus
3244 4679 3410 4732 quam

1833 4758 2085 4812 humanae
2113 4758 2300 4829 gratiae
2329 4757 2650 4812 beneﬁcium
2672 4757 2722 4810 id
2750 4767 2888 4821 erat,
2911 4773 3034 4826 qua:
3065 4757 3272 4812 scilicet
3298 4773 3412 4813 ser-

1835 4864 1963 4902 vum
1993 4847 2144 4902 illum
2185 4849 2384 4902 amotis
2435 4846 2594 4901 malis
2647 4847 2930 4912 omnibus,
2974 4857 3172 4917 pratter
3216 4862 3412 4917 exspe-

1829 4943 2146 5005 ctationem,
2175 4939 2459 4996 liberabat.
2518 4938 2800 5005 Quomodo
2851 4940 2996 4996 enim
3027 4939 3246 4996 vincula
3297 4943 3412 4996 sol-

1685 5119 1917 5176 NOTAE.

209 5240 333 5312 (58)
374 5239 610 5312 Philipp.
645 5255 684 5304 ι,
718 5239 936 5312 ἳθλιὼῖ
973 5248 1152 5312 tamen
1184 5254 1281 5308 pro
1328 5237 1720 5312 δοξασθήσεται

133 5309 351 5382 legitur
382 5309 541 5382 hodie
574 5309 1058 5382 μεταλυνθὴσεται,
1084 5310 1149 5362 ad
1173 5325 1334 5382 quem
1375 5309 1553 5364 locum
1576 5309 1721 5362 nulla

135 5379 403 5438 codicum
432 5381 672 5434 varietas
722 5381 777 5434 in
817 5380 1135 5434 collectione
1183 5379 1425 5432 Milliana
1475 5386 1720 5447 apparet.

134 5452 379 5507 Scilicet.
405 5451 583 5510 etbic,
610 5458 668 5504 ut
708 5450 862 5514 alias,
910 5449 1135 5504 Photius
1185 5451 1462 5504 memoria:
1494 5465 1606 5502 sua:
1638 5449 1723 5500 ni-

135 5523 318 5575 mium
351 5521 562 5589 tribuit.
591 5518 718 5589 ipse
749 5528 928 5573 tamen
973 5536 1098 5573 mox
1129 5520 1375 5589 verbum
1401 5516 1722 5582 δοξάζεσθαι

134 5607 239 5660 per
261 5588 672 5660 μεγαλύνεσθαι
708 5591 948 5659 exponit.

1893 5234 2007 5304 (39)
2033 5231 2230 5287 Deesse
2257 5225 2473 5287 videtur
2501 5231 2762 5300 λέγουσα.

1892 5305 2001 5374 (40)
2035 5305 2126 5374 Sic
2153 5304 2343 5374 scribo
2367 5319 2462 5371 pro
2488 5304 2646 5374 αὐτῇ.

1894 5372 2008 5441 (41)
2035 5372 2271 5428 llumani
2302 5373 2504 5442 aliquid
2547 5372 2737 5443 passus
2766 5375 2854 5430 hic
2904 5384 2988 5430 est
3013 5374 3264 5430 Photius.
3300 5372 3413 5443 Nee

1823 5444 2102 5513 que-enim
2143 5445 2180 5500 l.
2234 5458 2285 5498 c.
2335 5445 2514 5498 lumen
2548 5442 2757 5498 carceri
2796 5445 3004 5500 illatum
3038 5445 3280 5509 aliunde,
3311 5442 3410 5498 sd

1827 5514 2049 5568 candela
2083 5528 2112 5566 a
2145 5514 2370 5567 custode
2397 5515 2634 5568 carceris
2657 5513 2951 5582 pnstul'ata,
2975 5530 3025 5566 v.
3054 5515 3146 5578 29,
3174 5514 3367 5567 dicitur
3390 5553 3408 5570 .

1828 5582 1903 5637 Ea
1934 5584 2040 5638 huc
2067 5583 2280 5648 retulit,
2300 5599 2422 5654 quae
2442 5582 2603 5638 Petro
2626 5585 2948 5640 acciderunt
2973 5586 3092 5640 Act.
3131 5598 3234 5651 xu,
3277 5583 3368 5640 17.
