3798 6210
411 204 515 268 703

1571 203 1836 263 PHOTll
1875 205 2380 267 PATllIARCII/E
2409 209 2518 269 CP.
3554 215 3635 278 7M

407 314 720 368 vehantur?
777 313 1055 383 quomodo
1126 311 1452 368 decidebant
1503 313 1811 369 ca'tente'”?
1869 315 1958 382 qui

2097 317 2255 386 φλογί
2280 337 2292 381 ;
2318 318 2487 372 Πόθεν
2514 319 2676 388 μόνον
2707 319 3020 374 κατεσείετο
3045 321 3102 374 τὸ
3125 322 3515 394 δεσμωτήριοη
3540 329 3640 390 Πῶς

406 406 589 458 lumen
648 403 915 458 inferebat
968 404 1215 458 carceri?
1271 403 1547 474 quomodo
1603 403 1732 458 illud
1806 405 1992 473 splen-

403 496 536 550 dore
626 511 726 550 suo
812 504 983 548 totum
1072 493 1473 564 perfundebat,
1563 511 1687 548 cum
1778 491 1991 547 nullum

403 587 633 638 llammze
689 583 1007 639 alimentum
1067 584 1426 655 suppeteret?
1481 586 1626 639 unde
1680 600 1866 638 career
1924 583 1992 637 ilo

405 677 453 728 le
509 677 660 731 solus
722 676 1190 732 concutiebatnr?
1253 676 1538 741 Quomodo
1607 675 1992 745 aperiebantur

403 766 596 821 fores?
667 766 948 838 quomodo
1004 777 1081 821 tot
1137 777 1191 822 et
1271 774 1419 820 tanta
1470 765 1828 832 accidebant,
1886 765 1989 821 nisi

406 859 489 913 vis
559 875 794 924 manus,
843 860 1024 915 omnia
1075 858 1446 929 perﬁcientis,
1496 873 1556 911 se
1615 857 1992 913 exseruisset?

404 947 657 1014 Utraque
701 949 871 1019 igitur
905 966 970 1003 ex
1002 959 1155 1019 parte
1205 949 1408 1003 Christi
1444 947 1614 1018 gloria
1668 949 1720 1003 in
1757 963 1989 1019 corpore

404 1039 556 1091 Pauli
598 1039 1057 1108 amplilicabatur,
1095 1037 1210 1092 sive
1260 1053 1438 1106 praeco
1490 1039 1710 1094 divinus
1775 1037 1988 1094 acerbis

404 1139 460 1183 et
520 1131 683 1183 morti
717 1130 983 1199 proximis
1041 1131 1384 1198 cruciatibus
1438 1139 1806 1196 exerceretur,
1871 1131 1988 1185 sive

405 1223 666 1276 Christus
725 1221 987 1275 athletam
1021 1220 1167 1275 hunc
1239 1221 1680 1291 sanguinolentis
1721 1221 1987 1276 insidian-

405 1316 542 1368 tium
581 1307 828 1370 consiliis
854 1322 1050 1381 praeter
1084 1322 1339 1366 naturam
1372 1321 1426 1366 et
1468 1320 1665 1382 praeter
1700 1324 1988 1383 exspecta-

403 1411 606 1458 tionem
655 1405 995 1472 superiorent
1041 1403 1377 1458 ostenderet.
1428 1403 1540 1458 Iloc
1575 1404 1758 1473 itaque
1797 1405 1981 1467 modo,

402 1508 516 1550 tum
552 1512 647 1565 per
679 1498 873 1560 vitam,
907 1497 1010 1550 hoc
1043 1503 1129 1550 est
1149 1511 1348 1566 perea,
1380 1511 1500 1564 quat
1529 1498 1700 1549 vitam
1733 1495 1808 1549 illi
1846 1511 1984 1564 prte-

400 1589 699 1644 stabantet
730 1587 1100 1652 vindicabant,
1129 1596 1244 1640 tum
1265 1601 1360 1655 per
1386 1587 1575 1656 plagas
1605 1597 1658 1641 et
1678 1588 1980 1652 cruciatus,

2095 410 2440 481 ἀνεῴγνυντο
2489 413 2547 465 αἱ
2578 413 2783 485 θύραι;
2835 413 2952 478 πῶς
3009 417 3193 467 ἐκεῖνα
3242 417 3311 469 τά
3366 419 3526 487 μυρία
3565 424 3640 472 καὶ

2095 505 2378 573 παράδοξα
2415 506 2694 574 ἐγεγόνει,
2737 509 2787 560 εί
2826 507 2902 578 μὴ
2939 507 3038 578 τῆς
3079 509 3262 561 πάντα
3300 511 3637 582 κρατούσηςή

2094 596 2324 666 δύναμις
2355 599 2705 652 ἐπεδείκνυτο
2737 600 2956 670 χειρός;
2989 602 3068 653 Δι’
3114 601 3324 670 ἀμφοῖν
3363 601 3456 655 οὖν
3482 606 3506 656 6
3534 605 3640 674 Χρι-

2096 688 2219 751 στὸς
2247 690 2304 742 ἐν
2333 689 2410 760 τῷ
2442 689 2655 760 σώματι
2686 691 2901 744 Παύλου
2930 692 3321 761 ἐμεγαλύνετο,
3353 695 3470 756 ταῖς
3493 712 3545 747 τε
3569 713 3640 748 πι-

2093 783 2253 851 κραῖς
2305 783 2401 835 καὶ
2457 784 2854 854 θανατηφόροις
2906 783 3160 852 βασάνοις
3210 783 3638 854 ἐγκαρτεροῦντος

2090 873 2184 926 τοῦ
2209 873 2474 944 κήρυκος,
2507 876 2604 929 καὶ
2630 876 2697 929 δι’
2726 868 2800 928 ὧν
2837 875 3135 947 ὑπερφυῶς
3166 878 3287 940 ταῖς
3319 872 3427 928 τῶν
3455 879 3639 930 ἐπιϐου-

2091 965 2356 1018 λευόντων
2392 967 2724 1037 μιαιφονίαις
2761 969 2853 1022 καὶ
2879 967 3030 1037 παρὰ
3062 967 3221 1032 δόξαν
3263 968 3525 1022 ἀνάλωτον
3550 971 3635 1021 ἐτί-
3687 1009 3690 1012 .

2091 1055 2174 1108 θει
2207 1056 2303 1108 καὶ
2332 1057 2685 1109 ἀπεδείκνυεν
2717 1057 2807 1110 τὸν
2851 1057 3186 1127 ἀγωνιστήν.
3222 1055 3410 1119 Οὕτως
3437 1053 3522 1110 οὖν
3564 1062 3637 1111 καὶ

2088 1149 2176 1203 διὰ
2209 1150 2307 1220 τῆς
2344 1149 2513 1218 ζωῆς,
2545 1149 2792 1203 τουτέστι
2835 1149 2943 1202 τῶν
2999 1151 3410 1215 ζωοποιοῦντων
3442 1150 3526 1202 καὶ
3551 1151 3638 1201 δια-

2090 1241 2392 1308 σωζόντων,
2425 1242 2520 1294 καὶ
2551 1241 2641 1294 διὰ
2669 1242 2777 1294 τῶν
2812 1241 3045 1295 Θανάτου
3091 1238 3408 1311 παραιτίων’
3443 1240 3636 1308 πληγῶν

2089 1333 2181 1384 καὶ
2205 1330 2475 1399 βασάνων,
2501 1332 2534 1400 ἡ
2562 1333 2658 1400 τῆς
2688 1331 2880 1398 σοφίας
2911 1332 3006 1384 καὶ
3035 1332 3321 1401 δυνάμεως
3360 1331 3501 1400 πηγὴ
3529 1332 3636 1400 Χρι-

2089 1423 2212 1484 στὸς
2235 1427 2262 1476 6
2282 1425 2414 1487 Θεὸς
2436 1426 2467 1492 ἡ
2480 1424 2594 1493 μῶν
2622 1426 2680 1476 ἐν
2699 1423 2778 1495 τῷ
2796 1422 3008 1476 Παύλου
3039 1423 3250 1494 σώματι
3283 1422 3635 1492 ἐμεγαλύνετο.

2088 1514 2256 1566 Οὐδὲν
2298 1515 2356 1568 δὲ
2397 1514 2598 1568 κωλύει
2655 1514 2722 1567 τὰ
2772 1514 2868 1567 τοῦ
2923 1514 3251 1568 διδασκάλου
3310 1515 3523 1584 ῤ’ήματα
3562 1514 3636 1565 καὶ

2087 1605 2394 1676 πρόρρησιν
2440 1606 2802 1676 ὑπογράφειν.
2851 1606 3003 1658 Ἐπεὶ
3036 1607 3144 1676 γάρ
3175 1605 3430 1676 δεύτερον
3459 1603 3529 1674 τῷ
3553 1604 3634 1655 Νέ-

399 1681 493 1751 qui
537 1689 770 1733 mortem
827 1677 1125 1736 conciliare
1178 1687 1452 1747 poterant,
1502 1677 1775 1742 Christus,
1835 1677 1958 1733 Deu:

2091 1668 2260 1766 ρέηνὸξ
2291 1668 2514 1766 ϋβήματι
2552 1668 2823 1766 παρεστη,
2858 1696 2953 1748 καὶ
2995 1668 3095 1765 τῆν
3116 1668 3238 1766 ’μὲν
3283 1668 3514 1765 πρώτηνί
3542 1694 3632 1763 (Ω)

401 1781 614 1838 noster,
672 1781 934 1840 tanquam
995 1768 1119 1822 fons
1174 1769 1457 1837 sapientia:
1520 1779 1577 1824 et
1620 1769 1876 1838 potentiae
1929 1771 1981 1823 in

401 1863 556 1916 Pauli
635 1877 867 1930 corpore
918 1860 1347 1931 glorilicabatur.
1384 1859 1530 1914 Nihil
1587 1876 1716 1915 vero
1776 1862 1981 1927 obstat,

400 1957 532 2024 quin
579 1955 820 2009 doctoris
875 1955 1049 2007 nostri
1080 1953 1246 2007 verba
1286 1963 1341 2008 et
1389 1952 1804 2023 praedictionem
1853 1952 1983 2008 sub-

394 2031 684 2114 jiciamus.
741 2041 878 2095 Cum
914 2042 1059 2097 enim
1089 2045 1263 2098 altera
1292 2045 1405 2098 vice
1451 2041 1684 2099 Neronis
1717 2045 1981 2099 tribunali

401 2138 710 2200 sisteretur,
776 2144 896 2204 post
972 2135 1202 2204 primam
1269 2136 1604 2206 apologiam,
1665 2136 1977 2204 dimissus;

400 2235 572 2282 altera
605 2243 734 2281 vero
780 2227 869 2281 illa
922 2226 1058 2291 vice,
1116 2229 1338 2298 quando
1376 2226 1612 2283 Neronis
1674 2230 1971 2285 crudelitas

401 2319 628 2371 immani
673 2317 878 2387 impetu
907 2316 960 2370 in
997 2318 1231 2387 pessima
1281 2331 1514 2386 quaeque
1557 2315 1858 2379 ferebatur,
1903 2317 1982 2371 vi-

404 2423 512 2464 tam
545 2410 727 2481 gladio
751 2410 940 2466 amisit
968 2427 984 2476 ;
1015 2409 1197 2464 dicere
1227 2409 1418 2478 utique
1457 2417 1690 2479 poterat,
1726 2408 1982 2464 Christus

401 2505 454 2557 in
500 2517 733 2572 corpore
781 2517 902 2556 meo
947 2501 1407 2572 magnificabitur,
1462 2502 1581 2558 sive
1640 2517 1738 2572 per
1784 2504 1979 2569 vitam,

400 2596 545 2651 sicut
579 2609 747 2659 nunc,
773 2594 996 2664 quando
1021 2609 1088 2649 ex
1143 2611 1308 2649 ntanu
1344 2597 1672 2651 adversante
1719 2607 1982 2651 mortem-

399 2701 506 2755 que
552 2685 856 2739 intentaute
885 2700 970 2738 me
1002 2685 1242 2754 eripuit;
1276 2687 1390 2740 sive
1436 2700 1532 2756 per
1566 2697 1822 2752 mortem,
1861 2702 1982 2757 qua:

399 2793 528 2830 mox
559 2784 948 2844 consequetur,
981 2776 1203 2845 quando
1248 2779 1576 2846 agonotheta
1608 2778 1701 2833 ille
1734 2795 1822 2833 me
1861 2795 1982 2833 ma-

399 2868 548 2921 ximo
590 2869 893 2922 certamine
951 2880 1062 2921 non
1095 2868 1372 2936 destituet.
1430 2868 1776 2924 Conveniens
1831 2871 1978 2924 euint

399 2962 574 3015 fuisse
618 2961 856 3025 videtur,
895 2970 954 3015 ut
995 2961 1199 3016 athleta
1231 2961 1319 3016 hic
1352 2976 1460 3015 non
1491 2972 1620 3017 ante
1670 2963 1975 3028 fatisceret,

403 3067 580 3122 neque
639 3068 889 3118 cursum,
941 3053 1200 3108 humanis
1248 3054 1460 3110 viribus
1521 3055 1861 3123 superiorem
1911 3069 1978 3111 eo

399 3145 597 3200 mortis
628 3161 850 3215 genere,
877 3145 1019 3214 quod
1069 3154 1262 3198 natura
1298 3160 1590 3200 commune
1615 3146 1766 3210 facit,
1808 3138 1979 3200 inter-

400 3246 665 3304 verteret,
703 3238 798 3292 sed
861 3237 942 3292 fas
976 3237 1158 3306 potius
1209 3247 1348 3301 erat,
1388 3246 1447 3291 ut
1492 3237 1610 3307 ipsa
1648 3239 1770 3306 ejus
1805 3253 1980 3302 mors,

399 3329 628 3398 ipseque
661 3329 728 3382 ad
751 3327 1131 3382 desideratum
1183 3328 1470 3397 praemium
1502 3330 1686 3385 abitus
1739 3338 1793 3384 et
1834 3331 1981 3385 lucta

399 3421 659 3474 humana:
701 3433 912 3472 natura:
958 3418 1102 3472 vires
1133 3430 1444 3490 superaret.
1470 3417 1586 3475 lloe
1629 3421 1818 3490 igitur,-
1853 3423 1978 3488 hoc,

401 3511 650 3578 inquam,
681 3506 910 3572 Paulus,
940 3509 1032 3576 qui
1059 3524 1170 3562 non
1202 3509 1326 3576 sibi,
1365 3509 1460 3565 sed
1492 3509 1720 3566 Christo
1745 3514 1979 3578 vivebat,

401 3607 494 3673 qui
531 3607 790 3659 omnibus
841 3607 1029 3659 omnia
1058 3606 1222 3661 liebat
1251 3615 1307 3660 et
1332 3617 1473 3675 erat,
1505 3619 1630 3664 ante
1689 3609 1895 3664 iudicat
1929 3619 2016 3664 et-

399 3702 564 3753 docet
620 3699 947 3767 discipulos,
1008 3714 1077 3753 ne
1135 3699 1346 3754 scilicet
1379 3695 1432 3753 in
1470 3713 1748 3770 posterum
1803 3702 1980 3774 (Pauli

400 3791 550 3846 enim
613 3793 722 3845 vita
781 3807 908 3845 vere
949 3792 1164 3862 insigne
1204 3809 1406 3849 munus
1469 3807 1588 3850 erat
1619 3806 1673 3851 et
1703 3797 1978 3868 praecipua

359 3894 524 3955 _post
560 3884 726 3937 Deum
783 3885 960 3950 salus,
1015 3885 1102 3937 cui
1135 3885 1344 3940 scilicet
1393 3887 1662 3941 malorum
1705 3890 1861 3958 copia
1899 3890 1982 3943 itt-

397 3977 544 4031 tlicta
597 3975 736 4046 erat)
769 3975 1112 4044 perturbatio
1163 3978 1411 4046 quaedam
1466 3987 1520 4031 et
1555 3983 1846 4049 aegritudo,
1883 3998 1981 4050 spe

399 4069 551 4122 omni
600 4070 834 4138 abjecta,
869 4068 1087 4122 animos
1145 4083 1340 4122 eorum
1381 4071 1734 4140 opprimeret,
1771 4089 1893 4141 quae
1924 4073 1976 4125 itt

399 4174 674 4213 summam
718 4173 812 4212 eos
837 4157 1116 4211 tristitiam
1155 4159 1526 4227 praecipitans,
1565 4175 1715 4228 spem
1757 4177 1976 4215 omnem

396 4260 688 4315 everteret,
728 4252 990 4321 ipsosque
1025 4254 1078 4304 in
1137 4251 1358 4321 pietatis
1395 4252 1580 4307 studio
1637 4268 1833 4324 segnes
1867 4252 1978 4309 elli-

2086 1787 2572 1857 ἀπολογησάμενος
2601 1787 2824 1857 ἠφείθη,
2855 1787 2913 1840 τὸ
2937 1786 3190 1857 δεύτερον
3219 1786 3298 1850 δέ,
3335 1785 3466 1856 πρὸς
3489 1786 3633 1838 πάντα

2085 1881 2185 1950 τῆς
2246 1881 2496 1951 Νέρωνος
2541 1881 2826 1950 ὠμότητος
2870 1881 3088 1950 ἀσχέτῳ
3132 1878 3284 1950 ῥύμῃ
3325 1879 3629 1948 φερομένης.

2088 1973 2230 2045 ξίφει
2262 1976 2351 2028 τὸν
2385 1975 2501 2044 βίον
2527 1975 2918 2044 ἀπολιμπάνει,
2953 1973 3113 2027 τοῦτο
3141 1972 3236 2026 νῦν
3269 1972 3335 2025 ἂν
3363 1973 3446 2042 εἴη
3468 1971 3629 2038 λέγων,

2085 2067 2168 2121 ὅτι
2199 2067 2688 2138 Μεγαλυνθήσεται
2713 2067 2948 2140 Χριστὸς
2977 2068 3034 2120 ἐν
3057 2066 3135 2136 τῷ
3165 2063 3380 2136 σώματί
3409 2081 3522 2134 μου,
3547 2065 3632 2115 εἴτε

2086 2158 2176 2213 διὰ
2216 2159 2385 2229 ζωῆς,
2447 2157 2639 2228 ὥσπερ
2697 2159 2792 2212 νῦν
2840 2161 2905 2211 ἐκ
2951 2158 3132 2228 χειρὸς
3169 2155 3517 2226 παλαμναίας
3559 2155 3634 2206 καὶ

2086 2252 2334 2321 φονώσης
2359 2250 2702 2324 ἀφαρπάζων
2733 2269 2821 2321 με,
2851 2251 2961 2303 εἴτε
2991 2249 3081 2302 διὰ
3113 2249 3372 2311 θανάτου,
3403 2247 3474 2310 ὡς
3503 2247 3633 2299 ὓστε-

2085 2358 2178 2412 ρον
2206 2341 2360 2395 ἐσται
2382 2383 2397 2407 ,
2441 2342 2577 2412 μηδέ
2617 2342 2714 2396 τοῦ
2746 2341 3042 2411 κεφαλαίου
3075 2341 3185 2394 τῶν
3216 2340 3397 2395 ἄθλων
3436 2342 3633 2394 6.10:2:-

2086 2432 2307 2505 ροῦντός
2340 2451 2408 2504 με
2439 2434 2534 2487 τοῦ
2578 2433 2938 2504 ἀγωνοθέτου.
2979 2434 3129 2487 Ἔδει
3161 2433 3292 2502 γὰρ,
3330 2433 3407 2495 ὡς
3450 2432 3632 2492 ἔοικεν,

2087 2523 2162 2595 μὴ
2199 2528 2616 2595 προαποκαμεῖν
2661 2525 2752 2579 τὸν
2793 2526 3056 2598 ἀθλητὴν,
3107 2525 3246 2596 μηδέ
3290 2525 3384 2578 τὸν
3411 2524 3540 2593 ὑπὲρ
3563 2523 3634 2576 6v—

2084 2617 2300 2688 θρωπον
2323 2616 2521 2689 δρόμον
2542 2618 2705 2689 κοινῷ
2719 2619 2820 2688 τῆς
2843 2617 3059 2687 φύσεως
3075 2617 3406 2687 διακοπῆναι
3431 2616 3631 2683 θανάτῳ.

2083 2709 2220 2762 ἀλλὰ
2249 2711 2344 2762 καὶ
2372 2709 2542 2783 αὐτὴν
2563 2711 2662 2782 τὴν
2687 2712 2823 2781 πρὸς
2849 2711 2910 2764 τὸ
2931 2709 3274 2780 ποθούμενον
3301 2709 3480 2773 ἔξοδον
3500 2703 3634 2761 ἆθλον

2083 2797 2222 2855 εἶναι
2250 2801 2346 2854 καὶ
2369 2802 2655 2872 ἀγώνισμα
2675 2804 2912 2874 κρείττω
2938 2803 3155 2872 φύσεως
3182 2803 3472 2874 γηγενοῦς.
3495 2802 3636 2854 Τοῦτο

2082 2892 2146 2963 δὴ
2176 2890 2292 2953 οὖν.
2319 2893 2480 2947 τοῦτο
2506 2897 2535 2946 6
2573 2896 2651 2967 μὴ
2683 2896 2791 2958 ζῶν
2822 2896 3003 2967 ἑαυτῷ
3028 2937 3044 2960 ,
3089 2895 3227 2949 ἀλλά
3256 2896 3337 2966 τῷ
3372 2895 3637 2966 Χριστῷ,6

2005 3013 2048 3068 C
2082 2987 2194 3049 τοῖς
2224 2987 2357 3038 πᾶσι
2392 2987 2571 3040 πάντα
2600 2988 2694 3042 καὶ
2721 2989 3023 3058 γινόμενος,
3054 2989 3148 3040 καὶ
3177 2985 3275 3055 ὢν,
3320 2988 3635 3058 προῦποφαί-

2085 3100 2186 3149 νει,
2213 3085 2307 3136 καὶ
2339 3082 2796 3149 προαναδιδάσκει
2823 3081 2948 3145 τοὺς
2977 3080 3258 3151 μαθητάς,
3290 3079 3381 3134 ῖνα
3421 3081 3492 3150 μὴ
3525 3079 3637 3148 μετὰ

2083 3175 2256 3228 ταῦτα
2309 3175 2488 3247 (μέγα
2535 3175 2644 3245 γάρ
2677 3167 2744 3241 ῆν
2785 3173 2862 3234 ὡς
2899 3171 3116 3240 ἀληθῶς
3159 3171 3257 3224 καὶ
3298 3169 3485 3241 πρώτη
3525 3169 3639 3239 μετά

2085 3267 2218 3319 Θεὸν
2258 3267 2505 3338 σωτηρία
2534 3267 2568 3335 ἡ
2597 3265 2810 3318 Παύλου
2848 3261 2963 3334 ζωὴ
2991 3260 3086 3315 τοῦ
3129 3262 3303 3325 πάθος
3332 3261 3520 3331 ἁθρόον
3540 3261 3636 3313 δια-

2082 3358 2363 3427 δοθέντος)
2398 3356 2624 3427 θόρυϐός
2670 3372 2754 3418 τις
2802 3353 2897 3407 καὶ
2951 3354 3188 3424 τάραχος
3239 3351 3318 3422 τῷ
3366 3351 3639 3419 ἀνελπίστῳ

2083 3451 2179 3513 τὰς
2200 3450 2379 3520 ψυχὰς
2405 3449 2584 3502 αὐτῶν
2607 3446 2875 3518 διασείσῃ,
2900 3446 2995 3498 καὶ
3017 3448 3096 3508 είς
3120 3446 3408 3516 ἀμήχανον
3434 3445 3640 3513 ἀθυμίαν

2084 3540 2336 3611 ἐμϐαλὼν
2375 3541 2554 3593 πᾶσαν
2593 3540 2776 3600 αὐτοῖς
2812 3537 3007 3590 ἐλπίδα
3051 3535 3637 3608 συγκαταστρέψῃμὸ),

2085 3631 2180 3684 καὶ
2206 3629 2342 3699 πρὸς
2375 3630 2476 3699 τὴν
2506 3627 2790 3682 εὐσέϐειαν
2826 3628 3148 3700 καταστήσῃ
3185 3626 3474 3698 ὀκνηρούς.
3506 3626 3638 3679 Ἐστι

2082 3723 2141 3776 δέ
2170 3723 2266 3775 καὶ
2291 3721 2477 3791 ἕτερον
2517 3719 2625 3772 τῶν
2659 3719 2924 3790 ῥημάτων
2965 3719 3206 3789 θηρᾶσαι
3239 3717 3476 3781 σκοπὸν,
3506 3718 3548 3768 εί
3575 3718 3636 3784 μή

2083 3831 2136 3866 τι
2172 3813 2302 3867 ἀλλο
2325 3851 2339 3874 ,
2381 3811 2511 3873 ἀλλῖ
2548 3809 2642 3863 οὖν
2687 3809 2840 3880 παρὰ
2887 3808 3021 3862 πόδα
3065 3809 3203 3872 τέως
3241 3809 3548 3880 ὑπάρχοντα

2084 3905 2254 3975 ῥητῷ.
2285 3905 2380 3967 Τίς
2408 3897 2502 3957 οὖν
2528 3896 2718 3967 οὖτος;
2763 3902 2852 3964 Ὠς
2876 3901 3127 3965 πάντοτε,
3157 3901 3342 3971 φησιν,
3372 3904 3430 3954 ἐν
3459 3902 3556 3970 ὅλῳ
3575 3897 3638 3969 τῷ

2081 3995 2176 4048 τοῦ
2221 3995 2336 4064 βίου
2372 3995 2702 4064 διαστήματι
2742 3992 3114 4062 ἐμεγαλύνετο
3144 3994 3172 4044 6
3215 3993 3448 4062 Χριστὸς
3493 3993 3546 4043 ἐν
3578 3989 3638 4059 τῷ

2081 4087 2175 4140 τοῦ
2220 4087 2436 4140 Παύλου
2473 4086 2712 4156 σώματι,
2761 4084 3066 4154 πάσχοντος
3097 4083 3197 4154 μὲν
3243 4085 3528 4154 ἀνδρείως,
3564 4083 3638 4134 καὶ

2085 4182 2332 4250 κρεῖττον
2361 4178 2394 4246 ἢ
2441 4179 2583 4231 κατά
2615 4176 2728 4246 βίον
2763 4174 3044 4245 φιλοῦντος
3075 4175 3134 4228 τὸ
3165 4175 3288 4247 ζῇν,
3322 4176 3636 4230 ἀπαλλασςο·

2086 4273 2246 4340 μένου
2275 4271 2332 4323 δὲ
2364 4269 2514 4334 ξένον
2544 4269 2655 4340 (Μ)
2685 4268 2918 4322 ἀκοῦσαι
2947 4269 3058 4340 (45)
3088 4270 3180 4322 καὶ
3210 4270 3448 4332 πίστεως
3484 4269 3635 4339 μεῖζον

397 4356 562 4400 ceret.
605 4343 909 4398 Possumus
957 4359 1090 4398 vero
1157 4345 1321 4398 etiam
1379 4345 1547 4398 alium
1604 4348 1797 4401 horum
1855 4363 1958 4402 ver'

2085 4361 2282 4432 θνητῆς
2308 4377 2319 4390 °
2362 4361 2502 4414 οὕτω
2533 4361 2644 4432 (46)
2679 4361 2774 4415 καὶ
2803 4359 2900 4414 νῦν
2937 4361 3450 4431 μεγαλυνθήσεται,
3485 4363 3569 4414 καὶ
3593 4361 3633 4410 ἐν

397 4439 590 4493 borum
641 4452 866 4506 scopuut
927 4436 1280 4506 investigare,
1321 4437 1436 4508 qui,
1470 4447 1529 4492 ut
1577 4440 1684 4492 alia
1744 4449 1977 4505 taceam,

396 4541 524 4592 ante
557 4529 724 4600 pedes
755 4529 970 4599 positus
1001 4537 1138 4581 erat.
1177 4528 1312 4594 Quis
1361 4544 1490 4582 vero
1515 4530 1605 4584 ille
1629 4531 1651 4583 ?
1679 4529 1731 4585 Is
1765 4533 1974 4603 utique,

393 4625 539 4691 quod
602 4621 807 4675 Paulus
833 4621 1002 4684 dicat,
1040 4623 1186 4674 sicut
1218 4619 1475 4675 Christus
1525 4637 1742 4691 semper
1780 4633 1834 4677 et
1884 4638 1981 4690 per

395 4729 616 4768 omnem
652 4713 778 4768 vita:
833 4730 949 4768 sua:
987 4728 1210 4768 cursum
1270 4714 1328 4767 in
1367 4729 1601 4783 corpore
1625 4730 1726 4768 suo
1766 4715 1980 4782 magni-

394 4809 592 4862 ticatus
645 4807 740 4871 sit,
802 4824 925 4861 cum
967 4805 1184 4861 fortiter
1218 4806 1405 4860 omnia
1441 4817 1837 4876 perpeteretur,
1891 4808 1974 4862 vi-

397 4913 620 4970 tamque
683 4911 898 4954 amarct
937 4910 1208 4968 praesente
1265 4901 1728 4968 praestantiorem,
1781 4901 1973 4954 eodem

392 5010 524 5048 vero
565 5007 811 5062 tempore
839 4995 1106 5047 liberatus
1129 4993 1457 5049 insolentius
1483 4995 1713 5064 aliquid,
1747 5005 1800 5050 et
1828 5011 1976 5050 mor-

398 5088 490 5140 tali
527 5088 629 5140 lide
685 5087 859 5152 majus
916 5087 1261 5155 perciperet;
1319 5085 1395 5142 ita
1437 5101 1586 5141 nunc
1637 5103 1857 5156 quoque
1919 5088 1972 5142 in

396 5179 518 5246 ipso
569 5177 727 5228 lucta:
771 5175 879 5228 line
912 5175 1164 5229 eumdem
1216 5176 1625 5248 magniﬁcatum
1661 5177 1748 5230 iri.
1797 5175 1974 5232 Glori-

463 5315 506 5343 ⁸⁸
535 5317 651 5366 Act.
686 5264 796 5376 1:“,
828 5312 920 5369 ‘26.

2080 4453 2231 4524 αὐτῷ
2259 4454 2368 4506 τῶν
2409 4454 2807 4524 ἀγωνισμάτων
2848 4452 2925 4524 τῷ
2959 4453 3123 4506 τέλει.
3176 4453 3631 4524 Μεγαλυνθήσεται

2079 4546 2136 4598 δὲ
2170 4546 2234 4598 ἐκ
2259 4564 2318 4599 τε
2355 4545 2446 4599 τοῦ
2483 4547 2556 4616 μὴ
2589 4545 2783 4598 παθεῖν
2820 4545 2913 4598 τὸν
2943 4545 3297 4616 ὑπασπιστὴν
3325 4547 3521 4617 ὁμοίως
3561 4543 3631 4596 καὶ

2082 4641 2147 4690 ἐκ
2173 4639 2267 4690 τού
2291 4638 2506 4690 παθεῖν.
2539 4638 2730 4690 Ἥκων
2763 4635 2872 4707 γὰρ
2899 4638 2926 4688 ὁ
2947 4636 3212 4703 γεννάδας
3240 4630 3400 4699 οὗτος
3425 4639 3506 4689 ἐπ’
3529 4633 3631 4686 αὐτὸ

2081 4731 2141 4782 τὸ
2181 4731 2494 4784 τελευταῖον
2545 4731 2762 4783 στάδιον
2805 4728 2915 4782 τῶν
2946 4729 3124 4782 ἄθλων
3148 4769 3163 4792 ,
3200 4730 3424 4798 ἀφίεται
3462 4730 3548 4798 μὲν
3577 4725 3627 4775 τὰ

2087 4821 2282 4892 πρῶτα
2315 4822 2408 4874 τοῦ
2441 4823 2672 4877 θανάτου
2705 4821 2802 4874 καὶ
2830 4823 2931 4892 τῆς
2969 4821 3207 4892 σφαγῆς,
3239 4822 3387 4892 λόγῳ
3409 4820 3628 4890 ἀληθείας

2085 4915 2180 4966 καὶ
2220 4913 2412 4984 γνώμῃ
2448 4914 2692 4967 θεοσεϐεῖ
2723 4914 3118 4982 διαλυσάμενος
3154 4913 3255 4977 τὰς
3282 4915 3491 4977 αἰτίας.
3523 4910 3628 4980 μᾶλ-

2087 5005 2178 5058 λον
2207 5006 2264 5058 δὲ
2293 5007 2391 5076 τῆς
2423 5007 2864 5078 παντοκράτορος
2893 5007 3407 5078 φιλοτιμησαμένης
3432 5001 3628 5058 ivra-301

2082 5096 2284 5163 δεξιᾶς,
2331 5100 2427 5150 καί⁹
2461 5098 2703 5167 δηλονότι
2737 5097 3102 5170 ἐμεγαλύνετο
3129 5100 3187 5150 ἐν
3213 5099 3292 5168 τῷ
3321 5098 3522 5153 Παύλου
3544 5095 3626 5146 σενι

2087 5203 2218 5254 ματι
2251 5189 2278 5238 ὁ
2313 5188 2566 5256 Χριστός.
2599 5187 2766 5240 Πάλιν
2809 5189 2866 5241 δὲ
2902 5187 2963 5239 τὸ
2991 5187 3264 5258 δεύτερον
3309 5190 3370 5241 οὐ
3411 5188 3508 5256 γὰρ
3541 5184 3624 5235 ἕδ;ι

1919 5414 2152 5470 NOTAE.

402 5505 485 5628 16(
502 5503 578 5574 i2)
607 5505 835 5576 Πρώτην
866 5505 1048 5560 addidi
1096 5523 1162 5559 ex
1193 5506 1434 5572 Colbcrt,
1466 5507 1624 5564 Conf.
1657 5509 1699 5564 ll
1735 5509 1876 5564 Tim.
1902 5528 1973 5576 tv,

467 5647 579 5717 (l5)
613 5647 718 5703 Pro
749 5648 1246 5717 συγκαταστρέψει,
1285 5660 1342 5703 ut
1377 5666 1499 5703 mox
1548 5655 1898 5719 καταστήσει.

2151 5513 2263 5580 (Η)
2299 5513 2457 5566 Colb.
2494 5528 2592 5580 pro
2616 5510 2759 5576 ζέον.

2148 5585 2260 5651 (ﬁt)
2306 5584 2664 5644 Ἀκούσαντος
2704 5582 2912 5644 tnalitn,
2939 5600 3006 5639 ex
3037 5599 3233 5638 vocum
3285 5590 3558 5638 struetum.

2152 5654 2261 5722 (66)
2287 5654 2378 5708 Sic
2407 5655 2560 5710 Coll).
2599 5668 2697 5724 pro
2725 5652 2898 5709 οὔπω.
