  <div class='ocr_page' id='page_1' title='image "/cluster/home/n/w/nwhite01/storage/ocr_20150623/101 pt.1/mdp.39015061955830/374.png"; bbox 0 0 3798 6210; ppageno 0'>
   <div class='ocr_carea' id='block_1_1' title="bbox 176 280 2489 361">
    <p class='ocr_par' dir='ltr' id='par_1_1' title="bbox 176 280 2489 361">
     <span class='ocr_line' id='line_1_1' title="bbox 176 280 2489 361; baseline 0.002 -18"><span class='ocrx_word' id='word_1_1' title='bbox 176 285 265 350; x_wconf 77' lang='grc'><strong>’105</strong></span> <span class='ocrx_word' id='word_1_2' title='bbox 1146 284 1240 344; x_wconf 81' lang='lat' dir='ltr'><strong>AD</strong></span> <span class='ocrx_word' id='word_1_3' title='bbox 1269 280 1863 347; x_wconf 81' lang='lat' dir='ltr'><strong>AMPHILOCHIUM</strong></span> <span class='ocrx_word' id='word_1_4' title='bbox 1899 282 2247 361; x_wconf 72' lang='lat' dir='ltr'><strong>QUIESTIO</strong></span> <span class='ocrx_word' id='word_1_5' title='bbox 2285 287 2489 349; x_wconf 83' lang='lat' dir='ltr'><strong>CXXI.</strong></span> 
     </span>
    </p>
   </div>
   <div class='ocr_carea' id='block_1_2' title="bbox 3320 287 3423 351">
    <p class='ocr_par' dir='ltr' id='par_1_2' title="bbox 3320 287 3423 351">
     <span class='ocr_line' id='line_1_2' title="bbox 3320 287 3423 351; baseline -0.019 -1"><span class='ocrx_word' id='word_1_6' title='bbox 3320 287 3423 351; x_wconf 80' lang='grc'><strong>706</strong></span> 
     </span>
    </p>
   </div>
   <div class='ocr_carea' id='block_1_3' title="bbox 174 376 1732 463">
    <p class='ocr_par' dir='ltr' id='par_1_3' title="bbox 174 376 1732 462">
     <span class='ocr_line' id='line_1_3' title="bbox 174 376 1732 462; baseline 0 -18"><span class='ocrx_word' id='word_1_7' title='bbox 174 394 228 444; x_wconf 81' lang='grc' dir='ltr'><strong>τὸ</strong></span> <span class='ocrx_word' id='word_1_8' title='bbox 250 386 367 459; x_wconf 81' lang='grc' dir='ltr'><strong>περὶ</strong></span> <span class='ocrx_word' id='word_1_9' title='bbox 394 387 484 439; x_wconf 82' lang='grc' dir='ltr'><strong>τὸν</strong></span> <span class='ocrx_word' id='word_1_10' title='bbox 512 385 725 441; x_wconf 76' lang='grc' dir='ltr'><strong>Παῦλον</strong></span> <span class='ocrx_word' id='word_1_11' title='bbox 752 387 941 458; x_wconf 79' lang='grc' dir='ltr'><strong>θαῦμα</strong></span> <span class='ocrx_word' id='word_1_12' title='bbox 972 388 1287 461; x_wconf 79' lang='grc' dir='ltr'><strong>φιλοτιμίας</strong></span> <span class='ocrx_word' id='word_1_13' title='bbox 1318 376 1480 459; x_wconf 80' lang='grc' dir='ltr'><strong>μόνον</strong></span> <span class='ocrx_word' id='word_1_14' title='bbox 1509 391 1732 462; x_wconf 70' lang='grc' dir='ltr'><strong>ὁρᾶσθαι</strong></span> 
     </span>
    </p>
   </div>
   <div class='ocr_carea' id='block_1_4' title="bbox 1898 376 3426 463">
    <p class='ocr_par' dir='ltr' id='par_1_4' title="bbox 1898 393 3426 463">
     <span class='ocr_line' id='line_1_4' title="bbox 1898 393 3426 463; baseline 0.006 -16"><span class='ocrx_word' id='word_1_15' title='bbox 1898 395 2098 449; x_wconf 73' lang='lat' dir='ltr'><strong>candus</strong></span> <span class='ocrx_word' id='word_1_16' title='bbox 2136 395 2321 463; x_wconf 89' lang='lat' dir='ltr'><strong>itaque</strong></span> <span class='ocrx_word' id='word_1_17' title='bbox 2348 406 2465 451; x_wconf 90' lang='lat' dir='ltr'><strong>erat</strong></span> <span class='ocrx_word' id='word_1_18' title='bbox 2493 393 2770 461; x_wconf 76' lang='lat' dir='ltr'><strong>Christus,</strong></span> <span class='ocrx_word' id='word_1_19' title='bbox 2808 396 2924 453; x_wconf 87' lang='lat' dir='ltr'><strong>sive</strong></span> <span class='ocrx_word' id='word_1_20' title='bbox 2955 397 3047 454; x_wconf 91' lang='lat' dir='ltr'><strong>ille</strong></span> <span class='ocrx_word' id='word_1_21' title='bbox 3080 396 3175 453; x_wconf 88' lang='lat' dir='ltr'><strong>Dei</strong></span> <span class='ocrx_word' id='word_1_22' title='bbox 3205 400 3426 457; x_wconf 77' lang='lat' dir='ltr'><strong>satelles</strong></span> 
     </span>
    </p>
   </div>
   <div class='ocr_carea' id='block_1_5' title="bbox 172 476 1732 556">
    <p class='ocr_par' dir='ltr' id='par_1_5' title="bbox 172 476 1732 550">
     <span class='ocr_line' id='line_1_5' title="bbox 172 476 1732 550; baseline -0.003 -17"><span class='ocrx_word' id='word_1_23' title='bbox 172 476 485 546; x_wconf 84' lang='grc' dir='ltr'><strong>Δεσποτικῆς</strong></span> <span class='ocrx_word' id='word_1_24' title='bbox 510 518 527 543; x_wconf 93' lang='grc'><strong>,</strong></span> <span class='ocrx_word' id='word_1_25' title='bbox 554 476 664 531; x_wconf 74' lang='grc' dir='ltr'><strong>ἔδει</strong></span> <span class='ocrx_word' id='word_1_26' title='bbox 706 477 765 531; x_wconf 82' lang='grc' dir='ltr'><strong>δὲ</strong></span> <span class='ocrx_word' id='word_1_27' title='bbox 810 477 920 549; x_wconf 80' lang='grc' dir='ltr'><strong>ἄρα</strong></span> <span class='ocrx_word' id='word_1_28' title='bbox 949 478 1046 531; x_wconf 75' lang='grc' dir='ltr'><strong>καὶ</strong></span> <span class='ocrx_word' id='word_1_29' title='bbox 1077 480 1145 532; x_wconf 82' lang='grc' dir='ltr'><strong>τὰ</strong></span> <span class='ocrx_word' id='word_1_30' title='bbox 1172 480 1381 533; x_wconf 64' lang='grc' dir='ltr'><strong>ἐκείνου</strong></span> <span class='ocrx_word' id='word_1_31' title='bbox 1410 480 1732 550; x_wconf 62' lang='grc' dir='ltr'><strong>ὲναστράιζιας</strong></span> 
     </span>
    </p>
   </div>
   <div class='ocr_carea' id='block_1_6' title="bbox 1898 476 3428 556">
    <p class='ocr_par' dir='ltr' id='par_1_6' title="bbox 1898 487 3428 556">
     <span class='ocr_line' id='line_1_6' title="bbox 1898 487 3428 556; baseline 0.005 -17"><span class='ocrx_word' id='word_1_32' title='bbox 1898 496 2127 541; x_wconf 77' lang='lat' dir='ltr'><strong>iteretur</strong></span> <span class='ocrx_word' id='word_1_33' title='bbox 2155 487 2387 556; x_wconf 84' lang='lat' dir='ltr'><strong>aliquid,</strong></span> <span class='ocrx_word' id='word_1_34' title='bbox 2440 489 2555 543; x_wconf 82' lang='lat' dir='ltr'><strong>sive</strong></span> <span class='ocrx_word' id='word_1_35' title='bbox 2579 489 2784 543; x_wconf 90' lang='lat' dir='ltr'><strong>minus.</strong></span> <span class='ocrx_word' id='word_1_36' title='bbox 2841 489 3109 546; x_wconf 77' lang='lat' dir='ltr'><strong>Strenuus</strong></span> <span class='ocrx_word' id='word_1_37' title='bbox 3148 490 3298 546; x_wconf 86' lang='lat' dir='ltr'><strong>enim</strong></span> <span class='ocrx_word' id='word_1_38' title='bbox 3335 492 3428 547; x_wconf 80' lang='lat' dir='ltr'><strong>ille</strong></span> 
     </span>
    </p>
   </div>
   <div class='ocr_carea' id='block_1_7' title="bbox 171 569 1745 645">
    <p class='ocr_par' dir='ltr' id='par_1_7' title="bbox 171 569 1745 645">
     <span class='ocr_line' id='line_1_7' title="bbox 171 569 1745 645; baseline 0.003 -22"><span class='ocrx_word' id='word_1_39' title='bbox 171 569 552 642; x_wconf 79' lang='grc' dir='ltr'><strong>λαμπρότερον.</strong></span> <span class='ocrx_word' id='word_1_40' title='bbox 602 570 807 624; x_wconf 79' lang='grc' dir='ltr'><strong>Λοιπὸν</strong></span> <span class='ocrx_word' id='word_1_41' title='bbox 843 570 1011 640; x_wconf 80' lang='grc' dir='ltr'><strong>ὁμόσε</strong></span> <span class='ocrx_word' id='word_1_42' title='bbox 1046 572 1185 642; x_wconf 80' lang='grc' dir='ltr'><strong>πρὸς</strong></span> <span class='ocrx_word' id='word_1_43' title='bbox 1208 572 1390 626; x_wconf 84' lang='grc' dir='ltr'><strong>πάντα</strong></span> <span class='ocrx_word' id='word_1_44' title='bbox 1419 572 1510 627; x_wconf 81' lang='grc' dir='ltr'><strong>διὰ</strong></span> <span class='ocrx_word' id='word_1_45' title='bbox 1548 574 1611 627; x_wconf 85' lang='grc' dir='ltr'><strong>τὸ</strong></span> <span class='ocrx_word' id='word_1_46' title='bbox 1644 574 1745 645; x_wconf 83' lang='grc' dir='ltr'><strong>κή-</strong></span> 
     </span>
    </p>
   </div>
   <div class='ocr_carea' id='block_1_8' title="bbox 167 662 1737 736">
    <p class='ocr_par' dir='ltr' id='par_1_8' title="bbox 167 662 1737 736">
     <span class='ocr_line' id='line_1_8' title="bbox 167 662 1737 736; baseline 0.003 -21"><span class='ocrx_word' id='word_1_47' title='bbox 167 679 332 734; x_wconf 79' lang='grc' dir='ltr'><strong>ρυγμα</strong></span> <span class='ocrx_word' id='word_1_48' title='bbox 369 664 559 733; x_wconf 85' lang='grc' dir='ltr'><strong>χωρεῖ,</strong></span> <span class='ocrx_word' id='word_1_49' title='bbox 588 662 685 718; x_wconf 78' lang='grc' dir='ltr'><strong>καὶ</strong></span> <span class='ocrx_word' id='word_1_50' title='bbox 720 662 887 717; x_wconf 80' lang='grc' dir='ltr'><strong>αὑτοῦ</strong></span> <span class='ocrx_word' id='word_1_51' title='bbox 923 663 1016 717; x_wconf 80' lang='grc' dir='ltr'><strong>τοῦ</strong></span> <span class='ocrx_word' id='word_1_52' title='bbox 1044 662 1266 733; x_wconf 79' lang='grc' dir='ltr'><strong>ξίφους,</strong></span> <span class='ocrx_word' id='word_1_53' title='bbox 1303 666 1399 719; x_wconf 78' lang='grc' dir='ltr'><strong>καὶ</strong></span> <span class='ocrx_word' id='word_1_54' title='bbox 1436 666 1608 733; x_wconf 77' lang='grc' dir='ltr'><strong>αὐτῆς</strong></span> <span class='ocrx_word' id='word_1_55' title='bbox 1636 667 1737 736; x_wconf 84' lang='grc' dir='ltr'><strong>τῆς</strong></span> 
     </span>
    </p>
   </div>
   <div class='ocr_carea' id='block_1_9' title="bbox 168 754 1736 826">
    <p class='ocr_par' dir='ltr' id='par_1_9' title="bbox 168 754 1736 826">
     <span class='ocr_line' id='line_1_9' title="bbox 168 754 1736 826; baseline 0.003 -20"><span class='ocrx_word' id='word_1_56' title='bbox 168 754 359 822; x_wconf 76' lang='grc' dir='ltr'><strong>σφαγῆς</strong></span> <span class='ocrx_word' id='word_1_57' title='bbox 402 755 709 825; x_wconf 81' lang='grc' dir='ltr'><strong>ὑπερορῶν,</strong></span> <span class='ocrx_word' id='word_1_58' title='bbox 748 757 843 809; x_wconf 75' lang='grc' dir='ltr'><strong>καὶ</strong></span> <span class='ocrx_word' id='word_1_59' title='bbox 879 756 1044 826; x_wconf 88' lang='grc' dir='ltr'><strong>μόνον</strong></span> <span class='ocrx_word' id='word_1_60' title='bbox 1090 757 1187 809; x_wconf 75' lang='grc' dir='ltr'><strong>ἕνα</strong></span> <span class='ocrx_word' id='word_1_61' title='bbox 1235 756 1451 811; x_wconf 79' lang='grc' dir='ltr'><strong>διώκων</strong></span> <span class='ocrx_word' id='word_1_62' title='bbox 1494 759 1695 811; x_wconf 81' lang='grc' dir='ltr'><strong>σκοπὸν</strong></span> <span class='ocrx_word' id='word_1_63' title='bbox 1722 780 1736 804; x_wconf 70' lang='grc' dir='ltr'><strong><em>ν</em></strong></span> 
     </span>
    </p>
   </div>
   <div class='ocr_carea' id='block_1_10' title="bbox 165 845 1732 922">
    <p class='ocr_par' dir='ltr' id='par_1_10' title="bbox 165 845 1732 922">
     <span class='ocr_line' id='line_1_10' title="bbox 165 845 1732 922; baseline 0.004 -25"><span class='ocrx_word' id='word_1_64' title='bbox 165 847 324 900; x_wconf 76' lang='grc' dir='ltr'><strong>πάντα</strong></span> <span class='ocrx_word' id='word_1_65' title='bbox 349 845 577 917; x_wconf 83' lang='grc' dir='ltr'><strong>δεύτερα</strong></span> <span class='ocrx_word' id='word_1_66' title='bbox 603 849 702 916; x_wconf 82' lang='grc' dir='ltr'><strong>τῆς</strong></span> <span class='ocrx_word' id='word_1_67' title='bbox 744 848 1005 921; x_wconf 75' lang='grc' dir='ltr'>ἀληθείας</span> <span class='ocrx_word' id='word_1_68' title='bbox 1040 849 1308 921; x_wconf 78' lang='grc' dir='ltr'><strong>ἐλέγχειν,</strong></span> <span class='ocrx_word' id='word_1_69' title='bbox 1340 851 1439 906; x_wconf 70' lang='grc' dir='ltr'><strong>καὶ</strong></span> <span class='ocrx_word' id='word_1_70' title='bbox 1475 851 1611 922; x_wconf 80' lang='grc' dir='ltr'><strong>πρὸς</strong></span> <span class='ocrx_word' id='word_1_71' title='bbox 1640 851 1732 903; x_wconf 81' lang='grc' dir='ltr'><strong>τὸν</strong></span> 
     </span>
    </p>
   </div>
   <div class='ocr_carea' id='block_1_11' title="bbox 166 938 1732 1013">
    <p class='ocr_par' dir='ltr' id='par_1_11' title="bbox 166 938 1732 1013">
     <span class='ocr_line' id='line_1_11' title="bbox 166 938 1732 1013; baseline 0.003 -21"><span class='ocrx_word' id='word_1_72' title='bbox 166 938 547 1007; x_wconf 79' lang='grc' dir='ltr'><strong>κηρυττόμενον</strong></span> <span class='ocrx_word' id='word_1_73' title='bbox 575 940 835 1011; x_wconf 76' lang='grc' dir='ltr'><strong>ῥεόμενον</strong></span> <span class='ocrx_word' id='word_1_74' title='bbox 864 941 961 995; x_wconf 80' lang='grc' dir='ltr'><strong>τοῦ</strong></span> <span class='ocrx_word' id='word_1_75' title='bbox 992 942 1228 1013; x_wconf 86' lang='grc' dir='ltr'><strong>αἵματος</strong></span> <span class='ocrx_word' id='word_1_76' title='bbox 1265 944 1546 1010; x_wconf 77' lang='grc' dir='ltr'><strong>ἀπελθεῖν,</strong></span> <span class='ocrx_word' id='word_1_77' title='bbox 1576 944 1643 996; x_wconf 81' lang='grc' dir='ltr'><strong>δι’</strong></span> <span class='ocrx_word' id='word_1_78' title='bbox 1671 938 1732 997; x_wconf 74' lang='grc' dir='ltr'><strong>οὗ</strong></span> 
     </span>
    </p>
   </div>
   <div class='ocr_carea' id='block_1_12' title="bbox 160 1032 1345 1110">
    <p class='ocr_par' dir='ltr' id='par_1_12' title="bbox 160 1032 1345 1110">
     <span class='ocr_line' id='line_1_12' title="bbox 160 1032 1345 1110; baseline 0.005 -23"><span class='ocrx_word' id='word_1_79' title='bbox 160 1032 383 1101; x_wconf 83' lang='grc' dir='ltr'><strong>δηλονότι</strong></span> <span class='ocrx_word' id='word_1_80' title='bbox 420 1033 587 1088; x_wconf 80' lang='grc' dir='ltr'><strong>πάλιν</strong></span> <span class='ocrx_word' id='word_1_81' title='bbox 620 1036 988 1105; x_wconf 76' lang='grc' dir='ltr'><strong>ἐμεγαλύνετο</strong></span> <span class='ocrx_word' id='word_1_82' title='bbox 1029 1042 1057 1092; x_wconf 90' lang='grc' dir='ltr'>ὁ</span> <span class='ocrx_word' id='word_1_83' title='bbox 1089 1040 1345 1110; x_wconf 83' lang='grc' dir='ltr'><strong>Χριστός.</strong></span> 
     </span>
    </p>
   </div>
   <div class='ocr_carea' id='block_1_13' title="bbox 1840 577 3423 654">
    <p class='ocr_par' dir='ltr' id='par_1_13' title="bbox 1840 577 3423 654">
     <span class='ocr_line' id='line_1_13' title="bbox 1840 577 3423 654; baseline 0.006 -23"><span class='ocrx_word' id='word_1_84' title='bbox 1840 577 2069 641; x_wconf 77' lang='lat' dir='ltr'><strong>athleta,</strong></span> <span class='ocrx_word' id='word_1_85' title='bbox 2108 578 2361 632; x_wconf 90' lang='lat' dir='ltr'><strong>ultimum</strong></span> <span class='ocrx_word' id='word_1_86' title='bbox 2423 579 2742 635; x_wconf 74' lang='lat' dir='ltr'><strong>certaminis</strong></span> <span class='ocrx_word' id='word_1_87' title='bbox 2808 583 3047 637; x_wconf 78' lang='lat' dir='ltr'><strong>stadium</strong></span> <span class='ocrx_word' id='word_1_88' title='bbox 3117 581 3423 654; x_wconf 86' lang='lat' dir='ltr'><strong>ingressus,</strong></span> 
     </span>
    </p>
   </div>
   <div class='ocr_carea' id='block_1_14' title="bbox 1838 670 3425 747">
    <p class='ocr_par' dir='ltr' id='par_1_14' title="bbox 1838 670 3425 747">
     <span class='ocr_line' id='line_1_14' title="bbox 1838 670 3425 747; baseline 0.006 -25"><span class='ocrx_word' id='word_1_89' title='bbox 1838 670 2076 739; x_wconf 87' lang='lat' dir='ltr'><strong>primum</strong></span> <span class='ocrx_word' id='word_1_90' title='bbox 2107 672 2329 740; x_wconf 83' lang='lat' dir='ltr'><strong>quidem</strong></span> <span class='ocrx_word' id='word_1_91' title='bbox 2359 686 2391 726; x_wconf 88' lang='lat' dir='ltr'><strong>a</strong></span> <span class='ocrx_word' id='word_1_92' title='bbox 2419 681 2594 728; x_wconf 86' lang='lat' dir='ltr'><strong>morte</strong></span> <span class='ocrx_word' id='word_1_93' title='bbox 2626 682 2680 728; x_wconf 90' lang='lat' dir='ltr'><strong>et</strong></span> <span class='ocrx_word' id='word_1_94' title='bbox 2711 674 2859 729; x_wconf 68' lang='lat' dir='ltr'><strong>casde</strong></span> <span class='ocrx_word' id='word_1_95' title='bbox 2890 674 3245 741; x_wconf 84' lang='lat' dir='ltr'><strong>liberabatur,</strong></span> <span class='ocrx_word' id='word_1_96' title='bbox 3273 687 3425 747; x_wconf 84' lang='lat' dir='ltr'><strong>post-</strong></span> 
     </span>
    </p>
   </div>
   <div class='ocr_carea' id='block_1_15' title="bbox 1838 764 3426 837">
    <p class='ocr_par' dir='ltr' id='par_1_15' title="bbox 1838 764 3426 837">
     <span class='ocr_line' id='line_1_15' title="bbox 1838 764 3426 837; baseline 0.006 -22"><span class='ocrx_word' id='word_1_97' title='bbox 1838 779 2003 831; x_wconf 82' lang='lat' dir='ltr'><strong>quam</strong></span> <span class='ocrx_word' id='word_1_98' title='bbox 2028 764 2241 832; x_wconf 88' lang='lat' dir='ltr'><strong>objecta</strong></span> <span class='ocrx_word' id='word_1_99' title='bbox 2275 765 2510 819; x_wconf 90' lang='lat' dir='ltr'><strong>crimina</strong></span> <span class='ocrx_word' id='word_1_100' title='bbox 2554 766 2720 821; x_wconf 87' lang='lat' dir='ltr'><strong>verbo</strong></span> <span class='ocrx_word' id='word_1_101' title='bbox 2750 766 3000 822; x_wconf 86' lang='lat' dir='ltr'><strong>veritatis</strong></span> <span class='ocrx_word' id='word_1_102' title='bbox 3046 768 3261 837; x_wconf 87' lang='lat' dir='ltr'><strong>piisque</strong></span> <span class='ocrx_word' id='word_1_103' title='bbox 3294 786 3426 825; x_wconf 86' lang='lat' dir='ltr'><strong>sen—</strong></span> 
     </span>
    </p>
   </div>
   <div class='ocr_carea' id='block_1_16' title="bbox 1842 855 3425 927">
    <p class='ocr_par' dir='ltr' id='par_1_16' title="bbox 1842 855 3425 927">
     <span class='ocr_line' id='line_1_16' title="bbox 1842 855 3425 927; baseline 0.006 -20"><span class='ocrx_word' id='word_1_104' title='bbox 1842 855 2029 909; x_wconf 84' lang='lat' dir='ltr'><strong>tentiis</strong></span> <span class='ocrx_word' id='word_1_105' title='bbox 2076 855 2349 919; x_wconf 83' lang='lat' dir='ltr'><strong>diluisset,</strong></span> <span class='ocrx_word' id='word_1_106' title='bbox 2387 856 2472 909; x_wconf 88' lang='lat' dir='ltr'><strong>vel</strong></span> <span class='ocrx_word' id='word_1_107' title='bbox 2505 859 2904 927; x_wconf 87' lang='lat' dir='ltr'><strong>omnipotentis</strong></span> <span class='ocrx_word' id='word_1_108' title='bbox 2949 858 3137 926; x_wconf 82' lang='lat' dir='ltr'><strong>potius</strong></span> <span class='ocrx_word' id='word_1_109' title='bbox 3168 860 3425 917; x_wconf 90' lang='lat' dir='ltr'><strong>Numinis</strong></span> 
     </span>
    </p>
   </div>
   <div class='ocr_carea' id='block_1_17' title="bbox 1841 945 3424 1021">
    <p class='ocr_par' dir='ltr' id='par_1_17' title="bbox 1841 945 3424 1021">
     <span class='ocr_line' id='line_1_17' title="bbox 1841 945 3424 1021; baseline 0.007 -23"><span class='ocrx_word' id='word_1_110' title='bbox 1841 945 2035 999; x_wconf 78' lang='lat' dir='ltr'><strong>dextra</strong></span> <span class='ocrx_word' id='word_1_111' title='bbox 2102 947 2530 1003; x_wconf 83' lang='lat' dir='ltr'><strong>intercessisset.</strong></span> <span class='ocrx_word' id='word_1_112' title='bbox 2588 948 2750 1004; x_wconf 86' lang='lat' dir='ltr'><strong>Tunc</strong></span> <span class='ocrx_word' id='word_1_113' title='bbox 2802 951 2995 1021; x_wconf 84' lang='lat' dir='ltr'><strong>utique</strong></span> <span class='ocrx_word' id='word_1_114' title='bbox 3052 952 3311 1007; x_wconf 82' lang='lat' dir='ltr'><strong>Christus</strong></span> <span class='ocrx_word' id='word_1_115' title='bbox 3369 954 3424 1010; x_wconf 89' lang='lat' dir='ltr'><strong>iu</strong></span> 
     </span>
    </p>
   </div>
   <div class='ocr_carea' id='block_1_18' title="bbox 1845 1041 3423 1111">
    <p class='ocr_par' dir='ltr' id='par_1_18' title="bbox 1845 1041 3423 1111">
     <span class='ocr_line' id='line_1_18' title="bbox 1845 1041 3423 1111; baseline 0.004 -20"><span class='ocrx_word' id='word_1_116' title='bbox 1845 1052 2079 1107; x_wconf 76' lang='lat' dir='ltr'><strong>corpore</strong></span> <span class='ocrx_word' id='word_1_117' title='bbox 2108 1041 2262 1095; x_wconf 74' lang='lat' dir='ltr'><strong>Pauli</strong></span> <span class='ocrx_word' id='word_1_118' title='bbox 2298 1041 2774 1111; x_wconf 76' lang='lat' dir='ltr'><strong>magniﬁcabatur.</strong></span> <span class='ocrx_word' id='word_1_119' title='bbox 2809 1043 2959 1099; x_wconf 89' lang='lat' dir='ltr'><strong>idem</strong></span> <span class='ocrx_word' id='word_1_120' title='bbox 3006 1058 3141 1099; x_wconf 82' lang='lat' dir='ltr'><strong>vero</strong></span> <span class='ocrx_word' id='word_1_121' title='bbox 3181 1043 3345 1100; x_wconf 82' lang='lat' dir='ltr'><strong>ﬁebat</strong></span> <span class='ocrx_word' id='word_1_122' title='bbox 3372 1053 3423 1099; x_wconf 89' lang='lat' dir='ltr'><strong>et</strong></span> 
     </span>
    </p>
   </div>
   <div class='ocr_carea' id='block_1_19' title="bbox 161 1130 3426 1209">
    <p class='ocr_par' dir='ltr' id='par_1_19' title="bbox 161 1130 3426 1209">
     <span class='ocr_line' id='line_1_19' title="bbox 161 1130 3426 1209; baseline 0.004 -25"><span class='ocrx_word' id='word_1_123' title='bbox 161 1130 313 1185; x_wconf 82' lang='lat' dir='ltr'><strong>altera</strong></span> <span class='ocrx_word' id='word_1_124' title='bbox 345 1133 485 1188; x_wconf 81' lang='lat' dir='ltr'><strong>vice.</strong></span> <span class='ocrx_word' id='word_1_125' title='bbox 521 1132 709 1203; x_wconf 83' lang='lat' dir='ltr'><strong>Neque</strong></span> <span class='ocrx_word' id='word_1_126' title='bbox 746 1136 894 1190; x_wconf 64' lang='lat' dir='ltr'><strong>etaim</strong></span> <span class='ocrx_word' id='word_1_127' title='bbox 932 1137 1212 1207; x_wconf 83' lang='lat' dir='ltr'><strong>singulare</strong></span> <span class='ocrx_word' id='word_1_128' title='bbox 1244 1147 1296 1191; x_wconf 86' lang='lat' dir='ltr'><strong>et</strong></span> <span class='ocrx_word' id='word_1_129' title='bbox 1328 1136 1714 1192; x_wconf 82' lang='lat' dir='ltr'><strong>admirandum</strong></span> <span class='ocrx_word' id='word_1_130' title='bbox 1758 1136 1970 1190; x_wconf 83' lang='lat' dir='ltr'><strong>Domini</strong></span> <span class='ocrx_word' id='word_1_131' title='bbox 1996 1137 2241 1191; x_wconf 86' lang='lat' dir='ltr'><strong>studium</strong></span> <span class='ocrx_word' id='word_1_132' title='bbox 2298 1138 2352 1190; x_wconf 90' lang='lat' dir='ltr'><strong>in</strong></span> <span class='ocrx_word' id='word_1_133' title='bbox 2384 1137 2559 1193; x_wconf 82' lang='lat' dir='ltr'><strong>Paulo</strong></span> <span class='ocrx_word' id='word_1_134' title='bbox 2627 1140 2875 1209; x_wconf 83' lang='lat' dir='ltr'><strong>conspici</strong></span> <span class='ocrx_word' id='word_1_135' title='bbox 2938 1150 3175 1206; x_wconf 86' lang='lat' dir='ltr'><strong>tantum,</strong></span> <span class='ocrx_word' id='word_1_136' title='bbox 3223 1142 3319 1196; x_wconf 86' lang='lat' dir='ltr'><strong>sed</strong></span> <span class='ocrx_word' id='word_1_137' title='bbox 3371 1150 3426 1197; x_wconf 89' lang='lat' dir='ltr'><strong>et</strong></span> 
     </span>
    </p>
   </div>
   <div class='ocr_carea' id='block_1_20' title="bbox 162 1226 3452 1306">
    <p class='ocr_par' dir='ltr' id='par_1_20' title="bbox 162 1226 3452 1306">
     <span class='ocr_line' id='line_1_20' title="bbox 162 1226 3452 1306; baseline 0.003 -26"><span class='ocrx_word' id='word_1_138' title='bbox 162 1226 316 1295; x_wconf 85' lang='lat' dir='ltr'><strong>ipsius</strong></span> <span class='ocrx_word' id='word_1_139' title='bbox 370 1227 528 1284; x_wconf 86' lang='lat' dir='ltr'><strong>Pauli</strong></span> <span class='ocrx_word' id='word_1_140' title='bbox 579 1246 668 1287; x_wconf 85' lang='lat' dir='ltr'><strong>res</strong></span> <span class='ocrx_word' id='word_1_141' title='bbox 720 1231 926 1287; x_wconf 83' lang='lat' dir='ltr'><strong>clarius</strong></span> <span class='ocrx_word' id='word_1_142' title='bbox 979 1233 1219 1288; x_wconf 83' lang='lat' dir='ltr'><strong>emicare</strong></span> <span class='ocrx_word' id='word_1_143' title='bbox 1266 1234 1559 1289; x_wconf 79' lang='lat' dir='ltr'><strong>debebant.</strong></span> <span class='ocrx_word' id='word_1_144' title='bbox 1624 1234 1918 1303; x_wconf 77' lang='lat' dir='ltr'><strong>Reliquum</strong></span> <span class='ocrx_word' id='word_1_145' title='bbox 1961 1232 2146 1301; x_wconf 78' lang='lat' dir='ltr'><strong>itaque</strong></span> <span class='ocrx_word' id='word_1_146' title='bbox 2224 1241 2363 1297; x_wconf 85' lang='lat' dir='ltr'><strong>erat,</strong></span> <span class='ocrx_word' id='word_1_147' title='bbox 2422 1244 2483 1289; x_wconf 86' lang='lat' dir='ltr'><strong>ut</strong></span> <span class='ocrx_word' id='word_1_148' title='bbox 2529 1233 2644 1303; x_wconf 85' lang='lat' dir='ltr'><strong>ipse</strong></span> <span class='ocrx_word' id='word_1_149' title='bbox 2685 1245 2909 1305; x_wconf 88' lang='lat' dir='ltr'><strong>propter</strong></span> <span class='ocrx_word' id='word_1_150' title='bbox 2943 1235 3227 1306; x_wconf 79' lang='lat' dir='ltr'><strong>Evangelii</strong></span> <span class='ocrx_word' id='word_1_151' title='bbox 3282 1250 3452 1306; x_wconf 41' lang='lat' dir='ltr'><strong>prun</strong></span> 
     </span>
    </p>
   </div>
   <div class='ocr_carea' id='block_1_21' title="bbox 160 1318 3419 1395">
    <p class='ocr_par' dir='ltr' id='par_1_21' title="bbox 160 1318 3419 1395">
     <span class='ocr_line' id='line_1_21' title="bbox 160 1318 3419 1395; baseline 0.002 -24"><span class='ocrx_word' id='word_1_152' title='bbox 160 1318 361 1372; x_wconf 88' lang='lat' dir='ltr'><strong>conium</strong></span> <span class='ocrx_word' id='word_1_153' title='bbox 390 1321 578 1376; x_wconf 86' lang='lat' dir='ltr'><strong>omnia</strong></span> <span class='ocrx_word' id='word_1_154' title='bbox 607 1323 927 1389; x_wconf 84' lang='lat' dir='ltr'><strong>sustineret,</strong></span> <span class='ocrx_word' id='word_1_155' title='bbox 957 1323 1250 1394; x_wconf 88' lang='lat' dir='ltr'><strong>ipsumque</strong></span> <span class='ocrx_word' id='word_1_156' title='bbox 1280 1324 1418 1380; x_wconf 90' lang='lat' dir='ltr'><strong>adeo</strong></span> <span class='ocrx_word' id='word_1_157' title='bbox 1450 1324 1714 1395; x_wconf 78' lang='lat' dir='ltr'><strong>gladium,</strong></span> <span class='ocrx_word' id='word_1_158' title='bbox 1755 1332 1811 1378; x_wconf 88' lang='lat' dir='ltr'><strong>et</strong></span> <span class='ocrx_word' id='word_1_159' title='bbox 1838 1338 2030 1377; x_wconf 91' lang='lat' dir='ltr'><strong>necem</strong></span> <span class='ocrx_word' id='word_1_160' title='bbox 2093 1324 2271 1391; x_wconf 86' lang='lat' dir='ltr'><strong>ipsam</strong></span> <span class='ocrx_word' id='word_1_161' title='bbox 2326 1322 2765 1393; x_wconf 88' lang='lat' dir='ltr'><strong>parvlpenderet,</strong></span> <span class='ocrx_word' id='word_1_162' title='bbox 2812 1331 2867 1379; x_wconf 88' lang='lat' dir='ltr'><strong>et</strong></span> <span class='ocrx_word' id='word_1_163' title='bbox 2928 1324 2995 1379; x_wconf 87' lang='lat' dir='ltr'><strong>ad</strong></span> <span class='ocrx_word' id='word_1_164' title='bbox 3065 1340 3241 1380; x_wconf 84' lang='lat' dir='ltr'><strong>unum</strong></span> <span class='ocrx_word' id='word_1_165' title='bbox 3295 1335 3419 1380; x_wconf 87' lang='lat' dir='ltr'><strong>tan-</strong></span> 
     </span>
    </p>
   </div>
   <div class='ocr_carea' id='block_1_22' title="bbox 158 1419 3420 1493">
    <p class='ocr_par' dir='ltr' id='par_1_22' title="bbox 158 1419 3420 1493">
     <span class='ocr_line' id='line_1_22' title="bbox 158 1419 3420 1493; baseline 0.004 -30"><span class='ocrx_word' id='word_1_166' title='bbox 158 1422 266 1465; x_wconf 84' lang='lat' dir='ltr'><strong>tum</strong></span> <span class='ocrx_word' id='word_1_167' title='bbox 315 1428 547 1485; x_wconf 86' lang='lat' dir='ltr'><strong>scepum</strong></span> <span class='ocrx_word' id='word_1_168' title='bbox 606 1419 949 1474; x_wconf 85' lang='lat' dir='ltr'><strong>contendens</strong></span> <span class='ocrx_word' id='word_1_169' title='bbox 983 1420 1171 1475; x_wconf 83' lang='lat' dir='ltr'><strong>omnia</strong></span> <span class='ocrx_word' id='word_1_170' title='bbox 1224 1421 1332 1476; x_wconf 91' lang='lat' dir='ltr'><strong>sibi</strong></span> <span class='ocrx_word' id='word_1_171' title='bbox 1400 1422 1632 1475; x_wconf 81' lang='lat' dir='ltr'><strong>veritate</strong></span> <span class='ocrx_word' id='word_1_172' title='bbox 1679 1419 1943 1475; x_wconf 85' lang='lat' dir='ltr'><strong>inferiora</strong></span> <span class='ocrx_word' id='word_1_173' title='bbox 2010 1433 2137 1475; x_wconf 85' lang='lat' dir='ltr'><strong>esse</strong></span> <span class='ocrx_word' id='word_1_174' title='bbox 2175 1419 2512 1483; x_wconf 86' lang='lat' dir='ltr'><strong>ostenderet,</strong></span> <span class='ocrx_word' id='word_1_175' title='bbox 2555 1427 2722 1489; x_wconf 89' lang='lat' dir='ltr'><strong>atque</strong></span> <span class='ocrx_word' id='word_1_176' title='bbox 2787 1420 2927 1476; x_wconf 86' lang='lat' dir='ltr'><strong>adeo</strong></span> <span class='ocrx_word' id='word_1_177' title='bbox 2986 1422 3252 1493; x_wconf 78' lang='lat' dir='ltr'><strong>sanguine</strong></span> <span class='ocrx_word' id='word_1_178' title='bbox 3303 1434 3420 1476; x_wconf 86' lang='lat' dir='ltr'><strong>ma-</strong></span> 
     </span>
    </p>
   </div>
   <div class='ocr_carea' id='block_1_23' title="bbox 160 1508 3085 1586">
    <p class='ocr_par' dir='ltr' id='par_1_23' title="bbox 160 1508 3085 1586">
     <span class='ocr_line' id='line_1_23' title="bbox 160 1508 3085 1586; baseline 0.003 -26"><span class='ocrx_word' id='word_1_179' title='bbox 160 1508 281 1564; x_wconf 85' lang='lat' dir='ltr'><strong>dens</strong></span> <span class='ocrx_word' id='word_1_180' title='bbox 302 1510 368 1565; x_wconf 87' lang='lat' dir='ltr'><strong>ad</strong></span> <span class='ocrx_word' id='word_1_181' title='bbox 415 1526 568 1578; x_wconf 89' lang='lat' dir='ltr'><strong>eum,</strong></span> <span class='ocrx_word' id='word_1_182' title='bbox 596 1529 759 1583; x_wconf 85' lang='lat' dir='ltr'><strong>quem</strong></span> <span class='ocrx_word' id='word_1_183' title='bbox 786 1514 1201 1584; x_wconf 83' lang='lat' dir='ltr'><strong>praedicaverat,</strong></span> <span class='ocrx_word' id='word_1_184' title='bbox 1239 1526 1578 1586; x_wconf 83' lang='lat' dir='ltr'><strong>properaret.</strong></span> <span class='ocrx_word' id='word_1_185' title='bbox 1614 1513 1727 1571; x_wconf 80' lang='lat' dir='ltr'><strong>Hoc</strong></span> <span class='ocrx_word' id='word_1_186' title='bbox 1768 1530 1898 1571; x_wconf 87' lang='lat' dir='ltr'><strong>vero</strong></span> <span class='ocrx_word' id='word_1_187' title='bbox 1930 1517 2051 1585; x_wconf 89' lang='lat' dir='ltr'><strong>ipso</strong></span> <span class='ocrx_word' id='word_1_188' title='bbox 2080 1512 2336 1570; x_wconf 85' lang='lat' dir='ltr'><strong>Christus</strong></span> <span class='ocrx_word' id='word_1_189' title='bbox 2366 1513 2565 1569; x_wconf 88' lang='lat' dir='ltr'><strong>iterum</strong></span> <span class='ocrx_word' id='word_1_190' title='bbox 2600 1514 3085 1585; x_wconf 82' lang='lat' dir='ltr'><strong>magniﬁcabatur.</strong></span> 
     </span>
    </p>
   </div>
   <div class='ocr_carea' id='block_1_24' title="bbox 650 1626 1204 1693">
    <p class='ocr_par' dir='ltr' id='par_1_24' title="bbox 650 1626 1204 1693">
     <span class='ocr_line' id='line_1_24' title="bbox 650 1626 1204 1693; baseline 0.004 -11"><span class='ocrx_word' id='word_1_191' title='bbox 650 1626 985 1682; x_wconf 74' lang='grc' dir='ltr'><strong>ΕΡΩἹἨΣΙΣ</strong></span> <span class='ocrx_word' id='word_1_192' title='bbox 1023 1630 1204 1693; x_wconf 78' lang='lat' dir='ltr'><strong>PKA&#39;.</strong></span> 
     </span>
    </p>
   </div>
   <div class='ocr_carea' id='block_1_25' title="bbox 156 1715 1727 1791">
    <p class='ocr_par' dir='ltr' id='par_1_25' title="bbox 156 1715 1727 1791">
     <span class='ocr_line' id='line_1_25' title="bbox 156 1715 1727 1791; baseline 0 -16"><span class='ocrx_word' id='word_1_193' title='bbox 156 1721 283 1775; x_wconf 78' lang='grc' dir='ltr'><strong>Τίνα</strong></span> <span class='ocrx_word' id='word_1_194' title='bbox 321 1715 399 1791; x_wconf 78' lang='grc' dir='ltr'><strong>ἥν</strong></span> <span class='ocrx_word' id='word_1_195' title='bbox 454 1718 526 1773; x_wconf 83' lang='grc' dir='ltr'><strong>τὰ</strong></span> <span class='ocrx_word' id='word_1_196' title='bbox 571 1719 959 1791; x_wconf 79' lang='grc' dir='ltr'><strong>ὑστερήματα</strong></span> <span class='ocrx_word' id='word_1_197' title='bbox 1010 1719 1118 1774; x_wconf 85' lang='grc' dir='ltr'><strong>τοῦ</strong></span> <span class='ocrx_word' id='word_1_198' title='bbox 1162 1720 1448 1791; x_wconf 78' lang='grc' dir='ltr'><strong>Χριστοῦ,</strong></span> <span class='ocrx_word' id='word_1_199' title='bbox 1490 1721 1641 1790; x_wconf 76' lang='grc' dir='ltr'><strong>ἅπερ</strong></span> <span class='ocrx_word' id='word_1_200' title='bbox 1690 1724 1727 1775; x_wconf 84' lang='lat' dir='ltr'><strong>d</strong></span> 
     </span>
    </p>
   </div>
   <div class='ocr_carea' id='block_1_26' title="bbox 593 1790 1267 1859">
    <p class='ocr_par' dir='ltr' id='par_1_26' title="bbox 593 1790 1267 1859">
     <span class='ocr_line' id='line_1_26' title="bbox 593 1790 1267 1859; baseline 0 -15"><span class='ocrx_word' id='word_1_201' title='bbox 593 1790 837 1855; x_wconf 77' lang='grc' dir='ltr'><em>Παῦλος</em></span> <span class='ocrx_word' id='word_1_202' title='bbox 859 1790 1225 1859; x_wconf 68' lang='grc' dir='ltr'><strong>ἐπλήρωσεν</strong></span> <span class='ocrx_word' id='word_1_203' title='bbox 1244 1806 1267 1855; x_wconf 88' lang='grc'><strong><em>;</em></strong></span> 
     </span>
    </p>
   </div>
   <div class='ocr_carea' id='block_1_27' title="bbox 1825 1624 3415 1703">
    <p class='ocr_par' dir='ltr' id='par_1_27' title="bbox 1825 1624 3415 1703">
     <span class='ocr_line' id='line_1_27' title="bbox 1825 1624 3415 1703; baseline 0 -16"><span class='ocrx_word' id='word_1_204' title='bbox 1825 1624 2155 1699; x_wconf 58' lang='lat' dir='ltr'><strong>duasne</strong></span> <span class='ocrx_word' id='word_1_205' title='bbox 2207 1628 2372 1685; x_wconf 76' lang='lat' dir='ltr'><strong>cxxr</strong></span> <span class='ocrx_word' id='word_1_206' title='bbox 2428 1628 2625 1701; x_wconf 67' lang='grc' dir='ltr'><strong>ιοοεει.</strong></span> <span class='ocrx_word' id='word_1_207' title='bbox 2664 1628 2906 1696; x_wconf 80' lang='lat' dir='ltr'><strong>cxuu,</strong></span> <span class='ocrx_word' id='word_1_208' title='bbox 2962 1628 3129 1687; x_wconf 85' lang='lat' dir='ltr'><strong>Taur.</strong></span> <span class='ocrx_word' id='word_1_209' title='bbox 3178 1628 3415 1703; x_wconf 75' lang='lat' dir='ltr'><strong>CXLII}.</strong></span> 
     </span>
    </p>
   </div>
   <div class='ocr_carea' id='block_1_28' title="bbox 1868 1721 3383 1794">
    <p class='ocr_par' dir='ltr' id='par_1_28' title="bbox 1868 1721 3383 1794">
     <span class='ocr_line' id='line_1_28' title="bbox 1868 1721 3383 1794; baseline 0.001 -17"><span class='ocrx_word' id='word_1_210' title='bbox 1868 1724 2001 1788; x_wconf 66' lang='lat' dir='ltr'><strong>Quae</strong></span> <span class='ocrx_word' id='word_1_211' title='bbox 2043 1722 2259 1793; x_wconf 75' lang='lat' dir='ltr'><strong>fuerunt</strong></span> <span class='ocrx_word' id='word_1_212' title='bbox 2295 1722 2423 1794; x_wconf 63' lang='lat' dir='ltr'><strong>illa.</strong></span> <span class='ocrx_word' id='word_1_213' title='bbox 2464 1739 2581 1793; x_wconf 78' lang='lat' dir='ltr'><strong>quae</strong></span> <span class='ocrx_word' id='word_1_214' title='bbox 2620 1721 3120 1794; x_wconf 13' lang='lat' dir='ltr'><strong>Christoggdeerant,</strong></span> <span class='ocrx_word' id='word_1_215' title='bbox 3164 1739 3383 1794; x_wconf 67' lang='lat' dir='ltr'><strong>quaeque</strong></span> 
     </span>
    </p>
   </div>
   <div class='ocr_carea' id='block_1_29' title="bbox 2289 1791 2970 1861">
    <p class='ocr_par' dir='ltr' id='par_1_29' title="bbox 2289 1791 2970 1861">
     <span class='ocr_line' id='line_1_29' title="bbox 2289 1791 2970 1861; baseline -0.001 -13"><span class='ocrx_word' id='word_1_216' title='bbox 2289 1791 2492 1848; x_wconf 69' lang='lat' dir='ltr'><strong>Paulus</strong></span> <span class='ocrx_word' id='word_1_217' title='bbox 2534 1793 2815 1861; x_wconf 85' lang='lat' dir='ltr'><strong>complevit</strong></span> <span class='ocrx_word' id='word_1_218' title='bbox 2848 1791 2917 1823; x_wconf 81' lang='grc'><strong>⁸⁸·</strong></span> <span class='ocrx_word' id='word_1_219' title='bbox 2944 1794 2970 1847; x_wconf 85' lang='lat'><strong>?</strong></span> 
     </span>
    </p>
   </div>
   <div class='ocr_carea' id='block_1_30' title="bbox 782 1884 2748 1969">
    <p class='ocr_par' dir='ltr' id='par_1_30' title="bbox 782 1884 2748 1969">
     <span class='ocr_line' id='line_1_30' title="bbox 782 1884 2748 1969; baseline 0.002 -17"><span class='ocrx_word' id='word_1_220' title='bbox 782 1884 1034 1952; x_wconf 84' lang='lat' dir='ltr'><strong>Editarum</strong></span> <span class='ocrx_word' id='word_1_221' title='bbox 1058 1914 1086 1950; x_wconf 89' lang='lat' dir='ltr'><strong>a</strong></span> <span class='ocrx_word' id='word_1_222' title='bbox 1112 1902 1291 1952; x_wconf 82' lang='lat' dir='ltr'><strong>Wolﬁo</strong></span> <span class='ocrx_word' id='word_1_223' title='bbox 1314 1908 1456 1952; x_wconf 83' lang='lat' dir='ltr'><strong>sexta</strong></span> <span class='ocrx_word' id='word_1_224' title='bbox 1481 1903 1535 1965; x_wconf 88' lang='grc' dir='ltr'><strong>(ι.</strong></span> <span class='ocrx_word' id='word_1_225' title='bbox 1560 1910 1627 1963; x_wconf 84' lang='lat' dir='ltr'><strong>c.,</strong></span> <span class='ocrx_word' id='word_1_226' title='bbox 1650 1918 1699 1967; x_wconf 91' lang='lat' dir='ltr'><strong>p.</strong></span> <span class='ocrx_word' id='word_1_227' title='bbox 1723 1904 1946 1955; x_wconf 77' lang='lat'><strong>719-726.</strong></span> <span class='ocrx_word' id='word_1_228' title='bbox 1972 1905 2196 1956; x_wconf 88' lang='lat' dir='ltr'><strong>Galland.</strong></span> <span class='ocrx_word' id='word_1_229' title='bbox 2224 1920 2272 1969; x_wconf 88' lang='lat' dir='ltr'><strong>p.</strong></span> <span class='ocrx_word' id='word_1_230' title='bbox 2298 1905 2411 1968; x_wconf 75' lang='lat'><strong>719,</strong></span> <span class='ocrx_word' id='word_1_231' title='bbox 2432 1905 2543 1968; x_wconf 67' lang='grc' dir='ltr'><strong>πει,</strong></span> <span class='ocrx_word' id='word_1_232' title='bbox 2567 1920 2616 1954; x_wconf 87' lang='grc' dir='ltr'><strong>ιι.</strong></span> <span class='ocrx_word' id='word_1_233' title='bbox 2642 1905 2748 1969; x_wconf 73' lang='lat'><strong>22).</strong></span> 
     </span>
    </p>
   </div>
   <div class='ocr_carea' id='block_1_31' title="bbox 213 1986 1732 2063">
    <p class='ocr_par' dir='ltr' id='par_1_31' title="bbox 213 1986 1732 2060">
     <span class='ocr_line' id='line_1_31' title="bbox 213 1986 1732 2060; baseline 0.001 -19"><span class='ocrx_word' id='word_1_234' title='bbox 213 1987 330 2041; x_wconf 83' lang='grc' dir='ltr'><strong>Τῶν</strong></span> <span class='ocrx_word' id='word_1_235' title='bbox 376 1986 759 2041; x_wconf 83' lang='grc' dir='ltr'><strong>ἁποστολικῶν</strong></span> <span class='ocrx_word' id='word_1_236' title='bbox 823 1988 1087 2058; x_wconf 73' lang='grc' dir='ltr'><strong>ῥημάτων</strong></span> <span class='ocrx_word' id='word_1_237' title='bbox 1134 1990 1168 2059; x_wconf 81' lang='grc' dir='ltr'><strong>ἡ</strong></span> <span class='ocrx_word' id='word_1_238' title='bbox 1206 1988 1534 2057; x_wconf 82' lang='grc' dir='ltr'><strong>προτεθεῖσα</strong></span> <span class='ocrx_word' id='word_1_239' title='bbox 1578 2006 1732 2060; x_wconf 86' lang='grc' dir='ltr'><strong>περι-</strong></span> 
     </span>
    </p>
   </div>
   <div class='ocr_carea' id='block_1_32' title="bbox 1898 1986 3417 2063">
    <p class='ocr_par' dir='ltr' id='par_1_32' title="bbox 1907 1988 3417 2063">
     <span class='ocr_line' id='line_1_32' title="bbox 1907 1988 3417 2063; baseline 0.001 -16"><span class='ocrx_word' id='word_1_240' title='bbox 1907 1992 2196 2063; x_wconf 87' lang='lat' dir='ltr'><strong>Proposita</strong></span> <span class='ocrx_word' id='word_1_241' title='bbox 2228 1993 2344 2047; x_wconf 62' lang='lat' dir='ltr'><strong>haec.</strong></span> <span class='ocrx_word' id='word_1_242' title='bbox 2368 1991 2660 2047; x_wconf 85' lang='lat' dir='ltr'><strong>verborum</strong></span> <span class='ocrx_word' id='word_1_243' title='bbox 2703 1988 2947 2061; x_wconf 83' lang='lat' dir='ltr'><strong>Apostoli</strong></span> <span class='ocrx_word' id='word_1_244' title='bbox 2999 1990 3173 2047; x_wconf 89' lang='lat' dir='ltr'><strong>series</strong></span> <span class='ocrx_word' id='word_1_245' title='bbox 3213 1991 3417 2062; x_wconf 83' lang='lat' dir='ltr'><strong>duplici</strong></span> 
     </span>
    </p>
   </div>
   <div class='ocr_carea' id='block_1_33' title="bbox 146 2080 1732 2154">
    <p class='ocr_par' dir='ltr' id='par_1_33' title="bbox 146 2081 1726 2153">
     <span class='ocr_line' id='line_1_33' title="bbox 146 2081 1726 2153; baseline -0.001 -18"><span class='ocrx_word' id='word_1_246' title='bbox 146 2084 282 2153; x_wconf 80' lang='grc' dir='ltr'><strong>κοπὴ</strong></span> <span class='ocrx_word' id='word_1_247' title='bbox 334 2082 532 2150; x_wconf 81' lang='grc' dir='ltr'><strong>διπλῆν</strong></span> <span class='ocrx_word' id='word_1_248' title='bbox 580 2081 879 2153; x_wconf 72' lang='grc' dir='ltr'><strong>ἐκφέρεται</strong></span> <span class='ocrx_word' id='word_1_249' title='bbox 926 2081 1166 2145; x_wconf 78' lang='grc' dir='ltr'><strong>διανοίας</strong></span> <span class='ocrx_word' id='word_1_250' title='bbox 1210 2082 1350 2136; x_wconf 81' lang='grc' dir='ltr'><strong>ὁδόν.</strong></span> <span class='ocrx_word' id='word_1_251' title='bbox 1403 2084 1468 2135; x_wconf 76' lang='lat' dir='ltr'><strong>Oi</strong></span> <span class='ocrx_word' id='word_1_252' title='bbox 1520 2083 1619 2152; x_wconf 85' lang='grc' dir='ltr'><strong>μὲν</strong></span> <span class='ocrx_word' id='word_1_253' title='bbox 1664 2082 1726 2135; x_wconf 84' lang='grc' dir='ltr'><strong>τὸ</strong></span> 
     </span>
    </p>
   </div>
   <div class='ocr_carea' id='block_1_34' title="bbox 1898 2080 3417 2154">
    <p class='ocr_par' dir='ltr' id='par_1_34' title="bbox 1898 2080 3417 2154">
     <span class='ocr_line' id='line_1_34' title="bbox 1898 2080 3417 2154; baseline -0.001 -15"><span class='ocrx_word' id='word_1_254' title='bbox 1898 2084 2044 2139; x_wconf 90' lang='lat' dir='ltr'><strong>tione</strong></span> <span class='ocrx_word' id='word_1_255' title='bbox 2070 2083 2387 2152; x_wconf 80' lang='lat' dir='ltr'><strong>exponitur.</strong></span> <span class='ocrx_word' id='word_1_256' title='bbox 2416 2081 2523 2136; x_wconf 80' lang='lat' dir='ltr'><strong>Alii</strong></span> <span class='ocrx_word' id='word_1_257' title='bbox 2547 2083 2694 2137; x_wconf 88' lang='lat' dir='ltr'><strong>enim</strong></span> <span class='ocrx_word' id='word_1_258' title='bbox 2721 2096 2909 2136; x_wconf 91' lang='lat' dir='ltr'><strong>vocem</strong></span> <span class='ocrx_word' id='word_1_259' title='bbox 2942 2080 3233 2154; x_wconf 75' lang='grc' dir='ltr'><strong>ὑστέρημα</strong></span> <span class='ocrx_word' id='word_1_260' title='bbox 3250 2098 3417 2139; x_wconf 87' lang='lat' dir='ltr'><strong>sensu</strong></span> 
     </span>
    </p>
   </div>
   <div class='ocr_carea' id='block_1_35' title="bbox 146 2172 1732 2246">
    <p class='ocr_par' dir='ltr' id='par_1_35' title="bbox 146 2172 1726 2245">
     <span class='ocr_line' id='line_1_35' title="bbox 146 2172 1726 2245; baseline 0.001 -18"><span class='ocrx_word' id='word_1_261' title='bbox 146 2176 428 2245; x_wconf 75' lang='grc' dir='ltr'><strong>ὑστέρημα</strong></span> <span class='ocrx_word' id='word_1_262' title='bbox 458 2173 714 2236; x_wconf 81' lang='grc' dir='ltr'><strong>λαϐόντες</strong></span> <span class='ocrx_word' id='word_1_263' title='bbox 744 2172 919 2237; x_wconf 74' lang='grc' dir='ltr'><strong>οὕτως</strong></span> <span class='ocrx_word' id='word_1_264' title='bbox 954 2172 1143 2237; x_wconf 82' lang='grc' dir='ltr'><strong>ἁπλῶς</strong></span> <span class='ocrx_word' id='word_1_265' title='bbox 1168 2214 1184 2239; x_wconf 91' lang='grc'><strong>,</strong></span> <span class='ocrx_word' id='word_1_266' title='bbox 1217 2173 1293 2236; x_wconf 82' lang='grc' dir='ltr'><strong>ὡς</strong></span> <span class='ocrx_word' id='word_1_267' title='bbox 1334 2173 1396 2227; x_wconf 79' lang='grc' dir='ltr'><strong>τὸ</strong></span> <span class='ocrx_word' id='word_1_268' title='bbox 1438 2175 1726 2245; x_wconf 79' lang='grc' dir='ltr'><strong>πρόχειρον</strong></span> 
     </span>
    </p>
   </div>
   <div class='ocr_carea' id='block_1_36' title="bbox 1898 2172 3417 2246">
    <p class='ocr_par' dir='ltr' id='par_1_36' title="bbox 1898 2173 3417 2246">
     <span class='ocr_line' id='line_1_36' title="bbox 1898 2173 3417 2246; baseline 0.001 -17"><span class='ocrx_word' id='word_1_269' title='bbox 1898 2174 2262 2245; x_wconf 88' lang='lat' dir='ltr'><strong>nplicissimo,</strong></span> <span class='ocrx_word' id='word_1_270' title='bbox 2300 2174 2394 2246; x_wconf 88' lang='lat' dir='ltr'><strong>qui</strong></span> <span class='ocrx_word' id='word_1_271' title='bbox 2430 2174 2674 2229; x_wconf 73' lang='lat' dir='ltr'><strong>maxime</strong></span> <span class='ocrx_word' id='word_1_272' title='bbox 2704 2173 2900 2229; x_wconf 90' lang='lat' dir='ltr'><strong>obvius</strong></span> <span class='ocrx_word' id='word_1_273' title='bbox 2931 2183 3038 2239; x_wconf 90' lang='lat' dir='ltr'><strong>est,</strong></span> <span class='ocrx_word' id='word_1_274' title='bbox 3061 2174 3417 2245; x_wconf 85' lang='lat' dir='ltr'><strong>accipientes,</strong></span> 
     </span>
    </p>
   </div>
   <div class='ocr_carea' id='block_1_37' title="bbox 148 2263 1732 2337">
    <p class='ocr_par' dir='ltr' id='par_1_37' title="bbox 148 2263 1728 2337">
     <span class='ocr_line' id='line_1_37' title="bbox 148 2263 1728 2337; baseline -0.001 -17"><span class='ocrx_word' id='word_1_275' title='bbox 148 2267 439 2321; x_wconf 71' lang='grc' dir='ltr'><strong>ὑποϐάλλει</strong></span> <span class='ocrx_word' id='word_1_276' title='bbox 471 2266 572 2335; x_wconf 78' lang='grc' dir='ltr'><strong>τῆς</strong></span> <span class='ocrx_word' id='word_1_277' title='bbox 607 2265 813 2335; x_wconf 74' lang='grc' dir='ltr'><strong>φωνῆς,</strong></span> <span class='ocrx_word' id='word_1_278' title='bbox 836 2266 972 2336; x_wconf 72' lang='grc' dir='ltr'><strong>φασὶ</strong></span> <span class='ocrx_word' id='word_1_279' title='bbox 1003 2263 1095 2318; x_wconf 79' lang='grc' dir='ltr'><strong>τὸν</strong></span> <span class='ocrx_word' id='word_1_280' title='bbox 1125 2265 1418 2319; x_wconf 81' lang='grc' dir='ltr'><strong>Θεσπέσιον</strong></span> <span class='ocrx_word' id='word_1_281' title='bbox 1441 2266 1728 2337; x_wconf 76' lang='grc' dir='ltr'><strong>εἰρηκέναι</strong></span> 
     </span>
    </p>
   </div>
   <div class='ocr_carea' id='block_1_38' title="bbox 1898 2263 3420 2337">
    <p class='ocr_par' dir='ltr' id='par_1_38' title="bbox 1898 2266 3420 2337">
     <span class='ocr_line' id='line_1_38' title="bbox 1898 2266 3420 2337; baseline 0.001 -16"><span class='ocrx_word' id='word_1_282' title='bbox 1898 2268 2078 2322; x_wconf 83' lang='lat' dir='ltr'><strong>vinum</strong></span> <span class='ocrx_word' id='word_1_283' title='bbox 2110 2267 2340 2322; x_wconf 87' lang='lat' dir='ltr'><strong>Paulum</strong></span> <span class='ocrx_word' id='word_1_284' title='bbox 2380 2266 2854 2323; x_wconf 83' lang='lat' dir='ltr'><strong>statuuntdixisse</strong></span> <span class='ocrx_word' id='word_1_285' title='bbox 2888 2282 2949 2322; x_wconf 89' lang='lat' dir='ltr'><strong>se</strong></span> <span class='ocrx_word' id='word_1_286' title='bbox 3001 2267 3264 2336; x_wconf 77' lang='lat' dir='ltr'><strong>reliquias</strong></span> <span class='ocrx_word' id='word_1_287' title='bbox 3294 2283 3420 2337; x_wconf 87' lang='lat' dir='ltr'><strong>per-</strong></span> 
     </span>
    </p>
   </div>
   <div class='ocr_carea' id='block_1_39' title="bbox 148 2354 1729 2426">
    <p class='ocr_par' dir='ltr' id='par_1_39' title="bbox 148 2354 1729 2426">
     <span class='ocr_line' id='line_1_39' title="bbox 148 2354 1729 2426; baseline 0 -17"><span class='ocrx_word' id='word_1_288' title='bbox 148 2355 372 2419; x_wconf 76' lang='grc' dir='ltr'><strong>Ηαῦλον,</strong></span> <span class='ocrx_word' id='word_1_289' title='bbox 406 2357 492 2410; x_wconf 82' lang='grc' dir='ltr'><strong>ὅτι</strong></span> <span class='ocrx_word' id='word_1_290' title='bbox 534 2356 613 2408; x_wconf 84' lang='grc' dir='ltr'><strong>Τὰ</strong></span> <span class='ocrx_word' id='word_1_291' title='bbox 650 2356 1012 2426; x_wconf 78' lang='grc' dir='ltr'><strong>ὑστερήματα</strong></span> <span class='ocrx_word' id='word_1_292' title='bbox 1046 2354 1155 2407; x_wconf 83' lang='grc' dir='ltr'><strong>τῶν</strong></span> <span class='ocrx_word' id='word_1_293' title='bbox 1186 2354 1420 2425; x_wconf 81' lang='grc' dir='ltr'><strong>θλίψεων</strong></span> <span class='ocrx_word' id='word_1_294' title='bbox 1454 2355 1549 2409; x_wconf 79' lang='grc' dir='ltr'><strong>τοῦ</strong></span> <span class='ocrx_word' id='word_1_295' title='bbox 1592 2356 1729 2426; x_wconf 90' lang='grc' dir='ltr'><strong>Χρι-</strong></span> 
     </span>
    </p>
   </div>
   <div class='ocr_carea' id='block_1_40' title="bbox 145 2446 1726 2518">
    <p class='ocr_par' dir='ltr' id='par_1_40' title="bbox 145 2446 1726 2518">
     <span class='ocr_line' id='line_1_40' title="bbox 145 2446 1726 2518; baseline 0 -18"><span class='ocrx_word' id='word_1_296' title='bbox 145 2447 264 2501; x_wconf 82' lang='grc' dir='ltr'><strong>στοῦ</strong></span> <span class='ocrx_word' id='word_1_297' title='bbox 303 2448 361 2501; x_wconf 84' lang='grc' dir='ltr'><strong>ὲν</strong></span> <span class='ocrx_word' id='word_1_298' title='bbox 384 2450 455 2517; x_wconf 86' lang='grc' dir='ltr'><strong>τῇ</strong></span> <span class='ocrx_word' id='word_1_299' title='bbox 494 2446 659 2518; x_wconf 81' lang='grc' dir='ltr'><strong>σαρκί</strong></span> <span class='ocrx_word' id='word_1_300' title='bbox 700 2462 802 2517; x_wconf 85' lang='grc' dir='ltr'><strong>μου</strong></span> <span class='ocrx_word' id='word_1_301' title='bbox 838 2446 1244 2517; x_wconf 80' lang='grc' dir='ltr'><strong>ἀνταναπληρῶ</strong></span> <span class='ocrx_word' id='word_1_302' title='bbox 1279 2446 1418 2517; x_wconf 77' lang='grc'>(47),</span> <span class='ocrx_word' id='word_1_303' title='bbox 1450 2447 1547 2501; x_wconf 74' lang='grc' dir='ltr'><strong>καὶ</strong></span> <span class='ocrx_word' id='word_1_304' title='bbox 1600 2446 1726 2517; x_wconf 80' lang='grc' dir='ltr'><strong>βού-</strong></span> 
     </span>
    </p>
   </div>
   <div class='ocr_carea' id='block_1_41' title="bbox 141 2536 1726 2608">
    <p class='ocr_par' dir='ltr' id='par_1_41' title="bbox 141 2536 1726 2608">
     <span class='ocr_line' id='line_1_41' title="bbox 141 2536 1726 2608; baseline 0 -17"><span class='ocrx_word' id='word_1_305' title='bbox 141 2538 322 2593; x_wconf 78' lang='grc' dir='ltr'><strong>λεσθαι</strong></span> <span class='ocrx_word' id='word_1_306' title='bbox 348 2537 571 2607; x_wconf 79' lang='grc' dir='ltr'><strong>δηλοῦν,</strong></span> <span class='ocrx_word' id='word_1_307' title='bbox 598 2536 674 2601; x_wconf 83' lang='grc' dir='ltr'>ὡς</span> <span class='ocrx_word' id='word_1_308' title='bbox 700 2538 768 2591; x_wconf 81' lang='grc' dir='ltr'><strong>Εἴ</strong></span> <span class='ocrx_word' id='word_1_309' title='bbox 792 2554 848 2590; x_wconf 87' lang='grc' dir='ltr'><strong>τι</strong></span> <span class='ocrx_word' id='word_1_310' title='bbox 875 2538 1089 2592; x_wconf 74' lang='grc' dir='ltr'><strong>ἐνέλιπε</strong></span> <span class='ocrx_word' id='word_1_311' title='bbox 1118 2538 1353 2608; x_wconf 77' lang='grc' dir='ltr'><strong>Χριστὸς</strong></span> <span class='ocrx_word' id='word_1_312' title='bbox 1380 2537 1474 2592; x_wconf 83' lang='grc' dir='ltr'><strong>τοῦ</strong></span> <span class='ocrx_word' id='word_1_313' title='bbox 1511 2538 1726 2603; x_wconf 79' lang='grc' dir='ltr'><strong>παθεῖν,</strong></span> 
     </span>
    </p>
   </div>
   <div class='ocr_carea' id='block_1_42' title="bbox 141 2618 1728 2701">
    <p class='ocr_par' dir='ltr' id='par_1_42' title="bbox 141 2618 1728 2701">
     <span class='ocr_line' id='line_1_42' title="bbox 141 2618 1728 2701; baseline 0.002 -20"><span class='ocrx_word' id='word_1_314' title='bbox 141 2630 247 2698; x_wconf 67' lang='grc' dir='ltr'><strong>ἐγὼ</strong></span> <span class='ocrx_word' id='word_1_315' title='bbox 269 2632 327 2683; x_wconf 84' lang='grc' dir='ltr'><strong>ὲν</strong></span> <span class='ocrx_word' id='word_1_316' title='bbox 355 2629 439 2701; x_wconf 85' lang='grc' dir='ltr'><strong>τῷ</strong></span> <span class='ocrx_word' id='word_1_317' title='bbox 469 2628 684 2697; x_wconf 85' lang='grc' dir='ltr'><strong>σώματί</strong></span> <span class='ocrx_word' id='word_1_318' title='bbox 722 2646 824 2699; x_wconf 88' lang='grc' dir='ltr'><strong>μου</strong></span> <span class='ocrx_word' id='word_1_319' title='bbox 854 2630 1261 2701; x_wconf 86' lang='grc' dir='ltr'><strong>ἀνταναπληρῶ</strong></span> <span class='ocrx_word' id='word_1_320' title='bbox 1299 2631 1435 2700; x_wconf 71' lang='grc'><strong>(48)“</strong></span> <span class='ocrx_word' id='word_1_321' title='bbox 1478 2618 1573 2685; x_wconf 76' lang='grc' dir='ltr'><strong>καὶ</strong></span> <span class='ocrx_word' id='word_1_322' title='bbox 1602 2649 1728 2684; x_wconf 82' lang='grc' dir='ltr'><strong>συν-</strong></span> 
     </span>
    </p>
   </div>
   <div class='ocr_carea' id='block_1_43' title="bbox 140 2721 1725 2793">
    <p class='ocr_par' dir='ltr' id='par_1_43' title="bbox 140 2721 1725 2793">
     <span class='ocr_line' id='line_1_43' title="bbox 140 2721 1725 2793; baseline 0.001 -20"><span class='ocrx_word' id='word_1_323' title='bbox 140 2722 494 2792; x_wconf 74' lang='grc' dir='ltr'><strong>επισχύοντες</strong></span> <span class='ocrx_word' id='word_1_324' title='bbox 519 2721 631 2793; x_wconf 74' lang='grc'>(49)</span> <span class='ocrx_word' id='word_1_325' title='bbox 658 2722 756 2791; x_wconf 82' lang='grc' dir='ltr'><strong>τὴν</strong></span> <span class='ocrx_word' id='word_1_326' title='bbox 784 2721 1027 2775; x_wconf 84' lang='grc' dir='ltr'><strong>διάνοιαν</strong></span> <span class='ocrx_word' id='word_1_327' title='bbox 1054 2721 1281 2793; x_wconf 79' lang='grc' dir='ltr'><strong>ταύτην,</strong></span> <span class='ocrx_word' id='word_1_328' title='bbox 1311 2722 1546 2793; x_wconf 78' lang='grc' dir='ltr'><strong>Ὠσπερ,</strong></span> <span class='ocrx_word' id='word_1_329' title='bbox 1568 2723 1725 2792; x_wconf 75' lang='grc' dir='ltr'><strong>φασὶ,</strong></span> 
     </span>
    </p>
   </div>
   <div class='ocr_carea' id='block_1_44' title="bbox 138 2810 1730 2883">
    <p class='ocr_par' dir='ltr' id='par_1_44' title="bbox 138 2810 1730 2883">
     <span class='ocr_line' id='line_1_44' title="bbox 138 2810 1730 2883; baseline 0.001 -18"><span class='ocrx_word' id='word_1_330' title='bbox 138 2813 343 2867; x_wconf 73' lang='grc' dir='ltr'><strong>δέδοται</strong></span> <span class='ocrx_word' id='word_1_331' title='bbox 394 2815 515 2876; x_wconf 84' lang='grc' dir='ltr'><strong>τοῖς</strong></span> <span class='ocrx_word' id='word_1_332' title='bbox 586 2812 907 2875; x_wconf 76' lang='grc' dir='ltr'><strong>ἀποστόλοις</strong></span> <span class='ocrx_word' id='word_1_333' title='bbox 972 2810 1195 2883; x_wconf 80' lang='grc' dir='ltr'><strong>μείζονα</strong></span> <span class='ocrx_word' id='word_1_334' title='bbox 1258 2812 1432 2865; x_wconf 85' lang='grc' dir='ltr'><strong>τελεῖν</strong></span> <span class='ocrx_word' id='word_1_335' title='bbox 1491 2813 1525 2883; x_wconf 76' lang='grc' dir='ltr'><strong>ἢ</strong></span> <span class='ocrx_word' id='word_1_336' title='bbox 1586 2812 1730 2866; x_wconf 80' lang='grc' dir='ltr'><strong>κατὰ</strong></span> 
     </span>
    </p>
   </div>
   <div class='ocr_carea' id='block_1_45' title="bbox 140 2900 1726 2973">
    <p class='ocr_par' dir='ltr' id='par_1_45' title="bbox 140 2900 1726 2973">
     <span class='ocr_line' id='line_1_45' title="bbox 140 2900 1726 2973; baseline 0.001 -19"><span class='ocrx_word' id='word_1_337' title='bbox 140 2900 377 2972; x_wconf 76' lang='grc' dir='ltr'><strong>Χριστὸν</strong></span> <span class='ocrx_word' id='word_1_338' title='bbox 409 2903 639 2973; x_wconf 84' lang='grc' dir='ltr'><strong>σημεῖα·</strong></span> <span class='ocrx_word' id='word_1_339' title='bbox 679 2903 774 2955; x_wconf 79' lang='grc' dir='ltr'><strong>καὶ</strong></span> <span class='ocrx_word' id='word_1_340' title='bbox 801 2902 986 2966; x_wconf 84' lang='grc' dir='ltr'><strong>πάλιν,</strong></span> <span class='ocrx_word' id='word_1_341' title='bbox 1025 2902 1242 2972; x_wconf 79' lang='grc' dir='ltr'><strong>Ὠσπερ</strong></span> <span class='ocrx_word' id='word_1_342' title='bbox 1267 2902 1429 2966; x_wconf 84' lang='grc' dir='ltr'><strong>αὐτὸς</strong></span> <span class='ocrx_word' id='word_1_343' title='bbox 1458 2904 1485 2955; x_wconf 75' lang='grc' dir='ltr'>ὁ</span> <span class='ocrx_word' id='word_1_344' title='bbox 1513 2903 1726 2967; x_wconf 81' lang='grc' dir='ltr'><strong>Παῦλος</strong></span> 
     </span>
    </p>
   </div>
   <div class='ocr_carea' id='block_1_46' title="bbox 142 2993 1731 3064">
    <p class='ocr_par' dir='ltr' id='par_1_46' title="bbox 142 2993 1731 3064">
     <span class='ocr_line' id='line_1_46' title="bbox 142 2993 1731 3064; baseline 0.001 -19"><span class='ocrx_word' id='word_1_345' title='bbox 142 2993 331 3063; x_wconf 69' lang='grc' dir='ltr'><strong>δρᾶται</strong></span> <span class='ocrx_word' id='word_1_346' title='bbox 378 2996 497 3048; x_wconf 83' lang='grc' dir='ltr'><strong>τῶν</strong></span> <span class='ocrx_word' id='word_1_347' title='bbox 526 2994 879 3048; x_wconf 82' lang='grc' dir='ltr'><strong>Δεσποτικῶν</strong></span> <span class='ocrx_word' id='word_1_348' title='bbox 921 2993 1155 3047; x_wconf 69' lang='grc' dir='ltr'><strong>ἐντολῶν</strong></span> <span class='ocrx_word' id='word_1_349' title='bbox 1183 2993 1515 3064; x_wconf 65' lang='grc' dir='ltr'><strong>ὑψηλότερόν</strong></span> <span class='ocrx_word' id='word_1_350' title='bbox 1539 3012 1592 3046; x_wconf 87' lang='grc' dir='ltr'><strong>τι</strong></span> <span class='ocrx_word' id='word_1_351' title='bbox 1616 2995 1731 3047; x_wconf 68' lang='grc' dir='ltr'><strong>διας</strong></span> 
     </span>
    </p>
   </div>
   <div class='ocr_carea' id='block_1_47' title="bbox 141 3084 1735 3156">
    <p class='ocr_par' dir='ltr' id='par_1_47' title="bbox 141 3084 1735 3156">
     <span class='ocr_line' id='line_1_47' title="bbox 141 3084 1735 3156; baseline 0.002 -20"><span class='ocrx_word' id='word_1_352' title='bbox 141 3085 516 3156; x_wconf 76' lang='grc' dir='ltr'><strong>πραττόμενος</strong></span> <span class='ocrx_word' id='word_1_353' title='bbox 543 3102 557 3115; x_wconf 94' lang='grc'><strong>·</strong></span> <span class='ocrx_word' id='word_1_354' title='bbox 578 3085 698 3150; x_wconf 72' lang='grc' dir='ltr'><strong>ἐξὸν</strong></span> <span class='ocrx_word' id='word_1_355' title='bbox 720 3086 833 3156; x_wconf 84' lang='grc'>(50)</span> <span class='ocrx_word' id='word_1_356' title='bbox 859 3084 967 3156; x_wconf 79' lang='grc' dir='ltr'><strong>γὰρ</strong></span> <span class='ocrx_word' id='word_1_357' title='bbox 996 3085 1150 3155; x_wconf 82' lang='grc' dir='ltr'><strong>αὐτῷ</strong></span> <span class='ocrx_word' id='word_1_358' title='bbox 1179 3087 1245 3138; x_wconf 83' lang='grc' dir='ltr'><strong>ὲκ</strong></span> <span class='ocrx_word' id='word_1_359' title='bbox 1268 3084 1364 3139; x_wconf 82' lang='grc' dir='ltr'><strong>τοῦ</strong></span> <span class='ocrx_word' id='word_1_360' title='bbox 1396 3084 1735 3155; x_wconf 78' lang='grc' dir='ltr'><strong>Εὑαγγελίου</strong></span> 
     </span>
    </p>
   </div>
   <div class='ocr_carea' id='block_1_48' title="bbox 142 3174 1727 3247">
    <p class='ocr_par' dir='ltr' id='par_1_48' title="bbox 142 3174 1727 3247">
     <span class='ocr_line' id='line_1_48' title="bbox 142 3174 1727 3247; baseline 0.003 -22"><span class='ocrx_word' id='word_1_361' title='bbox 142 3176 441 3243; x_wconf 78' lang='grc' dir='ltr'><strong>τρέφεσθαι</strong></span> <span class='ocrx_word' id='word_1_362' title='bbox 482 3177 581 3229; x_wconf 83' lang='grc' dir='ltr'><strong>οὐκ</strong></span> <span class='ocrx_word' id='word_1_363' title='bbox 625 3174 926 3247; x_wconf 75' lang='grc' dir='ltr'><strong>ἐτρέφετοο</strong></span> <span class='ocrx_word' id='word_1_364' title='bbox 960 3176 1056 3229; x_wconf 80' lang='grc' dir='ltr'><strong>καὶ</strong></span> <span class='ocrx_word' id='word_1_365' title='bbox 1102 3174 1330 3229; x_wconf 79' lang='grc' dir='ltr'><strong>τοιαῦτα</strong></span> <span class='ocrx_word' id='word_1_366' title='bbox 1359 3174 1525 3245; x_wconf 79' lang='grc' dir='ltr'><strong>ἕτερά</strong></span> <span class='ocrx_word' id='word_1_367' title='bbox 1570 3192 1727 3230; x_wconf 82' lang='grc' dir='ltr'><strong>τινα⁶</strong></span> 
     </span>
    </p>
   </div>
   <div class='ocr_carea' id='block_1_49' title="bbox 137 3264 1732 3339">
    <p class='ocr_par' dir='ltr' id='par_1_49' title="bbox 137 3264 1732 3339">
     <span class='ocr_line' id='line_1_49' title="bbox 137 3264 1732 3339; baseline 0.003 -23"><span class='ocrx_word' id='word_1_368' title='bbox 137 3264 279 3320; x_wconf 73' lang='grc' dir='ltr'><strong>οὕτω</strong></span> <span class='ocrx_word' id='word_1_369' title='bbox 326 3270 430 3321; x_wconf 73' lang='grc' dir='ltr'><strong>καὶ</strong></span> <span class='ocrx_word' id='word_1_370' title='bbox 464 3270 533 3322; x_wconf 77' lang='grc' dir='ltr'><strong>τὰ</strong></span> <span class='ocrx_word' id='word_1_371' title='bbox 582 3267 942 3339; x_wconf 73' lang='grc' dir='ltr'><strong>ὑστερήματα</strong></span> <span class='ocrx_word' id='word_1_372' title='bbox 991 3267 1087 3321; x_wconf 83' lang='grc' dir='ltr'><strong>τοῦ</strong></span> <span class='ocrx_word' id='word_1_373' title='bbox 1123 3266 1394 3321; x_wconf 85' lang='grc' dir='ltr'><strong>Δεσπότου</strong></span> <span class='ocrx_word' id='word_1_374' title='bbox 1426 3267 1505 3339; x_wconf 78' lang='grc' dir='ltr'><strong>τῷ</strong></span> <span class='ocrx_word' id='word_1_375' title='bbox 1546 3266 1732 3338; x_wconf 79' lang='grc' dir='ltr'><strong>οἰκείῳ</strong></span> 
     </span>
    </p>
   </div>
   <div class='ocr_carea' id='block_1_50' title="bbox 136 3339 1801 3433">
    <p class='ocr_par' dir='ltr' id='par_1_50' title="bbox 136 3339 1801 3433">
     <span class='ocr_line' id='line_1_50' title="bbox 136 3339 1801 3433; baseline 0.002 -23"><span class='ocrx_word' id='word_1_376' title='bbox 136 3361 456 3433; x_wconf 82' lang='grc' dir='ltr'><strong>ἀνεπλήρου</strong></span> <span class='ocrx_word' id='word_1_377' title='bbox 506 3362 743 3432; x_wconf 86' lang='grc' dir='ltr'><strong>σώματι.</strong></span> <span class='ocrx_word' id='word_1_378' title='bbox 789 3361 932 3414; x_wconf 81' lang='grc' dir='ltr'><strong>Ἀλλ’</strong></span> <span class='ocrx_word' id='word_1_379' title='bbox 984 3360 1128 3415; x_wconf 81' lang='grc' dir='ltr'><strong>οὓτω</strong></span> <span class='ocrx_word' id='word_1_380' title='bbox 1177 3362 1276 3432; x_wconf 84' lang='grc' dir='ltr'><strong>μὲν</strong></span> <span class='ocrx_word' id='word_1_381' title='bbox 1318 3361 1730 3432; x_wconf 86' lang='grc' dir='ltr'><strong>τεθεωρήκασιν</strong></span> <span class='ocrx_word' id='word_1_382' title='bbox 1757 3339 1801 3397; x_wconf 76' lang='lat' dir='ltr'>c</span> 
     </span>
    </p>
   </div>
   <div class='ocr_carea' id='block_1_51' title="bbox 136 3449 1732 3525">
    <p class='ocr_par' dir='ltr' id='par_1_51' title="bbox 136 3449 1732 3525">
     <span class='ocr_line' id='line_1_51' title="bbox 136 3449 1732 3525; baseline 0.004 -25"><span class='ocrx_word' id='word_1_383' title='bbox 136 3449 287 3504; x_wconf 77' lang='grc' dir='ltr'><strong>ἔνιοι.</strong></span> <span class='ocrx_word' id='word_1_384' title='bbox 342 3454 412 3506; x_wconf 83' lang='grc' dir='ltr'><strong>υἱ</strong></span> <span class='ocrx_word' id='word_1_385' title='bbox 468 3453 525 3506; x_wconf 81' lang='grc' dir='ltr'><strong>δὲ</strong></span> <span class='ocrx_word' id='word_1_386' title='bbox 559 3454 789 3508; x_wconf 83' lang='grc' dir='ltr'><strong>αὐτόθεν</strong></span> <span class='ocrx_word' id='word_1_387' title='bbox 817 3454 957 3525; x_wconf 79' lang='grc' dir='ltr'><strong>βαρὺ</strong></span> <span class='ocrx_word' id='word_1_388' title='bbox 995 3453 1311 3523; x_wconf 82' lang='grc' dir='ltr'><strong>νομίζοντες</strong></span> <span class='ocrx_word' id='word_1_389' title='bbox 1354 3454 1417 3506; x_wconf 86' lang='grc' dir='ltr'><strong>τὸ</strong></span> <span class='ocrx_word' id='word_1_390' title='bbox 1468 3453 1732 3523; x_wconf 82' lang='grc' dir='ltr'><strong>στερῆσαί</strong></span> 
     </span>
    </p>
   </div>
   <div class='ocr_carea' id='block_1_52' title="bbox 133 3543 1728 3616">
    <p class='ocr_par' dir='ltr' id='par_1_52' title="bbox 133 3543 1728 3616">
     <span class='ocr_line' id='line_1_52' title="bbox 133 3543 1728 3616; baseline 0.001 -20"><span class='ocrx_word' id='word_1_391' title='bbox 133 3558 278 3606; x_wconf 79' lang='grc' dir='ltr'><strong>τινος</strong></span> <span class='ocrx_word' id='word_1_392' title='bbox 308 3544 429 3615; x_wconf 79' lang='lat' dir='ltr'><strong>(5i)</strong></span> <span class='ocrx_word' id='word_1_393' title='bbox 459 3546 549 3597; x_wconf 79' lang='grc' dir='ltr'><strong>τὸν</strong></span> <span class='ocrx_word' id='word_1_394' title='bbox 580 3547 816 3615; x_wconf 82' lang='grc' dir='ltr'><strong>Χριστὸν</strong></span> <span class='ocrx_word' id='word_1_395' title='bbox 863 3547 924 3599; x_wconf 86' lang='grc' dir='ltr'><strong>έν</strong></span> <span class='ocrx_word' id='word_1_396' title='bbox 955 3545 1035 3616; x_wconf 83' lang='grc' dir='ltr'><strong>τῷ</strong></span> <span class='ocrx_word' id='word_1_397' title='bbox 1066 3546 1282 3599; x_wconf 86' lang='grc' dir='ltr'><strong>παθεῖν·</strong></span> <span class='ocrx_word' id='word_1_398' title='bbox 1334 3546 1400 3598; x_wconf 86' lang='grc' dir='ltr'><strong>Τί</strong></span> <span class='ocrx_word' id='word_1_399' title='bbox 1426 3546 1533 3615; x_wconf 87' lang='grc' dir='ltr'><strong>γὰρ</strong></span> <span class='ocrx_word' id='word_1_400' title='bbox 1559 3543 1728 3615; x_wconf 77' lang='grc' dir='ltr'><strong>ὠφει-</strong></span> 
     </span>
    </p>
   </div>
   <div class='ocr_carea' id='block_1_53' title="bbox 134 3635 1730 3710">
    <p class='ocr_par' dir='ltr' id='par_1_53' title="bbox 134 3635 1730 3710">
     <span class='ocr_line' id='line_1_53' title="bbox 134 3635 1730 3710; baseline 0.008 -22"><span class='ocrx_word' id='word_1_401' title='bbox 134 3635 245 3700; x_wconf 85' lang='grc' dir='ltr'><strong>λεν,</strong></span> <span class='ocrx_word' id='word_1_402' title='bbox 275 3639 329 3691; x_wconf 87' lang='grc' dir='ltr'><strong>τί</strong></span> <span class='ocrx_word' id='word_1_403' title='bbox 364 3639 417 3691; x_wconf 84' lang='grc' dir='ltr'><strong>δ’</strong></span> <span class='ocrx_word' id='word_1_404' title='bbox 452 3640 551 3708; x_wconf 75' lang='grc' dir='ltr'><strong>οὐχ</strong></span> <span class='ocrx_word' id='word_1_405' title='bbox 582 3638 795 3708; x_wconf 77' lang='grc' dir='ltr'><strong>ὑπέστη</strong></span> <span class='ocrx_word' id='word_1_406' title='bbox 825 3638 1289 3710; x_wconf 74' lang='grc' dir='ltr'><strong>ὲττηρεαζόμενος,</strong></span> <span class='ocrx_word' id='word_1_407' title='bbox 1312 3638 1730 3709; x_wconf 68' lang='grc' dir='ltr'><strong>χλευαζόμενος,</strong></span> 
     </span>
    </p>
   </div>
   <div class='ocr_carea' id='block_1_54' title="bbox 134 3729 1727 3802">
    <p class='ocr_par' dir='ltr' id='par_1_54' title="bbox 134 3729 1727 3802">
     <span class='ocr_line' id='line_1_54' title="bbox 134 3729 1727 3802; baseline 0.003 -23"><span class='ocrx_word' id='word_1_408' title='bbox 134 3730 446 3792; x_wconf 70' lang='grc' dir='ltr'><strong>ἐπιϐουλὰς</strong></span> <span class='ocrx_word' id='word_1_409' title='bbox 476 3730 684 3801; x_wconf 79' lang='grc' dir='ltr'><strong>φέρων,</strong></span> <span class='ocrx_word' id='word_1_410' title='bbox 720 3731 943 3801; x_wconf 73' lang='grc' dir='ltr'><strong>ἐνέδρας</strong></span> <span class='ocrx_word' id='word_1_411' title='bbox 965 3772 981 3797; x_wconf 91' lang='grc'><strong>,</strong></span> <span class='ocrx_word' id='word_1_412' title='bbox 1011 3729 1224 3802; x_wconf 76' lang='grc' dir='ltr'><strong>ὕϐρεις,</strong></span> <span class='ocrx_word' id='word_1_413' title='bbox 1252 3730 1428 3800; x_wconf 80' lang='grc' dir='ltr'><strong>ὀνείδη</strong></span> <span class='ocrx_word' id='word_1_414' title='bbox 1451 3771 1466 3796; x_wconf 91' lang='grc'><strong>,</strong></span> <span class='ocrx_word' id='word_1_415' title='bbox 1498 3730 1727 3796; x_wconf 71' lang='grc' dir='ltr'><strong>οἴκοθεν,</strong></span> 
     </span>
    </p>
   </div>
   <div class='ocr_carea' id='block_1_55' title="bbox 134 3819 1730 3892">
    <p class='ocr_par' dir='ltr' id='par_1_55' title="bbox 134 3819 1730 3892">
     <span class='ocr_line' id='line_1_55' title="bbox 134 3819 1730 3892; baseline 0.002 -23"><span class='ocrx_word' id='word_1_416' title='bbox 134 3819 373 3884; x_wconf 66' lang='grc' dir='ltr'><strong>ἔξωθεν,</strong></span> <span class='ocrx_word' id='word_1_417' title='bbox 398 3823 499 3875; x_wconf 82' lang='grc' dir='ltr'><strong>καὶ</strong></span> <span class='ocrx_word' id='word_1_418' title='bbox 533 3822 593 3874; x_wconf 84' lang='grc' dir='ltr'><strong>τὸ</strong></span> <span class='ocrx_word' id='word_1_419' title='bbox 620 3822 957 3889; x_wconf 79' lang='grc' dir='ltr'><strong>τελευταῖον,</strong></span> <span class='ocrx_word' id='word_1_420' title='bbox 988 3823 1224 3892; x_wconf 78' lang='grc' dir='ltr'><strong>σταυρὸν</strong></span> <span class='ocrx_word' id='word_1_421' title='bbox 1267 3823 1361 3875; x_wconf 75' lang='grc' dir='ltr'><strong>καὶ</strong></span> <span class='ocrx_word' id='word_1_422' title='bbox 1406 3820 1730 3890; x_wconf 81' lang='grc' dir='ltr'><strong>κακούργων</strong></span> 
     </span>
    </p>
   </div>
   <div class='ocr_carea' id='block_1_56' title="bbox 132 3910 1730 3984">
    <p class='ocr_par' dir='ltr' id='par_1_56' title="bbox 132 3910 1730 3984">
     <span class='ocr_line' id='line_1_56' title="bbox 132 3910 1730 3984; baseline 0.001 -22"><span class='ocrx_word' id='word_1_423' title='bbox 132 3910 374 3963; x_wconf 70' lang='grc' dir='ltr'><strong>θάνατον</strong></span> <span class='ocrx_word' id='word_1_424' title='bbox 403 3912 500 3979; x_wconf 87' lang='lat' dir='ltr'><strong>;&#39;O</strong></span> <span class='ocrx_word' id='word_1_425' title='bbox 529 3911 595 3983; x_wconf 80' lang='grc' dir='ltr'><strong>δὴ</strong></span> <span class='ocrx_word' id='word_1_426' title='bbox 623 3912 797 3966; x_wconf 83' lang='grc' dir='ltr'><strong>ταῦτα</strong></span> <span class='ocrx_word' id='word_1_427' title='bbox 830 3912 1039 3978; x_wconf 83' lang='grc' dir='ltr'><strong>παθὼν,</strong></span> <span class='ocrx_word' id='word_1_428' title='bbox 1074 3913 1255 3966; x_wconf 84' lang='grc' dir='ltr'><strong>καίτοι</strong></span> <span class='ocrx_word' id='word_1_429' title='bbox 1284 3912 1467 3984; x_wconf 72' lang='grc' dir='ltr'><strong>ῥᾴδιον</strong></span> <span class='ocrx_word' id='word_1_430' title='bbox 1498 3910 1640 3981; x_wconf 78' lang='grc' dir='ltr'><strong>ἔχων</strong></span> <span class='ocrx_word' id='word_1_431' title='bbox 1668 3910 1730 3964; x_wconf 88' lang='grc' dir='ltr'><strong>τὸ</strong></span> 
     </span>
    </p>
   </div>
   <div class='ocr_carea' id='block_1_57' title="bbox 134 4000 1732 4077">
    <p class='ocr_par' dir='ltr' id='par_1_57' title="bbox 134 4000 1732 4077">
     <span class='ocr_line' id='line_1_57' title="bbox 134 4000 1732 4077; baseline -0.003 -18"><span class='ocrx_word' id='word_1_432' title='bbox 134 4008 353 4077; x_wconf 67' lang='grc' dir='ltr'><strong>φυγεῖν,</strong></span> <span class='ocrx_word' id='word_1_433' title='bbox 393 4008 491 4060; x_wconf 80' lang='grc' dir='ltr'><strong>καὶ</strong></span> <span class='ocrx_word' id='word_1_434' title='bbox 519 4005 699 4060; x_wconf 73' lang='grc' dir='ltr'><strong>πάντα</strong></span> <span class='ocrx_word' id='word_1_435' title='bbox 722 4007 929 4077; x_wconf 83' lang='grc' dir='ltr'><strong>προῖκα</strong></span> <span class='ocrx_word' id='word_1_436' title='bbox 956 4004 1052 4059; x_wconf 77' lang='grc' dir='ltr'><strong>καὶ</strong></span> <span class='ocrx_word' id='word_1_437' title='bbox 1083 4004 1294 4076; x_wconf 86' lang='grc' dir='ltr'><strong>δωρεὰν</strong></span> <span class='ocrx_word' id='word_1_438' title='bbox 1324 4004 1393 4056; x_wconf 84' lang='grc' dir='ltr'><strong>δι’</strong></span> <span class='ocrx_word' id='word_1_439' title='bbox 1424 4005 1592 4072; x_wconf 78' lang='grc' dir='ltr'><strong>ἡμᾶς,</strong></span> <span class='ocrx_word' id='word_1_440' title='bbox 1613 4000 1732 4065; x_wconf 80' lang='grc' dir='ltr'><strong>πῶς</strong></span> 
     </span>
    </p>
   </div>
   <div class='ocr_carea' id='block_1_58' title="bbox 130 4087 1731 4173">
    <p class='ocr_par' dir='ltr' id='par_1_58' title="bbox 130 4087 1731 4173">
     <span class='ocr_line' id='line_1_58' title="bbox 130 4087 1731 4173; baseline -0.004 -20"><span class='ocrx_word' id='word_1_441' title='bbox 130 4102 447 4173; x_wconf 64' lang='grc' dir='ltr'><strong>ὑστερῆσαι</strong></span> <span class='ocrx_word' id='word_1_442' title='bbox 477 4100 678 4167; x_wconf 77' lang='grc' dir='ltr'><strong>λέγοιτ’</strong></span> <span class='ocrx_word' id='word_1_443' title='bbox 706 4099 773 4153; x_wconf 81' lang='grc' dir='ltr'><strong>ἄν</strong></span> <span class='ocrx_word' id='word_1_444' title='bbox 801 4114 945 4160; x_wconf 81' lang='grc' dir='ltr'><strong>τινος</strong></span> <span class='ocrx_word' id='word_1_445' title='bbox 966 4137 982 4158; x_wconf 83' lang='grc'><strong>,</strong></span> <span class='ocrx_word' id='word_1_446' title='bbox 1014 4096 1047 4167; x_wconf 87' lang='grc' dir='ltr'>ἢ</span> <span class='ocrx_word' id='word_1_447' title='bbox 1094 4096 1425 4165; x_wconf 73' lang='grc' dir='ltr'><strong>παραλιπεῖν</strong></span> <span class='ocrx_word' id='word_1_448' title='bbox 1454 4095 1613 4156; x_wconf 78' lang='grc' dir='ltr'><strong>ὅλως,</strong></span> <span class='ocrx_word' id='word_1_449' title='bbox 1655 4087 1731 4147; x_wconf 83' lang='grc' dir='ltr'><strong>ὧν</strong></span> 
     </span>
    </p>
   </div>
   <div class='ocr_carea' id='block_1_59' title="bbox 132 4187 1731 4259">
    <p class='ocr_par' dir='ltr' id='par_1_59' title="bbox 132 4187 1731 4259">
     <span class='ocr_line' id='line_1_59' title="bbox 132 4187 1731 4259; baseline -0.004 -14"><span class='ocrx_word' id='word_1_450' title='bbox 132 4194 239 4246; x_wconf 74' lang='grc' dir='ltr'><strong>εδει</strong></span> <span class='ocrx_word' id='word_1_451' title='bbox 276 4193 522 4257; x_wconf 82' lang='grc' dir='ltr'><strong>παθείν;</strong></span> <span class='ocrx_word' id='word_1_452' title='bbox 555 4192 629 4245; x_wconf 79' lang='grc' dir='ltr'>Τὸ</span> <span class='ocrx_word' id='word_1_453' title='bbox 669 4190 727 4244; x_wconf 70' lang='grc' dir='ltr'><strong>δὲ</strong></span> <span class='ocrx_word' id='word_1_454' title='bbox 768 4189 1000 4259; x_wconf 83' lang='grc' dir='ltr'><strong>δύναμιν</strong></span> <span class='ocrx_word' id='word_1_455' title='bbox 1031 4188 1222 4242; x_wconf 80' lang='grc' dir='ltr'><strong>λαϐεῖν</strong></span> <span class='ocrx_word' id='word_1_456' title='bbox 1257 4188 1479 4257; x_wconf 74' lang='grc' dir='ltr'><strong>μείζονα</strong></span> <span class='ocrx_word' id='word_1_457' title='bbox 1519 4187 1731 4257; x_wconf 82' lang='grc' dir='ltr'><strong>τέρατα</strong></span> 
     </span>
    </p>
   </div>
   <div class='ocr_carea' id='block_1_60' title="bbox 128 4275 1732 4354">
    <p class='ocr_par' dir='ltr' id='par_1_60' title="bbox 128 4275 1732 4354">
     <span class='ocr_line' id='line_1_60' title="bbox 128 4275 1732 4354; baseline -0.006 -16"><span class='ocrx_word' id='word_1_458' title='bbox 128 4286 333 4350; x_wconf 81' lang='grc' dir='ltr'><strong>τελεῖν,</strong></span> <span class='ocrx_word' id='word_1_459' title='bbox 394 4286 448 4337; x_wconf 88' lang='grc' dir='ltr'><strong>εί</strong></span> <span class='ocrx_word' id='word_1_460' title='bbox 502 4285 579 4354; x_wconf 79' lang='grc' dir='ltr'><strong>μὴ</strong></span> <span class='ocrx_word' id='word_1_461' title='bbox 610 4283 847 4354; x_wconf 82' lang='grc' dir='ltr'><strong>Χριστὸς</strong></span> <span class='ocrx_word' id='word_1_462' title='bbox 894 4280 1059 4343; x_wconf 78' lang='grc' dir='ltr'><strong>αὐτὸς</strong></span> <span class='ocrx_word' id='word_1_463' title='bbox 1107 4275 1176 4349; x_wconf 76' lang='grc' dir='ltr'><strong>ἦν</strong></span> <span class='ocrx_word' id='word_1_464' title='bbox 1221 4278 1251 4331; x_wconf 85' lang='grc' dir='ltr'>ὁ</span> <span class='ocrx_word' id='word_1_465' title='bbox 1296 4278 1397 4346; x_wconf 77' lang='grc' dir='ltr'><strong>τῆς</strong></span> <span class='ocrx_word' id='word_1_466' title='bbox 1446 4278 1732 4345; x_wconf 83' lang='grc' dir='ltr'><strong>δυνάμεως</strong></span> 
     </span>
    </p>
   </div>
   <div class='ocr_carea' id='block_1_61' title="bbox 126 4367 1729 4448">
    <p class='ocr_par' dir='ltr' id='par_1_61' title="bbox 126 4367 1729 4448">
     <span class='ocr_line' id='line_1_61' title="bbox 126 4367 1729 4448; baseline -0.007 -18"><span class='ocrx_word' id='word_1_467' title='bbox 126 4378 376 4448; x_wconf 75' lang='grc' dir='ltr'><strong>χορηγὸς</strong></span> <span class='ocrx_word' id='word_1_468' title='bbox 405 4418 421 4441; x_wconf 92' lang='grc'><strong>,</strong></span> <span class='ocrx_word' id='word_1_469' title='bbox 460 4378 522 4428; x_wconf 84' lang='grc' dir='ltr'><strong>οὐ</strong></span> <span class='ocrx_word' id='word_1_470' title='bbox 575 4377 675 4443; x_wconf 81' lang='grc' dir='ltr'><strong>τὴν</strong></span> <span class='ocrx_word' id='word_1_471' title='bbox 736 4371 1038 4443; x_wconf 73' lang='grc' dir='ltr'><strong>εἰρημένην</strong></span> <span class='ocrx_word' id='word_1_472' title='bbox 1076 4370 1249 4439; x_wconf 85' lang='grc' dir='ltr'><strong>μόνην</strong></span> <span class='ocrx_word' id='word_1_473' title='bbox 1296 4367 1537 4420; x_wconf 81' lang='grc' dir='ltr'><strong>διάνοιαν</strong></span> <span class='ocrx_word' id='word_1_474' title='bbox 1571 4382 1729 4437; x_wconf 86' lang='grc' dir='ltr'><strong>περι-</strong></span> 
     </span>
    </p>
   </div>
   <div class='ocr_carea' id='block_1_62' title="bbox 127 4459 1731 4539">
    <p class='ocr_par' dir='ltr' id='par_1_62' title="bbox 127 4459 1731 4539">
     <span class='ocr_line' id='line_1_62' title="bbox 127 4459 1731 4539; baseline -0.005 -20"><span class='ocrx_word' id='word_1_475' title='bbox 127 4468 327 4539; x_wconf 65' lang='grc' dir='ltr'><strong>θάλψοι</strong></span> <span class='ocrx_word' id='word_1_476' title='bbox 376 4468 471 4530; x_wconf 82' lang='grc' dir='ltr'><strong>ἂν,</strong></span> <span class='ocrx_word' id='word_1_477' title='bbox 519 4468 655 4521; x_wconf 75' lang='grc' dir='ltr'><strong>ἀλλὰ</strong></span> <span class='ocrx_word' id='word_1_478' title='bbox 686 4468 780 4520; x_wconf 69' lang='grc' dir='ltr'><strong>καὶ</strong></span> <span class='ocrx_word' id='word_1_479' title='bbox 816 4462 1176 4533; x_wconf 83' lang='grc' dir='ltr'><strong>ἀτοπωτέραν</strong></span> <span class='ocrx_word' id='word_1_480' title='bbox 1204 4459 1385 4530; x_wconf 86' lang='grc' dir='ltr'><strong>πολλῷ</strong></span> <span class='ocrx_word' id='word_1_481' title='bbox 1417 4459 1731 4528; x_wconf 79' lang='grc' dir='ltr'><strong>δυσφημίαν</strong></span> 
     </span>
    </p>
   </div>
   <div class='ocr_carea' id='block_1_63' title="bbox 122 4550 1731 4631">
    <p class='ocr_par' dir='ltr' id='par_1_63' title="bbox 122 4550 1731 4631">
     <span class='ocr_line' id='line_1_63' title="bbox 122 4550 1731 4631; baseline -0.007 -18"><span class='ocrx_word' id='word_1_482' title='bbox 122 4560 563 4631; x_wconf 76' lang='grc' dir='ltr'><strong>ἀναρριπίσειεν</strong></span> <span class='ocrx_word' id='word_1_483' title='bbox 598 4558 711 4630; x_wconf 74' lang='grc'>(52)</span> <span class='ocrx_word' id='word_1_484' title='bbox 745 4558 834 4623; x_wconf 83' lang='grc' dir='ltr'><strong>ἂν,</strong></span> <span class='ocrx_word' id='word_1_485' title='bbox 868 4552 937 4629; x_wconf 75' lang='grc' dir='ltr'>ἧς</span> <span class='ocrx_word' id='word_1_486' title='bbox 1016 4554 1125 4623; x_wconf 84' lang='grc' dir='ltr'><strong>φυὴ</strong></span> <span class='ocrx_word' id='word_1_487' title='bbox 1154 4552 1268 4623; x_wconf 80' lang='grc'><strong>(55)</strong></span> <span class='ocrx_word' id='word_1_488' title='bbox 1298 4552 1477 4623; x_wconf 74' lang='grc' dir='ltr'><strong>(ῥίζης</strong></span> <span class='ocrx_word' id='word_1_489' title='bbox 1504 4550 1614 4621; x_wconf 79' lang='grc' dir='ltr'><strong>γὰρ</strong></span> <span class='ocrx_word' id='word_1_490' title='bbox 1636 4552 1731 4603; x_wconf 84' lang='grc' dir='ltr'><strong>έκ-</strong></span> 
     </span>
    </p>
   </div>
   <div class='ocr_carea' id='block_1_64' title="bbox 123 4643 1806 4748">
    <p class='ocr_par' dir='ltr' id='par_1_64' title="bbox 123 4643 1806 4748">
     <span class='ocr_line' id='line_1_64' title="bbox 123 4643 1806 4748; baseline 0.004 -58"><span class='ocrx_word' id='word_1_491' title='bbox 123 4652 365 4720; x_wconf 67' lang='grc' dir='ltr'><strong>φύοντας</strong></span> <span class='ocrx_word' id='word_1_492' title='bbox 396 4652 503 4720; x_wconf 83' lang='grc' dir='ltr'><strong>τῆς</strong></span> <span class='ocrx_word' id='word_1_493' title='bbox 537 4650 745 4719; x_wconf 77' lang='grc' dir='ltr'><strong>αὐτῆς)</strong></span> <span class='ocrx_word' id='word_1_494' title='bbox 774 4646 913 4721; x_wconf 83' lang='grc' dir='ltr'><strong>πρὸς</strong></span> <span class='ocrx_word' id='word_1_495' title='bbox 941 4647 1040 4716; x_wconf 80' lang='grc' dir='ltr'><strong>τὴν</strong></span> <span class='ocrx_word' id='word_1_496' title='bbox 1068 4644 1431 4748; x_wconf 27' lang='grc' dir='ltr'><strong>ήγησαὶμὲνην</strong></span> <span class='ocrx_word' id='word_1_497' title='bbox 1460 4643 1730 4748; x_wconf 56' lang='lat' dir='ltr'><strong>dilatat—595:-</strong></span> <span class='ocrx_word' id='word_1_498' title='bbox 1765 4694 1806 4748; x_wconf 75' lang='lat' dir='ltr'><strong>D</strong></span> 
     </span>
    </p>
   </div>
   <div class='ocr_carea' id='block_1_65' title="bbox 125 4734 1729 4807">
    <p class='ocr_par' dir='ltr' id='par_1_65' title="bbox 125 4734 1729 4807">
     <span class='ocr_line' id='line_1_65' title="bbox 125 4734 1729 4807; baseline -0.004 -13"><span class='ocrx_word' id='word_1_499' title='bbox 125 4755 252 4797; x_wconf 74' lang='lat' dir='ltr'><strong>G‘Jat</strong></span> <span class='ocrx_word' id='word_1_500' title='bbox 306 4744 509 4796; x_wconf 78' lang='grc' dir='ltr'><strong>δικαία</strong></span> <span class='ocrx_word' id='word_1_501' title='bbox 557 4742 725 4805; x_wconf 72' lang='grc' dir='ltr'><strong>ἐστὶν,</strong></span> <span class='ocrx_word' id='word_1_502' title='bbox 776 4740 874 4794; x_wconf 78' lang='grc' dir='ltr'><strong>καὶ</strong></span> <span class='ocrx_word' id='word_1_503' title='bbox 924 4738 1047 4807; x_wconf 74' lang='grc' dir='ltr'><strong>οὐχὶ</strong></span> <span class='ocrx_word' id='word_1_504' title='bbox 1089 4737 1199 4790; x_wconf 86' lang='grc' dir='ltr'><strong>τῶν</strong></span> <span class='ocrx_word' id='word_1_505' title='bbox 1249 4736 1636 4805; x_wconf 71' lang='grc' dir='ltr'><strong>λαμϐανόντων</strong></span> <span class='ocrx_word' id='word_1_506' title='bbox 1668 4734 1729 4787; x_wconf 79' lang='grc' dir='ltr'><strong>τὸ</strong></span> 
     </span>
    </p>
   </div>
   <div class='ocr_carea' id='block_1_66' title="bbox 123 4826 1727 4907">
    <p class='ocr_par' dir='ltr' id='par_1_66' title="bbox 123 4826 1727 4907">
     <span class='ocr_line' id='line_1_66' title="bbox 123 4826 1727 4907; baseline -0.006 -19"><span class='ocrx_word' id='word_1_507' title='bbox 123 4835 340 4907; x_wconf 72' lang='grc' dir='ltr'><strong>θαῦμα,</strong></span> <span class='ocrx_word' id='word_1_508' title='bbox 372 4834 497 4888; x_wconf 82' lang='grc' dir='ltr'><strong>ἀλλ’</strong></span> <span class='ocrx_word' id='word_1_509' title='bbox 528 4836 564 4904; x_wconf 81' lang='grc' dir='ltr'><strong>η</strong></span> <span class='ocrx_word' id='word_1_510' title='bbox 607 4832 701 4886; x_wconf 72' lang='grc' dir='ltr'><strong>τοῦ</strong></span> <span class='ocrx_word' id='word_1_511' title='bbox 730 4830 1094 4903; x_wconf 77' lang='grc' dir='ltr'><strong>χορηγοῦντος</strong></span> <span class='ocrx_word' id='word_1_512' title='bbox 1122 4828 1301 4898; x_wconf 79' lang='grc' dir='ltr'><strong>χάρις,</strong></span> <span class='ocrx_word' id='word_1_513' title='bbox 1332 4828 1425 4880; x_wconf 81' lang='grc' dir='ltr'><strong>τοῦ</strong></span> <span class='ocrx_word' id='word_1_514' title='bbox 1454 4826 1727 4899; x_wconf 72' lang='grc' dir='ltr'><strong>θανμάζε-</strong></span> 
     </span>
    </p>
   </div>
   <div class='ocr_carea' id='block_1_67' title="bbox 121 4915 1725 4995">
    <p class='ocr_par' dir='ltr' id='par_1_67' title="bbox 121 4915 1725 4995">
     <span class='ocr_line' id='line_1_67' title="bbox 121 4915 1725 4995; baseline -0.009 -14"><span class='ocrx_word' id='word_1_515' title='bbox 121 4928 251 4981; x_wconf 71' lang='grc' dir='ltr'><strong>σθαι</strong></span> <span class='ocrx_word' id='word_1_516' title='bbox 282 4928 396 4995; x_wconf 77' lang='grc' dir='ltr'><strong>τὴν</strong></span> <span class='ocrx_word' id='word_1_517' title='bbox 434 4924 745 4995; x_wconf 75' lang='grc' dir='ltr'><strong>ὑπερϐολὴν</strong></span> <span class='ocrx_word' id='word_1_518' title='bbox 777 4922 912 4992; x_wconf 78' lang='grc' dir='ltr'><strong>ἕχει.</strong></span> <span class='ocrx_word' id='word_1_519' title='bbox 937 4921 1057 4974; x_wconf 74' lang='grc' dir='ltr'><strong>Ὀτι</strong></span> <span class='ocrx_word' id='word_1_520' title='bbox 1086 4919 1143 4972; x_wconf 77' lang='grc' dir='ltr'><strong>δὲ</strong></span> <span class='ocrx_word' id='word_1_521' title='bbox 1172 4922 1236 4972; x_wconf 85' lang='grc' dir='ltr'><strong>ὲκ</strong></span> <span class='ocrx_word' id='word_1_522' title='bbox 1266 4917 1359 4971; x_wconf 80' lang='grc' dir='ltr'><strong>τοῦ</strong></span> <span class='ocrx_word' id='word_1_523' title='bbox 1388 4915 1725 4986; x_wconf 74' lang='grc' dir='ltr'><strong>Εὐαγγελὶου</strong></span> 
     </span>
    </p>
   </div>
   <div class='ocr_carea' id='block_1_68' title="bbox 194 5034 1402 5104">
    <p class='ocr_par' dir='ltr' id='par_1_68' title="bbox 194 5034 1402 5104">
     <span class='ocr_line' id='line_1_68' title="bbox 194 5034 1402 5104; baseline -0.008 -9"><span class='ocrx_word' id='word_1_524' title='bbox 194 5041 261 5073; x_wconf 74' lang='grc'><strong>³⁸⁸</strong></span> <span class='ocrx_word' id='word_1_525' title='bbox 295 5042 531 5097; x_wconf 82' lang='lat' dir='ltr'><strong>Coloss.</strong></span> <span class='ocrx_word' id='word_1_526' title='bbox 562 5056 600 5104; x_wconf 92' lang='grc' dir='ltr'><strong>ι,</strong></span> <span class='ocrx_word' id='word_1_527' title='bbox 629 5039 718 5091; x_wconf 64' lang='grc'><strong>24.</strong></span> <span class='ocrx_word' id='word_1_528' title='bbox 796 5037 839 5069; x_wconf 68' lang='grc'><strong>⁸³</strong></span> <span class='ocrx_word' id='word_1_529' title='bbox 873 5037 890 5090; x_wconf 92' lang='lat' dir='ltr'><strong>l</strong></span> <span class='ocrx_word' id='word_1_530' title='bbox 925 5035 1051 5090; x_wconf 88' lang='lat' dir='ltr'><strong>Cor.</strong></span> <span class='ocrx_word' id='word_1_531' title='bbox 1091 5049 1169 5099; x_wconf 78' lang='lat' dir='ltr'><strong>lx,</strong></span> <span class='ocrx_word' id='word_1_532' title='bbox 1199 5034 1285 5097; x_wconf 68' lang='lat' dir='ltr'><strong>ll,</strong></span> <span class='ocrx_word' id='word_1_533' title='bbox 1313 5034 1402 5086; x_wconf 79' lang='lat' dir='ltr'><strong>l5.</strong></span> 
     </span>
    </p>
   </div>
   <div class='ocr_carea' id='block_1_69' title="bbox 1831 2357 3416 2431">
    <p class='ocr_par' dir='ltr' id='par_1_69' title="bbox 1831 2357 3416 2431">
     <span class='ocr_line' id='line_1_69' title="bbox 1831 2357 3416 2431; baseline -0.002 -15"><span class='ocrx_word' id='word_1_534' title='bbox 1831 2361 2152 2431; x_wconf 89' lang='lat' dir='ltr'><strong>pessionum</strong></span> <span class='ocrx_word' id='word_1_535' title='bbox 2204 2359 2411 2415; x_wconf 89' lang='lat' dir='ltr'><strong>Christi</strong></span> <span class='ocrx_word' id='word_1_536' title='bbox 2465 2360 2713 2415; x_wconf 89' lang='lat' dir='ltr'><strong>vicissim</strong></span> <span class='ocrx_word' id='word_1_537' title='bbox 2776 2357 2832 2413; x_wconf 92' lang='lat' dir='ltr'><strong>in</strong></span> <span class='ocrx_word' id='word_1_538' title='bbox 2867 2372 3101 2429; x_wconf 91' lang='lat' dir='ltr'><strong>corpore</strong></span> <span class='ocrx_word' id='word_1_539' title='bbox 3152 2375 3254 2414; x_wconf 89' lang='lat' dir='ltr'><strong>suo</strong></span> <span class='ocrx_word' id='word_1_540' title='bbox 3289 2373 3416 2414; x_wconf 85' lang='lat' dir='ltr'><strong>esse</strong></span> 
     </span>
    </p>
   </div>
   <div class='ocr_carea' id='block_1_70' title="bbox 1830 2447 3414 2522">
    <p class='ocr_par' dir='ltr' id='par_1_70' title="bbox 1830 2447 3414 2522">
     <span class='ocr_line' id='line_1_70' title="bbox 1830 2447 3414 2522; baseline 0 -16"><span class='ocrx_word' id='word_1_541' title='bbox 1830 2452 2235 2522; x_wconf 84' lang='lat' dir='ltr'><strong>suppleturum,</strong></span> <span class='ocrx_word' id='word_1_542' title='bbox 2304 2459 2471 2520; x_wconf 88' lang='lat' dir='ltr'><strong>atque</strong></span> <span class='ocrx_word' id='word_1_543' title='bbox 2502 2451 2637 2505; x_wconf 88' lang='lat' dir='ltr'><strong>adeo</strong></span> <span class='ocrx_word' id='word_1_544' title='bbox 2694 2448 2761 2504; x_wconf 90' lang='lat' dir='ltr'><strong>id</strong></span> <span class='ocrx_word' id='word_1_545' title='bbox 2811 2447 2919 2505; x_wconf 85' lang='lat' dir='ltr'><strong>sibi</strong></span> <span class='ocrx_word' id='word_1_546' title='bbox 2967 2449 3142 2504; x_wconf 84' lang='lat' dir='ltr'><strong>velle:</strong></span> <span class='ocrx_word' id='word_1_547' title='bbox 3174 2450 3233 2504; x_wconf 89' lang='lat' dir='ltr'><strong>Si</strong></span> <span class='ocrx_word' id='word_1_548' title='bbox 3279 2448 3414 2519; x_wconf 87' lang='lat' dir='ltr'><strong>quid</strong></span> 
     </span>
    </p>
   </div>
   <div class='ocr_carea' id='block_1_71' title="bbox 1830 2539 3421 2610">
    <p class='ocr_par' dir='ltr' id='par_1_71' title="bbox 1830 2539 3421 2610">
     <span class='ocr_line' id='line_1_71' title="bbox 1830 2539 3421 2610; baseline -0.001 -14"><span class='ocrx_word' id='word_1_549' title='bbox 1830 2542 2083 2597; x_wconf 87' lang='lat' dir='ltr'><strong>Christus</strong></span> <span class='ocrx_word' id='word_1_550' title='bbox 2118 2542 2173 2594; x_wconf 92' lang='lat' dir='ltr'><strong>in</strong></span> <span class='ocrx_word' id='word_1_551' title='bbox 2214 2542 2570 2610; x_wconf 89' lang='lat' dir='ltr'><strong>perpessione</strong></span> <span class='ocrx_word' id='word_1_552' title='bbox 2608 2555 2709 2595; x_wconf 92' lang='lat' dir='ltr'><strong>sua</strong></span> <span class='ocrx_word' id='word_1_553' title='bbox 2759 2539 3033 2609; x_wconf 89' lang='lat' dir='ltr'><strong>reliquum</strong></span> <span class='ocrx_word' id='word_1_554' title='bbox 3090 2539 3305 2607; x_wconf 81' lang='lat' dir='ltr'><strong>fecerit,</strong></span> <span class='ocrx_word' id='word_1_555' title='bbox 3363 2539 3421 2595; x_wconf 87' lang='lat' dir='ltr'><strong>id</strong></span> 
     </span>
    </p>
   </div>
   <div class='ocr_carea' id='block_1_72' title="bbox 1832 2628 3431 2701">
    <p class='ocr_par' dir='ltr' id='par_1_72' title="bbox 1832 2628 3431 2701">
     <span class='ocr_line' id='line_1_72' title="bbox 1832 2628 3431 2701; baseline -0.001 -16"><span class='ocrx_word' id='word_1_556' title='bbox 1832 2646 1934 2701; x_wconf 88' lang='lat' dir='ltr'><strong>ego</strong></span> <span class='ocrx_word' id='word_1_557' title='bbox 1978 2633 2031 2684; x_wconf 90' lang='lat' dir='ltr'><strong>in</strong></span> <span class='ocrx_word' id='word_1_558' title='bbox 2064 2645 2295 2701; x_wconf 89' lang='lat' dir='ltr'><strong>corpore</strong></span> <span class='ocrx_word' id='word_1_559' title='bbox 2336 2646 2460 2685; x_wconf 89' lang='lat' dir='ltr'><strong>meo</strong></span> <span class='ocrx_word' id='word_1_560' title='bbox 2520 2630 2775 2699; x_wconf 84' lang='lat' dir='ltr'><strong>suppleo.</strong></span> <span class='ocrx_word' id='word_1_561' title='bbox 2810 2630 2963 2686; x_wconf 83' lang='lat' dir='ltr'><strong>lianc</strong></span> <span class='ocrx_word' id='word_1_562' title='bbox 3017 2628 3431 2700; x_wconf 43' lang='lat' dir='ltr'><strong>expositionetn&#39;</strong></span> 
     </span>
    </p>
   </div>
   <div class='ocr_carea' id='block_1_73' title="bbox 1833 2719 3419 2790">
    <p class='ocr_par' dir='ltr' id='par_1_73' title="bbox 1833 2719 3419 2790">
     <span class='ocr_line' id='line_1_73' title="bbox 1833 2719 3419 2790; baseline 0 -14"><span class='ocrx_word' id='word_1_563' title='bbox 1833 2722 2213 2776; x_wconf 78' lang='lat' dir='ltr'><strong>confirmaturi</strong></span> <span class='ocrx_word' id='word_1_564' title='bbox 2247 2723 2403 2775; x_wconf 81' lang='lat' dir='ltr'><strong>aiunt</strong></span> <span class='ocrx_word' id='word_1_565' title='bbox 2432 2740 2445 2775; x_wconf 91' lang='lat'><strong>:</strong></span> <span class='ocrx_word' id='word_1_566' title='bbox 2470 2719 2629 2774; x_wconf 91' lang='lat' dir='ltr'><strong>Sicut</strong></span> <span class='ocrx_word' id='word_1_567' title='bbox 2651 2720 2916 2790; x_wconf 85' lang='lat' dir='ltr'><strong>Apostolo</strong></span> <span class='ocrx_word' id='word_1_568' title='bbox 2947 2730 3186 2790; x_wconf 82' lang='lat' dir='ltr'><strong>potestas</strong></span> <span class='ocrx_word' id='word_1_569' title='bbox 3211 2720 3419 2786; x_wconf 77' lang='lat' dir='ltr'><strong>majora</strong></span> 
     </span>
    </p>
   </div>
   <div class='ocr_carea' id='block_1_74' title="bbox 1830 2810 3420 2881">
    <p class='ocr_par' dir='ltr' id='par_1_74' title="bbox 1830 2810 3420 2881">
     <span class='ocr_line' id='line_1_74' title="bbox 1830 2810 3420 2881; baseline -0.001 -12"><span class='ocrx_word' id='word_1_570' title='bbox 1830 2813 2036 2869; x_wconf 90' lang='lat' dir='ltr'><strong>Christi</strong></span> <span class='ocrx_word' id='word_1_571' title='bbox 2098 2814 2206 2868; x_wconf 90' lang='lat' dir='ltr'><strong>illis</strong></span> <span class='ocrx_word' id='word_1_572' title='bbox 2258 2811 2524 2867; x_wconf 88' lang='lat' dir='ltr'><strong>miracula</strong></span> <span class='ocrx_word' id='word_1_573' title='bbox 2572 2810 2819 2881; x_wconf 88' lang='lat' dir='ltr'><strong>patrandi</strong></span> <span class='ocrx_word' id='word_1_574' title='bbox 2875 2810 3018 2866; x_wconf 87' lang='lat' dir='ltr'><strong>facta</strong></span> <span class='ocrx_word' id='word_1_575' title='bbox 3090 2818 3215 2879; x_wconf 85' lang='lat' dir='ltr'><strong>est;</strong></span> <span class='ocrx_word' id='word_1_576' title='bbox 3273 2811 3420 2868; x_wconf 76' lang='lat' dir='ltr'><strong>sicut</strong></span> 
     </span>
    </p>
   </div>
   <div class='ocr_carea' id='block_1_75' title="bbox 1831 2900 3419 2974">
    <p class='ocr_par' dir='ltr' id='par_1_75' title="bbox 1831 2900 3419 2974">
     <span class='ocr_line' id='line_1_75' title="bbox 1831 2900 3419 2974; baseline -0.002 -14"><span class='ocrx_word' id='word_1_577' title='bbox 1831 2909 1995 2960; x_wconf 81' lang='lat' dir='ltr'><strong>etiam</strong></span> <span class='ocrx_word' id='word_1_578' title='bbox 2031 2905 2233 2960; x_wconf 85' lang='lat' dir='ltr'><strong>Paulus</strong></span> <span class='ocrx_word' id='word_1_579' title='bbox 2278 2904 2395 2974; x_wconf 91' lang='lat' dir='ltr'><strong>ipse</strong></span> <span class='ocrx_word' id='word_1_580' title='bbox 2430 2903 2668 2974; x_wconf 87' lang='lat' dir='ltr'><strong>amplius</strong></span> <span class='ocrx_word' id='word_1_581' title='bbox 2715 2900 2944 2973; x_wconf 92' lang='lat' dir='ltr'><strong>aliquid,</strong></span> <span class='ocrx_word' id='word_1_582' title='bbox 2999 2918 3165 2973; x_wconf 89' lang='lat' dir='ltr'><strong>quam</strong></span> <span class='ocrx_word' id='word_1_583' title='bbox 3200 2902 3419 2957; x_wconf 74' lang='lat' dir='ltr'><strong>Domini</strong></span> 
     </span>
    </p>
   </div>
   <div class='ocr_carea' id='block_1_76' title="bbox 1834 2995 3421 3067">
    <p class='ocr_par' dir='ltr' id='par_1_76' title="bbox 1834 2995 3421 3067">
     <span class='ocr_line' id='line_1_76' title="bbox 1834 2995 3421 3067; baseline 0 -17"><span class='ocrx_word' id='word_1_584' title='bbox 1834 3003 2101 3067; x_wconf 83' lang='lat' dir='ltr'><strong>praecepta</strong></span> <span class='ocrx_word' id='word_1_585' title='bbox 2177 2996 2545 3065; x_wconf 86' lang='lat' dir='ltr'><strong>postulabant,</strong></span> <span class='ocrx_word' id='word_1_586' title='bbox 2610 2996 2865 3066; x_wconf 73' lang='lat' dir='ltr'><strong>praestitit</strong></span> <span class='ocrx_word' id='word_1_587' title='bbox 2936 2997 3086 3064; x_wconf 90' lang='lat' dir='ltr'><strong>(cum</strong></span> <span class='ocrx_word' id='word_1_588' title='bbox 3139 2995 3285 3051; x_wconf 88' lang='lat' dir='ltr'><strong>enim</strong></span> <span class='ocrx_word' id='word_1_589' title='bbox 3348 3010 3421 3050; x_wconf 79' lang='lat' dir='ltr'><strong>ex</strong></span> 
     </span>
    </p>
   </div>
   <div class='ocr_carea' id='block_1_77' title="bbox 1835 3084 3422 3157">
    <p class='ocr_par' dir='ltr' id='par_1_77' title="bbox 1835 3084 3422 3157">
     <span class='ocr_line' id='line_1_77' title="bbox 1835 3084 3422 3157; baseline 0.001 -17"><span class='ocrx_word' id='word_1_590' title='bbox 1835 3085 2113 3156; x_wconf 85' lang='lat' dir='ltr'><strong>Evangelii</strong></span> <span class='ocrx_word' id='word_1_591' title='bbox 2142 3087 2418 3157; x_wconf 79' lang='lat' dir='ltr'><strong>praeconio</strong></span> <span class='ocrx_word' id='word_1_592' title='bbox 2461 3084 2609 3142; x_wconf 82' lang='lat' dir='ltr'><strong>alet‘e</strong></span> <span class='ocrx_word' id='word_1_593' title='bbox 2641 3102 2700 3142; x_wconf 91' lang='lat' dir='ltr'><strong>se</strong></span> <span class='ocrx_word' id='word_1_594' title='bbox 2744 3086 3037 3157; x_wconf 90' lang='lat' dir='ltr'><strong>potuisset,</strong></span> <span class='ocrx_word' id='word_1_595' title='bbox 3094 3100 3205 3141; x_wconf 92' lang='lat' dir='ltr'><strong>non</strong></span> <span class='ocrx_word' id='word_1_596' title='bbox 3235 3094 3422 3141; x_wconf 87' lang='lat' dir='ltr'><strong>tamen</strong></span> 
     </span>
    </p>
   </div>
   <div class='ocr_carea' id='block_1_78' title="bbox 1838 3176 3424 3244">
    <p class='ocr_par' dir='ltr' id='par_1_78' title="bbox 1838 3176 3424 3244">
     <span class='ocr_line' id='line_1_78' title="bbox 1838 3176 3424 3244; baseline 0.002 -15"><span class='ocrx_word' id='word_1_597' title='bbox 1838 3176 1965 3230; x_wconf 90' lang='lat' dir='ltr'><strong>inde</strong></span> <span class='ocrx_word' id='word_1_598' title='bbox 2000 3191 2059 3233; x_wconf 90' lang='lat' dir='ltr'><strong>se</strong></span> <span class='ocrx_word' id='word_1_599' title='bbox 2084 3176 2240 3244; x_wconf 87' lang='lat' dir='ltr'><strong>aluit)</strong></span> <span class='ocrx_word' id='word_1_600' title='bbox 2269 3192 2285 3231; x_wconf 89' lang='lat'><strong>:</strong></span> <span class='ocrx_word' id='word_1_601' title='bbox 2310 3177 2403 3243; x_wconf 88' lang='lat' dir='ltr'><strong>ita,</strong></span> <span class='ocrx_word' id='word_1_602' title='bbox 2434 3188 2495 3232; x_wconf 92' lang='lat' dir='ltr'><strong>ut</strong></span> <span class='ocrx_word' id='word_1_603' title='bbox 2518 3176 2625 3231; x_wconf 84' lang='lat' dir='ltr'><strong>alia</strong></span> <span class='ocrx_word' id='word_1_604' title='bbox 2658 3176 2744 3233; x_wconf 88' lang='lat' dir='ltr'><strong>his</strong></span> <span class='ocrx_word' id='word_1_605' title='bbox 2764 3177 2966 3232; x_wconf 89' lang='lat' dir='ltr'><strong>similia</strong></span> <span class='ocrx_word' id='word_1_606' title='bbox 2992 3183 3305 3241; x_wconf 86' lang='lat' dir='ltr'><strong>taceantur,</strong></span> <span class='ocrx_word' id='word_1_607' title='bbox 3329 3191 3424 3232; x_wconf 87' lang='lat' dir='ltr'><strong>re-</strong></span> 
     </span>
    </p>
   </div>
   <div class='ocr_carea' id='block_1_79' title="bbox 1840 3266 3423 3339">
    <p class='ocr_par' dir='ltr' id='par_1_79' title="bbox 1840 3266 3423 3339">
     <span class='ocr_line' id='line_1_79' title="bbox 1840 3266 3423 3339; baseline 0.001 -17"><span class='ocrx_word' id='word_1_608' title='bbox 1840 3267 2042 3337; x_wconf 85' lang='lat' dir='ltr'><strong>liquias</strong></span> <span class='ocrx_word' id='word_1_609' title='bbox 2068 3266 2285 3322; x_wconf 91' lang='lat' dir='ltr'><strong>Domini</strong></span> <span class='ocrx_word' id='word_1_610' title='bbox 2320 3268 2373 3321; x_wconf 91' lang='lat' dir='ltr'><strong>in</strong></span> <span class='ocrx_word' id='word_1_611' title='bbox 2409 3283 2512 3323; x_wconf 87' lang='lat' dir='ltr'><strong>suo</strong></span> <span class='ocrx_word' id='word_1_612' title='bbox 2560 3282 2796 3337; x_wconf 88' lang='lat' dir='ltr'><strong>corpore</strong></span> <span class='ocrx_word' id='word_1_613' title='bbox 2847 3266 3121 3338; x_wconf 90' lang='lat' dir='ltr'><strong>supplevit</strong></span> <span class='ocrx_word' id='word_1_614' title='bbox 3143 3267 3213 3322; x_wconf 63' lang='lat'><strong>8’.</strong></span> <span class='ocrx_word' id='word_1_615' title='bbox 3242 3269 3423 3339; x_wconf 84' lang='lat' dir='ltr'><strong>Atque</strong></span> 
     </span>
    </p>
   </div>
   <div class='ocr_carea' id='block_1_80' title="bbox 1836 3359 3423 3430">
    <p class='ocr_par' dir='ltr' id='par_1_80' title="bbox 1836 3359 3423 3430">
     <span class='ocr_line' id='line_1_80' title="bbox 1836 3359 3423 3430; baseline 0.001 -15"><span class='ocrx_word' id='word_1_616' title='bbox 1836 3360 2161 3430; x_wconf 17' lang='lat' dir='ltr'><strong>itarquidem</strong></span> <span class='ocrx_word' id='word_1_617' title='bbox 2199 3359 2448 3415; x_wconf 89' lang='lat' dir='ltr'><strong>sentiunt</strong></span> <span class='ocrx_word' id='word_1_618' title='bbox 2494 3359 2770 3415; x_wconf 92' lang='lat' dir='ltr'><strong>nonnulli.</strong></span> <span class='ocrx_word' id='word_1_619' title='bbox 2797 3359 2905 3414; x_wconf 84' lang='lat' dir='ltr'><strong>Alii</strong></span> <span class='ocrx_word' id='word_1_620' title='bbox 2938 3374 3068 3416; x_wconf 89' lang='lat' dir='ltr'><strong>vero</strong></span> <span class='ocrx_word' id='word_1_621' title='bbox 3096 3375 3205 3414; x_wconf 89' lang='lat' dir='ltr'><strong>non</strong></span> <span class='ocrx_word' id='word_1_622' title='bbox 3238 3359 3423 3416; x_wconf 81' lang='lat' dir='ltr'><strong>feren-</strong></span> 
     </span>
    </p>
   </div>
   <div class='ocr_carea' id='block_1_81' title="bbox 1832 3451 3426 3524">
    <p class='ocr_par' dir='ltr' id='par_1_81' title="bbox 1832 3451 3426 3524">
     <span class='ocr_line' id='line_1_81' title="bbox 1832 3451 3426 3524; baseline -0.001 -15"><span class='ocrx_word' id='word_1_623' title='bbox 1832 3455 1963 3509; x_wconf 87' lang='lat' dir='ltr'><strong>dum</strong></span> <span class='ocrx_word' id='word_1_624' title='bbox 2018 3462 2235 3523; x_wconf 91' lang='lat' dir='ltr'><strong>putant,</strong></span> <span class='ocrx_word' id='word_1_625' title='bbox 2274 3463 2332 3506; x_wconf 92' lang='lat' dir='ltr'><strong>ut</strong></span> <span class='ocrx_word' id='word_1_626' title='bbox 2360 3452 2426 3506; x_wconf 90' lang='lat' dir='ltr'><strong>de</strong></span> <span class='ocrx_word' id='word_1_627' title='bbox 2460 3451 2663 3506; x_wconf 88' lang='lat' dir='ltr'><strong>Christi</strong></span> <span class='ocrx_word' id='word_1_628' title='bbox 2717 3453 3070 3521; x_wconf 88' lang='lat' dir='ltr'><strong>perpessione</strong></span> <span class='ocrx_word' id='word_1_629' title='bbox 3118 3451 3426 3524; x_wconf 83' lang='lat' dir='ltr'><strong>quidquam</strong></span> 
     </span>
    </p>
   </div>
   <div class='ocr_carea' id='block_1_82' title="bbox 1830 3543 3423 3615">
    <p class='ocr_par' dir='ltr' id='par_1_82' title="bbox 1830 3543 3423 3615">
     <span class='ocr_line' id='line_1_82' title="bbox 1830 3543 3423 3615; baseline 0 -15"><span class='ocrx_word' id='word_1_630' title='bbox 1830 3546 2193 3601; x_wconf 90' lang='lat' dir='ltr'><strong>diminuatur.</strong></span> <span class='ocrx_word' id='word_1_631' title='bbox 2224 3543 2373 3610; x_wconf 80' lang='lat' dir='ltr'><strong>Quid</strong></span> <span class='ocrx_word' id='word_1_632' title='bbox 2406 3546 2555 3599; x_wconf 92' lang='lat' dir='ltr'><strong>enim</strong></span> <span class='ocrx_word' id='word_1_633' title='bbox 2593 3545 2686 3599; x_wconf 92' lang='lat' dir='ltr'><strong>ille</strong></span> <span class='ocrx_word' id='word_1_634' title='bbox 2720 3546 2831 3614; x_wconf 88' lang='lat' dir='ltr'><strong>pati</strong></span> <span class='ocrx_word' id='word_1_635' title='bbox 2869 3545 3078 3611; x_wconf 89' lang='lat' dir='ltr'><strong>debuit,</strong></span> <span class='ocrx_word' id='word_1_636' title='bbox 3125 3545 3273 3615; x_wconf 92' lang='lat' dir='ltr'><strong>quod</strong></span> <span class='ocrx_word' id='word_1_637' title='bbox 3311 3558 3423 3600; x_wconf 79' lang='lat' dir='ltr'><strong>nou</strong></span> 
     </span>
    </p>
   </div>
   <div class='ocr_carea' id='block_1_83' title="bbox 1831 3634 3422 3705">
    <p class='ocr_par' dir='ltr' id='par_1_83' title="bbox 1831 3634 3422 3705">
     <span class='ocr_line' id='line_1_83' title="bbox 1831 3634 3422 3705; baseline 0.001 -14"><span class='ocrx_word' id='word_1_638' title='bbox 1831 3634 1905 3692; x_wconf 88' lang='lat' dir='ltr'><strong>sit</strong></span> <span class='ocrx_word' id='word_1_639' title='bbox 1954 3650 2273 3705; x_wconf 88' lang='lat' dir='ltr'><strong>perpessus,</strong></span> <span class='ocrx_word' id='word_1_640' title='bbox 2308 3634 2616 3690; x_wconf 83' lang='lat' dir='ltr'><strong>maledictis</strong></span> <span class='ocrx_word' id='word_1_641' title='bbox 2654 3634 2907 3699; x_wconf 89' lang='lat' dir='ltr'><strong>obrutus,</strong></span> <span class='ocrx_word' id='word_1_642' title='bbox 2962 3636 3208 3702; x_wconf 89' lang='lat' dir='ltr'><strong>delusus,</strong></span> <span class='ocrx_word' id='word_1_643' title='bbox 3236 3635 3422 3705; x_wconf 87' lang='lat' dir='ltr'><strong>pravis</strong></span> 
     </span>
    </p>
   </div>
   <div class='ocr_carea' id='block_1_84' title="bbox 1829 3724 3421 3794">
    <p class='ocr_par' dir='ltr' id='par_1_84' title="bbox 1829 3724 3421 3794">
     <span class='ocr_line' id='line_1_84' title="bbox 1829 3724 3421 3794; baseline -0.002 -13"><span class='ocrx_word' id='word_1_644' title='bbox 1829 3726 2103 3789; x_wconf 86' lang='lat' dir='ltr'><strong>consiliis,</strong></span> <span class='ocrx_word' id='word_1_645' title='bbox 2136 3725 2375 3788; x_wconf 83' lang='lat' dir='ltr'><strong>insidiis,</strong></span> <span class='ocrx_word' id='word_1_646' title='bbox 2406 3724 2650 3794; x_wconf 88' lang='lat' dir='ltr'><strong>injuriis,</strong></span> <span class='ocrx_word' id='word_1_647' title='bbox 2680 3724 2919 3793; x_wconf 89' lang='lat' dir='ltr'><strong>probris,</strong></span> <span class='ocrx_word' id='word_1_648' title='bbox 2951 3733 3063 3778; x_wconf 90' lang='lat' dir='ltr'><strong>tum</strong></span> <span class='ocrx_word' id='word_1_649' title='bbox 3098 3725 3271 3788; x_wconf 88' lang='lat' dir='ltr'><strong>domi,</strong></span> <span class='ocrx_word' id='word_1_650' title='bbox 3302 3734 3421 3779; x_wconf 87' lang='lat' dir='ltr'><strong>tum</strong></span> 
     </span>
    </p>
   </div>
   <div class='ocr_carea' id='block_1_85' title="bbox 1831 3817 3424 3887">
    <p class='ocr_par' dir='ltr' id='par_1_85' title="bbox 1831 3817 3424 3887">
     <span class='ocr_line' id='line_1_85' title="bbox 1831 3817 3424 3887; baseline -0.001 -15"><span class='ocrx_word' id='word_1_651' title='bbox 1831 3818 1989 3883; x_wconf 82' lang='lat' dir='ltr'><strong>foris,</strong></span> <span class='ocrx_word' id='word_1_652' title='bbox 2046 3819 2346 3887; x_wconf 81' lang='lat' dir='ltr'><strong>expositus,</strong></span> <span class='ocrx_word' id='word_1_653' title='bbox 2385 3818 2625 3886; x_wconf 88' lang='lat' dir='ltr'><strong>denique</strong></span> <span class='ocrx_word' id='word_1_654' title='bbox 2655 3830 2788 3871; x_wconf 89' lang='lat' dir='ltr'><strong>vero</strong></span> <span class='ocrx_word' id='word_1_655' title='bbox 2846 3831 3094 3883; x_wconf 90' lang='lat' dir='ltr'><strong>crucem,</strong></span> <span class='ocrx_word' id='word_1_656' title='bbox 3147 3817 3424 3871; x_wconf 83' lang='lat' dir='ltr'><strong>maleﬁco-</strong></span> 
     </span>
    </p>
   </div>
   <div class='ocr_carea' id='block_1_86' title="bbox 1831 3906 3421 3979">
    <p class='ocr_par' dir='ltr' id='par_1_86' title="bbox 1831 3906 3421 3979">
     <span class='ocr_line' id='line_1_86' title="bbox 1831 3906 3421 3979; baseline -0.001 -18"><span class='ocrx_word' id='word_1_657' title='bbox 1831 3923 1952 3963; x_wconf 81' lang='lat' dir='ltr'><strong>rutn</strong></span> <span class='ocrx_word' id='word_1_658' title='bbox 1995 3909 2348 3979; x_wconf 89' lang='lat' dir='ltr'><strong>supplicium,</strong></span> <span class='ocrx_word' id='word_1_659' title='bbox 2405 3907 2692 3961; x_wconf 83' lang='lat' dir='ltr'><strong>tolerans?</strong></span> <span class='ocrx_word' id='word_1_660' title='bbox 2751 3906 2854 3971; x_wconf 85' lang='lat' dir='ltr'><strong>Qui</strong></span> <span class='ocrx_word' id='word_1_661' title='bbox 2912 3921 3045 3960; x_wconf 80' lang='lat' dir='ltr'><strong>vero</strong></span> <span class='ocrx_word' id='word_1_662' title='bbox 3112 3907 3242 3960; x_wconf 88' lang='lat' dir='ltr'><strong>talia</strong></span> <span class='ocrx_word' id='word_1_663' title='bbox 3290 3921 3421 3975; x_wconf 82' lang='lat' dir='ltr'><strong>per-</strong></span> 
     </span>
    </p>
   </div>
   <div class='ocr_carea' id='block_1_87' title="bbox 1831 3997 3421 4071">
    <p class='ocr_par' dir='ltr' id='par_1_87' title="bbox 1831 3997 3421 4071">
     <span class='ocr_line' id='line_1_87' title="bbox 1831 3997 3421 4071; baseline -0.002 -15"><span class='ocrx_word' id='word_1_664' title='bbox 1831 4016 2032 4071; x_wconf 83' lang='lat' dir='ltr'><strong>pessus</strong></span> <span class='ocrx_word' id='word_1_665' title='bbox 2052 4010 2154 4065; x_wconf 89' lang='lat' dir='ltr'><strong>est,</strong></span> <span class='ocrx_word' id='word_1_666' title='bbox 2187 4015 2308 4070; x_wconf 83' lang='lat' dir='ltr'><strong>quae</strong></span> <span class='ocrx_word' id='word_1_667' title='bbox 2331 4000 2569 4067; x_wconf 75' lang='lat' dir='ltr'><strong>ellugere</strong></span> <span class='ocrx_word' id='word_1_668' title='bbox 2603 3998 2763 4053; x_wconf 80' lang='lat' dir='ltr'><strong>facile</strong></span> <span class='ocrx_word' id='word_1_669' title='bbox 2784 4007 3023 4068; x_wconf 86' lang='lat' dir='ltr'><strong>poterat,</strong></span> <span class='ocrx_word' id='word_1_670' title='bbox 3045 3997 3211 4067; x_wconf 88' lang='lat' dir='ltr'><strong>idque</strong></span> <span class='ocrx_word' id='word_1_671' title='bbox 3232 4006 3421 4053; x_wconf 83' lang='lat' dir='ltr'><strong>nostra</strong></span> 
     </span>
    </p>
   </div>
   <div class='ocr_carea' id='block_1_88' title="bbox 1835 4089 3423 4159">
    <p class='ocr_par' dir='ltr' id='par_1_88' title="bbox 1835 4089 3423 4159">
     <span class='ocr_line' id='line_1_88' title="bbox 1835 4089 3423 4159; baseline -0.003 -13"><span class='ocrx_word' id='word_1_672' title='bbox 1835 4101 2045 4146; x_wconf 88' lang='lat' dir='ltr'><strong>tantum</strong></span> <span class='ocrx_word' id='word_1_673' title='bbox 2100 4106 2287 4154; x_wconf 88' lang='lat' dir='ltr'><strong>causa,</strong></span> <span class='ocrx_word' id='word_1_674' title='bbox 2348 4091 2626 4159; x_wconf 88' lang='lat' dir='ltr'><strong>quomodo</strong></span> <span class='ocrx_word' id='word_1_675' title='bbox 2679 4090 2728 4144; x_wconf 89' lang='lat' dir='ltr'><strong>is</strong></span> <span class='ocrx_word' id='word_1_676' title='bbox 2774 4090 2998 4143; x_wconf 87' lang='lat' dir='ltr'><strong>destitui</strong></span> <span class='ocrx_word' id='word_1_677' title='bbox 3055 4089 3265 4158; x_wconf 89' lang='lat' dir='ltr'><strong>aliquo,</strong></span> <span class='ocrx_word' id='word_1_678' title='bbox 3327 4097 3423 4142; x_wconf 91' lang='lat' dir='ltr'><strong>aut</strong></span> 
     </span>
    </p>
   </div>
   <div class='ocr_carea' id='block_1_89' title="bbox 1835 4174 3422 4251">
    <p class='ocr_par' dir='ltr' id='par_1_89' title="bbox 1835 4174 3422 4251">
     <span class='ocr_line' id='line_1_89' title="bbox 1835 4174 3422 4251; baseline -0.003 -20"><span class='ocrx_word' id='word_1_679' title='bbox 1835 4181 2133 4251; x_wconf 85' lang='lat' dir='ltr'><strong>quidquam</strong></span> <span class='ocrx_word' id='word_1_680' title='bbox 2169 4180 2440 4249; x_wconf 86' lang='lat' dir='ltr'><strong>reliquum</strong></span> <span class='ocrx_word' id='word_1_681' title='bbox 2482 4179 2678 4232; x_wconf 78' lang='lat' dir='ltr'><strong>fecisse</strong></span> <span class='ocrx_word' id='word_1_682' title='bbox 2704 4176 2961 4231; x_wconf 82' lang='lat' dir='ltr'><strong>dicatur?</strong></span> <span class='ocrx_word' id='word_1_683' title='bbox 2996 4174 3151 4241; x_wconf 87' lang='lat' dir='ltr'><strong>Quod</strong></span> <span class='ocrx_word' id='word_1_684' title='bbox 3180 4189 3311 4228; x_wconf 90' lang='lat' dir='ltr'><strong>vero</strong></span> <span class='ocrx_word' id='word_1_685' title='bbox 3338 4175 3422 4228; x_wconf 86' lang='lat' dir='ltr'><strong>di—</strong></span> 
     </span>
    </p>
   </div>
   <div class='ocr_carea' id='block_1_90' title="bbox 1835 4266 3418 4339">
    <p class='ocr_par' dir='ltr' id='par_1_90' title="bbox 1835 4266 3418 4339">
     <span class='ocr_line' id='line_1_90' title="bbox 1835 4266 3418 4339; baseline -0.005 -12"><span class='ocrx_word' id='word_1_686' title='bbox 1835 4275 1980 4328; x_wconf 91' lang='lat' dir='ltr'><strong>citur</strong></span> <span class='ocrx_word' id='word_1_687' title='bbox 2010 4272 2323 4327; x_wconf 82' lang='lat' dir='ltr'><strong>facultatem</strong></span> <span class='ocrx_word' id='word_1_688' title='bbox 2362 4270 2649 4339; x_wconf 86' lang='lat' dir='ltr'><strong>accepisse</strong></span> <span class='ocrx_word' id='word_1_689' title='bbox 2668 4270 2880 4338; x_wconf 88' lang='lat' dir='ltr'><strong>majora</strong></span> <span class='ocrx_word' id='word_1_690' title='bbox 2913 4268 3175 4322; x_wconf 89' lang='lat' dir='ltr'><strong>miracula</strong></span> <span class='ocrx_word' id='word_1_691' title='bbox 3195 4266 3418 4331; x_wconf 88' lang='lat' dir='ltr'><strong>edendi,</strong></span> 
     </span>
    </p>
   </div>
   <div class='ocr_carea' id='block_1_91' title="bbox 1828 4357 3417 4421">
    <p class='ocr_par' dir='ltr' id='par_1_91' title="bbox 1828 4357 3417 4421">
     <span class='ocr_line' id='line_1_91' title="bbox 1828 4357 3417 4421; baseline -0.008 -2"><span class='ocrx_word' id='word_1_692' title='bbox 1828 4368 1943 4421; x_wconf 84' lang='lat' dir='ltr'><strong>nisi</strong></span> <span class='ocrx_word' id='word_1_693' title='bbox 1981 4363 2236 4420; x_wconf 84' lang='lat' dir='ltr'><strong>Christus</strong></span> <span class='ocrx_word' id='word_1_694' title='bbox 2254 4362 2533 4417; x_wconf 82' lang='lat' dir='ltr'><strong>facultatis</strong></span> <span class='ocrx_word' id='word_1_695' title='bbox 2562 4361 2706 4415; x_wconf 89' lang='lat' dir='ltr'><strong>illius</strong></span> <span class='ocrx_word' id='word_1_696' title='bbox 2734 4372 2925 4413; x_wconf 88' lang='lat' dir='ltr'><strong>auctor</strong></span> <span class='ocrx_word' id='word_1_697' title='bbox 2947 4357 3019 4413; x_wconf 86' lang='lat' dir='ltr'><strong>sit</strong></span> <span class='ocrx_word' id='word_1_698' title='bbox 3045 4370 3099 4411; x_wconf 91' lang='lat' dir='ltr'><strong>et</strong></span> <span class='ocrx_word' id='word_1_699' title='bbox 3128 4357 3417 4420; x_wconf 86' lang='lat' dir='ltr'><strong>habeatur,</strong></span> 
     </span>
    </p>
   </div>
   <div class='ocr_carea' id='block_1_92' title="bbox 1837 4449 3417 4529">
    <p class='ocr_par' dir='ltr' id='par_1_92' title="bbox 1837 4449 3417 4529">
     <span class='ocr_line' id='line_1_92' title="bbox 1837 4449 3417 4529; baseline -0.008 -16"><span class='ocrx_word' id='word_1_700' title='bbox 1837 4460 1891 4513; x_wconf 89' lang='lat' dir='ltr'><strong>id</strong></span> <span class='ocrx_word' id='word_1_701' title='bbox 1918 4461 2139 4529; x_wconf 84' lang='lat' dir='ltr'><strong>quidem</strong></span> <span class='ocrx_word' id='word_1_702' title='bbox 2194 4473 2299 4512; x_wconf 85' lang='lat' dir='ltr'><strong>non</strong></span> <span class='ocrx_word' id='word_1_703' title='bbox 2335 4456 2509 4511; x_wconf 85' lang='lat' dir='ltr'><strong>solum</strong></span> <span class='ocrx_word' id='word_1_704' title='bbox 2544 4457 2718 4520; x_wconf 85' lang='lat' dir='ltr'><strong>illam,</strong></span> <span class='ocrx_word' id='word_1_705' title='bbox 2746 4468 2910 4522; x_wconf 89' lang='lat' dir='ltr'><strong>quam</strong></span> <span class='ocrx_word' id='word_1_706' title='bbox 2956 4452 3117 4505; x_wconf 89' lang='lat' dir='ltr'><strong>modo</strong></span> <span class='ocrx_word' id='word_1_707' title='bbox 3152 4449 3417 4508; x_wconf 81' lang='lat' dir='ltr'><strong>diximus,</strong></span> 
     </span>
    </p>
   </div>
   <div class='ocr_carea' id='block_1_93' title="bbox 1835 4546 3421 4622">
    <p class='ocr_par' dir='ltr' id='par_1_93' title="bbox 1835 4546 3421 4622">
     <span class='ocr_line' id='line_1_93' title="bbox 1835 4546 3421 4622; baseline -0.011 -15"><span class='ocrx_word' id='word_1_708' title='bbox 1835 4552 2236 4622; x_wconf 76' lang='lat' dir='ltr'><strong>expositionem</strong></span> <span class='ocrx_word' id='word_1_709' title='bbox 2273 4550 2457 4604; x_wconf 76' lang='lat' dir='ltr'><strong>fOVere</strong></span> <span class='ocrx_word' id='word_1_710' title='bbox 2480 4548 2675 4619; x_wconf 85' lang='lat' dir='ltr'><strong>possit,</strong></span> <span class='ocrx_word' id='word_1_711' title='bbox 2712 4547 2807 4602; x_wconf 87' lang='lat' dir='ltr'><strong>sed</strong></span> <span class='ocrx_word' id='word_1_712' title='bbox 2844 4546 3006 4599; x_wconf 88' lang='lat' dir='ltr'><strong>aliam</strong></span> <span class='ocrx_word' id='word_1_713' title='bbox 3044 4556 3265 4610; x_wconf 88' lang='lat' dir='ltr'><strong>quoque</strong></span> <span class='ocrx_word' id='word_1_714' title='bbox 3291 4554 3421 4594; x_wconf 78' lang='lat' dir='ltr'><strong>scn-</strong></span> 
     </span>
    </p>
   </div>
   <div class='ocr_carea' id='block_1_94' title="bbox 1839 4628 3420 4707">
    <p class='ocr_par' dir='ltr' id='par_1_94' title="bbox 1839 4628 3420 4707">
     <span class='ocr_line' id='line_1_94' title="bbox 1839 4628 3420 4707; baseline -0.009 -11"><span class='ocrx_word' id='word_1_715' title='bbox 1839 4642 2089 4707; x_wconf 87' lang='lat' dir='ltr'><strong>tentiam,</strong></span> <span class='ocrx_word' id='word_1_716' title='bbox 2137 4641 2226 4693; x_wconf 92' lang='lat' dir='ltr'><strong>illa</strong></span> <span class='ocrx_word' id='word_1_717' title='bbox 2284 4639 2723 4699; x_wconf 87' lang='lat' dir='ltr'><strong>insolentiorem,</strong></span> <span class='ocrx_word' id='word_1_718' title='bbox 2775 4636 2935 4704; x_wconf 89' lang='lat' dir='ltr'><strong>cujus</strong></span> <span class='ocrx_word' id='word_1_719' title='bbox 2966 4633 3124 4702; x_wconf 84' lang='lat' dir='ltr'><strong>origo</strong></span> <span class='ocrx_word' id='word_1_720' title='bbox 3172 4637 3226 4684; x_wconf 86' lang='lat' dir='ltr'><strong>et</strong></span> <span class='ocrx_word' id='word_1_721' title='bbox 3278 4628 3420 4683; x_wconf 88' lang='lat' dir='ltr'><strong>ratio</strong></span> 
     </span>
    </p>
   </div>
   <div class='ocr_carea' id='block_1_95' title="bbox 1840 4716 3420 4800">
    <p class='ocr_par' dir='ltr' id='par_1_95' title="bbox 1840 4716 3420 4800">
     <span class='ocr_line' id='line_1_95' title="bbox 1840 4716 3420 4800; baseline -0.009 -13"><span class='ocrx_word' id='word_1_722' title='bbox 1840 4732 1926 4800; x_wconf 78' lang='lat' dir='ltr'><strong>(ex</strong></span> <span class='ocrx_word' id='word_1_723' title='bbox 1956 4733 2147 4787; x_wconf 83' lang='lat' dir='ltr'><strong>eadem</strong></span> <span class='ocrx_word' id='word_1_724' title='bbox 2181 4731 2329 4785; x_wconf 87' lang='lat' dir='ltr'><strong>enim</strong></span> <span class='ocrx_word' id='word_1_725' title='bbox 2371 4741 2606 4799; x_wconf 89' lang='lat' dir='ltr'><strong>utraque</strong></span> <span class='ocrx_word' id='word_1_726' title='bbox 2634 4728 2817 4782; x_wconf 85' lang='lat' dir='ltr'><strong>radice</strong></span> <span class='ocrx_word' id='word_1_727' title='bbox 2848 4716 2989 4779; x_wconf 86' lang='lat' dir='ltr'><strong>nata</strong></span> <span class='ocrx_word' id='word_1_728' title='bbox 3019 4728 3123 4792; x_wconf 87' lang='lat' dir='ltr'><strong>cst)</strong></span> <span class='ocrx_word' id='word_1_729' title='bbox 3163 4723 3231 4776; x_wconf 88' lang='lat' dir='ltr'><strong>ad</strong></span> <span class='ocrx_word' id='word_1_730' title='bbox 3259 4728 3420 4775; x_wconf 89' lang='lat' dir='ltr'><strong>ante-</strong></span> 
     </span>
    </p>
   </div>
   <div class='ocr_carea' id='block_1_96' title="bbox 1838 4812 3416 4878">
    <p class='ocr_par' dir='ltr' id='par_1_96' title="bbox 1838 4812 3416 4878">
     <span class='ocr_line' id='line_1_96' title="bbox 1838 4812 3416 4878; baseline -0.008 0"><span class='ocrx_word' id='word_1_731' title='bbox 1838 4824 2117 4878; x_wconf 85' lang='lat' dir='ltr'><strong>cedentem</strong></span> <span class='ocrx_word' id='word_1_732' title='bbox 2173 4822 2320 4876; x_wconf 80' lang='lat' dir='ltr'><strong>illam</strong></span> <span class='ocrx_word' id='word_1_733' title='bbox 2359 4821 2551 4875; x_wconf 84' lang='lat' dir='ltr'><strong>referri</strong></span> <span class='ocrx_word' id='word_1_734' title='bbox 2607 4819 2805 4874; x_wconf 86' lang='lat' dir='ltr'><strong>debet!</strong></span> <span class='ocrx_word' id='word_1_735' title='bbox 2874 4815 3096 4870; x_wconf 89' lang='lat' dir='ltr'><strong>Scilicet</strong></span> <span class='ocrx_word' id='word_1_736' title='bbox 3131 4829 3237 4868; x_wconf 93' lang='lat' dir='ltr'><strong>non</strong></span> <span class='ocrx_word' id='word_1_737' title='bbox 3272 4812 3416 4877; x_wconf 90' lang='lat' dir='ltr'><strong>illos,</strong></span> 
     </span>
    </p>
   </div>
   <div class='ocr_carea' id='block_1_97' title="bbox 1837 4910 3417 4985">
    <p class='ocr_par' dir='ltr' id='par_1_97' title="bbox 1837 4910 3417 4985">
     <span class='ocr_line' id='line_1_97' title="bbox 1837 4910 3417 4985; baseline -0.005 -16"><span class='ocrx_word' id='word_1_738' title='bbox 1837 4917 1930 4985; x_wconf 88' lang='lat' dir='ltr'><strong>qui</strong></span> <span class='ocrx_word' id='word_1_739' title='bbox 1965 4917 2285 4971; x_wconf 77' lang='lat' dir='ltr'><strong>facultatem</strong></span> <span class='ocrx_word' id='word_1_740' title='bbox 2315 4913 2458 4968; x_wconf 83' lang='lat' dir='ltr'><strong>banc</strong></span> <span class='ocrx_word' id='word_1_741' title='bbox 2491 4921 2842 4981; x_wconf 79' lang='lat' dir='ltr'><strong>acceperunt,</strong></span> <span class='ocrx_word' id='word_1_742' title='bbox 2878 4910 3137 4965; x_wconf 83' lang='lat' dir='ltr'><strong>admirari</strong></span> <span class='ocrx_word' id='word_1_743' title='bbox 3181 4914 3417 4980; x_wconf 90' lang='lat' dir='ltr'><strong>oportet,</strong></span> 
     </span>
    </p>
   </div>
   <div class='ocr_carea' id='block_1_98' title="bbox 1666 5146 1897 5203">
    <p class='ocr_par' dir='ltr' id='par_1_98' title="bbox 1666 5146 1897 5203">
     <span class='ocr_line' id='line_1_98' title="bbox 1666 5146 1897 5203; baseline 0 -2"><span class='ocrx_word' id='word_1_744' title='bbox 1666 5146 1897 5203; x_wconf 64' lang='lat' dir='ltr'><strong>NOTzE.</strong></span> 
     </span>
    </p>
   </div>
   <div class='ocr_carea' id='block_1_99' title="bbox 192 5272 1727 5353">
    <p class='ocr_par' dir='ltr' id='par_1_99' title="bbox 192 5272 1727 5353">
     <span class='ocr_line' id='line_1_99' title="bbox 192 5272 1727 5353; baseline -0.01 -15"><span class='ocrx_word' id='word_1_745' title='bbox 192 5278 315 5353; x_wconf 70' lang='lat'><strong>(47)</strong></span> <span class='ocrx_word' id='word_1_746' title='bbox 342 5280 638 5353; x_wconf 76' lang='lat' dir='ltr'><strong>Colb.pro</strong></span> <span class='ocrx_word' id='word_1_747' title='bbox 678 5275 998 5353; x_wconf 69' lang='grc' dir='ltr'><strong>ᾀναπληρῷ,</strong></span> <span class='ocrx_word' id='word_1_748' title='bbox 1029 5285 1173 5353; x_wconf 78' lang='lat' dir='ltr'><strong>recte</strong></span> <span class='ocrx_word' id='word_1_749' title='bbox 1206 5272 1444 5353; x_wconf 63' lang='lat' dir='ltr'><strong>quidem.</strong></span> <span class='ocrx_word' id='word_1_750' title='bbox 1475 5272 1551 5324; x_wconf 86' lang='lat' dir='ltr'><strong>lla</strong></span> <span class='ocrx_word' id='word_1_751' title='bbox 1583 5272 1727 5353; x_wconf 61' lang='lat' dir='ltr'><strong>enim</strong></span> 
     </span>
    </p>
   </div>
   <div class='ocr_carea' id='block_1_100' title="bbox 117 5342 1728 5421">
    <p class='ocr_par' dir='ltr' id='par_1_100' title="bbox 117 5342 1728 5421">
     <span class='ocr_line' id='line_1_100' title="bbox 117 5342 1728 5421; baseline -0.009 -12"><span class='ocrx_word' id='word_1_752' title='bbox 117 5342 350 5409; x_wconf 80' lang='lat' dir='ltr'><strong>codicés</strong></span> <span class='ocrx_word' id='word_1_753' title='bbox 380 5342 637 5421; x_wconf 77' lang='lat' dir='ltr'><strong>plerique</strong></span> <span class='ocrx_word' id='word_1_754' title='bbox 688 5342 1295 5415; x_wconf 54' lang='lat' dir='ltr'><strong>leguntﬂectionisque</strong></span> <span class='ocrx_word' id='word_1_755' title='bbox 1353 5343 1515 5411; x_wconf 83' lang='lat' dir='ltr'><strong>hujus</strong></span> <span class='ocrx_word' id='word_1_756' title='bbox 1546 5342 1728 5394; x_wconf 68' lang='lat' dir='ltr'><strong>tellit-a-</strong></span> 
     </span>
    </p>
   </div>
   <div class='ocr_carea' id='block_1_101' title="bbox 117 5425 1710 5489">
    <p class='ocr_par' dir='ltr' id='par_1_101' title="bbox 117 5425 1710 5489">
     <span class='ocr_line' id='line_1_101' title="bbox 117 5425 1710 5489; baseline -0.003 -10"><span class='ocrx_word' id='word_1_757' title='bbox 117 5426 266 5479; x_wconf 85' lang='lat' dir='ltr'><strong>ciam</strong></span> <span class='ocrx_word' id='word_1_758' title='bbox 307 5425 522 5474; x_wconf 67' lang='lat' dir='ltr'><strong>Noster</strong></span> <span class='ocrx_word' id='word_1_759' title='bbox 552 5434 675 5471; x_wconf 83' lang='lat' dir='ltr'><strong>mox</strong></span> <span class='ocrx_word' id='word_1_760' title='bbox 708 5425 883 5485; x_wconf 82' lang='lat' dir='ltr'><strong>urget.</strong></span> <span class='ocrx_word' id='word_1_761' title='bbox 1047 5485 1055 5489; x_wconf 88' lang='lat'><em>_</em></span> <span class='ocrx_word' id='word_1_762' title='bbox 1356 5483 1368 5489; x_wconf 88' lang='lat'><em>_</em></span> <span class='ocrx_word' id='word_1_763' title='bbox 1512 5481 1523 5489; x_wconf 93' lang='lat'><strong>_</strong></span> <span class='ocrx_word' id='word_1_764' title='bbox 1611 5480 1640 5489; x_wconf 88' lang='lat'><strong>__</strong></span> <span class='ocrx_word' id='word_1_765' title='bbox 1691 5460 1710 5489; x_wconf 82' lang='lat'><strong>_.</strong></span> 
     </span>
    </p>
   </div>
   <div class='ocr_carea' id='block_1_102' title="bbox 193 5480 1728 5561">
    <p class='ocr_par' dir='ltr' id='par_1_102' title="bbox 193 5480 1728 5561">
     <span class='ocr_line' id='line_1_102' title="bbox 193 5480 1728 5561; baseline -0.009 -13"><span class='ocrx_word' id='word_1_766' title='bbox 193 5496 313 5561; x_wconf 70' lang='lat' dir='ltr'><strong>MS)</strong></span> <span class='ocrx_word' id='word_1_767' title='bbox 346 5493 436 5545; x_wconf 75' lang='grc' dir='ltr'><strong>ιω</strong></span> <span class='ocrx_word' id='word_1_768' title='bbox 456 5560 463 5561; x_wconf 14' lang='lat'><em>7</em></span> <span class='ocrx_word' id='word_1_769' title='bbox 482 5493 676 5543; x_wconf 88' lang='lat' dir='ltr'><strong>iterum</strong></span> <span class='ocrx_word' id='word_1_770' title='bbox 699 5480 853 5541; x_wconf 75' lang='lat' dir='ltr'><strong>Culb.</strong></span> <span class='ocrx_word' id='word_1_771' title='bbox 882 5500 979 5555; x_wconf 88' lang='lat' dir='ltr'><strong>pro</strong></span> <span class='ocrx_word' id='word_1_772' title='bbox 1006 5485 1199 5561; x_wconf 73' lang='lat' dir='ltr'><strong>altero,</strong></span> <span class='ocrx_word' id='word_1_773' title='bbox 1227 5483 1370 5552; x_wconf 88' lang='lat' dir='ltr'><strong>quod</strong></span> <span class='ocrx_word' id='word_1_774' title='bbox 1400 5481 1562 5561; x_wconf 72' lang='lat' dir='ltr'><strong>modo</strong></span> <span class='ocrx_word' id='word_1_775' title='bbox 1591 5480 1728 5534; x_wconf 73' lang='lat' dir='ltr'><strong>dixi.</strong></span> 
     </span>
    </p>
   </div>
   <div class='ocr_carea' id='block_1_103' title="bbox 190 5553 1727 5636">
    <p class='ocr_par' dir='ltr' id='par_1_103' title="bbox 190 5553 1727 5636">
     <span class='ocr_line' id='line_1_103' title="bbox 190 5553 1727 5636; baseline -0.01 -18"><span class='ocrx_word' id='word_1_776' title='bbox 190 5553 316 5636; x_wconf 63' lang='lat' dir='ltr'><strong>(t9)</strong></span> <span class='ocrx_word' id='word_1_777' title='bbox 355 5560 541 5636; x_wconf 67' lang='lat' dir='ltr'><strong>Coib._</strong></span> <span class='ocrx_word' id='word_1_778' title='bbox 557 5574 653 5628; x_wconf 88' lang='lat' dir='ltr'><strong>pro</strong></span> <span class='ocrx_word' id='word_1_779' title='bbox 685 5553 1234 5624; x_wconf 77' lang='grc' dir='ltr'><strong>συνεποίισχύνοντες,</strong></span> <span class='ocrx_word' id='word_1_780' title='bbox 1266 5554 1414 5623; x_wconf 87' lang='lat' dir='ltr'><strong>quod</strong></span> <span class='ocrx_word' id='word_1_781' title='bbox 1444 5554 1549 5605; x_wconf 85' lang='lat' dir='ltr'><strong>huc</strong></span> <span class='ocrx_word' id='word_1_782' title='bbox 1574 5564 1727 5619; x_wconf 84' lang='lat' dir='ltr'><strong>pror-</strong></span> 
     </span>
    </p>
   </div>
   <div class='ocr_carea' id='block_1_104' title="bbox 116 5629 654 5700">
    <p class='ocr_par' dir='ltr' id='par_1_104' title="bbox 116 5629 654 5700">
     <span class='ocr_line' id='line_1_104' title="bbox 116 5629 654 5700; baseline -0.017 -11"><span class='ocrx_word' id='word_1_783' title='bbox 116 5629 217 5691; x_wconf 77' lang='lat' dir='ltr'><strong>sus</strong></span> <span class='ocrx_word' id='word_1_784' title='bbox 243 5629 362 5688; x_wconf 80' lang='lat' dir='ltr'><strong>neu</strong></span> <span class='ocrx_word' id='word_1_785' title='bbox 393 5629 654 5700; x_wconf 83' lang='lat' dir='ltr'><strong>quadrat.</strong></span> 
     </span>
    </p>
   </div>
   <div class='ocr_carea' id='block_1_105' title="bbox 186 5686 1539 5775">
    <p class='ocr_par' dir='ltr' id='par_1_105' title="bbox 186 5686 1539 5775">
     <span class='ocr_line' id='line_1_105' title="bbox 186 5686 1539 5775; baseline -0.012 -15"><span class='ocrx_word' id='word_1_786' title='bbox 186 5686 310 5775; x_wconf 64' lang='grc' dir='ltr'><strong>(5ῡῇ</strong></span> <span class='ocrx_word' id='word_1_787' title='bbox 355 5686 491 5764; x_wconf 67' lang='grc' dir='ltr'><strong>ἐξόν</strong></span> <span class='ocrx_word' id='word_1_788' title='bbox 522 5698 717 5767; x_wconf 78' lang='lat' dir='ltr'><strong>scripsi</strong></span> <span class='ocrx_word' id='word_1_789' title='bbox 756 5710 877 5767; x_wconf 88' lang='lat' dir='ltr'><strong>pro,</strong></span> <span class='ocrx_word' id='word_1_790' title='bbox 901 5695 963 5759; x_wconf 77' lang='grc' dir='ltr'>ἐξ</span> <span class='ocrx_word' id='word_1_791' title='bbox 985 5686 1082 5749; x_wconf 82' lang='grc' dir='ltr'><strong>ὧν.</strong></span> <span class='ocrx_word' id='word_1_792' title='bbox 1113 5692 1275 5750; x_wconf 81' lang='lat' dir='ltr'><strong>Conf.</strong></span> <span class='ocrx_word' id='word_1_793' title='bbox 1301 5702 1415 5747; x_wconf 92' lang='lat' dir='ltr'><strong>not.</strong></span> <span class='ocrx_word' id='word_1_794' title='bbox 1454 5691 1539 5747; x_wconf 69' lang='lat'><strong>54.</strong></span> 
     </span>
    </p>
   </div>
   <div class='ocr_carea' id='block_1_106' title="bbox 451 5809 1017 5894">
    <p class='ocr_par' dir='ltr' id='par_1_106' title="bbox 451 5809 1017 5894">
     <span class='ocr_line' id='line_1_106' title="bbox 451 5809 1017 5894; baseline 0 -21"><span class='ocrx_word' id='word_1_795' title='bbox 451 5814 895 5894; x_wconf 56' lang='lat' dir='ltr'><strong>Panomﬁn.</strong></span> <span class='ocrx_word' id='word_1_796' title='bbox 914 5809 1017 5873; x_wconf 85' lang='lat' dir='ltr'><strong>Cl.</strong></span> 
     </span>
    </p>
   </div>
   <div class='ocr_carea' id='block_1_107' title="bbox 1913 5260 3415 5339">
    <p class='ocr_par' dir='ltr' id='par_1_107' title="bbox 1913 5260 3415 5339">
     <span class='ocr_line' id='line_1_107' title="bbox 1913 5260 3415 5339; baseline -0.007 -18"><span class='ocrx_word' id='word_1_797' title='bbox 1913 5268 2025 5339; x_wconf 78' lang='lat'><strong>(5|)</strong></span> <span class='ocrx_word' id='word_1_798' title='bbox 2062 5268 2137 5321; x_wconf 90' lang='lat' dir='ltr'><strong>Ita</strong></span> <span class='ocrx_word' id='word_1_799' title='bbox 2184 5267 2530 5339; x_wconf 83' lang='lat' dir='ltr'><strong>scribendum</strong></span> <span class='ocrx_word' id='word_1_800' title='bbox 2565 5266 2748 5339; x_wconf 79' lang='lat' dir='ltr'><strong>putavi</strong></span> <span class='ocrx_word' id='word_1_801' title='bbox 2787 5264 3018 5339; x_wconf 76' lang='grc' dir='ltr'><strong>ιιιο,τοῦ</strong></span> <span class='ocrx_word' id='word_1_802' title='bbox 3051 5260 3415 5339; x_wconf 55' lang='grc' dir='ltr'><strong>στερῆσαίτι,</strong></span> 
     </span>
    </p>
   </div>
   <div class='ocr_carea' id='block_1_108' title="bbox 1840 5330 3418 5407">
    <p class='ocr_par' dir='ltr' id='par_1_108' title="bbox 1840 5330 3418 5407">
     <span class='ocr_line' id='line_1_108' title="bbox 1840 5330 3418 5407; baseline -0.005 -16"><span class='ocrx_word' id='word_1_803' title='bbox 1840 5330 1986 5407; x_wconf 75' lang='lat' dir='ltr'><strong>quod</strong></span> <span class='ocrx_word' id='word_1_804' title='bbox 2008 5330 2189 5392; x_wconf 50' lang='lat' dir='ltr'><strong>&#39;Culsl.</strong></span> <span class='ocrx_word' id='word_1_805' title='bbox 2224 5347 2276 5391; x_wconf 89' lang='lat' dir='ltr'><strong>ct</strong></span> <span class='ocrx_word' id='word_1_806' title='bbox 2293 5351 2412 5407; x_wconf 89' lang='lat' dir='ltr'><strong>pro,</strong></span> <span class='ocrx_word' id='word_1_807' title='bbox 2438 5338 2499 5390; x_wconf 82' lang='grc' dir='ltr'><strong>τὸ</strong></span> <span class='ocrx_word' id='word_1_808' title='bbox 2551 5330 2817 5407; x_wconf 67' lang='grc' dir='ltr'><strong>στερῆσαι</strong></span> <span class='ocrx_word' id='word_1_809' title='bbox 2851 5353 2923 5397; x_wconf 89' lang='grc' dir='ltr'><strong>τι,</strong></span> <span class='ocrx_word' id='word_1_810' title='bbox 2960 5333 3105 5403; x_wconf 84' lang='lat' dir='ltr'><strong>quod</strong></span> <span class='ocrx_word' id='word_1_811' title='bbox 3136 5330 3291 5386; x_wconf 81' lang='lat' dir='ltr'><strong>Colb.</strong></span> <span class='ocrx_word' id='word_1_812' title='bbox 3314 5330 3418 5383; x_wconf 82' lang='lat' dir='ltr'><strong>ba-</strong></span> 
     </span>
    </p>
   </div>
   <div class='ocr_carea' id='block_1_109' title="bbox 1839 5413 2900 5550">
    <p class='ocr_par' dir='ltr' id='par_1_109' title="bbox 1839 5413 2900 5550">
     <span class='ocr_line' id='line_1_109' title="bbox 1839 5413 2900 5550; baseline -0.008 -16"><span class='ocrx_word' id='word_1_813' title='bbox 1839 5413 2016 5550; x_wconf 53' lang='grc' dir='ltr'><strong>ὺθξέᾶἓ)</strong></span> <span class='ocrx_word' id='word_1_814' title='bbox 2046 5476 2159 5533; x_wconf 78' lang='lat' dir='ltr'><strong>Hoc</strong></span> <span class='ocrx_word' id='word_1_815' title='bbox 2176 5478 2341 5550; x_wconf 87' lang='lat' dir='ltr'><strong>malui</strong></span> <span class='ocrx_word' id='word_1_816' title='bbox 2370 5492 2468 5550; x_wconf 90' lang='lat' dir='ltr'><strong>pro</strong></span> <span class='ocrx_word' id='word_1_817' title='bbox 2490 5478 2900 5550; x_wconf 79' lang='grc' dir='ltr'><strong>ἁναριπήσειεν.</strong></span> 
     </span>
    </p>
   </div>
   <div class='ocr_carea' id='block_1_110' title="bbox 1914 5545 3415 5623">
    <p class='ocr_par' dir='ltr' id='par_1_110' title="bbox 1914 5545 3415 5623">
     <span class='ocr_line' id='line_1_110' title="bbox 1914 5545 3415 5623; baseline -0.005 -20"><span class='ocrx_word' id='word_1_818' title='bbox 1914 5545 2027 5619; x_wconf 71' lang='grc'>(55)</span> <span class='ocrx_word' id='word_1_819' title='bbox 2061 5545 2395 5623; x_wconf 31' lang='grc' dir='ltr'><strong>φυή-εριιρεὶ</strong></span> <span class='ocrx_word' id='word_1_820' title='bbox 2431 5563 2552 5616; x_wconf 83' lang='lat' dir='ltr'><strong>pro,</strong></span> <span class='ocrx_word' id='word_1_821' title='bbox 2599 5545 2765 5623; x_wconf 52' lang='grc' dir='ltr'><strong>ἐρατή.</strong></span> <span class='ocrx_word' id='word_1_822' title='bbox 2800 5547 2877 5598; x_wconf 86' lang='lat' dir='ltr'><strong>Ita</strong></span> <span class='ocrx_word' id='word_1_823' title='bbox 2913 5545 3070 5623; x_wconf 73' lang='lat' dir='ltr'><strong>jubet</strong></span> <span class='ocrx_word' id='word_1_824' title='bbox 3098 5552 3153 5597; x_wconf 90' lang='lat' dir='ltr'><strong>ct</strong></span> <span class='ocrx_word' id='word_1_825' title='bbox 3197 5553 3415 5606; x_wconf 80' lang='lat' dir='ltr'><strong>sensus,</strong></span> 
     </span>
    </p>
   </div>
   <div class='ocr_carea' id='block_1_111' title="bbox 1837 5618 3131 5688">
    <p class='ocr_par' dir='ltr' id='par_1_111' title="bbox 1837 5618 3131 5688">
     <span class='ocr_line' id='line_1_111' title="bbox 1837 5618 3131 5688; baseline -0.009 -12"><span class='ocrx_word' id='word_1_826' title='bbox 1837 5632 1889 5676; x_wconf 89' lang='lat' dir='ltr'><strong>ct</strong></span> <span class='ocrx_word' id='word_1_827' title='bbox 1922 5618 2149 5676; x_wconf 74' lang='lat' dir='ltr'><strong>Verbum</strong></span> <span class='ocrx_word' id='word_1_828' title='bbox 2174 5618 2492 5688; x_wconf 83' lang='grc' dir='ltr'><strong>ἐκφύονται,</strong></span> <span class='ocrx_word' id='word_1_829' title='bbox 2532 5619 2676 5688; x_wconf 82' lang='lat' dir='ltr'><strong>quod</strong></span> <span class='ocrx_word' id='word_1_830' title='bbox 2714 5631 2839 5670; x_wconf 84' lang='lat' dir='ltr'><strong>mox</strong></span> <span class='ocrx_word' id='word_1_831' title='bbox 2863 5618 3131 5683; x_wconf 86' lang='lat' dir='ltr'><strong>sequitur.</strong></span> 
     </span>
    </p>
   </div>
   <div class='ocr_carea' id='block_1_112' title="bbox 2938 5794 3017 5853">
    <p class='ocr_par' dir='ltr' id='par_1_112' title="bbox 2938 5794 3017 5853">
     <span class='ocr_line' id='line_1_112' title="bbox 2938 5794 3017 5853; baseline 0 0"><span class='ocrx_word' id='word_1_832' title='bbox 2938 5794 3017 5853; x_wconf 78' lang='lat'><strong>23</strong></span> 
     </span>
    </p>
   </div>
  </div>
