3846 6188
427 270 533 335 707
1592 254 1854 317 PIIOTII
1892 250 2397 312 PATRIARCI—I/E
2427 250 2532 310 CP.’
3561 250 3654 317 703

430 383 525 437 sed
559 377 736 449 gratia
775 372 1113 430 confercntis
1142 371 1325 434 habet,
1368 371 1521 440 quod
1556 371 1793 423 maxime
1838 368 2019 422 admi-

2177 366 2244 430 ξδν
2289 364 2402 435 (54)
2437 361 2736 434 τρέφεσθαι
2780 360 2883 415 οὑκ
2924 360 3204 432 ἐτρέφετο,
3235 360 3393 433 ἔργον
3446 363 3539 433 μὲν
3577 368 3663 420 ἒπ-

430 488 639 529 retnur.
672 470 824 537 Quod
874 482 1038 538 porro
1088 466 1289 519 Paulus
1332 479 1398 518 cx
1448 462 1744 532 Evangelio
1804 460 2009 514 victum

2177 455 2337 510 ,νετδν
2387 456 2482 508 κα¹ί⁸
2530 455 2821 525 μακάριον.
2863 454 2977 509 Ἰνα
3004 454 3112 526 γὰρ
3148 454 3224 524 μὴ
3256 453 3421 525 λαϐὴν
3453 455 3555 525 (55)
3600 456 3662 525 δῷ

429 564 534 618 sibi
573 578 678 617 non
710 560 1006 631 paraverit,
1044 571 1167 611 cum
1207 564 1386 609 tamen
1430 552 1718 623 potuisset,
1767 551 1818 604 id
1854 549 2013 604 laude

2177 551 2232 613 ιῖς
2267 548 2376 620 (56)
2413 549 2670 619 ζητοῦσιν
2694 548 2883 607 αἰτίαν
2930 548 3133 618 εὑρεῖν,
3167 546 3265 616 τῆς
3304 546 3541 610 ἐξουσίας
3577 549 3663 616 ἀφ-

431 655 655 725 quidem
708 653 932 721 dignum
958 658 1098 711 erat,
1146 647 1359 717 ipsique
1410 641 1772 701 salutarc.Ne
1803 641 2015 696 scilicet

2177 658 2328 696 τατο.
2385 640 2662 695 Δεσπότου
2706 641 2763 694 δὲ
2817 639 3097 693 κάνταῦθα
3153 640 3665 710 περιφρουρούμενος

431 743 763 803 criminandi
825 742 1176 798 occasionem
1208 739 1434 799 faceret,
1494 738 1590 807 qui
1625 751 1741 790 eam
1775 733 2011 790 sollicite

2177 734 2333 805 ιτολῇ,
2380 733 2449 787 δι’
2498 745 2590 805 ης,
2653 732 2757 787 κᾶν
2806 732 2956 803 νόμῳ
3014 732 3109 785 καὶ
3169 730 3331 801 φύσει
3376 730 3539 785 πολλὰ
3584 732 3665 785 τοῦ

434 839 777 910 quaerebant,
835 850 866 890 a
906 835 1157 890 libertate
1200 832 1302 886 hac
1345 828 1633 894 abstinuit,
1686 828 1852 883 etiam
1919 827 2007 882 hic

2177 825 2387 898 ράττειν
2427 824 2704 897 ἐλεύθεροί
2732 825 2900 895 ἐσμεν
2921 864 2936 889 ,
2968 822 3029 876 τὸ
3067 825 3178 887 τοῖς
3210 823 3439 893 πλησίον
3468 824 3665 878 σκάνδα·

436 932 653 987 Domini
690 929 775 985 sui
806 938 1079 999 praecepto
1114 925 1382 989 munitus,
1434 922 1527 991 qui
1577 936 1635 975 rc
1669 920 1786 990 ipsa
1820 920 2011 975 admo-

2177 936 2210 972 ιν
2260 918 2653 989 ἀντιπαραθεὶς
2704 916 2853 988 έργῳ
2898 915 3281 987 προὺτρέψατο
3309 916 3409 987 τῆς
3447 915 3664 979 ἐξουσίας

437 1019 578 1083 nuit,
637 1025 715 1079 ut,
771 1015 1028 1085 quamvis
1086 1028 1183 1083 per
1222 1012 1395 1080 legem
1437 1018 1493 1064 et
1542 1018 1793 1063 naturam
1839 1008 2011 1063 multa

2177 1027 2278 1079 (EW
2308 1008 2525 1082 σχολήν.
2558 1008 2705 1063 «Ἵνα
2729 1009 2838 1079 γὰρ
2866 1007 2942 1079 μὴ
2974 1007 3421 1078 σκανδαλίσωμεν
3476 1007 3665 1073 αὐτοὺς,

439 1106 619 1162 facere
644 1105 804 1162 nobis
828 1105 1010 1166 liceat,
1041 1100 1305 1158 scandalo
1347 1108 1551 1165 tamen,
1589 1098 1735 1169 quod
1760 1100 2014 1169 proximo

2177 1101 2311 1172 qolv,
2340 1100 2631 1174 πορευθεὶς
2658 1102 2739 1165 είς
2772 1100 3074 1168 θάλασσαν,
3103 1099 3233 1170 βάλε
3258 1100 3564 1169 ἄγκιστρον,
3590 1102 3666 1153 καὶ

438 1200 603 1269 objici
646 1197 839 1267 possit,
899 1196 1219 1265 recogitato,
1269 1208 1297 1246 a
1329 1193 1582 1247 libertate
1605 1192 1693 1246 illa
1734 1191 2017 1247 abstinea-

2177 1210 2215 1247 ιν
2250 1192 2619 1247 ἀναϐαίνοντα
2650 1192 2870 1264 πρῶτον
2902 1191 3058 1263 ίχθὺν
3091 1187 3246 1263 ἆρον,
3277 1192 3371 1245 καὶ
3396 1192 3597 1257 ἀνοίξας
3619 1192 3668 1244 τδ

439 1301 587 1339 mus.
650 1302 668 1335 ι
729 1282 809 1337 Ne
866 1282 1031 1346 enim,
1088 1280 1281 1351 inquit,
1343 1280 1683 1336 oll‘endamus
1736 1280 1881 1346 illos,
1931 1280 2021 1335 abi

2177 1285 2299 1355 πόμα
2330 1283 2523 1350 αὑτοῦ,
2562 1284 2815 1355 εὑρήσεις
2844 1285 3111 1355 στατῆρα.
3129 1284 3369 1337 Ἐκεῖνον
3398 1280 3668 1346 λαόὼν,δδς

441 1378 509 1431 ad
543 1391 713 1441 mare,
740 1375 943 1445 projice
977 1374 1225 1440 hamum,
1254 1373 1382 1429 tolle
1406 1373 1631 1444 piscem,
1661 1373 1755 1444 qui
1802 1374 2019 1444 primus

2177 1377 2309 1441 ὅτοῖς
2354 1377 2477 1430 ἀντῖ¹
2502 1374 2640 1446 ἐμοῦ
2675 1376 2771 1429 καὶ
2797 1374 2913 1429 σοῦ.
2948 1394 2968 1429 ι
3026 1374 3169 1429 Ἀλλ’
3222 1373 3485 1443 ἐπαινετὴ
3523 1374 3611 1443 μὲν
3642 1375 3670 1442 ή

440 1466 713 1532 ascendit,
744 1475 793 1519 et
832 1480 1020 1535 quem,
1049 1474 1239 1536 aperto
1264 1479 1362 1520 ore
1399 1464 1541 1535 ejus,
1575 1464 1858 1520 inveneris
1903 1473 2018 1520 sta-

2177 1467 2340 1523 αύλου
2372 1468 2574 1539 πρᾶξις
2625 1466 2767 1539 (πῶς
2808 1466 2919 1537 γὰρ
2964 1464 3027 1519 οῦ
3055 1465 3119 1537 ;),
3170 1464 3326 1519 οὐδὲν
3347 1464 3394 1517 δ’
3436 1462 3670 1532 ἐχέγγυον

445 1569 638 1623 lcrem,
672 1558 825 1611 illum
857 1557 1047 1627 accipe
1073 1566 1128 1612 et
1152 1557 1282 1613 dato
1319 1557 1428 1612 illis
1458 1571 1557 1627 pro
1589 1572 1678 1613 me
1711 1566 1765 1612 et
1811 1566 1864 1612 te
1888 1558 2018 1611 δ”.»

2177 1563 2478 1632 ιρεχομένη
2509 1559 2647 1630 πρὸς
2672 1557 2735 1612 τὸ
2770 1557 3069 1629 ὑστερῆσαι
3106 1574 3160 1611 τι
3193 1557 3285 1611 τὸν
3322 1555 3566 1627 Χριστόν.
3591 1555 3673 1607 Διά
3715 1630 3723 1639 .

440 1648 665 1705 Interim
700 1650 817 1704 haec
868 1649 1023 1703 Pauli
1075 1650 1221 1705 actio
1268 1648 1485 1703 laudem
1518 1656 1884 1717 promeretur.
1916 1645 2022 1714 Qui

2177 1651 2259 1706 36v
2308 1652 2437 1716 τοὺς
2494 1649 2820 1721 εἰρημένους
2880 1649 3177 1721 λογισμοὺς
3228 1648 3331 1702 οὐκ
3383 1645 3672 1716 ἀγαπῶντες

443 1742 589 1796 enim
640 1742 800 1796 non?
846 1740 1068 1796 Nullum
1119 1752 1302 1795 tamen
1346 1749 1729 1811 argumentum
1777 1748 2022 1810 praestat,

2177 1760 2264 1797 ιιοι
2290 1742 2352 1796 τὸ
2374 1742 2560 1814 ῥηθὲν,
2587 1744 2671 1806 είς
2695 1742 2891 1814 ἑτέραν
2913 1741 3075 1806 δόξαν
3097 1742 3296 1809 ἄγουσι
3321 1739 3384 1793 τὸ
3408 1738 3582 1809 ῥητὸν,
3597 1739 3674 1790 καὶ

452 1848 563 1903 quo
597 1842 818 1888 constet
868 1833 1091 1888 Christo
1142 1832 1442 1903 quidquam
1485 1831 1749 1889 deluisse.
1802 1832 2031 1903 Propter

2177 1835 2196 1890 5
2225 1835 2513 1907 ὑστέρημα
2548 1833 2766 1903 λέγουσι
2808 1833 2926 1889 νυνὶ
2954 1832 3199 1888 τοιοῦτον
3239 1830 3596 1887 ἀναπτύσσειν
3626 1828 3676 1881 τὸ

450 1925 629 1980 dictas
654 1924 838 1994 itaque
861 1924 1103 1979 rationes
1131 1925 1403 1989 nonnulli,
1436 1924 1580 1980 hanc
1602 1925 1737 1981 dicti
1764 1925 2032 1994 vocisque

2177 1928 2557 2000 ημαινόμενονο
2596 1925 2759 1999 Τρεῖς
2787 1927 2896 1980 είσι
2923 1926 3035 1981 τῶν
3064 1923 3460 1996 πραττομένων
3486 1922 3539 1975 al
3566 1921 3678 1990 πρά·

456 2016 745 2087 ὑστερήμα
800 2016 1077 2071 notionem
1130 2024 1468 2083 aversantes,
1527 2018 1691 2072 aliam
1768 2017 2029 2086 all‘erunt,

2177 2037 2267 2084 εις.
2300 2018 2383 2072 Τὰ
2410 2018 2511 2090 μὲν
2536 2017 2644 2090 γὰρ
2670 2010 2851 2071 αὐτῶν
2883 2018 2999 2070 ἔστι
3032 2016 3223 2088 μείζω,
3256 2016 3329 2068 τά
3366 2015 3422 2067 δὲ
3450 2012 3596 2083 μέσα,
3620 2011 3676 2062 τὰ

450 2118 507 2161 et
569 2116 887 2176 sequentem
924 2108 1250 2163 sententiam
1320 2108 1620 2180 signiﬁcari
1667 2113 2028 2166 contendunt.

2177 2123 2190 2166 ι
2214 2112 2311 2184 τὴν
2335 2112 2575 2181 ὑστάτην
2606 2112 2877 2181 ἀπείληφε
2911 2110 3116 2182 χώραν.
3144 2110 3218 2163 Τὸ
3243 2108 3378 2179 γοῦν
3403 2107 3571 2161 εἰπεῖν
3602 2104 3677 2157 τὸν

447 2197 583 2253 Tria
619 2205 751 2253 sunt
802 2213 1018 2265 eorum,
1048 2215 1170 2269 qua:
1215 2210 1337 2254 acta
1395 2212 1574 2266 erant,
1626 2218 1849 2269 genera.
1906 2204 2028 2258 Alia

2177 2204 2421 2257 εσπέσιον
2464 2202 2678 2256 Παῦλον
2700 2241 2717 2267 ,
2752 2204 2834 2256 ὅτι
2870 2220 2889 2253 ι
2928 2201 3011 2255 Τά
3052 2202 3409 2272 ὑστερήματα
3456 2198 3559 2251 τῶν
3586 2197 3681 2248 θλί-

449 2292 596 2342 ιιιιίιη
631 2296 760 2343 sunt
810 2288 1045 2358 majora,
1080 2288 1187 2343 alia
1228 2290 1428 2357 media,
1455 2292 1563 2346 alia
1605 2308 1734 2347 vero
1774 2294 2028 2347 ultimum

2177 2312 2280 2349 εων
2314 2294 2409 2348 τοῦ
2432 2294 2669 2366 Χριστοῦ
2697 2295 2808 2365 (57)
2836 2295 2895 2348 ἐν
2925 2297 2993 2365 τῇ
3023 2295 3187 2365 σαρκί
3218 2311 3324 2365 μου
3354 2290 3675 2360 ave-lange...

453 2382 633 2435 locum
683 2387 924 2435 tuentur.
955 2380 1187 2447 Quando
1222 2381 1407 2452 itaque
1458 2383 1620 2439 divus
1667 2384 1868 2440 Paulus
1911 2388 2025 2442 ait:

2177 2388 2425 2459 ημαίνειν
2469 2387 2625 2458 φασὶ,
2664 2388 2749 2442 ὅτι
2790 2386 2871 2441 Τὰ
2916 2386 3128 2441 ὕστατα
3176 2386 3287 2440 τῶν
3341 2382 3564 2452 θλίψεων
3603 2380 3681 2433 τοῦ

457 2493 475 2525 ι
518 2473 905 2544 ’Υστερήματα
934 2473 1258 2542 passionum
1305 2474 1507 2530 Christi
1539 2476 1591 2529 in
1620 2489 1852 2546 corpore
1906 2492 2031 2531 meo

2177 2480 2376 2552 ζριστοῦ
2430 2480 2524 2534 καὶ
2578 2478 2678 2547 τὴν
2726 2479 2965 2550 ἐσχάτην
2992 2478 3256 2548 ἐπέχοντα
3290 2476 3498 2548 χώραν,
3538 2471 3685 2527 ταῦτα

454 2565 745 2635 suppleo,»
808 2574 1091 2635 postrema
1150 2566 1470 2635 passionum
1526 2566 1751 2633 Christi,
1814 2578 1868 2622 et
1900 2568 2032 2622 ulti-

2177 2572 2249 2640 γὼ
2272 2572 2330 2624 ὲν
2358 2572 2436 2640 τῷ
2472 2571 2684 2642 σώματί
2718 2589 2821 2643 μου
2848 2571 3147 2643 ἀναπληρῶ
3165 2569 3305 2641 (58)⁶
3336 2569 3589 2633 τουτέστι,
3617 2568 3684 2620 τὰ

455 2674 602 2712 mum
634 2659 812 2715 locum
844 2659 1191 2729 occupantia,
1236 2674 1361 2713 eum
1410 2660 1638 2715 innuere
1684 2660 1858 2726 aiunt,
1906 2670 2030 2714 tan-

2177 2661 2249 2733 μά
2298 2661 2450 2732 πάθη
2483 2660 2735 2715 τοσοῦτον
2764 2661 2959 2732 ἀπέχει
2994 2660 3089 2715 τοῦ
3119 2657 3562 2732 παραϐάλλεσθαι
3592 2657 3684 2718 τοῖς

452 2764 616 2819 quam
656 2766 779 2819 quae
813 2751 866 2804 in
904 2765 1136 2821 corpore
1172 2766 1275 2807 suo
1305 2751 1556 2821 suppleat
1583 2767 1600 2817 ;
1628 2753 1782 2821 quasi
1804 2752 2029 2818 diceret,

2177 2752 2415 2824 ζριστοῦ,
2463 2753 2603 2807 ὥστε
2637 2754 2698 2807 οὺ
2751 2753 2911 2824 μόνον
2953 2753 3052 2823 τὴν
3084 2752 3198 2823 (59)
3243 2752 3389 2823 πρὸς
3433 2750 3499 2804 τὰ
3542 2748 3686 2819 μείζω

450 2840 804 2896 Calatnitates
846 2856 1002 2909 meat,
1055 2850 1268 2898 tantum
1307 2844 1483 2909 abest,
1523 2853 1582 2897 ut
1635 2858 1761 2897 cum
1825 2842 2031 2899 Christi

2177 2843 2430 2915 ύγκρισιν
2456 2844 2518 2896 οὑ
2549 2843 2733 2914 τολμῶ
2770 2842 2905 2914 (60),
2932 2842 3049 2896 ἀλλ’
3076 2841 3197 2895 οὐδὲ
3223 2843 3344 2904 τοῖς
3378 2839 3555 2911 μέσοις
3582 2854 3686 2890 σνν-

450 2935 559 2990 illis
588 2935 896 3005 comparari
925 2935 1161 3005 possint,
1194 2935 1393 2991 utillas
1419 2949 1527 2989 non
1561 2949 1687 2989 cum
1725 2933 2031 3004 majoribus

2177 2935 2450 2999 άττεσθαι,
2478 2937 2593 2999 τοῖς
2621 2936 2875 2999 ὑστάτοις
2898 2936 2955 2989 δὲ
2985 2935 3081 2988 καὶ
3108 2932 3469 2997 τελευταίοις,
3497 2932 3686 2999 ἀγαπη-

447 3040 772 3095 comparare
799 3027 1053 3092 audeam,
1079 3028 1191 3082 imo
1216 3042 1316 3083 nec
1343 3043 1469 3082 cum
1499 3028 1692 3083 mediis
1721 3028 2026 3094 conferam,

2177 3028 2230 3084 δν
2259 3030 2382 3100 ἐμοὶ
2407 3028 2469 3082 τὸ
2506 3026 2976 3094 συνεξετάζεσθαι.
2999 3027 3169 3081 Ὅσον
3195 3026 3309 3098 γὰρ
3334 3026 3402 3080 ἂν
3430 3023 3685 3096 ἀνθρώπου

453 3119 545 3171 sed
573 3131 697 3172 cum
728 3116 934 3171 ultimis
963 3125 1177 3172 tantum
1200 3126 1254 3172 et
1287 3120 1583 3187 postremis
1616 3118 2031 3190 conjungendas

2178 3079 2492 3191 sagas...
2516 3079 2794 3189 'x'..;..'¢'
2820 3079 3003 3190 πρὲιξξι
3032 3079 3129 3173 καὶ
3163 3079 3319 3188 πάθῇ
3368 3079 3688 3189 (61)..οὑδέν

451 3218 577 3258 esse
621 3218 899 3259 censeam.
942 3203 1296 3273 Quaecunque
1350 3202 1496 3260 enim
1552 3207 1792 3262 hominis
1836 3217 2033 3261 natura

2177 3226 2290 3263 στιν
2335 3206 2607 3274 ἀντάξιον,
2644 3207 2756 3262 οὐδ’
2789 3208 2954 3277 ἐγγὺς
2978 3247 2995 3275 ,
3040 3201 3116 3263 ὧν
3161 3208 3330 3272 αὑτὸς
3382 3209 3518 3278 ὑπὲρ
3553 3205 3687 3277 ἡμῶν

469 3310 569 3365 pro
601 3294 821 3351 Christo
856 3296 941 3350 vel
970 3296 1156 3362 faciat,
1195 3296 1281 3353 vel
1332 3298 1595 3367 patiatur,
1644 3314 1837 3353 eorum
1895 3298 2035 3353 nihil
2137 3296 2364 3352 ἔπαθεν.

453 3400 559 3455 est,
610 3391 754 3460 quod
817 3392 873 3445 in
905 3392 1159 3448 eumdem
1203 3408 1428 3450 censum
1479 3395 1667 3449 venire
1717 3393 1915 3464 possit,
1969 3407 2070 3450 nec
2106 3393 2408 3465 quidquam
2467 3392 2535 3447 ad
2570 3392 2663 3449 illa
2698 3393 2931 3461 accedit,
2967 3408 3091 3464 qum
3142 3392 3261 3463 ipse
3287 3407 3389 3464 pro
3439 3390 3591 3446 nobis
3618 3395 3689 3444 est

455 3500 714 3555 perpessu
723 3502 769 3540 s.
3087 3556 3093 3561 .

519 3578 687 3633 Multa
724 3594 854 3634 vero
884 3588 1035 3648 sunt,
1065 3580 1221 3637 aiunt
1240 3581 1339 3647 illi,
1363 3597 1484 3652 quae
1509 3582 1624 3639 haec
1645 3582 1885 3656 cogitata
1906 3597 2039 3641 con-

2212 3583 2389 3638 Πολλὰ
2402 3583 2447 3636 δ’
2461 3583 2527 3637 ἀν
2544 3584 2650 3655 εἴη,
2666 3585 2851 3653 φασιν,
2870 3585 2936 3655 τῇ
2950 3582 3175 3654 τοιαύτῃ
3193 3581 3688 3655 συνᾴδονταθεωρίᾳ.

466 3671 712 3724 lirment.
751 3669 896 3743 «Ego
946 3672 1092 3727 enim
1125 3688 1271 3739 sum,
1308 3673 1483 3743 inquit
1513 3674 1833 3744 Apostolus,
1862 3685 2042 3731 extre-

2187 3674 2331 3744 Ἐγὼ
2345 3676 2453 3746 γάρ
2477 3676 2615 3745 είμι,
2638 3674 3095 3745 φησὶ,ἀπόστολος
3112 3676 3140 3727 ὁ
3162 3674 3448 3746 ἐλάχιστος
3462 3673 3563 3727 τῶν
3578 3674 3691 3727 ἀπο-

456 3777 582 3816 ntus
630 3766 1046 3833 apostolorum,
1090 3781 1191 3821 nec
1245 3766 1443 3836 dignus
1498 3768 1593 3838 qui
1624 3782 1788 3824 vocer
1820 3778 2042 3840 aposto-

2177 3766 2375 3833 τόλων,
2405 3768 2500 3821 καὶ
2531 3768 2633 3821 οὐκ
2666 3767 2784 3837 εἰμὶ
2820 3764 3003 3830 ἱκανὸς
3032 3765 3322 3820 καλεῖσθαι
3363 3766 3684 3827 ἀπόστολοςοι

458 3852 543 3909 lus
565 3855 611 3884 ¹¹⁰
640 3871 653 3907 :
688 3873 706 3906 ι
750 3855 911 3919 item,
943 3873 961 3905 ι
994 3853 1330 3925 Persequor,
1368 3867 1426 3910 ut
1453 3871 1716 3927 assequar
1736 3858 1780 3889 ⁹¹
1808 3874 1826 3925 ;
1859 3878 1878 3911 ι
1932 3872 2035 3914 nec

2177 3856 2260 3922 .al,
2284 3875 2301 3907 ι
2314 3858 2506 3909 Διώκω
2522 3858 2571 3909 εἰ
2588 3858 2683 3911 καὶ
2698 3855 3016 3911 καταλάϐω.
3028 3875 3048 3909 ν
3071 3857 3202 3922 Kal,
3223 3875 3242 3907 ι
3260 3858 3325 3909 ὐ
3341 3858 3440 3925 τὴν
3456 3856 3690 3926 νέκρωσιν

454 3958 567 3999 non
615 3961 629 3997 :
665 3963 683 3996 ι
716 3944 940 4000 Mortem
991 3945 1118 4001 Jesu
1164 3950 1473 4018 incorpore
1520 3948 1936 4017 circumferens,
1974 3958 2035 4006 ut

2177 3945 2239 3999 οῦ
2285 3947 2461 4017 Ἰησοῦ
2491 3950 2547 4001 ὲν
2584 3948 2663 4019 τῷ
2692 3947 2907 4019 σώματι
2934 3948 3274 4018 περιφέρων,
3310 3948 3398 4001 ἵνα
3432 3948 3522 4000 καὶ
3544 3947 3574 4015 ή
3596 3946 3688 4011 ζωὴ

455 4036 620 4089 etiam
666 4036 773 4090 vita
818 4037 944 4092 Jesu
978 4039 1032 4093 in
1069 4054 1301 4109 corpore
1348 4040 1468 4111 ejus
1510 4040 1978 4097 manilestetur".
2009 4060 2028 4095 ι

2177 4039 2238 4093 οῦ
2278 4040 2456 4111 Ἰησοῦ
2499 4042 2559 4094 ὲν
2587 4042 2665 4112 τῷ
2712 4042 2925 4114 σώματι
2971 4041 3139 4095 αὑτοῦ
3183 4040 3497 4112 φανερωθῇ.
3538 4061 3556 4092 ι
3587 4036 3689 4100 Πῶς

457 4127 747 4193 Quomodo
779 4128 963 4199 itaque
994 4130 1197 4186 Paulus
1231 4130 1379 4186 illius
1400 4169 1415 4195 ,
1448 4132 1543 4202 qui
1569 4134 1754 4187 omnia
1780 4133 1952 4204 gratis
1979 4141 2035 4190 et

2177 4131 2239 4185 οῦ
2288 4131 2399 4202 (62)
2449 4133 2627 4187 πάντα
2662 4136 2865 4204 προῖκα
2897 4133 2992 4187 καὶ
3020 4134 3233 4203 δωρεὰν
3280 4132 3577 4202 πράξαντος
3612 4128 3689 4180 καὶ

460 4228 645 4273 nostra
681 4234 845 4274 causa
880 4198 1011 4275 l‘ccit
1045 4230 1099 4276 et
1144 4223 1409 4277 sustinuit
1434 4198 1758 4293 ,vreliquias
1783 4198 2033 4295 vsupple-

2177 4198 2410 4286 ςαθόντος
2439 4198 2733 4295 ὑπέστημα
2779 4224 2893 4296 (63)
2937 4198 3141 4293 λέγοιτ’
3185 4224 3253 4278 ἂν
3306 4198 3687 4293 ἀναπληρῶσαι,

460 4315 607 4367 visse
635 4315 742 4369 dici
781 4330 1019 4386 unquam
1046 4318 1265 4386 potest?
1303 4316 1483 4373 Taceo
1530 4320 1635 4373 alia
1679 4320 1764 4374 his
1809 4320 2032 4375 similia.

2179 4313 2239 4367 al
2288 4314 2462 4368 πολλά
2506 4316 2772 4380 τοιαῦτα;
2808 4317 2918 4371 Kal
2958 4316 3080 4371 λίαν
3112 4317 3211 4389 μὲν
3239 4313 3309 4388 ἦν
3346 4316 3689 4387 ἁρμοζόμενον

459 4400 580 4454 .lam
614 4402 768 4457 valde
798 4404 1017 4473 quidem
1055 4406 1328 4474 posterior
1357 4407 1473 4462 haec
1512 4409 1785 4478 expositio
1819 4410 1895 4463 rei
1932 4409 2036 4478 ipsi

2177 4406 2202 4459 ὺ
2233 4408 2332 4477 τῆς
2360 4407 2623 4479 δευτέρας
2654 4409 2893 4473 διανοίας
2918 4407 3087 4475 εἶδος,
3144 4411 3195 4463 εί
3237 4412 3315 4482 μὴ
3348 4405 3603 4479 πολλαχοῦ
3637 4404 3689 4457 τὺ

458 4504 825 4549 consentanea
860 4504 980 4549 erat
1011 4495 1193 4551 futura
1215 4536 1231 4564 ,
1260 4498 1367 4551 nisi
1396 4514 1497 4552 vox
1530 4499 1818 4571 ὑστέρημα
1849 4500 1904 4554 in
1926 4498 2035 4556 Ve-

2181 4500 2430 4571 στέρημα
2459 4502 2516 4553 έν
2548 4519 2607 4554 τε
2654 4505 2717 4573 τῇ
2752 4502 2961 4573 Παλαιᾷ
3003 4504 3099 4556 καὶ
3136 4506 3204 4574 τῇ
3254 4502 3372 4572 Νέᾳ
3423 4500 3688 4570 φερόμενον

464 4584 562 4637 tcri
604 4594 657 4638 et
684 4583 836 4639 Novo
874 4584 1073 4642 Codice
1114 4586 1430 4659 frequenter
1454 4602 1786 4646 occurreret.
1825 4611 1844 4643 ι
1883 4591 2037 4646 Nun-

2177 4592 2357 4663 ’ραφῇ.
2391 4611 2410 4643 ι
2442 4595 2530 4663 Μή
2574 4611 2715 4656 τινος
2731 4595 2869 4665 γὰρ,
2901 4598 3100 4666 φησιν,
3136 4597 3473 4666 ὑστερήσατε
3498 4610 3512 4660 ;
3541 4611 3557 4644 ι
3589 4588 3684 4649 καὶ.

459 4676 614 4743 quid,
650 4678 846 4747 inquit,
866 4678 1021 4733 vobis
1047 4678 1327 4735 defuit"?
1356 4699 1374 4732 ι
1412 4682 1475 4737 Et
1501 4700 1516 4738 :
1548 4701 1566 4733 ι
1596 4681 1705 4739 Nec
1734 4685 2035 4754 quidquam

2202 4683 2315 4737 Οὐκ
2346 4683 2492 4739 ἔστιν
2519 4686 2925 4757 ὑστέρηματοῖς
2942 4688 3295 4757 φοϐουμένοις
3316 4686 3497 4741 αὐτόν.
3526 4703 3544 4735 ι
3577 4680 3684 4742 Καὶ,

462 4763 645 4816 delicit
688 4765 1004 4821 timentibus
1037 4767 1188 4821 illum
1216 4768 1315 4819 “.D
1356 4766 1459 4822 Et:
1500 4787 1518 4821 t
1542 4767 1661 4825 Non
1702 4783 1835 4842 puto
1873 4773 2033 4843 quid-

2215 4779 2519 4848 Λογίζομαι
2544 4780 2654 4850 γὰρ
2689 4780 2857 4852 μηδὲν
2886 4782 3267 4853 ὑστερηκέναι.
3292 4800 3312 4834 ι
3345 4781 3475 4844 Kal,
3500 4776 3688 4830 ι’Υστι·

538 4874 819 4932 "‘Matth.
847 4894 979 4948 xvn,
1008 4879 1101 4937 27.
1176 4883 1222 4915 ³ο
1257 4881 1279 4937 ι
1310 4882 1436 4941 Cor.
1471 4900 1560 4951 xv,
1597 4887 1650 4941 9.
1724 4886 1766 4919 ⁸³
1806 4886 2042 4959 Philipp.

465 4956 652 5011 xxxiv,
682 4948 765 5003 l0.

2177 4892 2284 4964 ΑΞ.
2361 4895 2407 4927 ⁹¹
2431 4894 2473 4949 ll
2493 4892 2623 4951 Cor.
2666 4908 2741 4964 tv,
2770 4896 2859 4952 lo.
2934 4896 2983 4931 "
3013 4895 3148 4954 Luc.
3185 4911 3319 4963 un,
3358 4896 3447 4953 55.
3485 4892 3527 4927 “
3558 4887 3680 4945 Psal.

539 5181 653 5277 ea
682 5181 1171 5277 saneea?»
1207 5188 1365 5246 Conr-
1561 5192 1649 5248 δο.

2211 5204 2327 5277 (59)
2351 5206 2450 5277 τήν
2477 5205 2631 5262 Colb.
2661 5218 2808 5266 recte
2832 5224 2931 5276 pro
2958 5210 3048 5264 τά.

536 5255 651 5350 $5322
678 5255 973 5350 81".“:JBE‘P
996 5258 1230 5350 bifida.
1427 5348 1448 5350 ε
1495 5333 1519 5350 ,
1628 5334 1650 5344 -
1918 5337 1931 5350 .

2213 5255 2327 5350 ἰξδῦῖ
2344 5255 2442 5350 Et;
2460 5255 2644 5334 εὲξῐῦἱ»
2664 5255 2986 5350 ῥῑῖἶεόἷιῖᾷῖ

468 5323 791 5420 ζ“(¹Ξξ6)¹ίιοο
818 5323 963 5383 malo
991 5344 1057 5382 ex
1082 5329 1254 5384 Coisl.
1285 5345 1385 5399 pro
1419 5333 1765 5403 συζητοῦσιν,
1788 5337 1933 5406 quod
1955 5352 2042 5396 est

2204 5323 2324 5417 (dij
2339 5323 2428 5420 $38
2452 5323 2641 5420 £53116
2664 5323 2763 5417 ἕὲὂ
2794 5323 2992 5420 ἔτὲἐῖξέὶ
3013 5351 3110 5405 καί
3141 5348 3324 5404 πάθει.

466 5395 523 5450 in
550 5395 706 5448 (loli).
1285 5395 1303 5399 _
1544 5395 1555 5403 ’
1752 5395 1761 5401 ⁷
1807 5395 1820 5406 ’
2001 5395 2036 5396 Π

541 5464 650 5489 ιε’.
696 5464 861 5489 υηηι.-
898 5465 983 5489 :II-
1052 5467 1105 5489 ι--
1134 5470 1194 5489 -3
1236 5469 1394 5489 ____J
1446 5488 1449 5489 ,
1490 5488 1499 5489 ,
1678 5474 1790 5489 ιη..
2012 5474 2039 5487 ο

2206 5395 2321 5489 iiii?
2340 5395 2635 5489 careas
2648 5395 2848 5489 ὄὲςῖοὗῖ

540 5464 651 5536 (57)
680 5464 1009 5545 -Ve_rba_illa,
1030 5467 1198 5545 ,ἐν-τῇ
1230 5469 1394 5545 σαρκί
1440 5488 1543 5541 μου
1577 5503 1643 5513 —-
1677 5474 1909 5545 θλίψεων
1946 5474 2042 5529 τοῦ

468 5534 739 5609 Χριστοῦ,
762 5536 1074 5609 festinantis
1096 5534 1315 5593 librarii
1336 5534 1511 5609 lapsu,
1546 5558 1609 5595 ex
1632 5534 1862 5603 Coisl'in.
1888 5548 2043 5603 exci-

476 5604 700 5679 derant,
729 5606 781 5659 in
810 5607 969 5679 Coll}.
997 5604 1437 5679 recteAsupplcta.

539 5672 651 5737 (58)
674 5673 1094 5745 ἀνταναπληρῶ,
1121 5672 1290 5736 Coll}:
1316 5681 1423 5736 vid.
1462 5691 1576 5738 not.
1614 5684 1677 5737 l7
1698 5694 1749 5739 ct
1776 5686 1865 5741 48.

2213 5481 2326 5557 (65)
2370 5487 2459 5561 Sic
2487 5481 2666 5561 Coisl:
2712 5487 2959 5558 cherim
2993 5506 3093 5560 ego
3123 5490 3422 5561 ὑστέρημα,
3461 5501 3536 5537 vet
3565 5481 3678 5534 ὑπὸ·

2141 5572 2348 5625 στημα,
2386 5558 2653 5626 siquidem
2684 5562 2955 5627 pOsterior
2988 5558 3099 5617 haec
3142 5558 3337 5615 vox'ad
3365 5569 3575 5613 sensum
3601 5566 3678 5605 es.

2144 5635 2227 5681 sct
2250 5629 2690 5685 accommodata.
