3798 6210
197 236 286 300 769
1079 236 1178 297 AD
1215 230 1815 334 AMPI-IILQCHIUM
1874 238 2223 313 QUIESTIO
2277 240 2483 303 CXXI.
3302 244 3412 315 ’710

192 355 351 431 mea;
380 354 436 409 οὐ
464 353 854 426 κατενάρκησα
897 350 1141 420 ούδενόςο
1174 358 1237 411 τὸ
1282 357 1393 430 γὰρ
1439 339 1715 430 ὑστέρημό

1837 372 1997 427 quam
2021 357 2394 425 mihideesse;
2423 377 2442 411 ι
2469 356 2632 413 item:
2663 376 2682 411 ι
2705 357 2958 433 indigens
2980 358 3129 418 enim
3159 375 3269 417 non
3295 377 3413 434 gra-

190 467 280 522 μου
319 445 850 518 προσανεπλήρωσαν
894 448 943 500 οἱ
977 447 1215 517 ἀδελφοί.
1250 468 1270 500 ι
1308 450 1421 504 Καὶ
1455 451 1512 503 ὲν
1544 450 1715 505 πλείο⁴

1843 449 1927 502 vis
1956 448 2035 503 iui
2062 451 2324 518 cuiquam
2348 470 2367 517 ς
2394 450 2636 521 inopiam
2667 451 2812 506 enim
2841 468 3014 509 meam
3046 453 3245 509 fratres
3277 455 3411 509 sub-

186 550 258 594 σιν
283 538 449 601 ἄλλοις
475 538 577 609 τῆς
623 538 810 610 φωνῆς
839 539 1242 611 εὑρισκομένης
1284 541 1388 595 οὐκ
1432 541 1549 596 ἔστι
1595 544 1715 615 ρᾷοι

1837 538 2087 595 levarunt
2108 541 2208 596 ⁸⁵.»
2239 539 2412 597 Porro
2444 543 2494 596 iu
2526 541 2775 611 pluribus
2798 543 2918 599 aliis
2945 544 3102 609 locis,
3133 545 3188 600 in
3210 546 3414 616 quibus

185 632 344 686 λαϐεῖν
368 628 462 699 τὴν
492 628 751 700 τοιαύτην
780 630 1043 697 διάνοιαν,
1076 633 1141 686 δι’
1177 632 1351 704 αὐτῆς
1380 634 1715 689 ἀναπτυσσο‹

1837 647 1936 686 vox
1969 632 2085 687 haec
2114 632 2409 699 invenitur,
2443 647 2556 688 non
2597 631 2758 689 facile
2788 648 2931 697 eam,
2968 650 3091 705 quae
3125 638 3285 693 modo
3324 640 3407 694 al-

181 724 350 795 μένην,
399 721 510 775 ἀλλ’
540 721 731 797 ὥσπερ
760 723 1147 795 προείληπται.
1194 724 1353 780 Οῦτω
1401 726 1715 798 καθορῶμεν

1837 722 1936 778 lata
1983 730 2103 788 est,
2136 725 2452 789 notionem,
2486 724 2580 778 sed
2612 724 2796 788 illam,
2832 739 2955 794 quae
2980 734 3142 781 antea
3176 736 3259 783 est
3284 744 3415 797 proo-

140 850 147 855 -
177 814 247 884 τῷ
272 814 373 868 ἔθει
398 813 496 883 τῆς
532 814 849 886 Γραφῆς-τὸ
879 816 1169 889 ὑστέρημα
1215 816 1314 888 τὴν
1356 818 1547 890 χρείαν
1585 832 1715 889 παρ-

1837 814 2029 884 posita,
2053 816 2502 886 deprehenderis.
2528 814 2791 874 Videmus
2812 817 3020 889 itaque,
3044 834 3231 874 vocem
3257 822 3414 876 ὑστέ-

176 906 413 976 εχόμενον
442 904 534 959 τοῦ
567 908 992 977 σημαινομένου.
1038 906 1339 981 Ἐκατέρας
1369 909 1463 964 οὖν
1489 911 1599 965 τῶν
1644 912 1724 965 εί-

178 997 402 1068 ρημένων
420 996 910 1070 έπιδισταζομένης
927 1000 1158 1065 ἐννοίας,
1173 1004 1253 1066 είς
1276 1002 1338 1056 τὺ
1360 1003 1723 1058 ἀστασίαστον

172 1091 230 1142 ἂν
254 1088 343 1142 καὶ
373 1088 528 1159 τρίτη
558 1088 625 1142 δι’
654 1089 834 1143 αὐτῶν
858 1092 1191 1163 προκύψασα
1215 1133 1231 1158 ,
1274 1095 1491 1160 καὶτὰς
1523 1095 1717 1155 ἑκατέ-

173 1181 321 1249 ρωθεν
357 1180 527 1245 λαϐὰς
576 1181 800 1253 μέθοδον
842 1184 1054 1238 ἐκεῖθεν
1102 1188 1560 1260 συνευπορήσασα
1609 1188 1723 1243 δια-

164 1274 357 1342 φυγείν,
386 1273 615 1343 τοιαύτη
640 1291 725 1337 τις
780 1274 846 1329 ἂν
886 1274 998 1346 είη.
1047 1279 1140 1332 Δεῖ
1163 1278 1222 1333 δὲ
1251 1279 1330 1350 τῷ
1364 1280 1464 1350 μὲν
1489 1280 1723 1352 ὑστερή-

168 1382 299 1434 ματι,
328 1365 400 1430 ὡς
416 1366 561 1431 ἔθος,
595 1367 831 1439 χρῆσθαι
854 1369 915 1423 τὸ
948 1369 1189 1442 Γράμμα
1216 1371 1278 1426 τὸ
1302 1372 1580 1444 ίερὸν,καὶ
1612 1390 1719 1444 μη⁴

161 1455 239 1509 δὲν
283 1458 408 1527 περὶ
458 1457 561 1529 τὴν
628 1458 777 1524 λέξιν
846 1465 1216 1535 καινοτομεῖν.
1270 1464 1723 1537 Ἀνταναπληρώ-

1828 913 1980 981 ρημα
2009 924 2076 966 ex
2107 926 2211 967 usu
2238 910 2537 982 Scriptura}
2559 912 2832 969 delectum
2856 914 2958 979 rei,
2992 915 3060 970 de
3091 929 3198 986 qua
3228 930 3412 971 sermo

1824 1009 1927 1067 est,
1960 1001 2167 1058 inferre
2187 1004 2255 1056 ".
2305 1001 2460 1070 Quod
2502 1002 2546 1058 si
2584 1013 2767 1060 tamen
2808 1007 2874 1060 de
2915 1007 3179 1062 alterutra
3215 1006 3409 1062 harum

1824 1092 2231 1162 espositiouum
2256 1093 2618 1150 dubitandum
2648 1095 2828 1151 adhuc
2854 1096 3127 1163 videatur,
3163 1098 3231 1151 ad
3254 1112 3410 1152 com-

1824 1186 2134 1253 ponendam
2152 1198 2372 1240 omnem
2396 1185 2830 1241 controversiam
2857 1186 3022 1241 tertia
3049 1186 3215 1241 etiam
3235 1229 3251 1253 ,
3286 1201 3411 1258 qua:

1822 1288 1887 1327 ex
1921 1282 2150 1343 utraque
2178 1275 2452 1344 promicat
2471 1315 2488 1343 ,
2516 1284 2573 1330 et
2595 1273 2945 1331 dillicultates
2978 1276 3265 1345 utriusque
3296 1276 3411 1330 evi—

1826 1366 1977 1420 tandi
2016 1366 2158 1421 viam
2185 1366 2456 1432 ostendit,
2496 1365 2679 1423 alierri
2713 1367 2886 1438 possit
2920 1367 2979 1423 in
3009 1368 3151 1423 hanc
3183 1378 3408 1424 senten-

1823 1454 1978 1510 tiam.
2023 1454 2227 1511 Vocem
2266 1455 2557 1529 ὑστέρημα
2597 1471 2665 1513 eo
2710 1472 2877 1513 sensu
2903 1497 2920 1525 ,
2966 1459 3068 1528 qui
3109 1457 3409 1528 Scriptum

161 1563 232 1600 σει
260 1548 365 1619 (64)
415 1548 473 1602 δὲ
516 1548 637 1613 πῶς
668 1552 696 1604 ό
731 1550 947 1617 Παῦλος
996 1555 1056 1607 ὲν
1087 1553 1167 1625 τῷ
1196 1554 1410 1626 σώματι
1440 1557 1609 1611 αὐτοῦ
1649 1558 1715 1611 τά

1837 1563 1996 1604 sacra:
2022 1557 2107 1603 est
2138 1549 2449 1615 familiaris,
2482 1550 2760 1620 accipere,
2790 1566 2892 1607 nec
2924 1566 3064 1606 nova
3097 1553 3403 1608 consectari

161 1629 493 1711 ὑστερήματα
536 1641 645 1694 τῶν
679 1640 915 1713 θλίψεων
960 1644 1058 1698 τοῦ
1100 1646 1375 1716 Χριστοῦς
1424 1647 1585 1703 τοῦτό
1627 1665 1715 1719 μοι

1837 1650 2059 1711 )portet.
2095 1640 2385 1707 Quomodo
2414 1657 2546 1697 vero
2579 1642 2785 1699 Paulus
2829 1644 3088 1714 reliquias
3114 1645 3402 1700 calamita-

153 1731 528 1785 ’συνδιασκόπει
559 1731 767 1788 λοιπόν.
799 1735 919 1806 Οὐχ
947 1736 1048 1790 ὅσα
1074 1734 1311 1807 Χριστὸς
1336 1737 1569 1807 ὀφείλων
1606 1757 1715 1792 πα-

1837 1750 1939 1788 .um
1971 1733 2176 1788 Christi
2201 1734 2257 1788 in
2281 1749 2509 1805 corpore
2542 1749 2647 1789 suo
2670 1737 2926 1806 supplere
2950 1737 3167 1807 potuit?
3199 1737 3274 1793 De
3298 1738 3404 1793 hoc

147 1821 254 1874 θεῖν
294 1817 391 1893 οὐχ
436 1816 774 1894 ὑπήνεγκεν,
819 1825 1117 1895 οὐμενοῦν·
1161 1826 1287 1882 οὐδὲ
1324 1828 1434 1899 γάρ
1481 1847 1534 1883 τι
1578 1829 1715 1894 ὅλως

1837 1837 2079 1897 superest
2099 1866 2115 1891 ,
2162 1836 2222 1881 ut
2254 1842 2467 1882 mecum
2502 1827 2798 1898 disquiras.
2830 1827 2994 1897 Cave,
3023 1829 3096 1884 ita
3133 1831 3237 1886 hoc
3258 1830 3404 1887 acci-

149 1913 431 1984 ὑστέρησεν
456 1930 471 1946 ·
528 1914 667 1968 ἀλλά
707 1917 803 1969 καὶ
852 1917 1327 1990 ὑπερεπλεόνασεν
1353 1921 1388 1992 η
1419 1918 1581 1993 χάρις
1617 1920 1715 1975 αὐο

1837 1921 1962 1985 )ias,
1983 1934 2049 1975 ac
2076 1920 2121 1976 si
2151 1919 2404 1977 Christus
2430 1936 2537 1976 non
2562 1921 2744 1975 omnia
2771 1936 2895 1991 qure
2920 1922 3126 1992 perpeti
3146 1923 3401 1989 debebat,

147 2004 231 2056 τοῦ
260 2006 335 2067 είς
364 2009 538 2078 ἡμᾶς.
569 2010 705 2062 Ποῖα
735 2009 827 2063 οῦν
857 2010 1217 2083 ὑστερήματα
1265 2012 1711 2085 ἀνταναπληροῖ;

1837 2027 2114 2085 terpessus
2134 2015 2207 2070 sit
2237 2031 2251 2068 :
2286 2030 2466 2086 neque
2494 2015 2642 2071 enim
2679 2015 2979 2086 quidquam
3007 2017 3116 2072 ulla
3142 2017 3196 2071 in
3224 2031 3285 2072 re
3311 2032 3403 2072 re-

147 2097 295 2163 Ὅσα,
327 2099 426 2151 εἴτ’
457 2100 542 2153 ἐτι
572 2100 687 2172 (65)
715 2101 794 2171 τῷ
824 2102 1117 2174 ἀνθρώπου
1157 2102 1272 2174 (66)
1314 2103 1416 2176 βίῳ
1444 2104 1712 2177 ἐπεδήμει

1840 2105 2027 2174 iquum
2056 2104 2188 2161 fecit
2215 2122 2231 2173 ;
2261 2107 2356 2162 sed
2387 2105 2561 2177 gratia
2584 2106 2706 2177 eius
2731 2108 3220 2177 superabundavit.
3252 2105 3404 2173 Quas

136 2188 167 2239 ὁ
204 2189 387 2261 Σωτὴρ
435 2179 562 2245 καθ’
592 2192 651 2246 ὃν
686 2194 878 2265 καιρὸν
915 2196 944 2248 ὁ
992 2192 1206 2261 Παῦλος
1231 2196 1537 2268 ἐκήρυσσεν
1571 2199 1707 2270 (67),

1839 2197 1985 2266 gitur
2018 2197 2283 2268 reliquias
2313 2196 2520 2254 Paulus
2550 2199 2819 2269 supplet?
2861 2198 2966 2255 Eas
2997 2199 3231 2264 scilicet,
3261 2214 3403 2270 quas

134 2282 322 2335 ἔπαθεν
353 2282 420 2337 ἂν
450 2284 744 2351 διδάσκων,
770 2289 863 2343 καὶ
890 2288 979 2342 διὰ
1018 2290 1118 2361 τῆς
1148 2290 1458 2363 παρουσίας
1486 2293 1566 2347 ἔτι
1596 2292 1708 2365 (68)

1837 2290 2111 2356 Salvator,
2153 2292 2425 2361 siquidem
2467 2291 2649 2346 adhuc
2689 2292 2832 2346 inter
2873 2290 3129 2346 homines
3180 2289 3400 2355 fuisset,

136 2375 220 2427 τοῦ
250 2377 574 2448 πλάσματος
620 2380 1039 2452 προνοούμενος,
1071 2384 1260 2439 ἐκεῖνα
1290 2383 1388 2439 νῦν
1417 2386 1643 2457 πάσχων
1678 2388 1709 2441 ό

1837 2399 1940 2439 :um
1973 2382 2178 2439 Paulus
2208 2383 2486 2454 praeconio
2519 2383 2795 2455 Evangelii
2826 2382 3167 2454 fungeretur,
3195 2383 3400 2439 docens

132 2466 333 2531 Παῦλος
378 2471 798 2544 ἀνταναπληροί
839 2473 911 2527 τὰ
938 2474 1297 2547 ὑστερήματα
1324 2476 1436 2530 τῶν
1471 2477 1707 2548 θλίψεων

1837 2488 1953 2545 pse,
2003 2484 2058 2530 et
2109 2489 2351 2545 prasens
2394 2483 2771 2546 creaturaeque
2810 2489 2926 2531 sua:
2977 2489 3168 2531 curam
3208 2489 3397 2544 agens,

137 2558 228 2610 τοῦ
270 2561 541 2632 Χριστοῦ.
586 2563 762 2618 Τοῦτο
799 2565 910 2637 γὰρ
941 2566 1144 2636 μᾶλλον
1173 2567 1473 2639 ἐγγύτερον
1514 2570 1609 2623 καὶ
1634 2571 1704 2641 τῇ

128 2650 213 2705 τοῦ
233 2655 478 2725 ῥήματος
498 2656 759 2725 ἑμφάσει.
784 2657 862 2711 Οὐ
888 2658 995 2731 γὰρ
1015 2659 1204 2724 ἁπλῶς
1235 2678 1423 2731 φησιν,
1440 2661 1705 2736 Ἀναπλη-

132 2744 228 2811 ρῶ,
247 2746 382 2814 ἀλλ’,
420 2749 913 2818 Ἄνταναπληρῶ,
942 2752 1239 2819 τουτέστιν,
1256 2755 1402 2809 Ἆντὶ
1430 2755 1703 2809 Δεσπότου

127 2836 215 2889 καὶ
244 2838 579 2896 διδασκάλου
622 2843 651 2894 ὁ
676 2842 873 2907 δοῦλος
900 2844 1012 2913 ἐγὼ
1042 2847 1135 2901 καὶ
1167 2847 1417 2919 μαθητὴς
1441 2849 1542 2920 τὴν
1566 2850 1703 2904 ὲκεί-

123 2944 207 2982 νου
233 2929 519 2987 διακονίαν
546 2933 817 3001 ὑπελθὼν,
849 2937 944 2991 καὶ
965 2937 1033 2991 τὰ
1065 2940 1420 3009 ὑστερήματα
1446 2940 1555 2994 τῶν
1582 2941 1700 2995 θλί-

120 3017 260 3084 ψεων
305 3023 482 3077 αὑτοῦ
527 3025 957 3098 ἀνταναπληρῶ.
994 3031 1061 3082 "A
1108 3030 1215 3103 γὰρ
1244 3031 1314 3085 ἂν
1352 3032 1558 3097 ἐκεῖνος
1596 3033 1700 3088 ὑπο

120 3113 266 3186 έστη,
297 3117 377 3190 μὴ
409 3118 802 3192 παραθέμενός
828 3094 919 3192 μοι
952 3121 1053 3193 τὴν
1076 3094 1376 3191 διακονίαν,
1405 3094 1705 3199 ὲπεὶήπαρ-
1732 3094 1776 3153 C

114 3206 306 3263 -έλασον
350 3213 593 3283 ταύτην,
643 3214 874 3279 εἰκότως
917 3217 1013 3271 καὶ
1070 3215 1141 3270 τὰ
1191 3218 1549 3290 ὑστερήματα
1595 3220 1707 3274 τῶν

112 3298 345 3369 θλίψεων
373 3304 631 3359 αὑτοῦνὲν
655 3306 736 3373 τῷ
767 3306 982 3377 σώματί
1017 3325 1118 3378 μου
1150 3309 1704 3383 ἀνταναπληρῶ.“οτι

114 3390 169 3443 δὲ
196 3392 434 3466 διάδοχοι
471 3396 576 3466 τῆς
605 3398 946 3468 Δεσποτικῆς
967 3400 1251 3465 ’διακονίας
1280 3402 1629 3473 κατέστηραν
1653 3404 1704 3456 oi

108 3485 375 3555 μαθηταὶ,
434 3490 539 3543 καὶ
570 3489 867 3561 ἀλλαχόθεν
908 3494 1007 3559 μὲν
1038 3492 1188 3547 ἔστιν
1205 3494 1274 3548 οὐ
1303 3494 1541 3566 χαλεπὸν
1576 3513 1705 3550 συν-

113 3576 258 3645 ιδεῖν,
285 3582 527 3651 ἀρκέσει
558 3582 615 3638 δὲ
656 3584 939 3638 κάνταῦθα
962 3585 1178 3648 Παῦλος
1203 3586 1404 3657 ἐαυτῷ.
1443 3606 1464 3639 ι
1487 3587 1569 3641 Τὰ
1594 3589 1704 3661 γὰρ

105 3671 307 3736 πάντα,
366 3679 567 3747 φησὶν,
628 3676 695 3731 ἐκ
742 3677 838 3730 τοῦ
892 3678 1071 3744 Θεοῦδ,
1112 3679 1207 3734 τοῦ
1265 3680 1704 3746 καταλλάξαντες

109 3760 250 3829 ἡμᾶς
277 3764 469 3835 ἑαυτῷ
497 3767 594 3820 διὰ
629 3766 808 3838 Ἰησοῦ
831 3769 1093 3841 Χριστοῦ,
1119 3772 1214 3824 καὶ
1232 3770 1414 3835 δόντος
1442 3774 1576 3843 ἡμῖν
1602 3772 1703 3845 τὴν

101 3850 383 3909 διακονίαν
416 3857 529 3928 τῆς
563 3858 938 3930 καταλλαγῆς.
974 3880 994 3914 ι
1028 3862 1158 3927 Καὶ,
1200 3881 1220 3915 ι
1262 3862 1436 3935 ’Υπὲρ
1461 3863 1699 3935 Χριστοῦ

102 3945 518 4018 πρεσϐεύομεν,
551 3948 625 4013 ὡς
658 3950 754 4003 τοῦ
785 3950 921 4004 Θεοῦ
945 3953 1392 4023 παρακαλοῦντος
1418 3954 1489 4008 δι’
1520 3954 1699 4025 ἡμῶν,

96 4035 346 4107 δεόμενοι
406 4041 564 4111 ὑπὲρ
611 4043 849 4112 Χριστοῦ
876 4084 891 4109 ,
938 4045 1318 4118 καταλλάγητε
1364 4046 1444 4119 τῷ
1495 4047 1637 4118 Θεῷ.
1675 4066 1696 4101 ι

99 4128 311 4201 Ὥσπερ
343 4128 446 4187 οὖν
481 4133 580 4187 τὸν
622 4136 722 4203 τῆς
749 4136 1096 4208 καταλλαγῆς
1127 4138 1286 4209 λόγον
1314 4139 1702 4211 ἐκληρώσαντο

86 4223 140 4274 οί
172 4224 434 4297 μαθηταὶ
456 4266 473 4289 ,
520 4228 622 4280 καὶ
670 4229 1065 4300 πρεσδεύουσιν
1091 4230 1232 4302 ὑπὲρ
1265 4230 1526 4300 Χριστοῦ,
1546 4230 1700 4284 οὕτω

91 4320 208 4382 καὶ,
242 4319 398 4391 ἅπερ
433 4319 675 4390 ἔμελλεν
702 4323 956 4392 πάσχειν,
989 4323 1072 4376 ἔτι
1099 4323 1199 4394 τὴν
1234 4322 1510 4377 διακονίαν
1531 4322 1698 4387 αὐτὸς

1812 2577 2179 2633 perpessurus
2202 2574 2342 2630 erat,
2377 2564 2498 2629 has,
2529 2563 2777 2635 inquam,
2800 2566 3215 2635 perpessionum
3235 2564 3401 2620 Chri-

1812 2657 1883 2713 ειὶ
1913 2656 2181 2725 reliquias
2208 2655 2414 2712 Paulus
2445 2656 2564 2726 ipse
2591 2657 2805 2726 patiens
2824 2693 2841 2721 ,
2886 2671 2986 2726 pro
3017 2656 3137 2727 ipso
3174 2656 3399 2726 supple-

1810 2748 1919 2803 bat.
2000 2748 2117 2804 Hoc
2148 2748 2361 2804 scilicet
2389 2748 2553 2804 etiam
2595 2748 2663 2804 ad
2694 2748 2842 2804 verbi
2869 2789 2885 2816 ,
2930 2762 3042 2818 quo
3072 2750 3280 2815 utitur,
3311 2747 3397 2803 ef-

1810 2838 2064 2895 ﬁcaciam
2123 2838 2353 2909 propius
2394 2837 2628 2894 accedit.
2668 2835 2859 2907 Neque
2890 2837 3036 2891 enim
3069 2836 3396 2906 simpliciter

1810 2928 2236 3002 οἰιάναπληρῶ,
2272 2930 2367 2986 sed
2389 2927 2816 2999 ἀνταναπληρῶ,
2857 2929 2913 2982 Ιι.
2949 2926 3138 2983 ελ)το
3159 2927 3396 2982 Domino

1807 3033 1863 3077 et
1906 3021 2167 3091 magistro
2210 3036 2405 3077 servus
2445 3036 2547 3093 ego
2583 3031 2638 3078 et
2674 3020 2980 3092 discipulus
3022 3020 3393 3076 ministerium

1807 3114 1927 3183 ejus
1950 3113 2262 3184 suscipiens
2308 3113 2570 3183 reliquias
2604 3127 2777 3184 prope
2805 3112 3130 3183 passionum
3159 3112 3281 3183 ejus
3309 3111 3396 3167 vi-

1810 3208 1999 3263 cissim
2030 3207 2282 3277 suppleo.
2313 3206 2448 3274 Quae
2477 3207 2625 3262 enim
2657 3206 2748 3261 ille
2772 3220 3066 3277 perpessus
3098 3215 3218 3270 est,
3261 3220 3391 3261 cum

1808 3299 2055 3355 nondum
2077 3298 2217 3353 mihi
2251 3298 2395 3355 hanc
2414 3298 2756 3369 provinciam
2786 3298 3145 3364 credidisset,
3171 3311 3389 3362 eorum,

1807 3401 2098 3465 postquam
2130 3392 2277 3448 illam
2317 3394 2572 3463 suscepi,
2619 3391 2878 3462 reliquias
2914 3390 2969 3446 in
3012 3406 3245 3462 corpore
3269 3406 3393 3446 meo

1806 3484 2063 3555 supplere
2098 3482 2372 3538 convenit.
2398 3481 2560 3550 Quod
2587 3497 2722 3537 vero
2760 3482 3015 3552 discipuli
3040 3497 3393 3541 successores

1807 3578 2025 3633 Domini
2075 3576 2131 3632 in
2177 3576 2487 3632 ministerio
2533 3590 2636 3631 suo
2675 3576 2960 3631 constituti
3021 3579 3167 3643 sint,
3221 3578 3388 3633 etiam

1807 3670 2027 3726 aliunde
2050 3684 2160 3725 non
2194 3668 2484 3726 dilﬁculter
2512 3669 2866 3742 intelligitur;
2896 3671 2991 3727 hic
3016 3688 3150 3726 vero
3184 3670 3391 3729 Paulus

1805 3759 1923 3832 ipse
1954 3760 2061 3815 sibi
2103 3758 2401 3816 suﬂ'ecerit.
2440 3776 2460 3812 ι
2482 3757 2682 3814 Omnia
2710 3760 2856 3815 enim
2877 3803 2892 3827 ,
2922 3761 3148 3831 inquit,
3176 3775 3246 3815 ex
3277 3760 3391 3818 Deo

1805 3861 1955 3917 sunt,
1978 3851 2073 3921 qui
2099 3865 2201 3906 nos
2222 3850 2328 3906 sibi
2350 3851 2729 3905 reconciliavit
2750 3866 2848 3920 per
2866 3850 3055 3907 Jesum
3078 3850 3387 3919 Christum,

1805 3943 2076 4013 nobisque
2137 3940 2542 3996 conciliationis
2598 3941 2966 3997 ministerium
3011 3941 3234 3996 tradidit
3256 3944 3322 3996 ⁸⁷.
3359 3960 3382 3995 ι

1802 4036 1936 4093 Item
1969 4053 1984 4091 :
2018 4054 2039 4089 ι
2069 4033 2175 4090 Pro
2198 4035 2427 4090 Christo
2467 4034 2739 4105 legatione
2776 4033 3057 4105 fungimur
3078 4082 3092 4103 ,
3123 4046 3387 4106 tanquam

1800 4128 1917 4185 Deo
1959 4128 2274 4185 obtestante
2321 4142 2417 4197 per
2466 4141 2571 4182 nos
2620 4141 2720 4196 pro
2761 4125 2980 4182 Christo
3014 4128 3387 4183 :recoucilie-

1804 4220 1943 4276 mini
1976 4219 2088 4276 Deo
2111 4220 2215 4274 ⁸⁸.»
2250 4219 2407 4275 Sicut
2440 4218 2607 4289 igitur
2639 4218 2864 4273 verbum
2919 4218 3384 4274 reconciliationis

1802 4316 1950 4370 nacti
1982 4319 2112 4368 sunt
2140 4311 2397 4385 discipuli
2425 4351 2441 4377 ,
2474 4319 2643 4379 atque
2673 4310 2811 4365 adeo
2836 4325 2939 4380 pro
2967 4310 3189 4365 Christo
3232 4311 3382 4380 lega-

87 4409 413 4484 ἐκπληρῶν,
431 4414 599 4467 αὐτοὶ
619 4414 795 4470 ταῦτα
831 4416 889 4468 ὲν
918 4415 999 4487 τῷ
1022 4414 1238 4486 σώματι
1257 4414 1438 4468 αὐτῶν
1469 4414 1697 4478 εἰκότως

1837 4411 1952 4464 lone
1990 4408 2333 4480 funguntur;
2366 4406 2440 4459 ita
2463 4407 2624 4459 etiam
2655 4420 2740 4466 ea,
2767 4417 2889 4472 quae
2912 4402 3168 4458 Christus
3202 4404 3381 4457 adhuc

90 4504 648 4579 ἀνταναπληρσῦσιν.
680 4509 791 4562 Καὶ
818 4508 929 4581 [ἐκ]
960 4508 1165 4563 τούτων
1193 4509 1426 4579 μάλιστα
1448 4507 1689 4572 Παῦλος,

1795 4518 2163 4574 perpessurus
2208 4508 2363 4566 erat,
2410 4499 2457 4554 si
2494 4498 2800 4552 ministerio
2825 4497 2920 4551 illo
2959 4495 3194 4564 amplius
3234 4502 3381 4549 esset

78 4595 139 4660 δὲ
166 4595 403 4672 θαρρῶν
432 4602 556 4664 τοῖς
570 4600 763 4672 ’ἔργοις
788 4601 935 4670 λέγει
970 4601 1103 4674 (69),
1126 4617 1145 4652 ι
1173 4600 1396 4663 Οὐδενὸς
1419 4599 1526 4653 τῶν
1550 4598 1690 4668 ὑπὲρ

1837 4596 2143 4661 erl‘unctus,
2174 4595 2278 4665 ipsi
2310 4606 2530 4664 quoque
2575 4591 2628 4645 iu
2665 4604 2895 4660 corpore
2920 4603 3022 4644 suo
3048 4586 3382 4643 convenien-

84 4688 207 4742 λίαν
236 4693 584 4746 ἀποστόλων
638 4693 936 4765 ὑστέρησα.
978 4711 997 4744 ι
1044 4692 1153 4747 Καὶ
1204 4691 1430 4754 σκόπει,
1480 4693 1689 4762 ὃπωςή

82 4784 181 4851 τῆς
240 4782 507 4855 θεωρίας
562 4783 770 4854 ταύτης
835 4782 1063 4854 ἐπιϐολὴ
1120 4783 1273 4837 οὐδὲν
1316 4782 1692 4854 προϋπέσχετο

82 4875 325 4945 κομψόν.
352 4877 463 4929 ⁸Τ¹ό
489 4892 555 4928 τε
587 4876 695 4947 γὰρ
740 4874 1029 4945 ὑστέρημα
1075 4872 1176 4927 οὐκ
1218 4872 1551 4939 έκᾶιᾲζεται,
1584 4872 1697 4926 ἀλλ’

1800 4699 1884 4744 ter
1915 4703 2015 4759 pro
2060 4688 2181 4757 ipso
2225 4687 2501 4742 sustinent
2531 4691 2586 4738 et
2612 4682 2881 4752 implent;
2934 4682 3077 4735 inter
3123 4694 3221 4736 eos
3248 4694 3380 4735 vero

1800 4780 1887 4835 vel
1920 4778 2161 4833 maxime
2195 4776 2417 4842 Paulus,
2451 4775 2546 4846 qui
2574 4773 2738 4829 factis
2769 4774 2885 4829 suis
2914 4772 3183 4837 conlisus,
3212 4771 3376 4827 dicit:

1804 4890 1823 4923 ι
1856 4869 2013 4931 Nullo
2045 4883 2234 4926 eorum
2259 4909 2277 4938 ,
2325 4866 2421 4938 qui
2460 4865 2621 4921 valde
2650 4874 2780 4921 sunt
2825 4863 3058 4935 apostoli
3083 4903 3097 4930 ,
3150 4860 3379 4933 inferior

125 5078 174 5116 ”
202 5080 251 5137 ll
281 5081 425 5139 Cor.
452 5093 544 5143 ιι,
582 5077 640 5132 5.
733 5076 782 5110 ”
822 5074 957 5133 ibid.
984 5077 1040 5133 9.
1112 5076 1157 5111 ⁸⁷
1187 5076 1230 5131 ll
1259 5075 1389 5133 Cor.
1412 5087 1470 5143 v,
1499 5077 1588 5133 18.
1655 5071 1708 5110 ’⁸⁸

1837 5077 1871 5134 Ι.
1901 5074 1989 5133 20.

1695 5250 1934 5312 NOTAE.

138 5380 262 5449 (Gl)
296 5378 383 5435 Ita
416 5374 723 5449 Colb._pro
746 5374 968 5449 ἅπαντα
996 5370 1298 5449 πληρώσει.

137 5440 266 5519 (65)
329 5450 437 5505 Sic
491 5440 681 5519 scribo
730 5460 828 5514 pro
861 5444 973 5497 εἴτε
1026 5440 1278 5511 τι,’(ιυοι1
1312 5455 1397 5497 est
1425 5442 1481 5497 in
1520 5440 1691 5497 Coisl.

66 5516 502 5591 Conje'eturam
540 5516 724 5570 ﬁrmat
751 5524 867 5569 tum
897 5529 1117 5581 sensus,
1156 5523 1270 5567 tum
1306 5528 1431 5568 mox
1458 5527 1693 5581 sequens

66 5590 265 5735 Et(66)
291 5661 359 5717 In
385 5655 574 5717 Coisl.
601 5664 685 5712 est
710 5652 1003 5726 ἀνθρώπῳ.
1039 5652 1167 5723 Legi
1198 5654 1362 5710 etiam
1388 5660 1570 5724 posset
1598 5653 1694 5707 ἀν-

1800 5370 2076 5442 θρωπίνῳ.

1876 5442 1989 5512 (67)
2014 5443 2184 5501 Coisl.
2213 5441 2356 5498 male
2376 5449 2431 5497 et
2448 5438 2599 5495 nullo
2620 5453 2805 5512 sensu,
2837 5436 3143 5512 έκείρυσεν.

1892 5508 1982 5581 68)
2005 5514 2087 5566 ἔτι
2117 5530 2185 5570 ex
2206 5514 2361 5570 Colb.
2395 5526 2580 5582 prose
2608 5511 2697 5582 τά,
2722 5508 3065 5582 Coisliniani.

1892 5515 1982 5581 68)
2005 5515 2087 5566 ἔτι
2117 5530 2185 5570 ex
2206 5515 2361 5570 Colb.
2395 5526 2493 5582 pro
2518 5527 2580 5563 τε
2608 5515 2697 5573 τά,
2722 5515 3065 5565 Coisliniani.

1870 5515 1985 5654 i69)
2013 5584 2181 5643 Cois].
2217 5588 2359 5641 male
2394 5600 2408 5638 :
2439 5584 2468 5635 ὁ
2490 5580 2711 5653 θαρρῶν
2737 5583 2848 5645 τοῖς
2876 5580 3058 5648 ἔργοις
3093 5576 3297 5646 λέγειν.
