3846 6188
110 395 117 402 ,
209 315 312 382 713

1125 331 1225 391 AD
1265 332 1856 397 AMPHILOCHIUM
1892 337 2238 410 ΟυίΕδΤΙΟ
2264 345 2532 410 CXXIII:

3362 356 3472 426 ’714

218 424 559 538 ἐπουρανίοις
580 427 716 498 (76),
739 428 877 498 ἀλλ’,
896 430 1267 506 ὐπουρανῐοις,
1289 441 1659 512 ἐξακούουσιν,
1683 449 1779 518 οὐχ

1894 449 2228 522 ἐπουρανίοις
2264 459 2534 524 nonnulli,
2564 459 2639 526 id,
2663 462 2808 531 quod
2836 466 3075 535 primum
3105 470 3324 529 obvium
3357 485 3462 538 est,

211 516 380 610 οὕτως
407 517 509 587 τῆς
541 519 694 592 ἱερᾶς
716 523 874 592 ἡμῶν
898 526 1120 598 Γραφῆς
1143 533 1396 606 ἐχούσης,
1436 539 1528 592 καί
1557 558 1690 610 φασι
1717 516 1786 599 τά

207 609 458 679 δαιμόνια
484 613 769 671 καλεῖσθαι
804 621 1131 693 ὐπουράνια,
1169 628 1414 684 τουτέστι
1441 630 1510 683 τὰ
1536 649 1784 703 πνευμαε

207 701 332 794 τικὲι
357 704 455 794 τῆς
479 709 768 777 πονηρίας.
793 711 903 764 Καὶ
929 713 1038 782 γάρ
1064 716 1166 770 κάν
1184 735 1242 772 τε
1265 721 1394 792 περὶ
1412 723 1574 794 ἀέρα,
1606 701 1707 780 κάν
1725 747 1784 783 τε

210 791 348 891 περὶ-
503 797 684 891 αὐτῶν
785 801 1061 875 διατριϐὴ,
1086 807 1238 863 οὐδὲν
1259 791 1421 881 ἦττον
1452 791 1520 868 ἂν
1547 817 1786 891 ὑπουρά-

207 898 292 934 νια
321 884 539 958 ῥηθείη.
580 887 744 944 Ἀλλά
792 893 1000 947 τούτων
1061 897 1160 966 μὲν
1188 899 1293 953 κᾶν
1339 903 1373 972 ή
1428 903 1636 960 διάνοια
1682 884 1785 964 οὐκ

206 972 433 1044 άσεδὴς,
487 979 639 1048 ὅμως
666 983 698 1036 6
746 987 1140 1058 μεταπλασμός
1180 993 1280 1046 οὐκ
1314 995 1564 1068 εὐσεϐής.
1598 999 1671 1054 υύ
1703 1004 1785 1056 δεῖ

205 1067 309 1136 γὰρ
338 1069 455 1166 οὐδ’
484 1071 641 1166 ὀλως,
670 1076 779 1166 οὐδ’
814 1080 900 1146 ἐφ’
935 1082 1014 1134 ἐνὶ
1059 1084 1368 1155 γράμματι,
1424 1096 1786 1166 παραχαράτ-

205 1171 315 1250 τειν
352 1159 456 1221 τὰς
486 1160 658 1228 λέξεις
687 1163 787 1230 τὰς
821 1168 992 1237 ἱερὰς,
1048 1172 1287 1240 μάλιστά
1313 1193 1373 1244 γε
1401 1179 1513 1250 (77)
1687 1185 1783 1238 καὶ

204 1247 799 1347 τῆςιάπαραχαράκτου
827 1259 1026 1328 λέξεως
1050 1265 1302 1334 ἐχούσης,
1325 1269 1400 1334 ὡς
1426 1247 1586 1342 ἔφην,
1616 1275 1783 1347 ἀνεμ-

203 1339 475 1440 ποδίστως
527 1346 558 1416 ή
598 1339 692 1399 τοῦ
751 1351 918 1420 ῥητοῦ
969 1354 1185 1424 πρόεισι
1233 1339 1478 1414 διάνοιαί
1519 1339 1631 1418 Καὶ
1674 1339 1782 1440 γάρ

201 1432 502 1503 ἐπουράνια
535 1438 627 1490 καὶ
662 1440 730 1492 τὰ
759 1442 912 1506 ἐντὸς
947 1445 1042 1497 τοῦ
1093 1447 1324 1517 οὐρανοῦ
1372 1453 1563 1508 εἴωθεν
1597 1432 1784 1513 καλεῖ-

203 1523 345 1621 σθαι,
384 1519 499 1579 οἷον
519 1531 548 1581 6
578 1531 686 1600 άήρ
707 1547 723 1562 '
761 1534 856 1587 καὶ
889 1536 1041 1590 οὐδὲν
1064 1540 1284 1608 κωλύει,
1315 1543 1385 1597 τά
1408 1549 1466 1600 ὲν
1488 1549 1637 1621 αὐτῷ
1668 1547 1784 1606 δια-

197 1613 455 1713 τρίϐοντα
490 1619 622 1689 (78),
649 1625 898 1680 τουτέστι
934 1627 1003 1681 τὰ
1025 1634 1372 1700 πνευματικὰ
1391 1637 1490 1708 τῆς
1515 1613 1784 1713 πονηρίας

196 1705 482 1806 δαιμόνια,
516 1711 627 1767 ἀπὸ
655 1715 754 1786 τῆς
781 1719 841 1772 ὲν
884 1719 1036 1791 αὐτῷ
1055 1721 1340 1796 διατριϐῆς
1363 1705 1540 1795 οὕτως
1583 1705 1783 1806 ὀνομά-ἰ

195 1797 410 1862 ζεσθαι.

263 2097 629 2169 Πνευματικα
659 2102 716 2158 δὲ
747 2103 984 2178 εῐρηται,
1031 2109 1113 2164 ὅτι
1156 2112 1364 2181 σαρκὸς
1411 2115 1506 2168 καὶ
1549 2117 1784 2186 αἵματος

185 2192 244 2243 οὐ
277 2193 527 2262 μετέχει,
556 2195 693 2250 ἀλλὰ
723 2197 888 2252 dum
917 2216 1039 2254 τινα
1063 2203 1156 2255 καὶ
1186 2204 1433 2276 ἄσαρκον
1470 2206 1568 2278 τὴν
1590 2209 1782 2263 οὐσίαν

187 2283 279 2336 ἀπ’
307 2285 495 2355 ἀρχῆς
537 2287 941 2358 ἐκληρώσαντο.
982 2293 1430 2368 Ἀκολουθότερον
1465 2299 1512 2352 δ’
1567 2301 1632 2354 ἄν
1693 2320 1780 2366 τις

188 2374 278 2426 καὶ
306 2374 410 2427 τοῦ
463 2378 834 2448 προκειμένου
872 2384 1032 2454 φαίη,
1068 2386 1145 2449 ὡς
1197 2389 1500 2460 ἐπουράνια
1546 2392 1780 2447 ἐνταῦθα

184 2466 281 2534 τὴν
330 2467 621 2522 εὐσέϐειάν
664 2487 725 2522 τε
755 2473 852 2526 καὶ
905 2475 1008 2539 τὰς
1036 2477 1240 2547 ἀρετὰς
1273 2482 1622 2552 ἐπωνόμασε.
1669 2482 1780 2542 Καὶ

186 2558 290 2628 γὰρ
318 2560 417 2613 διὰ
446 2561 620 2616 ταῦτα
651 2564 750 2634 τὴν
775 2563 884 2618 τῶν
903 2569 1152 2638 οὐρανῶν
1178 2573 1654 2646 κληροδοτούμεθα
1680 2579 1772 2649 βα-

189 2650 423 2718 σιλείαν,
452 2655 546 2706 καὶ
570 2654 686 2709 ἔστι
722 2657 856 2728 ἡμῖν
883 2655 916 2728 ἠ
942 2661 1088 2732 πάλη
1117 2671 1136 2713 t
1175 2662 1314 2733 πρὸς
1332 2665 1400 2719 τὰ
1430 2667 1780 2738 πνευματικὰ

184 2743 281 2811 τῆς
309 2747 585 2815 πονηρίας
615 2767 633 2798 ι
667 2749 725 2799 ἐν
745 2751 866 2813 ταῖς
882 2751 1105 2820 ἀρεταῖς
1127 2768 1188 2806 τε
1213 2757 1307 2809 καὶ
1330 2757 1390 2810 ὲν
1411 2759 1478 2830 τῇ
1501 2760 1776 2832 εὐσεϐείᾳ,

185 2835 349 2907 ἡμῶν
380 2836 484 2906 μὲν
512 2839 811 2908 κατορθοῦν
835 2842 1010 2896 ταῦτα
1057 2845 1490 2916 σπουδαζόντων,
1548 2852 1776 2908 ἐκείνων

183 2929 239 2982 δὲ
286 2930 387 2983 τὸν
441 2931 668 2985 δυνατὸν
714 2933 903 2998 αὐτοῖς
957 2938 1161 3007 τρόπον
1216 2943 1625 3013 ἀντιτιθέντων,
1679 2948 1777 3003 καὶ

186 3021 366 3074 πάντα
405 3022 646 3094 πόλεμον
678 3025 790 3098 (79)
817 3028 1246 3101 ἀναδεχομένων.
1279 3035 1371 3089 Διὸ
1397 3039 1575 3107 σοφῶς
1603 3038 1718 3111 (80)
1747 3038 1775 3096 6

1895 540 2012 606 illi,
2047 547 2190 613 quod
2219 547 2515 607 humanius
2557 561 2672 621 est,
2711 555 3058 625 prmferentes
3082 601 3096 624 ,
3131 573 3339 621 mutato
3369 582 3466 622 vo-

1893 635 1973 690 cis
2001 635 2153 728 initio
2182 655 2289 696 non
2323 645 2671 714 ἐπουρανίοις
2692 688 2706 710 ,
2738 650 2833 704 sed
2872 651 3219 724 ὑπουρανίοις
3279 658 3469 729 legunt

1891 727 2167 796 (quamvis
2195 733 2269 786 ita
2290 735 2508 803 quidem
2528 737 2744 794 codices
2771 740 2915 796 sacri
2936 757 3044 796 non
3072 727 3357 817 habeant),
3379 750 3467 802 di-

1891 832 2134 893 cuntque
2175 825 2444 883 daemonia
2489 829 2832 902 ὑπουράνια,
2899 834 3003 890 hoc
3035 846 3117 891 est
3163 840 3468 904 spiritualiu

1891 916 2158 985 nequitiw,
2193 919 2474 987 appellari.
2493 920 2754 984 Quamvis
2777 923 2920 978 enim
2949 926 3064 980 sive
3089 927 3237 981 circa
3260 943 3464 992 aerem,

1887 1007 2008 1062 sive
2056 1008 2202 1063 circa
2251 1017 2450 1064 terram
2501 1011 2588 1065 illa
2638 1023 2961 1081 versentur,
3001 1017 3258 1086 utrinque
3296 1019 3466 1073 ὑπου-

1894 1101 2054 1171 ρανία
2087 1101 2270 1156 vocari
2311 1116 2491 1172 posse.
2526 1101 2631 1158 Sed
2665 1120 2975 1175 quanquam
3009 1109 3122 1163 lucc
3152 1125 3342 1164 eorum
3375 1126 3470 1165 co—

1891 1195 2060 1266 gitata
2103 1211 2211 1248 non
2257 1194 2420 1266 impia
2463 1200 2596 1261 sint,
2630 1200 2859 1253 mutatio
2896 1209 3075 1255 tamen
3109 1201 3201 1256 illa
3244 1219 3354 1257 non
3386 1213 3470 1258 est

1893 1288 2004 1357 pia.
2067 1287 2229 1340 Nullo
2280 1289 2422 1342 enim
2487 1287 2691 1355 modo,
2746 1307 2818 1345 ne
2876 1291 2945 1346 ad
3023 1309 3186 1347 unam
3246 1296 3467 1364 quidem

1889 1381 2128 1436 litteram
2175 1379 2444 1437 dictiones
2475 1396 2662 1437 sacras
2697 1391 2908 1438 mutare
2940 1384 3019 1438 ias
3046 1394 3152 1450 cst,
3188 1387 3464 1457 inprimis,

1890 1490 2015 1528 cum
2044 1489 2107 1530 ex
2138 1473 2368 1527 lectione
2395 1513 2411 1538 ,
2450 1489 2614 1541 quam
2656 1474 2808 1540 dixi,
2841 1477 2992 1530 salva
3041 1486 3096 1533 et
3137 1479 3465 1537 intemerata

1891 1562 2216 1619 commodus
2268 1563 2370 1617 loci
2411 1578 2607 1618 sensus
2657 1566 2900 1634 prodeat.
2945 1567 3280 1639 Ἐπουράνια
3317 1572 3465 1626 enim

1890 1656 2053 1725 etiam
2105 1655 2196 1709 illa
2251 1654 2430 1709 vocari
2469 1655 2677 1719 solcut,
2729 1673 2850 1724 quae
2896 1659 3037 1713 emlo
3085 1661 3461 1728 continentur,

1891 1749 2038 1803 verbi
2074 1762 2242 1802 causa
2277 1761 2370 1801 aer
2402 1764 2413 1800 :
2452 1746 2697 1817 nihilque
2720 1751 2901 1804 obstat
2992 1752 3311 1821 quominus,
3345 1771 3464 1824 quae

1815 1803 1859 1859 Β
1886 1837 1943 1892 in
1983 1835 2122 1892 coelo
2170 1844 2459 1891 versantur
2486 1875 2501 1901 ,
2563 1803 2667 1890 hoc
2711 1848 2795 1892 est
2834 1803 3143 1906 spiritualia
3202 1803 3464 1913 nequitia:

1883 1931 2174 1997 daamonia,
2225 1943 2256 1985 α
2290 1945 2385 1985 sua
2438 1930 2492 1984 in
2543 1929 2637 1985 illo
2680 1933 3109 1988 commoratione
3155 1935 3228 1988 ita
3281 1938 3464 2004 appel-

1884 2019 2084 2076 lentur.

1959 2113 2272 2184 Spiritualia
2302 2127 2432 2167 vero
2473 2121 2759 2179 vocantur,
2799 2117 2944 2185 quod
2993 2132 3212 2172 carnem
3253 2128 3308 2174 et
3337 2134 3467 2174 san-

1884 2207 2104 2276 guinem
2149 2219 2256 2259 non
2296 2201 2514 2270 habent,
2564 2201 2656 2260 sed
2696 2207 2765 2261 ab
2808 2207 2964 2262 initio
3004 2213 3302 2264 essentiam
3347 2229 3463 2266 ma-

1882 2297 2030 2351 teria:
2051 2306 2102 2350 et
2133 2298 2318 2352 carnis
2353 2309 2630 2367 expertem
2661 2309 2820 2354 nacta
2862 2309 3008 2354 sunt.
3045 2301 3114 2356 At.
3144 2313 3466 2372 argumento

1882 2389 2294 2445 convenientius
2323 2391 2546 2455 dixeris,
2582 2393 2886 2462 ἐπουράνια
2915 2393 3016 2448 hoc
3055 2395 3176 2448 loco
3211 2397 3462 2464 pietatem

1881 2483 1934 2536 ct
1958 2483 2184 2538 virtutes
2233 2484 2514 2553 appellari.
2572 2482 2802 2554 Propter
2873 2483 2964 2538 illa
3031 2486 3176 2540 enim
3236 2503 3464 2559 regnum

1882 2575 2146 2631 malorum
2199 2576 2597 2646 adipiscimur,
2663 2579 2920 2650 luctaque
2975 2580 3112 2636 adeo
3171 2581 3332 2636 nobis
3384 2591 3466 2637 est

1886 2686 1904 2719 ι
1936 2663 2199 2723 adversus
2248 2668 2551 2738 spiritualia
2592 2671 2849 2741 nequitiae
2882 2659 2900 2726 ι
2953 2673 3006 2727 in
3038 2673 3304 2728 virtutum
3349 2674 3464 2744 pic«

1880 2760 2120 2829 latisque
2168 2751 2371 2825 studio,
2406 2762 2626 2830 quando
2674 2777 2775 2817 nos
2822 2764 3042 2832 quidem
3096 2764 3204 2820 illis
3242 2779 3462 2835 operam

1879 2853 2096 2917 damus,
2159 2852 2250 2906 illa
2309 2863 2465 2916 vero,
2513 2853 2695 2922 quoad
2736 2861 2990 2923 possunt,
3041 2870 3101 2910 se
3159 2857 3463 2924 opponunt,

1877 2952 1930 2999 et
1960 2939 2160 3000 bellum
2213 2935 2576 3012 undequaque
2611 2953 2847 2998 mot'ent.
2880 2941 3177 3014 Propterea
3216 2959 3462 3000 commu-

1879 3036 1965 3091 ‘nis
2008 3035 2156 3092 orbis
2202 3036 2394 3090 doctor
2439 3034 2712 3105 sapienter
2759 3043 2815 3089 et
2859 3038 3248 3090 convenienter
3280 3036 3459 3090 dixit:

184 3111 284 3181 τῆς
336 3113 670 3185 οἰκουμένης
726 3115 1052 3206 διδάσκαλος
1109 3122 1205 3176 καὶ
1233 3125 1506 3196 ἁρμοδίως
1540 3129 1666 3202 ἔφη,
1705 3133 1779 3200 ὡς

1894 3148 1911 3180 ι
1944 3127 2063 3183 Νοη
2106 3135 2191 3184 est
2224 3127 2385 3182 nobis
2415 3122 2559 3182 lucta
2602 3125 2868 3182 adversus
2901 3126 3223 3196 Sanguinem
3261 3134 3316 3181 et
3339 3137 3463 3180 car-

189 3217 209 3251 ι
243 3203 362 3256 Οὐκ
380 3202 680 3274 ἐστινήμῖν
713 3202 748 3278 ἠ
776 3209 922 3280 πάλη
955 3211 1092 3282 πρὸς
1119 3207 1259 3284 αἷμα
1289 3217 1382 3270 καὶ
1403 3218 1600 3290 σάρκα,
1639 3219 1779 3281 ἀλλᾶ

1894 3236 2034 3287 nem,
2078 3218 2172 3275 sed
2208 3218 2475 3274 adversus
2521 3217 2832 3288 spiritualia
2865 3217 3146 3287 nequitiae,
3182 3231 3200 3268 ι
3234 3218 3338 3272 hoc
3381 3225 3467 3273 cst

185 3295 322 3362 πρὸς
355 3299 432 3348 τά
473 3300 822 3367 πνευματικά
855 3303 955 3373 τῆς
986 3305 1274 3376 πονηρίας,
1314 3324 1334 3359 ι
1388 3313 1656 3381 τουτέστι,
1710 3308 1780 3372 τὰ

189 3387 325 3452 μήτε
351 3385 525 3456 σαρκὶ
555 3390 697 3458 μήτε
734 3387 931 3462 αἵματι
963 3395 1324 3466 συνδεδεμένα
1364 3396 1635 3473 δαιμόνια.
1670 3399 1777 3464 Καὶ

185 3475 303 3528 τότε
334 3478 397 3530 ὲν
426 3481 538 3531 τίσι
569 3480 665 3534 καὶ
702 3483 834 3554 περὶ
859 3485 1024 3539 τίνων
1071 3489 1100 3542 ὀ
1141 3489 1417 3561 πόλεμος;
1472 3513 1490 3545 ι
1541 3491 1630 3550 Ἐν
1663 3497 1776 3565 τοϊς

186 3567 557 3654 ἐπουρανίοις,
606 3591 625 3626 ι
685 3576 874 3645 φησιν,
924 3579 1208 3636 τουτέστιν
1237 3584 1295 3637 ὲν
1335 3587 1448 3650 τοῖς
1489 3591 1779 3658 προξένοις

187 3659 276 3714 τοῦ
305 3664 568 3732 οὐρανίου
603 3665 986 3738 σκηνώματος,
1043 3670 1180 3744 ὅπερ
1238 3675 1408 3742 ἐστὶν,
1439 3677 1516 3744 ὠς
1540 3680 1777 3753 εἴρηται,

185 3755 220 3822 ἡ
248 3753 530 3822 εὐσέϐεια,
552 3759 645 3811 καὶ
671 3758 779 3813 τῶν
809 3762 1022 3832 ἀρετῶν
1051 3765 1079 3818 ὀ
1109 3766 1290 3836 χορός.
1319 3769 1382 3822 Ei
1407 3770 1465 3825 δέ
1497 3790 1582 3838 τις
1633 3775 1774 3848 (81),

195 3863 214 3896 ι
255 3847 314 3899 ὲν
345 3850 463 3912 τοῖς
497 3849 844 3934 ἐπουρανίοις
881 3871 900 3905 ι
939 3861 1362 3930 προχειρότερον
1398 3847 1650 3920 ἐκλαϐεῖν
1685 3868 1774 3922 θέ-

189 3941 268 4032 λοι
301 3942 476 4012 αὐτὴν
501 3944 603 4015 τὴν
633 3947 956 4017 ἐπουράνιον
985 3954 1292 4018 κατοικίαν,
1320 3957 1414 4010 καὶ
1441 3959 1584 4014 οὕτω
1615 3959 1726 4032 (82)
1749 3963 1779 4016 6

188 4029 287 4098 τῆς
319 4032 604 4097 εὐσεϐείας
651 4037 777 4102 νοῦς
819 4039 1116 4098 εὐοδοῦται.
1151 4045 1260 4098 Καὶ
1297 4047 1402 4118 γὰρ
1432 4050 1464 4120 ἡ
1506 4029 1644 4119 πρὸς
1673 4029 1778 4106 αὐ-

191 4120 314 4214 τούς
344 4123 465 4214 ἐστι
500 4126 668 4196 πάλη,
698 4129 858 4199 ἡμῶν
889 4133 988 4202 μὲν
1014 4134 1435 4206 ἀγωνιζομένων
1463 4144 1648 4211 τυχεῖν
1677 4144 1778 4214 τῆς

189 4210 440 4281 οὐρανίου
471 4214 845 4287 κληροδοσίας,
875 4223 1099 4278 ἐκείνων
1120 4226 1176 4278 δὲ
1209 4229 1305 4280 τοῦ
1349 4210 1617 4302 στερῆσαι
1644 4210 1780 4288 ταύ-

185 4313 288 4371 της
315 4303 410 4356 καὶ
440 4303 608 4375 ἡμᾶς,
639 4305 699 4373 ἐξ
724 4303 790 4380 ἦς
819 4310 971 4364 αὐτοὶ
1002 4311 1526 4370 καταπεπτώκασιν.

742 4380 1074 4458 ΕΡΩΤΗΣῙΣ
1116 4401 1244 4457 KI".

191 4485 304 4565 mai
319 4486 679 4565 t_l_l_Ipd£szc_
720 4489 840 4544 τῶν
882 4493 1245 4565 ἀποστόλων
1294 4495 1680 4565 ἐπιγράφεται
1711 4497 1780 4554 τὸ

256 4557 530 4634 ,ϐιόἲλιόνἶ
563 4561 1100 4634 ,καίτοιγεγοηὺντῶν
1128 4564 1358 4619 δώδεκα
1384 4557 1632 4634 πράξεις
1665 4585 1772 4622 πε-

256 4629 467 4706 ριέχει,
499 4629 664 4706 (ὶλελᾲΔ
683 4631 1038 4706 κατ’ᾼᾴρχὰς-
1048 4635 1165 4706 μὲν
1193 4629 1462 4706 θαύματα
1484 4629 1585 4692 καὶ
1609 4629 1774 4692 διδα-

263 4699 534 4778 ςκαῖὶίαζ
566 4699 783 4778 ὀλίγην
813 4699 944 4778 (δῇ)
967 4699 1114 4778 τῶᾶθ-
1135 4699 1516 4778 ἀποστόλων,
1549 4708 1772 4778 ἐφεξῆς

265 4765 332 4818 δὲ
351 4770 439 4833 εὶς
478 4765 996 4826 mammam
1034 4773 1202 4829 πᾶσα
1228 4777 1266 4843 ἡ
1298 4765 1700 4846 πραγμᾶτὲίαξ

1881 3312 2146 3366 adversus
2174 3309 2464 3374 daemonia,
2498 3319 2600 3365 nec
2634 3308 2787 3364 carni
2832 3319 2934 3364 nec
2970 3307 3221 3380 sanguini
3249 3310 3462 3379 juncta.

1880 3403 2091 3459 Bellum
2131 3417 2261 3457 vero
2301 3401 2432 3455 illud
2474 3399 2529 3454 in
2563 3399 2764 3471 quibus
2805 3409 2859 3456 et
2901 3399 2970 3457 de
3008 3401 3208 3469 quibus
3249 3398 3468 3472 agitur?

1887 3516 1906 3548 ι
1942 3496 1994 3550 In
2027 3493 2362 3560 cccleslibus,
2389 3513 2408 3546 ι
2441 3491 2642 3564 inquit,
2670 3492 2774 3548 hoc
2803 3501 2885 3550 est
2909 3487 2965 3546 in
2996 3489 3105 3547 illis
3134 3491 3321 3555 rebus,
3341 3507 3466 3561 qua:

1883 3587 2106 3642 cmleste
2150 3581 2524 3640 habitaculum
2570 3583 2733 3638 nobis
2767 3581 3084 3638 conciliant.
3132 3579 3294 3637 Tales
3333 3597 3465 3636 vero

1882 3685 2030 3742 sunt,
2071 3685 2130 3732 ut
2165 3676 2436 3732 monitum
2485 3681 2589 3742 est,
2637 3676 2814 3747 pietas
2853 3683 2908 3730 et
2942 3673 3208 3729 virtutum
3237 3677 3460 3730 chorus.

1881 3767 1940 3821 Si
1984 3768 2107 3836 quis
2151 3779 2279 3821 vero
2324 3763 2573 3836 phrasin,
2628 3778 2647 3817 ι
2678 3765 2732 3820 in
2787 3764 3127 3832 cmlestibus,
3163 3777 3183 3816 ι
3234 3766 3466 3836 propius

1879 3856 2132 3925 accipere
2183 3855 2339 3909 malit
2366 3849 2436 3910 de
2483 3854 2692 3911 caelesti
2734 3854 3091 3922 habitatione,
3133 3863 3188 3910 et
3219 3855 3297 3909 sic
3323 3870 3464 3924 quo-

1879 3961 1986 4017 que
2016 3951 2206 4001 sancta
2223 3943 2381 4000 Pauli
2413 3955 2567 4000 mens
2596 3943 2974 4014 perspicietur.
3001 3945 3172 3999 Lucta
3201 3947 3346 3998 enim
3369 3945 3465 3998 ad-

1879 4050 2076 4091 versus
2097 4035 2378 4091 daemonas
2408 4034 2730 4104 suscipitur,
2761 4032 2920 4090 nobis
2947 4034 3169 4105 quidem
3200 4034 3266 4088 ad
3299 4035 3464 4090 cccle-

1881 4135 2020 4184 stem
2049 4125 2420 4180 hereditatem
2447 4124 2927 4189 contendentibus,
2955 4123 3065 4179 illis
3090 4138 3222 4178 vero
3247 4123 3463 4191 eadem,

1881 4235 1989 4290 qua
2024 4215 2128 4290 ipsi
2157 4216 2505 4283 exciderunt,
2534 4217 2700 4272 etiam
2735 4229 2838 4272 nos
2866 4217 3087 4288 privare
3117 4215 3464 4290 conantibus.

1881 4395 2212 4467 QUA-ISTIO
2249 4395 2458 4452 cxxm
2497 4393 2685 4468 [CoisL
2734 4391 2942 4461 CXLV,
2990 4394 3155 4450 Taur.
3206 4393 3462 4468 CXLIV].

1887 4493 2065 4560 Quare
2111 4490 2242 4544 liber
2268 4487 2500 4560 domum
2546 4488 2961 4560 apostolicorum
3011 4487 3092 4541 ita
3132 4487 3465 4548 inscribitur,

1952 4575 2074 4616 cum
2116 4570 2290 4614 tamen
2321 4558 2595 4612 duodecim
2633 4558 2993 4626 apostolorum
3047 4565 3169 4610 acta
3210 4572 3315 4610 non
3342 4573 3468 4608 con-

1951 4636 2139 4692 tineat,
2175 4629 2280 4682 sed
2334 4628 2486 4706 initio
2525 4629 2739 4698 quidem
2787 4627 3049 4680 miracula
3093 4637 3142 4682 et
3195 4627 3467 4706 doctrinas

1950 4717 2149 4771 paucas
2185 4697 2794 4771 apostolorum._postca
2823 4712 2943 4752 vero
2979 4706 3091 4752 tota
3123 4699 3374 4750 tractatio
3411 4697 3470 4750 in

1956 4769 2194 4828 Paulum
2228 4769 2606 4822 convertatur?

331 4879 590 4929 Editarum
615 4896 644 4929 a
676 4877 855 4930 Wolﬁo
876 4889 1043 4931 octava
1068 4883 1124 4946 (ι.
1151 4897 1213 4946 c.,
1240 4899 1287 4947 p.
1309 4886 1535 4934 750-752.
1561 4887 1779 4937 Galland.

1896 4885 2006 4942 722,
2029 4881 2140 4940 725,
2161 4893 2213 4928 n.
2238 4875 2340 4939 ει).
2361 4903 2425 4914 --
2445 4877 2520 4926 De
2544 4869 2693 4926 titulo
2712 4872 2930 4927 Aetuum
2956 4878 3314 4941 apostolorum.

268 4959 388 5016 Ὅτι
411 4963 672 5033 Πράξεις,
704 4965 869 5035 φησὶν
895 4965 1030 5035 (84),
1057 4966 1165 5020 τῶν
1201 4968 1517 5022 ἀποστόλων
1544 4970 1770 5039 ἐπιγρά-

198 5055 434 5122 φεταιτὸ
465 5054 695 5124 βιϐλίον,
726 5055 972 5125 καίτοιγε
1016 5057 1077 5110 οὐ
1121 5055 1228 5114 τῶν
1280 5057 1492 5114 δώδεκα
1540 5057 1772 5132 πράξεις

1951 4965 2190 5021 Aetuum
2245 4958 2700 5032 apostolicorum,
2756 4958 2954 5029 inquit,
3010 4961 3147 5016 liber
3206 4969 3456 5024 vocatur.

1878 5058 2134 5130 quamvis
2175 5055 2461 5111 duodecim
2494 5053 2868 5123 apostolorum
2901 5062 3024 5111 acta
3068 5069 3182 5110 non
3219 5057 3461 5126 comple-

1707 5149 1944 5209 ΝΟΤᾸΞ.

261 5239 366 5309 (76)
387 5241 444 5295 id
473 5239 702 5310 quidem
728 5243 781 5295 in
801 5242 954 5297 nullo
979 5242 1170 5299 codice
1189 5245 1366 5300 adhuc
1381 5245 1661 5300 inventum
1680 5254 1782 5302 est.

201 5330 556 5380 unnunngius
605 5330 788 5366 tamen
826 5330 898 5366 ua
959 5330 1064 5384 legi
1106 5330 1343 5377 volebat,
1387 5330 1578 5371 contra
1621 5330 1784 5385 quem

201 5377 338 5454 vulg.
372 5383 585 5454 quaein
605 5382 772 5435 Curis
808 5383 942 5436 meis
963 5385 1030 5454 ad
1076 5381 1276 5451 Ephes.
1317 5385 1356 5436 l.
1393 5399 1442 5439 ο.
1483 5386 1783 5454 disputavi.

199 5309 556 5384 Gu‘ndlingius
605 5317 788 5384 tamen
826 5314 905 5384 ita
959 5313 1343 5384 legijolebat,
1387 5324 1578 5371 contra

275 5451 379 5518 (77)
402 5449 558 5521 Coib.
584 5463 734 5507 recte
783 5469 880 5521 pro
914 5449 1181 5506 κάλλιστά
1201 5469 1286 5520 γε.

279 5521 382 5592 (Ἐξ)
420 5520 859 5592 διατρίϐονταίὲν
881 5523 1052 5592 αὐτῷ,
1088 5538 1155 5578 ex
1190 5523 1344 5577 Coib.
1367 5523 1569 5580 addidi.

282 5590 386 5664 (78)
420 5590 561 5664 Idem
587 5606 687 5664 pro
702 5591 994 5664 πολέμιον.

1956 5245 2068 5315 (82)
2093 5244 2237 5298 οὕτω
2267 5243 2472 5315 scribo,
2508 5258 2608 5314 pro
2637 5235 2814 5309 οὗτος.

1955 5310 2068 5387 (85)
2108 5315 2299 5387 ὀλίγην
2332 5310 2906 5387 Ιιαὺβῑᾋροξζιιεριῃιπι
2960 5329 3164 5378 meum,
3219 5310 3361 5380 quod
3400 5326 3464 5363 ex

1880 5384 2110 5459 Coisli'n.
2138 5385 2324 5459 codice
2348 5384 2578 5459 petitum
2615 5394 2768 5455 puto.
2797 5384 3176 5459 Egeotamen
3199 5389 3467 5459 priestan-

1882 5457 2141 5528 tissimus
2179 5451 2659 5528 Montei‘alconius,
2703 5471 2756 5524 p.
2794 5455 2919 5528 3'57
2971 5455 3170 5528 ὀλίγων
3224 5451 3464 5528 exhibet.

1881 5525 2062 5578 Malim
2095 5525 2326 5578 alterum
2365 5524 2520 5578 illud.
2565 5524 2686 5578 Mox
2712 5523 2863 5578 cnim
2904 5523 3164 5576 inlimine
3193 5523 3466 5573 tractatio-

1891 5598 2006 5648 niso
2036 5594 2222 5648 itidem
2251 5593 2453 5663 legitur
2483 5594 2694 5663 ὀλίγην,
2751 5603 2805 5648 et
2831 5595 2992 5662 paulo
3048 5603 3168 5663 post
3195 5590 3467 5663 Δδιήγησις

285 5658 389 5736 (8ρ)
442 5658 531 5714 Sic
581 5658 934 5716 scribendum
997 5677 1098 5732 pro
1157 5662 1340 5734 σοφός,
1399 5663 1548 5736 quod
1600 5674 1685 5722 est
1726 5664 1779 5719 iu

1894 5658 2368 5736 :ﬁcbﬁaoxaliic
2394 5664 2484 5736 ἐπ’
2508 5658 2688 5736 ὀλίγον
2728 5658 3150 5736 παρατείνεσίζαι
3173 5661 3392 5736 dicitur.

215 5726 434 5783 Coislin.

287 5799 392 5869 (δι)
424 5817 501 5864 τις
524 5799 679 5858 Coib.
703 5811 852 5858 recte
893 5816 992 5871 pro
1016 5803 1148 5866 τοῖς.

1965 5733 2084 5803 (84).
2111 5733 2186 5788 Ex
2223 5733 2326 5788 hoc
2348 5735 2512 5788 verbo
2540 5727 2776 5789 fortasse
2811 5727 3036 5803 colligas
3076 5730 3331 5787 Photium
3353 5727 3470 5784 bzcc

1895 5801 2114 5862 aliunde
2134 5811 2325 5860 mutua
2360 5803 2684 5872 sumpsisse.
