3798 6210
390 289 495 353 ’715

1554 298 1817 360 PIIO'I‘II
1845 299 2348 361 PATRIARCHzE
2389 303 2495 363 (ΞΡ.

3520 300 3606 367 'll6

390 414 594 471 ctatur,
645 402 739 459 sed
774 402 1012 489 primum
1055 405 1273 474 quidem
1316 405 1583 464 miracula
1620 419 1676 465 et
1712 409 1950 480 exigua"

2097 410 2355 481 περιέχει·
2395 409 2535 465 ἀλλά
2588 408 2715 463 κατ’
2737 409 2912 479 ἀρχὰς
2940 408 3040 479 μὲν
3084 406 3337 478 θαύματα
3375 410 3462 463 καὶ
3493 411 3614 468 διδα-

390 508 601 571 partem
662 498 929 555 doctrina:
975 500 1376 569 apostolorum,
1433 511 1625 573 postea
1672 516 1803 559 vero
1859 510 1973 557 tota

394 592 646 648 tractatio
693 591 748 647 in
784 592 1013 647 Paulum
1054 592 1442 651 transferatur.
1490 592 1787 650 Enimvero
1835 593 1975 650 liber

393 694 680 756 propterea
732 686 969 740 Actuum
1025 685 1453 753 apostolicorum
1509 685 1727 740 titulum
1778 684 1971 749 refert,

392 777 542 845 quia,
575 785 713 833 teste
745 776 938 843 Paulo,
974 794 992 830 ι
1025 776 1281 841 Membro.
1302 794 1419 835 uno.
1452 777 1761 848 glorificato
1791 778 1975 834 Omnia

397 868 640 922 membra
692 869 854 924 simul
898 869 1279 939 glorificantur
1303 869 1343 925 ⁸.
1376 888 1395 921 ι
1446 868 1713 924 Similiter
1759 885 1978 940 quoque

395 958 484 1013 hic
516 959 775 1029 scriptor,
810 959 958 1017 Petri
983 970 1037 1024 ct.
1064 959 1217 1015 Pauli
1247 969 1370 1016 acta
1403 963 1717 1016 communia
1748 961 1975 1028 faciens,

396 1048 598 1102 librqu
626 1049 776 1104 hunc
823 1049 1199 1120 apOStolorum
1231 1050 1366 1108 Acta
1408 1050 1712 1121 inscripsit.
1750 1048 1905 1117 Quod
1930 1048 1978 1105 si

395 1153 562 1208 porro
613 1140 715 1195 sub
768 1141 948 1210 capite
996 1149 1168 1197 totum
1221 1154 1423 1210 corpus
1471 1141 1978 1211 comprehenditur,

394 1232 786 1286 convenienter
831 1242 952 1287 acta
1008 1231 1408 1301 praecipuorum
1465 1232 1636 1293 Actus
1698 1233 2005 1303 apostolo-0

396 1338 517 1376 rum
541 1332 830 1389 vorantur,
864 1323 1324 1394 quemadmodum
1349 1324 1693 1393 etdoctrina,
1716 1336 1978 1396 tanquam

395 1415 659 1484 apostolis
716 1417 1072 1479 communis,
1136 1416 1190 1471 in
1247 1417 1358 1473 illis
1393 1417 1661 1483 traditur,
1725 1420 1981 1489 quamvis

396 1508 676 1562 enarratio
706 1508 826 1577 ejus
863 1508 1147 1564 succincte
1179 1518 1235 1562 et
1262 1508 1451 1579 paucis
1482 1508 1597 1575 fiat,
1637 1509 1980 1567 commodam

397 1609 579 1653 tamen
619 1600 784 1670 hujus
826 1600 1204 1670 inscriptionis
1248 1600 1602 1658 occasionem
1649 1603 1979 1673 suppeditat.

2077 502 2307 558 σκαλίαν
2332 501 2660 573 ὀλίγηνητῶν
2687 501 3026 567 ἀποστόλων,
3077 500 3275 571 ἐφεξῆς
3305 500 3359 553 δὲ
3390 504 3463 567 εἰς
3483 503 3612 559 Παῦ-

2075 593 2166 647 λον
2198 595 2430 647 κινεῖται
2467 594 2619 647 πᾶσα
2656 593 2690 663 ή
2735 593 3110 665 πραγματεία.
3171 590 3318 663 Πλὴν
3368 593 3451 647 διά
3489 596 3620 651 τοῦτο

2077 684 2311 757 Πράξεις
2355 683 2465 737 τῶν
2512 683 2830 737 ἀποστόλων
2862 683 3256 753 ἐπιγράφεται,
3304 683 3453 746 διότι,
3502 690 3623 741 κατά

2076 778 2167 830 τὸν
2200 774 2433 839 Παῦλον,
2471 792 2490 826 ι
2528 774 2898 846 Δοξαζομένου
2931 774 3055 838 ἑνὸς
3092 774 3289 844 μέλους
3336 775 3619 840 συνδοξάζε-

2076 887 2169 924 ται
2199 868 2311 939 (85)
2345 866 2526 922 πάντα
2548 868 2618 923 τά
2653 867 2812 938 μέλη.
2848 886 2873 919 »η
2904 866 3061 921 Οὕτω
3087 868 3144 920 δὲ
3182 866 3279 919 καὶ
3318 867 3414 930 τὰς
3445 868 3622 936 Πέτρου

2077 962 2173 1017 καὶ
2190 959 2403 1014 Παύλου
2447 958 2676 1031 πράξεις
2717 957 3194 1029 κοινοποιούμενος
3223 958 3254 1010 ὁ
3288 958 3627 1029 συγγραφεὺς,

2078 1054 2189 1108 τῶν
2218 1053 2534 1110 ἀποστόλων
2558 1054 2617 1105 τὸ
2652 1050 2857 1123 βιῦλίον
2882 1048 3195 1121 ὶπέγραψε,
3236 1049 3483 1120 Πράξεις.
3504 1050 3558 1101 Ei
3584 1050 3631 1103 δὲ

2080 1146 2176 1200 καὶ
2216 1147 2284 1217 τῇ
2325 1146 2540 1217 κορυφῇ
2586 1142 3174 1215 συμπεριλαμσάνεται
3220 1142 3290 1194 τὸ.
3330 1141 3447 1195 ὅλον
3482 1142 3631 1210 σῶμα,

2081 1237 2318 1306 εὐλόγως
2350 1236 2420 1292 ἀν
2471 1237 2571 1299 τὰς
2621 1234 2939 1307 κορυφαίων
2988 1234 3227 1305 Πράξεις
3249 1233 3516 1309 ἐκάλεσαν
3545 1234 3635 1287 τῶν

2081 1329 2420 1393 ἀποστόλων,
2475 1328 2617 1400 πλήν
2657 1345 2725 1397 γε
2779 1328 2874 1381 καὶ
2913 1327 2948 1398 ἡ
3005 1328 3161 1398 κοινὴ
3204 1327 3317 1380 τῶν
3358 1327 3638 1380 ἀποστόλων

2082 1420 2523 1493 ἐμπεριεχομένη
2545 1418 2775 1482 ταύταις
2796 1418 3140 1485 διδασκαλία,
3172 1418 3279 1473 κᾶν
3296 1419 3386 1471 ἐπ’
3413 1419 3576 1486 ὀλίγον
3608 1420 3634 1488 ἡ

2080 1512 2289 1581 ⁸ταύτης
2330 1511 2583 1581 διήγησις
2637 1509 3027 1581 παρατείνεται
3052 1548 3067 1573 ,
3106 1510 3225 1564 ἀλλ’
3278 1510 3531 1582 ἀφορμήν
3559 1510 3643 1578 τῆς

2085 1603 2402 1672 ἐπιγραφῆς
2451 1602 2759 1673 παρέχεται
2788 1600 3033 1671 εὔλογον.
3085 1603 3191 1656 Τὸν
3244 1602 3301 1655 δὲ
3357 1604 3646 1670 συγγραφέα

400 1690 743 1761 εςτὶριονοιη,
776 1708 908 1748 vero
934 1694 1169 1753 Aetuum
1211 1693 1303 1747 alii
1333 1692 1652 1748 Clementem
1680 1690 1950 1749 Romanun

2097 1695 2190 1749 τῶν
2220 1695 2483 1764 Πράξεων
2504 1696 2552 1747 οἱ
2573 1694 2674 1764 μὲν
2701 1694 3021 1765 Κλήμεντά
3043 1694 3263 1763 λέγουσι
3292 1696 3390 1749 τὸν
3425 1694 3646 1764 Ῥώμης,

400 1786 700 1855 appellant,
734 1784 1045 1847 Barnabam
1084 1785 1198 1849 alii,
1242 1784 1334 1840 alii
1367 1800 1495 1839 vero
1537 1784 1731 1840 Lucam
1760 1802 1950 1857 evange

2097 1787 2232 1842 ἱλλοι
2256 1788 2314 1842 δὲ
2345 1788 2686 1856 Βαρνάϐαν,
2726 1788 2821 1841 καὶ
2842 1787 2996 1841 ἄλλοι
3023 1785 3270 1844 Λουκᾶν
3296 1787 3409 1841 τὸν
3431 1788 3647 1856 εὐαγγε-

398 1874 605 1930 !istam.
640 1875 758 1945 Ipse
798 1891 927 1931 vero
961 1874 1135 1930 Lucas
1185 1890 1302 1930 rem
1348 1875 1564 1943 definit,
1605 1877 1830 1947 quando
1864 1877 1982 1946 prio

400 1983 551 2023 mum
577 1968 801 2038 quidem
826 1968 881 2023 in
915 1968 1105 2023 limine
1126 1968 1252 2023 libri
1286 1978 1610 2038 praemonet,
1633 1968 1779 2037 quod
1815 1968 1981 2023 aliam

401 2058 916 2123 commentationem
945 2096 962 2121 ,
1020 2057 1233 2117 Domini
1276 2066 1436 2127 gesta.
1482 2055 1936 2126 complectentem
1965 2095 1982 2122 ,

401 2149 729 2220 scripserit;
755 2149 955 2207 deinde
982 2164 1115 2206 vero
1147 2164 1177 2204 a
1206 2149 1418 2209 caeteris
1444 2147 1795 2217 evangelistis
1831 2146 1884 2201 in
1919 2160 1986 2201 eo

399 2240 584 2303 diﬂert
613 2282 630 2308 ,
705 2241 853 2313 quod
911 2256 1075 2298 nemo
1130 2255 1320 2298 eorum
1382 2238 1770 2299 tractationem
1826 2250 1985 2292 suam

400 2349 576 2405 usque
617 2335 685 2391 ad
721 2335 1102 2392 ascensionem
1133 2333 1345 2389 Christi
1385 2332 1664 2404 producit,
1695 2332 1814 2402 ipse
1853 2344 1987 2392 vero

402 2428 558 2485 solus
614 2436 667 2483 et
716 2427 1096 2483 ascensionem
1132 2426 1283 2482 illam
1320 2424 1889 2494 accurateeexposuit,
1932 2431 1990 2478 et

402 2525 474 2586 ab
515 2522 707 2593 eadem
752 2519 988 2575 Actuum
1032 2518 1246 2573 initium
1286 2516 1439 2573 fecit.
1469 2514 1719 2573 Μαιαιωὶ
1761 2514 1987 2586 quidem

404 2615 766 2686 Evangelium
824 2613 878 2669 in
932 2628 1000 2668 eo
1041 2611 1264 2678 desinit,
1318 2620 1381 2667 ut
1424 2609 1681 2681 discipuli
1732 2606 1988 2665 undecim

403 2707 636 2779 profecti
686 2706 963 2771 dicantur,
1012 2703 1251 2775 ﬁnisque
1287 2701 1408 2774 ejus
1457 2710 1588 2758 est:
1632 2720 1653 2755 ι
1687 2700 1874 2771 Usque
1920 2698 1988 2756 ad

404 2798 940 2861 consummationem
1001 2795 1195 2851 mundi
1228 2812 1266 2851 ~:
1319 2792 1494 2850 Amen
1516 2793 1561 2849 ⁸.
1600 2811 1621 2846 ι
1676 2792 1865 2862 Itaque
1923 2792 1992 2847 de

405 2892 728 2951 ascensione
761 2889 897 2945 nihil
925 2889 1095 2945 addit.
1130 2886 1349 2945 Marcus
1376 2901 1507 2942 vero
1547 2898 1655 2941 non
1690 2893 1797 2940 tam
1824 2898 1991 2939 enar-

407 2992 494 3038 rat
520 2996 667 3045 eam,
695 2996 861 3051 quam
893 2979 1072 3036 obiter
1095 2978 1256 3049 quasi
1295 2982 1716 3041 commemorat,
1745 2973 1938 3043 dicens
1972 2987 1989 3027 :

412 3094 436 3127 ι
472 3073 737 3137 Dominus
807 3072 1035 3143 itaque,
1084 3080 1378 3141 postquam
1432 3082 1558 3124 cum
1615 3065 1724 3121 illis
1770 3064 1992 3121 locutus

416 3114 436 3127 .
472 3114 737 3137 πωπω..
808 3114 881 3127 ....
929 3114 1035 3138 ....,
1086 3114 1378 3141 ..νην-η.
1434 3114 1558 3124 -..ω
1615 3114 1723 3121 η---
1770 3114 1989 3121 _--_-__

406 3172 574 3235 erat,
628 3114 923 3234 receptus“
946 3170 1035 3219 est
1074 3162 1130 3216 in
1193 3160 1394 3217 coelum
1420 3199 1437 3225 ,
1496 3166 1550 3213 et
1611 3153 1864 3213 consedit
1923 3114 2067 3210 adc

409 3256 658 3320 dextram
701 3252 795 3307 Dei
819 3254 862 3307 °.
902 3270 921 3302 ι
966 3254 1158 3322 Itaque
1212 3263 1315 3305 nec
1359 3247 1607 3311 modum,
1655 3260 1756 3301 nec
1784 3244 1991 3311 locum,

2083 1878 2328 1948 λιστήν.
2359 1877 2533 1941 Αὐτὸς
2566 1877 2626 1932 δὲ
2677 1876 2919 1945 Λουκᾶς
2966 1877 3263 1949 ἑπικρίνει,
3307 1879 3524 1949 πρῶτον
3566 1877 3652 1948 μὲν

2086 1971 2145 2038 ἐξ
2165 1964 2242 2025 ὧν
2262 1968 2709 2041 προοιμιάζεται,
2732 1969 2806 2035 ὡς
2824 1969 2920 2024 καὶ
2935 1969 3102 2042 ἑτέρα
3124 1969 3275 2041 αὐτῷ
3294 1971 3648 2041 πραγματεία,

2084 2063 2185 2128 τὰς
2216 2063 2557 2129 Δεσποτικάς
2588 2063 2923 2135 περιέχουσα
2969 2063 3200 2135 πράξεις
3235 2065 3649 2137 καταδέδληται.

2087 2156 2357 2228 Δεύτερον
2379 2155 2457 2221 δὲ,
2478 2154 2539 2221 ἐξ
2563 2148 2641 2209 ὧν
2657 2155 2753 2209 καὶ
2779 2154 2890 2209 τῶν
2916 2154 3098 2211 ἀλλων
3121 2156 3531 2225 εύαγγελιστῶν
3555 2156 3654 2209 δια-

2090 2247 2389 2315 στέλλεται,
2412 2247 2498 2301 ὄτι
2527 2245 2693 2319 μέχρι
2711 2246 2813 2318 τῆς
2844 2246 3172 2318 ἀναλήψεως
3203 2247 3391 2310 οὐδεὶς
3412 2246 3583 2303 αὐτῶν
3603 2246 3652 2299 τὸ

2092 2339 2383 2411 σύνταγμα
2430 2336 2717 2411 προελθεῖν
2756 2339 3093 2409 ἐποιήσατο,
3154 2338 3274 2392 ἀλλ’
3307 2332 3469 2402 οὗτος
3521 2338 3659 2408 μόνος

2090 2433 2186 2495 καὶ
2216 2431 2316 2503 τὴν
2344 2429 2615 2501 ἀνάληψιν
2645 2430 2892 2502 ἀκριϐῶς
2917 2429 3245 2501 ἐξηγήσατο,
3270 2434 3374 2484 καὶ
3404 2431 3558 2483 πάλιν
3579 2429 3657 2500 τήν

2089 2523 2200 2587 τῶν
2267 2522 2528 2594 Πράξεων
2580 2523 2839 2593 ἀπαρχὴν
2891 2522 3000 2576 ἀπὸ
3042 2522 3251 2593 ταύτης
3314 2524 3658 2592 ὑπεστήσατο.

2091 2615 2409 2675 Ματθαίου.
2439 2614 2539 2686 μὲν
2582 2614 2694 2686 γὰρ
2737 2614 2893 2679 τέλος
2956 2613 3071 2685 ἔχει
3115 2614 3177 2668 τὸ
3213 2613 3570 2684 Εὑαγγέλιον·
3610 2612 3662 2664 οι

2090 2709 2286 2765 ἕνδεκα
2318 2708 2558 2781 μαθηταὶ
2590 2707 2990 2779 επορεύθησανο
3020 2706 3226 2772 relegi
3255 2707 3411 2771 Ἕως
3438 2707 3536 2777 τῆς
3566 2722 3666 2758 συν-

2092 2798 2307 2863 τελείας
2329 2797 2433 2855 τοῦ,
2456 2797 2675 2862 αἰῶνος.
2708 2798 2904 2869 Ἀμήν.
2945 2815 2965 2848 ι
2998 2798 3109 2853 Καὶ
3137 2797 3269 2868 περὶ
3299 2796 3407 2867 μὲν
3437 2797 3535 2866 τῆς
3552 2796 3667 2849 ἀνα-

2094 2891 2313 2963 λήψεως
2339 2891 2493 2946 οὐδὲν
2523 2890 2873 2963 προστίθησι.
2902 2890 3146 2959 Μάρκος
3178 2890 3238 2945 δὲ
3262 2891 3317 2943 εἰ
3347 2890 3445 2945 καὶ
3480 2904 3668 2959 μνημο-

2095 2984 2263 3050 νεύει,
2290 2983 2411 3037 ἀλλ*
2436 2983 2512 3047 ὡς
2531 2980 2598 3036 ἐν’
2619 2982 2912 3054 ἐπιδρομῇ,
2942 2982 3120 3051 λέγων
3140 2997 3155 3011 ⁸
3202 2982 3264 3036 '0
3300 2982 3409 3053 μὲν
3452 2977 3543 3035 οὖν
3570 2978 3667 3033 Κύ-

2102 3094 2218 3150 ριος
2249 3075 2388 3147 μετά
2417 3075 2477 3130 τὸ
2496 3074 2739 3147 λαλῆσαι,
2766 3076 2959 3139 αὐτοῖς
2981 3074 3260 3146 ἀνελήφθη
3288 3077 3377 3137 είς
3408 3072 3669 3143 τδιοὺρα-

2102 3167 2194 3221 νὺν
2221 3165 2317 3220 καὶ
2346 3166 2603 3220 ἐκάθισεν
2631 3167 2691 3219 ὲν
2720 3164 2875 3236 δεξιᾷ
2894 3163 2989 3219 τοῦ
3023 3164 3184 3219 Θεοῦ.
3230 3184 3257 3217 ι
3279 3163 3427 3218 Ούτε
3461 3164 3567 3233 γὰρ
3596 3161 3673 3213 τὸν

2101 3245 2331 3328 τρόπον,
2368 3254 2477 3309 οὐδ’
2504 3253 2636 3308 ἀλλο
2665 3270 2719 3307 τι
2750 3253 2861 3308 τῶν
2901 3251 3243 3311 συνεκτιιεῶν
3275 3251 3591 3323 κεφαλαίων
3612 3249 3670 3317 τῇ

412 3359 516 3400 nec
544 3344 674 3411 alia,
709 3358 833 3413 quae
886 3356 1011 3396 cum
1060 3340 1279 3396 actione
1319 3340 1423 3394 hac
1462 3336 1763 3406 conjuncta
1810 3350 1943 3391 eran

2101 3345 2405 3420 τηλικαύτῃ
2430 3346 2631 3417 πράξει
2648 3345 3017 3401 συνδιέλαδεν.
3052 3342 3335 3401 Ἰωάννου
3366 3346 3504 3399 δὲτὸ
3524 3348 3675 3411 Εὐαγ-

413 3436 782 3511 persequitur.
840 3434 1070 3490 Joannis
1123 3434 1361 3504 denique
1410 3430 1767 3503 Evangelium
1814 3430 1950 3485 histc

2102 3434 2370 3508 γέλιον[ὲν
2384 3433 2487 3507 τῷ]
2503 3435 2647 3489 τέλει
2663 3434 2986 3505 ἀναλήψεως
3009 3434 3111 3505 μὲν
3126 3435 3189 3488 οὑ
3204 3436 3531 3506 παρέδωκεν
3552 3437 3676 3490 ιστο-

413 3530 551 3596 riam
593 3527 936 3584 ascensionis
977 3527 1033 3582 in
1090 3527 1199 3582 ﬁne
1249 3540 1361 3580 non
1409 3522 1654 3589 tradidit,
1707 3521 1946 3579 subinnu

2107 3526 2255 3596 ρίαν,
2277 3524 2682 3596 ἐπεσημαίνετο
2707 3523 2785 3589 δὲ,
2811 3525 2935 3591 ὅτι(
2960 3523 3141 3577 Πολλά
3158 3523 3256 3578 καὶ
3283 3525 3427 3579 ἄλλα
3449 3527 3678 3595 ἐποίησεν

414 3636 569 3687 vero,
604 3619 776 3685 multa
821 3620 928 3675 alia
971 3618 1165 3675 fecisse
1203 3616 1428 3681 Iesum,
1472 3615 1676 3687 quibus
1720 3614 1776 3670 in
1827 3630 1950 3669 unut

2098 3614 2128 3666 ὁ
2142 3614 2374 3686 Ἰησοῦς,
2390 3613 2552 3669 ἀτινα
2572 3615 2668 3669 ὲάν
2684 3615 2968 3687 γράφηται
2980 3613 3105 3669 καθ’
3122 3614 3205 3681 ἓν,
3222 3616 3349 3670 οὐδὲ
3361 3618 3528 3671 αὐτὸν
3547 3615 3679 3690 οἶμαι

418 3714 660 3781 collatis,
694 3728 803 3775 non
831 3711 1056 3777 credere
1084 3725 1164 3777 se,
1200 3708 1383 3782 ipsum
1417 3707 1685 3765 mundum
1726 3705 1901 3762 libros
1930 3705 1950 3759 ε

2098 3707 2193 3762 τὸν
2208 3707 2415 3777 κόσμον
2430 3707 2763 3777 χωρῆσαιτά
2788 3707 3114 3778 γραφόμενα
3133 3707 3343 3777 βιϐλία.
3376 3729 3399 3764 ι
3430 3712 3598 3774 Μόνος
3613 3712 3677 3773 δὲ,

417 3806 487 3869 iis
536 3806 772 3875 scriptos
830 3818 1027 3872 capere
1073 3802 1297 3873 posse".
1354 3800 1544 3872 Itaque
1597 3814 1743 3856 unus
1787 3796 1998 3862 Lucas,

416 3896 564 3971 quod
598 3895 734 3961 dixi,
776 3904 831 3959 et
861 3893 1246 3956 ascensionem.
1281 3891 1338 3947 in
1370 3891 1477 3949 ﬁne
1517 3888 1795 3960 Evangelii
1836 3888 2001 3945 latius

419 3986 791 4060 persequitur,
816 3999 876 4045 et.
900 3988 970 4045 ab
1000 3987 1193 4044 eadem
1224 3984 1463 4044 Actuum
1496 3983 1628 4043 facit
1656 3984 1897 4041 initium.

419 4146 753 4217 QUIESTIO
783 4145 997 4204 CXXIV
1039 4145 1230 4222 [σοῖσι.
1266 4142 1500 4212 CXLVI,
1556 4142 1721 4201 Taur.
1763 4140 2000 4215 CXLV].

496 4242 719 4309 Quoties
776 4242 1023 4295 Christus
1073 4239 1331 4309 apostolis
1386 4248 1504 4307 post
1564 4237 2003 4309 resurrectionem

691 4327 847 4366 suam
884 4308 1155 4380 apparuit,
1180 4320 1231 4365 et
1255 4309 1369 4377 ubi,
1401 4319 1449 4364 et
1479 4308 1734 4379 quando?

2096 3799 2175 3865 ὡς
2210 3797 2449 3871 εἴρηται,
2472 3797 2712 3866 Λουκᾶς
2739 3801 2834 3856 καὶ
2866 3801 2968 3872 τὴν
3016 3800 3287 3872 ἀνάληψιν
3318 3803 3385 3857 ἐν
3430 3802 3511 3873 τῷ
3555 3805 3676 3855 τέλει

2099 3890 2195 3950 τοῦ
2221 3892 2553 3961 Εὐαγγελίου
2577 3892 2916 3965 πλατύτερον
2934 3892 3233 3963 διεξῆλθεν,
3268 3893 3374 3948 καὶ
3401 3897 3504 3966 τὴν
3529 3896 3683 3968 ἀρχὴν

2099 3984 2210 4040 τῶν
2245 3983 2508 4057 Πράξεων
2532 3985 2641 4039 ἀπὸ
2678 3983 2888 4055 ταύτης
2916 3987 3176 4056 προάγει.

2670 4139 3004 4196 ΕΡΩἸῊΣΙΣ
3029 4139 3201 4198 ΡΚΔ¹.

2112 4235 2381 4307 Ποσὰκις
2403 4236 2436 4289 ό
2454 4232 2723 4307 *Χριστὸς
2754 4233 2881 4307 τοῖς
2912 4234 3284 4303 ἀποστόλοις
3312 4240 3473 4307 μετὰ
3500 4240 3607 4304 τὴν
3624 4235 3680 4290 ἐκ

2184 4304 2416 4374 νεκρῶν
2434 4304 2777 4359 ἀνάστασιν
2798 4303 2991 4374 ὤφθη,
3019 4310 3117 4359 καὶ
3142 4307 3286 4374 ποῦ,
3312 4303 3429 4364 ’καὶ
3456 4303 3627 4373 adre;

485 4450 739 4513 Editarum
759 4464 789 4501 ιι
816 4451 993 4507 Wolﬁo
1013 4463 1145 4501 nona
1163 4449 1219 4513 (l.
1245 4460 1312 4511 c.,
1336 4461 1386 4512 p.
1411 4449 1522 4511 752,
1547 4448 1656 4497 753.
1682 4444 1950 4557 (3³11³ηὲΞέ

2097 4442 2279 4555 ρὸηζὲῐὲ,
2299 4456 2350 4492 ιι.
2376 4441 2460 4503 25)
2517 4466 2579 4478 —
2601 4441 2677 4492 De
2698 4454 2908 4494 onmem
2929 4442 3297 4507 apparitionum
3316 4445 3505 4497 Christi
3535 4447 3637 4506 post

493 4624 639 4680 Intra
665 4622 1031 4694 quadraginta
1058 4622 1177 4678 dies
1206 4620 1457 4677 Salvator
1484 4635 1515 4675 a
1546 4618 1833 4689 discipulis
1868 4632 2003 4673 con-
2035 4615 2082 4673 D

422 4727 646 4787 spectus
673 4726 777 4783 est,
812 4715 1070 4771 undecies
1103 4728 1235 4769 vero
1288 4720 1507 4775 tantum.
1540 4728 1601 4773 se
1642 4711 1750 4769 illis
1788 4708 2011 4780 conspi-

422 4804 681 4858 ciendum
737 4804 1007 4881 prazbuit;
1065 4818 1169 4870 nec
1218 4802 1339 4859 sine
1393 4801 1626 4857 ratione.
1682 4800 1819 4865 Cum
1860 4800 2006 4853 enim

426 4895 682 4950 undecim
720 4903 908 4951 essent
946 4894 1227 4965 discipuli,
1270 4892 1529 4948 undecies
1560 4906 1780 4962 quoque
1811 4890 2007 4946 iisdem

429 4985 705 5056 apparuit.
753 4984 910 5053 Unde
947 5001 1080 5052 vero
1104 4984 1334 5061 probari
1369 4992 1548 5057 p0test
1583 4982 1840 5036 undecies
1886 4974 2010 5036 tan-

430 5085 547 5129 tum
593 5089 720 5129 eum
770 5074 838 5129 ab
889 5074 999 5129 illis
1038 5075 1112 5129 ita
1164 5087 1521 5145 conspectum
1550 5071 1757 5128 fuisse?
1791 5070 2015 5127 Scilicet

429 5166 671 5238 primum
707 5166 960 5236 apparuit
987 5166 1167 5220 Maria:
1194 5166 1349 5236 juxta
1388 5164 1725 5235 sepulcrum,
1764 5176 1867 5217 nec
1908 5162 2014 5215 mi-

409 5247 540 5318 'nus
576 5258 799 5323 feminis
827 5257 952 5317 aliis
972 5258 1017 5312 ⁸.
1054 5257 1113 5312 Id
1138 5258 1287 5329 quod
1309 5267 1365 5313 et
1397 5256 1578 5312 Isaias
1602 5255 2012 5326 praenuntiavit,

434 5352 693 5412 mulieres
726 5350 1030 5423 appellans,
1065 5359 1120 5405 et
1142 5350 1333 5405 dicens
1365 5367 1378 5402 :
1411 5368 1430 5399 ί
1463 5348 1717 5403 Mulieres
1739 5362 1770 5400 a
1802 5347 2016 5401 visione

507 5493 565 5548 ⁵1
591 5493 719 5551 Cor.
760 5507 860 5562 xu,
884 5489 978 5548 26.
1053 5492 1074 5523 ⁸
1096 5488 1286 5544 Matth.
1320 5502 1511 5553 xxvm,
1541 5486 1632 5539 20.

1715 5485 1921 5540 “Marc.
1957 5501 2066 5547 xw,
2102 5485 2188 5539 19.

2181 4615 2307 4670 Ὅτι
2351 4616 2411 4670 ὲν
2447 4614 2861 4686 τεσσαράκοντα
2912 4614 3151 4686 ἡμέραις
3204 4617 3322 4681 τοῖς
3369 4612 3685 4688 μαθηταῑςι

2116 4705 2306 4776 Σωτὴρ
2359 4704 2675 4771 ὠπτάνετο,
2735 4707 3017 4769 ἐνδεκάκις
3061 4706 3121 4759 δὲ
3170 4706 3337 4777 μόνον
3392 4709 3578 4770 αὐτοῖς
3616 4708 3683 4765 εὶς

2116 4801 2386 4853 ὀπτασίαν
2413 4800 2675 4869 κατέστη.
2711 4801 2823 4853 Καὶ
2866 4799 3093 4863 εἰκότως
3114 4814 3130 4829 ’
3163 4799 3359 4854 ἕνδεκα
3391 4801 3507 4870 γάρ
3535 4799 3682 4852 ὄντων

2114 4889 2224 4942 τῶν
2273 4889 2554 4960 μαθητῶν,
2601 4888 2895 4959 ἑνδεκάτην
2942 4889 3036 4941 καὶ¹
3085 4888 3251 4953 αὐτὸς
3294 4888 3396 4960 τὴν
3438 4888 3685 4943 ὀπτασίαν

2097 4982 2435 5054 ,ὲποιήσατο.
2468 4980 2638 5035 Πόθεν
2674 4981 2733 5034 δὲ
2776 4983 2810 5052 ή
2844 4982 3140 5048 ἀπόδειξις,
3187 4984 3261 5044 ὠς
3297 4982 3496 5035 ἕνδεκα
3546 4979 3682 5050 μόνον

2116 5073 2272 5145 ὤφθη
2299 5072 2586 5139 ὲντεῦθεν;
2622 5074 2735 5127 Καὶ
2758 5072 2866 5145 γάρ
2896 5074 3115 5145 πρῶτον
3149 5074 3250 5145 μὲν
3286 5073 3448 5143 ὤφθη
3476 5076 3542 5144 τῇ
3575 5072 3681 5125 Μα-

2122 5166 2215 5236 ρίᾳ
2245 5167 2304 5219 ὲν
2324 5164 2402 5235 τῷ
2432 5166 2697 5236 μνήματι,
2730 5165 2825 5219 καὶ
2846 5168 2966 5230 ταῖς
2987 5166 3178 5231 ἄλλαις
3196 5166 3465 5236 γυναιξίν.
3494 5166 3682 5232 Ὠσπερ

2121 5242 2217 5319 καὶ
2253 5256 2505 5322 Ἡσαΐας
2532 5259 2931 5327 προαναφωνεί,
2964 5258 3146 5310 καλῶν
3171 5260 3272 5323 τάς
3296 5260 3582 5328 γυναῖκας,
3603 5253 3682 5308 καὶ

2120 5346 2325 5416 λέγων’
2355 5366 2375 5399 ι
2410 5347 2669 5411 Γυναῖκες
2698 5347 2994 5419 ἐρχόμεναι
3013 5348 3123 5402 ἀπὸ
3153 5348 3303 5413 θέας,
3321 5348 3502 5413 δεῦτε,
3532 5348 3676 5413 ἀνᾶγ’

2268 5488 2286 5517 ⁷
2309 5486 2469 5545 Joan.
2506 5503 2619 5553 XXI,
2652 5487 2743 5542 25.
2823 5488 2843 5521 ⁸
2869 5486 3028 5544 Joan.
3062 5504 3153 5557 xx,
3190 5489 3275 5543 I4.

1969 5604 2204 5662 ΝΟΤᾸΕ.

517 5729 628 5801 (85)
665 5728 686 5785 I
717 5730 850 5790 Cor.
885 5744 987 5801 xu,
1022 5730 1117 5802 26,
1146 5728 1242 5793 ubi.
1269 5738 1451 5785 tamen
1482 5743 1582 5809 pro
1614 5724 1950 5795 συνδοξάζετι

2101 5726 2207 5785 itur
2250 5726 2554 5802 συγχαίρει.
