3798 6210
184 277 274 342 ’117

1134 274 1235 332 ΑΙ)
1267 268 1863 330 AMI’IIILOCIIIUM
1900 265 2251 340 QUIESTlO
2269 265 2488 325 CXXV-

3317 253 3423 319 ’ῖιί

183 386 370 457 τείλατε
403 382 535 451 ἡμῖν
567 379 757 452 (85⁹).ι
796 379 1029 434 Ἔπειτα
1054 378 1211 450 ῶφθη
1235 380 1451 450 Πέτρῳ,
1477 375 1595 431 εἶτα
1619 380 1732 440 τοῖς

1931 382 2201 438 ὀτιθιιιθε,
2228 371 2430 436 venite,
2472 368 2790 423 annuntiate
2825 365 3001 423 nobis.
3035 383 3053 417 ι
3093 363 3287 421 Postea
3328 378 3424 432 ap-

185 454 293 546 περὶ
328 471 597 534 Κλεόπαν,
626 472 707 535 είς
735 488 795 525 τε
823 471 927 543 τὴν
977 471 1094 525 ὁδὸν
1138 470 1389 525 ἐπιοῦσιν
1438 471 1621 533 αὐτοῖς
1652 472 1734 534 εἰς

1931 465 2023 521 ἰιίι
2070 464 2289 529 Petro’,
2345 460 2540 515 deinde
2592 458 2909 526 Cleophm‘o
2953 457 3183 527 ejusque
3230 454 3423 519 sociis,

193 562 477 634 Ἐμμαοὺμ,
503 562 611 615 κᾶν
662 559 816 614 οὔπω
847 561 1116 633 συνῄεσαν
1165 564 1385 629 ἐκεῖνοι,
1444 562 1540 615 καὶ
1574 562 1633 613 ἐν
1667 564 1734 631 τῇ

184 657 349 710 κλάσει
386 652 478 705 τοῦ
523 652 710 724 ἄρτου,
748 653 837 707 ὅτε
886 653 1234 724 ἐφανέρωσεν
1285 653 1472 717 αὐτοῖς
1520 651 1734 704 ἑαυτόν.

186 744 298 802 Εῐτα
326 748 434 809 τοῖς
451 744 609 810 δέκα,
651 742 728 814 μὴ
758 743 1028 815 παρόντος
1054 741 1245 813 Θωμᾶ,
1277 742 1444 812 οὔσης
1482 741 1642 812 ὀψίας
1669 744 1736 813 τῇ

182 841 344 911 ἡμέρᾳ
370 837 576 911 ἐκείνῃ.
612 832 749 892 Εἶτα
781 835 918 908 ὁμοῦ
952 836 1139 890 ἐπάνω
1165 835 1547 898 πεντακοσίοις
1581 835 1739 888 ἀδελ-

184 933 307 998 φοῖς,
344 927 580 997 ἐφάπαξ,
635 927 711 990 ὡς
758 925 1186 997 ἐπισημαίνεται
1218 926 1461 989 Παῦλος,
1517 926 1600 979 ὅτι
1647 926 1741 979 καὶ

184 1021 343 1075 αὐτῶν
357 1022 402 1073 ol
425 1019 648 1085 πλείους
676 1018 930 1090 μένουσιν
949 1018 1055 1082 ἓως
1071 1019 1219 1089 άρτι.
1244 1018 1364 1071 Ἔτι
1384 1018 1442 1071 δὲ
1476 1017 1738 1088 Ἰακώϐῳο

184 1116 264 1169 καὶ
292 1113 444 1168 τοῦτο
491 1114 710 1177 Παῦλος
739 1112 983 1166 διδάσκει
1024 1111 1147 1181 οὐχὶ
1177 1111 1339 1181 μόνον
1367 1114 1477 1175 τοῖς
1508 1109 1740 1168 δώδεκα.

185 1208 280 1263 Καὶ
307 1207 410 1278 γὰρ
445 1204 735 1276 προλαϐὼν
756 1201 912 1258 εἶπεν
931 1220 949 1236 ο
989 1222 1008 1255 ι
1046 1203 1226 1274 Ὠφθη
1253 1204 1453 1274 Κηφᾷ’
1488 1198 1609 1256 εἶτα
1631 1205 1744 1266 τοῖς

181 1299 351 1351 ἕνδεκα
376 1297 524 1369 (86);
568 1315 586 1349 ι
615 1297 712 1351 καὶ
745 1295 921 1359 οὕτως
948 1293 1231 1364 ἐπήγαγεν
1257 1296 1371 1356 τοῖς
1400 1292 1742 1357 ἀποστόλοις.

184 1387 302 1448 Εἶτα
330 1392 442 1453 τοῖς
470 1390 615 1444 ἐπτὰ
640 1388 737 1442 ἐπὶ
790 1388 889 1459 τῆς
927 1388 1205 1458 θαλάσσης
1256 1385 1359 1456 τῆς
1401 1383 1741 1455 Τιϐεριάδος,

181 1481 437 1534 τουτέστιν
475 1479 667 1551 Πέτρῳ
693 1479 786 1533 καὶ¹
820 1479 992 1549 Θωμᾷ
1020 1477 1115 1532 καὶ
1143 1475 1461 1547 Ναθαναὴλ,
1506 1474 1749 1544 Ἰακώϐῳ

182 1574 263 1625 καὶ
303 1573 540 1644 Ἰωάννῃ,
594 1570 692 1625 καὶ
736 1570 918 1633 ἄλλοις
949 1570 1045 1624 δύο
1089 1569 1203 1622 τῶν
1242 1567 1504 1639 μαθητῶν
1554 1564 1748 1620 αὐτοῦ.

184 1662 302 1719 Εἶτα
328 1667 437 1729 τοῖς
459 1664 783 1727 ἀποστόλοις
846 1664 1041 1727 πᾶσιν,
1072 1662 1325 1716 τουτέστι
1357 1661 1473 1722 τοῖς
1511 1658 1748 1730 ἐϐδομή-

1844 573 1967 611 cum
2006 558 2111 612 iter
2150 555 2473 609 Emauntem
2511 552 2774 613 facerent,
2816 566 2929 604 rem
2956 550 3129 620 ipsam
3179 548 3424 602 nondum

1844 650 2046 715 edocti,
2098 658 2146 703 et
2206 663 2333 703 cum
2385 646 2439 700 in
2515 644 2782 699 fractione
2823 643 2980 712 panis
3021 643 3261 711 seipsum
3315 639 3426 695 illis

1848 741 2249 798 manifestaret.
2285 739 2458 793 Porro
2486 739 2673 792 decem
2708 735 2994 804 discipulis
3017 734 3083 799 “,
3120 750 3245 789 cum
3287 732 3427 786 Tho-

1847 853 1961 890 mas
1994 851 2102 889 non
2138 834 2355 889 adesset
2374 832 2441 896 “,
2487 837 2544 886 et
2590 829 2814 899 quidem
2863 827 2967 881 sub
2992 840 3274 895 vesperam
3305 824 3427 894 ipso

1848 925 2271 983 resurrectionis
2304 924 2413 978 die.
2454 921 2591 977 Inde
2636 920 2926 989 discipulis
2969 916 3247 981 undecim,
3288 931 3432 985 prae-

1850 1025 2006 1074 sente
2042 1016 2206 1071 etiam
2232 1023 2287 1071 et
2320 1020 2683 1070 annumerato
2707 1012 2815 1067 illis
2840 1011 3071 1065 Thoma.
3099 1009 3292 1064 Postea
3318 1006 3429 1061 l‘ra-

1852 1109 2028 1164 tribus
2066 1106 2383 1178 quingentis
2424 1115 2480 1161 et
2534 1105 2767 1174 amplius
2815 1103 3001 1167 simul,
3045 1116 3279 1173 quorum
3321 1098 3434 1169 ple.

1851 1216 2054 1271 rosque
2073 1200 2253 1253 adhuc
2278 1213 2567 1267 superesse
2594 1197 2796 1251 Paulus
2821 1206 3052 1250 testatur
3076 1195 3141 1250 η.
3164 1191 3436 1246 Praeterea

1851 1290 2139 1359 Jacobo“;
2170 1290 2314 1361 quod
2334 1291 2476 1345 idem
2498 1287 2702 1344 Paulus
2718 1289 2895 1351 docet,
2924 1301 3031 1340 non
3061 1285 3281 1354 quidem
3316 1294 3438 1337 tan—

1855 1390 1972 1437 tum
2041 1384 2184 1437 inter
2232 1380 2520 1435 duodecim
2582 1380 2724 1433 illos.
2777 1377 2922 1432 Ante
2967 1376 3113 1430 enim
3171 1375 3436 1429 dixerat:

1860 1494 1880 1527 ι
1898 1474 2170 1545 Apparuit
2190 1472 2386 1542 Cephae
2413 1491 2425 1527 :
2454 1480 2641 1541 postea
2666 1469 2958 1526 duodecim
2986 1467 3095 1521 illis
3122 1466 3165 1497 ¹⁵
3188 1483 3206 1534 ;
3231 1482 3249 1517 ι
3275 1466 3443 1519 adeo-

1857 1584 1965 1639 que
2007 1568 2275 1638 apostolis
2326 1567 2481 1621 illum
2537 1564 2935 1632 supcraddidit.
2974 1560 3182 1615 Deinde
3229 1566 3440 1625 septa-tn

1858 1660 1989 1725 illis,
2034 1659 2100 1713 ad
2132 1674 2282 1712 mare
2312 1656 2622 1711 Tiberiadis
2664 1653 3033 1724 congregatis,
3076 1651 3181 1704 hoc
3217 1658 3301 1703 est
3334 1647 3440 1701 Pe-

182 1776 349 1814 κοντα.
387 1752 521 1815 Εἶτα
578 1757 658 1821 εἰς
688 1756 749 1809 τὸ
781 1755 909 1826 ὅρος
962 1754 1063 1825 τῆς
1095 1751 1389 1816 Γαλιλαίας
1422 1744 1484 1805 οὗ
1525 1752 1746 1816 ἐτάξατο

1931 1768 1964 1817 ι,
2008 1751 2253 1812 Thomas,
2303 1747 2655 1809 Natbanaeli,
2683 1744 2913 1810 Iacobo,
2952 1741 3171 1806 Joanni,
3220 1747 3277 1793 et
3319 1739 3443 1792 aliis

180 1849 387 1912 azngs
411 1847 644 1919 Ἰησοῦς,
677 1848 771 1903 καὶ
795 1848 874 1911 εἰς
887 1846 949 1901 τὸ
964 1846 1090 1917 ὅρος
1112 1845 1223 1900 τῶν
1255 1843 1504 1909 Ἐλαιῶν,
1531 1842 1750 1916 ὃτεξίὸἵ)

180 1943 315 2012 καιὴ
346 1942 635 2013 ἀνάληψις.

1857 1844 2075 1901 duobus
2128 1844 2413 1914 discipulis
2465 1844 2583 1897 suis
2613 1843 2678 1896 ¹⁶.
2728 1840 2902 1895 Porro
2951 1835 3215 1907 apostolis
3255 1834 3441 1888 omni»

1859 1941 1964 1996 bus
1991 1942 2056 2005 ⁸⁷,
2108 1938 2210 1993 hoc
2256 1949 2341 1993 est
2394 1934 2741 2007 septuaginta
2794 1931 3099 1999 discipulis.
3142 1926 3345 1981 Deinde
3388 1926 3448 1981 in

181 2043 349 2088 monte
377 2033 615 2089 Galilaue
637 2034 700 2099 ⁸³,
727 2049 837 2104 quo
856 2032 1151 2089 convenire
1172 2046 1269 2089 eos
1284 2030 1446 2089 Jesus
1470 2030 1733 2102 iusserat,
1764 2042 1819 2089 et
1847 2034 1903 2088 in
1934 2044 2119 2091 monte
2145 2030 2365 2098 ()liveti,
2401 2030 2544 2084 unde
2582 2038 2637 2083 et
2661 2024 2925 2080 Ascensio
2954 2021 3096 2077 facta
3126 2028 3211 2074 est
3231 2018 3298 2072 ¹⁹.

666 2150 1004 2202 ΕΡΩΤΗΣΙΣ
1060 2149 1238 2205 ΡΚΕ⁹.

179 2243 272 2295 Διά
302 2244 355 2297 τί
383 2244 787 2311 παρήγγειλεν
818 2244 849 2295 ὁ
893 2240 1147 2307 Χριστός
1190 2239 1333 2311 τοῖς
1380 2238 1753 2311 ἀποστόλοις

239 2314 350 2366 ἀπὸ
412 2309 845 2380 Ἱεροσολύμων
881 2311 967 2379 μὴ
1028 2310 1406 2379 χωρίζεσθαι,
1457 2309 1557 2364 καὶ
1608 2309 1752 2363 πότε

242 2383 350 2451 τὴν
375 2384 747 2453 ἐπαγγελίαν
774 2382 882 2435 τοῦ
912 2382 1144 2449 Πατρός
1172 2380 1454 2449 ἤκουσαν
1468 2397 1491 2447 ;

1854 2148 2187 2217 ΟυΑΞδΤΙΟ
2228 2144 2420 2202 CXXV
2459 2142 2645 2216 [CoisL
2688 2136 2945 2204 CXLVII,
2985 2136 3151 2191 Taur.
3185 2128 3445 2202 CXLVI].

1856 2240 2036 2307 Quare
2080 2238 2325 2292 Christus
2359 2234 2607 2306 prwcepit
2653 2231 2938 2307 apostolis,
2968 2247 3002 2307 _¢
3034 2244 3097 2307 ne
3136 2221 3443 2307 Hierosoly-

1928 2292 2028 2363 nn's
2061 2292 2414 2371 discederent,
2454 2292 2770 2375 et,'quando
2808 2298 3215 2370 promissionem
3259 2292 3449 2347 Patris

1928 2381 2245 2434 audiverunt
2268 2378 2349 2429 ὀἳ
2384 2397 2402 2430 ι

428 2498 685 2550 Editarum
710 2513 735 2548 a
773 2499 952 2547 Wolfio
974 2496 1165 2548 decima
1188 2499 1244 2561 (l.
1282 2511 1349 2559 c.,
1373 2510 1423 2561 p.
1451 2496 1562 2557 754,
1586 2495 1694 2544 755.
1722 2496 1746 2546 Ε

1931 2533 1942 2546 .
1968 2510 2016 2560 p.
2044 2496 2153 2557 725,
2188 2494 2300 2557 72ι,
2318 2508 2368 2547 ιι.
2394 2492 2500 2555 26).
2526 2514 2588 2527 --
2606 2488 2664 2538 In
2696 2487 2820 2538 Acta
2842 2490 3003 2547 apost.
3038 2481 3159 2543 1,4.

241 2611 617 2682 Παρὴγγειλεν
648 2612 835 2672 αὐτοῖς
876 2608 985 2665 ἀπὸ
1036 2606 1432 2679 Ἱεροσολύμων
1474 2606 1551 2678 μὴ
1584 2606 1756 2679 χωρί-

177 2704 379 2771 ζεσθαι,
410 2704 550 2757 ἀλλὰ
576 2702 894 2775 περιμένειν
912 2701 1011 2773 τὴν
1033 2700 1367 2771 ἐπαγγελίαν
1388 2698 1482 2752 τοῦ
1516 2699 1631 2751 Πατ
1642 2700 1753 2769 ρὸς,

178 2797 238 2867 ἦν
255 2796 528 2867 ἠκούσατέ
557 2812 682 2867 μου.
726 2795 866 2848 Ἀλλ’
896 2794 981 2847 ὅτι
1018 2792 1118 2864 μὲν
1140 2794 1169 2846 ὁ
1208 2792 1397 2862 Σωτὴρ
1438 2791 1568 2862 ἔφη,
1597 2790 1759 2844 τοῦτο

175 2889 344 2960 δῆλον.
395 2885 561 2943 Εἶπεν
598 2888 730 2959 γὰρ,
764 2888 847 2945 ἆτι
916 2905 935 2938 ι
980 2883 1286 2940 Ἀναϐαίνω
1315 2883 1453 2955 πρὸς
1498 2882 1591 2936 τὸν
1638 2883 1755 2935 Πα-

177 2980 301 3053 τέρα
330 2998 458 3051 μου,
499 2981 594 3035 καὶ
632 2977 938 3050 παρακαλῶ
985 2977 1171 3043 αὐτὸν,
1221 2975 1319 3030 καὶ
1363 2975 1575 3046 πέμπει
1628 2974 1759 3044 ὑμῖν

176 3072 261 3125 τὸν
287 3073 670 3146 Παράκλητον.
710 3092 730 3124 ι
770 3072 829 3126 '0
865 3071 923 3125 δέ
966 3070 1159 3139 Πατὴρ
1190 3067 1295 3121 ποῦ
1344 3066 1757 3138 ἐπηγγείλατος

179 3166 237 3218 ἐκ
260 3168 358 3236 μὲν
380 3166 492 3236 γὰρ
522 3165 617 3220 τοῦ
652 3164 992 3235 Εὗαγγελίου
1036 3164 1071 3235 ἡ
1100 3161 1200 3216 τοῦ
1251 3161 1471 3233 Πατρδς
1519 3163 1766 3228 ἐπαγγε-

1934 2606 2203 2675 Praecepit
2263 2604 2372 2659 illis
2417 2617 2483 2656 ne
2528 2596 2923 2667 Hierosolymis
2953 2592 3320 2655 discederent,
3352 2587 3453 2643 sed

1864 2705 2252 2768 exspectarent
2278 2693 2704 2765 promissionem
2736 2687 2933 2750 Patris,
2962 2699 3128 2754 quam
3166 2698 3229 2736 ex
3262 2695 3320 2735 se
3351 2693 3457 2731 an.

1865 2791 2122 2847 diverint.
2180 2787 2338 2855 Quod
2388 2784 2651 2840 Servator
2704 2780 2757 2835 id
2808 2776 3049 2840 dixerit,
3099 2770 3454 2828 manifestum

1867 2884 2060 2954 utique
2112 2890 2216 2937 est.
2262 2878 2482 2932 Dixerat
2531 2873 2676 2930 enim
2709 2890 2724 2927 :
2761 2889 2780 2923 ι
2812 2866 3066 2925 Ascendo
3122 2866 3191 2919 ad
3235 2864 3453 2917 Patrem

1864 2952 2074 3043 meum,
2102 2984 2158 3031 et
2198 2971 2464 3044 precabor
2494 2967 2670 3029 illum,
2715 2973 2772 3019 et
2808 2962 2991 3017 mittet
3023 2958 3181 3013 vobis
3216 2952 3457 3008 Paracli-

1865 3076 1983 3122 tum
2006 3067 2077 3118 “.
2109 3083 2126 3114 ι
2177 3062 2280 3119 Ubi
2308 3074 2439 3114 vero
2469 3056 2633 3111 Pater
2664 3053 2797 3109 illud
2832 3048 3118 3122 promisit?
3151 3045 3276 3100 Haac
3309 3044 3458 3098 enim

1867 3154 2049 3211 Patris
2081 3150 2378 3224 promissio
2410 3163 2476 3201 ex
2505 3141 2805 3214 Evangelia
2833 3155 2942 3194 non
2993 3142 3232 3192 constat.
3266 3130 3461 3184 Nonne

179 3220 751 3331 λίαοὺχιειίρίσκεται.
779 3220 857 3311 ζ’ίί
887 3220 1071 3327 δῆλον,
1100 3256 1177 3320 ὼς
1210 3255 1270 3309 ἐν
1314 3220 1429 3319 τοὶς
1451 3220 1746 3324 -προφηταιι

1931 3248 2041 3302 itur
2081 3220 2466 3313 consequitur,
2504 3237 2561 3292 in
2598 3231 2885 3308 prophetis
2935 3244 3057 3285 eam
3088 3222 3368 3282 inveniri?
3403 3220 3463 3274 ιιι

179 3351 489 3423 εὑρίσκεται
517 3367 533 3416 ;
563 3351 639 3415 ὡς
671 3351 943 3421 μαρτυρεῖ
974 3348 1070 3403 καὶ
1094 3347 1307 3410 Παῦλος
1343 3345 1542 3415 λέγων·
1576 3365 1594 3397 ι
1620 3342 1765 3398 Παῦ-

184 3444 305 3513 λος,
361 3447 554 3511 δοῦλος
619 3445 796 3517 Ἰησοῦ
854 3444 1115 3516 Χριστοῦ,
1175 3443 1371 3513 κλητὸς
1436 3441 1761 3504 ἀπόστολος,

180 3539 566 3612 ἀφωρισμένος
596 3539 678 3602 είς
728 3536 1062 3606 Εὑαγγέλιον
1114 3533 1275 3600 Θεοῦ,
1311 3533 1340 3589 ὃ
1393 3530 1767 3603 προεπηγγεί-

180 3626 303 3683 λατο
329 3630 419 3684 διὰ
467 3629 580 3683 τῶν
629 3628 930 3701 προφητῶν
961 3626 1126 3681 αὑτοῦ
1178 3628 1238 3682 ἐν
1295 3626 1545 3698 Γραφαίς
1581 3622 1769 3691 ἁγίαις

182 3723 436 3795 περὶτοῦ
472 3722 607 3777 Υίοῦ
633 3722 822 3777 αὑτοῦ.
863 3741 882 3773 ι
941 3718 1534 3793 Προεπαγγειλάμενος
1585 3716 1770 3771 τοίνυν

184 3815 540 3885 Εὐαγγέλιον,
570 3814 938 3885 ἐπηγγείλατο
970 3813 1067 3867 καὶ
1086 3811 1315 3883 Πνεῦμα
1344 3810 1502 3879 ἅγιον
1538 3809 1766 3863 διδόναι.

183 3908 341 3976 Λέγει
378 3907 440 3962 δέ
470 3907 568 3962 καὶ
610 3906 700 3960 διὰ
730 3903 825 3959 τοῦ
882 3904 1165 3976 προφήτου
1207 3904 1237 3957 ό
1266 3901 1399 3966 Θεός
1428 3916 1442 3931 ·
1468 3919 1487 3954 ι
1510 3900 1599 3954 Ἐν
1652 3902 1773 3963 ταῖς
1832 3946 1845 3956 .

183 4004 440 4075 ἐσχάταις
462 4005 727 4077 ἡμέραις,
754 4002 903 4073 λέγει
925 4000 1129 4072 Κύριος
1144 3998 1563 4069 παντοκράτωρ,
1598 3995 1775 4065 ἐκχεῶ

184 4098 290 4151 ἀπὸ
318 4097 417 4151 τοῦ
458 4095 778 4168 Πνεύματός
811 4111 912 4164 μου
943 4094 1038 4147 ἐπὶ
1062 4093 1244 4147 πᾶσαν
1284 4090 1486 4162 σάρκα,
1518 4088 1613 4142 καὶ
1636 4103 1776 4158 προ-

185 4191 549 4261 φητεύσουσιν
577 4190 627 4242 οί
662 4189 768 4242 υἱοὶ
799 4186 956 4256 ὑμῶν
985 4186 1083 4239 καὶ
1112 4185 1169 4237 αἱ
1200 4183 1503 4252 θυγατέρες
1533 4180 1712 4250 ὑμῶν.
1748 4197 1768 4230 ι

195 4281 326 4337 Ἰδοὺ
349 4284 383 4354 ἡ
406 4278 716 4351 ἐπαγγελία
739 4280 752 4332 l
788 4277 925 4331 Ἦδέ
955 4274 1201 4338 ἔκϐασις,
1222 4274 1303 4326 ὃτι
1322 4270 1435 4342 (88)
1462 4268 1528 4323 τὸ
1552 4267 1780 4337 Πνεῦμα

186 4374 244 4430 τὺ
289 4376 450 4444 ἅγιον
501 4375 559 4427 ἐν
611 4371 738 4425 εῖδει
792 4368 1055 4440 γλωσσῶν
1102 4364 1189 4436 ἐφ’
1249 4363 1347 4417 ἐνα
1388 4362 1621 4415 ἕκαστον
1670 4359 1779 4412 τῶν

190 4466 454 4539 μαθητῶν
498 4465 741 4529 ἐκάθισε,
794 4462 891 4517 καὶ
943 4459 1170 4514 ἐλάλουν
1224 4455 1297 4511 τὰ
1354 4452 1622 4525 μεγαλεῖα
1680 4448 1778 4504 τοῦ

188 4559 341 4614 Θεοῦ.
377 4560 506 4612 Ὅτι
561 4556 620 4609 δέ
659 4558 689 4610 ὁ
735 4553 924 4624 Πατὴρ
973 4549 1148 4605 ταῦτα
1188 4548 1358 4618 λέγει,
1401 4546 1503 4616 οὐχ
1552 4545 1582 4598 ὁ
1625 4543 1777 4606 Υἱὸς,

187 4652 252 4705 ἐκ
275 4652 379 4722 τῆς
407 4648 708 4719 ἐπαγωγῆς
728 4646 908 4716 δῆλον.
942 4662 961 4696 ι
994 4644 1104 4697 Καὶ
1126 4641 1284 4697 δώσω
1309 4638 1441 4710 γὰρ,
1478 4637 1633 4708 φησι,
1676 4652 1776 4706 ση-

194 4747 322 4813 μεῖα
347 4746 407 4798 ἐν
430 4742 512 4814 τῷ
534 4738 745 4812 οὐρανῷ
770 4738 903 4805 ἄνω,
941 4738 1037 4789 καὶ
1060 4737 1118 4788 ἐν
1145 4736 1212 4803 τῇ
1244 4735 1317 4804 γῇ
1343 4732 1515 4787 κάτω.
1559 4750 1579 4783 ι
1630 4723 1783 4799 Αἷμα

196 4839 291 4908 μὲν
321 4837 462 4908 γὰρ,
487 4836 515 4888 ὃ
545 4832 847 4905 παραδόξου
904 4827 1131 4899 σημείου
1175 4825 1334 4893 λόγον
1374 4823 1585 4893 ἐπέχει,
1622 4819 1683 4873 τὺ
1720 4819 1787 4870 ἐκ

1865 3315 2014 3397 enim
2068 3336 2272 3392 Paulus
2322 3345 2544 3402 quoque
2600 3335 2866 3392 testatur,
2912 3322 3146 3378 dicens:
3181 3337 3198 3371 ι
3230 3315 3462 3377 Paulus,

1870 3444 2064 3488 servus
2096 3426 2230 3483 Jesu
2258 3422 2487 3485 Christi,
2527 3426 2757 3475 vocatus
2803 3413 3118 3487 apostolus,
3170 3414 3465 3478 separatus

1870 3524 1937 3578 ad
1967 3520 2326 3590 Evangelium
2365 3514 2485 3581 Dei,
2518 3512 2669 3584 quod
2718 3517 2879 3564 antea
2912 3504 3170 3578 promisit
3199 3516 3295 3572 per
3328 3512 3460 3569 pro-

1869 3618 2064 3688 phetas
2107 3627 2241 3669 suos
2290 3612 2345 3666 in
2377 3604 2679 3676 Scripturis
2722 3601 2899 3658 sacris
2936 3599 3005 3655 de
3036 3596 3175 3651 Filio
3216 3610 3318 3649 suo
3336 3593 3403 3646 ".
3440 3607 3463 3643 ι

1876 3685 2109 3779 Quando
2131 3710 2319 3779 itaque
2359 3702 2721 3774 Evangelium
2754 3706 2882 3755 ante
2905 3692 3185 3766 promisit,
3218 3685 3471 3760 promisit

1875 3807 2039 3862 etiam
2085 3820 2145 3860 se
2189 3782 2459 3872 Spiritum
2505 3806 2760 3854 sanctum
2806 3793 3065 3848 daturum
3131 3798 3278 3841 esse.
3324 3779 3470 3834 Deus

1873 3912 2002 3954 vero
2037 3895 2201 3950 etiam
2234 3871 2328 3964 per
2358 3891 2681 3963 prOphetam
2714 3885 2790 3940 ait
2818 3902 2832 3939 :
2872 3901 2890 3934 ι
2923 3883 2981 3936 In
3017 3876 3226 3933 ultimis
3249 3871 3470 3933 diebus,

1874 3991 2007 4047 dicit
2036 3988 2181 4043 Deus
2210 3962 2581 4055 onmipotens,
2611 3981 2678 4035 de
2709 3976 2919 4047 Spiritu
2950 3987 3071 4026 meo
3096 3962 3468 4055 etfundamiin

1875 4095 2095 4137 omnem
2117 4054 2375 4143 carnem,
2393 4082 2448 4130 et
2475 4069 2885 4144 prophetabunt
2916 4064 3011 4119 lilii
3046 4059 3240 4124 vestri,
3270 4067 3325 4111 et
3346 4054 3472 4108 ﬁliae

1877 4182 2070 4229 vestrm
2091 4172 2156 4224 ⁸³.
2187 4189 2207 4223 ι
2256 4168 2337 4223 En
2386 4162 2847 4237 promissionem!
2912 4156 3140 4225 lmpleta
3196 4164 3329 4205 vero
3373 4146 3468 4200 illa

1877 4272 1983 4329 est,
2007 4263 2228 4335 quando
2267 4260 2504 4330 Spiritus
2534 4264 2761 4313 sanctus
2789 4251 2892 4307 sub
2918 4247 3103 4319 specie
3143 4245 3462 4313 linguarum

1880 4358 1935 4412 in
1991 4334 2326 4425 unoquoque
2367 4349 2765 4418 discipulorum
2828 4339 3083 4398 consedit
3105 4338 3191 4401 “,
3249 4334 3468 4403 ipsique

1881 4465 2078 4521 magna
2126 4447 2221 4502 Dei
2268 4460 2434 4515 opera
2474 4440 2846 4512 exponebant.
2889 4436 3125 4490 Patrem.
3161 4444 3291 4482 vero
3336 4427 3471 4487 haec,

1883 4516 2002 4599 non
2021 4540 2243 4603 Filium,
2276 4537 2449 4605 loqui,
2471 4549 2539 4588 ex
2564 4529 2923 4602 sequentibus
2953 4529 3182 4595 apparet
3210 4537 3223 4573 :
3264 4537 3283 4569 ‹
3317 4516 3466 4570 Dabo

1883 4636 2051 4699 enim,
2090 4631 2288 4701 inquit,
2323 4628 2483 4698 signa
2522 4625 2579 4679 in
2618 4622 2759 4679 coalo
2809 4631 2997 4689 supra,
3030 4622 3085 4669 et
3118 4612 3171 4666 in
3206 4619 3352 4663 terra
3384 4606 3470 4660 in-

1882 4729 1986 4783 l’ra.
2022 4745 2040 4777 ι
2075 4723 2311 4794 Sanguis
2341 4719 2509 4782 enim,
2555 4718 2652 4787 qui
2692 4712 2836 4785 signi
2888 4706 3157 4765 mirabilis
3191 4702 3463 4757 rationem

1884 4821 2081 4884 habet,
2108 4817 2199 4871 ille
2242 4824 2346 4881 est,
2390 4812 2485 4883 qui
2525 4827 2592 4867 ex
2626 4807 2840 4866 Domini
2884 4805 3056 4858 latere
3098 4806 3222 4869 post
3254 4794 3467 4884 obitum

192 4882 291 5000 τῆς
329 4882 674 4998 λεὲποτικῖἷς
704 4923 847 4996 μετὰ
882 4882 1113 4977 θάνατον
1141 4917 1346 4990 ρεῦσαν
1370 4882 1634 4984 πλευρᾶς·
1677 4909 1746 4963 πῦ

1931 4882 2085 4975 uxit;
2122 4908 2264 4979 ignis
2286 4882 2423 4961 vero
2452 4904 2564 4971 ille,
2588 4901 2703 4975 qui,
2736 4907 2795 4952 ut
2825 4896 3033 4952 dictum
3058 4899 3165 4955 est,
3196 4882 3469 4955 apostolis

195 5020 272 5086 δέ,
301 5019 364 5073 τὸ
391 5021 508 5082 τοῖς
547 5015 897 5080 ἀποστόλοις,
954 5011 1034 5075 ῶς
1087 5009 1439 5082 προείρηται,
1483 5003 1787 5076 διαιρεθὲν.

1898 5010 1981 5058 est
2019 4999 2367 5056 distributus.
2399 5015 2419 5048 ι
2454 4995 2563 5051 Sed
2618 5002 2673 5048 et
2710 4990 2814 5057 sol,
2864 4987 3062 5059 inquit,
3107 4985 3165 5039 in
3218 4980 3478 5038 tenebras

266 5176 328 5229 Ἰ
364 5177 497 5231 Cor.
532 5174 689 5239 “,5.
731 5172 775 5204 ¹⁰
800 5170 936 5226 Luc.
969 5184 1119 5239 XXIV,
1156 5165 1240 5239 Ιθ.
1283 5164 1322 5198 ¹¹
1348 5161 1738 5239 Joan._xx,_‘ln9_.
1780 5158 1823 5239 ‘_'
1849 5151 2369 5239 ibid.‘26._n'.’.l.(:‘.nr.
2407 5165 2497 5239 ειν,
2528 5131 3481 5239 6;.’ἰί]ιι(1.ν’ί;’δὲίἓίιΙΑἱ-ξῖρξἔξίᾒξᾘ

198 5264 313 5303 nl.
339 5248 397 5301 2.

202 5290 313 5373 non;
340 5330 456 5373 tam
483 5315 669 5381 verba,
706 5290 869 5385 quain
905 5290 1354 5368 sensumwrecitat
1376 5290 1626 5358 Photius.

481 5221 713 5299 {fieri}.
748 5221 935 5310 navi.-
969 5221 1265 5310 ""M'atth.
1288 5248 1483 5310 xxvtgl.
1512 5233 1564 5310 _7.
1619 5221 1746 5310 πέλ

1938 5228 2074 5310 12.Λ
2098 5225 2309 5310 Ἥρω..
2342 5236 2380 5280 I.
2411 5221 2467 5277 4..

1697 5301 1742 5331 ’³
1767 5282 1928 5353 Itoni.
1966 5282 2004 5362 ι,
2040 5295 2094 5348 2.
2134 5293 2310 5347 "Joel
2362 5307 2446 5358 ιιι,
2484 5292 2508 5345 1
2547 5306 2672 5360 sqq.
2707 5287 2754 5318 “
2785 5287 2908 5341 Act.
2941 5300 3005 5350 ιι,
3031 5282 3086 5336 5.

2568 5222 2609 5250 ²¹
2632 5216 2794 5272 Joan.
2832 5229 2948 5279 xw,
2980 5211 3073 5277 16,
3108 5207 3266 5278 cujus
3295 5213 3481 5258 tamen

1736 5440 1964 5498 NOTAE.

297 5593 536 5662 85')lsa.
562 5608 734 5658 xxvn,
757 5591 846 5655 ll,
872 5592 961 5647 ubi
987 5601 1166 5662 tamen
1189 5584 1384 5642 ultima
1413 5581 1595 5637 verba:
1628 5578 1797 5647 ἀναγ-

274 5592 536 5716 SSS'Hsa.
562 5608 734 5658 xxvn,
757 5592 846 5655 ll,
872 5592 961 5647 ubi
987 5601 1167 5671 tamen
1189 5605 1223 5642 u

209 5679 276 5733 τε
301 5665 435 5717 λατε
464 5667 618 5733 ἡμῖν,
650 5663 853 5733 frustra
883 5675 1223 5733 quaesiveris.

284 5735 440 5807 (δεμ
473 5726 597 5792 Cor.
630 5750 720 5802 xv,
758 5732 811 5802 5,
852 5726 984 5803 legis
1014 5732 1127 5795 τοῖς
1157 5726 1390 5784 δώδεκα.

1981 5574 2095 5643 (87)
2124 5572 2334 5643 iLegere
2358 5569 2541 5643 malim
2568 5532 2715 5643 δθεν.

1976 5638 2066 5717 (88
2070 5638 2089 5716 j
2116 5638 2320 5714 Legere
2346 5642 2554 5708 malim,
2591 5638 2704 5691 ὅτε.
