3846 6188
303 259 413 326 719

1464 255 1727 317 PIIOTII
1757 254 2265 316 PATRIARCHE
2296 254 2404 313 (ΖΡ.

3465 247 3569 312 ’120

306 375 685 436 convertetur,
724 375 778 424 et
816 366 944 422 luna
982 366 1036 421 in
1083 365 1433 438 sanguinem,
1465 377 1756 436 antequam
1788 382 1880 421 ve-
1913 418 1915 423 .

2068 365 2229 420 Ἀλλὰ
2277 364 2371 418 καὶ
2409 364 2438 414 ὁ
2483 360 2654 433 ἥλιος,
2703 361 2894 432 φησὶν,
2934 361 3458 433 μεταστραφήσεται
3495 365 3574 424 εἰς

308 463 423 518 niat
477 461 593 518 dies
629 459 848 515 Domini
899 475 1096 529 magna
1149 467 1204 514 et
1263 459 1514 522 illustris,
1549 477 1566 510 ι
1626 459 1730 511 hoe
1776 466 1883 521 est,

313 552 458 608 Filii.
507 551 634 607 Haec
671 561 856 605 autem
909 565 939 604 a
986 549 1171 615 Patre,
1214 565 1322 604 non
1360 565 1387 602 a
1439 549 1725 618 propheta.
1757 546 1886 612 dici,

310 645 529 702 initium
563 643 772 714 oraculi
803 644 968 714 hujus
1004 652 1254 700 testatur.
1284 642 1340 696 Id
1387 642 1531 696 enim
1569 643 1641 695 ita
1685 641 1886 696 habet:

317 754 336 785 ο
366 736 425 792 In
467 737 678 793 ultimis
712 736 928 800 diebus,
971 736 1148 805 inquit
1182 734 1466 799 Dominus,
1510 733 1782 788 cﬁ'undam
1822 733 1891 788 de

315 829 521 900 Spiritu
549 845 669 884 meo
715 845 880 899 super
908 843 1128 883 omnem
1161 842 1404 894 carnem,
1435 845 1456 879 ι
1509 835 1617 881 etc.
1657 822 1888 880 Manife-

316 934 461 977 stum
508 923 634 980 hinc
674 932 762 979 est
795 938 888 993 per
917 920 1234 984 Dominum,
1281 934 1390 975 non
1420 920 1763 991 prophetam,
1794 917 1886 989 qui

316 1030 622 1070 conservus
671 1025 857 1069 noster
891 1023 997 1080 est,
1039 1011 1136 1070 sed
1186 1011 1356 1067 Deum
1406 1022 1462 1067 et
1499 1012 1738 1078 Patrem,
1797 1010 1891 1081 qui

317 1118 445 1158 eum
474 1103 707 1170 miserit,
736 1103 990 1158 iudicari.

321 1298 650 1369 QUESTIO
679 1298 890 1355 CXXVI
931 1298 1412 1372 [CoisLCXLVIIL
1434 1299 1901 1371 Taur.C.\'LVIl].

465 1393 690 1460 Quando
721 1393 980 1461 baptizati
1000 1403 1121 1446 sunt
1155 1395 1407 1463 apostoli,
1444 1403 1496 1449 et
1534 1411 1566 1446 a
1613 1410 1712 1463 quo
1737 1395 1762 1446 ?

1993 457 2204 522 σκότος,
2261 456 2356 509 καὶ
2409 457 2443 526 ἠ
2495 454 2692 526 σελήνη
2735 456 2816 517 είς
2874 447 3032 522 αἷμα,
3073 453 3205 524 πρὶν
3256 450 3438 506 ἐλθεῖν
3478 452 3577 522 τὴν

1993 547 2206 618 ἡμέραν
2237 545 2447 616 Κυρίου
2465 543 2564 616 τὴν
2593 542 2838 614 μεγάλην
2880 543 2976 598 καὶ
3004 543 3270 612 ἐπιφανῆ,
3294 540 3573 607 τουτέστι,

1994 633 2090 688 τοῦ
2121 632 2272 686 Υἱοῦ.
2307 651 2326 684 ι
2363 632 2487 686 Ὀτι
2515 632 2572 684 δὲ
2598 632 2707 685 ἀπὸ
2750 629 2845 686 τοῦ
2879 631 3093 703 Πατρδς
3133 630 3355 701 εἴρηται
3381 631 3576 696 ταῦτα,

1997 725 2093 781 καὶ
2114 725 2213 778 οὐκ
2241 723 2351 778 ἀπὸ
2376 723 2470 778 τοῦ
2501 725 2806 796 προφήτου,
2855 725 2889 794 ἡ
2919 722 3066 794 ἀρχὴ
3103 722 3201 776 τοῦ
3231 722 3403 794 ῥητοῦ
3444 741 3579 791 μαρο

1993 819 2166 889 τυρεῖ.
2203 817 2359 888 Ἔχει
2391 815 2518 887 γάρ’
2549 835 2570 869 ι
2593 815 2684 870 Ἐν
2711 817 2833 879 ταῖς
2856 815 3115 886 ἐσχάταις
3139 817 3402 888 ἡμέραις,
3432 815 3581 881 λέγει

1996 909 2221 982 Κύριος,
2278 909 2455 982 ἐκχεῶ
2496 910 2604 964 ἀπὸ
2631 911 2725 963 τοῦ
2760 909 3076 979 Πνεύματός
3124 927 3228 979 μου
3259 910 3357 962 ἐπὶ
3403 910 3584 962 πᾶσαν

2001 1003 2200 1074 σάρκα,
2234 1021 2254 1057 ι
2286 1007 2386 1057 καὶ
2417 999 2567 1072 ἐξῆς.
2599 1001 2804 1072 Κύριος
2832 1001 2892 1058 δὲ
2911 1001 3093 1071 δῆλον,
3124 1002 3209 1056 ὅτι
3243 1002 3344 1071 οὐχ
3380 1001 3414 1052 ὀ
3455 1016 3588 1068 xpo-

2001 1095 2201 1166 φήτης,
2227 1095 2518 1166 ὁμόδουλος
2537 1094 2614 1150 ὢν
2635 1097 2791 1166 ἡμῖν,
2813 1094 2928 1149 ἀλλ’
2958 1095 2986 1148 ὁ
3008 1093 3196 1148 τοῦτον
3222 1091 3585 1152 ἀπεσταλκὼς

2001 1188 2134 1252 Θεὸς
2169 1189 2266 1242 καὶ
2289 1188 2503 1260 Πατήρ.

2523 1298 2860 1352 spumata
2888 1298 3086 1365 ριιςν.

2010 1389 2165 1446 Πότε
2231 1389 2688 1458 ἐϐαπτίσθησαν
2737 1388 2811 1511 ίοί
2862 1387 3196 1442 ἀπόστολοι
3265 1384 3369 1439 καί
3433 1382 3588 1452 παρὰ

2701 1475 2734 1511 τ
2759 1473 2902 1511 roc:

2701 1473 2866 1524 τινος
2879 1473 2902 1524 ;

492 1573 748 1624 Editarum
774 1589 804 1625 a
837 1573 1018 1625 Wolﬁo
1040 1575 1301 1626 undecima
1323 1576 1394 1639 (p.
1426 1556 1655 1626 755-757.
1689 1575 1911 1628 Galland.
1932 1590 1984 1640 p.
2007 1575 2118 1638 τοι,
2143 1589 2195 1626 ιι.
2218 1575 2322 1640 27).
2343 1597 2410 1613 —
2440 1574 2518 1628 De
2538 1574 2784 1638 baptismo
2816 1571 3057 1636 apostolis
3075 1569 3256 1623 Christi
3281 1571 3417 1620 dato.

397 1686 654 1744 Videmus
685 1687 964 1758 apostolos
992 1696 1121 1742 ante
1145 1687 1457 1757 passionem
1488 1688 1696 1743 Christi
1728 1687 1908 1758 bapti-

2083 1679 2426 1760 Εὑρίσκομεν
2453 1687 2584 1754 τοὺς
2625 1685 2956 1750 ἀποστόλους
3001 1683 3267 1746 λαϐόντας
3306 1681 3588 1752 βάπτισμα

320 1794 500 1835 smum
529 1776 763 1833 Joannis
782 1777 1077 1848 accepisse.
1103 1775 1292 1848 Neque
1321 1778 1467 1832 enim
1497 1776 1749 1835 Salvator
1781 1789 1910 1834 ante

321 1872 636 1941 passionem
683 1869 851 1925 alium
915 1868 1247 1940 baptismum
1311 1869 1560 1937 contulit,
1596 1886 1666 1926 ne
1700 1871 1911 1928 scilicet

321 1962 657 2031 praeconium
717 1959 950 2017 Joannis
1002 1959 1220 2016 irritum
1277 1962 1548 2029 redderet,
1581 1975 1674 2018 aut
1707 1960 1910 2018 Iudaeis

325 2052 742 2109 adversantibus
771 2052 1119 2108 occasionem
1166 2052 1433 2123 praeberet
1460 2054 1700 2120 dicendi,
1761 2055 1910 2125 quod

325 2146 382 2200 in
411 2146 766 2216 upprobrium
807 2143 1035 2202 Joannis
1087 2146 1422 2217 baptismum
1460 2147 1753 2217 quemdam
1781 2163 1911 2218 pro-

327 2238 509 2308 prium
569 2237 852 2293 invexerit.
891 2236 1049 2304 Quod
1091 2252 1222 2294 vero
1251 2237 1328 2293 illi
1357 2237 1569 2304 deerat,
1599 2240 1911 2310 supplebat,

325 2345 438 2385 non
495 2344 638 2399 aqua
687 2329 998 2398 baptizans,
1051 2329 1145 2387 sed
1202 2328 1430 2400 Spiritu.
1482 2330 1576 2386 Sie
1616 2333 1762 2386 enim
1795 2332 1912 2402 ipse

258 2460 272 2472 .
326 2421 402 2474 ait
433 2436 449 2474 :
493 2439 512 2472 ι
553 2419 661 2475 Vos
691 2435 821 2474 vero
855 2420 1272 2490 baptizabimini
1313 2419 1522 2493 Spiritu
1553 2431 1766 2488 sancto,
1800 2437 1914 2481 non

330 2521 456 2581 post
489 2512 689 2568 multos
718 2512 837 2568 dies
858 2511 904 2544 "
931 2551 946 2576 ,
989 2529 1008 2563 ι
1040 2526 1234 2579 nempe
1262 2512 1473 2568 decem.
1531 2513 1724 2570 Decem
1786 2531 1916 2569 vero

328 2604 448 2660 dies
486 2604 616 2659 huic
674 2604 824 2672 operi
884 2602 1242 2670 deﬁniuntur,
1280 2614 1340 2660 ut
1367 2603 1502 2661 ﬁdes
1533 2603 1914 2676 apostolorum

329 2696 672 2767 probaretur.
695 2695 881 2752 Gratia
905 2695 1052 2751 enim
1075 2695 1410 2766 quiescente,
1428 2697 1684 2768 nulloque
1700 2715 1914 2767 eorum,

328 2802 452 2854 quae
511 2789 784 2856 promiSsa
845 2794 1026 2854 erant,
1088 2795 1462 2858 comparente,
1531 2788 1666 2845 ﬁdes
1722 2806 1916 2847 eorum

330 2881 712 2946 exercebatur,
745 2895 870 2950 spes
897 2895 1027 2938 vero
1073 2880 1423 2936 occasionem
1469 2882 1915 2950 naneiscebatur,

333 2977 494 3033 ﬁdem
519 2992 628 3032 non
655 2976 880 3032 dubiam
914 2975 1187 3047 pariendi.
1249 2977 1458 3048 Spiritu
1506 2978 1692 3044 itaque
1726 2986 1919 3033 sancto

333 3066 622 3137 baptizari,
653 3067 794 3124 idem
845 3078 950 3135 est.
1001 3067 1148 3138 quod
1193 3067 1458 3139 Spiritum
1494 3079 1745 3126 sanctum
1772 3068 1917 3124 acci-

333 3169 481 3222 pere.
537 3154 746 3224 Spiritu
804 3154 976 3226 igitur
1025 3164 1081 3214 et
1139 3171 1282 3227 aqua
1337 3168 1464 3214 ante
1513 3157 1921 3228 perpessionem

325 3245 554 3301 Christi.
582 3247 844 3317 baptizati
878 3255 1036 3302 erant
1063 3248 1318 3318 apostoli,
1356 3248 1743 3320 lavacrumque
1790 3249 1922 3305 illud

337 3334 536 3393 iisdem
597 3337 654 3392 in
719 3337 1102 3394 remissionem
1162 3347 1534 3409 peccatorum,
1575 3354 1683 3395 non
1737 3349 1924 3396 autem

341 3425 577 3495 Spiritus
601 3428 775 3484 sancti
807 3427 1182 3496 collationem,
1211 3429 1462 3487 cedebat.
1498 3429 1765 3487 Joannem
1798 3446 1925 3486 vero

341 3519 619 3589 apostolos
657 3520 986 3592 baptizasse,
1051 3520 1319 3580 Dominus
1383 3530 1572 3580 noster
1625 3523 1802 3586 docet,
1858 3522 1928 3578 ad

342 3611 584 3676 Petrum,
627 3625 752 3667 cum
787 3611 1051 3668 lavandos
1076 3622 1246 3678 esset,
1299 3613 1634 3672 abnuentem
1689 3613 1879 3670 dicens
1911 3629 1924 3667 :

350 3723 368 3754 ι
405 3703 509 3770 Qui
547 3705 691 3760 lotus
711 3713 814 3770 est,
845 3720 1070 3762 necesse
1092 3721 1201 3762 non
1231 3705 1393 3762 habet
1421 3705 1614 3774 lavari,
1645 3706 1752 3762 nisi
1781 3705 1929 3776 quod

341 3797 412 3852 ad
445 3797 611 3868 pedes
633 3798 699 3852 ³⁸.
738 3816 758 3851 ι
799 3797 916 3855 Hac
937 3799 1084 3856 enim
1116 3814 1252 3856 voce
1279 3799 1543 3864 ostendit,
1569 3813 1677 3854 non
1707 3798 1927 3854 Petrum

342 3889 544 3954 solum,
581 3889 676 3946 sed
707 3891 871 3946 etiam
931 3900 1183 3955 caeteros.
1236 3906 1475 3964 quorum
1534 3890 1724 3947 itidem
1763 3890 1931 3961 pedes

344 3990 555 4036 tantum
608 3982 847 4049 lavabat,
905 3981 1136 4040 Joannis
1199 3983 1473 4053 baptismo
1530 3997 1650 4039 esse
1689 3982 1928 4038 ablutos.

346 4071 597 4128 Salvator
623 4072 789 4144 igitur
807 4073 1139 4144 baptismum
1160 4074 1518 4146 paenitentiae,
1539 4074 1636 4144 qui
1663 4089 1695 4129 a
1720 4070 1931 4128 Joanne

346 4165 403 4219 in
433 4165 816 4222 remissionem
864 4178 1216 4238 peccatorum
1255 4168 1763 4234 administrabatur,
1796 4165 1933 4220 adeo

347 4272 456 4311 non
482 4258 785 4328 abrogavit,
822 4270 882 4317 ut
908 4261 1096 4318 addito
1125 4261 1369 4332 Spiritus
1415 4259 1597 4318 sancti
1625 4260 1771 4316 dono
1805 4273 1930 4314 eum

346 4348 658 4418 perfecerit.

470 4462 804 4532 QUIESTIO
833 4465 1071 4524 CXXVII
1114 4467 1304 4540 [σοῖσι.
1349 4467 1583 4533 CXLIX,
1623 4466 1786 4522 Taur.

982 4557 1290 4633 cxcvnq.

347 4648 650 4719 Quomodo,
703 4653 793 4722 qui
822 4652 880 4708 in
911 4652 1181 4776 Christiani
1214 4652 1607 4778 ‘lgaplizaumr.
1665 4653 1935 4708 Christum

1007 4740 1061 4778 iu
1103 4740 1209 4778 uun
1253 4763 1266 4777 .

1007 4740 1232 4778 mauunt
1253 4740 1266 4777 ἐ

2011 1781 2121 1854 πρὸ
2137 1780 2233 1836 τοῦ
2265 1780 2471 1845 πάθους
2503 1777 2743 1851 Χριστοῦ
2789 1779 2848 1832 τὸ
2888 1777 3162 1832 Ἰωάννου.
3207 1775 3267 1828 '0
3299 1773 3358 1827 δὲ
3401 1773 3591 1844 Σωτὴρ

2011 1874 2119 1946 πρὸ
2146 1873 2245 1928 τοῦ
2293 1871 2502 1936 πάθους
2536 1871 2598 1926 οὐ
2630 1871 2812 1925 δίδωσι
2841 1869 3123 1941 βάπτισμα
3149 1868 3360 1938 ἕτερον,
3398 1865 3486 1919 ἵνα
3517 1867 3591 1935 μὴ

2011 1967 2150 2038 λύσῃ
2180 1965 2242 2020 τὸ
2293 1964 2544 2019 Ἰωάννου
2584 1964 2868 2035 κήρυγμα,
2909 1961 3004 2014 καὶ
3056 1960 3131 2030 δῷ
3175 1957 3433 2030 ἀφορμὴν
3483 1960 3596 2019 τοῖς

2011 2059 2384 2128 ἀντιλέγουσιν
2429 2057 2727 2121 Ἰουδαίοις,
2756 2056 2838 2109 ὅτι
2876 2054 3016 2125 πρὸς
3045 2053 3202 2124 ὕϐριν
3235 2052 3329 2105 τοῦ
3385 2051 3598 2104 Βαπτι-

2015 2150 2144 2204 στοῦ
2176 2151 2305 2205 ῐδιον
2330 2150 2705 2220 ἐπεισήγαγεν
2737 2148 3041 2218 βάπτισμα.
3087 2144 3427 2216 Ἀναπληροῖ
3446 2143 3504 2196 δὲ
3536 2142 3598 2194 τὸ

2013 2242 2222 2309 λεῖπον,
2256 2242 2359 2296 ούκ
2396 2243 2455 2296 ἐν
2503 2239 2660 2294 ὕδατι
2709 2238 3007 2310 βαπτίζων,
3035 2237 3150 2292 ἀλλ’
3199 2239 3260 2290 ἐν
3291 2235 3596 2305 Πνεύματι.

2015 2334 2216 2399 Καθὼς
2244 2335 2341 2389 καὶ
2394 2333 2557 2397 αὐτός
2613 2349 2802 2403 φησιν,
2838 2351 2856 2384 ι
2907 2330 3099 2402 Ὑμεῖς
3145 2330 3202 2383 δὲ
3233 2327 3600 2400 βαπτισθήσε-

2019 2429 2113 2484 σθε
2141 2431 2202 2484 ἐν
2244 2427 2524 2498 Πνεύματι
2549 2425 2690 2495 ἁγίῳ
2717 2425 2779 2479 οὐ
2813 2423 2952 2496 μετὰ
2980 2421 3182 2485 πολλὰς
3211 2421 3419 2484 ταύτας
3461 2419 3600 2489 ἠμέ-

2023 2541 2142 2596 ρας,
2184 2543 2202 2574 ι
2247 2521 2489 2591 δηλονότι
2521 2520 2674 2574 δέκα.
2708 2517 2955 2572 Δίδονται
2993 2516 3050 2570 δέ
3096 2513 3431 2586 προθεσμίαι
3470 2512 3602 2565 δέκα

2019 2616 2225 2688 ἡμέραι
2249 2615 2336 2669 διὰ
2369 2611 2678 2682 γυμνασίαν
2706 2612 2807 2681 τῆς
2835 2609 2946 2663 τῶν
2972 2606 3290 2662 ἀποστόλων
3325 2604 3593 2665 πίστεως.

2031 2709 2441 2780 Ἡσυχαζούσης
2469 2706 2572 2777 τῆς
2605 2705 2852 2777 χάριτος,
2885 2704 2981 2758 καὶ
3011 2702 3239 2774 μηδενὸς
3289 2701 3400 2753 τῶν
3430 2701 3604 2767 ἐπηγ-

2019 2801 2303 2872 γελμένων
2331 2797 2692 2871 φαινομένων,
2740 2795 3082 2866 ἐγυμνάζετο
3112 2793 3294 2846 αὐτῶν
3325 2793 3358 2862 ὴ
3396 2791 3605 2854 πίστις,

2023 2893 2115 2948 καὶ
2149 2895 2184 2964 ἡ
2214 2891 2370 2955 ἐλπὶς
2395 2890 2458 2945 τὸ
2488 2890 2814 2945 ἀδίστακτον
2846 2886 2960 2956 (89)
2993 2885 3371 2955 καρποφορεῖν
3411 2881 3606 2952 καιρὸν

2022 2985 2350 3056 ἐλάμϐανεν.
2384 2982 2474 3054 Τῷ
2499 2982 2630 3051 γοῦν
2667 2979 3032 3052 βαπτισθῆναι
3059 2979 3118 3031 ἐν
3149 2976 3431 3046 Πνεύματι
3463 2974 3602 3042 ἁγίῳ

2024 3078 2140 3134 ἴσον
2169 3075 2287 3129 ἐστὶ
2315 3074 2375 3129 τὸ
2402 3073 2587 3129 λαϐεῖν
2613 3070 2840 3142 Πνεῦμα
2871 3069 3048 3139 ἅγιον.
3081 3064 3261 3122 *Ησαν
3292 3066 3387 3120 οὖν
3431 3064 3604 3119 Ilva-.3-

2028 3187 2161 3242 ματι
2189 3169 2286 3223 καὶ
2312 3167 2467 3223 ὕδατι
2485 3164 2594 3238 πρὸ
2619 3163 2716 3218 τοῦ
2741 3161 2949 3226 πάθους
2981 3159 3370 3232 βαπτισθέντες
3400 3159 3452 3210 oi
3476 3157 3609 3209 ἀπό-

2027 3261 2228 3318 στολοι.
2277 3260 2390 3316 Καὶ
2412 3255 2482 3332 ἦν
2538 3259 2601 3313 τὸ
2645 3255 2870 3327 λουτρὸν
2922 3255 3102 3309 ἐκεῖνο
3153 3254 3234 3316 είς
3264 3251 3462 3322 ἄφεσιν
3509 3250 3608 3320 μὲν

2027 3352 2334 3424 ἁμαρτιῶν,
2359 3350 2460 3404 οὐκ
2487 3350 2569 3413 είς
2591 3349 2826 3420 μετοχὴν
2852 3346 2910 3400 δέ
2932 3343 3250 3414 Πνεύματος
3277 3341 3459 3410 ἁγίου.
3486 3340 3610 3393 Ὀτι

2029 3441 2088 3494 δὲ
2116 3442 2242 3504 τοὺς
2276 3438 2611 3500 ἀποστόλους
2636 3439 2666 3490 ὁ
2715 3436 2971 3507 Ἰωάννης
2999 3434 3284 3496 ἐδάπτισε,
3310 3429 3548 3500 φανερὸν
3581 3429 3614 3482 ό

2029 3533 2309 3604 Δεσπότης
2338 3533 2505 3597 ποιεῖ,
2540 3530 2600 3586 ἐν
2622 3529 2700 3600 τῷ
2720 3529 2901 3598 λέγειν
2924 3527 3060 3598 πρὸς
3090 3526 3183 3580 τὸν
3212 3525 3441 3594 Πέτρον,
3470 3521 3616 3576 κατὰ

2027 3624 2121 3679 τὸν
2164 3624 2357 3696 καιρὸν
2384 3622 2480 3677 τοῦ
2508 3622 2767 3693 νιπτῆρας
2823 3618 3153 3675 ἀνανεύοντα
3188 3616 3302 3688 (90)
3322 3634 3334 3646 ο
3383 3633 3402 3666 ι
3429 3615 3488 3666 '0
3524 3614 3617 3667 λε-

2031 3716 2292 3789 λουμένος
2323 3715 2422 3769 οὐκ
2455 3714 2569 3785 ἔχει
2601 3712 2793 3784 χρείαν
2823 3711 3104 3782 νίψασθαι,
3148 3710 3200 3763 εί
3234 3708 3310 3780 μὴ
3345 3707 3474 3771 τοὺς
3512 3706 3615 3758 πόα

2031 3811 2148 3874 δας.
2189 3827 2209 3862 ι
2253 3807 2464 3873 "sane;
2487 3806 2600 3878 γὰρ
2622 3805 2712 3860 διὰ
2746 3805 2847 3877 τῆς
2869 3804 3054 3874 φωνῆς
3084 3803 3158 3856 ού
3186 3801 3349 3873 μόνον
3385 3800 3480 3853 τὸν
3508 3798 3618 3851 Πέ-

1953 3954 1962 3963 .
2031 3919 2161 3974 τρον
2187 3899 2529 3970 λελουμένον,
2567 3897 2707 3954 ἀλλά
2727 3896 2824 3950 καὶ
2851 3896 2978 3960 τοὺς
3001 3894 3194 3957 ἄλλους
3221 3895 3278 3946 ἐν
3302 3891 3381 3961 τῷ
3401 3891 3618 3943 νίπτειν

2032 3994 2213 4049 αὐτῶν
2262 3992 2392 4056 τοὺς
2422 3991 2591 4055 πόδας
2639 3989 2821 4061 μόνον,
2869 3987 2950 4059 τῷ
2991 3987 3087 4042 τοῦ
3128 3985 3378 4040 Ἰωάννου
3413 3982 3618 4054 βαπτία

2035 4101 2228 4156 σματι.
2276 4083 2338 4141 '0
2381 4081 2576 4155 Σωτὴρ
2609 4081 2706 4136 οὖν
2732 4080 2796 4135 τὸ
2830 4080 2931 4151 μὲν
2972 4079 3257 4150 βάπτισμα
3293 4077 3398 4146 τῆς
3445 4092 3620 4142 μετα-

2035 4176 2185 4239 νοίας
2212 4175 2310 4231 καὶ
2334 4176 2416 4238 είς
2436 4175 2632 4244 άφεσιν
2670 4172 2960 4244 ἁμαρτιῶν
2987 4170 3314 4242 τελούμενον
3341 4167 3500 4239 παρὰ
3523 4164 3618 4220 τοῦ

2047 4271 2298 4324 Ἰωάννου
2328 4268 2430 4321 οὐκ
2452 4266 2745 4337 ὴθέτησεν,
2768 4264 2908 4320 άλλά
2931 4263 3029 4318 καὶ
3045 4263 3333 4318 ἐτελείωσε
3357 4259 3621 4332 προσθεὶς

1965 4386 2010 4441 D
2038 4364 2106 4432 τῇ
2136 4361 2230 4415 τοῦ
2257 4359 2525 4426 παναγίου
2550 4355 2871 4428 Πνεῦματος
2896 4357 3100 4426 δωρεᾷ.

2570 4471 2908 4525 ΕΡΩΤΗΣΙΣ
2935 4470 3110 4523 PKZ'.

2045 4649 2180 4716 Πῶς
2225 4651 2280 4703 οι
2325 4651 2415 4714 εις
2461 4644 2744 4770 Χριστὸνὅ
2757 4643 3180 4733 ,βαπτιζόμενοι
3228 4640 3489 4712 Χριστὸν
3527 4639 3618 4694 ἐν-

2747 4731 2952 4770 vortat
2976 4731 2996 4770 :

2747 4731 2952 4770 υονται
2976 4731 2996 4780 ;

1037 4865 1288 4917 Editarum
1309 4878 1338 4914 a
1362 4863 1540 4915 Wolﬁo
1559 4864 1848 4914 duodecima
1871 4863 1944 4926 (p.
1968 4861 2078 4920 757,
2105 4859 2214 4908 758.
2241 4857 2462 4909 Galland.
2494 4855 2606 4918 724,
2633 4855 2744 4916 725,
2767 4867 2816 4903 ιι.
2841 4854 2947 4918 28).

357 4972 360 4976 ί
426 4977 481 5034 Si
512 4977 749 5048 Spiritus
782 4994 890 5035 non
927 4991 1012 5037 est
1036 4980 1207 5045 Deus,
1242 4981 1286 5036 si
1325 4996 1434 5036 non
1477 4989 1560 5036 est
1591 4980 1790 5035 divinae
1810 4994 1935 5050 gra-

353 5075 443 5127 tiae
477 5069 624 5137 fons,
677 5072 956 5143 quomodo
1003 5073 1080 5129 illi
1120 5074 1214 5144 qui
1252 5073 1531 5129 Christum
1572 5074 1820 5129 divinum
1852 5074 1937 5127 in-

353 5163 676 5219 dumentum
705 5166 1024 5230 induerunt,
1057 5166 1284 5236 vulgare
1323 5165 1459 5221 illud
1499 5165 1736 5237 Spiritus
1761 5164 1936 5222 sancti

354 5255 636 5312 induunt?
667 5256 726 5312 Si
763 5259 937 5323 enim,
972 5265 1244 5327 quotquot
1276 5257 1330 5318 in
1363 5258 1644 5314 Christum
1677 5256 1936 5329 baptizati

427 5436 476 5470 ⁸⁸
505 5436 626 5497 Act,
663 5451 703 5503 ι,
743 5432 794 5488 5.
932 5434 978 5466 ³⁸
1007 5432 1168 5489 Joan.
1198 5449 1315 5500 xm,
1373 5433 1459 5487 10.

2117 4975 2181 5028 Εἰ
2219 4975 2295 5044 μὴ
2327 4971 2460 5036 Θεὸς
2495 4970 2558 5024 τδ
2583 4968 2833 5040 Πνεῦμα,
2860 4952 2914 5022 ἐι
2946 4963 3231 5038 μὴθεῖκῆς
3259 4961 3486 5035 χάριτος
3521 4977 3618 5030 πη·-

2046 5068 2141 5137 γὴ,
2175 5066 2292 5128 πῶς
2320 5066 2369 5119 οἱ
2403 5064 2583 5117 θεῖκὺν
2615 5060 2818 5132 ἔνδυμα
2857 5060 2950 5115 τὸν
2997 5057 3233 5128 Χριστὸν
3277 5052 3618 5123 ἐνδυσάμενοι

2048 5158 2316 5215 ἰδιωτικὸν
2365 5157 2427 5212 τὸ
2467 5155 2561 5210 τοῦ
2607 5154 2929 5224 Πνεύματος
2980 5150 3376 5213 ἐπενδύονται;
3411 5145 3614 5213 Είγὰρο

2046 5255 2162 5306 ὅσοι
2201 5254 2280 5316 εἰς
2296 5250 2533 5322 Χριστὸν
2563 5246 2998 5318 ἐϐαπτίσθησαν,
3021 5243 3258 5316 Χριστὸν
3282 5241 3613 5300 ἐνεδύσαντς,

1873 5522 2107 5581 NOTAE.

455 5687 524 5748 90

579 5689 655 5746 Ita
691 5684 980 5758 legendum
1012 5702 1112 5757 pro
1138 5684 1510 5750 ἀνανεύοντος.

431 5617 547 5757 Σεθὶ
574 5617 665 5674 Sic
693 5617 874 5672 scribo
896 5581 994 5685 pro
1021 5615 1404 5670 ἀδιάστακτον.
1436 5589 1630 5670 Nostra
1662 5613 1752 5672 illa
1779 5631 1909 5672 voce

455 5687 524 5752 90
579 5689 655 5746 Ita
691 5688 980 5757 legendum
1012 5702 1112 5757 pro
1138 5684 1510 5750 ἀνανεύοντος.

2022 5615 2172 5672 Otius
2198 5613 2363 5680 infra,
2402 5627 2545 5683 resp.
2578 5609 2699 5681 154,
2732 5618 2784 5666 et
2815 5608 2975 5676 alias,
2997 5605 3193 5662 utitur.
