3846 6188
447 253 562 318 723

1619 253 1885 316 PHOTII
1907 255 2424 318 PATRIARCII/E
2457 255 2564 317 cr;
3584 264 3671 330 ιρι

451 369 504 413 rt
537 374 686 414 tutare
715 357 983 414 obediunt
1017 359 1114 415 ei?
1151 378 1170 414 ι
1199 359 1280 415 sic
1328 357 1404 415 ct'
1433 359 1658 426 coelum,
1692 361 2017 418 incarna‘tan

2138 364 2221 418 ὅτι
2257 365 2350 416 καὶ
2379 365 2412 434 ἡ
2444 363 2685 418 θάλασσα
2708 364 2803 418 καὶ
2818 365 2866 419 οἱ
2897 365 3090 436 ἄνεμοι
3119 364 3473 422 ὑπακούουσιν
3486 370 3614 442 αὐτῷ
3633 391 3669 437 ;ι

451 453 640 507 videns
664 451 1028 521 divinitatem,
1055 452 1348 509 attonitum
1373 453 1508 510 dicit
1539 473 1554 510 :
1592 474 1611 507 ι
1643 454 1780 522 Quis
1814 465 1898 512 est
1933 455 2017 512 lSlt

2140 455 2282 510 οὕτω
2313 458 2408 509 καὶ
2436 459 2464 510 6
2496 458 2725 528 οὐρανὸς
2749 459 2804 510 ἐν
2841 459 3008 529 σαρκὶ
3067 458 3282 526 βλέπων
3312 458 3404 529 τὴν
3464 459 3672 533 θεότητα,

451 563 543 602 rex
572 546 809 617 gloriae?
849 565 869 600 ι

532 727 868 795 ρυίιεετιο
897 727 1092 784 cxxx
1133 727 1346 801 [ϐοἱεί.
1387 727 1545 796 cm,
1595 727 1763 787 Taur.
1799 727 1957 801 CLI].

484 823 664 889 Quare
687 822 881 892 jejuuii
911 831 1112 887 tempus
1153 822 1331 876 diebus
1361 822 1724 893 quadraginta
1755 834 1980 878 constet.

2142 547 2482 618 ξενιζόμενος
2525 550 2692 620 λέγει·
2730 569 2749 602 ι
2783 550 2880 614 Τίς
2907 552 3056 604 ἐστιν
3095 544 3250 614 οὗτος
3277 551 3306 605 6
3339 551 3568 621 βασιλεὺς
3598 558 3676 628 τῆς

2141 640 2299 711 δοξης
2333 659 2350 709 ;
2389 659 2408 694 ι

2651 733 2988 787 ΕΡΩΊῊΣΙΣ
3039 735 3166 790 PA’.

2130 818 2238 873 Διὰ
2262 821 2320 874 τί
2340 823 2372 876 ὀ
2393 821 2505 892 τῆς
2516 824 2804 889 νηστείας
2823 823 3040 890 χρόνος
3055 823 3125 876 ἐν
3129 821 3189 892 μ’
3205 821 3447 892 ἡμέραις
3464 825 3677 893 ἀριθμεῖ-

2815 909 2959 958 ται;

1121 999 1267 1051 Edita
1287 1017 1315 1052 a
1349 1003 1476 1054 Maio
1504 1005 1561 1068 (I.
1596 1018 1642 1056 c.
1678 1019 1727 1068 p.
1751 1005 1832 1066 99,
1864 1005 1991 1070 IOO).
2026 1032 2089 1044 —
2119 1008 2196 1060 De
2220 1009 2415 1070 jejunio
2447 1008 2776 1071 quadraginta
2798 1009 3018 1058 dierum.

521 1103 783 1170 Quaerunt
831 1106 1043 1176 aliqui:
1093 1108 1276 1176 Quare
1323 1111 1520 1182 jejunii
1586 1123 1804 1185 tempus
1837 1114 2034 1171 diebus

2205 1115 2437 1187 Ζητοῦσί
2466 1133 2632 1180 τινες·
2683 1115 2750 1170 Τί
2799 1115 3002 1188 δήποτε
3027 1116 3057 1170 6
3087 1118 3187 1188 τῆς
3247 1115 3489 1188 νηστείας
3521 1118 3672 1189 χρόνος

446 1197 803 1267 quadraginta
890 1200 1051 1254 nobis
1128 1202 1640 1271 circumscribitur,
1708 1222 1808 1261 nec
1857 1221 2017 1277 usqut

2135 1205 2193 1259 ἐν
2239 1207 2480 1278 ἡμέραις
2533 1209 2666 1277 ἡμῖν
2722 1213 2776 1278 μ’
2835 1207 3265 1278 περιγράφεται·
3321 1207 3411 1260 καὶ
3459 1207 3567 1260 οὔτε
3615 1212 3677 1273 εἰς

445 1285 510 1336 ad
536 1286 931 1356 quinquaginta
963 1291 1046 1343 vel
1081 1307 1147 1346 ac
1189 1294 1470 1365 sexaginta
1513 1297 1861 1365 extenditur,
1925 1313 2017 1354 nec

2133 1299 2226 1351 τὸν
2285 1299 2656 1370 πεντηκοστὸν
2706 1300 2740 1370 ἢ
2801 1298 3097 1370 ἑξηκοστὸν
3141 1299 3534 1372 παρατείνεται,
3580 1303 3678 1356 οὐδὲ

445 1374 642 1430 iterum
691 1380 826 1434 citra
878 1382 1240 1453 quadraginta
1295 1387 1616 1442 clauditur?
1664 1388 1782 1444 Non
1845 1391 2023 1446 solum

443 1466 602 1521 nobis
628 1469 698 1522 ita
731 1472 988 1526 traditum
1020 1484 1126 1537 est,
1177 1477 1273 1532 sed
1307 1485 1362 1532 et
1408 1479 1525 1550 ipse
1559 1480 1808 1534 omnium
1836 1481 2022 1536 Domi-

442 1573 548 1612 nus
574 1570 629 1614 et
659 1561 909 1618 Salvator
937 1577 1147 1632 noster,
1182 1569 1465 1640 legislator
1517 1587 1710 1626 eorum
1763 1573 1856 1644 qui
1892 1582 2022 1628 sunt

2130 1391 2282 1454 ἐντὸς
2317 1391 2480 1445 πάλιν
2515 1392 2624 1446 τῶν
2660 1397 2714 1462 μ’
2745 1391 3150 1464 περικλείεται;
3182 1392 3279 1445 καὶ
3307 1393 3402 1462 οὐχ
3437 1392 3554 1462 ἡμῖν
3601 1395 3679 1462 μό-

2128 1501 2220 1538 νον
2281 1483 2424 1538 οὓτω
2465 1485 2828 1557 παραδέδοται
2861 1524 2877 1551 ,
2937 1483 3076 1539 ἀλλὰ
3125 1485 3223 1540 καὶ
3254 1485 3415 1548 αὐτὸς
3461 1486 3487 1538 6
3533 1486 3678 1550 κοινὸς

2127 1577 2406 1648 Δεσπότης
2455 1579 2552 1630 καὶ
2618 1576 2811 1648 Σωτὴρ
2882 1577 3042 1648 ἡμῶν
3073 1615 3090 1641 ,
3147 1579 3177 1631 6
3251 1577 3537 1647 νομοθέτης
3588 1579 3677 1629 τῶν

440 1648 496 1702 in
528 1651 723 1719 gratia,
755 1655 1117 1727 quadraginta
1159 1659 1353 1715 diebus
1383 1661 1597 1716 videtur
1623 1662 1924 1733 jejunasse,
1962 1674 2017 1720 ut

2129 1667 2182 1722 ὲν
2210 1668 2276 1738 τῇ
2311 1667 2516 1738 χάριτι,
2557 1674 2611 1737 μ’
2640 1666 2852 1739 ἡμέρας
2881 1666 3133 1736 φαίνεται
3181 1663 3481 1736 νηστεύσας
3506 1706 3519 1728 ,
3566 1665 3674 1717 61:6-

438 1751 563 1792 cum
580 1739 654 1793 illi
674 1740 1025 1800 insidiaretur
1043 1747 1316 1813 diabolus.
1335 1750 1401 1805 ad
1420 1766 1656 1822 pugnam
1690 1764 1912 1822 paratus
1928 1755 2017 1810 in-

2129 1773 2177 1812 τε
2231 1756 2381 1827 αὑτῷ
2449 1757 2779 1828 προσϐαλεῖν
2828 1754 3103 1829 [ἔμελλεν]
3146 1755 3178 1808 6
3234 1754 3525 1827 πειράζων,
3569 1758 3679 1826 πρὶς

440 1830 737 1885 veniretur.
757 1830 822 1886 Et
839 1844 967 1889 ante
987 1836 1276 1892 Dominum
1296 1839 1469 1893 Eliam
1488 1841 1814 1911 prophetam
1831 1845 2022 1900 eodem

439 1922 648 1978 diermu
681 1940 911 1981 numero
941 1927 996 1983 in
1018 1927 1245 1999 jejuniis
1272 1943 1550 1988 moratum
1590 1935 1770 1992 fuisse
1797 1937 2021 2009 legitur,

437 2024 493 2067 et
521 2014 688 2068 etiam
719 2027 846 2073 ante
877 2019 1030 2074 illiilli
1063 2021 1312 2094 Moysen,
1365 2026 1420 2080 in
1453 2037 1640 2084 monte
1687 2027 1865 2097 Sinai,
1894 2046 2022 2087 eum

438 2107 505 2160 ait
541 2109 751 2165 tabulas
782 2112 913 2182 legis
938 2129 968 2168 a
1001 2115 1109 2170 Deo
1133 2118 1472 2188 recipiendas
1501 2136 1631 2176 sese
1654 2134 2021 2193 compararet.

438 2198 682 2264 Quaestio
710 2217 842 2270 ergo
885 2220 949 2260 ea
979 2215 1083 2262 est.
1125 2208 1282 2265 Alius
1336 2209 1478 2268 forte
1527 2214 1936 2284 profundiorem
1969 2228 2023 2273 et

438 2290 845 2358 Sublimiorem,
876 2312 977 2353 nec
1001 2315 1112 2355 non
1144 2311 1198 2356 et
1222 2301 1472 2359 altiorem
1493 2317 1548 2361 et
1573 2307 1748 2378 magis
1777 2309 2021 2365 divinam

436 2397 682 2448 causam,
742 2388 917 2445 oculis
952 2393 1018 2444 ad
1062 2394 1353 2462 praedictos
1385 2398 1532 2454 viros
1561 2401 1786 2457 attentis
1819 2410 1874 2458 et
1911 2403 2022 2459 ele-

435 2475 598 2540 vatis,
630 2480 806 2533 daret.
835 2480 982 2554 Quae,
1005 2495 1185 2540 autem
1212 2487 1372 2543 nobis
1401 2489 1458 2546 in
1489 2501 1728 2548 mentem
1752 2503 2020 2551 venerunt

432 2567 706 2626 dicemus.
732 2571 836 2628 Sex
865 2575 1058 2632 diebus
1093 2578 1238 2636 Deus
1268 2581 1413 2638 hunc
1444 2595 1767 2654 prasentem
1793 2595 1850 2643 et
1885 2589 2020 2645 visi-

435 2659 597 2718 bilem
629 2666 891 2722 mundum
918 2671 1147 2736 creavit,
1177 2674 1413 2744 septima
1446 2686 1631 2732 autem
1670 2679 1759 2734 die
1795 2683 2016 2752 requie-

433 2749 510 2802 vit
536 2750 604 2805 ab
625 2755 774 2808 mnni
812 2770 997 2827 opere,
1031 2769 1085 2814 et
1111 2761 1273 2816 finem
1301 2766 1630 2834 perpulcbro
1653 2770 1803 2838 operi
1828 2749 2014 2838 detlit;

427 2858 860 2904 cmnumeratur
887 2863 1069 2907 autem
1103 2854 1196 2910 illa
1236 2871 1364 2911 cum
1393 2858 1462 2914 iis
1514 2876 1638 2929 qua:
1669 2872 1800 2917 sunt
1833 2872 2015 2932 antea,

429 2935 574 2991 sicut
599 2949 654 2992 et
679 2954 842 2997 omne
861 2947 1130 3016 temporis
1152 2949 1390 3021 alicujus
1421 2955 1753 3027 principium
1779 2968 1836 3014 et
1864 2960 2012 3028 finis,

431 3029 484 3086 in
513 3036 894 3092 numerationc
921 3039 1140 3097 illorum
1172 3059 1297 3114 qua:
1322 3045 1619 3118 intersunt,
1651 3057 2011 3125 comprehen-

2131 1848 2321 1918 ἀγῶνα
2358 1849 2625 1903 ἁπεδύετο
2651 1866 2667 1883 ·
2696 1849 2792 1904 καὶ
2821 1849 2930 1921 πρό
2959 1865 3025 1919 γε
3049 1848 3146 1904 τοῦ
3167 1849 3436 1903 Δεσπότου
3461 1851 3489 1904 6
3511 1851 3679 1920 πρΟςιή·

2129 1959 2230 2016 της
2283 1943 2492 2009 Ἠλίας,
2523 1941 2796 2006 τοσαύτας
2818 1941 3036 2014 ἡμέρας
3054 1940 3307 1996 διανύσαι
3337 1941 3396 1994 έν
3430 1940 3677 2012 νηστείαις

2129 2035 2539 2108 ἀναγέγραπται
2562 2051 2578 2067 ·
2607 2034 2703 2090 καὶ
2743 2032 2826 2090 ἔτι
2857 2034 2964 2106 πρὸ
3006 2032 3202 2090 τούτου
3256 2032 3493 2103 Μωῦσῆς
3544 2035 3594 2087 ἐν
3617 2033 3678 2102 τῷ

2129 2129 2329 2199 Σιναίῳ
2357 2129 2472 2202 ὄρει
2519 2129 2684 2201 ἡνίκα
2732 2129 2832 2194 τὰς
2887 2128 3106 2194 πλάκας
3154 2127 3342 2183 θεόθεν
3370 2127 3545 2182 λαϐεῖν
3560 2144 3679 2198 παρα

2129 2223 2457 2289 εσκευάζετο
2487 2237 2505 2253 ·
2543 2224 2576 2289 ἡ
2607 2223 2707 2293 μὲν
2742 2221 2837 2276 οὖν
2890 2222 3120 2294 ζήτησις
3170 2221 3336 2292 αὕτη.
3398 2221 3545 2275 Ἀλλά
3592 2220 3686 2290 γάρ

2127 2315 2228 2388 τὴν
2254 2314 2364 2386 ’μὲν
2395 2315 2702 2386 βαθυτέραν
2733 2315 2832 2369 καὶ
2861 2314 3318 2386 ἀπορρητοτέραν
3372 2314 3540 2368 αἰτίαν
3573 2316 3680 2376 tam;

2126 2410 2194 2466 ἄν
2220 2428 2306 2475 τις
2361 2410 2521 2474 ἄλλος
2551 2411 2695 2464 κατὰ
2724 2411 2854 2474 τοὺς
2888 2409 3330 2482 προειρημένους
3373 2408 3560 2480 ἄνδρας
3605 2409 3679 2461 ἁν-

2126 2503 2373 2576 ηγμένος
2399 2521 2460 2558 τε
2511 2504 2609 2558 καὶ
2637 2505 2932 2575 μετάρσιος
2957 2503 3057 2574 τὴν
3087 2504 3352 2574 θεωρίαν,
3387 2501 3685 2574 ὑψηλοτέραν

2125 2615 2184 2650 τε
2217 2598 2314 2651 καὶ
2375 2596 2656 2669 θειοτέραν
2710 2596 3068 2651 ἁποδὼσειεν·
3120 2596 3245 2651 ἆδὲ
3303 2599 3384 2660 είς
3434 2597 3674 2667 ἡμετέραν

2123 2685 2227 2762 ἧκε
2260 2689 2519 2760 μάθησιν,
2553 2687 2810 2760 ἐροῦμεν.
2872 2687 2963 2742 Ἐν
3001 2688 3063 2754 ἒξ
3125 2689 3365 2760 ἡμέραις
3411 2694 3438 2742 ὁ
3465 2687 3582 2750 Θεὸς
3608 2686 3684 2739 τὸν

2125 2781 2371 2851 παρόντα
2398 2781 2491 2834 καὶ
2513 2780 2790 2852 ὁρώμενον
2822 2778 3012 2834 τοῦτον
3064 2781 3274 2850 κόσμον
3297 2778 3682 2850 ἐδημιούργησε,

2123 2875 2190 2943 τῇ
2254 2871 2310 2926 δὲ
2344 2871 2553 2946 ἐϐδόμῃ
2606 2872 2923 2927 κατέπαυσε
2959 2871 3060 2944 μὲν
3079 2872 3188 2926 ἀπὸ
3229 2871 3338 2926 τῶν
3381 2871 3549 2942 ἔργων
3605 2867 3685 2924 καὶ

2124 2965 2299 3032 πέρας
2353 2964 2519 3034 ἔθηκε
2577 2964 2658 3036 τῷ
2713 2964 3164 3036 φιλοτεχνήματι·
3219 2963 3614 3035 συναριθμεῖται
3637 2961 3684 3013 δὲ

2124 3055 2221 3109 καὶ
2265 3054 2406 3126 αὕτη
2452 3058 2573 3120 ταῖς
2603 3055 2711 3126 πρὸ
2762 3056 2934 3128 αὐτῆς
2961 3095 2979 3121 ,
3019 3055 3211 3129 ὥσπερ
3250 3057 3348 3110 καὶ
3392 3057 3535 3110 πᾶσα
3565 3053 3684 3124 ἀρχὴ

427 3121 667 3193 duntur;
691 3136 745 3181 et
772 3144 1013 3198 praaSens
1046 3137 1306 3191 Saeculum
1359 3141 1621 3199 continua
1652 3121 2011 3204 hebdomadas

2129 3145 2318 3216 χρόνου
2349 3121 2494 3209 τινὸς
2519 3145 2615 3199 καὶ
2644 3121 2819 3217 πέρας
2851 3121 2910 3199 ὲν
2946 3149 3014 3219 τῇ
3047 3121 3450 3220 συναριθμήσει
3483 3145 3581 3199 τῶν

428 3215 481 3268 ίιι
510 3216 732 3272 modum
764 3219 957 3276 circuli
999 3226 1143 3282 serie
1170 3232 1540 3300 componitur.
1597 3234 1801 3313 Octava
1831 3250 2014 3296 autem

428 3305 675 3362 futurum
717 3314 982 3369 saeculum
1036 3317 1308 3389 designat,
1370 3332 1426 3380 et
1449 3309 1916 3401 (translationem)
1946 3347 2015 3387 ex

429 3395 535 3453 hoc
568 3411 835 3466 prasente
866 3407 1068 3462 szecule
1101 3408 1156 3462 in
1195 3412 1343 3468 aliud
1393 3416 1666 3484 quoddam
1703 3395 2014 3492 Inagis'di-

2121 3237 2257 3303 ταξὺ
2335 3238 2952 3310 συμπεριλαμϐάνεται·
3010 3239 3108 3293 καὶ
3151 3241 3180 3293 6
3220 3238 3415 3311 παρὼν
3455 3237 3581 3293 αἰὼν
3603 3237 3684 3306 τῆς

2121 3329 2415 3399 ἑϐδομάδος
2481 3331 2724 3401 συνεχῶς
2774 3331 3262 3403 ἀνακυκλούμενος
3339 3331 3680 3404 ἀπαρτίζεται·

2121 3419 2156 3488 ἡ
2186 3419 2242 3472 δὲ
2270 3419 2462 3488 ὀγδοὰς
2499 3419 2592 3474 τὸν
2637 3419 2907 3491 μέλλοντα
2936 3422 3110 3476 αίῶνα
3161 3423 3340 3494 δηλοῖ,
3376 3423 3471 3478 καὶ
3515 3422 3601 3477 τὸν
3631 3422 3685 3474 ἐκ

425 3489 616 3546 vinum
671 3494 844 3552 otium
895 3509 950 3554 et
994 3500 1048 3556 in
1080 3504 1342 3573 quietem,
1389 3522 1513 3578 quae
1558 3523 1748 3569 octava
1785 3529 2016 3574 vocatur

2129 3511 2216 3564 τοῦ
2254 3514 2524 3584 παρόντος
2576 3489 2658 3580 εἰς
2693 3514 2868 3586 ἄλλην
2920 3518 3044 3570 τινὰ
3093 3489 3380 3588 θειοτέραν
3428 3513 3572 3588 λῆξιν
3608 3517 3685 3570 καὶ

425 3582 686 3651 etprima
747 3597 804 3641 et
848 3604 978 3644 una.
1041 3591 1244 3650 Octava
1290 3598 1534 3668 quidem,
1589 3621 1710 3659 eum
1757 3606 1828 3662 sit
1866 3609 2013 3664 aliud

2129 3582 2482 3672 κατάστασιν,
2535 3607 2662 3677 ἥτις
2713 3582 2832 3663 καὶ*
2869 3611 3062 3678 ὀγδοὰς
3085 3582 3338 3664 καλεῖται
3381 3582 3681 3682 καὶ-’πρώτη

426 3675 701 3743 quoddam
721 3679 1072 3739 interstitium
1103 3702 1200 3757 per
1227 3698 1442 3761 tempus
1465 3704 1592 3750 ante
1610 3697 2011 3758 hebdomadam

2129 3698 2220 3752 καὶ
2261 3696 2381 3768 μία·
2431 3675 2630 3767 ὀγδοᾶς.
2678 3699 2779 3770 μὲν
2836 3675 2922 3764 ὡς.
2966 3699 3095 3754 ἄλλο
3125 3719 3178 3756 τι
3212 3702 3491 3773 διάστημα
3555 3675 3683 3771 παρα

427 3784 894 3839 consunnnatum,
917 3779 1093 3845 prima
1124 3797 1275 3849 vero,
1315 3801 1439 3840 cum
1465 3791 1536 3842 sit
1560 3789 1776 3846 initium
1804 3797 2009 3864 requiei

2129 3791 2211 3845 τὸν
2273 3793 2768 3865 συμπληρούμενον
2842 3796 3034 3868 χρόνον
3087 3797 3198 3867 πρὸ
3254 3799 3357 3869 τῆς
3425 3796 3684 3867 ἑδδομάδος

422 3872 479 3914 et
518 3862 640 3918 vita:
672 3868 842 3938 Inagis
871 3869 1069 3927 divinae
1093 3883 1149 3928 et
1177 3877 1443 3944 melioris,
1477 3897 1584 3936 una
1630 3895 1839 3952 autem,
1880 3889 2012 3958 quia

2129 3862 2463 3954 ὑπάρχουσα·
2503 3862 2699 3958 Ῑιτρὼτη
2723 3886 2780 3940 δὲ
2807 3862 3054 3960 ἀρχὴ
3097 3862 3237 3943 ούσα
3286 3862 3493 3960 λήξεως
3517 3862 3684 3957 ἐτέρας

427 3969 536 4008 non
585 3965 670 4012 est
726 3970 851 4028 post
901 3978 1022 4018 eam
1065 3966 1173 4020 alia
1224 3973 1542 4040 temporalis
1592 3978 1876 4046 periodus,
1915 3981 2010 4038 sed

2129 3978 2213 4032 καὶ
2264 3978 2540 4044 πολιτείας
2567 3979 2848 4050 θειοτέρας
2900 3981 2996 4033 καὶ
3066 3981 3378 4051 ἀμείνονος·
3416 3981 3512 4052 μία
3533 3979 3585 4034 δὲ
3621 3978 3682 4041 ὡς

424 4046 542 4117 ipsa
575 4058 660 4105 est
699 4052 821 4110 sine
845 4054 955 4112 line
984 4073 1271 4116 mansura.

2129 4070 2220 4123 ab):
2260 4069 2460 4141 ἔχουσα
2511 4070 2643 4142 μετ’
2688 4046 2883 4142 αύτὴν,
2913 4046 3121 4143 ἑτέραν⁷
3146 4046 3680 4144 χρονικὴννπερίοδιιν,

2119 4160 2236 4214 ἀλλ’
2265 4161 2405 4234 αὐτὴ
2434 4162 2814 4234 ἀτελευτήτως
2880 4163 3207 4236 ὑπάρχουσα
3235 4167 3333 4220 καὶ
3357 4165 3676 4235 διαμένουσα.

491 4227 619 4284 Istis
652 4246 782 4301 ergo
811 4234 1134 4304 praemissis,
1186 4240 1503 4313 quicunque
1525 4275 1533 4284 -
1559 4246 1846 4315 septimam
1879 4248 2011 4306 beb-

2189 4227 2411 4307 Τούτων
2468 4252 2612 4307 οὕτω
2667 4227 3210 4326 προτεθεωρημένων
3240 4259 3398 4329 ἡμῖν,
3451 4227 3566 4312 ’ὅσοι
3596 4255 3681 4324 μὲν

421 4317 669 4378 ἁοιιιαᾱίεε
709 4324 850 4380 diem
870 4367 887 4392 ,
928 4345 1051 4399 quae
1078 4338 1164 4386 est
1199 4341 1413 4404 tempus
1445 4335 1732 4407 fugitivum
1767 4350 1823 4396 et
1843 4344 2014 4400 cadu-

2129 4342 2356 4417 ὲϐδόμην
2373 4346 2516 4400 κατὰ
2562 4345 2662 4417 τὴν
2701 4317 2976 4420 ἑϐδομάδα
3002 4317 3296 4420 βούλοιντο.
3335 4317 3428 4403 τδν
3486 4317 3680 4420 ῥευστὴν

421 4427 568 4478 cum,
593 4424 648 4469 et
679 4431 800 4471 cum
836 4417 1080 4490 fugitivis
1127 4432 1184 4477 et
1231 4423 1522 4496 fragilibus
1550 4433 1926 4498 pertransiens
1958 4446 2012 4494 et

2129 4435 2308 4492 τοῦτον
2350 4436 2544 4509 χρόνον
2580 4438 2675 4492 καὶ
2716 4417 3129 4512 ἐπίκηρον-καὶ
3173 4445 3294 4507 τοῖς
3345 4417 3581 4512 ῥευστοίς
3601 4440 3677 4492 καὶ

419 4503 669 4572 ellluens,
711 4523 910 4568 sensus
938 4529 1132 4570 omnes
1158 4515 1543 4586 iniquitatibus
1591 4529 1646 4576 et
1681 4528 2007 4593 passionum

2129 4500 3037 4603 pOaptoigcupnapapstpodiievdv
3053 4550 3112 4586 τε
3133 4533 3232 4588 καὶ
3251 4500 3678 4605 συμπραρρέον-

420 4598 639 4656 turbine
715 4601 1088 4673 fascinabant;
1138 4608 1390 4667 auditum
1446 4613 1679 4682 quidem
1739 4619 2001 4676 cantibus

2129 4633 2204 4683 τα,
2224 4598 2371 4672 οὗτοι
2390 4598 2511 4684 ταῖς
2530 4598 2828 4693 ἁμαρτία-ις
2848 4598 3074 4678 καὶτῶν
3097 4624 3292 4680 παθῶν
3423 4598 3572 4696 άχλύέ
3597 4623 3675 4684 τὰς

420 4691 749 4748 meretriciis
778 4703 833 4748 et
861 4697 1119 4753 omnibus
1165 4700 1327 4755 istius
1365 4703 1582 4771 generis
1613 4707 2000 4779 repleverant;

2129 4711 2394 4783 ιίσθὴσεις
2416 4691 2594 4778 πάσας
2621 4691 3084 4785 κατεκηλίδωσαν·
3104 4717 3198 4771 καὶ
3215 4691 3390 4789 ἀκοὴν
3413 4691 3674 4787 nivi-£12111-

419 4782 573 4838 visus
606 4793 788 4839 autem
853 4787 960 4844 illis
1013 4791 1337 4846 enervantia
1395 4797 1758 4865 spectacula;
1823 4809 2005 4858 tactus

2129 4815 2216 4854 ταν
2237 4782 2495 4871 ᾀσμάτων
2506 4805 2780 4875 πορνικόω
2791 4806 2886 4860 καὶ
2904 4807 3014 4860 τῶν
3035 4809 3135 4861 ὅσα
3157 4809 3372 4873 τούτοις
3395 4809 3671 4862 συνέπεται·

417 4875 581 4930 etiam
616 4886 671 4932 et
700 4891 892 4950 gustus
936 4892 992 4938 et
1047 4883 1417 4952 olfactus,.ne
1473 4887 1544 4946 de
1587 4891 1806 4962 singulo
1836 4910 2008 4952 sensu

2129 4889 2211 4943 tat
2237 4889 2359 4960 ὄψις
2390 4890 2492 4961 μὲν
2523 4893 2706 4958 αὐτοῖς
2728 4894 2800 4948 τὰ
2833 4895 3154 4970 ψυχοφθόρα
3201 4897 3471 4969 θεάματα·
3497 4896 3598 4964 ἀφὴ
3624 4893 3672 4946 δὲ

418 4968 688 5038 loquendo
712 4987 1020 5030 sermonem
1046 4974 1262 5048 longius
1285 4980 1630 5048 protraltam,
1661 4983 1867 5052 quibus
1894 5000 2002 5041 non

2129 4982 2210 5035 καὶ
2237 4980 2423 5050 γεῦσις
2483 4982 2578 5037 καὶ
2609 4983 2902 5057 ὄσφρησις,
2950 4986 3039 5040 ἵνα
3086 4968 3170 5060 μὴ
3219 4968 3554 5043 καθέκαστον
3599 4984 3672 5037 αἱ·

417 5059 542 5115 licet
573 5063 940 5134 applicantur,
979 5067 1052 5122 ita
1085 5079 1145 5123 ut
1185 5068 1262 5123 illi
1294 5070 1796 5129 indiscriminatum
1836 5077 1905 5132 ad
1935 5092 2001 5134 ea

2129 5073 2401 5144 ιθητὴριον
2445 5073 2618 5144 λέγων
2643 5077 2726 5141 είς
2775 5076 2950 5148 μῆκος
2975 5081 3248 5134 ἀποτείνω
3273 5081 3366 5135 τὸν
3413 5081 3576 5148 λόγον,
3606 5071 3672 5135 οἷς

417 5168 538 5222 qua:
568 5164 762 5213 natura
819 5158 928 5215 illis
969 5157 1150 5224 aliert,
1190 5169 1247 5216 et
1283 5178 1408 5231 quae
1434 5179 1465 5218 a
1520 5165 1638 5236 lege
1667 5167 1852 5223 divina
1890 5185 2000 5225 non

2129 5165 2174 5219 ιύ
2205 5164 2364 5238 θέμις
2413 5166 2859 5240 ἐνδιατρίϐουσιν·
2897 5169 2959 5236 ἐξ
2985 5163 3062 5226 ὧν
3092 5173 3281 5238 αὐτοῖς
3313 5173 3669 5244 ἀκατακρίτους

414 5246 796 5317 prohibentur,
855 5267 979 5308 sese
1045 5251 1251 5309 ferant.
1304 5253 1561 5325 Quinque
1615 5272 1748 5328 ergo
1804 5275 2004 5319 sensus

2129 5258 2152 5318 ἱ
2185 5277 2244 5315 τε
2276 5262 2310 5330 ἡ
2359 5259 2520 5330 φύσις
2546 5263 2854 5335 παρέσχετο
2897 5264 2993 5318 καὶ
3018 5263 3055 5319 ἃ
3085 5266 3162 5337 μὴ
3192 5267 3337 5332 θεῖος
3362 5267 3518 5338 νόμος
3545 5266 3666 5317 ἐκώ-

417 5352 538 5392 cum
564 5340 639 5393 ita
667 5341 938 5411 inquinati
968 5343 1080 5401 sint
1105 5354 1161 5401 et
1189 5347 1547 5403 contaminati
1578 5365 1605 5403 a
1637 5352 1994 5419 passionibus

2129 5370 2256 5421 .υσε,
2289 5355 2419 5426 περὶ
2447 5355 2623 5410 ταῦτα
2670 5356 3140 5429 ἀναστρέφεσθαι.
3192 5359 3317 5412 Τῶν
3349 5355 3442 5413 οὖν
3467 5361 3522 5412 ὲν
3549 5356 3662 5425 ἡμῖν

417 5436 472 5481 et
521 5427 970 5489 inclinationibus
1022 5449 1164 5504 quas
1221 5436 1274 5490 in
1324 5437 1428 5492 hoc
1478 5447 1725 5510 tempore
1777 5442 2007 5514 fugitivo

2129 5452 2147 5496 .'
2199 5447 2507 5520 αἰσθήσεων
2547 5448 2723 5513 οὕτως
2782 5427 3195 5523 ἐρρύπωμένων
3216 5470 3279 5506 τε
3307 5454 3401 5506 καὶ
3449 5451 3660 5518 λέλυμαι

421 5521 824 5590 eontrabimus,
866 5525 1114 5581 'illorum
1148 5527 1464 5596 purificatio
1509 5542 1563 5585 et
1595 5533 1662 5586 ad
1705 5537 2003 5603 pristinum

2129 5540 2322 5610 ιμένων
2373 5541 2479 5594 ὑπὸ
2538 5541 2648 5595 τῶν
2695 5521 2886 5598 παθῶν
2911 5561 2970 5598 τε
3000 5521 3094 5599 καὶ
3127 5545 3224 5615 τῆς
3270 5545 3422 5615 ῥοῆς,
3453 5543 3486 5598 ἃ
3515 5543 3565 5594 ἐν
3598 5537 3662 5608 τῷ

420 5611 694 5665 restitutio
742 5630 849 5671 non
900 5618 1016 5674 lieri
1064 5629 1240 5690 potest
1299 5623 1600 5682 secundam
1651 5625 1884 5684 formam
1953 5642 2006 5688 et

2129 5633 2292 5686 θέοντι.
2362 5633 2858 5706 προσλαμϐάνομεν
2911 5637 3109 5709 χρόνῳ,
3164 5611 3372 5691 τούτων
3410 5633 3655 5706 ἡκάθσο·

421 5694 783 5762 imitationem
808 5707 1024 5780 fugitivi
1076 5719 1131 5769 et
1181 5714 1430 5785 perversi
1475 5720 1759 5789 temporis,
1805 5722 1996 5792 potius

2129 5742 2189 5792 ης
2217 5727 2314 5783 καὶ
2363 5728 2396 5799 ἡ
2450 5729 2530 5793 εἰς
2578 5729 2639 5783 τὸ
2687 5729 2912 5801 ἀρχαῖον
2959 5730 3404 5796 ἀποκατάστασις
3462 5729 3555 5782 οὐκ
3603 5724 3660 5777 ἄν
