3846 6188
227 279 333 347 7‘25

1046 280 1147 341 AD
1188 280 1781 342 AMPHILOCHIUM
1815 277 2163 354 ΟΗιΕΞΤΙΟ
2201 282 2427 357 CXXX,
2486 284 2745 348 CXXXI.

3385 283 3499 350 726

229 394 439 465 γένοιτο
492 394 633 449 κατά
681 394 774 449 τὸν
806 395 975 450 τὺπον
1029 397 1126 451 καὶ
1151 399 1252 471 τὴν
1282 398 1513 468 μίμησιν
1550 397 1645 452 τοῦ
1682 402 1807 470 ῥευ-

1916 415 2041 454 vero
2068 402 2369 457 secundum
2396 402 2797 460 ordinationem
2833 414 2887 461 et
2915 402 3260 476 disciplinam
3291 411 3347 459 et
3374 404 3491 457 lor-

233 486 358 541 στοῦ
405 486 503 540 καὶ
554 487 1034 558 φιλαμαρτήμονος
1085 489 1298 559 χρόνον
1346 490 1485 543 κατὰ
1514 488 1617 560 τὴν
1646 491 1801 556 τάξιν

1916 508 2048 548 mam
2084 493 2440 563 impassibilis
2484 504 2540 549 et
2571 496 2925 554 immutabilis
2974 508 3028 553 et
3062 497 3251 551 aeterni
3280 504 3491 566 tempo-

227 578 281 631 δὲ
337 577 543 648 μᾶλλον
608 579 703 631 καὶ
776 580 1153 649 παιδαγωγίαν
1201 582 1295 633 καὶ
1350 581 1656 653 ὲκμίμησιν
1708 582 1803 635 τοῦ

1916 587 2003 652 ris,
2039 588 2186 657 quod
2245 588 2410 657 paulo
2452 591 2705 665 superius
2749 601 2995 646 octavam
3045 592 3390 661 primamque
3438 599 3495 646 ct

227 668 471 732 ἀπαθοῦς
522 686 580 721 τε
633 668 731 721 καὶ
787 667 1087 741 ἀῤῥεύστου
1139 672 1232 723 καὶ
1288 669 1644 739 ἀτελευτήτου
1673 670 1806 742 χρό-

1904 695 2070 734 unam
2112 680 2290 735 vocari
2320 680 2637 737 didicimus.
2676 681 2813 737 Cum
2862 698 2991 753 ergo
3021 684 3260 753 quinque
3297 697 3498 738 sensus

231 775 321 811 νου
372 774 385 786 ·
443 757 504 811 δν
552 759 582 811 ὁ
651 758 809 830 λόγος
894 759 1089 836 μικρὸν
1173 760 1381 815 ἄνωθεν
1470 761 1662 833 ὀγδόην
1747 778 1810 814 τε

1916 772 2081 827 nostri
2118 787 2211 841 per
2241 781 2489 827 octavam
2525 775 2867 844 multiplicati
2898 775 3257 845 quadraginta
3297 790 3491 828 nume-

228 847 323 900 καὶ
394 845 622 918 πρώτην
682 848 778 902 καὶ
835 848 965 920 μίαν
1021 849 1263 914 ἐδίδαξεν
1341 848 1806 919 ἐπονομάζεσθαι.

239 936 397 990 Ἐπεὶ
444 932 539 991 οὖν
594 940 651 993 αἱ
684 946 724 992 ε’
784 939 1069 1010 αἰσθήσεις
1110 940 1272 1011 ἡμῶν
1326 941 1420 994 ἐπὶ
1476 941 1575 1011 τὴν
1624 936 1815 1009 ὀγδοά-

232 1027 293 1080 5:
324 1027 927 1100 πολλαπλασιαζόμεναι
951 1033 1043 1085 τὸν
1076 1038 1127 1102 μ’
1153 1031 1507 1087 ἀποτελοῦσιν
1554 1032 1810 1102 ἀριθμόνο

228 1117 318 1172 διὰ
346 1118 403 1171 δὲ
435 1119 545 1173 τῶν
578 1126 619 1173 ε’
645 1121 949 1191 αἰσθήσεων
1006 1121 1191 1192 ζῶμεν
1221 1139 1280 1175 τε
1312 1122 1408 1176 καὶ⁴
1450 1122 1550 1186 τὰς
1581 1123 1811 1193 πράξεις

228 1210 593 1282 ἐπιτελοῦμεν
652 1213 778 1265 ὅσαι
809 1230 869 1265 τε
924 1212 1120 1282 φαῦλοι
1167 1196 1262 1268 καὶ
1306 1215 1429 1269 ὅσαι
1480 1217 1560 1280 είς
1598 1215 1814 1286 ἀρετῶν

230 1301 598 1371 ἀναφέρονται
627 1298 806 1371 λόγον,
832 1304 1060 1368 εἰκότως
1113 1306 1203 1359 διά
1256 1312 1310 1377 μ’
1349 1305 1573 1378 ἡμερῶν
1612 1306 1817 1371 ταύτας

230 1390 593 1461 καθαίρομεν,
630 1394 728 1447 καὶ
755 1394 935 1447 πᾶσαν
985 1394 1177 1457 αὑταῖς
1232 1394 1472 1465 ἰατρείαν
1519 1394 1817 1465 προσάγειν

230 1482 638 1554 παρελάϐομεν,
664 1482 805 1537 οὕτω
838 1484 979 1538 κατά
1007 1485 1211 1549 ταύτας
1240 1486 1618 1543 πολιτεύεσθαι
1641 1488 1715 1550 ὼς
1749 1487 1816 1541 ἂν

224 1575 262 1645 ή
298 1574 513 1643 ὀγδοὰς,
556 1575 696 1630 ἀλλά
724 1577 801 1648 μὴ
849 1577 911 1630 τὸ
956 1578 1182 1648 ρευστὸν
1208 1580 1309 1649 τῆς
1353 1579 1650 1649 ἑϐδομάδος
1695 1582 1817 1633 ὲπι-

1912 876 2032 915 rum
2063 862 2317 926 alliciant.
2377 878 2470 934 per
2500 865 2744 934 quinque
2772 876 2952 920 autem
2999 880 3194 920 sensus
3223 865 3493 928 vivamus,

1911 961 1966 1008 et
1988 954 2231 1008 actiones
2261 955 2378 1009 sive
2412 964 2620 1026 turpes,
2668 957 2785 1012 sive
2838 957 3055 1012 virtutis
3108 956 3370 1009 habentes
3403 970 3494 1007 ra-

1913 1045 2116 1102 tionem
2144 1046 2463 1111 elIiciamus,
2489 1050 2683 1103 merito
2718 1049 2843 1106 illos
2866 1066 2963 1119 per
2992 1048 3352 1120 quadraginta
3379 1047 3497 1099 dies

1912 1137 2287 1205 puriﬁcamus,
2322 1148 2377 1193 et
2403 1139 2512 1194 illis
2554 1156 2771 1194 omnem
2824 1142 3164 1196 sanationem
3198 1152 3495 1207 procurare

1913 1231 2267 1301 suscipimus,
2296 1233 2368 1287 ita
2402 1233 2524 1289 illos
2548 1244 2796 1304 regentes
2827 1242 2887 1288 ut
2911 1244 3127 1295 octava,
3169 1240 3227 1285 at
3256 1245 3364 1283 non
3408 1228 3495 1280 l'u-

1913 1321 2078 1391 gitiva
2111 1324 2450 1380 hebdomada
2483 1326 2682 1397 dirigat
2726 1335 2780 1381 et
2807 1326 3056 1395 imperet.
3125 1322 3263 1377 Huic
3310 1328 3496 1373 autem

1913 1415 2197 1469 sententiae
2248 1425 2472 1472 sanctus
2542 1415 2782 1472 Joannes
2833 1412 3497 1483 Coustantinopolitanus,

1917 1504 1971 1559 in
2018 1504 2199 1575 aliqua
2251 1521 2315 1561 ex
2378 1508 2492 1562 suis
2522 1509 2863 1563 orationibus
2902 1523 3023 1577 quae
3054 1506 3271 1559 titulum
3310 1502 3493 1565 habet,

1918 1599 1995 1655 De
2015 1600 2244 1670 jejunio,
2268 1604 2607 1660 concordare
2637 1614 2691 1659 et
2718 1605 3009 1659 testiﬁcare
3044 1602 3278 1656 videtur.

226 1685 405 1761 τάττῃ
444 1703 505 1740 τε
527 1687 623 1743 καὶ
652 1687 1056 1762 διακελεύηταιέ
1110 1687 1283 1762 ταύτῃ
1312 1688 1371 1742 δὲ
1397 1689 1557 1761 ἡμῶν
1582 1689 1651 1761 τῆ
1715 1688 1923 1762 θεωρίᾳ
1982 1692 2080 1745 καὶ
2123 1693 2152 1745 ὁ
2187 1692 2343 1762 ἀγιος
2384 1695 2639 1766 Ἰωάννης
2667 1697 2696 1749 ὁ
2728 1691 3355 1751 Κωνσταντινουπόλεως
3421 1685 3483 1740 ἓν

226 1793 339 1838 τινι
369 1778 476 1837 τῶν
509 1778 678 1835 αὑτοῦ
707 1780 881 1850 λόγων
904 1780 966 1840 ὃς
994 1781 1425 1853 ἐπιγέγραπται,
1455 1782 1592 1855 Περὶ¹
1612 1781 1888 1853 νηστείας,
1927 1781 2167 1851 συνᾴδων
2191 1800 2250 1836 τε
2280 1784 2375 1837 καὶ
2429 1784 2954 1854 προμαρτυρόμενος
2998 1781 3389 1834 ἐπιδείκνυται.

756 1899 1093 1953 ΕΡΩΤΗΣΙΣ
1128 1900 1262 1953 PAA
1284 1937 1301 1955 .

678 1989 743 2043 Τί
783 1988 1021 2060 λέγεται
1057 1990 1375 2061 μαγνῆτις.

1841 1886 1894 1948 Β
1987 1896 2318 1964 QUESTIO
2349 1895 2566 1954 cxxxr
2598 1896 2790 1968 [CoisL
2817 1895 2995 1960 cun,
3030 1894 3193 1950 Taur.
3221 1891 3402 1964 CLII].

2449 1990 2593 2055 Quid
2624 1990 2692 2043 sit
2728 2003 2966 2057 magnes.

1283 2107 1427 2160 Edita
1446 2124 1474 2160 a
1509 2106 1633 2159 Maio
1661 2108 1811 2173 (Nov.
1837 2108 1964 2165 Call.
1990 2115 2028 2160 t.
2051 2109 2092 2171 Ι,
2112 2122 2161 2171 p.
2194 2104 2445 2167 125-127}.

297 2215 373 2266 α’.
410 2209 697 2283 Μαγνῆτις
733 2211 871 2283 ὅπερ
899 2212 1183 2286 ἔρὼτησας
1212 2214 1462 2271 καλεῖται
1512 2215 1548 2286 ἠ
1587 2216 1680 2268 τὸν
1727 2214 1811 2268 σί-

223 2305 398 2377 δηρον
438 2304 672 2358 ἕλκουσα
721 2303 902 2367 λίθος·
929 2305 1013 2359 ὅτι
1045 2306 1346 2374 Μάγνητας
1373 2305 1575 2374 ἄνδρας
1600 2305 1815 2375 λιθοφό-

230 2410 384 2464 ρους.
414 2392 695 2465 ἀρχηγούς
726 2410 861 2464 φησι
891 2393 1163 2466 εὑρέσεως
1193 2395 1363 2467 αὐτῆς
1399 2395 1677 2464 γενέσθαι,
1716 2395 1814 2450 καὶ⁸

225 2484 331 2554 τῆς
366 2484 645 2554 ἐνεργείας
668 2486 750 2548 είς
775 2483 981 2552 γνῶσιν
1004 2484 1177 2538 ὲλθεῖν
1196 2501 1212 2517 ο
1240 2485 1550 2556 λιθοφόροις
1575 2485 1710 2556 γὰρ,
1735 2483 1813 2549 ὡς

184 2596 185 2599 η
228 2574 403 2637 ἔοικε,
436 2574 700 2643 κρηπῖσιν
725 2572 1109 2643 ὑποδεδεμένοι
1160 2567 1327 2642 οὗτοι,
1370 2575 1493 2627 ἐπεὶ
1536 2575 1677 2628 κατὰ
1711 2575 1815 2644 γῆς

231 2664 563 2735 σιδηρίτιδος
586 2663 771 2735 ἡρέμα
798 2663 1105 2735 βαδίζοντες
1134 2665 1398 2735 γένοιντο,
1436 2666 1637 2738 βάρους
1668 2664 1814 2730 τινὸς

232 2759 329 2811 καὶ
358 2756 714 2827 δυσκινησίαν
749 2757 1169 2828 προσεχομένων
1199 2758 1309 2812 τῶν
1347 2760 1544 2829 ψήφων
1572 2762 1688 2823 τοῖς
1734 2776 1816 2812 σι-

231 2850 445 2920 δηρίοις
475 2849 979 2920 ἀντελαμϐάνοντο’
1008 2848 1196 2920 θαῦμα
1235 2850 1295 2903 δὲ
1338 2851 1682 2921 προσπίπτον
1720 2851 1817 2905 αὖ·

232 2941 374 3001 τοῖς,
401 2940 496 2992 καὶ
526 2938 665 3009 πρὸς
696 2937 927 3009 ζήτησιν
950 2937 1050 3009 τῆς
1076 2938 1255 3002 αίτίας
1276 2938 1586 3005 ἀνακινοῦν,
1605 2940 1704 3012 τὴν
1725 2939 1817 2993 εὖ·

238 3044 397 3098 ρεσιν
428 3032 732 3099 παρασχεῖν
752 3029 851 3098 τῆς
877 3029 936 3083 ὲν
966 3031 1033 3100 τῇ
1055 3029 1188 3100 λίθῳ
1217 3029 1532 3100 δυνάμεως
1561 3030 1623 3084 οὐ
1654 3030 1816 3101 μόνον

235 3116 295 3171 δὲ
337 3120 608 3190 μαγνῆτις
652 3118 791 3188 αὕτη
830 3121 1119 3187 καλεῖται,
1169 3118 1305 3174 ἀλλά
1345 3121 1441 3173 καὶ⁵
1468 3120 1674 3187 Λυδία,
1722 3121 1819 3175 καὶ

246 3209 569 3281 Ἡράκλεια,
595 3210 689 3263 καὶ
718 3210 997 3281 σιδηρῖτις·
1019 3210 1102 3263 δεῖ
1126 3209 1237 3282 γάρ
1266 3225 1348 3263 σοι
1376 3210 1820 3278 σπουδαιολογου-

240 3299 392 3370 μένῳ
440 3298 571 3369 περι
613 3299 808 3365 ταῦτα,
863 3298 961 3353 καὶ
988 3300 1135 3370 ἡμᾶς
1182 3298 1815 3371 προσφιλοτιμτίλσασθαι⁸

239 3389 386 3444 ἀλλά
429 3390 541 3461 γὰρ
572 3390 836 3460 σιδηρῖτις
867 3390 970 3459 μὲν
1012 3391 1123 3445 ἀπὸ
1148 3392 1247 3461 τῆς
1282 3391 1566 3461 ἐνεργείας
1592 3387 1659 3465 ἧς
1688 3392 1818 3464 περὶ

1986 2214 2041 2269 Ι.
2076 2212 2299 2282 Magnes
2344 2210 2410 2265 de
2439 2223 2549 2280 quo
2579 2222 2665 2262 me
2702 2206 3004 2274 interrogas
3026 2243 3042 2268 ,
3105 2201 3305 2256 dicitur
3359 2200 3499 2269 lapis

1915 2303 2121 2360 ferrum
2152 2303 2375 2358 trahens
2409 2317 2424 2354 :
2482 2300 2612 2369 quia
2668 2296 2927 2367 Magnesii
2963 2294 3212 2348 homines
3246 2292 3389 2344 hunc
3413 2291 3496 2342 la-

1916 2395 2092 2464 pidem
2125 2393 2473 2464 gestitantes,
2526 2389 2603 2443 rei
2638 2388 2946 2443 inventores
2983 2384 3233 2438 feruntur
3268 2381 3502 2448 ejusque

1914 2486 2022 2538 vim
2051 2482 2211 2552 primi
2247 2480 2509 2536 seusisse.
2560 2476 2696 2530 Nam
2731 2473 2981 2544 lapideis,
3013 2482 3072 2525 ut
3105 2467 3365 2524 credibile
3391 2474 3500 2528 est,

1916 2573 2150 2643 crepidis
2180 2571 2379 2634 induti,
2434 2570 2562 2625 dum
2594 2568 2789 2622 tellure
2819 2564 2967 2620 ferro
2999 2562 3315 2617 abundante
3353 2558 3499 2610 lente

1916 2664 2255 2725 incederent,
2307 2659 2706 2731 ponderitatem
2763 2655 2951 2709 nescio
3011 2668 3175 2723 quam
3209 2658 3502 2715 motusque

1916 2755 2322 2817 dillicultatem,
2385 2750 2718 2806 haerentibus
2776 2746 2921 2801 ferro
2986 2743 3228 2811 lapillis,
3290 2739 3500 2807 experti

1917 2856 2066 2903 sunt.
2100 2845 2200 2900 Rei
2254 2842 2519 2899 miraculo
2568 2839 2823 2896 commoti
2857 2846 3020 2906 atque
3064 2834 3131 2887 ad
3176 2846 3359 2885 causa:
3404 2845 3500 2880 ve-

1918 2937 2261 3007 stigationem
2294 2933 2666 3005 impulsi,vim
2698 2929 2859 3000 lapidi
2896 2927 3119 2982 in'sitam
3146 2939 3267 2978 esse
3295 2936 3499 2991 cogno-

1918 3034 2134 3080 verunt.
2162 3024 2347 3093 Neque
2376 3037 2600 3091 magnes
2629 3015 3010 3075 tantummodo
3040 3015 3126 3067 hic
3150 3012 3288 3081 lapis
3317 3008 3503 3077 appt'l-

1919 3118 2083 3186 latur,
2118 3131 2309 3171 verum
2338 3115 2503 3170 etiam
2537 3112 2713 3184 lydius
2746 3119 2801 3165 et
2841 3106 3111 3163 lieraclius
3134 3118 3187 3157 et
3224 3102 3501 3156 Sldcl'llt‘S.

1918 3206 2055 3265 Nam
2121 3206 2219 3260 tibi
2267 3206 2335 3261 de
2388 3207 2491 3260 hoc
2537 3202 2810 3258 vocabulo
2870 3207 3126 3253 accurate
3182 3192 3502 3264 inquirenti,

1920 3313 2136 3369 aequum
2188 3307 2274 3354 est
2329 3311 2432 3352 nos
2484 3295 2599 3367 pari
2628 3292 2924 3350 sedulitate
2978 3287 3340 3359 respondero.
3374 3284 3500 3338 Jam

1921 3392 2163 3449 sideritae
2185 3405 2383 3446 nomen
2416 3406 2444 3443 a
2475 3389 2525 3443 vi
2547 3388 2667 3457 ejus
2694 3401 2860 3457 quam
2891 3398 3019 3453 erga
3058 3383 3265 3436 ferrum
3300 3392 3502 3446 expro-

234 3481 308 3534 τά
339 3480 563 3552 σιδήρια
600 3481 970 3534 ἐνδείκνυται·
1005 3483 1054 3535 εί
1103 3481 1285 3552 βούλει
1316 3481 1375 3535 δὲ
1416 3484 1512 3536 καὶ
1561 3483 1671 3536 ἀπὸ
1715 3485 1815 3559 τῆς

1919 3483 2016 3539 mit
2061 3483 2168 3539 dici
2225 3489 2485 3537 constat:
2548 3478 2654 3543 vel,
2719 3478 2766 3533 si
2822 3476 3019 3537 mavis,
3073 3474 3240 3527 etiam
3278 3470 3346 3523 ab
3381 3470 3507 3536 ejus

236 3572 449 3641 ὂψεωςο
503 3571 618 3643 ἔχει
647 3573 754 3642 γάρ
784 3590 835 3626 τι
867 3574 1104 3644 ἐμφερὲς
1135 3574 1278 3628 κατά
1316 3573 1416 3646 τὴν
1463 3574 1631 3645 χρόαν
1660 3575 1818 3647 ἀργῷ

239 3664 333 3716 καὶ
360 3662 517 3717 οὔπω
543 3662 965 3735 διακαθαρθέντι
1009 3664 1244 3736 σιδήρῳο
1274 3666 1411 3720 ἀλλά
1450 3646 1545 3723 καὶ
1584 3667 1720 3722 διότι
1758 3646 1819 3734 ἐξ

237 3754 415 3825 ἀρχῆς
448 3753 714 3825 εὑρῆσθαί
761 3771 894 3824 φασι
927 3754 1098 3825 αὐτὴν
1144 3758 1257 3821 τοῖς
1295 3756 1393 3810 τοῦ
1451 3759 1677 3829 σιδήρου
1717 3776 1817 3829 με-

241 3845 461 3909 τάλλοις
486 3847 966 3918 ἀναμεμιγμένην·
1007 3847 1305 3916 Ἡράκλεια
1335 3848 1393 3902 δὲ
1429 3849 1504 3913 ὡς
1536 3852 1635 3919 μέν
1674 3866 1818 3904 τισιν

237 3935 386 4001 εδοξε
420 3935 512 3989 διὰ
538 3936 602 3989 τὸ
652 3936 872 4008 ἰσχυρὸν
896 3938 995 4008 τῆς
1018 3937 1183 4011 ὁλκῆς
1211 3940 1307 3992 καὶ
1338 3941 1641 4010 κρατερόν·
1680 3943 1818 4011 μᾶλ-

239 4028 328 4081 ὶον
352 4027 399 4080 δ’
431 4028 500 4083 ἂν
530 4027 726 4099 ῥηθείη
756 4029 857 4098 τὴν
898 4030 1219 4100 ἐπωνυμίαν
1249 4030 1452 4095 ἕλκειν,
1502 4032 1641 4085 διότι
1686 4032 1819 4104 περὶ

252 4119 585 4191 Ἡράκλειαν
611 4120 673 4173 τὸ
697 4120 1025 4191 πρῶτον,ὧς
1042 4139 1227 4191 φασιν,
1258 4123 1435 4199 ἀφάνη
1453 4139 1467 4153 ·
1487 4124 1818 4195 Ἡράκλειαν

238 4209 298 4263 δὲ
343 4210 393 4263 oi
430 4210 533 4280 μὲν
574 4213 674 4281 τὴν
711 4214 770 4265 ὲν
823 4213 1009 4285 Πόντῳ
1060 4215 1414 4286 ἱστορήκασιο
1450 4218 1562 4279 τοῖς
1590 4216 1647 4268 δὲ
1686 4218 1721 4289 η
1758 4218 1817 4270 ὲν

243 4301 575 4375 Σαμοθράκῃ
599 4302 778 4368 ἔδοξεν
796 4318 810 4333 ⁸
840 4305 947 4358 είσὶ
974 4305 1032 4359 δὲ
1064 4300 1145 4369 οἷς
1168 4307 1330 4378 ἑτέρα
1356 4306 1456 4377 τῆς
1484 4308 1816 4377 μαγνήτιδος

245 4390 574 4461 ἠσιδηρῖτις
625 4386 942 4461 νομίζεται·
997 4395 1064 4465 ἢν
1107 4396 1199 4448 καὶ
1236 4393 1497 4466 λαμπρὰν
1543 4397 1683 4460 ὅλως
1720 4397 1817 4451 καὶ

244 4480 439 4551 διαυγῆ
472 4499 637 4550 φασιν
668 4480 945 4547 εἷναι,καὶ
974 4490 1369 4559 μαρμαρυγαῖς
1393 4488 1817 4561 ἀργυριζούσαις

250 4572 663 4643 χαρασσομένην
693 4573 762 4627 δι’
788 4575 911 4629 ὅλου
936 4576 1031 4629 τοῦ
1062 4576 1312 4649 σώματος
1330 4594 1347 4612 ’
1377 4581 1463 4651 εῐη
1496 4580 1556 4634 δὲ
1586 4582 1681 4635 καὶ
1707 4583 1821 4634 Λυ-

250 4660 337 4712 δία
359 4662 459 4728 τὴν
497 4663 712 4730 κλῆσιν,
752 4666 882 4729 ῖσως
909 4666 1019 4720 ἀπὸ
1052 4669 1150 4737 τῆς
1198 4671 1389 4743 πόρῤω
1420 4672 1679 4743 πατρίδος
1708 4672 1821 4727 τῶν

1917 3575 2096 3645 specie
2125 3590 2141 3629 :
2172 3583 2257 3631 est
2286 3576 2431 3630 enim
2458 3573 2699 3644 ejusdem
2742 3569 2893 3624 color
2922 3582 3087 3637 prope
3116 3566 3314 3619 similis
3345 3577 3509 3619 natu-

1919 3669 2019 3726 rati
2075 3669 2433 3737 nondumque
2480 3665 2742 3720 defaecato
2790 3661 2972 3716 ferro:
3012 3669 3125 3714 tum
3176 3659 3340 3712 etiam
3376 3658 3505 3726 quia

1916 3760 2185 3829 principio
2241 3759 2523 3813 inventum
2584 3755 2755 3810 fuisse
2805 3751 3029 3808 tradunt
3078 3749 3209 3804 ferri
3277 3751 3505 3804 metallo

1917 3860 2254 3907 concretum.
2318 3849 2458 3903 Tum
2512 3847 2789 3903 heraclius
2816 3844 3096 3898 nonnullis
3119 3842 3227 3897 dici
3266 3843 3503 3901 videtur,

1917 3945 1988 3998 ob
2018 3940 2325 3997 attrahendi
2360 3940 2471 3993 vim
2498 3938 2735 3992 validam
2780 3945 2835 3991 et
2885 3936 3148 4005 vigorem.
3201 3932 3305 3986 Sed
3354 3932 3502 3986 enim

1917 4033 2131 4103 aequius
2161 4032 2577 4102 appellationem
2620 4028 2847 4084 sortitus
2894 4026 3109 4080 videtur
3132 4066 3147 4090 ,
3191 4023 3320 4093 quia
3354 4023 3501 4076 circa

1918 4125 2234 4182 Heracleam
2284 4123 2459 4198 primo
2504 4128 2833 4191 conspectus
2876 4118 3097 4173 dicitur.
3141 4116 3310 4169 Porro
3343 4114 3505 4167 llera-

1917 4219 2089 4275 oleam
2120 4218 2210 4271 alii
2242 4215 2399 4270 Ponti
2434 4215 2681 4279 tradunt,
2743 4213 2835 4267 alii
2878 4209 3292 4267 Samothracia}.
3347 4206 3502 4261 Nou-

1920 4311 2055 4368 nulli
2077 4311 2393 4368 existimant
2413 4309 2692 4364 diversum
2713 4321 2837 4362 esse
2868 4321 2899 4360 a
2923 4313 3174 4375 magnete
3204 4301 3453 4358 sideritin
3481 4316 3503 4355 :

1920 4416 2083 4472 quem
2140 4407 2475 4470 postremum
2525 4396 2870 4467 splendidum
2948 4404 3002 4449 et
3087 4406 3504 4463 quaquaversus

1921 4496 2197 4549 lucentem
2247 4492 2423 4556 aiunt,
2472 4489 2858 4559 argenteisque
2907 4487 3078 4541 radiis
3131 4494 3246 4539 toto
3273 4498 3505 4550 corpore

1921 4587 2264 4656 insignitum.
2320 4582 2563 4651 Denique
2604 4588 2658 4635 et
2686 4595 2881 4634 nomen
2920 4578 3120 4649 lydius,
3183 4575 3265 4628 vel
3318 4590 3347 4626 a
3384 4574 3505 4625 lor.-

1924 4678 2123 4749 ginqua
2170 4676 2388 4730 illorum
2439 4674 2611 4742 patria
2674 4670 2904 4725 inditum
2956 4678 3061 4733 est,
3117 4667 3211 4735 qui
3247 4665 3500 4718 virtutem

256 4756 639 4828 ἑφευρηκότων
663 4759 831 4831 αὐτῆς
857 4760 956 4832 τὴν
994 4763 1275 4834 ἐνέργειαν
1293 4780 1310 4796 ⁸
1355 4766 1387 4836 ἢ
1418 4766 1544 4821 εἴτι
1577 4767 1707 4821 ἄλλο
1731 4785 1816 4832 τις

1921 4770 2037 4839 ejus
2071 4767 2579 4837 deprehenderunt;
2624 4764 2707 4818 vel
2763 4764 2829 4817 de
2880 4762 2981 4816 hac
3011 4778 3070 4815 re
3099 4760 3317 4830 quidvis
3353 4757 3504 4814 aliud

256 4847 359 4900 ἀπὸ
378 4849 473 4902 τοῦ
499 4850 768 4919 πελάγους
802 4853 901 4923 τῆς
927 4852 1199 4927 ἀρχαϊκῆς
1226 4857 1465 4928 ἱστορίας
1500 4859 1691 4930 καιρὸν
1717 4858 1815 4915 λά-

256 4937 333 4991 ϐοι
358 4941 725 5008 ἀναλέξασθαι
756 4944 893 5016 (96).

1922 4876 1989 4916 ex
2019 4860 2257 4930 antiqua:
2292 4857 2536 4914 historiae
2568 4854 2868 4911 vorticibus
2914 4853 3188 4925 cxpiscari
3223 4869 3323 4924 pro
3348 4852 3506 4907 libita

1932 4952 2074 5007 licet.

1766 5102 1995 5162 NOTAE.

319 5264 431 5339 (96)
470 5266 619 5323 Inter
645 5275 856 5322 veteres
894 5276 1149 5339 auctores
1194 5266 1329 5321 satis
1358 5265 1464 5321 erit
1505 5266 1687 5339 videre
1712 5263 1822 5319 Pli-

253 5334 531 5393 niuin'lib.
559 5353 711 5401 xxvr,
742 5344 877 5405 sect.
906 5334 998 5400 25,
1030 5336 1097 5390 de
1140 5347 1390 5405 magnete
1430 5352 1536 5405 non
1570 5338 1691 5391 sine
1724 5351 1822 5390 co-

254 5408 337 5476 pia
369 5410 757 5465 disserentem.
789 5404 925 5459 Nam
966 5404 1300 5461 recentiores
1326 5404 1663 5471 Kirkerium,
1698 5405 1822 5459 Sal-

256 5479 524 5543 masium,
568 5476 908 5531 Gassendum
935 5516 950 5540 ,
997 5476 1823 5547 reiquephysicaeliodiernos

256 5549 553 5617 magistros
575 5561 1008 5617 commemorare
1037 5545 1170 5614 quid
1207 5545 1469 5599 interest?
1498 5545 1613 5597 Vim
1643 5556 1819 5617 tamen

254 5615 417 5685 hujus
452 5616 648 5684 lapidis
694 5616 1089 5685 ignorare-runt
1141 5617 1469 5685 praecipuam
1511 5616 1676 5683 prisci
1726 5631 1823 5668 au-

255 5683 458 5754 ctores,
503 5683 646 5758 quos
689 5683 835 5742 inter
866 5683 1117 5753 Pliotius,
1144 5683 1569 5742 demonstrandi
1617 5685 1827 5742 scilicet

1922 5265 2278 5319 meridianam
2331 5267 2552 5327 lineam,
2589 5265 2917 5335 ideoquect
2966 5263 3230 5318 arclicum
3267 5261 3448 5335 polum
3486 5275 3502 5312 :

1922 5351 1989 5391 ex
2044 5350 2150 5404 qua
2195 5336 2383 5390 notitia
2434 5345 2522 5390 res
2572 5332 2790 5389 nautica
2839 5334 3188 5388 incredibili-5
3243 5332 3505 5404 utilitates

1921 5402 2183 5474 percupit.
2213 5409 2479 5460 Caeterum
2505 5406 2712 5459 Plinius
2738 5404 3075 5473 probabilius
3103 5404 3233 5457 dicit
3271 5402 3505 5474 ferratas

1922 5469 2203 5543 pastorum
2235 5476 2485 5544 crepidas
2524 5469 2825 5529 adluesiSse
2866 5474 3125 5543 magucti,
3159 5486 3320 5541 quam
3356 5469 3505 5544 l’lio‘

1923 5538 2030 5669 liills
2078 5548 2155 5626 ait
2206 5538 2540 5617 magueticas
2570 5547 2832 5616 ,crepidas
2877 5538 3334 5599 coliwsissc'cum
3385 5538 3524 5593 solo

1953 5631 2182 5669 errario.

1953 5631 2182 5671 Cl'l'ill'lo.
