3846 6188
321 297 426 362 7°27

1477 291 1738 355 PHOTII
1777 291 2287 359 PATRIARCHzE
2309 302 2424 363 CP.

3475 267 3589 381 ’γε-3

388 417 445 470 9..
483 412 650 468 Porro
687 421 873 467 autem
923 411 1081 467 decet
1125 424 1227 466 nos
1277 413 1643 468 attrahentem
1705 413 1901 483 lapidis

2043 417 2143 506 ιβ’.
2173 417 2306 487 (96⁸)
2343 419 2483 473 Ἀλλ’
2503 421 2652 492 ἡμᾶς
2679 439 2742 492 γε
2772 425 3044 496 προσήκει
3073 427 3170 498 τὴν
3200 431 3455 506 ἑλκτικὴν
3483 435 3588 504 τῖς

322 501 488 570 hujus
518 502 770 554 virtutem
805 499 1218 555 considerantes
1247 512 1413 571 atque
1432 502 1801 573 sympathiam
1835 519 1900 560 ac

321 593 488 646 veluti
519 607 763 646 amorem
794 601 990 647 natura
1016 592 1194 647 eidem
1240 609 1367 662 erga
1397 591 1600 648 ferrum
1644 593 1900 661 inditum,

279 731 282 734 .
323 682 742 738 admirationem
799 692 1041 738 nostram
1087 684 1153 738 ad
1183 685 1481 740 crcationis
1511 685 1779 754 optimum
1812 697 1904 741 ar-

321 762 616 829 chitectum
699 774 868 830 Deum
950 775 1303 832 transferre:
1366 777 1572 846 pudere
1621 789 1800 834 autem
1834 781 1906 836 ob

324 883 506 924 rerum
567 867 963 922 insensibilium
1017 884 1218 922 nexum
1270 876 1434 936 atque
1499 872 1901 940 compaginem,

323 960 455 1014 dum
487 975 586 1015 nos
615 960 828 1015 interim
878 962 972 1030 qui
1006 963 1219 1015 ratione
1265 962 1525 1031 praeditos
1572 977 1672 1018 nos
1701 963 1904 1033 gloria-

325 1067 471 1116 mur,
504 1051 895 1106 benevolentia:
918 1055 1238 1123 amorisque
1263 1053 1540 1108 vinculum
1570 1053 1718 1108 haud
1754 1069 1906 1123 atque

326 1158 609 1196 servamus
667 1159 680 1196 :
742 1153 796 1196 et
869 1145 1091 1212 quidem
1156 1144 1360 1197 diserte
1410 1143 1613 1208 edocti,
1649 1145 1904 1212 quamvis

328 1239 469 1294 forte
514 1255 685 1310 genus
751 1253 913 1293 omne
971 1241 1232 1294 virtutum
1285 1240 1555 1310 complexi
1612 1240 1904 1306 fuerimus,

326 1333 531 1401 alisque
559 1341 745 1386 mutua
776 1332 1042 1387 charitatc
1093 1332 1442 1402 spiritalique
1490 1334 1591 1387 hoc
1628 1349 1815 1389 amore
1843 1349 1908 1390 ac

325 1424 567 1486 vinculo,
599 1422 714 1478 fore
743 1433 802 1478 ut
825 1425 983 1479 nobis
1009 1425 1193 1478 omnia
1219 1425 1446 1480 ellluant
1471 1439 1535 1480 ac
1555 1426 1890 1496 dispeream.

336 1514 640 1584 Ceteroqui
687 1516 829 1571 alius
876 1517 1064 1570 nescio
1096 1517 1221 1585 quis
1250 1515 1560 1571 celebratur
1598 1516 1737 1584 lapis
1771 1531 1908 1572 con-

327 1605 550 1659 trariam
585 1607 845 1674 praedicto
892 1610 1001 1660 vim
1057 1608 1308 1670 sortitus,
1363 1607 1458 1676 qui
1487 1607 1727 1662 nomium
1770 1606 1908 1677 lapis

325 1698 392 1751 ad
425 1715 577 1754 meas
621 1715 821 1755 manus
852 1701 1023 1754 venit.
1084 1697 1242 1754 Hunc
1271 1699 1428 1754 aiunt
1455 1700 1763 1768 proximum
1795 1700 1910 1754 fer-

2003 503 2151 557 λίθου
2174 506 2380 577 ταύτης
2421 509 2652 581 δύναμιν
2687 512 3136 582 διασκοποῦντας,
3170 523 3265 573 καὶ
3309 503 3586 595 τὴντσυμ-

2004 599 2258 662 πάθειαν,
2306 601 2398 654 καὶ
2446 603 2536 655 τὸν
2567 598 2680 659 οἷον
2715 603 2895 675 ἔρωτα
2924 607 2982 662 ὃν
3021 611 3052 679 ἡ
3089 610 3250 680 φύσις
3272 615 3411 686 αὐτῇ
3444 618 3590 687 πρὸς

2002 688 2094 742 τὸν
2125 689 2345 762 σίδηρον
2375 692 2658 762 ἐνέθηκεν,
2691 696 3024 764 ἀγάλλεσθαι
3045 698 3156 772 ’μὲν
3187 705 3287 774 τῆς
3317 706 3594 778 δημιουρ-

2004 778 2130 847 γίας
2161 780 2258 834 τὸν
2285 781 2676 856 ἀριστοτέχνην
2700 787 2855 856 Θεὸν,
2873 791 3229 860 αἰσχύνεσθαι
3262 796 3318 848 δὲ
3349 800 3446 867 τὴν
3472 800 3590 852 τῶν

2005 869 2353 942 ἀναισθήτων
2391 872 2753 946 ἀλληλουχίαν
2782 877 2878 932 καὶ
2923 880 3217 950 συνάφειαν
3238 899 3252 913 ·
3281 886 3500 938 ὲπειδὲν
3533 890 3594 939 οἱ

2003 961 2148 1033 λόγῳ
2195 962 2519 1034 τιμηθέντες
2565 968 2729 1038 ἡμεῖς
2779 969 2872 1024 τὸν
2926 970 3028 1041 τῆς
3063 973 3446 1044 φιλοστοργίας
3486 978 3597 1033 καὶ

2007 1052 2229 1124 ἀγάπης
2278 1053 2478 1126 δεσμὸν
2520 1057 2630 1111 οὐδ’
2660 1059 2862 1130 ὁμοίως
2908 1062 3140 1130 ἐκείνοις
3187 1065 3594 1137 φυλάττωμενο

2007 1143 2180 1196 καίτοι
2225 1162 2290 1214 γε
2355 1149 2544 1217 σαφῶς
2571 1148 2951 1222 διδασκόμενοι
2979 1194 2994 1219 ,
3026 1151 3103 1215 ὡς
3153 1155 3202 1208 εί
3251 1156 3345 1208 καὶ
3398 1159 3594 1228 πάσης

2007 1235 2211 1307 ἀρετῆς
2243 1229 2383 1301 εῒδος
2411 1238 2602 1310 εἴημεν
2633 1242 3121 1313 περιειλημμένοι,
3168 1245 3298 1299 ἀνευ
3349 1248 3449 1318 τῆς
3501 1250 3597 1311 είς

2009 1323 2273 1396 ἀλλήλους
2301 1327 2524 1401 ἀγάπης
2550 1331 2646 1384 καὶ
2676 1331 2771 1385 τοῦ
2817 1331 3191 1404 πνευματικοῦ
3235 1337 3426 1390 τούτου
3459 1339 3593 1406 φίλ-

2007 1432 2141 1486 τρου
2171 1419 2266 1471 καὶ
2289 1419 2515 1490 δεσμοῦ,
2548 1421 2726 1478 πάντα
2754 1424 2888 1494 ἡμῖν
2920 1424 3263 1498 διαρῤυϊσκει
3309 1432 3402 1484 καὶ
3435 1432 3594 1500 οἶχε-

2007 1524 2128 1562 ται·
2156 1511 2205 1563 εί
2237 1509 2293 1563 δὲ
2329 1511 2422 1565 καὶ
2457 1513 2619 1582 ἑτέρα
2662 1509 2762 1578 τις
2789 1515 3007 1585 λέγεται
3047 1518 3191 1582 λίθος
3229 1521 3474 1574 ἐναντίαν
3515 1525 3596 1591 τῇ

2009 1601 2352 1675 προκειμένῃ
2381 1601 2478 1674 τὴν
2505 1605 2666 1672 φύσιν
2707 1605 2972 1675 λαχοῦσα,
3001 1602 3070 1680 ἧς
3098 1610 3261 1680 ἡμεῖς
3295 1610 3394 1681 μὲν
3431 1611 3598 1664 obrue)

2009 1693 2089 1754 είς
2119 1695 2320 1762 πεῖραν
2349 1695 2629 1765 ἀφίγμεθα
2659 1696 2860 1768 (τηνδὶ
2886 1715 3057 1768 φασιν
3083 1701 3421 1755 ἀπωθεῖσθαι
3443 1705 3593 1774 αὐτῇ

326 1801 448 1841 rum
476 1788 750 1858 repellere.
784 1789 962 1860 Atque
991 1790 1079 1845 hic
1102 1789 1308 1859 pariter
1330 1790 1451 1845 usui
1470 1797 1658 1843 nostro
1686 1803 1906 1844 accom-

2017 1786 2402 1857 προσαγόμενα
2425 1789 2498 1840 ’τὰ
2532 1788 2772 1859 σιδήρια)
2814 1791 2910 1843 καὶ
2937 1789 3096 1844 τοῦτο
3123 1791 3393 1863 ἡμέτερον
3414 1809 3428 1823 ·
3461 1795 3598 1846 οὐδὲ

326 1880 580 1936 modatns
611 1889 715 1937 cst.
744 1880 883 1935 Nam
934 1883 1029 1952 qui
1074 1882 1340 1948 Spiritalis
1367 1881 1656 1936 charitatis
1685 1881 1907 1936 vinculo

327 1971 543 2040 generis
591 1972 764 2027 nostri
830 1975 1180 2028 consortibus
1243 1975 1486 2043 copulari
1540 1975 1908 2044 conjungiquc

327 2063 611 2129 debemus,
659 2063 821 2118 iidem
875 2065 1149 2120 interdum
1198 2065 1442 2121 aversari
1494 2066 1617 2120 illos
1643 2066 1908 2122 debemus

328 2161 495 2223 atque
534 2155 793 2221 repellere
825 2175 838 2210 :
905 2173 1101 2227 nempe
1137 2173 1261 2212 cum
1291 2159 1392 2228 ipsi
1431 2159 1816 2213 scandalorum
1857 2169 1908 2212 et

331 2247 790 2302 ochndiculorum
819 2248 994 2305 instar
1031 2249 1228 2317 ell‘ecti,
1279 2251 1439 2306 nobis
1474 2252 1528 2305 in
1565 2251 1651 2305 via
1687 2251 1908 2320 pietatis

328 2338 719 2408 impedimento
753 2349 926 2409 sunt;
980 2341 1064 2394 vel
1111 2356 1235 2395 cum
1283 2342 1548 2396 virtutum
1591 2343 1910 2396 subvertere

325 2444 390 2484 ac
428 2429 756 2500 detorquere
794 2446 1018 2500 gressus
1051 2432 1325 2487 nituntur.
1358 2433 1415 2487 ld
1444 2435 1587 2488 enim
1625 2433 1909 2488 Dominico

325 2520 489 2574 etiam
511 2520 674 2576 elIato
731 2521 1069 2592 praccipitur,
1103 2539 1299 2593 nempe
1341 2524 1385 2578 si
1417 2525 1540 2594 quis
1572 2523 1657 2579 vel
1685 2525 1907 2578 amicis-

327 2611 502 2666 simus
535 2613 618 2666 \el
649 2629 863 2669 summa
890 2615 1297 2671 necessitudine
1348 2616 1590 2684 junctus,
1643 2614 1910 2686 nobisque

326 2703 380 2756 in
413 2705 668 2761 civilibus
701 2707 898 2763 studiis
928 2724 993 2762 ac
1028 2705 1283 2778 negotiis,
1339 2705 1488 2764 haud
1542 2725 1703 2765 secus
1741 2725 1906 2780 quam

324 2796 513 2851 dexter
560 2798 754 2854 oculus
822 2801 908 2856 vel
957 2799 1148 2855 dextra
1199 2801 1396 2858 manus
1424 2843 1441 2869 ,
1486 2801 1638 2857 utilis
1696 2801 1906 2869 fuerit,

323 2889 688 2946 nihilominus
729 2892 876 2948 hunc
907 2909 1130 2965 quoque
1163 2895 1300 2952 velis
1344 2894 1622 2965 remisque
1650 2909 1772 2950 esse
1809 2891 1909 2949 de-

325 2985 629 3040 vitandum.

360 3095 688 3162 QUIES'I‘IO
715 3100 974 3157 cxxxn.
1009 3102 1198 3174 [σοῖσι.
1230 3102 1413 3169 CLIV,
1467 3099 1868 3174 Taur.CLlll.]
1935 3115 1982 3176 α

327 3190 562 3266 Quinam
588 3195 795 3266 vocari“
818 3195 1007 3249 debent
1053 3197 1266 3261 τεκνία,
1293 3209 1340 3250 et
1389 3197 1480 3266 qui
1533 3205 1656 3250 sunt
1690 3196 1904 3266 παιδία,

394 3264 544 3331 quive
573 3264 717 3316 υἱοίῖ
753 3263 825 3320 Et.
858 3281 959 3333 quo
1016 3283 1172 3319 sensu
1226 3269 1352 3321 dicit
1399 3263 1590 3320 Petrus
1613 3283 1631 3320 :
1676 3285 1694 3318 ι
1727 3264 1909 3320 Habe-

401 3347 517 3385 mus
541 3349 830 3387 sermonem
864 3337 1226 3404 propheticum
1257 3338 1569 3406 ﬁrmiorem.
1610 3357 1627 3387 ι

2009 1880 2117 1952 γάρ
2147 1880 2256 1933 οὐδ’
2293 1882 2455 1950 ἡμεῖς
2501 1883 2664 1952 μόνον
2701 1882 2780 1954 τῷ
2825 1883 3012 1955 δεσμῷ
3057 1885 3159 1955 τῆς
3211 1889 3600 1957 πνευματικῆς

2008 1972 2229 2041 ἀγάπης
2255 1971 2545 2042 ὀφείλομεν
2575 1973 2815 2042 ἡνῶσθαι
2859 1975 2955 2028 καὶ
2986 1975 3330 2030 συνδεδέσθαι
3361 1979 3500 2047 πρὸς
3532 1979 3601 2029 τὸ

2009 2062 2302 2132 ὁμόφυλον,
2353 2062 2470 2116 ἀλλ’
2516 2062 2630 2116 ἐσθ’
2657 2065 2745 2118 ὅτε
2779 2066 2876 2120 καὶ
2919 2067 3160 2120 ἀπωθεῖν
3195 2069 3290 2121 καὶ
3326 2069 3599 2139 ἐκτρέπε-

2012 2152 2174 2204 σθαι·
2229 2153 2451 2206 ἐπειδὰν
2506 2153 2816 2208 σκανδάλων
2868 2157 2963 2209 καὶ
3012 2159 3456 2228 προσκομμάτων
3491 2161 3603 2214 ὐπ-

2010 2243 2260 2306 ελθόντες
2307 2243 2423 2313 βίον
2473 2242 2726 2314 ἐμποδὼν
2765 2247 3118 2316 ἐπιχειρῶσιν
3153 2248 3405 2303 ἵστασθαι
3454 2251 3601 2320 πρὸς

1990 2335 2108 2413 ’τὰς
2140 2336 2238 2405 τῆς
2268 2336 2551 2399 εὐσεϐείας
2596 2335 2840 2406 τρίϐους,
2870 2337 2903 2407 ἢ
2933 2340 3059 2402 τοὺς
3083 2337 3191 2392 τῶν
3219 2341 3432 2411 ἀρετῶν
3456 2343 3598 2394 ὐπο-

2013 2426 2284 2492 σκελίξειν
2315 2427 2410 2482 καὶ
2456 2429 2806 2501 διαστρέφειν
2853 2431 3109 2502 δρόμους.
3141 2432 3312 2486 Τοῦτο
3349 2434 3461 2504 γὰρ
3498 2436 3598 2492 καὶ

2010 2516 2071 2570 τὺ
2117 2517 2397 2588 Κυριακδν
2432 2521 2712 2577 ἐπιτάττει
2759 2525 2968 2594 λόγιον·
3019 2525 3094 2591 ὡς
3145 2531 3193 2583 εί
3242 2527 3331 2583 καί
3383 2549 3466 2594 τις
3507 2534 3597 2602 εἴη

2013 2607 2182 2677 φίλων
2222 2609 2318 2664 καὶ
2371 2610 2586 2667 οἰκείων
2618 2617 2648 2668 ὁ
2678 2616 2947 2685 μάλιστα,
2982 2619 3124 2674 ὥστε
3165 2623 3259 2675 καὶ
3311 2628 3600 2696 συνεργεῖν

2012 2701 2144 2773 ἡμῖν
2170 2702 2250 2767 εἰς
2272 2704 2370 2769 τὰς
2401 2705 2682 2771 πολιτικὰς
2714 2708 2949 2780 θεωρίας
2979 2729 3039 2764 τε
3068 2712 3162 2766 καὶ
3196 2714 3452 2784 πράξεις,
3497 2717 3590 2768 ἴσα

2015 2798 2110 2850 καὶ
2163 2797 2427 2870 ὀφθαλμῷ
2476 2799 2636 2871 δεξιῷ
2687 2803 2781 2856 καὶ
2823 2805 2967 2874 χειρὶ
3007 2805 3178 2876 δεξιᾷ,
3228 2807 3324 2859 καὶ
3371 2808 3600 2872 τούτους

2013 2890 2306 2961 ἐκτέμνειν
2371 2891 2467 2945 καὶ
2529 2892 2944 2964 ἀποτρέπεσθαι
3006 2899 3074 2969 τῇ
3150 2897 3304 2972 πάσῃ
3365 2897 3603 2970 δυνάμει

2016 2984 2218 3059 χρεών.
2503 2985 2512 2992 ’

2541 3101 2872 3155 ΕΡΩΤΗΣΙΣ
2895 3101 3059 3157 ΡΛΒ’.

2021 3192 2082 3248 Τί
2103 3191 2198 3245 δεῖ
2222 3191 2434 3247 καλεῖν
2469 3191 2673 3254 τέκνα.
2702 3194 2801 3246 καί
2836 3193 2979 3247 ποῖα
3021 3191 3231 3248 παιδία
3248 3232 3277 3257 ,.
3299 3193 3404 3247 καί
3434 3191 3605 3262 τινας

2087 3263 2292 3333 vlooc;
2322 3261 2448 3327 Kal,
2474 3264 2530 3316 τί
2545 3265 2708 3332 λέγει
2725 3263 2948 3333 Πέτρος
2964 3281 2978 3294 ο
2992 3283 3011 3314 ί
3027 3265 3284 3333 Ἕχομεν
3294 3261 3606 3328 βεϐαιότεέ.

2082 3349 2197 3402 ρον
2233 3332 2340 3386 τὸν
2371 3331 2744 3402 προφητικὸν
2769 3331 2990 3403 λόγον;
3030 3353 3049 3385 ι

329 3445 588 3503 Editarum
621 3462 667 3499 ιι,
684 3435 865 3501 Wolfio
885 3450 1078 3502 decima
1101 3460 1274 3516 quarta
1302 3456 1425 3518 (Cur
1449 3452 1631 3504 Philol.
1661 3461 1696 3502 ι.
1723 3451 1794 3563 vi
1800 3448 2143 3562 [ludas-2142133
2167 3447 2392 3499 Galland.
2436 3446 2676 3531 (Biblioth.
2705 3453 2744 3498 t.
2767 3447 2898 3511 Xlll,
2922 3462 2973 3512 p.
3001 3449 3112 3511 725,
3138 3448 3230 3498 726
3248 3463 3302 3498 n.
3327 3449 3436 3512 50).
3463 3477 3522 3487 —
3553 3448 3611 3498 ln

1968 3548 1980 3560 .
2011 3547 2045 3573 .,
2089 3547 2162 3559 .υ.

402 3619 530 3676 Tria
561 3632 711 3687 sunt,
741 3624 1220 3694 quibushomincs
1279 3625 1583 3680 redduntur
1629 3621 1920 3694 perfectio-

334 3728 443 3778 res,
509 3717 850 3771 mundatioa
896 3719 1160 3787 peccatis,
1223 3718 1355 3773 fides
1411 3717 1516 3786 pia,
1575 3733 1676 3772 nec
1729 3717 1917 3784 dubia,

333 3806 594 3875 nullaque
629 3824 683 3863 re
713 3824 852 3862 vana
887 3822 982 3864 aut
1014 3825 1203 3864 recens
1227 3810 1437 3864 invecta
1473 3811 1783 3873 immutata,
1819 3809 1919 3864 de-

332 3896 498 3967 nique
531 3912 657 3952 vero
686 3898 830 3953 lucta
887 3908 942 3953 et
996 3898 1227 3954 victoria
1286 3900 1552 3955 adversus
1597 3912 1824 3968 peccata
1867 3908 1921 3956 et

331 3987 635 4045 diabolum.
684 3988 964 4045 Mundatio
995 3992 1214 4061 quidem
1267 4009 1296 4044 a
1359 3991 1594 4061 peccatis
1641 3993 1922 4062 generatio

331 4082 582 4151 qnzedam
609 4083 912 4152 spiritualis
945 4094 1045 4149 est,
1088 4084 1169 4139 vel
1193 4085 1372 4154 potius
1401 4086 1772 4156 regeneratio,
1800 4101 1921 4156 quae

334 4185 573 4226 vetcrcm
637 4173 914 4228 hominem
969 4184 1216 4229 renovat.
1278 4175 1336 4230 In
1391 4176 1534 4232 hanc
1593 4163 1919 4232 sententiam

333 4261 540 4320 Paulus
567 4281 786 4336 quoque
819 4266 898 4321 ait
923 4282 944 4322 ':
995 4286 1015 4319 ‹
1056 4265 1260 4333 Filioli,
1293 4284 1434 4339 quos
1481 4269 1682 4325 iterum
1743 4270 1918 4338 pario,

2087 3616 2230 3692 Τρία
2261 3619 2371 3691 (97)
2405 3619 2581 3676 ταῦτά
2611 3622 2782 3687 ἐστιν,
2805 3613 2970 3688 οἷςῗτὸ
2991 3619 3337 3691 ἀνθρώπινον
3360 3620 3605 3676 τελειοῦ·

2016 3729 2144 3767 ται·
2173 3704 2446 3785 κάθαρσις
2496 3713 2918 3784 ἁμαρτημάτων
2941 3753 2957 3779 ,
2994 3715 3178 3777 πίστις
3223 3715 3483 3785 εὐσεϐὴς,
3517 3718 3608 3768 καὶ

2016 3802 2365 3868 ἀδίστακτος,
2395 3803 2534 3874 πρὸς
2567 3803 2738 3874 μηδὲν
2767 3802 2924 3858 κενὸν
2949 3802 3062 3875 (98)
3117 3804 3258 3874 μηδὲ
3289 3805 3608 3875 πρόσφατον

2020 3897 2482 3966 ὑπαλλοιουμένη,
2515 3893 2667 3964 ἀγὼν
2726 3895 2822 3950 καὶ
2867 3896 2992 3968 νίκη
3050 3897 3194 3950 κατά
3252 3896 3369 3950 τῶν
3421 3896 3609 3951 παθῶν

2027 3987 2254 4045 καὶτοῦ
2286 3988 2555 4045 διαϐόλου.
2603 3989 2676 4042 Ἦ
2722 3988 2825 4060 μὲν
2881 3985 2976 4043 οὖν
3022 3987 3132 4042 τῶν
3184 3989 3608 4061 ἁμαρτημάτων

2029 4080 2320 4150 κάθαρσις,
2343 4078 2602 4149 γέννησίς
2621 4078 2708 4142 τίς
2736 4081 2854 4132 ἐστι
2899 4078 3264 4151 πνευματικὴ,
3317 4080 3527 4150 μᾶλλον
3553 4080 3607 4134 δὲ

2028 4169 2413 4242 ἀναγέννησις,
2431 4171 2522 4225 τὸν
2538 4171 2925 4226 παλαιωθέντα
2941 4171 3376 4236 ἀνακαινίζουσα
3398 4172 3498 4227 ἀνθ
3507 4189 3607 4243 ρω-

2027 4281 2148 4318 πον.
2177 4263 2314 4317 Καθ’
2345 4262 2372 4315 ὃ
2397 4264 2491 4316 καὶ
2513 4261 2725 4325 Παῦλος
2747 4261 2964 4331 ἐλεγενο
3006 4282 3025 4316 ι
3067 4263 3294 4330 Τεκνία,
3323 4264 3422 4328 οὓς
3447 4264 3604 4317 πάλιν

333 4355 510 4410 donec
569 4356 822 4412 Christus
871 4357 927 4411 in
959 4359 1113 4412 vobis
1167 4355 1434 4414 formetur
1453 4357 1520 4415 ³ο.
1561 4378 1580 4412 ι
1626 4357 1726 4413 Per
1780 4359 1913 4417 hanc

2025 4351 2221 4421 ὠδίνω,
2257 4351 2363 4417 ἕως
2390 4353 2456 4407 ἂν
2484 4355 2514 4406 ό
2543 4354 2781 4423 Χριστὸς
2823 4355 2883 4407 ὲν
2931 4355 3061 4426 ὑμῖν
3126 4354 3416 4427 μορφωθῇ.
3461 4374 3482 4408 ι
3512 4354 3605 4408 Διὰ

334 4461 466 4500 vero
523 4446 1011 4516 regenerationem,
1071 4445 1235 4502 etiam
1279 4450 1332 4503 in
1384 4448 1526 4504 ﬁlios
1573 4449 1924 4519 adoptantur,

335 4537 478 4590 servi
511 4537 726 4592 Domini
758 4537 964 4594 Christi
997 4537 1150 4595 facti.
1186 4537 1480 4610 Propterea
1525 4550 1674 4596 recte
1702 4557 1928 4611 quoque

334 4638 390 4684 et
417 4629 578 4698 ﬁlioli
635 4641 692 4687 et
728 4633 877 4702 pueri
901 4643 1190 4697 vocantur,
1220 4634 1314 4702 qui
1367 4632 1531 4703 hujus
1576 4634 1766 4702 gratiae
1799 4632 1929 4689 facti

337 4733 468 4776 sunt
530 4725 853 4795 participes.
919 4725 1024 4792 Qui
1073 4741 1203 4780 vero
1237 4726 1543 4781 doctrinam
1579 4726 1815 4796 pictatis,
1859 4727 1928 4782 ab

340 4814 496 4867 initio
520 4817 893 4883 praedicatum,
925 4827 1198 4874 sectantes
1232 4819 1376 4889 quod
1425 4819 1490 4873 ad
1523 4820 1766 4873 animum
1795 4835 1928 4874 con-

340 4915 658 4971 senuerunt,
690 4908 812 4963 vani
841 4909 1000 4974 nihil,
1054 4911 1191 4965 nihil
1228 4926 1418 4966 recens
1481 4909 1709 4976 inventi,
1767 4911 1926 4974 nihil,

339 4993 485 5061 quod
513 4992 809 5062 juvenilem
836 5001 1088 5055 humanae
1115 5000 1316 5054 mentis
1334 4997 1652 5069 iactantiam
1700 4996 1925 5063 referat,

338 5084 709 5153 admittentes,
743 5088 818 5142 illi
857 5091 1075 5160 quidem
1129 5091 1312 5146 itidem
1369 5106 1431 5146 se
1477 5090 1626 5160 ipsos
1651 5089 1927 5159 spirituali

339 5176 444 5233 ista
475 5177 921 5238 denominatione
948 5183 1142 5253 dignos
1173 5199 1298 5241 esse
1329 5182 1556 5239 cordato
1611 5182 1811 5252 cuique
1836 5181 1927 5252 jus

415 5306 461 5339 ³ο
493 5303 671 5359 Galat.
698 5316 776 5366 IV,
809 5299 898 5355 l9.

2023 4445 2230 4516 ταύτης
2255 4445 2312 4498 δὲ
2341 4445 2444 4516 τῆς
2469 4445 2886 4516 ἀναγεννήσεως
2920 4447 3016 4500 κα)⁸
3041 4447 3462 4517 υίοθετούμεθα,
3487 4446 3608 4500 δοῦ-

2024 4537 2108 4591 λοι
2132 4537 2286 4600 ὄντες
2323 4537 2403 4608 τῷ
2446 4537 2693 4609 Δεσπότῃ
2741 4538 2984 4609 Χριστῷ.
3026 4539 3118 4592 Διὸ
3148 4540 3382 4602 εἰκότως
3416 4538 3485 4592 ἀν
3518 4539 3607 4592 καὶ

2025 4629 2216 4683 τεκνία
2245 4631 2340 4683 καὶ
2363 4629 2556 4684 παιδία
2587 4633 2635 4684 οἱ
2665 4629 2874 4702 ταύτης
2908 4632 3006 4702 τῆς
3043 4631 3270 4702 χάριτος
3311 4630 3605 4703 ἠξιωμένοι

2029 4720 2267 4773 καλοῖντ’
2298 4719 2383 4774 ἀν.
2418 4722 2482 4773 υἱ
2510 4721 2568 4772 δὲ
2612 4720 2713 4792 τὴν
2755 4709 2999 4793 ἀρχῆθεν
3038 4722 3606 4792 προκατηγγελμέναγν

2028 4809 2311 4863 εὐσέϐειαν
2341 4812 2765 4882 πρεσϐεύοντες,
2789 4813 2888 4884 ἤδη
2927 4813 2988 4867 τὸ
3023 4813 3291 4885 φρόνημα,
3307 4814 3604 4867 πεπολίων-

2025 4921 2137 4967 ται,
2198 4898 2362 4972 μηδὲν
2407 4905 2565 4959 κενὸν
2616 4905 2753 4977 (99),
2785 4908 2922 4977 μηδὲ
2968 4908 3318 4978 πρόσφατον,
3353 4907 3476 4979 μηδ’
3506 4909 3596 4960 ἀν-

2029 4995 2311 5066 θρωπίνης
2345 4997 2589 5058 ἐπινοίας
2615 4999 2913 5067 νεανίευμα
2962 5001 3082 5063 ταῖς
3110 4998 3378 5063 διανοίαις
3410 5001 3487 5070 (l)
3512 5000 3601 5052 αύ-

2006 5091 2138 5146 .τῶν
2175 5090 2562 5163 είσδεχόμενοι,
2597 5093 2646 5146 οἳ
2681 5092 2778 5147 καὶ
2805 5093 2991 5164 δικαίᾳ
3026 5093 3210 5164 κρίσει
3230 5092 3600 5163 πνευματικῆς

2030 5184 2228 5251 αὐτοὺς
2252 5185 2572 5257 ἐπωνυμίας
2599 5185 2785 5251 ἀξίους
2839 5184 3201 5240 δεικνύουσιν.
3237 5185 3364 5239 Ἐπὶ
3419 5183 3495 5255 (2)
3548 5182 3598 5234 δὲ

1867 5387 2103 5445 ΝΟΤΙΕ.

415 5487 554 5558 (96‘)
591 5486 810 5541 Videtur
832 5483 1061 5558 Ph_o_tius
1089 5483 1270 5558 fuisse
1292 5497 1428 5558 usus
1451 5481 1666 5558 EuIOgii
1697 5480 1929 5558 Alesan-

345 5553 490 5616 drini
510 5553 675 5627 opere
701 5567 890 5612 contra
909 5554 1246 5627 Novatianos
1285 5553 1402 5621 (lib.
1431 5553 1518 5622 ιι),
1541 5568 1607 5607 cx
1637 5568 1747 5622 quo
1771 5554 1927 5621 plura

346 5631 508 5686 datin
539 5625 875 5682 Bibliotheca
902 5627 1025 5681 cod.
1052 5625 1180 5679 280.

426 5699 538 5772 (97)
563 5699 619 5772 |_n
643 5699 818 5772 Catal.
849 5695 1240 5772 Bibl.__Co_islin.
1274 5710 1324 5763 p.
1368 5693 1492 5772 337-,
1523 5692 1663 5772 male
1683 5693 1820 5772 τοῖα.

428 5700 516 5756 (97
563 5700 619 5752 In
643 5700 818 5753 Catal.
849 5700 988 5752 Bibl.
1011 5700 1240 5751 Coislin.
1274 5710 1324 5763 p.
1368 5700 1492 5756 557,
1523 5700 1663 5746 male
1683 5700 1820 5745 τοῖα.

428 5700 540 5840 (98)
574 5769 651 5827 Ita
679 5771 859 5826 scribo
888 5785 954 5826 ex
977 5767 1131 5825 Golb.
1163 5781 1264 5838 pro
1323 5763 1531 5832 καινόν,
1567 5763 1622 5819 id
1652 5761 1797 5819 enim
1837 5776 1932 5816 cx-

2026 5483 2282 5552 primitur
2319 5495 2419 5552 per
2447 5481 2784 5552 πρόσφατσν.
2814 5480 2883 5535 Ει
2908 5480 2989 5536 sic
3015 5492 3165 5547 mox,
3189 5492 3247 5534 n.
3276 5477 3331 5534 5.

2101 5554 2214 5625 (99)
2247 5551 2456 5625 Viden.
2487 5551 2576 5606 98.

2100 5619 2176 5695 (ι)
2207 5624 2265 5695 [It
2293 5623 2562 5695 cod._erat
2588 5619 2907 5695 διακονίαις.

2103 5691 2182 5764 (‘2)
2209 5693 2395 5750 Codex
2415 5691 2559 5757 ἐπεί,
2596 5691 2754 5745 male.
