3826 6206
162 234 261 299 729‘
919 220 923 225 '
1054 232 1152 294 AD
1192 230 1783 293 AmrutLocutUM
1831 226 2178 301 QU/ESTIO
2208 220 2443 289 CXXII.
3299 228 3407 290 730

160 345 368 408 τούτοις,
397 342 443 395 οἱ
474 339 742 410 γενναίως
765 339 862 393 καὶ
888 339 1154 410 ἀνδρείως
1199 340 1267 392 τὰ
1313 340 1461 409 πάθη
1498 340 1595 392 καὶ
1620 339 1671 391 τὲ

1896 338 1924 390 :i
1954 339 2271 392 ostendunt.
2311 336 2518 392 Practer
2546 339 2646 394 hos
2675 352 2805 394 vero
2829 355 3014 396 nonne
3057 350 3111 397 ct
3138 341 3254 405 lsti.
3289 346 3407 413 qui.-

162 436 334 507 ἐχθρὸν
366 432 898 503 καταγωνισάμενοι,
929 432 1024 485 καὶ
1048 432 1399 503 στρατιωτῶν
1426 433 1521 485 καὶ
1552 430 1673 484 άθλτ

1900 443 2042 481 enue
2071 437 2125 482 et
2151 428 2364 483 fortiter
2395 429 2525 481 vitia
2556 438 2609 482 et
2640 429 2853 485 hostem
2905 433 3263 498 debellautes,
3304 436 3409 490 mi-

158 530 253 581 τῶν
281 527 350 588 ὡς
389 523 604 595 ἀληθῶς
627 523 766 595 ἔργα
799 522 1263 593 διαπραξάμενοι,
1293 524 1461 575 πᾶσιν
1512 523 1592 592 (5)
1628 524 1669 575 ἐς

1895 536 2085 591 imque
2118 530 2171 575 et
2199 521 2526 575 athletarum
2557 519 2738 575 olIicio
2760 527 2973 594 egregie
3011 527 3206 593 functi,
3238 543 3406 596 opere

158 620 322 680 αὐτοῖς
345 619 454 679 τοῖς
493 614 678 686 ἔργοις
731 614 991 683 νεανικήν
1029 630 1089 665 τε
1116 613 1213 666 καὶ
1236 612 1599 684 ἀκμάζουσαν
1623 613 1669 667 τί

1899 628 1939 668 .o
1981 614 2300 683 juvenilcm,
2337 615 2596 686 viresque
2626 630 2819 672 omnes
2872 630 2926 671 et
2974 634 3170 675 nervos
3232 621 3410 675 inten-

158 713 291 765 τόνον
322 709 412 762 καὶ
439 708 531 762 τὸν
565 708 734 761 πόθον
768 706 998 777 γνώμην
1034 706 1384 772 ἐπεδείξαντο
1406 746 1419 769 ,
1447 706 1569 775 οὐχὶ
1623 723 1669 759 κε

1901 715 2034 760 atem
2066 708 2314 762 animum
2360 709 2834 771 demonstrarunt,
2876 709 3122 778 ejusdem
3171 714 3412 767 nominis

159 804 245 871 τῆς
270 802 507 871 κλήσεως
528 800 701 870 αὐτῆς
741 801 1183 871 μετασχήσουσιν
1210 815 1225 864 ;
1256 799 1440 870 Ἔχεις
1483 796 1601 861 οὖν,
1640 800 1670 852 ο

1900 801 2113 869 rticipes
2146 802 2342 855 merito
2366 802 2721 856 habeantur?
2763 800 2883 855 Jam
2952 803 3196 871 quidem,
3253 813 3411 872 puto,

163 913 268 965 μαι,
303 894 385 948 διὰ
417 893 529 947 τῶν
556 894 870 963 εἰρημένων
904 894 1095 964 σαφῶς
1132 892 1193 947 τὸ
1223 891 1447 965 ζήτημά
1487 910 1570 946 σοι
1604 893 1674 948 διε

1901 894 2179 948 aestioucm
2212 896 2547 964 propositam
2578 896 2666 951 his
2709 896 2842 965 ipsis
2872 896 3101 952 habebis
3155 897 3412 954 solutam.

160 987 395 1056 λυόμενον
419 1000 432 1013 ·
469 1003 489 1035 ι
534 984 737 1055 Γράφω
774 984 924 1055 ὑμῖν,
956 985 1166 1052 τεκνία,
1196 986 1277 1039 ὅτι
1342 984 1620 1053 ἀφέωνται
1664 1003 1671 1035 ‹

1903 983 2081 1038 Scribe
2134 985 2313 1051 vobis,
2364 986 2537 1051 filioli,
2597 988 2743 1056 quod
2814 988 3042 1042 remissa
3097 998 3225 1042 sunt
3256 989 3414 1044 vobis

160 1077 403 1149 ἁμαρτίαι
443 1077 531 1130 διὰ
570 1075 633 1129 τὸ
701 1075 874 1148 ὄνομα
910 1078 1103 1130 αὐτοῦ.
1159 1077 1363 1147 Γράφω
1407 1077 1573 1148 ὑμῖν,
1607 1093 1671 1129 πο

1904 1084 2042 1130 :cata
2075 1086 2296 1146 propter
2327 1092 2529 1133 nomen
2568 1077 2707 1147 ejus.
2741 1076 2937 1133 Scribe
2973 1078 3155 1143 vobis,
3209 1089 3415 1148 patres,

157 1171 317 1241 τέρες,
352 1170 433 1220 ὅτι
478 1166 759 1236 ἐγνώκατε
809 1168 905 1221 τὸν
948 1168 1044 1226 ἀπ’
1076 1168 1272 1240 ἀρχῆς.
1316 1168 1521 1240 Γράφω
1568 1168 1667 1238 ὑμῖ

1911 1168 1969 1221 ad
2016 1170 2354 1238 cognovistis
2401 1186 2552 1233 eum,
2622 1172 2719 1240 qui
2766 1181 2851 1226 est
2889 1173 2958 1227 ab
3006 1173 3183 1229 initio.
3224 1172 3422 1229 Scriho

157 1262 429 1324 νεανίσκοι,
491 1261 574 1313 ὅτι
625 1262 949 1330 νενικήκατε
1002 1262 1096 1315 τὸν
1157 1261 1427 1333 Πονηρόν.
1466 1261 1668 1333 Ἔγραι(

1907 1262 1999 1324 cis,
2024 1262 2275 1332 juvenes,
2307 1263 2451 1334 quod
2480 1263 2694 1319 vicistis
2732 1265 2961 1319 malum.
2998 1264 3204 1335 Scripsi
3234 1267 3418 1333 vobis,

158 1357 303 1423 ὑμῖν,
356 1353 569 1418 παιδία,
613 1354 697 1405 ὅτι
744 1353 1024 1421 ἐγνώκατε
1070 1354 1161 1407 τὸν
1193 1355 1433 1425 Πατέρα.
1466 1354 1669 1426 Ἕγραι(

1915 1353 2000 1419 ari,
2036 1353 2179 1423 quod
2204 1356 2538 1426 cognovistis
2566 1352 2781 1410 Patrem
2822 1374 2834 1409 :
2867 1357 3064 1426 scripsi
3118 1358 3299 1423 vobis,
3326 1374 3426 1428 pa-

159 1446 291 1513 ·ζιμίν,
317 1446 573 1515 πατέρες,
608 1446 691 1497 ὅτι
724 1444 1002 1513 ἐγνώκατε
1028 1446 1120 1499 τὸν
1155 1447 1251 1501 ἀπ’
1280 1446 1475 1517 ἀρχῆς.
1510 1446 1670 1515 Ἐγρι

1905 1462 1960 1511 :s,
2011 1446 2157 1516 quod
2208 1446 2542 1516 coguovistis
2595 1462 2745 1512 eum,
2804 1448 2897 1517 qui
2952 1458 3035 1504 est
3096 1448 3165 1503 ab
3217 1450 3416 1511 initio:

156 1538 223 1607 λίνα
256 1538 401 1610 ὑμῖν,
454 1539 754 1604 νεανίσκοι,
798 1538 881 1593 ὅτι
930 1538 1142 1609 ἰσχυροί
1196 1540 1347 1603 ἐστε,
1381 1539 1532 1594 κσὶὸ
1562 1540 1667 1609 λόγ‹

1906 1536 2022 1607 'ipsi
2048 1538 2226 1604 vobis,
2247 1538 2502 1609 juvenes,
2534 1539 2681 1609 quod
2716 1538 2886 1595 fortes
2915 1540 3071 1607 estis,
3098 1549 3154 1595 et
3189 1542 3417 1595 verbum

157 1630 238 1683 τοῦ
276 1629 409 1683 Θεοῦ
462 1629 523 1683 ἐν
564 1630 697 1700 ὑμῖν
750 1630 925 1701 μένει,
948 1632 1043 1685 καὶ
1069 1632 1397 1701 νενικήκατε
1431 1630 1668 1695 τδνεΠονι

1909 1630 2096 1700 iapud
2129 1647 2227 1687 vos
2268 1640 2473 1696 manet,
2527 1642 2583 1687 et
2636 1631 2847 1687 vicistis
2904 1633 3133 1703 impium
3158 1633 3226 1686 δι.
3266 1652 3287 1685 ι
3327 1633 3419 1687 Fi-

158 1726 261 1795 ρόν.
300 1742 317 1774 ι
349 1723 553 1776 Τεκνία
588 1689 689 1792 μὲν
712 1689 823 1795 γάρ
856 1689 950 1777 κάὶ
983 1723 1174 1793 παιδία
1202 1689 1348 1778 ποιεῖ
1380 1726 1413 1795 ἡ
1470 1690 1569 1795 την
1614 1725 1669 1793 ἃς

1906 1724 1986 1778 los
2036 1724 2181 1778 enim
2240 1734 2295 1777 et
2349 1741 2549 1794 pueros
2602 1726 2965 1796 regeneratio,
3035 1726 3417 1782 remissionem

157 1834 262 1869 εσιν
286 1815 393 1869 τῶν
423 1816 850 1887 ἁμαρτημάτων
865 1816 1203 1886 χαριζομένη
1232 1818 1663 1889 ἀναγέννησις,κ

1911 1827 2179 1870 :catorum
2228 1818 2663 1888 dignitatemque
2712 1817 3024 1886 adoptionis
3075 1818 3422 1887 impertiens.

154 1906 209 1958 τὸ
240 1908 332 1977 τῆς
377 1906 653 1971 υἱοθεσίας
710 1908 948 1979 ἀξίωμα,
1012 1907 1079 1961 δι’
1108 1902 1183 1963 ὧν
1202 1911 1314 1973 τοῖς
1368 1909 1551 1982 ἔργοις
1602 1912 1665 1962 ἐπ

1919 1910 2011 1964 cit.
2039 1908 2139 1964 Per
2166 1920 2457 1978 utrumque
2476 1908 2622 1963 enim
2651 1907 2869 1963 Patrem
2888 1909 3239 1977 adoptantem
3259 1923 3427 1980 agno-

157 1998 429 2067 γινώσκειν
455 2000 679 2071 Πατέρα
704 1999 796 2053 τὸν
844 2000 1076 2070 θέμενον
1119 1999 1309 2073 ὥσπερ
1351 2001 1506 2071 ἰσχὺν
1555 2018 1663 2072 προ

1923 2002 2021 2057 ndi
2056 2016 2223 2071 Opere
2260 2003 2380 2070 ipso
2412 2010 2469 2056 ut
2512 2001 2659 2055 vires
2707 2001 3023 2070 accepimus
3049 2040 3064 2065 ,
3129 2002 3201 2054 ita
3256 2016 3434 2070 agno-

155 2092 464 2163 ειλήφαμεν,
491 2092 636 2147 οὕτω
663 2092 757 2148 καὶ
806 2092 969 2164 χρέος
998 2092 1337 2165 ὑπήλθομεν.
1381 2093 1630 2165 Πατέρας
1664 2113 1666 2122 λ

1919 2110 1985 2149 τε
2016 2095 2214 2149 merito
2241 2094 2527 2149 debemus.
2560 2091 2750 2148 Patres
2785 2108 2950 2162 porro
2976 2094 3109 2147 facit
3137 2107 3430 2148 senescens

160 2185 254 2258 μὴν
287 2184 521 2256 καθιστᾷ
548 2187 582 2255 ἡ
617 2186 717 2255 τῆς
772 2186 869 2239 ἀπ’
898 2184 1080 2255 ἀρχῆς
1129 2184 1414 2249 εὐσεϐείας
1462 2186 1627 2245 πολιά
1668 2208 1671 2220 ι

1917 2196 2011 2242 tet
2071 2187 2286 2242 ﬁrmata
2340 2186 2563 2256 pietatis
2613 2186 2825 2257 pridem
2885 2187 3097 2240 tradita:
3131 2184 3428 2255 cognitio:

156 2278 239 2330 καὶ
288 2280 343 2330 ἐν
382 2278 463 2346 τῷ
523 2277 733 2349 βεϐαίῳ
770 2276 1143 2349 στηριζομένη
1190 2277 1524 2347 ἐπίγνωσις’
1552 2296 1667 2332 νεαι

1919 2296 2058 2336 ὀιιεε
2085 2282 2325 2349 denique
2360 2281 2533 2335 robur
2580 2280 2737 2343 illud,
2770 2278 2919 2350 quod
2976 2287 3169 2335 contra
3216 2278 3430 2331 malum

159 2388 311 2434 σκους
338 2371 394 2425 δὲ
425 2371 488 2424 τὸ
515 2369 660 2424 κατὰ
689 2369 786 2424 τοῦ
817 2369 1068 2443 Πονηροῦ
1100 2372 1196 2425 καὶ
1234 2371 1344 2424 τῶν
1377 2369 1568 2425 παθῶν
1594 2386 1666 2441 κρ

1921 2392 2135 2431 monem
2170 2385 2226 2429 et
2257 2376 2387 2429 vitia
2442 2376 2741 2430 exseritur.
2800 2376 2981 2444 Atque
3037 2374 3156 2428 hare
3209 2372 3432 2443 quidem

156 2460 256 2525 cog.
304 2464 443 2516 Ἀλλ’
472 2462 612 2529 αὓτη
642 2464 741 2535 μὲν
771 2464 807 2535 ἡ
828 2463 938 2517 τῶν
973 2462 1353 2517 ἀποστολικῶν
1378 2462 1578 2531 λογίων
1612 2463 1664 2517 δι

1927 2467 2042 2521 ιοιιΙί
2070 2466 2356 2537 apostolici
2401 2482 2559 2521 mens
2585 2476 2708 2520 est:
2770 2465 2857 2519 vis
2916 2478 3046 2519 vero
3093 2463 3213 2531 ejus
3265 2463 3321 2516 in
3367 2477 3438 2515 eo

157 2571 281 2619 νοια,
316 2556 426 2625 ηδε
455 2555 566 2607 τῶν
615 2556 881 2628 ῥημάτων
930 2556 1191 2627 ἐπιμονὴ,
1214 2558 1248 2625 ή
1282 2557 1381 2625 μὲν
1430 2556 1663 2628 ἀφηγήμ

1922 2574 1941 2613 ι
1967 2566 2158 2622 est,'ut
2194 2559 2320 2614 hinc
2349 2560 2634 2621 doctrinae,
2687 2558 2815 2613 hinc
2860 2555 3433 2618 cummunefactiuuis,

158 2662 237 2707 τος
266 2646 447 2714 ἐπέχοι
473 2645 538 2698 ἂν
573 2645 753 2714 λόγον,
777 2647 814 2717 ἡ
836 2646 895 2700 δὲ
936 2647 1398 2717 ἐπαναμνήσεως,
1436 2646 1575 2718 ὅπερ
1607 2648 1669 2701 είι

1929 2664 1961 2702 te
1992 2648 2274 2703 auditores
2302 2649 2630 2704 attentiores
2661 2648 2844 2713 ellicit,
2893 2647 3279 2715 dictorumque
3311 2662 3440 2700 sen-

158 2734 240 2788 θεν
292 2736 761 2806 προσεχεστέρους
807 2754 867 2791 τε
908 2737 1343 2809 τοὺς-ἀκροατὰς
1375 2754 1669 2807 παρασκευ

1929 2750 1961 2789 n
2010 2737 2290 2792 memor-ite
2352 2752 2541 2794 eorum
2607 2737 2776 2794 altius
2857 2735 3057 2805 infigit,
3117 2735 3301 2790 locum
3364 2744 3440 2790 te-

159 2829 282 2893 ζειν,
307 2831 397 2883 καὶ
424 2830 726 2903 βαθύτερον
747 2828 826 2900 τῷ
854 2810 1184 2902 μνημονικῷ
1218 2833 1320 2903 τῆς
1349 2830 1528 2902 ψυχῆς
1551 2832 1737 2886 αὐτῶν
1837 2835 1986 2881 neat.

159 2922 519 2994 ἐγχαράσσειν
541 2923 643 2993 τὴν
673 2922 782 2978 τῶν
833 2924 1144 2996 εἰρημένων
1182 2924 1448 2980 διάνοιαν.

241 3016 303 3065 Ὃ
333 3016 409 3083 (4)
435 3015 497 3068 δὲ
527 3015 603 3085 τῷ
632 3015 916 3087 κορυφαίῳ
944 3016 1135 3087 Πέτρῳ
1174 3016 1429 3087 είρηται,
1463 3017 1531 3071 ἂν
1561 3017 1739 3090 ὀρθῶς

1935 3009 2071 3077 )uod
2100 3024 2232 3065 vero
2286 3025 2317 3063 a
2374 3007 2559 3076 Petro,
2602 3007 2980 3079 aposmlorum
3026 3006 3302 3077 principe,
3354 3007 3446 3062 di-

159 3105 550 3177 ἐπισκοπήσῃς,
587 3107 708 3160 οὐδὲ
736 3106 1120 3179 ἀπορούμενον
1172 3108 1451 3179 περιόψει.
1493 3110 1670 3161 Ἐκεῖν

1932 3120 1999 3157 Im
2030 3112 2135 3165 est,
2178 3103 2234 3157 in
2265 3118 2331 3157 eo
2360 3102 2606 3173 quidem,
2632 3103 2678 3157 si
2712 3102 2957 3156 animum
2986 3100 3263 3164 advertas,
3306 3101 3443 3155 nihil

161 3197 258 3268 γὰρ
288 3199 483 3266 εἰπὼν,
524 3218 545 3251 τ
586 3200 692 3252 Καὶ
718 3200 924 3271 ταύτην
972 3200 1071 3271 τὴν
1110 3200 1295 3273 φωνὴν
1321 3202 1484 3273 ἡμεῖς
1501 3202 1672 3273 ἡκούο

1937 3196 1999 3248 bii
2052 3194 2352 3249 inveneris.
2392 3194 2627 3259 Quando
2670 3193 2818 3248 enim
2856 3193 2947 3248 ille
2977 3194 3054 3248 ait
3091 3210 3103 3244 :
3144 3210 3164 3242 ‹
3210 3194 3274 3245 lit
3304 3192 3448 3246 hanc

163 3305 275 3356 μεν,
297 3290 357 3355 ἐξ
377 3290 617 3362 οὐρανοῦ
635 3291 951 3361 ἐνεχθεῖσαν
975 3307 991 3323 ⁸
1021 3312 1042 3345 ι
1081 3287 1205 3346 εἶτα
1230 3292 1527 3363 ἐπαγαγών
1547 3310 1563 3325 ·
1588 3311 1607 3345 ι
1636 3296 1674 3349 Κ

1933 3301 2037 3340 :em
2070 3287 2137 3340 de
2161 3286 2301 3341 cmlo
2330 3286 2567 3340 delatam
2602 3286 2946 3351 audivimus;
2978 3303 2996 3335 ι
3030 3299 3095 3339 ac
3122 3285 3444 3353 subjungit:

162 3379 346 3451 ἔχομεν
396 3381 751 3452 βεϐαιότερον
822 3383 918 3437 τὸν
974 3385 1317 3454 προφητικὸν
1353 3384 1535 3453 λόγον,
1576 3403 1595 3435 ι
1645 3400 1673 3437 o

1933 3376 1978 3431 Et
2005 3378 2269 3433 habemus
2290 3376 2589 3432 ﬁrmiorem
2614 3389 2924 3431 sermonem
2952 3375 3444 3445 proplieticum",o

162 3474 329 3545 ἑαυτῷ
353 3492 544 3546 φησιν,
580 3473 948 3546 βεϐαιότερον,
983 3477 1188 3546 ἄπαγε,
1248 3476 1488 3549 μάλιστά
1511 3493 1573 3545 γε
1604 3494 1673 3547 πρ

1942 3486 1960 3523 ι
2002 3469 2106 3524 sibi
2159 3470 2379 3540 quidem
2427 3469 2585 3523 illum
2632 3467 2932 3523 firmiorem
2981 3465 3257 3536 appellat;
3308 3465 3453 3520 absit

162 3566 479 3634 αναφωνῶν,
509 3567 585 3629 ὡς
623 3584 640 3616 ι
665 3566 930 3621 Ἐπόπται
956 3568 1278 3642 γενηθέντες
1299 3569 1399 3639 τῆς
1419 3569 1512 3623 τοῦ
1534 3570 1673 3640 Κυρί

1940 3580 1980 3627 3,
2010 3564 2262 3633 inprimis
2294 3578 2420 3617 cum
2451 3571 2578 3616 ante
2604 3560 2806 3616 dixerit
2834 3578 2849 3615 :
2882 3578 2901 3613 ι
2940 3558 3294 3630 Spectatores
3325 3558 3451 3611 farti

164 3656 310 3727 ἡμῶν
347 3656 532 3729 Ἰησοῦ
578 3658 818 3729 Χριστοῦ
871 3661 1317 3731 μεγαλειότητος,
1369 3660 1675 3732 ἐγνωρίσαμ

1941 3656 1955 3709 i
1989 3655 2293 3725 majestatis
2332 3653 2549 3707 Domini
2588 3662 2760 3708 nostri
2821 3650 2950 3708 Jesu
3002 3652 3248 3718 Christi,
3296 3653 3452 3707 vobis

163 3748 281 3817 ὑμῖν
308 3750 406 3821 τὴν
432 3749 629 3805 τούτου
664 3752 897 3823 δύναμιν
917 3755 1013 3807 καὶ
1033 3754 1363 3824 παρουσίαν.
1394 3773 1413 3807 ι
1446 3753 1511 3807 Τί
1535 3754 1644 3826 γὰρ

1938 3746 2154 3801 Leutiam
2205 3755 2260 3799 et
2310 3745 2605 3799 adventum
2659 3744 2781 3814 ejus
2823 3744 3299 3799 manifestavimus
3327 3742 3393 3796 ³³.
3428 3762 3449 3793 ι

165 3836 243 3906 εἴη
277 3838 375 3908 τῆς
409 3838 676 3907 αὐτοψίας
712 3840 1129 3914 [βεϐαιότερον],
1150 3845 1245 3897 καὶ
1270 3842 1365 3897 τοῦ
1406 3844 1579 3909 ἀκοὰς
1612 3845 1676 3898 ίδί

1944 3836 1995 3891 id
2029 3838 2174 3891 enim
2204 3835 2417 3889 firmius
2442 3849 2510 3889 eo
2543 3848 2665 3888 esse
2700 3842 2901 3903 potest,
2933 3834 3157 3903 quando
3182 3835 3305 3903 quis
3338 3847 3454 3888 rem

165 3928 499 3985 ἀναπετάσαι
538 3932 618 3995 είς
646 3933 912 4004 ὑποδοχὴν
934 3935 1033 4004 τῆς
1056 3935 1260 3991 ἄνωθεν
1292 3938 1497 4008 φωνῆς,
1529 3938 1623 3992 καὶ
1651 3956 1676 3992 τ

1949 3946 2028 3985 am
2060 3930 2230 3994 videt,
2278 3941 2553 3997 auresque
2579 3942 2709 3983 suas
2740 3927 2809 3981 ad
2857 3927 3227 3995 recipiendam
3263 3941 3460 3978 vocem

166 4025 429 4097 πατρικὴν
463 4027 867 4098 ἐναυγασθῆναι
906 4030 1215 4101 μαρτυρίαν
1247 4032 1418 4102 (5-6);
1465 4032 1677 4099 'A‘Aldﬁ

1939 4039 2096 4095 ρει-ηε
2131 4023 2371 4078 delatam
2406 4021 2656 4092 aperire,
2707 4026 2873 4089 atque
2904 4018 3043 4072 adeo
3074 4018 3252 4072 Patris
3293 4018 3450 4072 testia

165 4116 471 4185 ϐαιότερον
508 4120 740 4182 ἐκείνοις
796 4120 985 4189 φησὶν,
1024 4118 1106 4182 οἷς
1140 4123 1215 4192 (7)
1246 4122 1519 4192 ἔγραφεν,
1551 4124 1676 4175 ὡσαι

1947 4118 2047 4177 nio
2074 4118 2293 4175 edoceri
2339 4116 2563 4187 potest?
2605 4117 2799 4183 Itaque
2834 4113 3043 4182 ﬁrmius
3071 4112 3223 4175 dicit,
3267 4110 3458 4165 habito

164 4207 332 4275 λέγων
353 4224 366 4238 ·
400 4209 556 4273 Εῖτις
585 4210 661 4281 (8)
706 4212 1179 4279 ἐπιδιστάζουσαν,
1211 4209 1292 4278 οἷς
1346 4216 1675 4286 μαρτυροῦμς

1955 4226 2076 4276 eos,
2109 4210 2315 4281 quibus
2342 4208 2642 4273 scribebat,
2673 4214 2967 4275 respectu;
3003 4204 3163 4274 quasi
3192 4204 3399 4258 diceret
3435 4221 3449 4257 :

166 4301 274 4360 ἔγοι
327 4303 429 4375 τὴν
484 4303 747 4375 γνώμην,
782 4308 864 4368 είς
899 4306 993 4358 τὸν
1032 4307 1374 4377 προφητικὸν
1420 4307 1676 4360 ἀποσκοπ

1954 4303 2081 4372 quis
2115 4302 2339 4357 dubiam
2373 4300 2575 4364 dehis,
2609 4312 2733 4368 qua:
2757 4304 3045 4359 testamur,
3087 4303 3325 4350 mentem
3361 4294 3462 4347 hau

164 4407 239 4445 τω
287 4393 447 4463 λόγον
491 4395 593 4465 (9),
649 4395 999 4467 βεϐαιότερον
1046 4376 1177 4452 ὄντα
1210 4376 1280 4467 γε
1319 4398 1421 4467 τῆς
1462 4398 1575 4452 τῶν
1620 4416 1675 4451 πι

1949 4406 2009 4464 ιι,
2047 4397 2095 4451 is
2127 4396 2345 4465 quidem
2395 4394 2460 4450 ad
2494 4390 2881 4462 propheticum
2924 4402 3235 4443 sermonem
3278 4386 3460 4456 respid

164 4482 265 4537 λῶν
324 4488 457 4556 περὶ
505 4487 655 4556 ἡμᾶς
702 4487 1179 4561 ¹ἀμφισϐητήσεως
1228 4489 1470 4554 πάντως.
1525 4489 1675 4543 Οὐκὲ

1952 4500 1993 4555 t,
2024 4490 2121 4560 qui
2153 4488 2364 4545 ﬁrmior
2398 4487 2589 4557 utique
2647 4493 2732 4541 est
2760 4481 3120 4546 dubitatione,
3161 4494 3326 4548 quam
3358 4477 3460 4531 ad-n

164 4576 268 4644 γὰρ
294 4580 390 4629 καὶ
414 4571 572 4640 οὗτος
602 4576 738 4648 (l0),
774 4578 850 4641 ὡς
890 4580 956 4634 ἄν
1000 4596 1147 4642 τινες
1191 4580 1580 4652 εὐχερέστερον
1624 4599 1675 4633 πε

1946 4598 2055 4638 'sus
2086 4596 2190 4637 nos
2216 4581 2373 4637 multi
2405 4578 2612 4635 fovent.
2642 4576 2737 4633 llle
2768 4575 2918 4631 enim
2968 4583 3135 4637 certe,
3173 4572 3321 4641 quod
3355 4570 3457 4624 ali-

166 4668 337 4721 ἇλὶων
379 4670 779 4740 ὑπολήψονται,
811 4672 1162 4742 ἀνθρωπίνης
1195 4672 1531 4745 προέρχεται
1570 4673 1677 4739 δόξι

1953 4723 1954 4728 η
1982 4674 2049 4730 de
2080 4674 2205 4730 aliis
2235 4670 2505 4743 suspicari
2548 4668 2769 4725 facilius
2800 4667 3034 4738 possint,
3070 4681 3135 4720 ex
3173 4664 3464 4719 hominum

170 4761 285 4813 ’Ὁτι
315 4762 371 4815 δὲ
402 4765 502 4833 οὐχ
534 4762 712 4833 ἐαυτῷ
736 4763 1128 4831 βεϐαιότερον
1152 4763 1353 4837 ἔφησεν
1373 4806 1389 4833 ,
1420 4768 1681 4837 σαφέστερ

1958 4767 2123 4821 nioue
2146 4779 2256 4819 non
2291 4773 2373 4819 cst
2411 4762 2711 4833 profectus.
2766 4759 2927 4826 Quod
2952 4772 3083 4813 vero
3112 4772 3218 4812 non
3246 4758 3466 4809 ratione

170 4853 480 4909 ὑποκατιὼν
530 4855 855 4909 ἐκδιδάσκει.
900 4856 1185 4928 Ἐπιφέρει
1230 4858 1337 4929 γάρ
1363 4874 1377 4889 ·
1416 4877 1438 4910 ι
1476 4852 1549 4930 τῼ
1573 4860 1681 4912 καλι

1972 4897 1987 4921 ,
2037 4858 2132 4913 sed
2190 4857 2461 4920 illorum,
2498 4855 2757 4923 adquos
2815 4850 3126 4916 scribebat,
3171 4848 3464 4919 ﬁrmiorem

170 4948 368 4998 ποιεῖτε
404 4948 769 5017 προσέχοντες
793 4966 812 4999 ι
838 4948 1041 5019 (ὑμεῖς,
1075 4948 1264 5019 φησιν,
1292 4949 1395 5003 οὐκ
1437 4948 1594 5018 ἐγὼ),
1627 4969 1644 5002 ι

1953 4951 2086 5019 erit,
2147 4950 2204 5007 id
2249 4950 2474 5019 quidem
2525 4948 2689 5020 paulo
2748 4956 2873 5018 post
2937 4944 3139 5001 clarius
3200 4939 3464 4999 ostendit.

245 5110 470 5166 “Joan.
515 5130 576 5177 ιι,
610 5113 673 5166 te
703 5131 818 5184 seq.
916 5116 959 5146 ει
993 5114 1036 5169 ιι
1085 5086 1235 5171 l’ctr.
1268 5127 1309 5182 ι,
1346 5114 1433 5179 18,
1472 5111 1561 5172 ιθ.
1640 5114 1685 5145 ³³
1727 5116 1756 5169 il

515 5130 576 5177 ιι,
610 5113 673 5166 te
703 5131 818 5184 seq.
916 5116 959 5146 ει
993 5114 1036 5169 ιι
1085 5086 1235 5171 l’ctr.
1268 5127 1309 5182 ι,
1346 5114 1433 5179 18,
1472 5111 1561 5172 ιθ.
1640 5114 1685 5145 ³³
1727 5116 1859 5172 ibid.
1894 5116 1983 5171 ιτ.

1698 5298 1931 5356 NOTAE.

352 5438 553 5512 [ηρ-1ης.
586 5441 784 5512 πόσιν.-

1943 5443 2022 5512 (7)
2055 5443 2148 5498 Sic
2173 5440 2454 5512 Collu'prn
2484 5442 2600 5506 οὓς.

254 5451 325 5505 La)
355 5451 413 5492 tn
448 5454 553 5495 ms.
586 5451 770 5494 πόσιν.

254 5508 386 5583 {fit}?
410 5509 563 5583 Colb.
598 5526 697 5580 pro
727 5510 807 5564 τό.
976 5580 985 5583 _
1553 5581 1563 5583 _
1622 5581 1637 5583 _
1719 5579 1730 5583 Α

1943 5451 1999 5510 (7
2055 5451 2148 5498 Sic
2173 5451 2327 5498 Coll).
2353 5458 2454 5512 pI'U
2484 5451 2525 5496 οι

1553 5581 1563 5583 _
1622 5581 1637 5583 _
1719 5579 1730 5583 ,
1948 5451 2023 5583 (δέ
2066 5514 2210 5568 Idem
2241 5529 2341 5582 pro
2379 5514 2525 5582 ἥτις.

250 5577 762 5653 (5-6)_Apparet,hic
779 5597 841 5635 ex
866 5580 1019 5653 libris
1036 5578 1309 5636 excidisse
1332 5595 1519 5637 vocem
1546 5579 1758 5653 βεϐαιό-

1265 5596 1309 5635 te
1332 5595 1519 5637 vocem
1546 5579 1758 5653 βεϐαιό-
1947 5577 2023 5653 (9)
2060 5584 2201 5637 Idem
2241 5577 2341 5651 pro
2387 5577 2776 5636 ἐπισκοπείτω.

184 5662 361 5718 τερον,
390 5651 510 5707 ideo
540 5652 688 5721 quod
720 5665 845 5705 mox
872 5652 1072 5706 iterum
1104 5653 1372 5721 sequitur.
1550 5651 1556 5653 ⁷

1208 5653 1372 5708 uitur.
1550 5651 1556 5653 “
1943 5651 2055 5723 (10)
2091 5652 2179 5708 Sic
2198 5653 2351 5709 Coll).
2386 5669 2486 5723 pro
2522 5654 2714 5716 οὕτως.
