  <div class='ocr_page' id='page_1' title='image "/cluster/home/n/w/nwhite01/storage/ocr_20150623/101 pt.1/mdp.39015061955830/387.png"; bbox 0 0 3826 6206; ppageno 0'>
   <div class='ocr_carea' id='block_1_1' title="bbox 412 236 3626 322">
    <p class='ocr_par' dir='ltr' id='par_1_1' title="bbox 412 236 3626 322">
     <span class='ocr_line' id='line_1_1' title="bbox 412 236 3626 322; baseline -0.008 0"><span class='ocrx_word' id='word_1_1' title='bbox 412 254 510 322; x_wconf 74' lang='lat' dir='ltr'><strong>m</strong></span> <span class='ocrx_word' id='word_1_2' title='bbox 1580 242 1843 312; x_wconf 82' lang='lat' dir='ltr'><strong>PHOTII</strong></span> <span class='ocrx_word' id='word_1_3' title='bbox 1871 236 2383 311; x_wconf 69' lang='lat' dir='ltr'><strong>PATmmcn/E</strong></span> <span class='ocrx_word' id='word_1_4' title='bbox 2422 238 2530 305; x_wconf 75' lang='lat' dir='ltr'><strong>ce.</strong></span> <span class='ocrx_word' id='word_1_5' title='bbox 3537 238 3626 311; x_wconf 57' lang='grc' dir='ltr'><strong>πίε</strong></span> 
     </span>
    </p>
   </div>
   <div class='ocr_carea' id='block_1_2' title="bbox 409 345 1920 437">
    <p class='ocr_par' dir='ltr' id='par_1_2' title="bbox 409 362 1920 437">
     <span class='ocr_line' id='line_1_2' title="bbox 409 362 1920 437; baseline -0.004 -15"><span class='ocrx_word' id='word_1_6' title='bbox 409 365 708 437; x_wconf 72' lang='lat' dir='ltr'><strong>Snbjungit</strong></span> <span class='ocrx_word' id='word_1_7' title='bbox 731 364 878 420; x_wconf 89' lang='lat' dir='ltr'><strong>enim</strong></span> <span class='ocrx_word' id='word_1_8' title='bbox 906 384 919 420; x_wconf 90' lang='lat'>:</span> <span class='ocrx_word' id='word_1_9' title='bbox 944 382 969 416; x_wconf 81' lang='grc' dir='ltr'><strong>ι</strong></span> <span class='ocrx_word' id='word_1_10' title='bbox 998 363 1105 419; x_wconf 77' lang='lat' dir='ltr'><strong>Cui</strong></span> <span class='ocrx_word' id='word_1_11' title='bbox 1137 362 1183 420; x_wconf 82' lang='lat' dir='ltr'><strong>si</strong></span> <span class='ocrx_word' id='word_1_12' title='bbox 1212 362 1578 429; x_wconf 85' lang='lat' dir='ltr'><strong>attenderitis,</strong></span> <span class='ocrx_word' id='word_1_13' title='bbox 1598 375 1759 418; x_wconf 82' lang='lat' dir='ltr'><strong>recte</strong></span> <span class='ocrx_word' id='word_1_14' title='bbox 1786 362 1920 417; x_wconf 78' lang='lat' dir='ltr'><strong>facit</strong></span> 
     </span>
    </p>
   </div>
   <div class='ocr_carea' id='block_1_3' title="bbox 2114 345 3625 437">
    <p class='ocr_par' dir='ltr' id='par_1_3' title="bbox 2114 345 3625 432">
     <span class='ocr_line' id='line_1_3' title="bbox 2114 345 3625 432; baseline -0.001 -21"><span class='ocrx_word' id='word_1_15' title='bbox 2114 362 2283 432; x_wconf 77' lang='grc' dir='ltr'>λύχνῳ</span> <span class='ocrx_word' id='word_1_16' title='bbox 2340 358 2587 428; x_wconf 82' lang='grc' dir='ltr'><strong>φαίνοντι</strong></span> <span class='ocrx_word' id='word_1_17' title='bbox 2631 356 2688 409; x_wconf 81' lang='grc' dir='ltr'><strong>ἐν</strong></span> <span class='ocrx_word' id='word_1_18' title='bbox 2743 353 3015 426; x_wconf 79' lang='grc' dir='ltr'><strong>αὐχμηρῷ</strong></span> <span class='ocrx_word' id='word_1_19' title='bbox 3054 352 3227 425; x_wconf 77' lang='grc' dir='ltr'>τόπῳ,</span> <span class='ocrx_word' id='word_1_20' title='bbox 3273 352 3373 417; x_wconf 74' lang='grc' dir='ltr'>ἕως</span> <span class='ocrx_word' id='word_1_21' title='bbox 3401 345 3456 407; x_wconf 75' lang='grc' dir='ltr'><strong>οῦ</strong></span> <span class='ocrx_word' id='word_1_22' title='bbox 3482 358 3625 430; x_wconf 80' lang='grc' dir='ltr'>ἡμέρα</span> 
     </span>
    </p>
   </div>
   <div class='ocr_carea' id='block_1_4' title="bbox 402 446 1913 527">
    <p class='ocr_par' dir='ltr' id='par_1_4' title="bbox 402 454 1913 527">
     <span class='ocr_line' id='line_1_4' title="bbox 402 454 1913 527; baseline -0.001 -18"><span class='ocrx_word' id='word_1_23' title='bbox 402 465 542 523; x_wconf 81' lang='lat' dir='ltr'><strong>(vos,</strong></span> <span class='ocrx_word' id='word_1_24' title='bbox 564 457 763 527; x_wconf 86' lang='lat' dir='ltr'><strong>inquit,</strong></span> <span class='ocrx_word' id='word_1_25' title='bbox 788 472 895 511; x_wconf 92' lang='lat' dir='ltr'><strong>non</strong></span> <span class='ocrx_word' id='word_1_26' title='bbox 909 458 1033 527; x_wconf 82' lang='lat' dir='ltr'><strong>ego)</strong></span> <span class='ocrx_word' id='word_1_27' title='bbox 1057 472 1101 510; x_wconf 71' lang='lat' dir='ltr'><strong>:i</strong></span> <span class='ocrx_word' id='word_1_28' title='bbox 1124 463 1382 524; x_wconf 86' lang='lat' dir='ltr'><strong>tanquam</strong></span> <span class='ocrx_word' id='word_1_29' title='bbox 1401 454 1663 519; x_wconf 69' lang='lat' dir='ltr'><strong>candelaz,</strong></span> <span class='ocrx_word' id='word_1_30' title='bbox 1685 455 1913 508; x_wconf 77' lang='lat' dir='ltr'><strong>inobseu</strong></span> 
     </span>
    </p>
   </div>
   <div class='ocr_carea' id='block_1_5' title="bbox 2115 446 3626 527">
    <p class='ocr_par' dir='ltr' id='par_1_5' title="bbox 2115 446 3626 525">
     <span class='ocr_line' id='line_1_5' title="bbox 2115 446 3626 525; baseline -0.009 -18"><span class='ocrx_word' id='word_1_31' title='bbox 2115 454 2410 525; x_wconf 69' lang='grc' dir='ltr'>διαυγάσῃ,</span> <span class='ocrx_word' id='word_1_32' title='bbox 2476 453 2573 504; x_wconf 81' lang='grc' dir='ltr'>καὶ</span> <span class='ocrx_word' id='word_1_33' title='bbox 2629 451 2919 520; x_wconf 80' lang='grc' dir='ltr'><strong>φωσφόρος</strong></span> <span class='ocrx_word' id='word_1_34' title='bbox 2961 446 3219 521; x_wconf 74' lang='grc' dir='ltr'><strong>ἀνατείλῃ</strong></span> <span class='ocrx_word' id='word_1_35' title='bbox 3266 448 3324 501; x_wconf 81' lang='grc' dir='ltr'><strong>ὲν</strong></span> <span class='ocrx_word' id='word_1_36' title='bbox 3363 451 3466 513; x_wconf 85' lang='grc' dir='ltr'>ταῖς</span> <span class='ocrx_word' id='word_1_37' title='bbox 3518 469 3626 522; x_wconf 66' lang='lat' dir='ltr'><strong>mp.</strong></span> 
     </span>
    </p>
   </div>
   <div class='ocr_carea' id='block_1_6' title="bbox 401 546 1912 617">
    <p class='ocr_par' dir='ltr' id='par_1_6' title="bbox 401 546 1912 617">
     <span class='ocr_line' id='line_1_6' title="bbox 401 546 1912 617; baseline -0.003 -14"><span class='ocrx_word' id='word_1_38' title='bbox 401 551 522 603; x_wconf 84' lang='lat' dir='ltr'><strong>locu</strong></span> <span class='ocrx_word' id='word_1_39' title='bbox 551 549 778 615; x_wconf 79' lang='lat' dir='ltr'><strong>lucenti,</strong></span> <span class='ocrx_word' id='word_1_40' title='bbox 830 549 1005 602; x_wconf 89' lang='lat' dir='ltr'><strong>donec</strong></span> <span class='ocrx_word' id='word_1_41' title='bbox 1034 546 1151 602; x_wconf 89' lang='lat' dir='ltr'><strong>dies</strong></span> <span class='ocrx_word' id='word_1_42' title='bbox 1182 547 1498 612; x_wconf 86' lang='lat' dir='ltr'><strong>illucescat,</strong></span> <span class='ocrx_word' id='word_1_43' title='bbox 1549 555 1603 601; x_wconf 93' lang='lat' dir='ltr'><strong>et</strong></span> <span class='ocrx_word' id='word_1_44' title='bbox 1648 546 1912 617; x_wconf 74' lang='lat' dir='ltr'><strong>plwspbm</strong></span> 
     </span>
    </p>
   </div>
   <div class='ocr_carea' id='block_1_7' title="bbox 1000 546 2511 617">
    <p class='ocr_par' dir='ltr' id='par_1_7' title="bbox 1000 546 2511 617">
     <span class='ocr_line' id='line_1_7' title="bbox 1000 546 2511 617; baseline -0.002 -19"><span class='ocrx_word' id='word_1_45' title='bbox 1000 546 1151 602; x_wconf 80' lang='lat' dir='ltr'><strong>:dies</strong></span> <span class='ocrx_word' id='word_1_46' title='bbox 1182 547 1498 612; x_wconf 86' lang='lat' dir='ltr'><strong>illucescat,</strong></span> <span class='ocrx_word' id='word_1_47' title='bbox 1549 555 1603 601; x_wconf 93' lang='lat' dir='ltr'><strong>et</strong></span> <span class='ocrx_word' id='word_1_48' title='bbox 1648 546 2004 617; x_wconf 85' lang='lat' dir='ltr'><strong>plwspborus</strong></span> <span class='ocrx_word' id='word_1_49' title='bbox 2105 547 2248 608; x_wconf 84' lang='grc' dir='ltr'>δίαις</span> <span class='ocrx_word' id='word_1_50' title='bbox 2273 546 2449 616; x_wconf 82' lang='grc' dir='ltr'>ὑμῶν.</span> <span class='ocrx_word' id='word_1_51' title='bbox 2491 562 2511 595; x_wconf 74' lang='grc' dir='ltr'><strong>ι</strong></span> 
     </span>
    </p>
   </div>
   <div class='ocr_carea' id='block_1_8' title="bbox 400 640 1368 695">
    <p class='ocr_par' dir='ltr' id='par_1_8' title="bbox 400 640 1368 695">
     <span class='ocr_line' id='line_1_8' title="bbox 400 640 1368 695; baseline -0.002 -2"><span class='ocrx_word' id='word_1_52' title='bbox 400 641 617 693; x_wconf 84' lang='lat' dir='ltr'><strong>oriatur</strong></span> <span class='ocrx_word' id='word_1_53' title='bbox 648 641 701 693; x_wconf 89' lang='lat' dir='ltr'><strong>in</strong></span> <span class='ocrx_word' id='word_1_54' title='bbox 732 640 992 695; x_wconf 79' lang='lat' dir='ltr'><strong>cordibus</strong></span> <span class='ocrx_word' id='word_1_55' title='bbox 1021 640 1219 694; x_wconf 79' lang='lat' dir='ltr'><strong>vestris</strong></span> <span class='ocrx_word' id='word_1_56' title='bbox 1243 640 1307 693; x_wconf 71' lang='lat'><strong>“.</strong></span> <span class='ocrx_word' id='word_1_57' title='bbox 1349 658 1368 691; x_wconf 73' lang='grc' dir='ltr'><strong>ι</strong></span> 
     </span>
    </p>
   </div>
   <div class='ocr_carea' id='block_1_9' title="bbox 440 718 1951 803">
    <p class='ocr_par' dir='ltr' id='par_1_9' title="bbox 440 728 1942 803">
     <span class='ocr_line' id='line_1_9' title="bbox 440 728 1942 803; baseline -0.003 -16"><span class='ocrx_word' id='word_1_58' title='bbox 440 730 773 798; x_wconf 72' lang='grc' dir='ltr'><strong>ρυᾸΞΒΤΙΟ</strong></span> <span class='ocrx_word' id='word_1_59' title='bbox 816 729 1083 785; x_wconf 71' lang='lat' dir='ltr'><strong>CXXXIII</strong></span> <span class='ocrx_word' id='word_1_60' title='bbox 1114 730 1302 803; x_wconf 69' lang='grc' dir='ltr'>[σοῖσι.</span> <span class='ocrx_word' id='word_1_61' title='bbox 1326 730 1533 797; x_wconf 82' lang='lat' dir='ltr'><strong>CLXV,</strong></span> <span class='ocrx_word' id='word_1_62' title='bbox 1562 729 1726 785; x_wconf 84' lang='lat' dir='ltr'><strong>Tuur.</strong></span> <span class='ocrx_word' id='word_1_63' title='bbox 1756 728 1942 803; x_wconf 81' lang='lat' dir='ltr'><strong>CLIV]</strong></span> 
     </span>
    </p>
   </div>
   <div class='ocr_carea' id='block_1_10' title="bbox 1666 718 3177 803">
    <p class='ocr_par' dir='ltr' id='par_1_10' title="bbox 1666 718 3177 803">
     <span class='ocr_line' id='line_1_10' title="bbox 1666 718 3177 803; baseline -0.007 -20"><span class='ocrx_word' id='word_1_64' title='bbox 1666 746 1726 785; x_wconf 76' lang='grc' dir='ltr'>ιν.</span> <span class='ocrx_word' id='word_1_65' title='bbox 1756 728 1967 803; x_wconf 83' lang='lat' dir='ltr'><strong>CLIV].</strong></span> <span class='ocrx_word' id='word_1_66' title='bbox 2357 766 2362 773; x_wconf 95' lang='lat'><strong><em>.</em></strong></span> <span class='ocrx_word' id='word_1_67' title='bbox 2635 722 2980 777; x_wconf 76' lang='grc' dir='ltr'>ΕΡΩτιιΣιΣ</span> <span class='ocrx_word' id='word_1_68' title='bbox 3007 718 3177 775; x_wconf 84' lang='grc' dir='ltr'><strong>ΡΛΓ’.</strong></span> 
     </span>
    </p>
   </div>
   <div class='ocr_carea' id='block_1_11' title="bbox 634 814 2145 891">
    <p class='ocr_par' dir='ltr' id='par_1_11' title="bbox 634 822 1765 891">
     <span class='ocr_line' id='line_1_11' title="bbox 634 822 1765 891; baseline -0.001 -16"><span class='ocrx_word' id='word_1_69' title='bbox 634 822 778 887; x_wconf 73' lang='lat' dir='ltr'><strong>Quid</strong></span> <span class='ocrx_word' id='word_1_70' title='bbox 817 822 1102 891; x_wconf 73' lang='lat' dir='ltr'><strong>Apostolus</strong></span> <span class='ocrx_word' id='word_1_71' title='bbox 1135 831 1284 875; x_wconf 82' lang='lat' dir='ltr'><strong>vocat</strong></span> <span class='ocrx_word' id='word_1_72' title='bbox 1320 840 1338 871; x_wconf 80' lang='grc' dir='ltr'><strong>ι</strong></span> <span class='ocrx_word' id='word_1_73' title='bbox 1376 822 1671 890; x_wconf 81' lang='lat' dir='ltr'><strong>peripsema</strong></span> <span class='ocrx_word' id='word_1_74' title='bbox 1695 822 1721 875; x_wconf 75' lang='grc' dir='ltr'><strong>Ζ)</strong></span> <span class='ocrx_word' id='word_1_75' title='bbox 1746 840 1765 874; x_wconf 72' lang='grc' dir='ltr'><strong>ι</strong></span> 
     </span>
    </p>
   </div>
   <div class='ocr_carea' id='block_1_12' title="bbox 1973 814 3484 891">
    <p class='ocr_par' dir='ltr' id='par_1_12' title="bbox 2303 814 3484 887">
     <span class='ocr_line' id='line_1_12' title="bbox 2303 814 3484 887; baseline -0.007 -14"><span class='ocrx_word' id='word_1_76' title='bbox 2303 818 2367 874; x_wconf 78' lang='grc' dir='ltr'>τί</span> <span class='ocrx_word' id='word_1_77' title='bbox 2393 816 2560 887; x_wconf 77' lang='grc' dir='ltr'>λέγει</span> <span class='ocrx_word' id='word_1_78' title='bbox 2588 818 2621 871; x_wconf 83' lang='grc' dir='ltr'><em>ὀ</em></span> <span class='ocrx_word' id='word_1_79' title='bbox 2658 815 3023 882; x_wconf 78' lang='grc' dir='ltr'>Ἁπόστολος</span> <span class='ocrx_word' id='word_1_80' title='bbox 3058 832 3079 867; x_wconf 77' lang='grc' dir='ltr'><strong>ι</strong></span> <span class='ocrx_word' id='word_1_81' title='bbox 3114 814 3484 882; x_wconf 56' lang='lat' dir='ltr'><strong>«cpiti-mia“</strong></span> 
     </span>
    </p>
   </div>
   <div class='ocr_carea' id='block_1_13' title="bbox 525 926 2036 1000">
    <p class='ocr_par' dir='ltr' id='par_1_13' title="bbox 525 934 2034 1000">
     <span class='ocr_line' id='line_1_13' title="bbox 525 934 2034 1000; baseline 0 -13"><span class='ocrx_word' id='word_1_82' title='bbox 525 937 781 987; x_wconf 82' lang='lat' dir='ltr'><strong>Editarum</strong></span> <span class='ocrx_word' id='word_1_83' title='bbox 814 951 841 986; x_wconf 89' lang='lat' dir='ltr'><strong>a</strong></span> <span class='ocrx_word' id='word_1_84' title='bbox 863 936 1045 986; x_wconf 79' lang='lat' dir='ltr'><strong>Wolﬁo</strong></span> <span class='ocrx_word' id='word_1_85' title='bbox 1065 934 1260 986; x_wconf 77' lang='lat' dir='ltr'><strong>decima</strong></span> <span class='ocrx_word' id='word_1_86' title='bbox 1293 937 1468 997; x_wconf 74' lang='lat' dir='ltr'><strong>quinta</strong></span> <span class='ocrx_word' id='word_1_87' title='bbox 1494 937 1551 999; x_wconf 93' lang='lat' dir='ltr'><strong>(l.</strong></span> <span class='ocrx_word' id='word_1_88' title='bbox 1588 951 1631 986; x_wconf 90' lang='lat' dir='ltr'><strong>c.</strong></span> <span class='ocrx_word' id='word_1_89' title='bbox 1661 951 1710 1000; x_wconf 90' lang='lat' dir='ltr'><strong>p.</strong></span> <span class='ocrx_word' id='word_1_90' title='bbox 1733 936 1946 986; x_wconf 64' lang='grc' dir='ltr'><strong>ἨΞ-748</strong></span> <span class='ocrx_word' id='word_1_91' title='bbox 1967 935 2034 987; x_wconf 88' lang='lat' dir='ltr'><strong>Ga</strong></span> 
     </span>
    </p>
   </div>
   <div class='ocr_carea' id='block_1_14' title="bbox 1991 926 3502 1000">
    <p class='ocr_par' dir='ltr' id='par_1_14' title="bbox 1991 926 3502 993">
     <span class='ocr_line' id='line_1_14' title="bbox 1991 926 3502 993; baseline -0.007 -7"><span class='ocrx_word' id='word_1_92' title='bbox 1991 935 2190 987; x_wconf 79' lang='lat' dir='ltr'><strong>ialland.</strong></span> <span class='ocrx_word' id='word_1_93' title='bbox 2222 931 2260 983; x_wconf 85' lang='grc' dir='ltr'><strong>ι.</strong></span> <span class='ocrx_word' id='word_1_94' title='bbox 2285 945 2330 983; x_wconf 89' lang='lat' dir='ltr'><strong>c.</strong></span> <span class='ocrx_word' id='word_1_95' title='bbox 2349 932 2461 993; x_wconf 70' lang='lat'><strong>727,</strong></span> <span class='ocrx_word' id='word_1_96' title='bbox 2486 932 2580 981; x_wconf 71' lang='lat'><strong>728</strong></span> <span class='ocrx_word' id='word_1_97' title='bbox 2612 945 2663 981; x_wconf 78' lang='grc' dir='ltr'><strong>ιι.</strong></span> <span class='ocrx_word' id='word_1_98' title='bbox 2696 930 2804 993; x_wconf 82' lang='grc'><strong>51).</strong></span> <span class='ocrx_word' id='word_1_99' title='bbox 2824 956 2888 967; x_wconf 94' lang='lat'><strong>——</strong></span> <span class='ocrx_word' id='word_1_100' title='bbox 2906 928 2963 978; x_wconf 89' lang='lat' dir='ltr'><strong>In</strong></span> <span class='ocrx_word' id='word_1_101' title='bbox 2992 929 3008 978; x_wconf 94' lang='lat' dir='ltr'><strong>I</strong></span> <span class='ocrx_word' id='word_1_102' title='bbox 3032 929 3143 981; x_wconf 90' lang='lat' dir='ltr'><strong>Cor.</strong></span> <span class='ocrx_word' id='word_1_103' title='bbox 3201 940 3269 989; x_wconf 80' lang='lat' dir='ltr'><strong>iv,</strong></span> <span class='ocrx_word' id='word_1_104' title='bbox 3302 926 3358 975; x_wconf 78' lang='grc'><strong>15</strong></span> <span class='ocrx_word' id='word_1_105' title='bbox 3377 941 3502 991; x_wconf 85' lang='lat' dir='ltr'><strong>seqq.</strong></span> 
     </span>
    </p>
   </div>
   <div class='ocr_carea' id='block_1_15' title="bbox 474 1028 1985 1115">
    <p class='ocr_par' dir='ltr' id='par_1_15' title="bbox 474 1030 1985 1115">
     <span class='ocr_line' id='line_1_15' title="bbox 474 1030 1985 1115; baseline 0.002 -20"><span class='ocrx_word' id='word_1_106' title='bbox 474 1030 592 1095; x_wconf 75' lang='lat' dir='ltr'><strong>Vox</strong></span> <span class='ocrx_word' id='word_1_107' title='bbox 629 1040 922 1112; x_wconf 80' lang='grc' dir='ltr'><strong>περίψημα</strong></span> <span class='ocrx_word' id='word_1_108' title='bbox 960 1050 1141 1111; x_wconf 88' lang='lat' dir='ltr'><strong>potest</strong></span> <span class='ocrx_word' id='word_1_109' title='bbox 1170 1041 1391 1111; x_wconf 84' lang='lat' dir='ltr'><strong>quidem</strong></span> <span class='ocrx_word' id='word_1_110' title='bbox 1431 1042 1759 1113; x_wconf 73' lang='lat' dir='ltr'><strong>simpliciter</strong></span> <span class='ocrx_word' id='word_1_111' title='bbox 1789 1043 1985 1115; x_wconf 83' lang='lat' dir='ltr'><strong>signiﬁ-</strong></span> 
     </span>
    </p>
   </div>
   <div class='ocr_carea' id='block_1_16' title="bbox 2122 1028 3633 1115">
    <p class='ocr_par' dir='ltr' id='par_1_16' title="bbox 2176 1028 3633 1111">
     <span class='ocr_line' id='line_1_16' title="bbox 2176 1028 3633 1111; baseline -0.004 -16"><span class='ocrx_word' id='word_1_112' title='bbox 2176 1039 2250 1095; x_wconf 80' lang='grc' dir='ltr'>Τὸ</span> <span class='ocrx_word' id='word_1_113' title='bbox 2267 1057 2287 1091; x_wconf 75' lang='grc' dir='ltr'><strong>ι</strong></span> <span class='ocrx_word' id='word_1_114' title='bbox 2316 1037 2605 1111; x_wconf 83' lang='grc' dir='ltr'>περίψημα</span> <span class='ocrx_word' id='word_1_115' title='bbox 2623 1057 2642 1090; x_wconf 76' lang='grc' dir='ltr'><strong>ι</strong></span> <span class='ocrx_word' id='word_1_116' title='bbox 2675 1028 2901 1092; x_wconf 71' lang='grc' dir='ltr'>δύναται</span> <span class='ocrx_word' id='word_1_117' title='bbox 2937 1038 3035 1108; x_wconf 83' lang='grc' dir='ltr'><strong>μὲν</strong></span> <span class='ocrx_word' id='word_1_118' title='bbox 3052 1036 3223 1100; x_wconf 75' lang='grc' dir='ltr'>οὕτως</span> <span class='ocrx_word' id='word_1_119' title='bbox 3242 1034 3423 1097; x_wconf 84' lang='grc' dir='ltr'>ἁπλῶς</span> <span class='ocrx_word' id='word_1_120' title='bbox 3436 1036 3538 1089; x_wconf 76' lang='grc' dir='ltr'>νυνὶ</span> <span class='ocrx_word' id='word_1_121' title='bbox 3560 1051 3633 1106; x_wconf 66' lang='grc' dir='ltr'>σηι</span> 
     </span>
    </p>
   </div>
   <div class='ocr_carea' id='block_1_17' title="bbox 398 1126 1909 1209">
    <p class='ocr_par' dir='ltr' id='par_1_17' title="bbox 398 1133 1909 1209">
     <span class='ocr_line' id='line_1_17' title="bbox 398 1133 1909 1209; baseline 0.005 -22"><span class='ocrx_word' id='word_1_122' title='bbox 398 1148 530 1187; x_wconf 83' lang='lat' dir='ltr'><strong>care</strong></span> <span class='ocrx_word' id='word_1_123' title='bbox 559 1133 647 1198; x_wconf 92' lang='lat' dir='ltr'><strong>id,</strong></span> <span class='ocrx_word' id='word_1_124' title='bbox 688 1135 832 1203; x_wconf 87' lang='lat' dir='ltr'><strong>quod</strong></span> <span class='ocrx_word' id='word_1_125' title='bbox 873 1143 1246 1203; x_wconf 88' lang='lat' dir='ltr'><strong>contemptum</strong></span> <span class='ocrx_word' id='word_1_126' title='bbox 1295 1144 1421 1203; x_wconf 88' lang='lat' dir='ltr'><strong>est,</strong></span> <span class='ocrx_word' id='word_1_127' title='bbox 1472 1144 1528 1192; x_wconf 84' lang='lat' dir='ltr'><strong>et</strong></span> <span class='ocrx_word' id='word_1_128' title='bbox 1579 1138 1809 1205; x_wconf 86' lang='lat' dir='ltr'><strong>pedibus</strong></span> <span class='ocrx_word' id='word_1_129' title='bbox 1844 1154 1909 1209; x_wconf 92' lang='lat' dir='ltr'><strong>qu</strong></span> 
     </span>
    </p>
   </div>
   <div class='ocr_carea' id='block_1_18' title="bbox 2121 1126 3632 1209">
    <p class='ocr_par' dir='ltr' id='par_1_18' title="bbox 2121 1126 3632 1201">
     <span class='ocr_line' id='line_1_18' title="bbox 2121 1126 3632 1201; baseline -0.005 -14"><span class='ocrx_word' id='word_1_130' title='bbox 2121 1133 2324 1187; x_wconf 73' lang='lat' dir='ltr'><strong>1aivew</strong></span> <span class='ocrx_word' id='word_1_131' title='bbox 2346 1131 2409 1185; x_wconf 83' lang='grc' dir='ltr'><strong>τὸ</strong></span> <span class='ocrx_word' id='word_1_132' title='bbox 2428 1133 2486 1185; x_wconf 85' lang='grc' dir='ltr'><strong>ὲν</strong></span> <span class='ocrx_word' id='word_1_133' title='bbox 2510 1130 2728 1201; x_wconf 79' lang='grc' dir='ltr'>ἀτιμίᾳ,</span> <span class='ocrx_word' id='word_1_134' title='bbox 2756 1130 2854 1184; x_wconf 75' lang='grc' dir='ltr'><strong>καὶ</strong></span> <span class='ocrx_word' id='word_1_135' title='bbox 2883 1126 2995 1183; x_wconf 73' lang='grc' dir='ltr'>οἷον</span> <span class='ocrx_word' id='word_1_136' title='bbox 3024 1126 3131 1181; x_wconf 80' lang='grc' dir='ltr'><strong>ὑπὸ</strong></span> <span class='ocrx_word' id='word_1_137' title='bbox 3163 1126 3235 1181; x_wconf 79' lang='grc' dir='ltr'>τὰ</span> <span class='ocrx_word' id='word_1_138' title='bbox 3253 1128 3373 1197; x_wconf 84' lang='grc' dir='ltr'>ίχνη</span> <span class='ocrx_word' id='word_1_139' title='bbox 3402 1127 3632 1196; x_wconf 82' lang='grc' dir='ltr'>κείμενον·</span> 
     </span>
    </p>
   </div>
   <div class='ocr_carea' id='block_1_19' title="bbox 400 1219 1911 1300">
    <p class='ocr_par' dir='ltr' id='par_1_19' title="bbox 400 1225 1911 1299">
     <span class='ocr_line' id='line_1_19' title="bbox 400 1225 1911 1299; baseline 0.005 -21"><span class='ocrx_word' id='word_1_140' title='bbox 400 1225 732 1294; x_wconf 79' lang='lat' dir='ltr'><strong>subjectum.</strong></span> <span class='ocrx_word' id='word_1_141' title='bbox 779 1225 1003 1280; x_wconf 78' lang='lat' dir='ltr'><strong>Rectius</strong></span> <span class='ocrx_word' id='word_1_142' title='bbox 1049 1236 1183 1280; x_wconf 75' lang='lat' dir='ltr'><strong>Vero</strong></span> <span class='ocrx_word' id='word_1_143' title='bbox 1241 1242 1465 1282; x_wconf 86' lang='lat' dir='ltr'><strong>sensum</strong></span> <span class='ocrx_word' id='word_1_144' title='bbox 1517 1230 1861 1298; x_wconf 82' lang='lat' dir='ltr'><strong>expresseris</strong></span> <span class='ocrx_word' id='word_1_145' title='bbox 1908 1248 1911 1299; x_wconf 73' lang='grc' dir='ltr'><strong>ι</strong></span> 
     </span>
    </p>
   </div>
   <div class='ocr_carea' id='block_1_20' title="bbox 2126 1219 3637 1300">
    <p class='ocr_par' dir='ltr' id='par_1_20' title="bbox 2126 1219 3637 1297">
     <span class='ocr_line' id='line_1_20' title="bbox 2126 1219 3637 1297; baseline -0.004 -21"><span class='ocrx_word' id='word_1_146' title='bbox 2126 1226 2403 1297; x_wconf 67' lang='grc' dir='ltr'>μγγύτερον</span> <span class='ocrx_word' id='word_1_147' title='bbox 2438 1224 2483 1277; x_wconf 85' lang='grc' dir='ltr'>δ’</span> <span class='ocrx_word' id='word_1_148' title='bbox 2524 1222 2593 1277; x_wconf 78' lang='grc' dir='ltr'><strong>ἂν</strong></span> <span class='ocrx_word' id='word_1_149' title='bbox 2634 1223 2720 1293; x_wconf 80' lang='grc' dir='ltr'>εἴη</span> <span class='ocrx_word' id='word_1_150' title='bbox 2767 1221 2870 1292; x_wconf 79' lang='grc' dir='ltr'>τῆς</span> <span class='ocrx_word' id='word_1_151' title='bbox 2915 1219 3195 1292; x_wconf 73' lang='grc' dir='ltr'><strong>σημασίας</strong></span> <span class='ocrx_word' id='word_1_152' title='bbox 3236 1221 3269 1289; x_wconf 84' lang='grc' dir='ltr'><strong>ὴ</strong></span> <span class='ocrx_word' id='word_1_153' title='bbox 3310 1219 3637 1289; x_wconf 73' lang='grc' dir='ltr'><strong>ἀπολύτρωσις</strong></span> 
     </span>
    </p>
   </div>
   <div class='ocr_carea' id='block_1_21' title="bbox 399 1304 1910 1389">
    <p class='ocr_par' dir='ltr' id='par_1_21' title="bbox 399 1315 1910 1389">
     <span class='ocr_line' id='line_1_21' title="bbox 399 1315 1910 1389; baseline 0.002 -18"><span class='ocrx_word' id='word_1_154' title='bbox 399 1315 866 1385; x_wconf 76' lang='lat' dir='ltr'><strong>redemptionem,</strong></span> <span class='ocrx_word' id='word_1_155' title='bbox 907 1325 961 1368; x_wconf 91' lang='lat' dir='ltr'><strong>et</strong></span> <span class='ocrx_word' id='word_1_156' title='bbox 984 1315 1263 1369; x_wconf 69' lang='lat' dir='ltr'><strong>Victimam</strong></span> <span class='ocrx_word' id='word_1_157' title='bbox 1308 1329 1407 1387; x_wconf 86' lang='lat' dir='ltr'><strong>pro</strong></span> <span class='ocrx_word' id='word_1_158' title='bbox 1462 1318 1586 1373; x_wconf 90' lang='lat' dir='ltr'><strong>aliis</strong></span> <span class='ocrx_word' id='word_1_159' title='bbox 1645 1319 1910 1389; x_wconf 72' lang='lat' dir='ltr'><strong>piaculare</strong></span> 
     </span>
    </p>
   </div>
   <div class='ocr_carea' id='block_1_22' title="bbox 2127 1304 3638 1389">
    <p class='ocr_par' dir='ltr' id='par_1_22' title="bbox 2127 1304 3638 1387">
     <span class='ocr_line' id='line_1_22' title="bbox 2127 1304 3638 1387; baseline -0.007 -14"><span class='ocrx_word' id='word_1_160' title='bbox 2127 1320 2202 1373; x_wconf 71' lang='grc' dir='ltr'>ιαὶ</span> <span class='ocrx_word' id='word_1_161' title='bbox 2229 1318 2290 1372; x_wconf 83' lang='grc' dir='ltr'><strong>τὸ</strong></span> <span class='ocrx_word' id='word_1_162' title='bbox 2312 1304 2425 1372; x_wconf 73' lang='grc' dir='ltr'>οἷον</span> <span class='ocrx_word' id='word_1_163' title='bbox 2452 1316 2593 1387; x_wconf 81' lang='grc' dir='ltr'>ὑπέρ</span> <span class='ocrx_word' id='word_1_164' title='bbox 2624 1324 2789 1369; x_wconf 79' lang='grc' dir='ltr'>τινων</span> <span class='ocrx_word' id='word_1_165' title='bbox 2817 1314 3036 1384; x_wconf 75' lang='grc' dir='ltr'>ἱερεῖον.</span> <span class='ocrx_word' id='word_1_166' title='bbox 3087 1312 3384 1384; x_wconf 83' lang='grc' dir='ltr'>Περίψημα</span> <span class='ocrx_word' id='word_1_167' title='bbox 3427 1311 3524 1383; x_wconf 79' lang='grc' dir='ltr'>γὰρ</span> <span class='ocrx_word' id='word_1_168' title='bbox 3566 1322 3638 1364; x_wconf 75' lang='lat' dir='ltr'><strong>tta-</strong></span> 
     </span>
    </p>
   </div>
   <div class='ocr_carea' id='block_1_23' title="bbox 397 1400 1908 1481">
    <p class='ocr_par' dir='ltr' id='par_1_23' title="bbox 397 1404 1903 1481">
     <span class='ocr_line' id='line_1_23' title="bbox 397 1404 1903 1481; baseline 0.003 -21"><span class='ocrx_word' id='word_1_169' title='bbox 397 1406 551 1460; x_wconf 84' lang='lat' dir='ltr'><strong>Illain</strong></span> <span class='ocrx_word' id='word_1_170' title='bbox 583 1408 729 1459; x_wconf 89' lang='lat' dir='ltr'><strong>enim</strong></span> <span class='ocrx_word' id='word_1_171' title='bbox 774 1414 984 1460; x_wconf 82' lang='lat' dir='ltr'><strong>veteres</strong></span> <span class='ocrx_word' id='word_1_172' title='bbox 1023 1404 1367 1476; x_wconf 78' lang='lat' dir='ltr'><strong>frequentius</strong></span> <span class='ocrx_word' id='word_1_173' title='bbox 1397 1409 1688 1481; x_wconf 72' lang='grc' dir='ltr'><strong>περίψημα</strong></span> <span class='ocrx_word' id='word_1_174' title='bbox 1732 1411 1903 1481; x_wconf 87' lang='lat' dir='ltr'><strong>appell</strong></span> 
     </span>
    </p>
   </div>
   <div class='ocr_carea' id='block_1_24' title="bbox 2128 1400 3639 1481">
    <p class='ocr_par' dir='ltr' id='par_1_24' title="bbox 2128 1400 3639 1480">
     <span class='ocr_line' id='line_1_24' title="bbox 2128 1400 3639 1480; baseline -0.007 -14"><span class='ocrx_word' id='word_1_175' title='bbox 2128 1414 2219 1466; x_wconf 85' lang='grc' dir='ltr'>,εῖν</span> <span class='ocrx_word' id='word_1_176' title='bbox 2252 1412 2430 1465; x_wconf 74' lang='grc' dir='ltr'>ἐκεῖνο</span> <span class='ocrx_word' id='word_1_177' title='bbox 2473 1408 2677 1480; x_wconf 81' lang='grc' dir='ltr'>μᾶλλον</span> <span class='ocrx_word' id='word_1_178' title='bbox 2726 1409 2755 1462; x_wconf 87' lang='grc' dir='ltr'><strong>ὁ</strong></span> <span class='ocrx_word' id='word_1_179' title='bbox 2799 1406 3029 1470; x_wconf 80' lang='grc' dir='ltr'>παλαιὸς</span> <span class='ocrx_word' id='word_1_180' title='bbox 3070 1400 3179 1459; x_wconf 76' lang='grc' dir='ltr'>οἶδε</span> <span class='ocrx_word' id='word_1_181' title='bbox 3214 1401 3393 1473; x_wconf 80' lang='grc' dir='ltr'><strong>λόγος,</strong></span> <span class='ocrx_word' id='word_1_182' title='bbox 3437 1404 3520 1457; x_wconf 74' lang='grc' dir='ltr'><strong>καὶ</strong></span> <span class='ocrx_word' id='word_1_183' title='bbox 3560 1402 3639 1473; x_wconf 72' lang='grc' dir='ltr'>τὴν</span> 
     </span>
    </p>
   </div>
   <div class='ocr_carea' id='block_1_25' title="bbox 397 1495 1908 1573">
    <p class='ocr_par' dir='ltr' id='par_1_25' title="bbox 397 1496 1908 1569">
     <span class='ocr_line' id='line_1_25' title="bbox 397 1496 1908 1569; baseline 0.001 -19"><span class='ocrx_word' id='word_1_184' title='bbox 397 1505 825 1562; x_wconf 85' lang='lat' dir='ltr'><strong>consueverunt,</strong></span> <span class='ocrx_word' id='word_1_185' title='bbox 870 1496 1363 1569; x_wconf 76' lang='lat' dir='ltr'><strong>appellationisque</strong></span> <span class='ocrx_word' id='word_1_186' title='bbox 1399 1501 1547 1554; x_wconf 89' lang='lat' dir='ltr'><strong>illius</strong></span> <span class='ocrx_word' id='word_1_187' title='bbox 1593 1501 1735 1556; x_wconf 80' lang='lat' dir='ltr'><strong>b‘anc</strong></span> <span class='ocrx_word' id='word_1_188' title='bbox 1764 1501 1908 1556; x_wconf 70' lang='lat' dir='ltr'><strong>reddi</strong></span> 
     </span>
    </p>
   </div>
   <div class='ocr_carea' id='block_1_26' title="bbox 2128 1495 3639 1573">
    <p class='ocr_par' dir='ltr' id='par_1_26' title="bbox 2128 1495 3639 1573">
     <span class='ocr_line' id='line_1_26' title="bbox 2128 1495 3639 1573; baseline -0.006 -17"><span class='ocrx_word' id='word_1_189' title='bbox 2128 1503 2285 1570; x_wconf 78' lang='grc' dir='ltr'>ιξτίαν</span> <span class='ocrx_word' id='word_1_190' title='bbox 2310 1500 2571 1573; x_wconf 77' lang='grc' dir='ltr'>τοιαύτην</span> <span class='ocrx_word' id='word_1_191' title='bbox 2604 1498 2910 1571; x_wconf 76' lang='grc' dir='ltr'>παρέχεται</span> <span class='ocrx_word' id='word_1_192' title='bbox 2938 1497 3017 1570; x_wconf 76' lang='grc' dir='ltr'>τῷ</span> <span class='ocrx_word' id='word_1_193' title='bbox 3046 1496 3297 1567; x_wconf 72' lang='grc' dir='ltr'>ὀνόματι.</span> <span class='ocrx_word' id='word_1_194' title='bbox 3342 1496 3415 1549; x_wconf 84' lang='grc' dir='ltr'><strong>Τὸ</strong></span> <span class='ocrx_word' id='word_1_195' title='bbox 3448 1495 3639 1549; x_wconf 79' lang='grc' dir='ltr'>παλαιὸν</span> 
     </span>
    </p>
   </div>
   <div class='ocr_carea' id='block_1_27' title="bbox 398 1587 1909 1663">
    <p class='ocr_par' dir='ltr' id='par_1_27' title="bbox 398 1587 1907 1662">
     <span class='ocr_line' id='line_1_27' title="bbox 398 1587 1907 1662; baseline 0.005 -21"><span class='ocrx_word' id='word_1_196' title='bbox 398 1591 690 1642; x_wconf 85' lang='lat' dir='ltr'><strong>rationem.</strong></span> <span class='ocrx_word' id='word_1_197' title='bbox 720 1587 1184 1662; x_wconf 78' lang='lat' dir='ltr'><strong>Quandocunque</strong></span> <span class='ocrx_word' id='word_1_198' title='bbox 1213 1600 1427 1648; x_wconf 67' lang='lat' dir='ltr'><strong>Veteres</strong></span> <span class='ocrx_word' id='word_1_199' title='bbox 1460 1593 1516 1647; x_wconf 83' lang='lat' dir='ltr'><strong>in</strong></span> <span class='ocrx_word' id='word_1_200' title='bbox 1548 1593 1721 1648; x_wconf 90' lang='lat' dir='ltr'><strong>divini</strong></span> <span class='ocrx_word' id='word_1_201' title='bbox 1750 1594 1907 1650; x_wconf 82' lang='lat' dir='ltr'><strong>Numi</strong></span> 
     </span>
    </p>
   </div>
   <div class='ocr_carea' id='block_1_28' title="bbox 2129 1587 3640 1663">
    <p class='ocr_par' dir='ltr' id='par_1_28' title="bbox 2133 1587 3640 1663">
     <span class='ocr_line' id='line_1_28' title="bbox 2133 1587 3640 1663; baseline -0.003 -17"><span class='ocrx_word' id='word_1_202' title='bbox 2133 1592 2324 1647; x_wconf 84' lang='grc' dir='ltr'>πειδάν</span> <span class='ocrx_word' id='word_1_203' title='bbox 2359 1609 2524 1646; x_wconf 87' lang='grc' dir='ltr'>τινων</span> <span class='ocrx_word' id='word_1_204' title='bbox 2547 1590 2758 1647; x_wconf 80' lang='grc' dir='ltr'>ἄνωθεν</span> <span class='ocrx_word' id='word_1_205' title='bbox 2811 1591 3135 1663; x_wconf 83' lang='grc' dir='ltr'><strong>μηνιμάτων</strong></span> <span class='ocrx_word' id='word_1_206' title='bbox 3163 1587 3247 1651; x_wconf 84' lang='grc' dir='ltr'><strong>εἰς</strong></span> <span class='ocrx_word' id='word_1_207' title='bbox 3273 1588 3463 1659; x_wconf 85' lang='grc' dir='ltr'>πεῖραν</span> <span class='ocrx_word' id='word_1_208' title='bbox 3493 1587 3640 1641; x_wconf 75' lang='grc' dir='ltr'><strong>ὲνέπὶ-</strong></span> 
     </span>
    </p>
   </div>
   <div class='ocr_carea' id='block_1_29' title="bbox 398 1678 1909 1758">
    <p class='ocr_par' dir='ltr' id='par_1_29' title="bbox 398 1680 1909 1758">
     <span class='ocr_line' id='line_1_29' title="bbox 398 1680 1909 1758; baseline 0.007 -25"><span class='ocrx_word' id='word_1_209' title='bbox 398 1680 830 1749; x_wconf 83' lang='lat' dir='ltr'><strong>indignationem</strong></span> <span class='ocrx_word' id='word_1_210' title='bbox 874 1683 1203 1748; x_wconf 85' lang='lat' dir='ltr'><strong>inciderant,</strong></span> <span class='ocrx_word' id='word_1_211' title='bbox 1242 1698 1519 1756; x_wconf 88' lang='lat' dir='ltr'><strong>praveque</strong></span> <span class='ocrx_word' id='word_1_212' title='bbox 1563 1686 1835 1742; x_wconf 77' lang='lat' dir='ltr'><strong>laeterum</strong></span> <span class='ocrx_word' id='word_1_213' title='bbox 1880 1704 1909 1758; x_wconf 87' lang='lat' dir='ltr'><strong>p</strong></span> 
     </span>
    </p>
   </div>
   <div class='ocr_carea' id='block_1_30' title="bbox 2128 1678 3639 1758">
    <p class='ocr_par' dir='ltr' id='par_1_30' title="bbox 2128 1678 3639 1749">
     <span class='ocr_line' id='line_1_30' title="bbox 2128 1678 3639 1749; baseline -0.005 -11"><span class='ocrx_word' id='word_1_214' title='bbox 2128 1700 2260 1747; x_wconf 86' lang='grc' dir='ltr'>ιτον,</span> <span class='ocrx_word' id='word_1_215' title='bbox 2316 1682 2412 1736; x_wconf 70' lang='grc' dir='ltr'>καὶ</span> <span class='ocrx_word' id='word_1_216' title='bbox 2455 1683 2651 1745; x_wconf 83' lang='grc' dir='ltr'>ποινὰς</span> <span class='ocrx_word' id='word_1_217' title='bbox 2694 1681 2895 1745; x_wconf 82' lang='grc' dir='ltr'>αὐτοὺς</span> <span class='ocrx_word' id='word_1_218' title='bbox 2926 1680 3037 1734; x_wconf 88' lang='grc' dir='ltr'><strong>τῶν</strong></span> <span class='ocrx_word' id='word_1_219' title='bbox 3059 1678 3478 1749; x_wconf 78' lang='grc' dir='ltr'><strong>τετολμημένων</strong></span> <span class='ocrx_word' id='word_1_220' title='bbox 3502 1679 3639 1731; x_wconf 81' lang='grc' dir='ltr'>ἀπαι-</span> 
     </span>
    </p>
   </div>
   <div class='ocr_carea' id='block_1_31' title="bbox 394 1771 1905 1845">
    <p class='ocr_par' dir='ltr' id='par_1_31' title="bbox 394 1774 1905 1842">
     <span class='ocr_line' id='line_1_31' title="bbox 394 1774 1905 1842; baseline 0.005 -17"><span class='ocrx_word' id='word_1_221' title='bbox 394 1787 498 1826; x_wconf 88' lang='lat' dir='ltr'><strong>nas</strong></span> <span class='ocrx_word' id='word_1_222' title='bbox 550 1788 582 1826; x_wconf 89' lang='lat' dir='ltr'><strong>a</strong></span> <span class='ocrx_word' id='word_1_223' title='bbox 633 1788 692 1828; x_wconf 89' lang='lat' dir='ltr'><strong>se</strong></span> <span class='ocrx_word' id='word_1_224' title='bbox 729 1774 902 1842; x_wconf 85' lang='lat' dir='ltr'><strong>repeti</strong></span> <span class='ocrx_word' id='word_1_225' title='bbox 947 1775 1287 1841; x_wconf 86' lang='lat' dir='ltr'><strong>sentiebant,</strong></span> <span class='ocrx_word' id='word_1_226' title='bbox 1341 1787 1457 1831; x_wconf 88' lang='lat' dir='ltr'><strong>tum</strong></span> <span class='ocrx_word' id='word_1_227' title='bbox 1508 1776 1657 1832; x_wconf 81' lang='lat' dir='ltr'><strong>cives</strong></span> <span class='ocrx_word' id='word_1_228' title='bbox 1686 1788 1857 1833; x_wconf 88' lang='lat' dir='ltr'><strong>unum</strong></span> <span class='ocrx_word' id='word_1_229' title='bbox 1886 1795 1905 1834; x_wconf 68' lang='grc' dir='ltr'><strong>ε</strong></span> 
     </span>
    </p>
   </div>
   <div class='ocr_carea' id='block_1_32' title="bbox 2130 1771 3641 1845">
    <p class='ocr_par' dir='ltr' id='par_1_32' title="bbox 2132 1771 3641 1845">
     <span class='ocr_line' id='line_1_32' title="bbox 2132 1771 3641 1845; baseline -0.005 -15"><span class='ocrx_word' id='word_1_230' title='bbox 2132 1775 2309 1831; x_wconf 87' lang='grc' dir='ltr'>εῖσθαι</span> <span class='ocrx_word' id='word_1_231' title='bbox 2341 1774 2693 1845; x_wconf 74' lang='grc' dir='ltr'><strong>συνῄσθοντο,</strong></span> <span class='ocrx_word' id='word_1_232' title='bbox 2730 1773 2920 1844; x_wconf 82' lang='grc' dir='ltr'>ἀθρόοι</span> <span class='ocrx_word' id='word_1_233' title='bbox 2947 1774 3307 1845; x_wconf 79' lang='grc' dir='ltr'>περιστάντες</span> <span class='ocrx_word' id='word_1_234' title='bbox 3330 1774 3390 1825; x_wconf 88' lang='grc' dir='ltr'><strong>τὸ</strong></span> <span class='ocrx_word' id='word_1_235' title='bbox 3410 1771 3641 1841; x_wconf 75' lang='grc' dir='ltr'><strong>ὁμόφυλον</strong></span> 
     </span>
    </p>
   </div>
   <div class='ocr_carea' id='block_1_33' title="bbox 393 1861 1904 1937">
    <p class='ocr_par' dir='ltr' id='par_1_33' title="bbox 393 1866 1904 1935">
     <span class='ocr_line' id='line_1_33' title="bbox 393 1866 1904 1935; baseline 0.005 -19"><span class='ocrx_word' id='word_1_236' title='bbox 393 1879 559 1934; x_wconf 89' lang='lat' dir='ltr'><strong>quem</strong></span> <span class='ocrx_word' id='word_1_237' title='bbox 590 1880 847 1929; x_wconf 91' lang='lat' dir='ltr'><strong>suorum,</strong></span> <span class='ocrx_word' id='word_1_238' title='bbox 875 1866 971 1935; x_wconf 87' lang='lat' dir='ltr'><strong>qui</strong></span> <span class='ocrx_word' id='word_1_239' title='bbox 998 1868 1083 1922; x_wconf 78' lang='lat' dir='ltr'><strong>vel</strong></span> <span class='ocrx_word' id='word_1_240' title='bbox 1116 1876 1271 1922; x_wconf 84' lang='lat' dir='ltr'><strong>sorte</strong></span> <span class='ocrx_word' id='word_1_241' title='bbox 1318 1869 1562 1925; x_wconf 86' lang='lat' dir='ltr'><strong>delectus</strong></span> <span class='ocrx_word' id='word_1_242' title='bbox 1606 1879 1743 1935; x_wconf 90' lang='lat' dir='ltr'><strong>erat,</strong></span> <span class='ocrx_word' id='word_1_243' title='bbox 1782 1870 1904 1925; x_wconf 70' lang='lat' dir='ltr'><strong>vel:</strong></span> 
     </span>
    </p>
   </div>
   <div class='ocr_carea' id='block_1_34' title="bbox 2130 1861 3641 1937">
    <p class='ocr_par' dir='ltr' id='par_1_34' title="bbox 2130 1861 3641 1937">
     <span class='ocr_line' id='line_1_34' title="bbox 2130 1861 3641 1937; baseline 0.003 -15"><span class='ocrx_word' id='word_1_244' title='bbox 2130 1867 2178 1922; x_wconf 88' lang='grc' dir='ltr'>νί</span> <span class='ocrx_word' id='word_1_245' title='bbox 2213 1885 2321 1922; x_wconf 82' lang='grc' dir='ltr'>τινι</span> <span class='ocrx_word' id='word_1_246' title='bbox 2346 1864 2549 1933; x_wconf 75' lang='grc' dir='ltr'>αὐτῶν,</span> <span class='ocrx_word' id='word_1_247' title='bbox 2579 1866 2639 1930; x_wconf 83' lang='grc' dir='ltr'>ὃς</span> <span class='ocrx_word' id='word_1_248' title='bbox 2672 1865 2894 1937; x_wconf 76' lang='grc' dir='ltr'>ἔμελλεν</span> <span class='ocrx_word' id='word_1_249' title='bbox 2921 1867 2955 1935; x_wconf 81' lang='grc' dir='ltr'>ἢ</span> <span class='ocrx_word' id='word_1_250' title='bbox 2986 1864 3178 1935; x_wconf 86' lang='grc' dir='ltr'>κλήρῳ</span> <span class='ocrx_word' id='word_1_251' title='bbox 3201 1861 3641 1933; x_wconf 70' lang='grc' dir='ltr'>ἀφορισθεὶςνῆτῷ</span> 
     </span>
    </p>
   </div>
   <div class='ocr_carea' id='block_1_35' title="bbox 395 1951 1906 2029">
    <p class='ocr_par' dir='ltr' id='par_1_35' title="bbox 395 1951 1906 2025">
     <span class='ocr_line' id='line_1_35' title="bbox 395 1951 1906 2025; baseline 0.005 -21"><span class='ocrx_word' id='word_1_252' title='bbox 395 1951 627 2005; x_wconf 74' lang='lat' dir='ltr'><strong>arbitrio</strong></span> <span class='ocrx_word' id='word_1_253' title='bbox 657 1961 823 2022; x_wconf 91' lang='lat' dir='ltr'><strong>atque</strong></span> <span class='ocrx_word' id='word_1_254' title='bbox 851 1955 988 2009; x_wconf 88' lang='lat' dir='ltr'><strong>adeo</strong></span> <span class='ocrx_word' id='word_1_255' title='bbox 1018 1964 1213 2025; x_wconf 88' lang='lat' dir='ltr'><strong>sponte</strong></span> <span class='ocrx_word' id='word_1_256' title='bbox 1247 1971 1306 2010; x_wconf 89' lang='lat' dir='ltr'><strong>se</strong></span> <span class='ocrx_word' id='word_1_257' title='bbox 1334 1972 1432 2025; x_wconf 86' lang='lat' dir='ltr'><strong>pro</strong></span> <span class='ocrx_word' id='word_1_258' title='bbox 1452 1956 1708 2012; x_wconf 88' lang='lat' dir='ltr'><strong>omnibus</strong></span> <span class='ocrx_word' id='word_1_259' title='bbox 1742 1957 1795 2011; x_wconf 92' lang='lat' dir='ltr'><strong>in</strong></span> <span class='ocrx_word' id='word_1_260' title='bbox 1833 1958 1906 2013; x_wconf 67' lang='lat' dir='ltr'><strong>vit</strong></span> 
     </span>
    </p>
   </div>
   <div class='ocr_carea' id='block_1_36' title="bbox 2133 1951 3644 2029">
    <p class='ocr_par' dir='ltr' id='par_1_36' title="bbox 2133 1951 3644 2029">
     <span class='ocr_line' id='line_1_36' title="bbox 2133 1951 3644 2029; baseline -0.003 -21"><span class='ocrx_word' id='word_1_261' title='bbox 2133 1956 2366 2029; x_wconf 76' lang='grc' dir='ltr'>εροθύμῳ</span> <span class='ocrx_word' id='word_1_262' title='bbox 2415 1957 2516 2027; x_wconf 81' lang='grc' dir='ltr'>τῆς</span> <span class='ocrx_word' id='word_1_263' title='bbox 2555 1953 2785 2026; x_wconf 83' lang='grc' dir='ltr'><strong>γνώμης</strong></span> <span class='ocrx_word' id='word_1_264' title='bbox 2821 1954 2936 2026; x_wconf 81' lang='grc' dir='ltr'><strong>(Η)</strong></span> <span class='ocrx_word' id='word_1_265' title='bbox 2986 1955 3233 2017; x_wconf 81' lang='grc' dir='ltr'><strong>ἑκούσιος</strong></span> <span class='ocrx_word' id='word_1_266' title='bbox 3275 1952 3419 2024; x_wconf 84' lang='grc' dir='ltr'>ὑπὲρ</span> <span class='ocrx_word' id='word_1_267' title='bbox 3461 1951 3644 2005; x_wconf 78' lang='grc' dir='ltr'>πάντων</span> 
     </span>
    </p>
   </div>
   <div class='ocr_carea' id='block_1_37' title="bbox 397 2041 1908 2120">
    <p class='ocr_par' dir='ltr' id='par_1_37' title="bbox 397 2046 1908 2120">
     <span class='ocr_line' id='line_1_37' title="bbox 397 2046 1908 2120; baseline 0.005 -22"><span class='ocrx_word' id='word_1_268' title='bbox 397 2059 542 2098; x_wconf 88' lang='lat' dir='ltr'><strong>mam</strong></span> <span class='ocrx_word' id='word_1_269' title='bbox 585 2046 779 2100; x_wconf 85' lang='lat' dir='ltr'><strong>sistere</strong></span> <span class='ocrx_word' id='word_1_270' title='bbox 808 2060 1012 2116; x_wconf 87' lang='lat' dir='ltr'><strong>eosque</strong></span> <span class='ocrx_word' id='word_1_271' title='bbox 1037 2048 1263 2117; x_wconf 80' lang='lat' dir='ltr'><strong>expiare</strong></span> <span class='ocrx_word' id='word_1_272' title='bbox 1293 2057 1597 2115; x_wconf 90' lang='lat' dir='ltr'><strong>statuerat,</strong></span> <span class='ocrx_word' id='word_1_273' title='bbox 1633 2051 1853 2120; x_wconf 81' lang='lat' dir='ltr'><strong>agmine</strong></span> <span class='ocrx_word' id='word_1_274' title='bbox 1906 2067 1908 2074; x_wconf 91' lang='grc'>·</span> 
     </span>
    </p>
   </div>
   <div class='ocr_carea' id='block_1_38' title="bbox 2131 2041 3642 2120">
    <p class='ocr_par' dir='ltr' id='par_1_38' title="bbox 2131 2041 3642 2119">
     <span class='ocr_line' id='line_1_38' title="bbox 2131 2041 3642 2119; baseline -0.005 -19"><span class='ocrx_word' id='word_1_275' title='bbox 2131 2046 2459 2119; x_wconf 75' lang='grc' dir='ltr'>τροθύεσθαι,</span> <span class='ocrx_word' id='word_1_276' title='bbox 2493 2048 2590 2101; x_wconf 73' lang='grc' dir='ltr'><strong>καὶ</strong></span> <span class='ocrx_word' id='word_1_277' title='bbox 2612 2045 2913 2116; x_wconf 86' lang='grc' dir='ltr'>καθάρσιον</span> <span class='ocrx_word' id='word_1_278' title='bbox 2956 2043 3138 2097; x_wconf 78' lang='grc' dir='ltr'>αὐτῶν</span> <span class='ocrx_word' id='word_1_279' title='bbox 3184 2041 3460 2112; x_wconf 86' lang='grc' dir='ltr'>γίνεσθαι,</span> <span class='ocrx_word' id='word_1_280' title='bbox 3487 2041 3642 2094; x_wconf 81' lang='grc' dir='ltr'>τοῦτον</span> 
     </span>
    </p>
   </div>
   <div class='ocr_carea' id='block_1_39' title="bbox 395 2134 1906 2211">
    <p class='ocr_par' dir='ltr' id='par_1_39' title="bbox 395 2136 1906 2211">
     <span class='ocr_line' id='line_1_39' title="bbox 395 2136 1906 2211; baseline 0.003 -21"><span class='ocrx_word' id='word_1_281' title='bbox 395 2146 505 2203; x_wconf 81' lang='lat' dir='ltr'><strong>eto,</strong></span> <span class='ocrx_word' id='word_1_282' title='bbox 530 2136 814 2207; x_wconf 78' lang='lat' dir='ltr'><strong>ciugentes</strong></span> <span class='ocrx_word' id='word_1_283' title='bbox 839 2139 1095 2195; x_wconf 88' lang='lat' dir='ltr'><strong>manibus</strong></span> <span class='ocrx_word' id='word_1_284' title='bbox 1118 2152 1243 2194; x_wconf 89' lang='lat' dir='ltr'><strong>eum</strong></span> <span class='ocrx_word' id='word_1_285' title='bbox 1277 2148 1521 2209; x_wconf 78' lang='lat' dir='ltr'><strong>tangere,</strong></span> <span class='ocrx_word' id='word_1_286' title='bbox 1550 2141 1793 2211; x_wconf 84' lang='lat' dir='ltr'><strong>palpare,</strong></span> <span class='ocrx_word' id='word_1_287' title='bbox 1821 2153 1906 2197; x_wconf 72' lang='lat' dir='ltr'><strong>eti</strong></span> 
     </span>
    </p>
   </div>
   <div class='ocr_carea' id='block_1_40' title="bbox 2133 2134 3644 2211">
    <p class='ocr_par' dir='ltr' id='par_1_40' title="bbox 2133 2134 3644 2210">
     <span class='ocr_line' id='line_1_40' title="bbox 2133 2134 3644 2210; baseline -0.003 -19"><span class='ocrx_word' id='word_1_288' title='bbox 2133 2141 2254 2210; x_wconf 74' lang='grc' dir='ltr'>ερσὶ</span> <span class='ocrx_word' id='word_1_289' title='bbox 2328 2136 2673 2210; x_wconf 71' lang='grc' dir='ltr'>περιψῶντες</span> <span class='ocrx_word' id='word_1_290' title='bbox 2731 2138 2826 2191; x_wconf 79' lang='grc' dir='ltr'><strong>καὶ</strong></span> <span class='ocrx_word' id='word_1_291' title='bbox 2885 2135 3259 2207; x_wconf 79' lang='grc' dir='ltr'>ὲφαψώμενοι,</span> <span class='ocrx_word' id='word_1_292' title='bbox 3324 2154 3345 2188; x_wconf 76' lang='grc' dir='ltr'><strong>ι</strong></span> <span class='ocrx_word' id='word_1_293' title='bbox 3386 2134 3644 2206; x_wconf 57' lang='grc' dir='ltr'>Περίψημα</span> 
     </span>
    </p>
   </div>
   <div class='ocr_carea' id='block_1_41' title="bbox 396 2227 1907 2304">
    <p class='ocr_par' dir='ltr' id='par_1_41' title="bbox 396 2227 1907 2298">
     <span class='ocr_line' id='line_1_41' title="bbox 396 2227 1907 2298; baseline 0.004 -18"><span class='ocrx_word' id='word_1_294' title='bbox 396 2227 558 2283; x_wconf 87' lang='lat' dir='ltr'><strong>linire</strong></span> <span class='ocrx_word' id='word_1_295' title='bbox 604 2230 761 2298; x_wconf 87' lang='lat' dir='ltr'><strong>quasi</strong></span> <span class='ocrx_word' id='word_1_296' title='bbox 821 2230 1112 2297; x_wconf 83' lang='lat' dir='ltr'><strong>solebant,</strong></span> <span class='ocrx_word' id='word_1_297' title='bbox 1166 2231 1461 2288; x_wconf 86' lang='lat' dir='ltr'><strong>dicentes:</strong></span> <span class='ocrx_word' id='word_1_298' title='bbox 1529 2250 1550 2285; x_wconf 74' lang='grc' dir='ltr'><strong>ι</strong></span> <span class='ocrx_word' id='word_1_299' title='bbox 1590 2232 1680 2288; x_wconf 90' lang='lat' dir='ltr'><strong>Sis</strong></span> <span class='ocrx_word' id='word_1_300' title='bbox 1741 2241 1907 2289; x_wconf 76' lang='lat' dir='ltr'><strong>nostri</strong></span> 
     </span>
    </p>
   </div>
   <div class='ocr_carea' id='block_1_42' title="bbox 2132 2227 3643 2304">
    <p class='ocr_par' dir='ltr' id='par_1_42' title="bbox 2136 2227 3643 2303">
     <span class='ocr_line' id='line_1_42' title="bbox 2136 2227 3643 2303; baseline -0.003 -18"><span class='ocrx_word' id='word_1_301' title='bbox 2136 2232 2276 2303; x_wconf 91' lang='grc' dir='ltr'>μῶν,</span> <span class='ocrx_word' id='word_1_302' title='bbox 2298 2231 2505 2301; x_wconf 78' lang='grc' dir='ltr'>ἔλεγον,</span> <span class='ocrx_word' id='word_1_303' title='bbox 2551 2229 2739 2301; x_wconf 86' lang='grc' dir='ltr'>γενοῦ.</span> <span class='ocrx_word' id='word_1_304' title='bbox 2772 2248 2792 2283; x_wconf 70' lang='grc' dir='ltr'><strong>ι</strong></span> <span class='ocrx_word' id='word_1_305' title='bbox 2835 2229 3076 2283; x_wconf 77' lang='grc' dir='ltr'>Ἐκεῖθεν</span> <span class='ocrx_word' id='word_1_306' title='bbox 3098 2227 3244 2283; x_wconf 55' lang='lat' dir='ltr'><strong>aevo</strong></span> <span class='ocrx_word' id='word_1_307' title='bbox 3273 2228 3445 2281; x_wconf 78' lang='grc' dir='ltr'>πολλὰ</span> <span class='ocrx_word' id='word_1_308' title='bbox 3481 2227 3643 2282; x_wconf 60' lang='grc' dir='ltr'>πολλά-</span> 
     </span>
    </p>
   </div>
   <div class='ocr_carea' id='block_1_43' title="bbox 392 2316 1903 2396">
    <p class='ocr_par' dir='ltr' id='par_1_43' title="bbox 392 2316 1899 2389">
     <span class='ocr_line' id='line_1_43' title="bbox 392 2316 1899 2389; baseline 0.004 -19"><span class='ocrx_word' id='word_1_309' title='bbox 392 2318 720 2388; x_wconf 86' lang='lat' dir='ltr'><strong>peripsema.</strong></span> <span class='ocrx_word' id='word_1_310' title='bbox 755 2335 776 2370; x_wconf 74' lang='grc' dir='ltr'><strong>ι</strong></span> <span class='ocrx_word' id='word_1_311' title='bbox 849 2316 977 2374; x_wconf 84' lang='lat' dir='ltr'><strong>Inde</strong></span> <span class='ocrx_word' id='word_1_312' title='bbox 1032 2320 1196 2389; x_wconf 73' lang='lat' dir='ltr'><strong>igitur</strong></span> <span class='ocrx_word' id='word_1_313' title='bbox 1258 2320 1465 2375; x_wconf 78' lang='lat' dir='ltr'><strong>factum</strong></span> <span class='ocrx_word' id='word_1_314' title='bbox 1518 2331 1632 2388; x_wconf 91' lang='lat' dir='ltr'><strong>est,</strong></span> <span class='ocrx_word' id='word_1_315' title='bbox 1663 2331 1722 2376; x_wconf 89' lang='lat' dir='ltr'><strong>ut</strong></span> <span class='ocrx_word' id='word_1_316' title='bbox 1767 2323 1899 2377; x_wconf 89' lang='lat' dir='ltr'><strong>Paul</strong></span> 
     </span>
    </p>
   </div>
   <div class='ocr_carea' id='block_1_44' title="bbox 2133 2316 3644 2396">
    <p class='ocr_par' dir='ltr' id='par_1_44' title="bbox 2137 2320 3644 2396">
     <span class='ocr_line' id='line_1_44' title="bbox 2137 2320 3644 2396; baseline -0.005 -16"><span class='ocrx_word' id='word_1_317' title='bbox 2137 2343 2185 2389; x_wconf 89' lang='grc' dir='ltr'><strong>ις</strong></span> <span class='ocrx_word' id='word_1_318' title='bbox 2248 2324 2431 2395; x_wconf 81' lang='grc' dir='ltr'>σοφῶς</span> <span class='ocrx_word' id='word_1_319' title='bbox 2488 2322 2905 2396; x_wconf 74' lang='grc' dir='ltr'><strong>αἰχμαλωτίσας</strong></span> <span class='ocrx_word' id='word_1_320' title='bbox 2938 2321 3153 2384; x_wconf 79' lang='grc' dir='ltr'><strong>Παῦλος</strong></span> <span class='ocrx_word' id='word_1_321' title='bbox 3192 2323 3273 2386; x_wconf 85' lang='grc' dir='ltr'><strong>είς</strong></span> <span class='ocrx_word' id='word_1_322' title='bbox 3297 2321 3401 2392; x_wconf 82' lang='grc' dir='ltr'>τὴν</span> <span class='ocrx_word' id='word_1_323' title='bbox 3432 2320 3644 2391; x_wconf 75' lang='grc' dir='ltr'>ὑπακοὴν</span> 
     </span>
    </p>
   </div>
   <div class='ocr_carea' id='block_1_45' title="bbox 391 2409 1902 2488">
    <p class='ocr_par' dir='ltr' id='par_1_45' title="bbox 391 2409 1902 2484">
     <span class='ocr_line' id='line_1_45' title="bbox 391 2409 1902 2484; baseline 0.003 -22"><span class='ocrx_word' id='word_1_324' title='bbox 391 2410 487 2478; x_wconf 78' lang='lat' dir='ltr'><strong>qui</strong></span> <span class='ocrx_word' id='word_1_325' title='bbox 527 2409 697 2464; x_wconf 87' lang='lat' dir='ltr'><strong>multa</strong></span> <span class='ocrx_word' id='word_1_326' title='bbox 720 2425 866 2481; x_wconf 69' lang='lat' dir='ltr'><strong>Saepe</strong></span> <span class='ocrx_word' id='word_1_327' title='bbox 888 2410 1166 2481; x_wconf 83' lang='lat' dir='ltr'><strong>sapienter</strong></span> <span class='ocrx_word' id='word_1_328' title='bbox 1198 2412 1255 2466; x_wconf 85' lang='lat' dir='ltr'><strong>in</strong></span> <span class='ocrx_word' id='word_1_329' title='bbox 1293 2414 1619 2484; x_wconf 90' lang='lat' dir='ltr'><strong>obsequium</strong></span> <span class='ocrx_word' id='word_1_330' title='bbox 1664 2414 1868 2469; x_wconf 81' lang='lat' dir='ltr'><strong>Christi</strong></span> <span class='ocrx_word' id='word_1_331' title='bbox 1901 2431 1902 2436; x_wconf 44' lang='grc' dir='ltr'><strong>η</strong></span> 
     </span>
    </p>
   </div>
   <div class='ocr_carea' id='block_1_46' title="bbox 2131 2409 3642 2488">
    <p class='ocr_par' dir='ltr' id='par_1_46' title="bbox 2131 2410 3642 2488">
     <span class='ocr_line' id='line_1_46' title="bbox 2131 2410 3642 2488; baseline -0.005 -17"><span class='ocrx_word' id='word_1_332' title='bbox 2131 2416 2189 2471; x_wconf 88' lang='grc' dir='ltr'><strong>οῦ</strong></span> <span class='ocrx_word' id='word_1_333' title='bbox 2249 2416 2516 2488; x_wconf 80' lang='grc' dir='ltr'><strong>Χριστοῦ,</strong></span> <span class='ocrx_word' id='word_1_334' title='bbox 2549 2416 2702 2470; x_wconf 80' lang='grc' dir='ltr'>οὐδὲν</span> <span class='ocrx_word' id='word_1_335' title='bbox 2751 2415 2827 2470; x_wconf 62' lang='grc' dir='ltr'><strong>δι</strong></span> <span class='ocrx_word' id='word_1_336' title='bbox 2856 2410 3021 2488; x_wconf 82' lang='grc' dir='ltr'>ἦττον</span> <span class='ocrx_word' id='word_1_337' title='bbox 3078 2410 3176 2468; x_wconf 73' lang='grc' dir='ltr'>καὶ</span> <span class='ocrx_word' id='word_1_338' title='bbox 3193 2415 3441 2481; x_wconf 19' lang='grc' dir='ltr'>τῶννεξω</span> <span class='ocrx_word' id='word_1_339' title='bbox 3462 2413 3642 2484; x_wconf 81' lang='grc' dir='ltr'>φωνῶν,</span> 
     </span>
    </p>
   </div>
   <div class='ocr_carea' id='block_1_47' title="bbox 390 2501 1901 2581">
    <p class='ocr_par' dir='ltr' id='par_1_47' title="bbox 390 2501 1901 2578">
     <span class='ocr_line' id='line_1_47' title="bbox 390 2501 1901 2578; baseline 0.005 -25"><span class='ocrx_word' id='word_1_340' title='bbox 390 2501 574 2571; x_wconf 81' lang='lat' dir='ltr'><strong>degit,</strong></span> <span class='ocrx_word' id='word_1_341' title='bbox 624 2502 765 2556; x_wconf 84' lang='lat' dir='ltr'><strong>idem</strong></span> <span class='ocrx_word' id='word_1_342' title='bbox 831 2517 939 2557; x_wconf 91' lang='lat' dir='ltr'><strong>non</strong></span> <span class='ocrx_word' id='word_1_343' title='bbox 996 2504 1180 2559; x_wconf 88' lang='lat' dir='ltr'><strong>minus</strong></span> <span class='ocrx_word' id='word_1_344' title='bbox 1229 2505 1298 2560; x_wconf 90' lang='lat' dir='ltr'><strong>de</strong></span> <span class='ocrx_word' id='word_1_345' title='bbox 1355 2506 1650 2576; x_wconf 81' lang='lat' dir='ltr'><strong>phrasibus</strong></span> <span class='ocrx_word' id='word_1_346' title='bbox 1707 2506 1901 2578; x_wconf 74' lang='lat' dir='ltr'><strong>gentili</strong></span> 
     </span>
    </p>
   </div>
   <div class='ocr_carea' id='block_1_48' title="bbox 2131 2501 3642 2581">
    <p class='ocr_par' dir='ltr' id='par_1_48' title="bbox 2131 2503 3642 2581">
     <span class='ocr_line' id='line_1_48' title="bbox 2131 2503 3642 2581; baseline -0.001 -18"><span class='ocrx_word' id='word_1_347' title='bbox 2131 2510 2194 2581; x_wconf 81' lang='grc' dir='ltr'><strong>ὑχ</strong></span> <span class='ocrx_word' id='word_1_348' title='bbox 2218 2509 2320 2580; x_wconf 85' lang='grc' dir='ltr'><strong>ὅση</strong></span> <span class='ocrx_word' id='word_1_349' title='bbox 2353 2509 2468 2581; x_wconf 72' lang='lat' dir='ltr'><strong>(I2)</strong></span> <span class='ocrx_word' id='word_1_350' title='bbox 2501 2508 2687 2580; x_wconf 80' lang='grc' dir='ltr'>κομψὴ</span> <span class='ocrx_word' id='word_1_351' title='bbox 2743 2509 2839 2562; x_wconf 83' lang='grc' dir='ltr'>καὶ</span> <span class='ocrx_word' id='word_1_352' title='bbox 2887 2506 3106 2576; x_wconf 87' lang='grc' dir='ltr'>γλῶττα</span> <span class='ocrx_word' id='word_1_353' title='bbox 3144 2508 3241 2562; x_wconf 80' lang='grc' dir='ltr'><strong>καὶ</strong></span> <span class='ocrx_word' id='word_1_354' title='bbox 3286 2506 3503 2578; x_wconf 79' lang='grc' dir='ltr'>εῦηχος,</span> <span class='ocrx_word' id='word_1_355' title='bbox 3551 2503 3642 2561; x_wconf 77' lang='grc' dir='ltr'>ἀλλ’</span> 
     </span>
    </p>
   </div>
   <div class='ocr_carea' id='block_1_49' title="bbox 393 2589 1904 2674">
    <p class='ocr_par' dir='ltr' id='par_1_49' title="bbox 393 2589 1904 2666">
     <span class='ocr_line' id='line_1_49' title="bbox 393 2589 1904 2666; baseline 0.005 -24"><span class='ocrx_word' id='word_1_356' title='bbox 393 2589 616 2655; x_wconf 77' lang='lat' dir='ltr'><strong>faceret,</strong></span> <span class='ocrx_word' id='word_1_357' title='bbox 640 2606 745 2646; x_wconf 84' lang='lat' dir='ltr'><strong>non</strong></span> <span class='ocrx_word' id='word_1_358' title='bbox 772 2592 824 2646; x_wconf 91' lang='lat' dir='ltr'><strong>in</strong></span> <span class='ocrx_word' id='word_1_359' title='bbox 847 2602 1112 2663; x_wconf 87' lang='lat' dir='ltr'><strong>quantum</strong></span> <span class='ocrx_word' id='word_1_360' title='bbox 1136 2605 1367 2666; x_wconf 63' lang='lat' dir='ltr'><strong>compta:</strong></span> <span class='ocrx_word' id='word_1_361' title='bbox 1391 2596 1496 2650; x_wconf 70' lang='lat' dir='ltr'><strong>ille:</strong></span> <span class='ocrx_word' id='word_1_362' title='bbox 1513 2604 1697 2651; x_wconf 88' lang='lat' dir='ltr'><strong>essent</strong></span> <span class='ocrx_word' id='word_1_363' title='bbox 1715 2608 1771 2650; x_wconf 89' lang='lat' dir='ltr'><strong>et</strong></span> <span class='ocrx_word' id='word_1_364' title='bbox 1789 2597 1904 2666; x_wconf 78' lang='lat' dir='ltr'><strong>jllCl</strong></span> 
     </span>
    </p>
   </div>
   <div class='ocr_carea' id='block_1_50' title="bbox 2130 2589 3641 2674">
    <p class='ocr_par' dir='ltr' id='par_1_50' title="bbox 2130 2599 3641 2674">
     <span class='ocr_line' id='line_1_50' title="bbox 2130 2599 3641 2674; baseline -0.003 -19"><span class='ocrx_word' id='word_1_365' title='bbox 2130 2614 2196 2674; x_wconf 82' lang='grc' dir='ltr'><strong>ση</strong></span> <span class='ocrx_word' id='word_1_366' title='bbox 2221 2603 2423 2674; x_wconf 87' lang='grc' dir='ltr'>γνησία</span> <span class='ocrx_word' id='word_1_367' title='bbox 2444 2603 2690 2673; x_wconf 80' lang='grc' dir='ltr'><strong>σημᾶναι</strong></span> <span class='ocrx_word' id='word_1_368' title='bbox 2718 2600 2815 2655; x_wconf 75' lang='grc' dir='ltr'>καὶ</span> <span class='ocrx_word' id='word_1_369' title='bbox 2835 2600 3188 2672; x_wconf 73' lang='grc' dir='ltr'>παραστῆσαι</span> <span class='ocrx_word' id='word_1_370' title='bbox 3213 2599 3273 2653; x_wconf 73' lang='grc' dir='ltr'><strong>τὸ</strong></span> <span class='ocrx_word' id='word_1_371' title='bbox 3294 2603 3641 2671; x_wconf 78' lang='grc' dir='ltr'>προκείμενον.</span> 
     </span>
    </p>
   </div>
   <div class='ocr_carea' id='block_1_51' title="bbox 391 2682 1902 2766">
    <p class='ocr_par' dir='ltr' id='par_1_51' title="bbox 391 2682 1898 2757">
     <span class='ocr_line' id='line_1_51' title="bbox 391 2682 1898 2757; baseline 0.005 -23"><span class='ocrx_word' id='word_1_372' title='bbox 391 2682 474 2735; x_wconf 73' lang='lat' dir='ltr'><strong>da:</strong></span> <span class='ocrx_word' id='word_1_373' title='bbox 514 2684 743 2748; x_wconf 89' lang='lat' dir='ltr'><strong>auditu,</strong></span> <span class='ocrx_word' id='word_1_374' title='bbox 795 2686 889 2739; x_wconf 89' lang='lat' dir='ltr'><strong>sed</strong></span> <span class='ocrx_word' id='word_1_375' title='bbox 936 2685 989 2739; x_wconf 93' lang='lat' dir='ltr'><strong>in</strong></span> <span class='ocrx_word' id='word_1_376' title='bbox 1018 2696 1287 2756; x_wconf 83' lang='lat' dir='ltr'><strong>quantum</strong></span> <span class='ocrx_word' id='word_1_377' title='bbox 1328 2686 1397 2741; x_wconf 90' lang='lat' dir='ltr'><strong>ad</strong></span> <span class='ocrx_word' id='word_1_378' title='bbox 1433 2703 1549 2742; x_wconf 87' lang='lat' dir='ltr'><strong>rem</strong></span> <span class='ocrx_word' id='word_1_379' title='bbox 1590 2696 1739 2742; x_wconf 87' lang='lat' dir='ltr'><strong>recte</strong></span> <span class='ocrx_word' id='word_1_380' title='bbox 1778 2689 1898 2757; x_wconf 86' lang='lat' dir='ltr'><strong>sign</strong></span> 
     </span>
    </p>
   </div>
   <div class='ocr_carea' id='block_1_52' title="bbox 2129 2682 3640 2766">
    <p class='ocr_par' dir='ltr' id='par_1_52' title="bbox 2129 2691 3640 2766">
     <span class='ocr_line' id='line_1_52' title="bbox 2129 2691 3640 2766; baseline -0.005 -19"><span class='ocrx_word' id='word_1_381' title='bbox 2129 2695 2209 2748; x_wconf 67' lang='lat' dir='ltr'><strong>Lat</strong></span> <span class='ocrx_word' id='word_1_382' title='bbox 2225 2694 2325 2766; x_wconf 81' lang='grc' dir='ltr'>τὴν</span> <span class='ocrx_word' id='word_1_383' title='bbox 2347 2696 2531 2765; x_wconf 75' lang='grc' dir='ltr'>φωνὴν</span> <span class='ocrx_word' id='word_1_384' title='bbox 2550 2693 2756 2763; x_wconf 87' lang='grc' dir='ltr'>ταύτην</span> <span class='ocrx_word' id='word_1_385' title='bbox 2775 2691 3079 2758; x_wconf 87' lang='grc' dir='ltr'>συλλαϐὼν,</span> <span class='ocrx_word' id='word_1_386' title='bbox 3104 2692 3259 2763; x_wconf 76' lang='grc' dir='ltr'>φησὶ,</span> <span class='ocrx_word' id='word_1_387' title='bbox 3280 2712 3303 2745; x_wconf 73' lang='grc' dir='ltr'><strong>ε</strong></span> <span class='ocrx_word' id='word_1_388' title='bbox 3326 2691 3640 2763; x_wconf 73' lang='grc' dir='ltr'>Περίψημα,ι</span> 
     </span>
    </p>
   </div>
   <div class='ocr_carea' id='block_1_53' title="bbox 398 2775 1909 2857">
    <p class='ocr_par' dir='ltr' id='par_1_53' title="bbox 398 2775 1909 2850">
     <span class='ocr_line' id='line_1_53' title="bbox 398 2775 1909 2850; baseline 0.007 -25"><span class='ocrx_word' id='word_1_389' title='bbox 398 2775 631 2828; x_wconf 61' lang='lat' dir='ltr'><strong>«endam</strong></span> <span class='ocrx_word' id='word_1_390' title='bbox 664 2785 719 2830; x_wconf 92' lang='lat' dir='ltr'><strong>et</strong></span> <span class='ocrx_word' id='word_1_391' title='bbox 748 2778 1245 2847; x_wconf 74' lang='lat' dir='ltr'><strong>repraesentandam</strong></span> <span class='ocrx_word' id='word_1_392' title='bbox 1290 2782 1497 2850; x_wconf 87' lang='lat' dir='ltr'><strong>optime</strong></span> <span class='ocrx_word' id='word_1_393' title='bbox 1544 2788 1729 2835; x_wconf 86' lang='lat' dir='ltr'><strong>essent</strong></span> <span class='ocrx_word' id='word_1_394' title='bbox 1769 2789 1909 2835; x_wconf 77' lang='lat' dir='ltr'><strong>‘acco</strong></span> 
     </span>
    </p>
   </div>
   <div class='ocr_carea' id='block_1_54' title="bbox 2134 2775 3645 2857">
    <p class='ocr_par' dir='ltr' id='par_1_54' title="bbox 2134 2778 3645 2857">
     <span class='ocr_line' id='line_1_54' title="bbox 2134 2778 3645 2857; baseline -0.011 -7"><span class='ocrx_word' id='word_1_395' title='bbox 2134 2787 2235 2857; x_wconf 78' lang='grc' dir='ltr'>τρδς</span> <span class='ocrx_word' id='word_1_396' title='bbox 2272 2785 2596 2857; x_wconf 83' lang='grc' dir='ltr'>Κορινθίους</span> <span class='ocrx_word' id='word_1_397' title='bbox 2624 2786 2877 2856; x_wconf 84' lang='grc' dir='ltr'>γράφων,</span> <span class='ocrx_word' id='word_1_398' title='bbox 2916 2801 2935 2835; x_wconf 80' lang='grc' dir='ltr'><strong>ι</strong></span> <span class='ocrx_word' id='word_1_399' title='bbox 2972 2783 3192 2838; x_wconf 80' lang='grc' dir='ltr'>πάντων</span> <span class='ocrx_word' id='word_1_400' title='bbox 3224 2784 3510 2854; x_wconf 72' lang='grc' dir='ltr'>ἐγενόμην.</span> <span class='ocrx_word' id='word_1_401' title='bbox 3538 2778 3645 2852; x_wconf 72' lang='grc' dir='ltr'><strong>»Τῷ</strong></span> 
     </span>
    </p>
   </div>
   <div class='ocr_carea' id='block_1_55' title="bbox 396 2866 1907 2948">
    <p class='ocr_par' dir='ltr' id='par_1_55' title="bbox 396 2866 1897 2940">
     <span class='ocr_line' id='line_1_55' title="bbox 396 2866 1897 2940; baseline 0.007 -22"><span class='ocrx_word' id='word_1_402' title='bbox 396 2866 654 2923; x_wconf 69' lang='grc' dir='ltr'>ιιιοιιιιιιε.</span> <span class='ocrx_word' id='word_1_403' title='bbox 690 2868 890 2923; x_wconf 81' lang='lat' dir='ltr'><strong>Vocem</strong></span> <span class='ocrx_word' id='word_1_404' title='bbox 922 2870 1106 2940; x_wconf 88' lang='lat' dir='ltr'><strong>itaque</strong></span> <span class='ocrx_word' id='word_1_405' title='bbox 1150 2869 1421 2939; x_wconf 89' lang='lat' dir='ltr'><strong>ejusmodi</strong></span> <span class='ocrx_word' id='word_1_406' title='bbox 1473 2870 1531 2925; x_wconf 88' lang='lat' dir='ltr'><strong>h.</strong></span> <span class='ocrx_word' id='word_1_407' title='bbox 1577 2871 1617 2926; x_wconf 91' lang='grc' dir='ltr'><strong>Ι.</strong></span> <span class='ocrx_word' id='word_1_408' title='bbox 1652 2872 1897 2940; x_wconf 73' lang='lat' dir='ltr'><strong>deligens</strong></span> 
     </span>
    </p>
   </div>
   <div class='ocr_carea' id='block_1_56' title="bbox 2134 2866 3645 2948">
    <p class='ocr_par' dir='ltr' id='par_1_56' title="bbox 2134 2870 3645 2948">
     <span class='ocr_line' id='line_1_56' title="bbox 2134 2870 3645 2948; baseline 0 -20"><span class='ocrx_word' id='word_1_409' title='bbox 2134 2892 2207 2930; x_wconf 54' lang='grc' dir='ltr'>»τι</span> <span class='ocrx_word' id='word_1_410' title='bbox 2239 2876 2350 2947; x_wconf 81' lang='grc' dir='ltr'>γὰρ</span> <span class='ocrx_word' id='word_1_411' title='bbox 2389 2876 2469 2941; x_wconf 84' lang='grc' dir='ltr'>ὠς</span> <span class='ocrx_word' id='word_1_412' title='bbox 2517 2877 2735 2931; x_wconf 82' lang='grc' dir='ltr'>πάντων</span> <span class='ocrx_word' id='word_1_413' title='bbox 2790 2875 3085 2948; x_wconf 77' lang='grc' dir='ltr'>περίψημα</span> <span class='ocrx_word' id='word_1_414' title='bbox 3126 2874 3272 2928; x_wconf 76' lang='grc' dir='ltr'>οὕτω</span> <span class='ocrx_word' id='word_1_415' title='bbox 3331 2874 3418 2930; x_wconf 80' lang='grc' dir='ltr'>διὰ</span> <span class='ocrx_word' id='word_1_416' title='bbox 3476 2870 3645 2936; x_wconf 74' lang='grc' dir='ltr'>παντὸς</span> 
     </span>
    </p>
   </div>
   <div class='ocr_carea' id='block_1_57' title="bbox 388 2959 1899 3040">
    <p class='ocr_par' dir='ltr' id='par_1_57' title="bbox 388 2959 1899 3035">
     <span class='ocr_line' id='line_1_57' title="bbox 388 2959 1899 3035; baseline 0.003 -23"><span class='ocrx_word' id='word_1_417' title='bbox 388 2959 709 3016; x_wconf 81' lang='lat' dir='ltr'><strong>Corinthios</strong></span> <span class='ocrx_word' id='word_1_418' title='bbox 741 2962 936 3018; x_wconf 87' lang='lat' dir='ltr'><strong>scribit</strong></span> <span class='ocrx_word' id='word_1_419' title='bbox 966 2979 981 3017; x_wconf 91' lang='lat'><strong>:</strong></span> <span class='ocrx_word' id='word_1_420' title='bbox 1023 2981 1044 3016; x_wconf 79' lang='grc' dir='ltr'><strong>ι</strong></span> <span class='ocrx_word' id='word_1_421' title='bbox 1079 2962 1343 3019; x_wconf 89' lang='lat' dir='ltr'><strong>Omnium</strong></span> <span class='ocrx_word' id='word_1_422' title='bbox 1375 2964 1555 3019; x_wconf 82' lang='lat' dir='ltr'><strong>factus</strong></span> <span class='ocrx_word' id='word_1_423' title='bbox 1587 2980 1709 3019; x_wconf 93' lang='lat' dir='ltr'><strong>sum</strong></span> <span class='ocrx_word' id='word_1_424' title='bbox 1744 2964 1899 3035; x_wconf 86' lang='lat' dir='ltr'><strong>perip</strong></span> 
     </span>
    </p>
   </div>
   <div class='ocr_carea' id='block_1_58' title="bbox 2135 2959 3646 3040">
    <p class='ocr_par' dir='ltr' id='par_1_58' title="bbox 2135 2966 3646 3040">
     <span class='ocr_line' id='line_1_58' title="bbox 2135 2966 3646 3040; baseline -0.003 -18"><span class='ocrx_word' id='word_1_425' title='bbox 2135 2985 2336 3040; x_wconf 84' lang='grc' dir='ltr'>πασχεν</span> <span class='ocrx_word' id='word_1_426' title='bbox 2391 2968 2488 3022; x_wconf 79' lang='grc' dir='ltr'>καὶ</span> <span class='ocrx_word' id='word_1_427' title='bbox 2541 2968 2995 3036; x_wconf 73' lang='grc' dir='ltr'>ἐταλαιπωρεῖτο,</span> <span class='ocrx_word' id='word_1_428' title='bbox 3037 2966 3136 3020; x_wconf 74' lang='grc' dir='ltr'>καὶ</span> <span class='ocrx_word' id='word_1_429' title='bbox 3180 2968 3299 3030; x_wconf 91' lang='grc' dir='ltr'>τοῖς</span> <span class='ocrx_word' id='word_1_430' title='bbox 3326 2966 3513 3029; x_wconf 84' lang='grc' dir='ltr'>δεινοῖς</span> <span class='ocrx_word' id='word_1_431' title='bbox 3535 2979 3646 3019; x_wconf 81' lang='grc' dir='ltr'>κατο</span> 
     </span>
    </p>
   </div>
   <div class='ocr_carea' id='block_1_59' title="bbox 388 3046 1899 3131">
    <p class='ocr_par' dir='ltr' id='par_1_59' title="bbox 388 3053 1899 3127">
     <span class='ocr_line' id='line_1_59' title="bbox 388 3053 1899 3127; baseline 0.005 -24"><span class='ocrx_word' id='word_1_432' title='bbox 388 3067 475 3106; x_wconf 72' lang='grc' dir='ltr'>ιιιο</span> <span class='ocrx_word' id='word_1_433' title='bbox 496 3053 564 3107; x_wconf 81' lang='grc'><strong>³⁵.</strong></span> <span class='ocrx_word' id='word_1_434' title='bbox 605 3072 625 3107; x_wconf 76' lang='grc' dir='ltr'><strong>ι</strong></span> <span class='ocrx_word' id='word_1_435' title='bbox 672 3053 810 3111; x_wconf 88' lang='lat' dir='ltr'><strong>Vere</strong></span> <span class='ocrx_word' id='word_1_436' title='bbox 862 3056 1042 3123; x_wconf 90' lang='lat' dir='ltr'><strong>enim,</strong></span> <span class='ocrx_word' id='word_1_437' title='bbox 1085 3065 1344 3127; x_wconf 87' lang='lat' dir='ltr'><strong>tanquam</strong></span> <span class='ocrx_word' id='word_1_438' title='bbox 1396 3057 1624 3113; x_wconf 82' lang='lat' dir='ltr'><strong>victima</strong></span> <span class='ocrx_word' id='word_1_439' title='bbox 1692 3057 1899 3127; x_wconf 88' lang='lat' dir='ltr'><strong>piacula</strong></span> 
     </span>
    </p>
   </div>
   <div class='ocr_carea' id='block_1_60' title="bbox 2134 3046 3645 3131">
    <p class='ocr_par' dir='ltr' id='par_1_60' title="bbox 2134 3053 3645 3131">
     <span class='ocr_line' id='line_1_60' title="bbox 2134 3053 3645 3131; baseline -0.003 -19"><span class='ocrx_word' id='word_1_440' title='bbox 2134 3060 2352 3115; x_wconf 81' lang='grc' dir='ltr'>τείνετο.</span> <span class='ocrx_word' id='word_1_441' title='bbox 2395 3060 2499 3114; x_wconf 87' lang='grc' dir='ltr'>Ἐῶ</span> <span class='ocrx_word' id='word_1_442' title='bbox 2526 3058 2717 3116; x_wconf 83' lang='grc' dir='ltr'>τᾶλλα.</span> <span class='ocrx_word' id='word_1_443' title='bbox 2743 3061 2854 3113; x_wconf 71' lang='grc' dir='ltr'>Καὶ</span> <span class='ocrx_word' id='word_1_444' title='bbox 2875 3058 2986 3130; x_wconf 81' lang='grc' dir='ltr'><strong>γὰρ</strong></span> <span class='ocrx_word' id='word_1_445' title='bbox 3010 3059 3253 3131; x_wconf 82' lang='grc' dir='ltr'>εὑρίσκω</span> <span class='ocrx_word' id='word_1_446' title='bbox 3301 3058 3483 3129; x_wconf 79' lang='grc' dir='ltr'>φωνὴν</span> <span class='ocrx_word' id='word_1_447' title='bbox 3509 3053 3645 3110; x_wconf 74' lang='grc' dir='ltr'>αὐτοῦ</span> 
     </span>
    </p>
   </div>
   <div class='ocr_carea' id='block_1_61' title="bbox 386 3134 1897 3224">
    <p class='ocr_par' dir='ltr' id='par_1_61' title="bbox 386 3144 1895 3219">
     <span class='ocr_line' id='line_1_61' title="bbox 386 3144 1895 3219; baseline 0.005 -23"><span class='ocrx_word' id='word_1_448' title='bbox 386 3144 663 3208; x_wconf 86' lang='lat' dir='ltr'><strong>omnium,</strong></span> <span class='ocrx_word' id='word_1_449' title='bbox 694 3148 879 3201; x_wconf 86' lang='lat' dir='ltr'><strong>omnia</strong></span> <span class='ocrx_word' id='word_1_450' title='bbox 918 3149 1294 3203; x_wconf 81' lang='lat' dir='ltr'><strong>calamitatum</strong></span> <span class='ocrx_word' id='word_1_451' title='bbox 1340 3165 1539 3219; x_wconf 78' lang='lat' dir='ltr'><strong>genera</strong></span> <span class='ocrx_word' id='word_1_452' title='bbox 1569 3151 1895 3213; x_wconf 82' lang='lat' dir='ltr'><strong>sustinebat,</strong></span> 
     </span>
    </p>
   </div>
   <div class='ocr_carea' id='block_1_62' title="bbox 2138 3134 3649 3224">
    <p class='ocr_par' dir='ltr' id='par_1_62' title="bbox 2138 3134 3649 3224">
     <span class='ocr_line' id='line_1_62' title="bbox 2138 3134 3649 3224; baseline -0.005 -17"><span class='ocrx_word' id='word_1_453' title='bbox 2138 3153 2305 3208; x_wconf 86' lang='grc' dir='ltr'>ιείνου</span> <span class='ocrx_word' id='word_1_454' title='bbox 2337 3152 2450 3207; x_wconf 88' lang='grc' dir='ltr'><strong>τῶν</strong></span> <span class='ocrx_word' id='word_1_455' title='bbox 2475 3153 2653 3208; x_wconf 74' lang='grc' dir='ltr'>ἄλλων</span> <span class='ocrx_word' id='word_1_456' title='bbox 2696 3153 2957 3208; x_wconf 78' lang='grc' dir='ltr'>ἁπάντων</span> <span class='ocrx_word' id='word_1_457' title='bbox 3001 3153 3341 3224; x_wconf 78' lang='grc' dir='ltr'>ἀντίρροπον</span> <span class='ocrx_word' id='word_1_458' title='bbox 3361 3167 3376 3181; x_wconf 86' lang='grc'><strong>·</strong></span> <span class='ocrx_word' id='word_1_459' title='bbox 3414 3168 3432 3203; x_wconf 82' lang='grc' dir='ltr'><strong>ι</strong></span> <span class='ocrx_word' id='word_1_460' title='bbox 3467 3134 3545 3219; x_wconf 77' lang='grc' dir='ltr'><strong>Νὴ</strong></span> <span class='ocrx_word' id='word_1_461' title='bbox 3567 3148 3649 3218; x_wconf 77' lang='grc' dir='ltr'><strong>τὴν</strong></span> 
     </span>
    </p>
   </div>
   <div class='ocr_carea' id='block_1_63' title="bbox 388 3236 1899 3317">
    <p class='ocr_par' dir='ltr' id='par_1_63' title="bbox 388 3236 1899 3312">
     <span class='ocr_line' id='line_1_63' title="bbox 388 3236 1899 3312; baseline 0.006 -26"><span class='ocrx_word' id='word_1_462' title='bbox 388 3236 719 3301; x_wconf 71' lang='lat' dir='ltr'><strong>vexabatur,</strong></span> <span class='ocrx_word' id='word_1_463' title='bbox 796 3248 850 3293; x_wconf 90' lang='lat' dir='ltr'><strong>et</strong></span> <span class='ocrx_word' id='word_1_464' title='bbox 909 3239 1208 3295; x_wconf 81' lang='lat' dir='ltr'><strong>durissima</strong></span> <span class='ocrx_word' id='word_1_465' title='bbox 1278 3257 1509 3312; x_wconf 67' lang='lat' dir='ltr'><strong>quaeque</strong></span> <span class='ocrx_word' id='word_1_466' title='bbox 1559 3242 1899 3311; x_wconf 48' lang='lat' dir='ltr'><strong>perpetiebat‘</strong></span> 
     </span>
    </p>
   </div>
   <div class='ocr_carea' id='block_1_64' title="bbox 2136 3236 3647 3317">
    <p class='ocr_par' dir='ltr' id='par_1_64' title="bbox 2136 3240 3647 3317">
     <span class='ocr_line' id='line_1_64' title="bbox 2136 3240 3647 3317; baseline 0 -18"><span class='ocrx_word' id='word_1_467' title='bbox 2136 3246 2369 3317; x_wconf 85' lang='grc' dir='ltr'>μετέραν</span> <span class='ocrx_word' id='word_1_468' title='bbox 2417 3247 2688 3317; x_wconf 80' lang='grc' dir='ltr'>καύχησιν</span> <span class='ocrx_word' id='word_1_469' title='bbox 2736 3246 2858 3301; x_wconf 88' lang='grc' dir='ltr'>καθ’</span> <span class='ocrx_word' id='word_1_470' title='bbox 2891 3245 3131 3316; x_wconf 78' lang='grc' dir='ltr'>ἑκάστην</span> <span class='ocrx_word' id='word_1_471' title='bbox 3178 3244 3401 3316; x_wconf 79' lang='grc' dir='ltr'>ἡμέραν</span> <span class='ocrx_word' id='word_1_472' title='bbox 3442 3240 3647 3311; x_wconf 60' lang='grc' dir='ltr'>ἀποθνήδ</span> 
     </span>
    </p>
   </div>
   <div class='ocr_carea' id='block_1_65' title="bbox 386 3327 1897 3411">
    <p class='ocr_par' dir='ltr' id='par_1_65' title="bbox 386 3327 1894 3404">
     <span class='ocr_line' id='line_1_65' title="bbox 386 3327 1894 3404; baseline 0.005 -24"><span class='ocrx_word' id='word_1_473' title='bbox 386 3327 542 3382; x_wconf 73' lang='lat' dir='ltr'><strong>Mitto</strong></span> <span class='ocrx_word' id='word_1_474' title='bbox 591 3331 721 3384; x_wconf 89' lang='lat' dir='ltr'><strong>alia.</strong></span> <span class='ocrx_word' id='word_1_475' title='bbox 775 3330 996 3385; x_wconf 87' lang='lat' dir='ltr'><strong>Invenio</strong></span> <span class='ocrx_word' id='word_1_476' title='bbox 1031 3347 1161 3387; x_wconf 90' lang='lat' dir='ltr'><strong>vero</strong></span> <span class='ocrx_word' id='word_1_477' title='bbox 1199 3343 1255 3388; x_wconf 88' lang='lat' dir='ltr'><strong>et</strong></span> <span class='ocrx_word' id='word_1_478' title='bbox 1300 3334 1463 3388; x_wconf 89' lang='lat' dir='ltr'><strong>aliam</strong></span> <span class='ocrx_word' id='word_1_479' title='bbox 1502 3334 1748 3404; x_wconf 89' lang='lat' dir='ltr'><strong>ejusdem</strong></span> <span class='ocrx_word' id='word_1_480' title='bbox 1784 3334 1894 3389; x_wconf 80' lang='lat' dir='ltr'><strong>dict</strong></span> 
     </span>
    </p>
   </div>
   <div class='ocr_carea' id='block_1_66' title="bbox 2135 3327 3646 3411">
    <p class='ocr_par' dir='ltr' id='par_1_66' title="bbox 2135 3334 3646 3411">
     <span class='ocr_line' id='line_1_66' title="bbox 2135 3334 3646 3411; baseline -0.005 -20"><span class='ocrx_word' id='word_1_481' title='bbox 2135 3356 2227 3392; x_wconf 75' lang='grc' dir='ltr'><strong>κω.</strong></span> <span class='ocrx_word' id='word_1_482' title='bbox 2243 3356 2262 3391; x_wconf 72' lang='grc' dir='ltr'><strong>ι</strong></span> <span class='ocrx_word' id='word_1_483' title='bbox 2282 3339 2451 3411; x_wconf 82' lang='grc' dir='ltr'>Ὁρᾷς</span> <span class='ocrx_word' id='word_1_484' title='bbox 2473 3339 2622 3402; x_wconf 82' lang='grc' dir='ltr'>ὅπως</span> <span class='ocrx_word' id='word_1_485' title='bbox 2645 3334 2715 3410; x_wconf 80' lang='grc' dir='ltr'><strong>ἦν</strong></span> <span class='ocrx_word' id='word_1_486' title='bbox 2753 3340 2972 3394; x_wconf 84' lang='grc' dir='ltr'>πάντων</span> <span class='ocrx_word' id='word_1_487' title='bbox 2990 3337 3317 3410; x_wconf 74' lang='grc' dir='ltr'>καθάρσιον,</span> <span class='ocrx_word' id='word_1_488' title='bbox 3332 3336 3427 3391; x_wconf 79' lang='grc' dir='ltr'><strong>καὶ</strong></span> <span class='ocrx_word' id='word_1_489' title='bbox 3459 3335 3646 3405; x_wconf 84' lang='grc' dir='ltr'>ἱερεῖον,</span> 
     </span>
    </p>
   </div>
   <div class='ocr_carea' id='block_1_67' title="bbox 387 3423 1898 3503">
    <p class='ocr_par' dir='ltr' id='par_1_67' title="bbox 387 3423 1898 3495">
     <span class='ocr_line' id='line_1_67' title="bbox 387 3423 1898 3495; baseline 0.007 -26"><span class='ocrx_word' id='word_1_490' title='bbox 387 3432 547 3482; x_wconf 86' lang='lat' dir='ltr'><strong>nem,</strong></span> <span class='ocrx_word' id='word_1_491' title='bbox 601 3435 725 3473; x_wconf 89' lang='lat' dir='ltr'><strong>cum</strong></span> <span class='ocrx_word' id='word_1_492' title='bbox 774 3423 991 3476; x_wconf 68' lang='lat' dir='ltr'><strong>caeteris</strong></span> <span class='ocrx_word' id='word_1_493' title='bbox 1010 3424 1276 3479; x_wconf 86' lang='lat' dir='ltr'><strong>omnibus</strong></span> <span class='ocrx_word' id='word_1_494' title='bbox 1306 3425 1737 3495; x_wconf 86' lang='lat' dir='ltr'><strong>comparandam</strong></span> <span class='ocrx_word' id='word_1_495' title='bbox 1773 3439 1788 3478; x_wconf 89' lang='lat'><strong>:</strong></span> <span class='ocrx_word' id='word_1_496' title='bbox 1828 3442 1846 3477; x_wconf 74' lang='grc' dir='ltr'><strong>ι</strong></span> <span class='ocrx_word' id='word_1_497' title='bbox 1882 3424 1898 3479; x_wconf 91' lang='grc' dir='ltr'><strong>Ι</strong></span> 
     </span>
    </p>
   </div>
   <div class='ocr_carea' id='block_1_68' title="bbox 2136 3423 3647 3503">
    <p class='ocr_par' dir='ltr' id='par_1_68' title="bbox 2136 3425 3647 3503">
     <span class='ocr_line' id='line_1_68' title="bbox 2136 3425 3647 3503; baseline -0.004 -19"><span class='ocrx_word' id='word_1_498' title='bbox 2136 3433 2185 3485; x_wconf 72' lang='grc' dir='ltr'>αὶ</span> <span class='ocrx_word' id='word_1_499' title='bbox 2226 3449 2246 3483; x_wconf 79' lang='grc' dir='ltr'><strong>ι</strong></span> <span class='ocrx_word' id='word_1_500' title='bbox 2276 3432 2590 3503; x_wconf 74' lang='grc' dir='ltr'>περίψημα.</span> <span class='ocrx_word' id='word_1_501' title='bbox 2629 3449 2650 3485; x_wconf 69' lang='grc' dir='ltr'><strong>ι</strong></span> <span class='ocrx_word' id='word_1_502' title='bbox 2684 3431 2820 3485; x_wconf 81' lang='grc' dir='ltr'>Οὐδὲ</span> <span class='ocrx_word' id='word_1_503' title='bbox 2855 3431 2966 3502; x_wconf 78' lang='grc' dir='ltr'><strong>γὰρ</strong></span> <span class='ocrx_word' id='word_1_504' title='bbox 2991 3432 3141 3502; x_wconf 72' lang='grc' dir='ltr'>ὑπὲρ»</span> <span class='ocrx_word' id='word_1_505' title='bbox 3187 3428 3467 3499; x_wconf 84' lang='grc' dir='ltr'>Ἰουδαίων</span> <span class='ocrx_word' id='word_1_506' title='bbox 3512 3425 3647 3497; x_wconf 76' lang='grc' dir='ltr'>μόνον</span> 
     </span>
    </p>
   </div>
   <div class='ocr_carea' id='block_1_69' title="bbox 388 3513 1899 3593">
    <p class='ocr_par' dir='ltr' id='par_1_69' title="bbox 388 3513 1899 3592">
     <span class='ocr_line' id='line_1_69' title="bbox 388 3513 1899 3592; baseline 0.007 -28"><span class='ocrx_word' id='word_1_507' title='bbox 388 3513 775 3580; x_wconf 73' lang='lat' dir='ltr'><strong>gloriationem</strong></span> <span class='ocrx_word' id='word_1_508' title='bbox 806 3527 1053 3592; x_wconf 88' lang='lat' dir='ltr'><strong>nostram</strong></span> <span class='ocrx_word' id='word_1_509' title='bbox 1100 3519 1153 3572; x_wconf 92' lang='lat' dir='ltr'><strong>in</strong></span> <span class='ocrx_word' id='word_1_510' title='bbox 1187 3519 1305 3573; x_wconf 90' lang='lat' dir='ltr'><strong>dies</strong></span> <span class='ocrx_word' id='word_1_511' title='bbox 1338 3520 1570 3573; x_wconf 83' lang='lat' dir='ltr'><strong>nmrior.</strong></span> <span class='ocrx_word' id='word_1_512' title='bbox 1607 3538 1627 3572; x_wconf 73' lang='grc' dir='ltr'><strong>ι</strong></span> <span class='ocrx_word' id='word_1_513' title='bbox 1676 3519 1838 3575; x_wconf 83' lang='lat' dir='ltr'><strong>Vides</strong></span> <span class='ocrx_word' id='word_1_514' title='bbox 1873 3535 1899 3574; x_wconf 79' lang='grc' dir='ltr'><strong>ιι</strong></span> 
     </span>
    </p>
   </div>
   <div class='ocr_carea' id='block_1_70' title="bbox 2136 3513 3647 3593">
    <p class='ocr_par' dir='ltr' id='par_1_70' title="bbox 2136 3516 3647 3593">
     <span class='ocr_line' id='line_1_70' title="bbox 2136 3516 3647 3593; baseline -0.005 -19"><span class='ocrx_word' id='word_1_515' title='bbox 2136 3520 2452 3593; x_wconf 72' lang='grc' dir='ltr'>πυρπολεῖτο</span> <span class='ocrx_word' id='word_1_516' title='bbox 2480 3523 2549 3576; x_wconf 82' lang='grc' dir='ltr'>τὰ</span> <span class='ocrx_word' id='word_1_517' title='bbox 2580 3520 2746 3588; x_wconf 77' lang='grc' dir='ltr'>ἔνδον,</span> <span class='ocrx_word' id='word_1_518' title='bbox 2776 3521 2871 3576; x_wconf 76' lang='grc' dir='ltr'>καὶ</span> <span class='ocrx_word' id='word_1_519' title='bbox 2913 3520 3205 3592; x_wconf 77' lang='grc' dir='ltr'>ἐφλέγετο,</span> <span class='ocrx_word' id='word_1_520' title='bbox 3234 3519 3337 3573; x_wconf 73' lang='grc' dir='ltr'>καὶ</span> <span class='ocrx_word' id='word_1_521' title='bbox 3381 3518 3451 3572; x_wconf 79' lang='grc' dir='ltr'>τὰ</span> <span class='ocrx_word' id='word_1_522' title='bbox 3504 3516 3647 3587; x_wconf 84' lang='grc' dir='ltr'>μυρία</span> 
     </span>
    </p>
   </div>
   <div class='ocr_carea' id='block_1_71' title="bbox 388 3607 1899 3688">
    <p class='ocr_par' dir='ltr' id='par_1_71' title="bbox 388 3607 1899 3679">
     <span class='ocr_line' id='line_1_71' title="bbox 388 3607 1899 3679; baseline 0.006 -24"><span class='ocrx_word' id='word_1_523' title='bbox 388 3618 520 3672; x_wconf 91' lang='lat' dir='ltr'><strong>que,</strong></span> <span class='ocrx_word' id='word_1_524' title='bbox 582 3607 861 3673; x_wconf 89' lang='lat' dir='ltr'><strong>quomodo</strong></span> <span class='ocrx_word' id='word_1_525' title='bbox 876 3608 1125 3663; x_wconf 90' lang='lat' dir='ltr'><strong>omnium</strong></span> <span class='ocrx_word' id='word_1_526' title='bbox 1154 3609 1319 3663; x_wconf 78' lang='lat' dir='ltr'><strong>fuerit</strong></span> <span class='ocrx_word' id='word_1_527' title='bbox 1351 3610 1627 3679; x_wconf 90' lang='lat' dir='ltr'><strong>piaculum</strong></span> <span class='ocrx_word' id='word_1_528' title='bbox 1658 3620 1711 3665; x_wconf 86' lang='lat' dir='ltr'><strong>et</strong></span> <span class='ocrx_word' id='word_1_529' title='bbox 1741 3610 1899 3666; x_wconf 86' lang='lat' dir='ltr'><strong>vietin</strong></span> 
     </span>
    </p>
   </div>
   <div class='ocr_carea' id='block_1_72' title="bbox 2135 3607 3646 3688">
    <p class='ocr_par' dir='ltr' id='par_1_72' title="bbox 2135 3608 3646 3688">
     <span class='ocr_line' id='line_1_72' title="bbox 2135 3608 3646 3688; baseline -0.003 -22"><span class='ocrx_word' id='word_1_530' title='bbox 2135 3613 2287 3678; x_wconf 71' lang='grc' dir='ltr'>ξωθεν</span> <span class='ocrx_word' id='word_1_531' title='bbox 2318 3614 2579 3685; x_wconf 72' lang='grc' dir='ltr'>ἔπασχεν.</span> <span class='ocrx_word' id='word_1_532' title='bbox 2602 3612 2728 3669; x_wconf 75' lang='grc' dir='ltr'><strong>Οὐδ’</strong></span> <span class='ocrx_word' id='word_1_533' title='bbox 2761 3615 2903 3688; x_wconf 80' lang='grc' dir='ltr'>ὑπὲρ</span> <span class='ocrx_word' id='word_1_534' title='bbox 2933 3613 3235 3684; x_wconf 76' lang='grc' dir='ltr'>συγγενῶν,</span> <span class='ocrx_word' id='word_1_535' title='bbox 3258 3612 3403 3666; x_wconf 81' lang='grc' dir='ltr'>ἀλλὰ</span> <span class='ocrx_word' id='word_1_536' title='bbox 3425 3612 3514 3666; x_wconf 70' lang='grc' dir='ltr'>καὶ</span> <span class='ocrx_word' id='word_1_537' title='bbox 3529 3608 3646 3677; x_wconf 81' lang='grc' dir='ltr'>ὑπὲρ</span> 
     </span>
    </p>
   </div>
   <div class='ocr_carea' id='block_1_73' title="bbox 388 3697 1899 3780">
    <p class='ocr_par' dir='ltr' id='par_1_73' title="bbox 388 3697 1899 3773">
     <span class='ocr_line' id='line_1_73' title="bbox 388 3697 1899 3773; baseline 0.007 -25"><span class='ocrx_word' id='word_1_538' title='bbox 388 3704 443 3748; x_wconf 88' lang='lat' dir='ltr'><strong>et</strong></span> <span class='ocrx_word' id='word_1_539' title='bbox 470 3697 788 3767; x_wconf 78' lang='lat' dir='ltr'><strong>peripuma.</strong></span> <span class='ocrx_word' id='word_1_540' title='bbox 814 3698 1005 3770; x_wconf 88' lang='lat' dir='ltr'><strong>Neque</strong></span> <span class='ocrx_word' id='word_1_541' title='bbox 1034 3702 1181 3757; x_wconf 90' lang='lat' dir='ltr'><strong>enim</strong></span> <span class='ocrx_word' id='word_1_542' title='bbox 1227 3717 1329 3773; x_wconf 86' lang='lat' dir='ltr'><strong>pro</strong></span> <span class='ocrx_word' id='word_1_543' title='bbox 1354 3700 1559 3757; x_wconf 66' lang='lat' dir='ltr'><strong>Iudaeis</strong></span> <span class='ocrx_word' id='word_1_544' title='bbox 1608 3703 1785 3758; x_wconf 89' lang='lat' dir='ltr'><strong>solum</strong></span> <span class='ocrx_word' id='word_1_545' title='bbox 1836 3704 1899 3758; x_wconf 72' lang='lat' dir='ltr'><strong>ini</strong></span> 
     </span>
    </p>
   </div>
   <div class='ocr_carea' id='block_1_74' title="bbox 2136 3697 3647 3780">
    <p class='ocr_par' dir='ltr' id='par_1_74' title="bbox 2136 3700 3647 3780">
     <span class='ocr_line' id='line_1_74' title="bbox 2136 3700 3647 3780; baseline -0.003 -20"><span class='ocrx_word' id='word_1_546' title='bbox 2136 3706 2368 3778; x_wconf 68' lang='grc' dir='ltr'>Ελλήνων</span> <span class='ocrx_word' id='word_1_547' title='bbox 2392 3709 2489 3762; x_wconf 77' lang='grc' dir='ltr'><strong>καὶ</strong></span> <span class='ocrx_word' id='word_1_548' title='bbox 2516 3706 2832 3780; x_wconf 85' lang='grc' dir='ltr'>βαρϐάρων,</span> <span class='ocrx_word' id='word_1_549' title='bbox 2863 3705 2960 3762; x_wconf 73' lang='grc' dir='ltr'><strong>καὶ</strong></span> <span class='ocrx_word' id='word_1_550' title='bbox 2987 3706 3207 3760; x_wconf 82' lang='grc' dir='ltr'>πάντων</span> <span class='ocrx_word' id='word_1_551' title='bbox 3238 3704 3433 3758; x_wconf 76' lang='grc' dir='ltr'>ἅπλῶς</span> <span class='ocrx_word' id='word_1_552' title='bbox 3463 3700 3647 3771; x_wconf 64' lang='lat' dir='ltr'><strong>avﬁpti»</strong></span> 
     </span>
    </p>
   </div>
   <div class='ocr_carea' id='block_1_75' title="bbox 390 3789 1901 3865">
    <p class='ocr_par' dir='ltr' id='par_1_75' title="bbox 390 3789 1901 3865">
     <span class='ocr_line' id='line_1_75' title="bbox 390 3789 1901 3865; baseline 0.006 -25"><span class='ocrx_word' id='word_1_553' title='bbox 390 3802 450 3841; x_wconf 89' lang='lat' dir='ltr'><strong>se</strong></span> <span class='ocrx_word' id='word_1_554' title='bbox 486 3789 747 3843; x_wconf 86' lang='lat' dir='ltr'><strong>urebatur</strong></span> <span class='ocrx_word' id='word_1_555' title='bbox 776 3797 832 3845; x_wconf 90' lang='lat' dir='ltr'><strong>et</strong></span> <span class='ocrx_word' id='word_1_556' title='bbox 866 3791 1116 3859; x_wconf 86' lang='lat' dir='ltr'><strong>ardebat,</strong></span> <span class='ocrx_word' id='word_1_557' title='bbox 1146 3792 1393 3864; x_wconf 82' lang='lat' dir='ltr'><strong>forisque</strong></span> <span class='ocrx_word' id='word_1_558' title='bbox 1445 3793 1655 3850; x_wconf 85' lang='lat' dir='ltr'><strong>inﬁnita</strong></span> <span class='ocrx_word' id='word_1_559' title='bbox 1690 3795 1828 3850; x_wconf 87' lang='lat' dir='ltr'><strong>mala</strong></span> <span class='ocrx_word' id='word_1_560' title='bbox 1882 3810 1901 3865; x_wconf 78' lang='grc' dir='ltr'><strong>ι</strong></span> 
     </span>
    </p>
   </div>
   <div class='ocr_carea' id='block_1_76' title="bbox 2134 3789 3645 3865">
    <p class='ocr_par' dir='ltr' id='par_1_76' title="bbox 2134 3790 3645 3865">
     <span class='ocr_line' id='line_1_76' title="bbox 2134 3790 3645 3865; baseline -0.008 -11"><span class='ocrx_word' id='word_1_561' title='bbox 2134 3814 2226 3865; x_wconf 87' lang='grc' dir='ltr'><strong>ων,</strong></span> <span class='ocrx_word' id='word_1_562' title='bbox 2269 3799 2323 3852; x_wconf 83' lang='grc' dir='ltr'><strong>εί</strong></span> <span class='ocrx_word' id='word_1_563' title='bbox 2343 3797 2462 3863; x_wconf 83' lang='grc' dir='ltr'>πώς</span> <span class='ocrx_word' id='word_1_564' title='bbox 2489 3816 2632 3865; x_wconf 86' lang='grc' dir='ltr'>τινα,</span> <span class='ocrx_word' id='word_1_565' title='bbox 2665 3799 2741 3863; x_wconf 86' lang='grc' dir='ltr'><strong>ὡς</strong></span> <span class='ocrx_word' id='word_1_566' title='bbox 2768 3799 2931 3863; x_wconf 81' lang='grc' dir='ltr'>αὐτὸς</span> <span class='ocrx_word' id='word_1_567' title='bbox 2967 3797 3117 3863; x_wconf 75' lang='grc' dir='ltr'>ἐϐόα,</span> <span class='ocrx_word' id='word_1_568' title='bbox 3153 3796 3439 3850; x_wconf 83' lang='grc' dir='ltr'>διασώσει.</span> <span class='ocrx_word' id='word_1_569' title='bbox 3472 3790 3645 3845; x_wconf 79' lang='grc' dir='ltr'>Ὃτοί-</span> 
     </span>
    </p>
   </div>
   <div class='ocr_carea' id='block_1_77' title="bbox 390 3878 1901 3961">
    <p class='ocr_par' dir='ltr' id='par_1_77' title="bbox 390 3879 1901 3958">
     <span class='ocr_line' id='line_1_77' title="bbox 390 3879 1901 3958; baseline 0.008 -27"><span class='ocrx_word' id='word_1_570' title='bbox 390 3879 660 3945; x_wconf 74' lang='lat' dir='ltr'><strong>tiebatur,</strong></span> <span class='ocrx_word' id='word_1_571' title='bbox 697 3898 875 3951; x_wconf 89' lang='lat' dir='ltr'><strong>neque</strong></span> <span class='ocrx_word' id='word_1_572' title='bbox 924 3898 1024 3953; x_wconf 86' lang='lat' dir='ltr'><strong>pro</strong></span> <span class='ocrx_word' id='word_1_573' title='bbox 1056 3886 1304 3956; x_wconf 85' lang='lat' dir='ltr'><strong>cegnatis</strong></span> <span class='ocrx_word' id='word_1_574' title='bbox 1336 3895 1585 3951; x_wconf 84' lang='lat' dir='ltr'><strong>tantum,</strong></span> <span class='ocrx_word' id='word_1_575' title='bbox 1633 3887 1729 3943; x_wconf 91' lang='lat' dir='ltr'><strong>sed</strong></span> <span class='ocrx_word' id='word_1_576' title='bbox 1784 3897 1842 3943; x_wconf 88' lang='lat' dir='ltr'><strong>et</strong></span> <span class='ocrx_word' id='word_1_577' title='bbox 1884 3903 1901 3958; x_wconf 79' lang='grc' dir='ltr'><strong>ι</strong></span> 
     </span>
    </p>
   </div>
   <div class='ocr_carea' id='block_1_78' title="bbox 2133 3878 3644 3961">
    <p class='ocr_par' dir='ltr' id='par_1_78' title="bbox 2133 3878 3644 3961">
     <span class='ocr_line' id='line_1_78' title="bbox 2133 3878 3644 3961; baseline -0.007 -19"><span class='ocrx_word' id='word_1_578' title='bbox 2133 3905 2180 3942; x_wconf 69' lang='grc' dir='ltr'><strong>δν</strong></span> <span class='ocrx_word' id='word_1_579' title='bbox 2204 3889 2420 3959; x_wconf 73' lang='grc' dir='ltr'>ἐγένετο</span> <span class='ocrx_word' id='word_1_580' title='bbox 2449 3889 2574 3944; x_wconf 83' lang='grc' dir='ltr'>καθ’</span> <span class='ocrx_word' id='word_1_581' title='bbox 2614 3889 2855 3961; x_wconf 80' lang='grc' dir='ltr'>ἑκάστην</span> <span class='ocrx_word' id='word_1_582' title='bbox 2890 3889 3129 3961; x_wconf 70' lang='grc' dir='ltr'>ᾑμέραν,</span> <span class='ocrx_word' id='word_1_583' title='bbox 3160 3886 3329 3941; x_wconf 88' lang='grc' dir='ltr'>τοῦτο</span> <span class='ocrx_word' id='word_1_584' title='bbox 3358 3886 3454 3940; x_wconf 70' lang='grc' dir='ltr'><strong>καὶ</strong></span> <span class='ocrx_word' id='word_1_585' title='bbox 3474 3881 3555 3938; x_wconf 76' lang='grc' dir='ltr'>διὰ</span> <span class='ocrx_word' id='word_1_586' title='bbox 3567 3878 3644 3933; x_wconf 84' lang='grc' dir='ltr'><strong>τοῦ</strong></span> 
     </span>
    </p>
   </div>
   <div class='ocr_carea' id='block_1_79' title="bbox 390 3967 1901 4053">
    <p class='ocr_par' dir='ltr' id='par_1_79' title="bbox 390 3967 1901 4045">
     <span class='ocr_line' id='line_1_79' title="bbox 390 3967 1901 4045; baseline 0.005 -24"><span class='ocrx_word' id='word_1_587' title='bbox 390 3967 603 4024; x_wconf 61' lang='lat' dir='ltr'><strong>Cragi-is</strong></span> <span class='ocrx_word' id='word_1_588' title='bbox 628 3981 683 4025; x_wconf 90' lang='lat' dir='ltr'><strong>et</strong></span> <span class='ocrx_word' id='word_1_589' title='bbox 707 3971 980 4039; x_wconf 89' lang='lat' dir='ltr'><strong>barbaris,</strong></span> <span class='ocrx_word' id='word_1_590' title='bbox 1002 3975 1371 4045; x_wconf 89' lang='lat' dir='ltr'><strong>omnibusque</strong></span> <span class='ocrx_word' id='word_1_591' title='bbox 1392 3975 1620 4030; x_wconf 91' lang='lat' dir='ltr'><strong>omnino</strong></span> <span class='ocrx_word' id='word_1_592' title='bbox 1642 3975 1901 4029; x_wconf 85' lang='lat' dir='ltr'><strong>hominibl</strong></span> 
     </span>
    </p>
   </div>
   <div class='ocr_carea' id='block_1_80' title="bbox 2132 3967 3643 4053">
    <p class='ocr_par' dir='ltr' id='par_1_80' title="bbox 2132 3980 3643 4053">
     <span class='ocr_line' id='line_1_80' title="bbox 2132 3980 3643 4053; baseline 0.006 -19"><span class='ocrx_word' id='word_1_593' title='bbox 2132 3985 2243 4051; x_wconf 74' lang='grc' dir='ltr'>ἱγου</span> <span class='ocrx_word' id='word_1_594' title='bbox 2270 3982 2645 4053; x_wconf 79' lang='grc' dir='ltr'>ἀπαγγέλλει,</span> <span class='ocrx_word' id='word_1_595' title='bbox 2669 3984 2889 4039; x_wconf 77' lang='grc' dir='ltr'>πάντων</span> <span class='ocrx_word' id='word_1_596' title='bbox 2951 3981 3245 4053; x_wconf 82' lang='grc' dir='ltr'>περίψημα</span> <span class='ocrx_word' id='word_1_597' title='bbox 3290 3980 3468 4048; x_wconf 76' lang='grc' dir='ltr'>λέγων</span> <span class='ocrx_word' id='word_1_598' title='bbox 3506 3984 3643 4045; x_wconf 53' lang='lat' dir='ltr'><strong>rei“</strong></span> 
     </span>
    </p>
   </div>
   <div class='ocr_carea' id='block_1_81' title="bbox 391 4064 2294 4146">
    <p class='ocr_par' dir='ltr' id='par_1_81' title="bbox 391 4064 2294 4146">
     <span class='ocr_line' id='line_1_81' title="bbox 391 4064 2294 4146; baseline 0.008 -34"><span class='ocrx_word' id='word_1_599' title='bbox 391 4076 521 4114; x_wconf 92' lang='lat' dir='ltr'><strong>num</strong></span> <span class='ocrx_word' id='word_1_600' title='bbox 553 4078 715 4132; x_wconf 85' lang='lat' dir='ltr'><strong>quem</strong></span> <span class='ocrx_word' id='word_1_601' title='bbox 773 4064 1027 4132; x_wconf 77' lang='lat' dir='ltr'><strong>fortasse,</strong></span> <span class='ocrx_word' id='word_1_602' title='bbox 1077 4069 1222 4138; x_wconf 88' lang='lat' dir='ltr'><strong>quod</strong></span> <span class='ocrx_word' id='word_1_603' title='bbox 1279 4071 1392 4138; x_wconf 89' lang='lat' dir='ltr'><strong>ipse</strong></span> <span class='ocrx_word' id='word_1_604' title='bbox 1440 4069 1731 4132; x_wconf 86' lang='lat' dir='ltr'><strong>clamabat,</strong></span> <span class='ocrx_word' id='word_1_605' title='bbox 1767 4069 1980 4124; x_wconf 86' lang='lat' dir='ltr'><strong>salvare</strong></span> <span class='ocrx_word' id='word_1_606' title='bbox 2080 4075 2294 4146; x_wconf 78' lang='grc' dir='ltr'>νῆσθαι.</span> 
     </span>
    </p>
   </div>
   <div class='ocr_carea' id='block_1_82' title="bbox 389 4155 1980 4230">
    <p class='ocr_par' dir='ltr' id='par_1_82' title="bbox 389 4155 1980 4230">
     <span class='ocr_line' id='line_1_82' title="bbox 389 4155 1980 4230; baseline 0.008 -27"><span class='ocrx_word' id='word_1_607' title='bbox 389 4162 577 4221; x_wconf 84' lang='lat' dir='ltr'><strong>posset</strong></span> <span class='ocrx_word' id='word_1_608' title='bbox 596 4155 661 4209; x_wconf 81' lang='grc'><strong>³⁸.</strong></span> <span class='ocrx_word' id='word_1_609' title='bbox 687 4155 842 4223; x_wconf 85' lang='lat' dir='ltr'><strong>Quod</strong></span> <span class='ocrx_word' id='word_1_610' title='bbox 873 4159 1036 4228; x_wconf 79' lang='lat' dir='ltr'><strong>igitur</strong></span> <span class='ocrx_word' id='word_1_611' title='bbox 1065 4159 1312 4230; x_wconf 88' lang='lat' dir='ltr'><strong>quotidie</strong></span> <span class='ocrx_word' id='word_1_612' title='bbox 1344 4161 1529 4224; x_wconf 70' lang='lat' dir='ltr'><strong>ﬁebat,</strong></span> <span class='ocrx_word' id='word_1_613' title='bbox 1558 4161 1610 4215; x_wconf 91' lang='lat' dir='ltr'><strong>id</strong></span> <span class='ocrx_word' id='word_1_614' title='bbox 1636 4160 1817 4215; x_wconf 86' lang='lat' dir='ltr'><strong>verbis</strong></span> <span class='ocrx_word' id='word_1_615' title='bbox 1843 4176 1980 4230; x_wconf 76' lang='lat' dir='ltr'><strong>quo-</strong></span> 
     </span>
    </p>
   </div>
   <div class='ocr_carea' id='block_1_83' title="bbox 389 4250 1976 4323">
    <p class='ocr_par' dir='ltr' id='par_1_83' title="bbox 389 4250 1976 4323">
     <span class='ocr_line' id='line_1_83' title="bbox 389 4250 1976 4323; baseline 0.008 -28"><span class='ocrx_word' id='word_1_616' title='bbox 389 4259 493 4313; x_wconf 86' lang='lat' dir='ltr'><strong>que</strong></span> <span class='ocrx_word' id='word_1_617' title='bbox 521 4250 955 4315; x_wconf 85' lang='lat' dir='ltr'><strong>contestabatur,</strong></span> <span class='ocrx_word' id='word_1_618' title='bbox 993 4269 1013 4303; x_wconf 86' lang='grc'><strong><em>‹</em></strong></span> <span class='ocrx_word' id='word_1_619' title='bbox 1056 4252 1301 4307; x_wconf 88' lang='lat' dir='ltr'><strong>omnium</strong></span> <span class='ocrx_word' id='word_1_620' title='bbox 1335 4267 1394 4307; x_wconf 90' lang='lat' dir='ltr'><strong>se</strong></span> <span class='ocrx_word' id='word_1_621' title='bbox 1427 4252 1730 4323; x_wconf 85' lang='lat' dir='ltr'><strong>peripsema</strong></span> <span class='ocrx_word' id='word_1_622' title='bbox 1768 4251 1976 4307; x_wconf 78' lang='lat' dir='ltr'><strong>factum</strong></span> 
     </span>
    </p>
   </div>
   <div class='ocr_carea' id='block_1_84' title="bbox 387 4337 920 4407">
    <p class='ocr_par' dir='ltr' id='par_1_84' title="bbox 387 4337 920 4407">
     <span class='ocr_line' id='line_1_84' title="bbox 387 4337 920 4407; baseline 0.015 -20"><span class='ocrx_word' id='word_1_623' title='bbox 387 4350 531 4401; x_wconf 85' lang='lat' dir='ltr'><strong>esse,</strong></span> <span class='ocrx_word' id='word_1_624' title='bbox 566 4355 584 4387; x_wconf 73' lang='grc' dir='ltr'><strong>ι</strong></span> <span class='ocrx_word' id='word_1_625' title='bbox 620 4337 920 4407; x_wconf 79' lang='lat' dir='ltr'><strong>professus.</strong></span> 
     </span>
    </p>
   </div>
   <div class='ocr_carea' id='block_1_85' title="bbox 455 4411 1966 4512">
    <p class='ocr_par' dir='ltr' id='par_1_85' title="bbox 455 4424 1966 4507">
     <span class='ocr_line' id='line_1_85' title="bbox 455 4424 1966 4507; baseline 0.011 -30"><span class='ocrx_word' id='word_1_626' title='bbox 455 4424 612 4481; x_wconf 90' lang='lat' dir='ltr'><strong>Ilunc</strong></span> <span class='ocrx_word' id='word_1_627' title='bbox 679 4445 809 4485; x_wconf 88' lang='lat' dir='ltr'><strong>vero</strong></span> <span class='ocrx_word' id='word_1_628' title='bbox 869 4433 1233 4503; x_wconf 88' lang='lat' dir='ltr'><strong>signiﬁcatum</strong></span> <span class='ocrx_word' id='word_1_629' title='bbox 1290 4434 1471 4491; x_wconf 90' lang='lat' dir='ltr'><strong>ﬁrmat</strong></span> <span class='ocrx_word' id='word_1_630' title='bbox 1521 4436 1639 4507; x_wconf 88' lang='lat' dir='ltr'><strong>ipsa</strong></span> <span class='ocrx_word' id='word_1_631' title='bbox 1700 4436 1966 4493; x_wconf 87' lang='lat' dir='ltr'><strong>sermonis</strong></span> 
     </span>
    </p>
   </div>
   <div class='ocr_carea' id='block_1_86' title="bbox 2132 4411 3643 4512">
    <p class='ocr_par' dir='ltr' id='par_1_86' title="bbox 2156 4434 3643 4512">
     <span class='ocr_line' id='line_1_86' title="bbox 2156 4434 3643 4512; baseline 0.001 -23"><span class='ocrx_word' id='word_1_632' title='bbox 2156 4436 2377 4492; x_wconf 82' lang='grc' dir='ltr'>Βεϐαιοῖ</span> <span class='ocrx_word' id='word_1_633' title='bbox 2402 4440 2461 4493; x_wconf 84' lang='grc' dir='ltr'>δὲ</span> <span class='ocrx_word' id='word_1_634' title='bbox 2497 4438 2560 4493; x_wconf 81' lang='grc' dir='ltr'><strong>τδ</strong></span> <span class='ocrx_word' id='word_1_635' title='bbox 2583 4440 2950 4512; x_wconf 68' lang='grc' dir='ltr'>προκείμενον</span> <span class='ocrx_word' id='word_1_636' title='bbox 2990 4434 3087 4494; x_wconf 86' lang='grc' dir='ltr'><strong>τοῦ</strong></span> <span class='ocrx_word' id='word_1_637' title='bbox 3134 4441 3539 4512; x_wconf 77' lang='grc' dir='ltr'>σημαινομένου</span> <span class='ocrx_word' id='word_1_638' title='bbox 3565 4435 3643 4492; x_wconf 71' lang='grc' dir='ltr'>καὶ</span> 
     </span>
    </p>
   </div>
   <div class='ocr_carea' id='block_1_87' title="bbox 383 4513 1894 4605">
    <p class='ocr_par' dir='ltr' id='par_1_87' title="bbox 383 4513 1894 4591">
     <span class='ocr_line' id='line_1_87' title="bbox 383 4513 1894 4591; baseline 0.007 -23"><span class='ocrx_word' id='word_1_639' title='bbox 383 4514 577 4569; x_wconf 84' lang='lat' dir='ltr'><strong>series.</strong></span> <span class='ocrx_word' id='word_1_640' title='bbox 605 4513 723 4570; x_wconf 88' lang='lat' dir='ltr'><strong>Non</strong></span> <span class='ocrx_word' id='word_1_641' title='bbox 749 4519 918 4585; x_wconf 88' lang='lat' dir='ltr'><strong>enim,</strong></span> <span class='ocrx_word' id='word_1_642' title='bbox 946 4520 1141 4588; x_wconf 88' lang='lat' dir='ltr'><strong>inquit,</strong></span> <span class='ocrx_word' id='word_1_643' title='bbox 1173 4522 1527 4591; x_wconf 82' lang='lat' dir='ltr'><strong>pudefaciens</strong></span> <span class='ocrx_word' id='word_1_644' title='bbox 1554 4540 1652 4579; x_wconf 91' lang='lat' dir='ltr'><strong>vos</strong></span> <span class='ocrx_word' id='word_1_645' title='bbox 1680 4524 1795 4580; x_wconf 69' lang='lat' dir='ltr'><strong>haae</strong></span> <span class='ocrx_word' id='word_1_646' title='bbox 1824 4524 1894 4579; x_wconf 74' lang='lat' dir='ltr'><strong>dit</strong></span> 
     </span>
    </p>
   </div>
   <div class='ocr_carea' id='block_1_88' title="bbox 2129 4513 3640 4605">
    <p class='ocr_par' dir='ltr' id='par_1_88' title="bbox 2144 4530 3640 4605">
     <span class='ocr_line' id='line_1_88' title="bbox 2144 4530 3640 4605; baseline 0.001 -23"><span class='ocrx_word' id='word_1_647' title='bbox 2144 4530 2288 4583; x_wconf 77' lang='grc' dir='ltr'>κατὰ</span> <span class='ocrx_word' id='word_1_648' title='bbox 2318 4530 2453 4583; x_wconf 83' lang='grc' dir='ltr'>πόδα</span> <span class='ocrx_word' id='word_1_649' title='bbox 2485 4532 2737 4602; x_wconf 81' lang='grc' dir='ltr'>συνέχεια</span> <span class='ocrx_word' id='word_1_650' title='bbox 2780 4532 2877 4586; x_wconf 90' lang='grc' dir='ltr'><strong>τοῦ</strong></span> <span class='ocrx_word' id='word_1_651' title='bbox 2925 4532 3115 4605; x_wconf 76' lang='grc' dir='ltr'>ῥητοῦ.</span> <span class='ocrx_word' id='word_1_652' title='bbox 3143 4535 3219 4586; x_wconf 84' lang='grc' dir='ltr'><strong>Οὐ</strong></span> <span class='ocrx_word' id='word_1_653' title='bbox 3251 4534 3367 4605; x_wconf 75' lang='grc' dir='ltr'>γὰρ</span> <span class='ocrx_word' id='word_1_654' title='bbox 3393 4533 3640 4603; x_wconf 80' lang='grc' dir='ltr'>ἐντρέπων</span> 
     </span>
    </p>
   </div>
   <div class='ocr_carea' id='block_1_89' title="bbox 384 4606 1895 4699">
    <p class='ocr_par' dir='ltr' id='par_1_89' title="bbox 384 4606 1895 4681">
     <span class='ocr_line' id='line_1_89' title="bbox 384 4606 1895 4681; baseline 0.005 -22"><span class='ocrx_word' id='word_1_655' title='bbox 384 4606 485 4660; x_wconf 83' lang='lat' dir='ltr'><strong>hoc</strong></span> <span class='ocrx_word' id='word_1_656' title='bbox 530 4617 637 4674; x_wconf 88' lang='lat' dir='ltr'><strong>est,</strong></span> <span class='ocrx_word' id='word_1_657' title='bbox 674 4609 791 4663; x_wconf 90' lang='lat' dir='ltr'><strong>Non</strong></span> <span class='ocrx_word' id='word_1_658' title='bbox 820 4614 1092 4681; x_wconf 80' lang='lat' dir='ltr'><strong>exprobro</strong></span> <span class='ocrx_word' id='word_1_659' title='bbox 1120 4616 1273 4671; x_wconf 89' lang='lat' dir='ltr'><strong>vobis</strong></span> <span class='ocrx_word' id='word_1_660' title='bbox 1317 4616 1731 4671; x_wconf 77' lang='lat' dir='ltr'><strong>beneﬁcentiam</strong></span> <span class='ocrx_word' id='word_1_661' title='bbox 1769 4633 1895 4671; x_wconf 50' lang='lat' dir='ltr'><strong>mea;</strong></span> 
     </span>
    </p>
   </div>
   <div class='ocr_carea' id='block_1_90' title="bbox 2130 4606 3641 4699">
    <p class='ocr_par' dir='ltr' id='par_1_90' title="bbox 2130 4623 3641 4699">
     <span class='ocr_line' id='line_1_90' title="bbox 2130 4623 3641 4699; baseline 0.001 -24"><span class='ocrx_word' id='word_1_662' title='bbox 2130 4624 2243 4687; x_wconf 76' lang='grc' dir='ltr'>ιᾶς,</span> <span class='ocrx_word' id='word_1_663' title='bbox 2282 4625 2438 4696; x_wconf 78' lang='grc' dir='ltr'>φησὶ,</span> <span class='ocrx_word' id='word_1_664' title='bbox 2466 4626 2638 4681; x_wconf 85' lang='grc' dir='ltr'>ταῦτα</span> <span class='ocrx_word' id='word_1_665' title='bbox 2661 4627 2804 4697; x_wconf 81' lang='grc' dir='ltr'>λέγω</span> <span class='ocrx_word' id='word_1_666' title='bbox 2821 4644 2837 4659; x_wconf 89' lang='grc'><strong>·</strong></span> <span class='ocrx_word' id='word_1_667' title='bbox 2870 4623 3003 4692; x_wconf 74' lang='grc' dir='ltr'>οἷον,</span> <span class='ocrx_word' id='word_1_668' title='bbox 3028 4629 3142 4682; x_wconf 76' lang='grc' dir='ltr'>Οὐκ</span> <span class='ocrx_word' id='word_1_669' title='bbox 3167 4628 3418 4693; x_wconf 74' lang='grc' dir='ltr'>ὀνειδίζω</span> <span class='ocrx_word' id='word_1_670' title='bbox 3450 4626 3543 4699; x_wconf 75' lang='grc' dir='ltr'><strong>τήν</strong></span> <span class='ocrx_word' id='word_1_671' title='bbox 3570 4625 3641 4678; x_wconf 82' lang='grc' dir='ltr'><strong>εὑ-</strong></span> 
     </span>
    </p>
   </div>
   <div class='ocr_carea' id='block_1_91' title="bbox 381 4700 1892 4790">
    <p class='ocr_par' dir='ltr' id='par_1_91' title="bbox 381 4700 1869 4779">
     <span class='ocr_line' id='line_1_91' title="bbox 381 4700 1869 4779; baseline 0.007 -29"><span class='ocrx_word' id='word_1_672' title='bbox 381 4712 561 4768; x_wconf 84' lang='lat' dir='ltr'><strong>neque</strong></span> <span class='ocrx_word' id='word_1_673' title='bbox 595 4700 855 4756; x_wconf 87' lang='lat' dir='ltr'><strong>beneﬁcia</strong></span> <span class='ocrx_word' id='word_1_674' title='bbox 888 4705 1045 4760; x_wconf 90' lang='lat' dir='ltr'><strong>vobis</strong></span> <span class='ocrx_word' id='word_1_675' title='bbox 1089 4707 1356 4763; x_wconf 80' lang='lat' dir='ltr'><strong>exhibita.</strong></span> <span class='ocrx_word' id='word_1_676' title='bbox 1390 4708 1532 4775; x_wconf 85' lang='lat' dir='ltr'><strong>Quid</strong></span> <span class='ocrx_word' id='word_1_677' title='bbox 1571 4707 1776 4779; x_wconf 80' lang='lat' dir='ltr'><strong>igitur?</strong></span> <span class='ocrx_word' id='word_1_678' title='bbox 1810 4717 1869 4761; x_wconf 92' lang='lat' dir='ltr'><strong>ut</strong></span> 
     </span>
    </p>
   </div>
   <div class='ocr_carea' id='block_1_92' title="bbox 2127 4700 3638 4790">
    <p class='ocr_par' dir='ltr' id='par_1_92' title="bbox 2127 4715 3638 4790">
     <span class='ocr_line' id='line_1_92' title="bbox 2127 4715 3638 4790; baseline 0.005 -24"><span class='ocrx_word' id='word_1_679' title='bbox 2127 4715 2357 4783; x_wconf 76' lang='grc' dir='ltr'>&gt;γεσίαν,</span> <span class='ocrx_word' id='word_1_680' title='bbox 2379 4717 2503 4770; x_wconf 82' lang='grc' dir='ltr'>οὐδὲ</span> <span class='ocrx_word' id='word_1_681' title='bbox 2524 4717 2624 4782; x_wconf 87' lang='grc' dir='ltr'>τὰς</span> <span class='ocrx_word' id='word_1_682' title='bbox 2652 4719 2913 4790; x_wconf 83' lang='grc' dir='ltr'>χάριτας·</span> <span class='ocrx_word' id='word_1_683' title='bbox 2954 4719 3095 4774; x_wconf 84' lang='grc' dir='ltr'><strong>ἀλλὰ</strong></span> <span class='ocrx_word' id='word_1_684' title='bbox 3134 4720 3225 4785; x_wconf 77' lang='grc' dir='ltr'><strong>τίς</strong></span> <span class='ocrx_word' id='word_1_685' title='bbox 3257 4720 3336 4784; x_wconf 84' lang='grc' dir='ltr'>ὡς</span> <span class='ocrx_word' id='word_1_686' title='bbox 3353 4720 3518 4773; x_wconf 84' lang='grc' dir='ltr'>τέκνα</span> <span class='ocrx_word' id='word_1_687' title='bbox 3554 4725 3638 4786; x_wconf 75' lang='grc' dir='ltr'><strong>μδυ</strong></span> 
     </span>
    </p>
   </div>
   <div class='ocr_carea' id='block_1_93' title="bbox 380 4789 1891 4882">
    <p class='ocr_par' dir='ltr' id='par_1_93' title="bbox 380 4789 1891 4872">
     <span class='ocr_line' id='line_1_93' title="bbox 380 4789 1891 4872; baseline 0.009 -31"><span class='ocrx_word' id='word_1_688' title='bbox 380 4789 485 4846; x_wconf 83' lang='lat' dir='ltr'><strong>lius</strong></span> <span class='ocrx_word' id='word_1_689' title='bbox 515 4793 741 4848; x_wconf 87' lang='lat' dir='ltr'><strong>dilectos</strong></span> <span class='ocrx_word' id='word_1_690' title='bbox 773 4796 959 4864; x_wconf 88' lang='lat' dir='ltr'><strong>potius</strong></span> <span class='ocrx_word' id='word_1_691' title='bbox 1005 4799 1275 4855; x_wconf 87' lang='lat' dir='ltr'><strong>admoneo</strong></span> <span class='ocrx_word' id='word_1_692' title='bbox 1294 4801 1359 4853; x_wconf 83' lang='grc'><strong>³⁷.</strong></span> <span class='ocrx_word' id='word_1_693' title='bbox 1400 4800 1569 4857; x_wconf 88' lang='lat' dir='ltr'><strong>Filios</strong></span> <span class='ocrx_word' id='word_1_694' title='bbox 1607 4802 1752 4857; x_wconf 91' lang='lat' dir='ltr'><strong>enim</strong></span> <span class='ocrx_word' id='word_1_695' title='bbox 1784 4813 1891 4872; x_wconf 66' lang='lat' dir='ltr'><strong>pati</strong></span> 
     </span>
    </p>
   </div>
   <div class='ocr_carea' id='block_1_94' title="bbox 2129 4789 3640 4882">
    <p class='ocr_par' dir='ltr' id='par_1_94' title="bbox 2129 4789 3640 4882">
     <span class='ocr_line' id='line_1_94' title="bbox 2129 4789 3640 4882; baseline 0.002 -24"><span class='ocrx_word' id='word_1_696' title='bbox 2129 4808 2340 4877; x_wconf 72' lang='grc' dir='ltr'>γαπητὰ</span> <span class='ocrx_word' id='word_1_697' title='bbox 2369 4808 2629 4862; x_wconf 84' lang='grc' dir='ltr'>νουθετῶ.</span> <span class='ocrx_word' id='word_1_698' title='bbox 2661 4789 2754 4863; x_wconf 89' lang='grc' dir='ltr'>Δεῖ</span> <span class='ocrx_word' id='word_1_699' title='bbox 2772 4811 2881 4881; x_wconf 80' lang='grc' dir='ltr'>γὰρ</span> <span class='ocrx_word' id='word_1_700' title='bbox 2915 4812 2982 4864; x_wconf 80' lang='grc' dir='ltr'>τὰ</span> <span class='ocrx_word' id='word_1_701' title='bbox 3012 4812 3175 4865; x_wconf 87' lang='grc' dir='ltr'>τέκνα</span> <span class='ocrx_word' id='word_1_702' title='bbox 3204 4814 3479 4882; x_wconf 81' lang='grc' dir='ltr'>πατρικῆς</span> <span class='ocrx_word' id='word_1_703' title='bbox 3510 4809 3640 4876; x_wconf 81' lang='grc' dir='ltr'>εὐερ-</span> 
     </span>
    </p>
   </div>
   <div class='ocr_carea' id='block_1_95' title="bbox 378 4883 1889 4973">
    <p class='ocr_par' dir='ltr' id='par_1_95' title="bbox 378 4883 1889 4963">
     <span class='ocr_line' id='line_1_95' title="bbox 378 4883 1889 4963; baseline 0.009 -28"><span class='ocrx_word' id='word_1_704' title='bbox 378 4896 463 4935; x_wconf 79' lang='lat' dir='ltr'><strong>tne</strong></span> <span class='ocrx_word' id='word_1_705' title='bbox 496 4883 865 4942; x_wconf 72' lang='lat' dir='ltr'><strong>beneﬁcentia:</strong></span> <span class='ocrx_word' id='word_1_706' title='bbox 920 4892 1239 4947; x_wconf 85' lang='lat' dir='ltr'><strong>meminisse</strong></span> <span class='ocrx_word' id='word_1_707' title='bbox 1280 4893 1455 4957; x_wconf 88' lang='lat' dir='ltr'><strong>decet,</strong></span> <span class='ocrx_word' id='word_1_708' title='bbox 1502 4895 1556 4949; x_wconf 91' lang='lat' dir='ltr'><strong>iu</strong></span> <span class='ocrx_word' id='word_1_709' title='bbox 1582 4895 1797 4963; x_wconf 89' lang='lat' dir='ltr'><strong>primis,</strong></span> <span class='ocrx_word' id='word_1_710' title='bbox 1840 4912 1889 4949; x_wconf 84' lang='lat' dir='ltr'><strong>et</strong></span> 
     </span>
    </p>
   </div>
   <div class='ocr_carea' id='block_1_96' title="bbox 2129 4883 3640 4973">
    <p class='ocr_par' dir='ltr' id='par_1_96' title="bbox 2129 4897 3640 4973">
     <span class='ocr_line' id='line_1_96' title="bbox 2129 4897 3640 4973; baseline 0.003 -26"><span class='ocrx_word' id='word_1_711' title='bbox 2129 4897 2271 4962; x_wconf 80' lang='grc' dir='ltr'>εσίας</span> <span class='ocrx_word' id='word_1_712' title='bbox 2306 4900 2639 4971; x_wconf 74' lang='grc' dir='ltr'>μεμνῆσθαι,</span> <span class='ocrx_word' id='word_1_713' title='bbox 2676 4902 2770 4955; x_wconf 72' lang='grc' dir='ltr'><strong>καὶ</strong></span> <span class='ocrx_word' id='word_1_714' title='bbox 2798 4904 2895 4973; x_wconf 84' lang='grc' dir='ltr'><strong>οὐχ</strong></span> <span class='ocrx_word' id='word_1_715' title='bbox 2935 4902 3123 4966; x_wconf 83' lang='grc' dir='ltr'>ἁπλῶς</span> <span class='ocrx_word' id='word_1_716' title='bbox 3159 4902 3353 4970; x_wconf 78' lang='grc' dir='ltr'>τέκνα,</span> <span class='ocrx_word' id='word_1_717' title='bbox 3383 4900 3517 4957; x_wconf 77' lang='grc' dir='ltr'>ἀλλὰ</span> <span class='ocrx_word' id='word_1_718' title='bbox 3560 4897 3640 4952; x_wconf 77' lang='grc' dir='ltr'>καὶ</span> 
     </span>
    </p>
   </div>
   <div class='ocr_carea' id='block_1_97' title="bbox 378 4977 1889 5063">
    <p class='ocr_par' dir='ltr' id='par_1_97' title="bbox 378 4977 1889 5050">
     <span class='ocr_line' id='line_1_97' title="bbox 378 4977 1889 5050; baseline 0.011 -23"><span class='ocrx_word' id='word_1_719' title='bbox 378 4990 490 5029; x_wconf 90' lang='lat' dir='ltr'><strong>non</strong></span> <span class='ocrx_word' id='word_1_720' title='bbox 518 4977 843 5044; x_wconf 87' lang='lat' dir='ltr'><strong>simpliciter</strong></span> <span class='ocrx_word' id='word_1_721' title='bbox 878 4990 1009 5035; x_wconf 90' lang='lat' dir='ltr'><strong>sunt</strong></span> <span class='ocrx_word' id='word_1_722' title='bbox 1035 4983 1154 5050; x_wconf 89' lang='lat' dir='ltr'><strong>ﬁlii,</strong></span> <span class='ocrx_word' id='word_1_723' title='bbox 1203 4986 1297 5041; x_wconf 90' lang='lat' dir='ltr'><strong>sed</strong></span> <span class='ocrx_word' id='word_1_724' title='bbox 1324 4985 1491 5040; x_wconf 89' lang='lat' dir='ltr'><strong>etiam</strong></span> <span class='ocrx_word' id='word_1_725' title='bbox 1522 4987 1728 5042; x_wconf 84' lang='lat' dir='ltr'><strong>dilecti.</strong></span> <span class='ocrx_word' id='word_1_726' title='bbox 1772 4986 1889 5043; x_wconf 86' lang='lat' dir='ltr'><strong>Sen:</strong></span> 
     </span>
    </p>
   </div>
   <div class='ocr_carea' id='block_1_98' title="bbox 2127 4977 3638 5063">
    <p class='ocr_par' dir='ltr' id='par_1_98' title="bbox 2127 4990 3638 5063">
     <span class='ocr_line' id='line_1_98' title="bbox 2127 4990 3638 5063; baseline 0.009 -23"><span class='ocrx_word' id='word_1_727' title='bbox 2127 4990 2342 5059; x_wconf 81' lang='grc' dir='ltr'>γαπητά</span> <span class='ocrx_word' id='word_1_728' title='bbox 2366 5008 2379 5020; x_wconf 90' lang='grc'><strong>·</strong></span> <span class='ocrx_word' id='word_1_729' title='bbox 2404 4992 2709 5056; x_wconf 80' lang='grc' dir='ltr'>τουτέστιν,</span> <span class='ocrx_word' id='word_1_730' title='bbox 2741 4993 3010 5047; x_wconf 83' lang='grc' dir='ltr'>Τοσοῦτον</span> <span class='ocrx_word' id='word_1_731' title='bbox 3038 4993 3354 5063; x_wconf 85' lang='grc' dir='ltr'>οἱκειοῦμαι</span> <span class='ocrx_word' id='word_1_732' title='bbox 3376 4994 3535 5063; x_wconf 78' lang='grc' dir='ltr'>ὑμᾶς,</span> <span class='ocrx_word' id='word_1_733' title='bbox 3562 4990 3638 5040; x_wconf 66' lang='grc' dir='ltr'><strong>καὶ</strong></span> 
     </span>
    </p>
   </div>
   <div class='ocr_carea' id='block_1_99' title="bbox 378 5064 1889 5160">
    <p class='ocr_par' dir='ltr' id='par_1_99' title="bbox 378 5064 1889 5160">
     <span class='ocr_line' id='line_1_99' title="bbox 378 5064 1889 5160; baseline 0.011 -43"><span class='ocrx_word' id='word_1_734' title='bbox 378 5064 564 5160; x_wconf 78' lang='lat' dir='ltr'><strong>itaque</strong></span> <span class='ocrx_word' id='word_1_735' title='bbox 592 5076 723 5121; x_wconf 89' lang='lat' dir='ltr'><strong>est:</strong></span> <span class='ocrx_word' id='word_1_736' title='bbox 763 5067 869 5124; x_wconf 91' lang='lat' dir='ltr'><strong>Vos</strong></span> <span class='ocrx_word' id='word_1_737' title='bbox 899 5070 1038 5127; x_wconf 88' lang='lat' dir='ltr'><strong>adeo</strong></span> <span class='ocrx_word' id='word_1_738' title='bbox 1073 5075 1208 5129; x_wconf 85' lang='lat' dir='ltr'><strong>mihi</strong></span> <span class='ocrx_word' id='word_1_739' title='bbox 1258 5076 1497 5139; x_wconf 89' lang='lat' dir='ltr'><strong>vindico,</strong></span> <span class='ocrx_word' id='word_1_740' title='bbox 1549 5087 1716 5146; x_wconf 83' lang='lat' dir='ltr'><strong>atque</strong></span> <span class='ocrx_word' id='word_1_741' title='bbox 1767 5077 1842 5133; x_wconf 90' lang='lat' dir='ltr'><strong>ita</strong></span> <span class='ocrx_word' id='word_1_742' title='bbox 1886 5098 1889 5105; x_wconf 92' lang='grc'>·</span> 
     </span>
    </p>
   </div>
   <div class='ocr_carea' id='block_1_100' title="bbox 2128 5064 3639 5160">
    <p class='ocr_par' dir='ltr' id='par_1_100' title="bbox 2128 5079 3639 5160">
     <span class='ocr_line' id='line_1_100' title="bbox 2128 5079 3639 5160; baseline -0.001 -27"><span class='ocrx_word' id='word_1_743' title='bbox 2128 5079 2339 5135; x_wconf 82' lang='grc' dir='ltr'>›σοῦτον</span> <span class='ocrx_word' id='word_1_744' title='bbox 2371 5083 2472 5154; x_wconf 80' lang='grc' dir='ltr'>τῆς</span> <span class='ocrx_word' id='word_1_745' title='bbox 2518 5084 2675 5156; x_wconf 84' lang='grc' dir='ltr'>ὑμῶν</span> <span class='ocrx_word' id='word_1_746' title='bbox 2708 5086 2931 5158; x_wconf 81' lang='grc' dir='ltr'>ἀγάπης</span> <span class='ocrx_word' id='word_1_747' title='bbox 2988 5087 3304 5160; x_wconf 83' lang='grc' dir='ltr'>ὲκκαίομαι,</span> <span class='ocrx_word' id='word_1_748' title='bbox 3366 5085 3506 5140; x_wconf 80' lang='grc' dir='ltr'>ὥστε</span> <span class='ocrx_word' id='word_1_749' title='bbox 3560 5080 3639 5135; x_wconf 75' lang='grc' dir='ltr'><strong>καὶ</strong></span> 
     </span>
    </p>
   </div>
   <div class='ocr_carea' id='block_1_101' title="bbox 376 5147 1887 5251">
    <p class='ocr_par' dir='ltr' id='par_1_101' title="bbox 376 5147 1887 5236">
     <span class='ocr_line' id='line_1_101' title="bbox 376 5147 1887 5236; baseline 0.009 -29"><span class='ocrx_word' id='word_1_750' title='bbox 376 5147 477 5207; x_wconf 84' lang='lat' dir='ltr'><strong>stri</strong></span> <span class='ocrx_word' id='word_1_751' title='bbox 504 5169 695 5209; x_wconf 88' lang='lat' dir='ltr'><strong>amore</strong></span> <span class='ocrx_word' id='word_1_752' title='bbox 739 5156 935 5223; x_wconf 90' lang='lat' dir='ltr'><strong>ardeo,</strong></span> <span class='ocrx_word' id='word_1_753' title='bbox 978 5168 1038 5213; x_wconf 87' lang='lat' dir='ltr'><strong>ut</strong></span> <span class='ocrx_word' id='word_1_754' title='bbox 1084 5177 1192 5215; x_wconf 89' lang='lat' dir='ltr'><strong>non</strong></span> <span class='ocrx_word' id='word_1_755' title='bbox 1243 5161 1487 5218; x_wconf 89' lang='lat' dir='ltr'><strong>dubitem</strong></span> <span class='ocrx_word' id='word_1_756' title='bbox 1533 5166 1831 5236; x_wconf 79' lang='lat' dir='ltr'><strong>peripsema</strong></span> <span class='ocrx_word' id='word_1_757' title='bbox 1877 5182 1887 5236; x_wconf 88' lang='grc' dir='ltr'>ι</span> 
     </span>
    </p>
   </div>
   <div class='ocr_carea' id='block_1_102' title="bbox 2123 5147 3634 5251">
    <p class='ocr_par' dir='ltr' id='par_1_102' title="bbox 2123 5147 3634 5251">
     <span class='ocr_line' id='line_1_102' title="bbox 2123 5147 3634 5251; baseline 0.001 -26"><span class='ocrx_word' id='word_1_758' title='bbox 2123 5173 2387 5243; x_wconf 79' lang='grc' dir='ltr'>ερίψημα</span> <span class='ocrx_word' id='word_1_759' title='bbox 2425 5147 2597 5247; x_wconf 46' lang='grc' dir='ltr'>’ὁμῶν</span> <span class='ocrx_word' id='word_1_760' title='bbox 2646 5178 2707 5231; x_wconf 82' lang='grc' dir='ltr'><strong>οὐ</strong></span> <span class='ocrx_word' id='word_1_761' title='bbox 2757 5147 3139 5251; x_wconf 42' lang='grc' dir='ltr'>’παραιτοῦμαι</span> <span class='ocrx_word' id='word_1_762' title='bbox 3184 5147 3476 5249; x_wconf 50' lang='grc' dir='ltr'>’γίνεσθαῃ</span> <span class='ocrx_word' id='word_1_763' title='bbox 3511 5173 3634 5243; x_wconf 70' lang='grc' dir='ltr'>θῦμα</span> 
     </span>
    </p>
   </div>
   <div class='ocr_carea' id='block_1_103' title="bbox 378 5244 1889 5346">
    <p class='ocr_par' dir='ltr' id='par_1_103' title="bbox 378 5244 1889 5329">
     <span class='ocr_line' id='line_1_103' title="bbox 378 5244 1889 5329; baseline 0.01 -32"><span class='ocrx_word' id='word_1_764' title='bbox 378 5244 531 5300; x_wconf 84' lang='lat' dir='ltr'><strong>vobis</strong></span> <span class='ocrx_word' id='word_1_765' title='bbox 559 5244 718 5314; x_wconf 85' lang='lat' dir='ltr'><strong>ﬁeri,</strong></span> <span class='ocrx_word' id='word_1_766' title='bbox 767 5256 822 5302; x_wconf 89' lang='lat' dir='ltr'><strong>et</strong></span> <span class='ocrx_word' id='word_1_767' title='bbox 866 5249 920 5303; x_wconf 94' lang='lat' dir='ltr'><strong>in</strong></span> <span class='ocrx_word' id='word_1_768' title='bbox 962 5258 1205 5307; x_wconf 86' lang='lat' dir='ltr'><strong>vestrum</strong></span> <span class='ocrx_word' id='word_1_769' title='bbox 1256 5256 1607 5311; x_wconf 87' lang='lat' dir='ltr'><strong>commodum</strong></span> <span class='ocrx_word' id='word_1_770' title='bbox 1661 5274 1749 5316; x_wconf 90' lang='lat' dir='ltr'><strong>me</strong></span> <span class='ocrx_word' id='word_1_771' title='bbox 1793 5259 1889 5329; x_wconf 80' lang='lat' dir='ltr'><strong>ipsi</strong></span> 
     </span>
    </p>
   </div>
   <div class='ocr_carea' id='block_1_104' title="bbox 2125 5244 3636 5346">
    <p class='ocr_par' dir='ltr' id='par_1_104' title="bbox 2125 5244 3636 5346">
     <span class='ocr_line' id='line_1_104' title="bbox 2125 5244 3636 5346; baseline 0.005 -30"><span class='ocrx_word' id='word_1_772' title='bbox 2125 5263 2169 5317; x_wconf 75' lang='lat' dir='ltr'><strong>z‘t</strong></span> <span class='ocrx_word' id='word_1_773' title='bbox 2193 5264 2388 5336; x_wconf 79' lang='grc' dir='ltr'>ἱερεῖον</span> <span class='ocrx_word' id='word_1_774' title='bbox 2414 5244 2511 5322; x_wconf 40' lang='grc' dir='ltr'>καλι</span> <span class='ocrx_word' id='word_1_775' title='bbox 2536 5244 2861 5340; x_wconf 42' lang='grc' dir='ltr'>καθάρσιον-</span> <span class='ocrx_word' id='word_1_776' title='bbox 2883 5244 3253 5344; x_wconf 61' lang='grc' dir='ltr'>προσάγεσθαι</span> <span class='ocrx_word' id='word_1_777' title='bbox 3298 5271 3446 5346; x_wconf 83' lang='grc' dir='ltr'>ὑπὲρ</span> <span class='ocrx_word' id='word_1_778' title='bbox 3462 5244 3467 5245; x_wconf 12' lang='lat'><strong>7</strong></span> <span class='ocrx_word' id='word_1_779' title='bbox 3483 5268 3636 5342; x_wconf 74' lang='grc' dir='ltr'>ὑμῶν.</span> 
     </span>
    </p>
   </div>
   <div class='ocr_carea' id='block_1_105' title="bbox 440 5402 1951 5494">
    <p class='ocr_par' dir='ltr' id='par_1_105' title="bbox 440 5402 1943 5482">
     <span class='ocr_line' id='line_1_105' title="bbox 440 5402 1943 5482; baseline 0.007 -23"><span class='ocrx_word' id='word_1_780' title='bbox 440 5402 488 5438; x_wconf 67' lang='grc'><strong>⁸⁸</strong></span> <span class='ocrx_word' id='word_1_781' title='bbox 525 5403 738 5462; x_wconf 87' lang='lat' dir='ltr'><strong>IIPctr.</strong></span> <span class='ocrx_word' id='word_1_782' title='bbox 769 5423 809 5474; x_wconf 84' lang='grc' dir='ltr'><strong>ι,</strong></span> <span class='ocrx_word' id='word_1_783' title='bbox 856 5408 942 5464; x_wconf 86' lang='lat' dir='ltr'><strong>l9.</strong></span> <span class='ocrx_word' id='word_1_784' title='bbox 1020 5408 1066 5443; x_wconf 79' lang='grc'><strong>³⁸</strong></span> <span class='ocrx_word' id='word_1_785' title='bbox 1121 5409 1140 5465; x_wconf 89' lang='lat' dir='ltr'><strong>l</strong></span> <span class='ocrx_word' id='word_1_786' title='bbox 1197 5411 1328 5467; x_wconf 88' lang='lat' dir='ltr'><strong>Cor.</strong></span> <span class='ocrx_word' id='word_1_787' title='bbox 1374 5428 1466 5482; x_wconf 88' lang='lat' dir='ltr'><strong>xv,</strong></span> <span class='ocrx_word' id='word_1_788' title='bbox 1501 5413 1592 5471; x_wconf 78' lang='grc'><strong>51.</strong></span> <span class='ocrx_word' id='word_1_789' title='bbox 1671 5412 1768 5467; x_wconf 80' lang='grc'><strong>³⁸1</strong></span> <span class='ocrx_word' id='word_1_790' title='bbox 1816 5415 1943 5472; x_wconf 89' lang='lat' dir='ltr'><strong>Cor.</strong></span> 
     </span>
    </p>
   </div>
   <div class='ocr_carea' id='block_1_106' title="bbox 1253 5402 2764 5494">
    <p class='ocr_par' dir='ltr' id='par_1_106' title="bbox 1253 5412 2764 5494">
     <span class='ocr_line' id='line_1_106' title="bbox 1253 5412 2764 5494; baseline 0.01 -28"><span class='ocrx_word' id='word_1_791' title='bbox 1253 5426 1328 5467; x_wconf 76' lang='grc' dir='ltr'><strong>π.</strong></span> <span class='ocrx_word' id='word_1_792' title='bbox 1374 5428 1466 5482; x_wconf 88' lang='lat' dir='ltr'><strong>xv,</strong></span> <span class='ocrx_word' id='word_1_793' title='bbox 1501 5413 1592 5471; x_wconf 78' lang='grc'><strong>51.</strong></span> <span class='ocrx_word' id='word_1_794' title='bbox 1671 5415 1716 5447; x_wconf 80' lang='grc'><strong>³⁸</strong></span> <span class='ocrx_word' id='word_1_795' title='bbox 1749 5412 1768 5467; x_wconf 92' lang='lat' dir='ltr'><strong>I</strong></span> <span class='ocrx_word' id='word_1_796' title='bbox 1816 5415 1943 5472; x_wconf 90' lang='lat' dir='ltr'><strong>Cor.</strong></span> <span class='ocrx_word' id='word_1_797' title='bbox 1993 5433 2070 5482; x_wconf 88' lang='lat' dir='ltr'><strong>tx,</strong></span> <span class='ocrx_word' id='word_1_798' title='bbox 2105 5419 2195 5473; x_wconf 73' lang='lat'><strong>22.</strong></span> <span class='ocrx_word' id='word_1_799' title='bbox 2277 5422 2319 5453; x_wconf 80' lang='grc'>³⁷</span> <span class='ocrx_word' id='word_1_800' title='bbox 2356 5422 2371 5477; x_wconf 97' lang='lat' dir='ltr'><strong>l</strong></span> <span class='ocrx_word' id='word_1_801' title='bbox 2406 5422 2532 5479; x_wconf 84' lang='lat' dir='ltr'><strong>Cor.</strong></span> <span class='ocrx_word' id='word_1_802' title='bbox 2564 5439 2636 5494; x_wconf 82' lang='lat' dir='ltr'><strong>tv,</strong></span> <span class='ocrx_word' id='word_1_803' title='bbox 2680 5425 2764 5481; x_wconf 78' lang='lat' dir='ltr'><strong>M.</strong></span> 
     </span>
    </p>
   </div>
   <div class='ocr_carea' id='block_1_107' title="bbox 446 5542 2115 5693">
    <p class='ocr_par' dir='ltr' id='par_1_107' title="bbox 446 5542 2115 5693">
     <span class='ocr_line' id='line_1_107' title="bbox 446 5542 2115 5693; baseline 0.004 -21"><span class='ocrx_word' id='word_1_804' title='bbox 446 5621 494 5693; x_wconf 74' lang='grc' dir='ltr'><strong>(Ι</strong></span> <span class='ocrx_word' id='word_1_805' title='bbox 512 5619 560 5693; x_wconf 86' lang='lat' dir='ltr'><strong>I)</strong></span> <span class='ocrx_word' id='word_1_806' title='bbox 588 5618 813 5693; x_wconf 73' lang='grc' dir='ltr'>γνώμης</span> <span class='ocrx_word' id='word_1_807' title='bbox 840 5635 906 5676; x_wconf 88' lang='lat' dir='ltr'><strong>ex</strong></span> <span class='ocrx_word' id='word_1_808' title='bbox 930 5620 1093 5693; x_wconf 21' lang='grc' dir='ltr'>ίοοιι).</span> <span class='ocrx_word' id='word_1_809' title='bbox 1120 5637 1224 5693; x_wconf 85' lang='lat' dir='ltr'><strong>pro</strong></span> <span class='ocrx_word' id='word_1_810' title='bbox 1254 5621 1531 5691; x_wconf 75' lang='grc' dir='ltr'>γνώσεως.</span> <span class='ocrx_word' id='word_1_811' title='bbox 1888 5542 2115 5608; x_wconf 42' lang='grc' dir='ltr'><strong>ΝΟΤἉΕ.</strong></span> 
     </span>
    </p>
   </div>
   <div class='ocr_carea' id='block_1_108' title="bbox 442 5660 1953 5769">
    <p class='ocr_par' dir='ltr' id='par_1_108' title="bbox 442 5660 1953 5767">
     <span class='ocr_line' id='line_1_108' title="bbox 442 5660 1953 5767; baseline 0.003 -23"><span class='ocrx_word' id='word_1_812' title='bbox 592 5660 1650 5766; x_wconf 43' lang='grc' dir='ltr'>ὥέηΐρῗουὼδςίηῗξῗῖιιοι</span> <span class='ocrx_word' id='word_1_813' title='bbox 1690 5694 1806 5748; x_wconf 83' lang='grc' dir='ltr'>ἀλλ’</span> <span class='ocrx_word' id='word_1_814' title='bbox 1835 5695 1953 5767; x_wconf 79' lang='grc' dir='ltr'>ὅση,</span> 
     </span>
    </p>
   </div>
   <div class='ocr_carea' id='block_1_109' title="bbox 850 5660 2361 5769">
    <p class='ocr_par' dir='ltr' id='par_1_109' title="bbox 850 5660 2361 5769">
     <span class='ocr_line' id='line_1_109' title="bbox 850 5660 2361 5769; baseline 0.005 -24"><span class='ocrx_word' id='word_1_815' title='bbox 850 5660 1650 5766; x_wconf 42' lang='grc' dir='ltr'><strong>ῖῖὥέἧΐρῖυυὼιίῖᾘνῖιιοι</strong></span> <span class='ocrx_word' id='word_1_816' title='bbox 1690 5694 1806 5748; x_wconf 84' lang='grc' dir='ltr'>ἀλλ’</span> <span class='ocrx_word' id='word_1_817' title='bbox 1835 5695 1957 5767; x_wconf 80' lang='grc' dir='ltr'>ὅση,</span> <span class='ocrx_word' id='word_1_818' title='bbox 2001 5711 2104 5769; x_wconf 89' lang='lat' dir='ltr'><strong>pro</strong></span> <span class='ocrx_word' id='word_1_819' title='bbox 2125 5696 2361 5753; x_wconf 83' lang='grc' dir='ltr'>ἀλλόσει.</span> 
     </span>
    </p>
   </div>
  </div>
