3826 6206
178 253 272 315 733

1081 246 1182 305 AD
1226 241 1817 305 AMPHILOCI'IIUM
1843 241 2192 313 QUIESTIO
2214 242 2537 305 CXXXIII.

3330 252 3441 319 ’734

178 370 273 419 Ka:
294 364 354 431 δὴ
382 361 475 414 καὶ
498 359 529 431 ἡ
555 358 785 429 ὀρθότης
809 356 909 427 τῆς
934 357 994 409 ἐν
1020 354 1100 425 τῷ
1119 353 1264 425 λόγῳ
1292 354 1569 424 συνθήκης
1598 352 1737 424 πρὸς

1903 359 2016 405 star
2042 350 2300 406 sacriﬁcii
2354 361 2408 405 et
2438 352 2673 407 vrctimm
2719 352 3017 424 piacularis
3050 357 3269 416 offerre.
3318 360 3439 433 Ipsa

172 454 312 507 τοῦτο
334 449 530 521 μᾶλλον
559 448 718 519 ῥέπει
750 448 850 516 τῆς
878 445 1121 516 φωνῆςῆ
1147 445 1284 518 πρὸς
1327 446 1389 497 τὸ
1437 443 1602 515 ῥηθὲν
1638 442 1737 514 τὴν

174 546 349 619 ἀρχὴν,
375 544 497 597 ἐπεὶ
540 543 603 597 τὸ
652 541 753 612 μὲν
794 539 1146 611 ἠτιμωμένον
1204 538 1301 592 καὶ
1351 536 1738 591 κατάπτυστον

173 642 290 693 πᾶσι
350 636 546 709 μᾶλλον
612 633 930 689 ἀποδίδοται
995 632 1141 687 κατὰ
1184 631 1283 702 τὴν
1321 629 1596 693 σύνταξιν,
1622 625 1737 682 ἀλλ’

172 731 275 801 οὐχὶ
300 730 539 783 πάντων.
584 727 645 780 Ὁ
677 727 733 780 δὲ
760 725 926 795 σοφὸς
948 723 1046 778 καὶ
1074 724 1362 787 θεσπέσιος
1391 720 1609 785 Παῦλος
1645 720 1735 786 οὗ,

174 822 443 891 Περίψημα
474 818 584 890 (l3)
619 820 790 873 πᾶσιν
831 815 1125 888 ἐγενόμην,
1170 816 1359 887 φησιν,
1403 814 1561 881 ἀλλὰ,
1584 813 1739 868 πάν-

172 929 293 966 των.
318 912 390 965 Οὑ
414 910 541 981 μὴν,
565 908 705 963 ἀλλὰ
721 909 818 964 καὶ
840 909 902 963 τὸ
940 905 1356 981 προηγούμενον
1399 904 1599 976 χωρίον
1636 904 1737 976 τῆς

171 1004 348 1068 λέξεως
381 1004 446 1073 τῇ
475 1000 690 1073 διανοίᾳ
716 999 891 1075 ταύτῃ
920 999 1358 1071 συμφθέγγεται.
1394 996 1581 1051 Εἰπὼν
1602 998 1734 1068 γὰρ,

171 1115 191 1147 ι
216 1094 623 1165 Λοιδορούμενοι
656 1092 1020 1163 εὐλογοῦμεν,
1044 1092 1369 1162 διωκόμενοι
1403 1088 1737 1160 ἀνεχόμεθα,

170 1184 630 1256 βλασφημούμενοι
690 1182 1144 1255 παρακαλοῦμεν,
1181 1201 1201 1234 ι
1237 1182 1553 1250 ἐπήγαγεν·
1593 1199 1612 1232 ι
1646 1179 1737 1242 Ὠς

168 1278 611 1350 περικαθάρματα
668 1276 765 1330 τοῦ
820 1276 1027 1347 κόσμου
1082 1273 1464 1344 ἐγενήθημεν,
1518 1272 1736 1325 πάντων

168 1370 433 1441 περίψημα
462 1369 572 1433 ἕως
598 1370 724 1440 ἄρτι
746 1385 758 1398 ·
794 1386 813 1419 ι
846 1368 1115 1432 τουτέστι,
1136 1366 1203 1419 Τί
1244 1365 1326 1419 δεῖ
1352 1363 1475 1418 καθ’
1504 1363 1734 1416 ἕκαστον

166 1464 276 1524 τοὺς
338 1460 533 1524 πόνους
576 1457 1039 1529 ἁπαριθμεῖσθαι,
1091 1455 1185 1510 καὶ
1226 1455 1328 1519 τὰς
1368 1453 1599 1523 θλίψεις,
1634 1449 1734 1504 καὶ

164 1554 274 1616 τοὺς
308 1551 549 1621 ἀγῶνας,
580 1551 673 1615 οὒς
702 1549 843 1621 ὑπὲρ
866 1550 965 1621 τῆς
1011 1549 1285 1621 ὑμετέρας
1330 1546 1605 1615 σωτηρίας
1631 1544 1732 1613 ὑφ-

166 1643 413 1713 inagna;
435 1643 526 1695 Ἐν
559 1640 837 1710 κεφαλαίῳ
865 1640 1052 1710 φάναι,
1086 1660 1106 1693 ι
1147 1640 1235 1703 Ὦς
1266 1636 1729 1709 περικαθάρματα

1840 456 2007 511 porro
2042 457 2239 497 vocum
2267 451 2547 497 srructura
2578 443 2646 497 ad
2686 444 2832 502 hunc
2854 448 3042 518 potius
3069 452 3438 521 significatum

1840 534 2178 597 tenendum,
2217 550 2384 605 quam
2419 536 2570 589 illum
2594 574 2611 600 ,
2642 536 2710 591 de
2741 552 2852 607 quo
2901 529 3094 609 primo.
3130 544 3251 598 loco
3296 546 3441 598 dixi-

1839 642 1986 689 mus,
2020 626 2261 683 adducit.
2295 627 2351 681 Si
2386 627 2532 682 cnim
2573 636 2948 699 contemptum
2980 634 3188 704 aliquid
3220 645 3275 691 et
3307 639 3441 693 abo-

1839 720 2163 775 minandum
2205 720 2529 786 inferretur,
2560 731 2842 776 structura
2876 739 3070 781 vocum
3114 728 3308 784 idonea
3343 746 3440 785 vo-

1838 828 1958 868 cem
1990 815 2128 867 πᾶσι
2160 813 2450 885 (omnibus)
2486 817 2671 880 potius
2703 832 2871 886 quam
2907 820 3126 873 πάντων
3153 822 3435 894 (omnium)

1838 906 2167 976 requireret.
2191 904 2314 961 Jam
2342 923 2473 962 vero
2512 909 2733 979 sapiens
2762 918 2818 965 et
2846 911 3069 967 divinus
3094 913 3297 969 Paulus
3326 931 3435 969 non

1837 997 1957 1051 ait:
1990 995 2308 1068 Peripsema
2358 996 2602 1053 omm‘bus
2646 999 2825 1058 factus
2856 1017 3015 1068 sum,
3046 1004 3141 1058 sed
3177 1007 3433 1059 omnium.

1840 1089 1958 1145 lmo
1987 1106 2120 1145 vero
2149 1101 2203 1146 et
2244 1107 2331 1157 ea,
2360 1107 2480 1162 quae
2521 1092 2664 1147 hanc
2694 1094 2923 1163 phrasin
2957 1098 3060 1151 hoc
3091 1096 3213 1151 loco
3250 1098 3438 1165 proxi-

1840 1199 1928 1239 me
1961 1185 2318 1252 antecedunt,
2354 1186 2544 1241 sensui
2581 1186 2708 1241 huic
2742 1188 3106 1242 veliticantur.
3138 1178 3435 1259 Postquam

1836 1275 1983 1329 enim
2013 1274 2279 1330 dixerat:
2324 1294 2345 1327 ι
2387 1275 2666 1331 Conviciis
2709 1276 2887 1331 affecti
2922 1277 3060 1331 bene
3110 1294 3433 1349 precamur,

1833 1370 2015 1424 vexati
2058 1370 2419 1435 sustinemus,
2472 1369 2722 1423 infamati
2771 1385 3143 1439 precamur,»
3197 1371 3434 1441 subjun-

1833 1465 1907 1536 git
1950 1481 1964 1518 :
2001 1483 2019 1516 ι
2058 1462 2213 1519 Facti
2258 1478 2452 1518 sumus
2484 1471 2543 1516 ut
2592 1472 2952 1533 purgamenta
3003 1463 3234 1527 mundi,
3282 1474 3337 1519 et
3375 1472 3438 1518 ut

1831 1554 2080 1613 omnium
2110 1555 2303 1612 sordes
2332 1570 2505 1624 usque
2535 1554 2724 1620 huc”,
2766 1573 2784 1605 ι
2815 1554 2921 1609 Ιιοε
2946 1564 3053 1618 est,
3078 1554 3217 1621 Quid
3271 1557 3438 1610 mole-

1830 1649 1965 1705 stias
1996 1662 2192 1703 onmes
2223 1658 2277 1701 et
2292 1646 2635 1702 calamitates
2664 1656 2719 1700 et
2746 1646 2947 1712 luctas,
2980 1662 3118 1716 quas
3148 1662 3248 1715 pro
3277 1647 3436 1704 vobis

162 1734 374 1805 ἐγενήθη
384 1751 486 1804 μεν
505 1733 600 1786 τοῦ
623 1734 855 1804 κόσμου,
877 1732 1099 1786 πάντων
1117 1731 1404 1803 περίψημα
1418 1730 1523 1791 ἓως
1534 1729 1678 1799 ἄρτι.
1704 1745 1725 1779 ι

1895 1739 2149 1807 :antlavi,
2187 1739 2464 1811 sigillatim
2510 1753 2774 1794 enarrare
2817 1739 3046 1794 attinet?
3101 1738 3431 1794 Summatim

163 1829 256 1881 Kal
270 1829 372 1898 γὰρ
396 1827 573 1881 καὶτὸ
595 1824 1118 1897 «περικαθάρματα»
1147 1821 1343 1895 ῥηθείη
1372 1821 1473 1890 μὲν
1488 1819 1556 1873 ἂν
1589 1816 1731 1873 κατὰ

161 1920 243 1975 τοῦ
268 1919 661 1989 ἐϐδελυγμένου
688 1921 785 1973 καὶ
825 1915 1066 1986 φευκτοῦ
1087 1957 1103 1982 ,
1145 1912 1348 1985 μᾶλλον
1378 1912 1423 1965 δ’
1466 1911 1731 1982 ἁρμόσειε

162 2014 263 2066 νυνὶ
295 2014 363 2065 τὰ
400 2011 681 2082 καθάρσια
714 2010 811 2065 καὶ
840 2010 911 2064 τὰ
942 2008 1232 2078 ἱλαστήρια
1262 2004 1502 2075 θύματα,
1531 2003 1567 2057 ἃ
1588 1996 1730 2072 ὑπὲρ

158 2103 315 2157 ἄλλων
340 2103 532 2157 εἴωθεν
568 2100 821 2169 θύεσθαι,
876 2099 1174 2172 παριστᾷν.
1229 2092 1378 2167 Πλὴν
1441 2096 1565 2148 ἐπεὶ
1606 2091 1730 2164 μηδ’

156 2196 325 2267 ἕτερον
380 2195 478 2248 τοῦ
529 2192 938 2265 σημαινομένου
1000 2186 1069 2263 τῇ
1119 2188 1351 2260 ἀληθείᾳ
1379 2184 1728 2256 λυμαίνεται,

156 2289 384 2353 ἕκαστος,
422 2281 467 2354 ᾧ
518 2286 720 2356 μᾶλλον
771 2284 976 2355 χαίρει,
1021 2280 1184 2335 τοῦτο
1234 2279 1331 2333 καὶ
1363 2276 1633 2350 αίρεῖσθαι
1664 2276 1727 2328 οὐ

162 2380 585 2433 κεκώλυται.¹¹Αν
616 2395 676 2430 τε
704 2376 813 2448 γὰρ
845 2376 921 2439 ὡς
949 2372 1145 2446 ἱερεῖον
1168 2374 1198 2427 ό
1221 2369 1431 2435 Παῦλος
1450 2370 1590 2443 ὑπὲρ
1621 2366 1730 2421 τῶν

159 2472 399 2541 μαθητῶν
434 2471 648 2535 ἐθύετο,
680 2469 773 2523 τὸν
792 2468 1076 2539 Δεσπότην
1124 2461 1379 2536 ἐμιμεῖτο
1430 2462 1528 2517 καὶ
1578 2461 1729 2515 διδά-

158 2565 354 2629 σκαλον,
384 2564 451 2618 ἄν
505 2580 565 2618 τε
620 2563 892 2617 διδάσκων
915 2560 1013 2615 καὶ
1037 2557 1355 2632 παραινῶν,
1415 2557 1511 2610 καὶ
1552 2560 1730 2610 πάντα

155 2663 280 2731 ὑπὲρ
305 2666 403 2733 τῆς
424 2661 608 2715 αὐτῶν
633 2658 910 2731 σωτηρίας
931 2653 1488 2730 πραγματευόμενος,
1512 2643 1588 2716 ὡς
1617 2651 1733 2705 ἄτιο

156 2773 243 2825 μος
272 2758 363 2809 καὶ
413 2753 809 2824 ἐϐδελυγμένος
870 2750 1190 2820 ἐνομίζετο,
1226 2740 1365 2817 πρὸς
1414 2745 1506 2798 τὸν
1563 2743 1728 2797 αὑτὸν

151 2850 355 2923 ἀφορῶν
375 2850 682 2919 Δεσπότην,
724 2846 887 2901 πάλιν
923 2845 1100 2899 ταῦτα
1145 2842 1438 2912 ἐπάσχετο,
1467 2838 1528 2901 ὃς
1555 2837 1728 2892 λοιδο-

156 2944 402 3015 ρούμενος
425 2943 526 2997 καὶ
556 2941 941 3013 ὑϐριζόμενος,
981 2938 1077 2994 καὶ
1105 2938 1216 2992 πᾶν
1259 2929 1403 2999 εῐδος
1435 2932 1727 3003 ὑπομένων

152 3035 335 3107 χλεύης
380 3037 487 3108 τῆς
535 3034 649 3089 τῶν
696 3031 1033 3105 ὑϐριζόντων
1064 3030 1161 3084 καὶ
1198 3026 1727 3101 προπηλακιζόντων

151 3108 408 3202 animata;
432 3130 533 3184 καὶ
559 3126 822 3198 προνοίας
842 3125 943 3179 οὑκ
974 3124 1266 3195 ἀφίστατο.

1833 1830 2042 1897 dicam,
2100 1848 2120 1882 ι
2159 1828 2229 1886 Ut
2268 1838 2630 1901 purgamenta
2674 1830 2865 1884 mundi
2909 1828 3036 1885 facti
3094 1846 3325 1897 sumus,
3374 1840 3436 1886 ut

1833 1924 2029 1981 sordes
2069 1924 2316 1978 omnium
2356 1938 2535 1993 usque
2575 1922 2706 1977 huc.
2758 1942 2778 1974 ι
2817 1920 3083 1989 Quamvis
3133 1922 3281 1977 enim
3326 1940 3431 1979 vox

1832 2011 2302 2083 περικαθάρματα
2360 2010 2526 2065 etiam
2575 2010 2645 2065 de
2692 2008 2916 2064 homine
2962 2010 3333 2065 abominando
3377 2021 3434 2067 et

1835 2105 2095 2174 fugiendo
2120 2102 2367 2158 adhiberi
2394 2101 2591 2173 possit,
2619 2101 2726 2157 hoc
2753 2109 2934 2156 tamen
2952 2100 3074 2157 loco
3101 2104 3433 2157 conveniens

1832 2198 1943 2253 tius
1975 2196 2161 2260 fuerit,
2193 2212 2314 2251 eam
2365 2196 2433 2251 de
2480 2193 2718 2250 victimis
2752 2194 3150 2265 piacularibus,
3203 2211 3327 2265 quae
3378 2195 3432 2249 in

1832 2289 2065 2343 aliorum
2096 2289 2328 2343 salutem
2370 2287 3015 2353 oﬁerrironsueverant,
3059 2288 3430 2358 interpretari.

1831 2380 2103 2447 Quoniam
2146 2388 2330 2434 autem
2357 2387 2556 2435 neuter
2608 2379 2950 2456 significatus
2999 2394 3129 2434 vero
3170 2378 3432 2433 adversa-

1832 2482 1944 2537 tur,
1971 2488 2093 2526 emn
2126 2472 2362 2542 quisque
2405 2471 2606 2543 eligere
2631 2472 2854 2541 poterit,
2891 2471 2987 2543 qui
3022 2473 3258 2526 maxime
3287 2474 3433 2526 arri.

1830 2562 1974 2617 deat.
2011 2561 2138 2616 Sive
2163 2562 2311 2617 enim
2343 2562 2515 2618 instar
2544 2563 2781 2619 victima:
2813 2563 3109 2632 piacularis
3137 2578 3236 2633 pro
3267 2564 3434 2618 disci-

1830 2654 1976 2723 pulis
2011 2652 2345 2707 olIet-ebatur
2376 2652 2580 2709 Paulus
2603 2692 2618 2717 ,
2669 2651 2961 2709 Dominum
3015 2664 3070 2708 et
3104 2656 3430 2725 magistrum

1833 2746 2023 2815 utique
2061 2745 2433 2813 imitabatur;
2462 2746 2579 2800 sive
2606 2750 2814 2800 docens
2858 2744 2977 2815 ipse
3013 2754 3069 2800 et
3101 2746 3429 2811 admonens,

1829 2839 2123 2907 omniaque
2172 2853 2275 2909 pro
2322 2839 2501 2894 salute
2552 2854 2747 2894 eorum
2798 2838 3040 2907 faciens,
3071 2842 3428 2911 contemptim

1829 2931 2135 2988 habebatur
2173 2940 2228 2987 et
2278 2932 2492 2988 invisus
2532 2940 2679 2997 erat,
2721 2934 2884 2987 etiam
2930 2933 3039 2987 hoc
3073 2930 3143 2987 ad
3172 2934 3426 2986 eumdem

1832 3021 2125 3076 Dominum
2158 3021 2482 3091 respiciens,
2523 3020 2953 3091 perpetiebatur.
2990 3019 3083 3076 llle
3112 3021 3259 3076 enim
3291 3036 3429 3076 con-

1749 3106 1793 3164 C
1826 3112 1986 3169 viciis
2019 3121 2075 3168 et
2118 3112 2334 3182 injuriis
2378 3122 2676 3178 oneratus,
2728 3128 3004 3185 omneque
3058 3113 3425 3168 ludibriorum

150 3236 308 3293 genus
336 3236 676 3294 perpessus”
710 3220 999 3276 hominum
1060 3216 1396 3291 injuriorum
1455 3214 1786 3289 probrisque
1822 3206 2210 3266 inscctantiunt
2273 3206 2439 3263 saluti
2512 3214 2569 3263 et
2600 3207 2904 3264 commodis
2933 3207 3269 3279 .proSpicere
3312 3221 3426 3266 non

148 3314 439 3371 desinebat.

220 3409 356 3462 Ἀλλ’
389 3409 473 3472 εἰς
500 3405 693 3477 καιρὸν
722 3404 833 3475 ἄρα
873 3404 975 3474 τῆς
1014 3403 1236 3475 μνήμης
1287 3399 1558 3482 προῆλθεν
1599 3396 1718 3461 καὶ,

146 3502 171 3553 ὃ
193 3501 351 3557 πάλαι
378 3499 754 3571 διηρώτησας,
780 3496 834 3550 τί
854 3514 989 3549 ποτε
1012 3495 1167 3564 δηλοί
1193 3495 1255 3547 τὸ
1279 3495 1337 3547 ἐν
1365 3491 1442 3563 τῷ
1467 3491 1721 3558 Εὑαγγε·

148 3594 235 3665 λίῳ
264 3594 460 3666 ῥηθέν*
496 3611 514 3645 ι
543 3592 655 3646 Kal
681 3590 1015 3659 ἐκολάφισαν
1046 3588 1228 3642 αὐτόν.
1263 3605 1283 3639 ι
1316 3584 1492 3640 Τοῦτο
1513 3583 1572 3636 δὲ
1602 3598 1688 3635 κοι

147 3689 350 3758 νότερον
379 3687 481 3758 μὲν
509 3685 594 3751 τὸ,
623 3682 940 3748 ἐνέπαιξαν,
968 3667 1719 3751 σημαίνει.ΙΙαιδιᾶςδέεἶδός

148 3780 252 3830 ἐστι
288 3776 349 3830 τὸ
381 3773 725 3844 κολαφίζειν,
758 3768 1157 3843 μεταόαλόντος
1186 3764 1281 3819 τοῦ
1325 3764 1503 3827 ἐθους,
1531 3758 1721 3831 ὥσπερ

146 3868 231 3923 καὶ
259 3868 344 3922 ἐπ’
377 3869 557 3922 ἄλλων
588 3864 828 3929 πολλῶν,
853 3862 978 3927 τὸβ
1019 3862 1100 3923 είς
1129 3859 1190 3912 τὸ
1209 3875 1253 3928 59
1279 3873 1294 3889 °
1325 3858 1360 3929 ἡ
1394 3856 1503 3927 γάρ
1543 3854 1723 3907 Ἀττι-

146 3962 363 4026 κίζουσα
422 3958 649 4029 γλῶσσα
696 3955 787 4010 διὰ
820 3953 915 4008 τοῦ
951 3953 1001 4018 β
1026 3950 1228 4024 μᾶλλον
1273 3947 1372 4021 τὴν
1410 3943 1558 4011 λέξιν
1590 3961 1724 4015 προ-

145 4054 313 4125 φέρει.
335 4052 531 4106 Τοίνυν
566 4048 849 4121 μιαιφόνον
867 4044 963 4099 καὶ
985 4043 1280 4113 ἀχάριστον
1305 4037 1414 4092 τῶν
1450 4035 1723 4090 Ἰουδαίων

144 4146 284 4210 ἔθνος
307 4145 399 4200 ἐπὶ
428 4143 685 4197 τοσοῦτον
714 4140 796 4204 είς
828 4138 920 4192 τὸν
944 4134 1245 4205 εὐεργέτην
1273 4133 1386 4196 τοῖς
1414 4130 1605 4200 θυμοῖς
1628 4128 1723 4182 ἅν-

143 4240 411 4312 ηρέθιστο,
445 4237 522 4301 ὡς
549 4234 627 4307 μὴ
668 4235 831 4306 μόνον
860 4234 1050 4304 χεῖρας
1078 4227 1230 4298 αὑτῷ
1260 4224 1477 4296 σφαγῆς
1503 4220 1723 4277 ἀνατεί-

143 4349 268 4397 νειν,
297 4331 416 4387 ἀλλ’
449 4332 499 4384 εί
530 4330 623 4384 καί
646 4347 698 4381 τι
724 4327 864 4391 ὅλως
891 4325 1091 4386 αὐτοὺς
1120 4318 1367 4375 διαλάθοι
1399 4316 1598 4388 χλεύης
1625 4313 1722 4368 καὶ

145 4420 528 4495 μυκτηρισμοῦ
561 4420 657 4474 καὶ
689 4416 1000 4487 ἀσελγείας,
1029 4414 1059 4467 δ
1098 4414 1174 4485 μὴ
1208 4411 1514 4483 ἐντρίψειεν
1546 4406 1718 4478 αὐτῷ,

140 4515 283 4568 οὐδὲν
315 4513 550 4584 ἡγοῦντο
566 4508 915 4581 κατορθῶσαι
937 4506 1102 4577 μέγα.
1132 4503 1291 4560 οὕτω
1314 4501 1520 4557 καὶτὸν
1548 4499 1721 4554 ἀκάν-

141 4604 277 4656 θινον
334 4602 623 4669 στέφανον,
669 4599 765 4654 καὶ
800 4598 891 4651 τὸν
931 4596 1201 4666 κάλαμον,
1241 4594 1339 4647 καὶ
1370 4593 1465 4645 τὸν
1494 4589 1721 4662 βασιλέα

1895 3390 2260 3447 Commodum
2292 3390 2383 3446 hic
2405 3390 2461 3445 in
2495 3400 2733 3446 mentem
2763 3390 2914 3446 venit
2949 3392 3226 3448 recordari
3252 3392 3423 3460 illius,

1824 3485 1969 3557 quod
2003 3485 2132 3539 olim
2162 3500 2229 3539 ex
2268 3499 2355 3539 me
2384 3484 2709 3554 qumsivisti,
2741 3484 2876 3555 quid
2922 3500 3120 3555 nempe
3155 3484 3260 3541 sibi
3298 3486 3427 3540 velit

1824 3576 1979 3641 illud,
2014 3575 2159 3647 quod
2200 3574 2253 3630 in
2283 3573 2581 3646 Evangelio
2604 3574 2849 3630 dicitur:
2892 3592 2912 3627 ι
2948 3574 3015 3630 Ει
3050 3575 3312 3647 colaphos
3345 3576 3422 3631 illi

1824 3668 2257 3741 impegerunt”.
2297 3686 2316 3720 ι
2351 3667 2500 3723 ldem
2535 3668 2747 3723 scilicet
2790 3676 2896 3734 est,
2934 3668 3080 3738 quod
3114 3670 3425 3724 communi-

1827 3770 1911 3814 ter
1937 3775 2034 3829 per
2063 3756 2355 3824 ἐνέπαιξαν
2384 3757 2714 3828 exprimitur
2746 3774 2762 3812 ι
2800 3759 3019 3813 ludibrii
3071 3760 3216 3815 enim
3250 3776 3425 3833 genus

1824 3857 1909 3904 est
1940 3847 2276 3916 κολαφίζειν,
2311 3854 2524 3902 mutato
2570 3845 2781 3901 scilicet
2811 3861 2905 3914 per
2942 3848 3422 3911 consuetudinem,

1824 3938 1973 4010 quod
2018 3946 2075 3992 et
2135 3936 2385 4006 plurimis
2432 3934 2657 3990 vocibus
2699 3935 2824 3989 aliis
2879 3951 2983 3991 usu
3034 3937 3216 4000 venit,
3256 3937 3335 4009 τῷ
3390 3938 3423 4009 β

1824 4031 1879 4086 in
1937 4046 1998 4098 φ.
2064 4027 2243 4083 Attica
2288 4027 2451 4104 enim
2512 4026 2781 4083 dialectus
2848 4028 3073 4083 verbum
3132 4030 3264 4084 illud
3324 4045 3424 4100 per

1826 4122 1857 4193 β
1888 4120 2196 4191 exprimere
2227 4128 2397 4175 amat.
2429 4117 2865 4190 Sauguinolenta
2917 4119 3103 4191 itaque
3130 4128 3186 4175 et
3235 4120 3423 4191 ingra-

1826 4214 2038 4269 tissima
2057 4210 2376 4267 Judmorum
2408 4225 2541 4281 gens
2566 4209 2620 4264 in
2648 4207 3056 4265 benefactorem
3089 4225 3250 4265 suum
3280 4211 3420 4265 adeo

1824 4307 2157 4377 impotenter
2182 4303 2480 4370 ferebatur,
2504 4309 2563 4358 ut
2592 4317 2703 4358 non
2727 4302 2906 4358 solum
2938 4304 3280 4360 truculentas
3302 4319 3415 4358 ma-

1824 4415 1930 4455 nus
1974 4398 2051 4453 illi
2100 4396 2381 4465 injiceret,
2429 4393 2528 4452 sed
2559 4395 2605 4451 si
2651 4394 2782 4465 quid
2814 4393 3067 4460 ludibrii,
3107 4394 3419 4450 subsanna-

1824 4492 1995 4548 tiouis
2019 4499 2075 4547 et
2104 4489 2459 4562 procacitatis
2482 4488 2758 4559 reliquum
2788 4488 3051 4556 adversus
3078 4487 3230 4541 illum
3255 4486 3419 4542 fecis-

1823 4597 1927 4652 εει,
1962 4582 2123 4649 nihil,
2148 4582 2295 4652 quod
2323 4580 2505 4652 magni
2534 4591 2683 4636 esset
2720 4579 3008 4645 momenti,
3035 4578 3327 4649 perfecisse
3357 4596 3420 4634 se

140 4696 318 4749 καὶτὰ
344 4693 581 4748 τοιαῦτα
608 4688 903 4754 ἐνέπαιζον
931 4686 1102 4759 αὐτῷ.
1136 4687 1249 4740 Kal
1289 4684 1385 4739 νῦν
1406 4683 1465 4737 δέ
1495 4699 1661 4752 φησιν
1687 4683 1715 4735 ό

1896 4677 2162 4731 inaretur.
2216 4672 2292 4730 Ita
2331 4683 2386 4729 et
2432 4688 2634 4729 corona
2680 4673 2870 4743 spinea
2915 4682 2970 4726 et
3019 4672 3288 4727 arundine
3326 4688 3419 4726 re-

143 4788 235 4855 μὲν
266 4786 473 4856 ὑψηλὸς
495 4785 591 4839 καὶ
621 4783 799 4851 μέγας
832 4781 1089 4851 Ἰωάννης
1113 4820 1129 4845 ,
1165 4778 1356 4849 ὥσπερ
1411 4776 1718 4847 ἐπιτρέχων

138 4878 227 4949 τὴν
248 4878 427 4949 ὖόριν,
457 4873 836 4945 Καὶ-ἐδίδουν
853 4870 1016 4937 αὐτῷ
1045 4870 1423 4941 ῥαπίσματα.
1461 4869 1520 4923 '0
1542 4868 1599 4921 δὲ
1629 4867 1718 4921 θε-

140 4970 352 5033 σπέσιος
392 4968 620 5037 Μάρκος
673 4966 767 5020 καὶ
820 4965 1101 5028 Ματθαῖος
1138 4963 1339 5035 (μικρά
1387 4963 1497 5035 γὰρ
1543 4963 1578 5033 η
1607 4961 1718 5015 τῶν

140 5060 396 5129 ῥημάτων
429 5056 781 5128 παραλλαγὴ)
814 5056 915 5110 καὶ
955 5056 1017 5109 τὸ
1046 5054 1218 5124 ὄνομα
1249 5053 1350 5125 τῆς
1375 5052 1588 5125 ὕϐρεως
1620 5052 1714 5104 λέ-

137 5165 340 5216 γουσιν,
368 5149 465 5201 καὶ
492 5147 588 5218 τὴν
616 5146 715 5217 τῆς
744 5144 961 5217 ῦὸρεως
1007 5145 1231 5214 πρᾶξιντ
1276 5163 1294 5196 ι
1347 5142 1711 5213 Ἐκολάφισαν

137 5243 237 5315 γάρ
286 5240 475 5307 αὑτὸν,
533 5234 630 5293 καὶ
661 5236 899 5309 ἤρξαντο
953 5236 1386 5308 περικαλύπτειν
1444 5234 1613 5290 αὑτοῦ
1650 5235 1712 5289 τὸ

1824 4773 2017 4844 gisque
2044 4769 2407 4841 appellatione
2444 4777 2498 4822 et
2532 4767 2806 4822 similibus
2833 4767 2880 4822 ei
2918 4765 3240 4821 illudebant.
3292 4763 3415 4820 Jam

1822 4877 1953 4918 vero
1985 4861 2239 4917 sublimis
2284 4868 2339 4914 et
2388 4873 2620 4929 magnus
2647 4856 2973 4924 Joannes“,
3018 4858 3215 4911 factam
3267 4858 3415 4926 inju-

1820 4955 1961 5010 riam
1994 4951 2314 5009 summatim
2348 4949 2739 5021 complexurus
2760 4988 2777 5014 ,
2812 4948 2948 5004 dixit
2980 4966 2995 5004 :
3039 4947 3108 5001 Et
3155 4949 3414 5003 dederunt

1822 5047 1906 5101 illi
1941 5046 2168 5115 alapas;
2218 5042 2332 5097 divi
2384 5051 2569 5098 autem
2606 5041 2884 5098 Marcus“
2940 5052 2992 5096 ct
3040 5039 3412 5105 Mattlueus“,

1821 5140 2039 5211 (exigua
2060 5139 2208 5193 enim
2232 5146 2319 5193 est
2341 5152 2558 5203 vocum,
2584 5136 2787 5206 quibus
2810 5146 3061 5200 utuntur,
3085 5135 3413 5202 differentia)

1821 5239 1875 5288 ct
1900 5231 2184 5303 proprium
2216 5228 2437 5301 injuria:
2459 5228 2624 5300 hujus
2651 5243 2872 5295 nomen,
2903 5240 2958 5283 et
2990 5229 3167 5299 ipsum
3198 5226 3415 5297 injuriae

202 5421 248 5456 ³⁸
293 5420 315 5477 1
357 5422 488 5480 Cor.
523 5438 611 5490 tv,
663 5420 753 5479 1‘2.
830 5422 875 5453 "
919 5419 1111 5476 Matth.
1160 5436 1307 5486 χχιιι,
1341 5419 1431 5476 67.
1508 5420 1554 5451 ⁸⁸
1583 5417 1742 5474 Joau.

1928 5417 1983 5473 ‘5.
2058 5415 2103 5447 “
2148 5414 2317 5474 Marc.
2356 5429 2468 5483 xw,
2510 5413 2602 5471 65.
2678 5412 2725 5445 “
2773 5398 2965 5467 Matth.
2997 5424 3145 5476 xxvn,
3177 5408 3267 5463 67.

1666 5599 1897 5656 ΝυΤΑΞ.

207 5694 322 5768 (13)
354 5695 446 5751 Sic
482 5696 641 5755 Coll).
679 5710 781 5770 pro
816 5695 1225 5768 περιψήμασιν.
