1914 3101
809 2659 912 2692 ium

94 2734 153 2768 l2)
168 2734 206 2761 Ex
218 2733 313 2761 eodem
327 2733 361 2759 -
389 2753 397 2766 ,
426 2741 468 2762 ro
479 2734 519 2765 ὡς
556 2754 563 2766 ,
583 2737 609 2761 et

79 28 129 63 1-31
660 20 789 56 ῬΗὉἸἮ
802 15 1063 59 ΡΑΤΒῘᾹΒΕΗᾸΕ,

79 84 228 120 Snbjnngit
239 83 313 112 enirn
326 93 333 111 :
345 92 358 109 ι
372 82 425 110 Cui
441 81 464 111 si
477 81 750 114 atlenderitisrrecte
762 80 866 108 facitis.
883 83 907 111 Α
919 79 1007 114 λύχνῳ

75 135 146 164 (vos.
156 129 256 165 inquit,
268 136 322 157 non
328 129 390 164 ego)
402 136 425 156 :r
435 132 564 162 tanquam
573 126 704 159 candelae,
714 127 741 154 in
748 126 832 153 obscu
839 132 870 153 ro
920 124 1056 160 διαυγάσῃ

76 176 136 203 loco
150 175 264 208 lucenti,
289 175 377 202 donec
390 173 450 201 dies
465 173 623 206 illucescat,
647 176 675 200 et
697 171 873 208 pliuspborus
923 170 1021 202 δίαιςὺ
1050 169 1062 176 “

75 222 184 248 oriatur
198 221 226 248 iu
241 220 371 248 cordibus
385 219 484 247 vestris
496 219 528 246 ³⁵.
548 228 558 245 ι

96 265 262 300 ρυίΕεΤιο
283 264 417 293 CXXXIII
431 264 526 301 [ϐοῑιι.
538 263 641 298 CLXV,
655 263 737 292 Taur.
750 262 857 300 CLIV].
1049 279 1053 284 -

193 311 265 344 Quid
284 311 427 346 Apostolus
442 315 518 337 uocat
535 319 544 335 ε
563 310 710 344 peripsema
721 309 735 336 .9
747 318 757 336 ι
1024 305 1056 334 Τί

138 368 267 395 Editarum
283 376 297 394 a
307 368 398 393 Wolﬁo
408 366 506 393 decima
522 367 610 398 quinta
622 367 651 399 (l.
669 374 691 392 c.
705 374 730 398 p.
741 365 848 391 ἨΞ-’148
858 364 970 391 Galland.
984 362 1004 388 l.
1016 369 1039 388 c.

114 416 173 449 Vox
191 420 337 457 περίψημα
356 424 447 456 potest
461 419 572 455 quidem
591 419 755 456 simpliciter
769 419 876 456 signiﬁ-
963 416 1019 444 Τὸ(
1048 431 1054 436 ·

75 475 142 495 care
156 467 200 500 id,
220 468 293 502 quod
313 470 499 501 contemptum
524 471 587 501 est,
612 471 640 495 et
665 467 780 502 pedibus
797 466 877 502 quasi
929 463 1037 500 μαίνειν
1058 477 1064 481 -

77 513 243 549 subjectum.
266 512 378 540 Rectius
400 515 468 540 vero
497 520 609 541 sensum
634 512 807 548 expresseris
830 520 878 548 per
927 509 1057 545 ἐγγύθι

77 558 310 593 redemptionem,
330 562 357 584 et
369 557 508 585 Victimam
530 565 580 593 pro
607 557 669 585 aliis
698 557 877 594 piacularem.
928 557 977 584 καὶ
990 555 1063 583 rho

76 604 153 632 Illam
169 604 242 631 enim
264 607 369 630 veteres
388 602 561 638 frequentius
574 603 721 639 περίψημα
742 603 878 639 appellare
926 603 986 631 λεῖν
1002 602 1061 630 hcc

76 654 290 682 consueverunt,
311 647 558 684 appellationisqae
576 649 650 676 illius
672 649 744 677 hanc
758 648 877 677 reddunt
927 648 1018 683 αἰτίαν
1052 662 1056 669 ι

76 697 223 723 rationem.
236 694 469 731 Quandocunque
482 699 590 724 Veteres
606 695 635 723 in
650 695 737 724 divini
751 695 877 723 Numinis
926 693 1038 721 ἐπειδάν

76 741 292 776 indignationem
313 742 479 775 inciderant,
498 748 636 778 pravoque
658 741 794 770 factorum
816 738 913 778 ραι-Β
926 747 1006 772 movi
1058 754 1060 756 π

75 795 127 815 nas
152 795 168 815 a
194 795 224 815 se
242 787 328 822 repeti
351 788 521 821 sentiebant,
547 793 606 816 tum
631 787 706 816 circa
719 793 805 815 unum
819 787 873 816 ali-
923 785 1031 814 τεῖσθαι
1052 800 1054 805 -

75 841 157 869 quem
172 841 302 866 suorum,
315 833 363 869 qui
376 834 420 862 vel
436 838 513 862 sorte
536 833 658 862 delectus
679 837 748 866 erat,
767 833 810 862 vel
823 841 874 861 suo
923 830 965 859 ἑνί
982 838 1038 859 τινι

76 877 192 905 arbitrio
206 881 290 912 atque
303 878 372 905 adeo
387 881 484 913 sponte
501 885 531 906 se
544 885 593 913 pro
603 877 731 905 omnibus
747 877 774 905 in
793 877 873 905 victi-
923 875 1056 913 προθύμ

77 931 150 951 mam
170 924 268 952 sistere
282 931 384 959 eosque
396 924 510 960 expiare
524 928 656 952 statuerat
668 944 676 958 ,
693 924 803 959 agmine
829 917 874 951 fa;
923 920 1039 958 προθὺι

76 975 131 1004 ctu,
143 969 285 1005 cingentes
297 969 425 998 manibus
437 976 500 998 eum
516 973 638 1005 tangere,
652 969 774 1005 palpare,
787 975 817 997 et
825 969 873 997 de-
923 967 1004 1004 χερσὶ

77 1015 158 1044 linire
180 1016 259 1051 quasi
288 1015 434 1050 solebant,
461 1015 609 1044 dicentes:
641 1024 653 1042 ι
672 1015 717 1043 Sis
747 1019 872 1044 nostrum
923 1013 1015 1050 ἡμῶν,
1030 1013 1054 1034 Γ

75 1061 239 1097 peripsema.
256 1069 267 1086 ι
302 1059 368 1088 inde
394 1060 476 1095 igitur
507 1059 610 1088 factum
636 1064 694 1093 est,
709 1064 739 1088 ut
760 1060 873 1092 Paulus,
924 1069 970 1093 κις
999 1067 1053 1087 ε·

75 1107 123 1142 qui
142 1107 228 1134 multa
238 1113 312 1142 saepe
322 1106 462 1142 sapienter
477 1106 506 1134 in
525 1106 688 1143 obsequium
710 1106 811 1134 Chriin
827 1113 873 1134 re-
923 1106 972 1134 coit
1001 1106 1039 1134 ι

75 1152 166 1188 degit,
191 1153 262 1180 idem
294 1159 349 1180 non
376 1153 469 1180 minus
493 1152 527 1181 de
555 1153 703 1188 phrasibus
731 1152 872 1189 gentilium
923 1152 975 1189 οὐχ
985 1152 1038 1188 ὅση

76 1197 187 1230 laceret,
199 1204 252 1225 non
265 1198 291 1225 in
302 1201 435 1233 quantum
446 1203 562 1234 compte
574 1197 627 1225 ilice
635 1201 727 1226 essent
734 1203 764 1225 et
772 1197 873 1232 jncun-
923 1200 977 1235 δση
986 1206 1005 1234 γ
1038 1215 1042 1225 ι

75 1243 117 1270 da:
136 1243 251 1276 auditu,
276 1243 324 1271 sed
347 1243 374 1271 in
388 1249 522 1279 quantum
543 1243 578 1271 ad
595 1251 654 1271 rem
673 1247 748 1271 rem
767 1242 874 1278 εἰδυῖα·
924 1244 1024 1282 Kuh-ll

79 1289 195 1316 «aridam
211 1294 239 1317 et
253 1289 502 1325 repraesentandam
524 1291 627 1325 optime
650 1293 744 1318 essent
762 1293 874 1317 accom-
925 1291 996 1327 πρὸς
1013 1290 1038 1318 Κ

78 1335 207 1363 ιιιοιιειιεε.
224 1335 325 1363 Vocem
341 1336 433 1371 itaque
454 1335 590 1370 ejusmodi
616 1335 645 1363 h.
667 1334 688 1363 Ι.
704 1335 827 1370 deligens
839 1334 874 1363 ad
924 1337 982 1364 B‘m
997 1335 1036 1372 τὰ

74 1382 234 1410 Corinthios
250 1382 348 1410 scribit
362 1390 370 1410 :
391 1391 402 1409 ι
419 1382 551 1410 Omnium
566 1382 657 1410 factus
672 1389 734 1409 sum
751 1381 875 1417 peripstr
925 1381 991 1410 In
1043 1387 1046 1388 '

74 1436 119 1456 ma
129 1428 163 1457 ³⁸.
183 1438 193 1456 ι
216 1428 286 1458 Vere
311 1429 402 1463 enim,
422 1433 552 1465 tanquam
577 1428 692 1457 victima
725 1426 874 1463 piaeularis
887 1420 910 1453 C
925 1426 984 1456 cui
1036 1440 1039 1447 ι

73 1474 212 1506 omnium,
227 1475 321 1502 omnia
339 1475 527 1503 calamitatqu
550 1481 650 1510 genera
664 1474 828 1506 sustinebat.
845 1476 874 1501 et
923 1470 1033 1502 ικίινόυ

74 1520 241 1552 vexabantur,
278 1525 306 1548 et
334 1520 485 1549 durissima
519 1526 635 1556 quaeque
659 1519 872 1555 perpetiebatur.
925 1519 1024 1557 ἡμιτό

75 1566 152 1594 Mitto
177 1567 242 1594 alia.
269 1566 379 1594 Invenio
396 1574 461 1595 vero
479 1571 508 1595 et
530 1566 612 1594 aliam
631 1565 755 1602 ejusdem
772 1565 873 1593 dictlov
925 1565 1042 1599 στρων

75 1618 156 1644 nem,
182 1619 245 1639 cum
268 1612 377 1639 caeteris
386 1612 520 1640 omnibus
534 1611 750 1647 comparandam
767 1617 775 1638 :
794 1619 804 1637 ι
821 1609 874 1641 Per
923 1612 973 1640 καὶ
993 1620 1004 1639 ι
1035 1627 1037 1629 -

76 1658 270 1693 gloriationem
284 1664 408 1688 nostram
431 1660 458 1687 in
475 1659 535 1687 dies
550 1659 666 1686 morior.
684 1667 695 1686 ι
718 1657 800 1687 Vides
817 1656 874 1685 uti-
897 1669 899 1671 ·
922 1657 991 1695 usu
1014 1672 1028 1678 -ι

76 1711 143 1739 que,
173 1704 313 1738 quomodo
320 1705 445 1732 omnium
459 1704 542 1732 luerit
557 1703 695 1739 piaculum
710 1707 738 1732 et
751 1703 872 1736 victima,
923 1702 1026 1736 Ιευιοιν

76 1754 104 1777 ct
117 1750 277 1785 peripuma.
289 1749 385 1786 Neque
399 1751 473 1778 enim
495 1757 547 1786 pro
559 1748 662 1778 ludatis
685 1749 775 1778 solum
798 1749 873 1776 intra
927 1749 965 1772 (ιι
1002 1766 1005 1772 ι

77 1803 108 1823 se
125 1796 256 1823 urebatur
271 1799 299 1824 et
315 1795 441 1830 ardebat,
455 1795 580 1831 lorisque
604 1794 710 1824 inﬁnita
726 1794 796 1823 mala
822 1801 873 1830 pa-
922 1798 995 1834 stays,
1019 1825 1022 1828 ,

78 1841 213 1874 tiebatnr;
231 1849 320 1877 neque
344 1849 395 1877 pro
410 1841 535 1878 cognatis
550 1846 676 1874 tantum.
698 1840 747 1870 sed
774 1845 803 1870 et
822 1846 873 1878 pro
924 1847 973 1871 νυν
983 1840 999 1868 ι
1017 1874 1020 1878 ,

77 1886 185 1914 Graecis
196 1891 225 1914 et
236 1886 374 1920 barbaris,
383 1887 569 1922 omnibusque
577 1885 693 1914 omnino
703 1883 872 1918 hominibus,
921 1886 1005 1923 λόγω
1014 1886 1021 1904 η’

78 1939 144 1959 num
159 1940 241 1968 quem
269 1933 397 1966 fortasse,
421 1933 494 1969 quod
522 1934 579 1968 ipse
602 1932 748 1964 clamabat.
765 1931 873 1959 salvam
922 1933 1009 1971 νῆσοα

77 1982 171 2012 posset
181 1978 214 2006 ⁸⁸.
226 1978 304 2012 Quod
319 1980 401 2015 igitur
415 1978 539 2015 quotidie
555 1978 648 2010 ﬁebat,
661 1977 688 2006 id
700 1977 792 2006 verbis
803 1984 873 2013 quo-
982 1974 983 1978 “

78 2031 130 2057 que
144 2025 361 2057 contestabatur.
380 2034 390 2052 ι
411 2025 534 2053 omnium
550 2031 581 2052 se
595 2024 748 2060 peripsetna
766 2022 872 2051 fama

76 2076 149 2102 esse,
166 2078 176 2094 ι
193 2069 343 2104 professus.

111 2113 189 2141 "Illic
223 2122 288 2143 vero
317 2115 500 2151 signiﬁcatum
527 2115 620 2144 ﬁrmat
643 2115 703 2151 ipsa
732 2113 870 2143 sermonis
882 2101 910 2132 D
961 2113 997 2142 Is

75 2157 172 2185 series.
186 2156 245 2185 Non
257 2158 343 2192 enim,
356 2159 454 2193 inquit,
470 2159 648 2194 pudol'aciens
660 2166 710 2187 vos
723 2158 782 2188 haec
795 2158 868 2192 dico,
922 2159 941 2196 ἠ
969 2175 983 2181 η

76 2203 126 2231 hoc
149 2208 202 2236 est,
220 2204 279 2231 Non
293 2206 429 2240 exprobro
443 2206 520 2234 vobis
541 2205 750 2234 beneﬁcentiam
767 2211 867 2238 meam,
922 2207 938 2234 ὖ
967 2221 971 2228 ν
986 2223 991 2227 -

75 2255 164 2283 neque
181 2249 311 2277 beneﬁcia
327 2251 406 2279 vobis
427 2251 561 2279 exhibita.
577 2250 650 2285 Quid
668 2249 772 2286 igitur?
787 2254 819 2277 ut
833 2249 867 2277 11-
921 2260 974 2288 αρτ

74 2293 127 2320 lioa
141 2294 254 2322 dilectos
269 2296 362 2330 potius
385 2297 520 2325 admoneo
529 2297 562 2324 ⁸⁷.
582 2296 667 2325 Filios
685 2297 760 2324 enim
773 2302 867 2332 pater-
913 2297 967 2332 ’ἀγ

73 2344 116 2364 me
131 2338 315 2368 beneﬁcentia:
342 2342 501 2370 meminisse
521 2342 609 2374 decet,
632 2342 660 2370 in
672 2342 780 2377 primis,
800 2349 866 2370 cum
919 2349 963 2376 γι

72 2390 128 2410 non
141 2384 304 2418 simpliciter
320 2391 386 2414 sunt
398 2387 458 2420 ﬁlii,
481 2388 529 2415 sed
542 2387 626 2415 etiam
641 2388 744 2416 dilecti.
766 2387 869 2417 Sensus
918 2387 956 2422 ἀγ

71 2427 164 2462 itaque
178 2433 244 2456 est:
263 2428 316 2457 Vos
330 2430 399 2458 adeo
416 2432 483 2459 mihi
508 2431 628 2464 vindico,
653 2437 737 2467 atque
761 2431 800 2460 ita
821 2441 868 2460 ve-
939 2446 944 2453 ι

69 2467 120 2498 atri
133 2478 228 2498 amore
250 2472 347 2505 ardeo,
369 2478 398 2500 ut
421 2482 475 2501 non
499 2474 622 2502 dubitem
643 2476 793 2511 peripsema
815 2483 864 2510 pro
911 2483 943 2504 ι

69 2515 146 2543 vobis
159 2515 238 2549 ﬁeri,
263 2520 291 2543 et
312 2517 339 2544 in
360 2521 480 2546 vestrum
505 2520 679 2548 commodum
706 2529 750 2550 me
770 2521 859 2556 ipsum
932 2537 937 2541 -

98 2593 122 2610 “
140 2593 163 2621 ll
173 2593 246 2622 Pctr.
261 2602 282 2627 ι,
305 2595 348 2622 l9.
386 2595 410 2611 ³⁸
435 2595 446 2622 l
473 2596 537 2624 Cor.
561 2605 606 2631 xv,
623 2597 668 2626 51,
707 2596 754 2624 ³⁶Ι
778 2598 841 2626 Cor.
864 2606 902 2631 lx,

809 2659 912 2692 NOT/E

94 2698 154 2768 ill)
168 2698 280 2734 γνώμης
293 2706 325 2726 ex
342 2698 418 2726 Cnlb.
431 2706 482 2734 pro
497 2698 633 2733 γνώσεω;.

109 2734 153 2764 l2)
168 2734 206 2761 Ex
218 2733 313 2761 eodem
327 2733 397 2769 ὤση,
417 2741 468 2770 pro
479 2734 519 2765 ὡς
537 2734 563 2768 ή,
583 2737 609 2761 et
627 2741 689 2762 mox
708 2734 765 2760 ἀλλ’
779 2734 838 2770 ὅση,
858 2743 903 2770 pr
