  <div class='ocr_page' id='page_1' title='image "/cluster/home/n/w/nwhite01/storage/ocr_20150623/101 pt.1/mdp.39015061955830/390.png"; bbox 0 0 1914 3101; ppageno 0'>
   <div class='ocr_carea' id='block_1_1' title="bbox 12 59 832 213">
    <p class='ocr_par' dir='ltr' id='par_1_1' title="bbox 765 154 828 190">
     <span class='ocr_line' id='line_1_1' title="bbox 765 154 828 190; baseline -0.016 -9"><span class='ocrx_word' id='word_1_1' title='bbox 765 154 828 190; x_wconf 79' lang='grc' dir='ltr'>ικὴν</span> 
     </span>
    </p>
   </div>
   <div class='ocr_carea' id='block_1_2' title="bbox 12 230 860 733">
    <p class='ocr_par' dir='ltr' id='par_1_2' title="bbox 731 247 856 733">
     <span class='ocr_line' id='line_1_2' title="bbox 747 247 851 281; baseline -0.01 -8"><span class='ocrx_word' id='word_1_2' title='bbox 747 247 760 273; x_wconf 71' lang='grc' dir='ltr'>ἒ</span> <span class='ocrx_word' id='word_1_3' title='bbox 782 255 851 281; x_wconf 82' lang='grc' dir='ltr'><strong>συμ-</strong></span> 
     </span>
     <span class='ocr_line' id='line_1_3' title="bbox 752 291 851 327; baseline -0.02 -9"><span class='ocrx_word' id='word_1_4' title='bbox 752 291 851 327; x_wconf 82' lang='grc' dir='ltr'>ύμενον</span> 
     </span>
     <span class='ocr_line' id='line_1_4' title="bbox 756 336 854 364; baseline -0.01 0"><span class='ocrx_word' id='word_1_5' title='bbox 756 345 774 364; x_wconf 81' lang='grc' dir='ltr'>α</span> <span class='ocrx_word' id='word_1_6' title='bbox 787 336 854 364; x_wconf 84' lang='grc' dir='ltr'><strong>Ῥω-</strong></span> 
     </span>
     <span class='ocr_line' id='line_1_5' title="bbox 748 384 853 410; baseline -0.01 0"><span class='ocrx_word' id='word_1_7' title='bbox 748 385 777 410; x_wconf 71' lang='grc' dir='ltr'>δὲ</span> <span class='ocrx_word' id='word_1_8' title='bbox 800 384 853 410; x_wconf 75' lang='grc' dir='ltr'><strong>πά-</strong></span> 
     </span>
     <span class='ocr_line' id='line_1_6' title="bbox 752 430 854 464; baseline -0.02 -6"><span class='ocrx_word' id='word_1_9' title='bbox 752 430 854 464; x_wconf 84' lang='grc' dir='ltr'><strong>πεκλη-</strong></span> 
     </span>
     <span class='ocr_line' id='line_1_7' title="bbox 735 476 854 514; baseline -0.017 -10"><span class='ocrx_word' id='word_1_10' title='bbox 735 476 854 514; x_wconf 78' lang='grc' dir='ltr'><strong>ρασκευὴ</strong></span> 
     </span>
     <span class='ocr_line' id='line_1_8' title="bbox 732 523 855 558; baseline 0 -9"><span class='ocrx_word' id='word_1_11' title='bbox 732 530 771 549; x_wconf 80' lang='grc' dir='ltr'><strong>ιον</strong></span> <span class='ocrx_word' id='word_1_12' title='bbox 783 523 855 558; x_wconf 83' lang='grc' dir='ltr'>μῆνα</span> 
     </span>
     <span class='ocr_line' id='line_1_9' title="bbox 735 569 855 596; baseline -0.017 0"><span class='ocrx_word' id='word_1_13' title='bbox 735 569 855 596; x_wconf 77' lang='grc' dir='ltr'><strong>ιλόπονον</strong></span> 
     </span>
     <span class='ocr_line' id='line_1_10' title="bbox 741 609 856 650; baseline -0.009 -9"><span class='ocrx_word' id='word_1_14' title='bbox 741 609 806 650; x_wconf 77' lang='lat' dir='ltr'><strong>(t7).</strong></span> <span class='ocrx_word' id='word_1_15' title='bbox 823 614 856 640; x_wconf 77' lang='grc' dir='ltr'>ὐ</span> 
     </span>
     <span class='ocr_line' id='line_1_11' title="bbox 741 656 856 691; baseline -0.009 -5"><span class='ocrx_word' id='word_1_16' title='bbox 741 668 782 686; x_wconf 81' lang='grc' dir='ltr'>σιν</span> <span class='ocrx_word' id='word_1_17' title='bbox 790 656 856 691; x_wconf 74' lang='grc' dir='ltr'><strong>οἶδε,</strong></span> 
     </span>
     <span class='ocr_line' id='line_1_12' title="bbox 731 705 856 733; baseline 0.008 -1"><span class='ocrx_word' id='word_1_18' title='bbox 731 705 856 733; x_wconf 73' lang='grc' dir='ltr'><strong>παλαιὸν.</strong></span> 
     </span>
    </p>
   </div>
   <div class='ocr_carea' id='block_1_3' title="bbox 12 733 863 1331">
    <p class='ocr_par' dir='ltr' id='par_1_3' title="bbox 728 750 858 828">
     <span class='ocr_line' id='line_1_13' title="bbox 728 750 858 785; baseline -0.008 -9"><span class='ocrx_word' id='word_1_19' title='bbox 728 750 858 785; x_wconf 82' lang='grc' dir='ltr'><strong>λοῠστρον</strong></span> 
     </span>
     <span class='ocr_line' id='line_1_14' title="bbox 745 794 857 828; baseline -0.009 -6"><span class='ocrx_word' id='word_1_20' title='bbox 745 795 801 828; x_wconf 75' lang='grc' dir='ltr'><strong>τὸν,</strong></span> <span class='ocrx_word' id='word_1_21' title='bbox 819 794 857 826; x_wconf 82' lang='grc' dir='ltr'>ὦς</span> 
     </span>
    </p>

    <p class='ocr_par' dir='ltr' id='par_1_4' title="bbox 722 849 858 1106">
     <span class='ocr_line' id='line_1_15' title="bbox 722 849 855 873; baseline -0.008 -6"><span class='ocrx_word' id='word_1_22' title='bbox 722 856 727 861; x_wconf 66' lang='grc' dir='ltr'><strong>-τ</strong></span> <span class='ocrx_word' id='word_1_23' title='bbox 733 850 779 873; x_wconf 81' lang='grc' dir='ltr'><strong>τος</strong></span> <span class='ocrx_word' id='word_1_24' title='bbox 790 849 855 867; x_wconf 82' lang='grc' dir='ltr'>πεν-</span> 
     </span>
     <span class='ocr_line' id='line_1_16' title="bbox 725 892 857 914; baseline -0.015 0"><span class='ocrx_word' id='word_1_25' title='bbox 725 892 783 914; x_wconf 66' lang='grc' dir='ltr'>(ιιον</span> <span class='ocrx_word' id='word_1_26' title='bbox 808 895 857 912; x_wconf 81' lang='grc' dir='ltr'><strong>πε-</strong></span> 
     </span>
     <span class='ocr_line' id='line_1_17' title="bbox 722 934 858 969; baseline -0.015 -9"><span class='ocrx_word' id='word_1_27' title='bbox 722 934 858 969; x_wconf 76' lang='grc' dir='ltr'><strong>ινέμησιν</strong></span> 
     </span>
     <span class='ocr_line' id='line_1_18' title="bbox 744 978 857 1006; baseline -0.009 0"><span class='ocrx_word' id='word_1_28' title='bbox 744 979 779 1006; x_wconf 79' lang='grc' dir='ltr'><strong>λὰ</strong></span> <span class='ocrx_word' id='word_1_29' title='bbox 792 978 857 1006; x_wconf 80' lang='grc' dir='ltr'><strong>ταύ-</strong></span> 
     </span>
     <span class='ocr_line' id='line_1_19' title="bbox 730 1025 858 1060; baseline 0 -10"><span class='ocrx_word' id='word_1_30' title='bbox 730 1025 858 1060; x_wconf 68' lang='grc' dir='ltr'><strong>ρχαιύτης</strong></span> 
     </span>
     <span class='ocr_line' id='line_1_20' title="bbox 735 1070 858 1106; baseline 0 -10"><span class='ocrx_word' id='word_1_31' title='bbox 735 1070 858 1106; x_wconf 73' lang='grc' dir='ltr'>,ογράφει</span> 
     </span>
    </p>

    <p class='ocr_par' dir='ltr' id='par_1_5' title="bbox 717 1116 859 1328">
     <span class='ocr_line' id='line_1_21' title="bbox 718 1116 858 1151; baseline -0.014 -7"><span class='ocrx_word' id='word_1_32' title='bbox 718 1135 720 1137; x_wconf 62' lang='grc' dir='ltr'><strong><em>τ</em></strong></span> <span class='ocrx_word' id='word_1_33' title='bbox 734 1137 742 1150; x_wconf 82' lang='grc'><em>,</em></span> <span class='ocrx_word' id='word_1_34' title='bbox 754 1117 795 1144; x_wconf 81' lang='grc' dir='ltr'><strong>ὅτι</strong></span> <span class='ocrx_word' id='word_1_35' title='bbox 809 1116 858 1151; x_wconf 83' lang='grc' dir='ltr'><strong>τὴν</strong></span> 
     </span>
     <span class='ocr_line' id='line_1_22' title="bbox 717 1162 858 1199; baseline -0.014 -9"><span class='ocrx_word' id='word_1_36' title='bbox 717 1162 749 1190; x_wconf 70' lang='grc' dir='ltr'><strong><em>ιο</em></strong></span> <span class='ocrx_word' id='word_1_37' title='bbox 765 1162 858 1199; x_wconf 70' lang='grc' dir='ltr'>μαθὼν</span> 
     </span>
     <span class='ocr_line' id='line_1_23' title="bbox 729 1208 858 1243; baseline -0.008 -8"><span class='ocrx_word' id='word_1_38' title='bbox 729 1208 858 1243; x_wconf 73' lang='grc' dir='ltr'><strong>ὖγουστος</strong></span> 
     </span>
     <span class='ocr_line' id='line_1_24' title="bbox 723 1255 858 1293; baseline -0.015 -10"><span class='ocrx_word' id='word_1_39' title='bbox 723 1255 791 1293; x_wconf 70' lang='grc' dir='ltr'><strong>¹υτοῦ</strong></span> <span class='ocrx_word' id='word_1_40' title='bbox 819 1256 858 1287; x_wconf 78' lang='grc' dir='ltr'><strong>εἰς</strong></span> 
     </span>
     <span class='ocr_line' id='line_1_25' title="bbox 750 1300 859 1328; baseline -0.018 0"><span class='ocrx_word' id='word_1_41' title='bbox 750 1300 859 1328; x_wconf 73' lang='grc' dir='ltr'><strong>Πολιτι-</strong></span> 
     </span>
    </p>
   </div>
   <div class='ocr_carea' id='block_1_4' title="bbox 12 1331 863 1464">
    <p class='ocr_par' dir='ltr' id='par_1_6' title="bbox 736 1347 859 1464">
     <span class='ocr_line' id='line_1_26' title="bbox 736 1347 859 1379; baseline -0.008 -5"><span class='ocrx_word' id='word_1_42' title='bbox 736 1357 749 1379; x_wconf 83' lang='grc' dir='ltr'><strong><em>ς</em></strong></span> <span class='ocrx_word' id='word_1_43' title='bbox 771 1347 859 1374; x_wconf 79' lang='grc' dir='ltr'><strong>ἐτεσιν</strong></span> 
     </span>
     <span class='ocr_line' id='line_1_27' title="bbox 739 1400 858 1428; baseline -0.017 -7"><span class='ocrx_word' id='word_1_44' title='bbox 739 1402 753 1421; x_wconf 87' lang='grc' dir='ltr'>ν</span> <span class='ocrx_word' id='word_1_45' title='bbox 770 1400 858 1428; x_wconf 74' lang='grc' dir='ltr'>πραγ-</span> 
     </span>
     <span class='ocr_line' id='line_1_28' title="bbox 744 1438 857 1464; baseline 0 0"><span class='ocrx_word' id='word_1_46' title='bbox 744 1438 857 1464; x_wconf 55' lang='lat' dir='ltr'><strong>dimittite.</strong></span> 
     </span>
    </p>
   </div>
   <div class='ocr_carea' id='block_1_5' title="bbox 12 1464 864 2146">
    <p class='ocr_par' dir='ltr' id='par_1_7' title="bbox 717 1487 861 1707">
     <span class='ocr_line' id='line_1_29' title="bbox 717 1487 859 1520; baseline -0.007 -6"><span class='ocrx_word' id='word_1_47' title='bbox 717 1487 771 1520; x_wconf 82' lang='grc' dir='ltr'>νὺς</span> <span class='ocrx_word' id='word_1_48' title='bbox 785 1487 859 1513; x_wconf 75' lang='grc' dir='ltr'><strong>ἱστα-</strong></span> 
     </span>
     <span class='ocr_line' id='line_1_30' title="bbox 723 1533 859 1570; baseline -0.015 -9"><span class='ocrx_word' id='word_1_49' title='bbox 723 1533 859 1570; x_wconf 73' lang='grc' dir='ltr'><strong>ρυάλωτος</strong></span> 
     </span>
     <span class='ocr_line' id='line_1_31' title="bbox 726 1578 861 1614; baseline 0 0"><span class='ocrx_word' id='word_1_50' title='bbox 726 1588 760 1614; x_wconf 88' lang='grc' dir='ltr'>ην</span> <span class='ocrx_word' id='word_1_51' title='bbox 774 1578 861 1614; x_wconf 81' lang='grc' dir='ltr'><strong>ἀρχὴν</strong></span> 
     </span>
     <span class='ocr_line' id='line_1_32' title="bbox 725 1626 861 1662; baseline -0.015 -9"><span class='ocrx_word' id='word_1_52' title='bbox 725 1626 861 1662; x_wconf 80' lang='grc' dir='ltr'><strong>τιμῶντες</strong></span> 
     </span>
     <span class='ocr_line' id='line_1_33' title="bbox 744 1672 860 1707; baseline -0.017 -8"><span class='ocrx_word' id='word_1_53' title='bbox 744 1672 860 1707; x_wconf 76' lang='grc' dir='ltr'><strong>μάλιστα</strong></span> 
     </span>
    </p>

    <p class='ocr_par' dir='ltr' id='par_1_8' title="bbox 696 1719 862 2146">
     <span class='ocr_line' id='line_1_34' title="bbox 717 1719 861 1748; baseline -0.021 -2"><span class='ocrx_word' id='word_1_54' title='bbox 717 1719 746 1746; x_wconf 75' lang='grc' dir='ltr'>σν</span> <span class='ocrx_word' id='word_1_55' title='bbox 769 1719 861 1748; x_wconf 79' lang='grc' dir='ltr'>αὐτοῖς</span> 
     </span>
     <span class='ocr_line' id='line_1_35' title="bbox 711 1809 862 1843; baseline -0.013 -6"><span class='ocrx_word' id='word_1_56' title='bbox 711 1827 712 1830; x_wconf 62' lang='grc' dir='ltr'><strong>η</strong></span> <span class='ocrx_word' id='word_1_57' title='bbox 734 1810 780 1837; x_wconf 73' lang='grc' dir='ltr'>τὸν</span> <span class='ocrx_word' id='word_1_58' title='bbox 796 1809 862 1843; x_wconf 75' lang='grc' dir='ltr'><strong>κλῆ-</strong></span> 
     </span>
     <span class='ocr_line' id='line_1_36' title="bbox 709 1864 861 1891; baseline -0.013 -8"><span class='ocrx_word' id='word_1_59' title='bbox 709 1865 777 1888; x_wconf 82' lang='grc' dir='ltr'><strong>τος.</strong></span> <span class='ocrx_word' id='word_1_60' title='bbox 798 1864 861 1891; x_wconf 84' lang='grc' dir='ltr'><strong>μετ-</strong></span> 
     </span>
     <span class='ocr_line' id='line_1_37' title="bbox 729 1901 860 1935; baseline -0.008 -6"><span class='ocrx_word' id='word_1_61' title='bbox 729 1913 744 1929; x_wconf 92' lang='grc' dir='ltr'><strong>ν</strong></span> <span class='ocrx_word' id='word_1_62' title='bbox 761 1901 860 1935; x_wconf 74' lang='grc' dir='ltr'>εὐσεϐῆ</span> 
     </span>
     <span class='ocr_line' id='line_1_38' title="bbox 712 1947 862 1984; baseline -0.02 -9"><span class='ocrx_word' id='word_1_63' title='bbox 712 1956 791 1984; x_wconf 78' lang='grc' dir='ltr'><strong>στησι</strong></span> <span class='ocrx_word' id='word_1_64' title='bbox 814 1947 862 1974; x_wconf 81' lang='grc' dir='ltr'><strong>καὶ</strong></span> 
     </span>
     <span class='ocr_line' id='line_1_39' title="bbox 702 1992 860 2024; baseline -0.013 -4"><span class='ocrx_word' id='word_1_65' title='bbox 702 1992 818 2024; x_wconf 71' lang='grc' dir='ltr'><strong>δούσας</strong></span> <span class='ocrx_word' id='word_1_66' title='bbox 831 2000 860 2018; x_wconf 79' lang='grc' dir='ltr'>τε</span> 
     </span>
     <span class='ocr_line' id='line_1_40' title="bbox 710 2040 860 2077; baseline -0.02 -9"><span class='ocrx_word' id='word_1_67' title='bbox 710 2040 761 2077; x_wconf 68' lang='grc' dir='ltr'>τὴν</span> <span class='ocrx_word' id='word_1_68' title='bbox 784 2040 860 2075; x_wconf 82' lang='grc' dir='ltr'><strong>πρώ-</strong></span> 
     </span>
     <span class='ocr_line' id='line_1_41' title="bbox 696 2086 860 2122; baseline -0.018 -9"><span class='ocrx_word' id='word_1_69' title='bbox 696 2086 860 2122; x_wconf 79' lang='grc' dir='ltr'><strong>δημοτελέσι</strong></span> 
     </span>
     <span class='ocr_line' id='line_1_42' title="bbox 697 2132 861 2146; baseline 0 0"><span class='ocrx_word' id='word_1_70' title='bbox 697 2142 712 2146; x_wconf 58' lang='grc' dir='ltr'><strong>ιλ</strong></span> <span class='ocrx_word' id='word_1_71' title='bbox 727 2132 801 2146; x_wconf 58' lang='grc' dir='ltr'><strong>ια--.κ</strong></span> <span class='ocrx_word' id='word_1_72' title='bbox 816 2133 861 2146; x_wconf 66' lang='grc' dir='ltr'><strong>ἰιι</strong></span> 
     </span>
    </p>
   </div>
   <div class='ocr_carea' id='block_1_6' title="bbox 12 2146 837 2231">
    <p class='ocr_par' dir='ltr' id='par_1_9' title="bbox 698 2146 830 2159">
     <span class='ocr_line' id='line_1_43' title="bbox 698 2146 830 2159; baseline -0.015 0"><span class='ocrx_word' id='word_1_73' title='bbox 698 2146 712 2159; x_wconf 91' lang='grc' dir='ltr'>ν</span> <span class='ocrx_word' id='word_1_74' title='bbox 727 2146 802 2159; x_wconf 70' lang='grc' dir='ltr'><strong>ιυιιυ</strong></span> <span class='ocrx_word' id='word_1_75' title='bbox 816 2146 830 2157; x_wconf 66' lang='grc' dir='ltr'><strong>’Β</strong></span> 
     </span>
    </p>
   </div>
   <div class='ocr_carea' id='block_1_7' title="bbox 12 2231 864 3090">
    <p class='ocr_par' dir='ltr' id='par_1_10' title="bbox 696 2232 863 2260">
     <span class='ocr_line' id='line_1_44' title="bbox 696 2232 863 2260; baseline -0.018 -8"><span class='ocrx_word' id='word_1_76' title='bbox 696 2234 711 2252; x_wconf 90' lang='grc' dir='ltr'><strong>ν</strong></span> <span class='ocrx_word' id='word_1_77' title='bbox 724 2232 863 2260; x_wconf 79' lang='grc' dir='ltr'><strong>προηγου-</strong></span> 
     </span>
    </p>

    <p class='ocr_par' dir='ltr' id='par_1_11' title="bbox 675 2271 864 2351">
     <span class='ocr_line' id='line_1_45' title="bbox 680 2271 863 2303; baseline -0.016 -6"><span class='ocrx_word' id='word_1_78' title='bbox 680 2271 693 2297; x_wconf 81' lang='grc' dir='ltr'>έ</span> <span class='ocrx_word' id='word_1_79' title='bbox 715 2280 747 2303; x_wconf 81' lang='grc' dir='ltr'>γε</span> <span class='ocrx_word' id='word_1_80' title='bbox 761 2272 863 2297; x_wconf 75' lang='grc' dir='ltr'><strong>ἐπωνυ-</strong></span> 
     </span>
     <span class='ocr_line' id='line_1_46' title="bbox 675 2315 864 2351; baseline -0.016 -7"><span class='ocrx_word' id='word_1_81' title='bbox 675 2318 773 2349; x_wconf 75' lang='grc' dir='ltr'>τζουσα</span> <span class='ocrx_word' id='word_1_82' title='bbox 787 2315 864 2351; x_wconf 82' lang='grc' dir='ltr'>’φωνὴ</span> 
     </span>
    </p>

    <p class='ocr_par' dir='ltr' id='par_1_12' title="bbox 668 2362 860 2399">
     <span class='ocr_line' id='line_1_47' title="bbox 668 2362 860 2399; baseline -0.016 -9"><span class='ocrx_word' id='word_1_83' title='bbox 668 2365 702 2399; x_wconf 85' lang='grc' dir='ltr'><strong>χὴ</strong></span> <span class='ocrx_word' id='word_1_84' title='bbox 718 2363 767 2398; x_wconf 81' lang='grc' dir='ltr'><strong>τὴν</strong></span> <span class='ocrx_word' id='word_1_85' title='bbox 781 2362 860 2397; x_wconf 76' lang='grc' dir='ltr'>περί-</span> 
     </span>
    </p>

    <p class='ocr_par' dir='ltr' id='par_1_13' title="bbox 679 2407 861 2438">
     <span class='ocr_line' id='line_1_48' title="bbox 679 2407 861 2438; baseline -0.022 -2"><span class='ocrx_word' id='word_1_86' title='bbox 679 2407 710 2436; x_wconf 80' lang='grc' dir='ltr'><strong>Ἦ</strong></span> <span class='ocrx_word' id='word_1_87' title='bbox 721 2409 750 2435; x_wconf 82' lang='grc' dir='ltr'><strong>δὲ</strong></span> <span class='ocrx_word' id='word_1_88' title='bbox 770 2407 861 2438; x_wconf 74' lang='grc' dir='ltr'>Ἑλλὰς</span> 
     </span>
    </p>

    <p class='ocr_par' dir='ltr' id='par_1_14' title="bbox 613 2454 864 2823">
     <span class='ocr_line' id='line_1_49' title="bbox 652 2454 862 2489; baseline -0.024 -7"><span class='ocrx_word' id='word_1_89' title='bbox 652 2456 667 2482; x_wconf 76' lang='grc' dir='ltr'>ὑ</span> <span class='ocrx_word' id='word_1_90' title='bbox 685 2456 739 2489; x_wconf 76' lang='grc' dir='ltr'><strong>γὰρ</strong></span> <span class='ocrx_word' id='word_1_91' title='bbox 765 2455 804 2485; x_wconf 76' lang='grc' dir='ltr'><strong>εἰς</strong></span> <span class='ocrx_word' id='word_1_92' title='bbox 831 2454 862 2478; x_wconf 86' lang='grc' dir='ltr'><strong>ὰ-</strong></span> 
     </span>
     <span class='ocr_line' id='line_1_50' title="bbox 660 2500 860 2534; baseline -0.01 -7"><span class='ocrx_word' id='word_1_93' title='bbox 660 2501 736 2527; x_wconf 80' lang='grc' dir='ltr'>λαιδν</span> <span class='ocrx_word' id='word_1_94' title='bbox 744 2501 771 2527; x_wconf 80' lang='lat' dir='ltr'><strong>‘ol.</strong></span> <span class='ocrx_word' id='word_1_95' title='bbox 782 2500 860 2534; x_wconf 75' lang='grc' dir='ltr'>φόροι</span> 
     </span>
     <span class='ocr_line' id='line_1_51' title="bbox 644 2546 860 2582; baseline -0.014 -9"><span class='ocrx_word' id='word_1_96' title='bbox 644 2546 740 2582; x_wconf 71' lang='grc' dir='ltr'>αρπῶν</span> <span class='ocrx_word' id='word_1_97' title='bbox 752 2546 860 2579; x_wconf 78' lang='grc' dir='ltr'><strong>γένεσις</strong></span> 
     </span>
     <span class='ocr_line' id='line_1_52' title="bbox 644 2589 861 2622; baseline -0.014 -4"><span class='ocrx_word' id='word_1_98' title='bbox 644 2601 671 2618; x_wconf 90' lang='grc' dir='ltr'><strong>ο·</strong></span> <span class='ocrx_word' id='word_1_99' title='bbox 694 2589 861 2622; x_wconf 74' lang='grc' dir='ltr'><strong>σπανίζουσα</strong></span> 
     </span>
     <span class='ocr_line' id='line_1_53' title="bbox 631 2636 862 2672; baseline -0.017 -7"><span class='ocrx_word' id='word_1_100' title='bbox 631 2647 648 2665; x_wconf 82' lang='grc' dir='ltr'><strong>κ</strong></span> <span class='ocrx_word' id='word_1_101' title='bbox 662 2638 778 2672; x_wconf 70' lang='grc' dir='ltr'><strong>ἐϐάρυνε</strong></span> <span class='ocrx_word' id='word_1_102' title='bbox 790 2645 796 2652; x_wconf 78' lang='grc'><em>’</em></span> <span class='ocrx_word' id='word_1_103' title='bbox 814 2636 862 2662; x_wconf 71' lang='grc' dir='ltr'><strong>καὶ</strong></span> 
     </span>
     <span class='ocr_line' id='line_1_54' title="bbox 828 2706 864 2734; baseline 0 0"><span class='ocrx_word' id='word_1_104' title='bbox 828 2706 864 2734; x_wconf 74' lang='grc' dir='ltr'>Μ</span> 
     </span>
     <span class='ocr_line' id='line_1_55' title="bbox 616 2754 862 2788; baseline -0.012 -6"><span class='ocrx_word' id='word_1_105' title='bbox 616 2754 814 2788; x_wconf 78' lang='lat' dir='ltr'><strong>inopnl&#39;tlanum</strong></span> <span class='ocrx_word' id='word_1_106' title='bbox 830 2754 862 2779; x_wconf 85' lang='lat' dir='ltr'><strong>ad</strong></span> 
     </span>
     <span class='ocr_line' id='line_1_56' title="bbox 613 2789 863 2823; baseline -0.004 -7"><span class='ocrx_word' id='word_1_107' title='bbox 613 2790 637 2817; x_wconf 86' lang='lat' dir='ltr'><strong>bi</strong></span> <span class='ocrx_word' id='word_1_108' title='bbox 651 2791 729 2816; x_wconf 81' lang='lat' dir='ltr'><strong>docte</strong></span> <span class='ocrx_word' id='word_1_109' title='bbox 741 2789 863 2823; x_wconf 88' lang='lat' dir='ltr'><strong>disputat</strong></span> 
     </span>
    </p>
   </div>
   <div class='ocr_carea' id='block_1_8' title="bbox 730 84 1679 135">
    <p class='ocr_par' dir='ltr' id='par_1_15' title="bbox 730 84 1679 135">
     <span class='ocr_line' id='line_1_57' title="bbox 730 84 1679 135; baseline 0.001 -5"><span class='ocrx_word' id='word_1_110' title='bbox 730 85 832 135; x_wconf 76' lang='lat' dir='ltr'><strong>imm</strong></span> <span class='ocrx_word' id='word_1_111' title='bbox 844 84 1018 135; x_wconf 74' lang='lat' dir='ltr'><strong>oiJAtS&#39;rto</strong></span> <span class='ocrx_word' id='word_1_112' title='bbox 1027 97 1180 132; x_wconf 77' lang='lat' dir='ltr'><strong>CXXXIV.</strong></span> <span class='ocrx_word' id='word_1_113' title='bbox 1627 95 1679 131; x_wconf 72' lang='lat'><strong>738</strong></span> 
     </span>
    </p>
   </div>
   <div class='ocr_carea' id='block_1_9' title="bbox 838 146 1679 191">
    <p class='ocr_par' dir='ltr' id='par_1_16' title="bbox 838 146 1679 191">
     <span class='ocr_line' id='line_1_58' title="bbox 838 146 1679 191; baseline 0.004 -10"><span class='ocrx_word' id='word_1_114' title='bbox 838 161 845 170; x_wconf 76' lang='grc' dir='ltr'><strong><em>ο</em></strong></span> <span class='ocrx_word' id='word_1_115' title='bbox 860 156 886 186; x_wconf 77' lang='grc' dir='ltr'><strong>Α</strong></span> <span class='ocrx_word' id='word_1_116' title='bbox 901 154 959 189; x_wconf 83' lang='lat' dir='ltr'><strong>ipsa</strong></span> <span class='ocrx_word' id='word_1_117' title='bbox 975 156 1092 190; x_wconf 80' lang='lat' dir='ltr'><strong>primum</strong></span> <span class='ocrx_word' id='word_1_118' title='bbox 1102 146 1409 191; x_wconf 71' lang='lat' dir='ltr'><strong>sacratumappellabat,</strong></span> <span class='ocrx_word' id='word_1_119' title='bbox 1421 155 1534 184; x_wconf 82' lang='lat' dir='ltr'><strong>alterum</strong></span> <span class='ocrx_word' id='word_1_120' title='bbox 1551 156 1679 190; x_wconf 85' lang='lat' dir='ltr'><strong>patrium.</strong></span> 
     </span>
    </p>
   </div>
   <div class='ocr_carea' id='block_1_10' title="bbox 744 201 1680 237">
    <p class='ocr_par' dir='ltr' id='par_1_17' title="bbox 744 201 1680 237">
     <span class='ocr_line' id='line_1_59' title="bbox 744 201 1680 237; baseline 0.001 -10"><span class='ocrx_word' id='word_1_121' title='bbox 744 209 851 236; x_wconf 67' lang='grc' dir='ltr'><strong>κπαρ-</strong></span> <span class='ocrx_word' id='word_1_122' title='bbox 901 202 1014 229; x_wconf 88' lang='lat' dir='ltr'><strong>tertium</strong></span> <span class='ocrx_word' id='word_1_123' title='bbox 1031 201 1171 237; x_wconf 78' lang='lat' dir='ltr'><strong>poiitic&#39;tim</strong></span> <span class='ocrx_word' id='word_1_124' title='bbox 1186 206 1214 229; x_wconf 88' lang='lat' dir='ltr'><strong>et</strong></span> <span class='ocrx_word' id='word_1_125' title='bbox 1231 202 1374 237; x_wconf 88' lang='lat' dir='ltr'><strong>cyclicum.</strong></span> <span class='ocrx_word' id='word_1_126' title='bbox 1404 201 1518 230; x_wconf 83' lang='lat' dir='ltr'><strong>Sacrum</strong></span> <span class='ocrx_word' id='word_1_127' title='bbox 1542 206 1595 234; x_wconf 82' lang='lat' dir='ltr'><strong>est,</strong></span> <span class='ocrx_word' id='word_1_128' title='bbox 1619 205 1680 228; x_wconf 82' lang='lat' dir='ltr'><strong>cun|</strong></span> 
     </span>
    </p>
   </div>
   <div class='ocr_carea' id='block_1_11' title="bbox 737 246 1681 283">
    <p class='ocr_par' dir='ltr' id='par_1_18' title="bbox 737 246 1681 283">
     <span class='ocr_line' id='line_1_60' title="bbox 737 246 1681 283; baseline 0 -9"><span class='ocrx_word' id='word_1_129' title='bbox 737 246 760 274; x_wconf 68' lang='lat' dir='ltr'><strong>Si.</strong></span> <span class='ocrx_word' id='word_1_130' title='bbox 782 255 851 281; x_wconf 82' lang='grc' dir='ltr'><strong>συμ-</strong></span> <span class='ocrx_word' id='word_1_131' title='bbox 900 247 1067 282; x_wconf 80' lang='lat' dir='ltr'><strong>Capricorno</strong></span> <span class='ocrx_word' id='word_1_132' title='bbox 1080 248 1120 276; x_wconf 78' lang='lat' dir='ltr'><strong>soi</strong></span> <span class='ocrx_word' id='word_1_133' title='bbox 1135 247 1279 283; x_wconf 75' lang='lat' dir='ltr'><strong>egrediens</strong></span> <span class='ocrx_word' id='word_1_134' title='bbox 1292 247 1344 275; x_wconf 87' lang='lat' dir='ltr'><strong>diei</strong></span> <span class='ocrx_word' id='word_1_135' title='bbox 1361 247 1529 275; x_wconf 84' lang='lat' dir='ltr'><strong>incrementa</strong></span> <span class='ocrx_word' id='word_1_136' title='bbox 1542 247 1614 275; x_wconf 78' lang='lat' dir='ltr'><strong>facit.</strong></span> <span class='ocrx_word' id='word_1_137' title='bbox 1625 246 1681 275; x_wconf 84' lang='lat' dir='ltr'><strong>iloc</strong></span> 
     </span>
    </p>
   </div>
   <div class='ocr_carea' id='block_1_12' title="bbox 733 291 1681 327">
    <p class='ocr_par' dir='ltr' id='par_1_19' title="bbox 733 291 1681 327">
     <span class='ocr_line' id='line_1_61' title="bbox 733 291 1681 327; baseline 0.001 -7"><span class='ocrx_word' id='word_1_138' title='bbox 733 291 851 327; x_wconf 66' lang='grc' dir='ltr'><strong>πιόμενον</strong></span> <span class='ocrx_word' id='word_1_139' title='bbox 902 298 992 321; x_wconf 86' lang='lat' dir='ltr'><strong>autem</strong></span> <span class='ocrx_word' id='word_1_140' title='bbox 1005 293 1171 322; x_wconf 83' lang='lat' dir='ltr'><strong>adamussitn</strong></span> <span class='ocrx_word' id='word_1_141' title='bbox 1188 293 1284 321; x_wconf 81' lang='lat' dir='ltr'><strong>incidit</strong></span> <span class='ocrx_word' id='word_1_142' title='bbox 1301 293 1328 320; x_wconf 85' lang='lat' dir='ltr'><strong>in</strong></span> <span class='ocrx_word' id='word_1_143' title='bbox 1347 291 1523 321; x_wconf 79' lang='lat' dir='ltr'><strong>Decembrem</strong></span> <span class='ocrx_word' id='word_1_144' title='bbox 1540 298 1663 321; x_wconf 83' lang='lat' dir='ltr'><strong>mensem</strong></span> <span class='ocrx_word' id='word_1_145' title='bbox 1674 296 1681 308; x_wconf 81' lang='grc'><strong><em>⁵</em></strong></span> 
     </span>
    </p>
   </div>
   <div class='ocr_carea' id='block_1_13' title="bbox 787 334 1682 374">
    <p class='ocr_par' dir='ltr' id='par_1_20' title="bbox 787 334 1682 374">
     <span class='ocr_line' id='line_1_62' title="bbox 787 334 1682 374; baseline 0.002 -11"><span class='ocrx_word' id='word_1_146' title='bbox 787 336 854 364; x_wconf 82' lang='grc' dir='ltr'><strong>Ῥω-</strong></span> <span class='ocrx_word' id='word_1_147' title='bbox 902 339 949 366; x_wconf 87' lang='lat' dir='ltr'><strong>sed</strong></span> <span class='ocrx_word' id='word_1_148' title='bbox 964 342 1054 367; x_wconf 85' lang='lat' dir='ltr'><strong>tamen</strong></span> <span class='ocrx_word' id='word_1_149' title='bbox 1068 340 1107 371; x_wconf 89' lang='lat' dir='ltr'><strong>id,</strong></span> <span class='ocrx_word' id='word_1_150' title='bbox 1123 334 1254 367; x_wconf 74' lang='lat' dir='ltr'><strong>Romanis</strong></span> <span class='ocrx_word' id='word_1_151' title='bbox 1269 339 1416 374; x_wconf 59' lang='lat' dir='ltr'><strong>praecipue,</strong></span> <span class='ocrx_word' id='word_1_152' title='bbox 1432 338 1541 365; x_wconf 78' lang='lat' dir='ltr'><strong>nonnisi</strong></span> <span class='ocrx_word' id='word_1_153' title='bbox 1552 338 1682 366; x_wconf 80' lang='lat' dir='ltr'><strong>Januario</strong></span> 
     </span>
    </p>
   </div>
   <div class='ocr_carea' id='block_1_14' title="bbox 840 384 1682 420">
    <p class='ocr_par' dir='ltr' id='par_1_21' title="bbox 840 384 1682 420">
     <span class='ocr_line' id='line_1_63' title="bbox 840 384 1682 420; baseline -0.001 -7"><span class='ocrx_word' id='word_1_154' title='bbox 840 397 853 402; x_wconf 90' lang='lat'><strong>-</strong></span> <span class='ocrx_word' id='word_1_155' title='bbox 903 384 998 413; x_wconf 84' lang='lat' dir='ltr'><strong>mense</strong></span> <span class='ocrx_word' id='word_1_156' title='bbox 1014 386 1141 414; x_wconf 92' lang='lat' dir='ltr'><strong>sentitur.</strong></span> <span class='ocrx_word' id='word_1_157' title='bbox 1167 385 1275 413; x_wconf 87' lang='lat' dir='ltr'><strong>Initium</strong></span> <span class='ocrx_word' id='word_1_158' title='bbox 1292 392 1356 413; x_wconf 90' lang='lat' dir='ltr'><strong>vero</strong></span> <span class='ocrx_word' id='word_1_159' title='bbox 1385 385 1501 420; x_wconf 85' lang='lat' dir='ltr'><strong>patrium</strong></span> <span class='ocrx_word' id='word_1_160' title='bbox 1520 385 1682 420; x_wconf 77' lang='lat' dir='ltr'><strong>appellatum</strong></span> 
     </span>
    </p>
   </div>
   <div class='ocr_carea' id='block_1_15' title="bbox 841 430 1684 465">
    <p class='ocr_par' dir='ltr' id='par_1_22' title="bbox 841 430 1684 465">
     <span class='ocr_line' id='line_1_64' title="bbox 841 430 1684 465; baseline -0.001 -8"><span class='ocrx_word' id='word_1_161' title='bbox 841 444 854 450; x_wconf 92' lang='lat'><em>-</em></span> <span class='ocrx_word' id='word_1_162' title='bbox 903 430 931 457; x_wconf 90' lang='lat' dir='ltr'><strong>in</strong></span> <span class='ocrx_word' id='word_1_163' title='bbox 945 436 1068 458; x_wconf 83' lang='lat' dir='ltr'><strong>mensem</strong></span> <span class='ocrx_word' id='word_1_164' title='bbox 1080 430 1206 458; x_wconf 77' lang='lat' dir='ltr'><strong>Martium</strong></span> <span class='ocrx_word' id='word_1_165' title='bbox 1224 430 1394 462; x_wconf 85' lang='lat' dir='ltr'><strong>incurrebat.</strong></span> <span class='ocrx_word' id='word_1_166' title='bbox 1409 436 1464 465; x_wconf 82' lang='lat' dir='ltr'><strong>quo</strong></span> <span class='ocrx_word' id='word_1_167' title='bbox 1475 432 1595 465; x_wconf 83' lang='lat' dir='ltr'><strong>tempore</strong></span> <span class='ocrx_word' id='word_1_168' title='bbox 1610 436 1684 457; x_wconf 71' lang='lat' dir='ltr'><strong>arma</strong></span> 
     </span>
    </p>
   </div>
   <div class='ocr_carea' id='block_1_16' title="bbox 841 475 1684 504">
    <p class='ocr_par' dir='ltr' id='par_1_23' title="bbox 841 475 1684 504">
     <span class='ocr_line' id='line_1_65' title="bbox 841 475 1684 504; baseline -0.001 0"><span class='ocrx_word' id='word_1_169' title='bbox 841 476 854 504; x_wconf 93' lang='lat' dir='ltr'><strong>‘n</strong></span> <span class='ocrx_word' id='word_1_170' title='bbox 904 483 1013 504; x_wconf 87' lang='lat' dir='ltr'><strong>movere</strong></span> <span class='ocrx_word' id='word_1_171' title='bbox 1029 476 1117 504; x_wconf 87' lang='lat' dir='ltr'><strong>solent</strong></span> <span class='ocrx_word' id='word_1_172' title='bbox 1139 476 1255 504; x_wconf 81' lang='lat' dir='ltr'><strong>Romani</strong></span> <span class='ocrx_word' id='word_1_173' title='bbox 1268 481 1295 504; x_wconf 90' lang='lat' dir='ltr'><strong>et</strong></span> <span class='ocrx_word' id='word_1_174' title='bbox 1322 476 1356 503; x_wconf 85' lang='lat' dir='ltr'><strong>ad</strong></span> <span class='ocrx_word' id='word_1_175' title='bbox 1370 476 1470 504; x_wconf 88' lang='lat' dir='ltr'><strong>bellum</strong></span> <span class='ocrx_word' id='word_1_176' title='bbox 1500 475 1609 503; x_wconf 85' lang='lat' dir='ltr'><strong>instrui.</strong></span> <span class='ocrx_word' id='word_1_177' title='bbox 1636 475 1684 503; x_wconf 47' lang='lat' dir='ltr'><strong>Set</strong></span> 
     </span>
    </p>
   </div>
   <div class='ocr_carea' id='block_1_17' title="bbox 904 521 1681 558">
    <p class='ocr_par' dir='ltr' id='par_1_24' title="bbox 904 521 1681 558">
     <span class='ocr_line' id='line_1_66' title="bbox 904 521 1681 558; baseline 0 -9"><span class='ocrx_word' id='word_1_178' title='bbox 904 522 1019 558; x_wconf 83' lang='lat' dir='ltr'><strong>ptembri</strong></span> <span class='ocrx_word' id='word_1_179' title='bbox 1038 529 1131 550; x_wconf 82' lang='lat' dir='ltr'><strong>mense</strong></span> <span class='ocrx_word' id='word_1_180' title='bbox 1143 522 1261 558; x_wconf 89' lang='lat' dir='ltr'><strong>denique</strong></span> <span class='ocrx_word' id='word_1_181' title='bbox 1282 523 1385 558; x_wconf 75' lang='lat' dir='ltr'><strong>cyclico</strong></span> <span class='ocrx_word' id='word_1_182' title='bbox 1399 523 1564 558; x_wconf 72' lang='lat' dir='ltr'><strong>pdiilicoque</strong></span> <span class='ocrx_word' id='word_1_183' title='bbox 1590 521 1681 551; x_wconf 57' lang='lat' dir='ltr'><strong>sull‘raa</strong></span> 
     </span>
    </p>
   </div>
   <div class='ocr_carea' id='block_1_18' title="bbox 905 567 1687 602">
    <p class='ocr_par' dir='ltr' id='par_1_25' title="bbox 905 567 1687 602">
     <span class='ocr_line' id='line_1_67' title="bbox 905 567 1687 602; baseline 0.001 -8"><span class='ocrx_word' id='word_1_184' title='bbox 905 567 950 602; x_wconf 70' lang='lat' dir='ltr'><strong>gio</strong></span> <span class='ocrx_word' id='word_1_185' title='bbox 966 568 1000 594; x_wconf 88' lang='lat' dir='ltr'><strong>de</strong></span> <span class='ocrx_word' id='word_1_186' title='bbox 1014 575 1067 602; x_wconf 86' lang='lat' dir='ltr'><strong>quo</strong></span> <span class='ocrx_word' id='word_1_187' title='bbox 1082 572 1109 594; x_wconf 88' lang='lat' dir='ltr'><strong>ttt</strong></span> <span class='ocrx_word' id='word_1_188' title='bbox 1125 568 1246 595; x_wconf 85' lang='lat' dir='ltr'><strong>studiose</strong></span> <span class='ocrx_word' id='word_1_189' title='bbox 1261 568 1468 602; x_wconf 78' lang='lat' dir='ltr'><strong>rogas.initium</strong></span> <span class='ocrx_word' id='word_1_190' title='bbox 1483 567 1687 595; x_wconf 81' lang='lat' dir='ltr'><strong>annistatutum</strong></span> 
     </span>
    </p>
   </div>
   <div class='ocr_carea' id='block_1_19' title="bbox 906 613 1681 650">
    <p class='ocr_par' dir='ltr' id='par_1_26' title="bbox 906 613 1681 650">
     <span class='ocr_line' id='line_1_68' title="bbox 906 613 1681 650; baseline -0.003 -8"><span class='ocrx_word' id='word_1_191' title='bbox 906 614 968 642; x_wconf 78' lang='lat' dir='ltr'><strong>fuit.</strong></span> <span class='ocrx_word' id='word_1_192' title='bbox 983 614 1016 642; x_wconf 86' lang='lat' dir='ltr'><strong>Et</strong></span> <span class='ocrx_word' id='word_1_193' title='bbox 1028 621 1110 650; x_wconf 89' lang='lat' dir='ltr'><strong>quam</strong></span> <span class='ocrx_word' id='word_1_194' title='bbox 1127 615 1235 649; x_wconf 82' lang='lat' dir='ltr'><strong>quidem</strong></span> <span class='ocrx_word' id='word_1_195' title='bbox 1252 613 1344 642; x_wconf 60' lang='lat' dir='ltr'><strong>Graeca</strong></span> <span class='ocrx_word' id='word_1_196' title='bbox 1360 619 1470 649; x_wconf 84' lang='lat' dir='ltr'><strong>quoque</strong></span> <span class='ocrx_word' id='word_1_197' title='bbox 1486 614 1579 649; x_wconf 65' lang='lat' dir='ltr'><strong>lingua</strong></span> <span class='ocrx_word' id='word_1_198' title='bbox 1599 613 1681 641; x_wconf 66' lang='grc' dir='ltr'><strong>ἑπινὲ</strong></span> 
     </span>
    </p>
   </div>
   <div class='ocr_carea' id='block_1_20' title="bbox 848 659 1687 695">
    <p class='ocr_par' dir='ltr' id='par_1_27' title="bbox 848 659 1687 695">
     <span class='ocr_line' id='line_1_69' title="bbox 848 659 1687 695; baseline 0.001 -9"><span class='ocrx_word' id='word_1_199' title='bbox 848 678 856 691; x_wconf 84' lang='grc'><em>,</em></span> <span class='ocrx_word' id='word_1_200' title='bbox 908 668 992 695; x_wconf 70' lang='grc' dir='ltr'><strong>μησίν</strong></span> <span class='ocrx_word' id='word_1_201' title='bbox 1006 660 1141 695; x_wconf 82' lang='lat' dir='ltr'><strong>appellare</strong></span> <span class='ocrx_word' id='word_1_202' title='bbox 1157 661 1242 693; x_wconf 89' lang='lat' dir='ltr'><strong>novit,</strong></span> <span class='ocrx_word' id='word_1_203' title='bbox 1255 659 1370 687; x_wconf 82' lang='lat' dir='ltr'><strong>Romani</strong></span> <span class='ocrx_word' id='word_1_204' title='bbox 1385 664 1476 688; x_wconf 86' lang='lat' dir='ltr'><strong>autem</strong></span> <span class='ocrx_word' id='word_1_205' title='bbox 1499 660 1687 694; x_wconf 77' lang='lat' dir='ltr'><strong>indictionem,</strong></span> 
     </span>
    </p>
   </div>
   <div class='ocr_carea' id='block_1_21' title="bbox 731 704 1687 741">
    <p class='ocr_par' dir='ltr' id='par_1_28' title="bbox 731 704 1687 741">
     <span class='ocr_line' id='line_1_70' title="bbox 731 704 1687 741; baseline 0 -9"><span class='ocrx_word' id='word_1_206' title='bbox 731 705 856 736; x_wconf 73' lang='grc' dir='ltr'><strong>παλαιὸν,</strong></span> <span class='ocrx_word' id='word_1_207' title='bbox 907 706 977 733; x_wconf 79' lang='lat' dir='ltr'><strong>hanc</strong></span> <span class='ocrx_word' id='word_1_208' title='bbox 999 706 1063 733; x_wconf 87' lang='lat' dir='ltr'><strong>olitn</strong></span> <span class='ocrx_word' id='word_1_209' title='bbox 1080 706 1290 741; x_wconf 72' lang='lat' dir='ltr'><strong>quinquennalia</strong></span> <span class='ocrx_word' id='word_1_210' title='bbox 1304 704 1397 741; x_wconf 76' lang='lat' dir='ltr'><strong>cyclua</strong></span> <span class='ocrx_word' id='word_1_211' title='bbox 1412 706 1558 733; x_wconf 74' lang='lat' dir='ltr'><strong>reducebat</strong></span> <span class='ocrx_word' id='word_1_212' title='bbox 1572 714 1579 732; x_wconf 91' lang='lat'>:</span> <span class='ocrx_word' id='word_1_213' title='bbox 1607 705 1687 739; x_wconf 76' lang='lat' dir='ltr'><strong>idque</strong></span> 
     </span>
    </p>
   </div>
   <div class='ocr_carea' id='block_1_22' title="bbox 728 750 1688 787">
    <p class='ocr_par' dir='ltr' id='par_1_29' title="bbox 728 750 1688 787">
     <span class='ocr_line' id='line_1_71' title="bbox 728 750 1688 787; baseline 0.001 -9"><span class='ocrx_word' id='word_1_214' title='bbox 728 750 858 785; x_wconf 82' lang='grc' dir='ltr'><strong>λοῠστρον</strong></span> <span class='ocrx_word' id='word_1_215' title='bbox 907 752 988 779; x_wconf 89' lang='lat' dir='ltr'><strong>etiam</strong></span> <span class='ocrx_word' id='word_1_216' title='bbox 1000 751 1115 779; x_wconf 88' lang='lat' dir='ltr'><strong>lustrum</strong></span> <span class='ocrx_word' id='word_1_217' title='bbox 1131 751 1242 786; x_wconf 87' lang='lat' dir='ltr'><strong>proprio</strong></span> <span class='ocrx_word' id='word_1_218' title='bbox 1252 751 1382 779; x_wconf 76' lang='lat' dir='ltr'><strong>vocabulo</strong></span> <span class='ocrx_word' id='word_1_219' title='bbox 1396 751 1577 787; x_wconf 68' lang='lat' dir='ltr'><strong>appellabant.</strong></span> <span class='ocrx_word' id='word_1_220' title='bbox 1589 750 1688 779; x_wconf 80' lang='lat' dir='ltr'><strong>Deinde</strong></span> 
     </span>
    </p>
   </div>
   <div class='ocr_carea' id='block_1_23' title="bbox 909 796 1687 833">
    <p class='ocr_par' dir='ltr' id='par_1_30' title="bbox 909 796 1687 833">
     <span class='ocr_line' id='line_1_72' title="bbox 909 796 1687 833; baseline 0 -9"><span class='ocrx_word' id='word_1_221' title='bbox 909 797 973 833; x_wconf 84' lang='lat' dir='ltr'><strong>quia</strong></span> <span class='ocrx_word' id='word_1_222' title='bbox 988 796 1100 824; x_wconf 82' lang='lat' dir='ltr'><strong>Martem</strong></span> <span class='ocrx_word' id='word_1_223' title='bbox 1115 797 1249 831; x_wconf 90' lang='lat' dir='ltr'><strong>colebant,</strong></span> <span class='ocrx_word' id='word_1_224' title='bbox 1262 805 1343 832; x_wconf 86' lang='lat' dir='ltr'><strong>quem</strong></span> <span class='ocrx_word' id='word_1_225' title='bbox 1359 797 1401 825; x_wconf 88' lang='lat' dir='ltr'><strong>sui</strong></span> <span class='ocrx_word' id='word_1_226' title='bbox 1417 797 1525 832; x_wconf 72' lang='lat' dir='ltr'><strong>generis</strong></span> <span class='ocrx_word' id='word_1_227' title='bbox 1547 799 1687 825; x_wconf 81' lang='lat' dir='ltr'><strong>auctorem</strong></span> 
     </span>
    </p>
   </div>
   <div class='ocr_carea' id='block_1_24' title="bbox 802 842 1685 878">
    <p class='ocr_par' dir='ltr' id='par_1_31' title="bbox 802 842 1685 878">
     <span class='ocr_line' id='line_1_73' title="bbox 802 842 1685 878; baseline 0 -8"><span class='ocrx_word' id='word_1_228' title='bbox 802 849 855 867; x_wconf 70' lang='grc' dir='ltr'><strong>τεν·</strong></span> <span class='ocrx_word' id='word_1_229' title='bbox 871 842 894 852; x_wconf 75' lang='grc'><em>³³</em></span> <span class='ocrx_word' id='word_1_230' title='bbox 908 843 1005 876; x_wconf 87' lang='lat' dir='ltr'><strong>aiunt;</strong></span> <span class='ocrx_word' id='word_1_231' title='bbox 1018 847 1045 870; x_wconf 90' lang='lat' dir='ltr'><strong>et</strong></span> <span class='ocrx_word' id='word_1_232' title='bbox 1061 842 1124 878; x_wconf 88' lang='lat' dir='ltr'><strong>quia</strong></span> <span class='ocrx_word' id='word_1_233' title='bbox 1142 842 1193 870; x_wconf 86' lang='lat' dir='ltr'><strong>hoc</strong></span> <span class='ocrx_word' id='word_1_234' title='bbox 1207 843 1282 871; x_wconf 86' lang='lat' dir='ltr'><strong>sidus</strong></span> <span class='ocrx_word' id='word_1_235' title='bbox 1297 842 1451 877; x_wconf 80' lang='lat' dir='ltr'><strong>quindecim</strong></span> <span class='ocrx_word' id='word_1_236' title='bbox 1467 843 1546 870; x_wconf 86' lang='lat' dir='ltr'><strong>annis</strong></span> <span class='ocrx_word' id='word_1_237' title='bbox 1561 842 1685 870; x_wconf 81' lang='lat' dir='ltr'><strong>brevissi-</strong></span> 
     </span>
    </p>
   </div>
   <div class='ocr_carea' id='block_1_25' title="bbox 812 888 1689 924">
    <p class='ocr_par' dir='ltr' id='par_1_32' title="bbox 812 888 1689 924">
     <span class='ocr_line' id='line_1_74' title="bbox 812 888 1689 924; baseline -0.001 -8"><span class='ocrx_word' id='word_1_238' title='bbox 812 895 857 912; x_wconf 83' lang='grc' dir='ltr'><strong>πε·</strong></span> <span class='ocrx_word' id='word_1_239' title='bbox 908 897 983 916; x_wconf 85' lang='lat' dir='ltr'><strong>mum</strong></span> <span class='ocrx_word' id='word_1_240' title='bbox 1002 896 1114 917; x_wconf 87' lang='lat' dir='ltr'><strong>cursum</strong></span> <span class='ocrx_word' id='word_1_241' title='bbox 1128 889 1284 922; x_wconf 88' lang='lat' dir='ltr'><strong>absolvens,</strong></span> <span class='ocrx_word' id='word_1_242' title='bbox 1294 896 1374 916; x_wconf 78' lang='lat' dir='ltr'><strong>suum</strong></span> <span class='ocrx_word' id='word_1_243' title='bbox 1388 889 1493 924; x_wconf 86' lang='lat' dir='ltr'><strong>cyclum</strong></span> <span class='ocrx_word' id='word_1_244' title='bbox 1503 888 1616 924; x_wconf 86' lang='lat' dir='ltr'><strong>perlicit,</strong></span> <span class='ocrx_word' id='word_1_245' title='bbox 1631 889 1689 924; x_wconf 86' lang='lat' dir='ltr'><strong>pari</strong></span> 
     </span>
    </p>
   </div>
   <div class='ocr_carea' id='block_1_26' title="bbox 908 934 1690 970">
    <p class='ocr_par' dir='ltr' id='par_1_33' title="bbox 908 934 1690 970">
     <span class='ocr_line' id='line_1_75' title="bbox 908 934 1690 970; baseline -0.001 -7"><span class='ocrx_word' id='word_1_246' title='bbox 908 935 1051 963; x_wconf 87' lang='lat' dir='ltr'><strong>intervallo</strong></span> <span class='ocrx_word' id='word_1_247' title='bbox 1069 935 1230 970; x_wconf 74' lang='grc' dir='ltr'><strong>ἐπινέμησιν</strong></span> <span class='ocrx_word' id='word_1_248' title='bbox 1245 935 1302 962; x_wconf 84' lang='lat' dir='ltr'><strong>sive</strong></span> <span class='ocrx_word' id='word_1_249' title='bbox 1316 934 1492 962; x_wconf 86' lang='lat' dir='ltr'><strong>indictionem</strong></span> <span class='ocrx_word' id='word_1_250' title='bbox 1521 934 1578 962; x_wconf 86' lang='lat' dir='ltr'><strong>ileri</strong></span> <span class='ocrx_word' id='word_1_251' title='bbox 1596 935 1690 963; x_wconf 53' lang='lat' dir='ltr'><strong>decre-z</strong></span> 
     </span>
    </p>
   </div>
   <div class='ocr_carea' id='block_1_27' title="bbox 834 977 1691 1015">
    <p class='ocr_par' dir='ltr' id='par_1_34' title="bbox 834 977 1691 1015">
     <span class='ocr_line' id='line_1_76' title="bbox 834 977 1691 1015; baseline -0.001 -6"><span class='ocrx_word' id='word_1_252' title='bbox 834 978 857 1005; x_wconf 72' lang='lat'><strong>5—</strong></span> <span class='ocrx_word' id='word_1_253' title='bbox 908 986 1016 1009; x_wconf 86' lang='lat' dir='ltr'><strong>verunt.</strong></span> <span class='ocrx_word' id='word_1_254' title='bbox 1035 977 1225 1009; x_wconf 78' lang='lat' dir='ltr'><strong>Verumtamen</strong></span> <span class='ocrx_word' id='word_1_255' title='bbox 1241 981 1311 1009; x_wconf 83' lang='lat' dir='ltr'><strong>lianc</strong></span> <span class='ocrx_word' id='word_1_256' title='bbox 1337 987 1460 1015; x_wconf 79' lang='lat' dir='ltr'><strong>causam,</strong></span> <span class='ocrx_word' id='word_1_257' title='bbox 1486 986 1516 1009; x_wconf 87' lang='lat' dir='ltr'><strong>ut</strong></span> <span class='ocrx_word' id='word_1_258' title='bbox 1540 981 1569 1008; x_wconf 91' lang='lat' dir='ltr'><strong>in</strong></span> <span class='ocrx_word' id='word_1_259' title='bbox 1596 988 1691 1009; x_wconf 83' lang='lat' dir='ltr'><strong>eorum</strong></span> 
     </span>
    </p>
   </div>
   <div class='ocr_carea' id='block_1_28' title="bbox 909 1026 1694 1063">
    <p class='ocr_par' dir='ltr' id='par_1_35' title="bbox 909 1026 1694 1063">
     <span class='ocr_line' id='line_1_77' title="bbox 909 1026 1694 1063; baseline 0 -8"><span class='ocrx_word' id='word_1_260' title='bbox 909 1027 1119 1063; x_wconf 86' lang='lat' dir='ltr'><strong>antiquitatibus</strong></span> <span class='ocrx_word' id='word_1_261' title='bbox 1133 1027 1231 1060; x_wconf 84' lang='lat' dir='ltr'><strong>fertur,</strong></span> <span class='ocrx_word' id='word_1_262' title='bbox 1253 1026 1406 1063; x_wconf 75' lang='lat' dir='ltr'><strong>theologica</strong></span> <span class='ocrx_word' id='word_1_263' title='bbox 1429 1026 1589 1055; x_wconf 88' lang='lat' dir='ltr'><strong>eorumdem</strong></span> <span class='ocrx_word' id='word_1_264' title='bbox 1611 1031 1694 1062; x_wconf 85' lang='lat' dir='ltr'><strong>atque</strong></span> 
     </span>
    </p>
   </div>
   <div class='ocr_carea' id='block_1_29' title="bbox 908 1071 1694 1108">
    <p class='ocr_par' dir='ltr' id='par_1_36' title="bbox 908 1071 1694 1108">
     <span class='ocr_line' id='line_1_78' title="bbox 908 1071 1694 1108; baseline -0.005 -6"><span class='ocrx_word' id='word_1_265' title='bbox 908 1082 1008 1102; x_wconf 85' lang='lat' dir='ltr'><strong>arcana</strong></span> <span class='ocrx_word' id='word_1_266' title='bbox 1023 1074 1092 1101; x_wconf 91' lang='lat' dir='ltr'><strong>ratio</strong></span> <span class='ocrx_word' id='word_1_267' title='bbox 1106 1073 1245 1101; x_wconf 81' lang='lat' dir='ltr'><strong>describit.</strong></span> <span class='ocrx_word' id='word_1_268' title='bbox 1260 1071 1354 1108; x_wconf 82' lang='lat' dir='ltr'><strong>Neque</strong></span> <span class='ocrx_word' id='word_1_269' title='bbox 1370 1071 1404 1100; x_wconf 89' lang='lat' dir='ltr'><strong>ab</strong></span> <span class='ocrx_word' id='word_1_270' title='bbox 1417 1072 1469 1100; x_wconf 86' lang='lat' dir='ltr'><strong>hac</strong></span> <span class='ocrx_word' id='word_1_271' title='bbox 1495 1071 1573 1100; x_wconf 80' lang='lat' dir='ltr'><strong>valde</strong></span> <span class='ocrx_word' id='word_1_272' title='bbox 1589 1071 1694 1099; x_wconf 83' lang='lat' dir='ltr'><strong>abludit</strong></span> 
     </span>
    </p>
   </div>
   <div class='ocr_carea' id='block_1_30' title="bbox 909 1118 1693 1155">
    <p class='ocr_par' dir='ltr' id='par_1_37' title="bbox 909 1118 1693 1155">
     <span class='ocr_line' id='line_1_79' title="bbox 909 1118 1693 1155; baseline -0.004 -7"><span class='ocrx_word' id='word_1_273' title='bbox 909 1121 1042 1149; x_wconf 79' lang='lat' dir='ltr'><strong>sententia</strong></span> <span class='ocrx_word' id='word_1_274' title='bbox 1064 1119 1109 1147; x_wconf 92' lang='lat' dir='ltr'><strong>illa</strong></span> <span class='ocrx_word' id='word_1_275' title='bbox 1126 1127 1187 1155; x_wconf 64' lang='lat' dir='ltr'><strong>quae</strong></span> <span class='ocrx_word' id='word_1_276' title='bbox 1201 1120 1238 1147; x_wconf 87' lang='lat' dir='ltr'><strong>ait</strong></span> <span class='ocrx_word' id='word_1_277' title='bbox 1264 1119 1417 1154; x_wconf 74' lang='lat' dir='ltr'><strong>Augustum</strong></span> <span class='ocrx_word' id='word_1_278' title='bbox 1439 1118 1623 1146; x_wconf 78' lang='lat' dir='ltr'><strong>Romanorum</strong></span> <span class='ocrx_word' id='word_1_279' title='bbox 1641 1119 1693 1145; x_wconf 72' lang='lat' dir='ltr'><strong>ima</strong></span> 
     </span>
    </p>
   </div>
   <div class='ocr_carea' id='block_1_31' title="bbox 908 1164 1693 1202">
    <p class='ocr_par' dir='ltr' id='par_1_38' title="bbox 908 1164 1693 1202">
     <span class='ocr_line' id='line_1_80' title="bbox 908 1164 1693 1202; baseline -0.004 -8"><span class='ocrx_word' id='word_1_280' title='bbox 908 1170 1073 1202; x_wconf 83' lang='lat' dir='ltr'><strong>peratorem,</strong></span> <span class='ocrx_word' id='word_1_281' title='bbox 1089 1173 1150 1193; x_wconf 91' lang='lat' dir='ltr'><strong>cum</strong></span> <span class='ocrx_word' id='word_1_282' title='bbox 1178 1165 1334 1193; x_wconf 86' lang='lat' dir='ltr'><strong>rescivisset</strong></span> <span class='ocrx_word' id='word_1_283' title='bbox 1348 1164 1563 1200; x_wconf 61' lang='lat' dir='ltr'><strong>aquincctialem</strong></span> <span class='ocrx_word' id='word_1_284' title='bbox 1587 1168 1693 1199; x_wconf 55' lang='lat' dir='ltr'><strong>tempe-i</strong></span> 
     </span>
    </p>
   </div>
   <div class='ocr_carea' id='block_1_32' title="bbox 908 1208 1694 1245">
    <p class='ocr_par' dir='ltr' id='par_1_39' title="bbox 908 1208 1694 1245">
     <span class='ocr_line' id='line_1_81' title="bbox 908 1208 1694 1245; baseline -0.003 -6"><span class='ocrx_word' id='word_1_285' title='bbox 908 1216 1005 1240; x_wconf 86' lang='lat' dir='ltr'><strong>statem</strong></span> <span class='ocrx_word' id='word_1_286' title='bbox 1024 1218 1042 1239; x_wconf 88' lang='lat' dir='ltr'><strong>a</strong></span> <span class='ocrx_word' id='word_1_287' title='bbox 1068 1210 1206 1238; x_wconf 90' lang='lat' dir='ltr'><strong>nonnullis</strong></span> <span class='ocrx_word' id='word_1_288' title='bbox 1214 1210 1409 1245; x_wconf 77' lang='lat' dir='ltr'><strong>itLquindecim</strong></span> <span class='ocrx_word' id='word_1_289' title='bbox 1420 1213 1510 1245; x_wconf 79' lang='lat' dir='ltr'><strong>partes</strong></span> <span class='ocrx_word' id='word_1_290' title='bbox 1523 1208 1617 1244; x_wconf 89' lang='lat' dir='ltr'><strong>dividi,</strong></span> <span class='ocrx_word' id='word_1_291' title='bbox 1630 1210 1694 1237; x_wconf 91' lang='lat' dir='ltr'><strong>anni</strong></span> 
     </span>
    </p>
   </div>
   <div class='ocr_carea' id='block_1_33' title="bbox 909 1255 1689 1293">
    <p class='ocr_par' dir='ltr' id='par_1_40' title="bbox 909 1255 1689 1293">
     <span class='ocr_line' id='line_1_82' title="bbox 909 1255 1689 1293; baseline -0.003 -8"><span class='ocrx_word' id='word_1_292' title='bbox 909 1264 1019 1293; x_wconf 89' lang='lat' dir='ltr'><strong>quoque</strong></span> <span class='ocrx_word' id='word_1_293' title='bbox 1029 1257 1169 1292; x_wconf 88' lang='lat' dir='ltr'><strong>periodum</strong></span> <span class='ocrx_word' id='word_1_294' title='bbox 1187 1255 1282 1285; x_wconf 83' lang='lat' dir='ltr'><strong>eodem</strong></span> <span class='ocrx_word' id='word_1_295' title='bbox 1299 1263 1413 1283; x_wconf 89' lang='lat' dir='ltr'><strong>numero</strong></span> <span class='ocrx_word' id='word_1_296' title='bbox 1425 1255 1605 1283; x_wconf 80' lang='lat' dir='ltr'><strong>deliniendam</strong></span> <span class='ocrx_word' id='word_1_297' title='bbox 1623 1263 1689 1283; x_wconf 85' lang='lat' dir='ltr'><strong>cett-</strong></span> 
     </span>
    </p>
   </div>
   <div class='ocr_carea' id='block_1_34' title="bbox 910 1301 1693 1337">
    <p class='ocr_par' dir='ltr' id='par_1_41' title="bbox 910 1301 1693 1337">
     <span class='ocr_line' id='line_1_83' title="bbox 910 1301 1693 1337; baseline -0.004 -6"><span class='ocrx_word' id='word_1_298' title='bbox 910 1304 1009 1331; x_wconf 80' lang='lat' dir='ltr'><strong>suisse.</strong></span> <span class='ocrx_word' id='word_1_299' title='bbox 1026 1302 1078 1330; x_wconf 86' lang='lat' dir='ltr'><strong>Sed</strong></span> <span class='ocrx_word' id='word_1_300' title='bbox 1094 1303 1200 1330; x_wconf 89' lang='lat' dir='ltr'><strong>civilior</strong></span> <span class='ocrx_word' id='word_1_301' title='bbox 1209 1303 1252 1331; x_wconf 76' lang='lat' dir='ltr'><strong>est</strong></span> <span class='ocrx_word' id='word_1_302' title='bbox 1273 1302 1407 1330; x_wconf 81' lang='lat' dir='ltr'><strong>sententia</strong></span> <span class='ocrx_word' id='word_1_303' title='bbox 1435 1309 1491 1329; x_wconf 91' lang='lat' dir='ltr'><strong>rem</strong></span> <span class='ocrx_word' id='word_1_304' title='bbox 1514 1301 1693 1337; x_wconf 85' lang='lat' dir='ltr'><strong>repetentium</strong></span> 
     </span>
    </p>
   </div>
   <div class='ocr_carea' id='block_1_35' title="bbox 715 1347 1695 1384">
    <p class='ocr_par' dir='ltr' id='par_1_42' title="bbox 715 1347 1695 1384">
     <span class='ocr_line' id='line_1_84' title="bbox 715 1347 1695 1384; baseline -0.002 -8"><span class='ocrx_word' id='word_1_305' title='bbox 715 1347 749 1384; x_wconf 65' lang='lat' dir='ltr'><strong>it;</strong></span> <span class='ocrx_word' id='word_1_306' title='bbox 771 1347 859 1374; x_wconf 80' lang='grc' dir='ltr'><strong>ἐτεσιν</strong></span> <span class='ocrx_word' id='word_1_307' title='bbox 910 1350 945 1377; x_wconf 83' lang='lat' dir='ltr'><strong>ab</strong></span> <span class='ocrx_word' id='word_1_308' title='bbox 972 1349 1096 1383; x_wconf 65' lang='lat' dir='ltr'><strong>Augusto</strong></span> <span class='ocrx_word' id='word_1_309' title='bbox 1111 1349 1159 1384; x_wconf 89' lang='lat' dir='ltr'><strong>qui</strong></span> <span class='ocrx_word' id='word_1_310' title='bbox 1172 1348 1284 1376; x_wconf 82' lang='lat' dir='ltr'><strong>totidem</strong></span> <span class='ocrx_word' id='word_1_311' title='bbox 1299 1348 1378 1375; x_wconf 80' lang='lat' dir='ltr'><strong>annis</strong></span> <span class='ocrx_word' id='word_1_312' title='bbox 1395 1347 1577 1383; x_wconf 75' lang='lat' dir='ltr'><strong>principatum</strong></span> <span class='ocrx_word' id='word_1_313' title='bbox 1597 1347 1625 1375; x_wconf 93' lang='lat' dir='ltr'><strong>in</strong></span> <span class='ocrx_word' id='word_1_314' title='bbox 1645 1354 1695 1382; x_wconf 59' lang='lat' dir='ltr'><strong>pa-</strong></span> 
     </span>
    </p>
   </div>
   <div class='ocr_carea' id='block_1_36' title="bbox 739 1391 1694 1429">
    <p class='ocr_par' dir='ltr' id='par_1_43' title="bbox 739 1391 1694 1429">
     <span class='ocr_line' id='line_1_85' title="bbox 739 1391 1694 1429; baseline -0.002 -8"><span class='ocrx_word' id='word_1_315' title='bbox 739 1402 753 1421; x_wconf 89' lang='grc' dir='ltr'><strong>ν</strong></span> <span class='ocrx_word' id='word_1_316' title='bbox 770 1400 858 1428; x_wconf 76' lang='grc' dir='ltr'><strong>πραγ-</strong></span> <span class='ocrx_word' id='word_1_317' title='bbox 911 1395 962 1422; x_wconf 87' lang='lat' dir='ltr'><strong>tria</strong></span> <span class='ocrx_word' id='word_1_318' title='bbox 974 1402 1036 1422; x_wconf 87' lang='lat' dir='ltr'><strong>cum</strong></span> <span class='ocrx_word' id='word_1_319' title='bbox 1049 1394 1168 1422; x_wconf 86' lang='lat' dir='ltr'><strong>Antonio</strong></span> <span class='ocrx_word' id='word_1_320' title='bbox 1181 1394 1306 1429; x_wconf 71' lang='lat' dir='ltr'><strong>gesserit,</strong></span> <span class='ocrx_word' id='word_1_321' title='bbox 1331 1400 1394 1420; x_wconf 90' lang='lat' dir='ltr'><strong>cum</strong></span> <span class='ocrx_word' id='word_1_322' title='bbox 1422 1399 1521 1427; x_wconf 87' lang='lat' dir='ltr'><strong>eoque&#39;</strong></span> <span class='ocrx_word' id='word_1_323' title='bbox 1537 1391 1694 1427; x_wconf 69' lang='lat' dir='ltr'><strong>reipublicae</strong></span> 
     </span>
    </p>
   </div>
   <div class='ocr_carea' id='block_1_37' title="bbox 744 1438 1695 1474">
    <p class='ocr_par' dir='ltr' id='par_1_44' title="bbox 744 1438 1695 1474">
     <span class='ocr_line' id='line_1_86' title="bbox 744 1438 1695 1474; baseline -0.007 -3"><span class='ocrx_word' id='word_1_324' title='bbox 744 1438 857 1473; x_wconf 72' lang='grc' dir='ltr'><strong>συνῆψε,</strong></span> <span class='ocrx_word' id='word_1_325' title='bbox 910 1441 1017 1469; x_wconf 86' lang='lat' dir='ltr'><strong>clavum</strong></span> <span class='ocrx_word' id='word_1_326' title='bbox 1044 1441 1170 1474; x_wconf 85' lang='lat' dir='ltr'><strong>tennerit,</strong></span> <span class='ocrx_word' id='word_1_327' title='bbox 1191 1444 1248 1467; x_wconf 90' lang='lat' dir='ltr'><strong>tum</strong></span> <span class='ocrx_word' id='word_1_328' title='bbox 1277 1439 1409 1467; x_wconf 85' lang='lat' dir='ltr'><strong>adversus</strong></span> <span class='ocrx_word' id='word_1_329' title='bbox 1430 1446 1492 1467; x_wconf 86' lang='lat' dir='ltr'><strong>cum</strong></span> <span class='ocrx_word' id='word_1_330' title='bbox 1517 1438 1695 1466; x_wconf 83' lang='lat' dir='ltr'><strong>decertaverit</strong></span> 
     </span>
    </p>
   </div>
   <div class='ocr_carea' id='block_1_38' title="bbox 717 1484 1696 1525">
    <p class='ocr_par' dir='ltr' id='par_1_45' title="bbox 717 1484 1696 1525">
     <span class='ocr_line' id='line_1_87' title="bbox 717 1484 1696 1525; baseline -0.001 -11"><span class='ocrx_word' id='word_1_331' title='bbox 717 1487 771 1523; x_wconf 69' lang='grc' dir='ltr'>ῃνὺς</span> <span class='ocrx_word' id='word_1_332' title='bbox 785 1487 894 1525; x_wconf 72' lang='grc' dir='ltr'><strong>ἱσταοο</strong></span> <span class='ocrx_word' id='word_1_333' title='bbox 913 1487 1134 1522; x_wconf 83' lang='lat' dir='ltr'><strong>triumphumque</strong></span> <span class='ocrx_word' id='word_1_334' title='bbox 1163 1486 1295 1519; x_wconf 80' lang='lat' dir='ltr'><strong>retulerit,</strong></span> <span class='ocrx_word' id='word_1_335' title='bbox 1325 1490 1407 1521; x_wconf 86' lang='lat' dir='ltr'><strong>atque</strong></span> <span class='ocrx_word' id='word_1_336' title='bbox 1429 1484 1575 1521; x_wconf 69' lang='lat' dir='ltr'><strong>Egyptum</strong></span> <span class='ocrx_word' id='word_1_337' title='bbox 1602 1490 1696 1513; x_wconf 75' lang='lat' dir='ltr'><strong>mense</strong></span> 
     </span>
    </p>
   </div>
   <div class='ocr_carea' id='block_1_39' title="bbox 846 1529 1694 1568">
    <p class='ocr_par' dir='ltr' id='par_1_46' title="bbox 846 1529 1694 1568">
     <span class='ocr_line' id='line_1_88' title="bbox 846 1529 1694 1568; baseline -0.006 -6"><span class='ocrx_word' id='word_1_338' title='bbox 846 1541 859 1563; x_wconf 78' lang='grc' dir='ltr'>ς</span> <span class='ocrx_word' id='word_1_339' title='bbox 911 1532 1062 1568; x_wconf 85' lang='lat' dir='ltr'><strong>Septembri</strong></span> <span class='ocrx_word' id='word_1_340' title='bbox 1076 1533 1186 1560; x_wconf 85' lang='lat' dir='ltr'><strong>ineunte</strong></span> <span class='ocrx_word' id='word_1_341' title='bbox 1199 1532 1283 1559; x_wconf 86' lang='lat' dir='ltr'><strong>armis</strong></span> <span class='ocrx_word' id='word_1_342' title='bbox 1296 1531 1453 1559; x_wconf 84' lang='lat' dir='ltr'><strong>obtinuerit.</strong></span> <span class='ocrx_word' id='word_1_343' title='bbox 1470 1529 1591 1565; x_wconf 71' lang='lat' dir='ltr'><strong>Singulis</strong></span> <span class='ocrx_word' id='word_1_344' title='bbox 1604 1534 1694 1557; x_wconf 85' lang='lat' dir='ltr'><strong>autent</strong></span> 
     </span>
    </p>
   </div>
   <div class='ocr_carea' id='block_1_40' title="bbox 911 1576 1695 1614">
    <p class='ocr_par' dir='ltr' id='par_1_47' title="bbox 911 1576 1695 1614">
     <span class='ocr_line' id='line_1_89' title="bbox 911 1576 1695 1614; baseline -0.004 -8"><span class='ocrx_word' id='word_1_345' title='bbox 911 1580 975 1607; x_wconf 89' lang='lat' dir='ltr'><strong>anni</strong></span> <span class='ocrx_word' id='word_1_346' title='bbox 987 1578 1073 1607; x_wconf 80' lang='lat' dir='ltr'><strong>initiis</strong></span> <span class='ocrx_word' id='word_1_347' title='bbox 1090 1578 1239 1614; x_wconf 83' lang='lat' dir='ltr'><strong>peculiaria</strong></span> <span class='ocrx_word' id='word_1_348' title='bbox 1268 1578 1401 1606; x_wconf 77' lang='lat' dir='ltr'><strong>sacriﬁcia</strong></span> <span class='ocrx_word' id='word_1_349' title='bbox 1431 1576 1556 1612; x_wconf 83' lang='lat' dir='ltr'><strong>ritusque</strong></span> <span class='ocrx_word' id='word_1_350' title='bbox 1581 1583 1695 1611; x_wconf 58' lang='lat' dir='ltr'><strong>perages</strong></span> 
     </span>
    </p>
   </div>
   <div class='ocr_carea' id='block_1_41' title="bbox 912 1622 1694 1660">
    <p class='ocr_par' dir='ltr' id='par_1_48' title="bbox 912 1622 1694 1660">
     <span class='ocr_line' id='line_1_90' title="bbox 912 1622 1694 1660; baseline -0.004 -7"><span class='ocrx_word' id='word_1_351' title='bbox 912 1626 988 1659; x_wconf 87' lang='lat' dir='ltr'><strong>baut,</strong></span> <span class='ocrx_word' id='word_1_352' title='bbox 1014 1626 1128 1654; x_wconf 82' lang='lat' dir='ltr'><strong>honoris</strong></span> <span class='ocrx_word' id='word_1_353' title='bbox 1144 1632 1209 1660; x_wconf 70' lang='lat' dir='ltr'><strong>ergo</strong></span> <span class='ocrx_word' id='word_1_354' title='bbox 1220 1628 1248 1652; x_wconf 78' lang='lat' dir='ltr'><strong>et</strong></span> <span class='ocrx_word' id='word_1_355' title='bbox 1263 1623 1422 1660; x_wconf 86' lang='lat' dir='ltr'><strong>placationis</strong></span> <span class='ocrx_word' id='word_1_356' title='bbox 1435 1628 1531 1651; x_wconf 87' lang='lat' dir='ltr'><strong>eorum</strong></span> <span class='ocrx_word' id='word_1_357' title='bbox 1557 1630 1627 1658; x_wconf 85' lang='lat' dir='ltr'><strong>quos</strong></span> <span class='ocrx_word' id='word_1_358' title='bbox 1643 1622 1694 1658; x_wconf 82' lang='lat' dir='ltr'><strong>ipsi</strong></span> 
     </span>
    </p>
   </div>
   <div class='ocr_carea' id='block_1_42' title="bbox 911 1667 1697 1708">
    <p class='ocr_par' dir='ltr' id='par_1_49' title="bbox 911 1667 1697 1708">
     <span class='ocr_line' id='line_1_91' title="bbox 911 1667 1697 1708; baseline -0.005 -9"><span class='ocrx_word' id='word_1_359' title='bbox 911 1671 1044 1708; x_wconf 78' lang='lat' dir='ltr'><strong>putabant</strong></span> <span class='ocrx_word' id='word_1_360' title='bbox 1058 1670 1310 1706; x_wconf 69' lang='lat' dir='ltr'><strong>deoazprzcsertim</strong></span> <span class='ocrx_word' id='word_1_361' title='bbox 1335 1676 1402 1698; x_wconf 90' lang='lat' dir='ltr'><strong>vero</strong></span> <span class='ocrx_word' id='word_1_362' title='bbox 1427 1674 1522 1697; x_wconf 83' lang='lat' dir='ltr'><strong>mense</strong></span> <span class='ocrx_word' id='word_1_363' title='bbox 1544 1667 1697 1703; x_wconf 89' lang='lat' dir='ltr'><strong>Septembri</strong></span> 
     </span>
    </p>
   </div>
   <div class='ocr_carea' id='block_1_43' title="bbox 792 1713 1694 1753">
    <p class='ocr_par' dir='ltr' id='par_1_50' title="bbox 792 1713 1694 1753">
     <span class='ocr_line' id='line_1_92' title="bbox 792 1713 1694 1753; baseline -0.003 -9"><span class='ocrx_word' id='word_1_364' title='bbox 792 1719 861 1748; x_wconf 73' lang='grc' dir='ltr'><strong>ὖτοῐς</strong></span> <span class='ocrx_word' id='word_1_365' title='bbox 914 1717 1098 1753; x_wconf 82' lang='lat' dir='ltr'><strong>splendidiora</strong></span> <span class='ocrx_word' id='word_1_366' title='bbox 1117 1716 1175 1744; x_wconf 82' lang='lat' dir='ltr'><strong>lucc</strong></span> <span class='ocrx_word' id='word_1_367' title='bbox 1188 1723 1268 1744; x_wconf 79' lang='lat' dir='ltr'><strong>sacra</strong></span> <span class='ocrx_word' id='word_1_368' title='bbox 1283 1720 1311 1742; x_wconf 90' lang='lat' dir='ltr'><strong>et</strong></span> <span class='ocrx_word' id='word_1_369' title='bbox 1334 1714 1507 1742; x_wconf 78' lang='lat' dir='ltr'><strong>accuratiora</strong></span> <span class='ocrx_word' id='word_1_370' title='bbox 1532 1713 1586 1741; x_wconf 86' lang='lat' dir='ltr'><strong>diis</strong></span> <span class='ocrx_word' id='word_1_371' title='bbox 1610 1713 1694 1741; x_wconf 79' lang='lat' dir='ltr'><strong>facie—</strong></span> 
     </span>
    </p>
   </div>
   <div class='ocr_carea' id='block_1_44' title="bbox 912 1762 988 1790">
    <p class='ocr_par' dir='ltr' id='par_1_51' title="bbox 912 1762 988 1790">
     <span class='ocr_line' id='line_1_93' title="bbox 912 1762 988 1790; baseline -0.013 0"><span class='ocrx_word' id='word_1_372' title='bbox 912 1762 988 1790; x_wconf 85' lang='lat' dir='ltr'><strong>bant.</strong></span> 
     </span>
    </p>
   </div>
   <div class='ocr_carea' id='block_1_45' title="bbox 949 1801 1696 1837">
    <p class='ocr_par' dir='ltr' id='par_1_52' title="bbox 949 1801 1696 1837">
     <span class='ocr_line' id='line_1_94' title="bbox 949 1801 1696 1837; baseline -0.008 -3"><span class='ocrx_word' id='word_1_373' title='bbox 949 1808 976 1834; x_wconf 75' lang='lat'><strong>2.</strong></span> <span class='ocrx_word' id='word_1_374' title='bbox 991 1807 1051 1835; x_wconf 84' lang='lat' dir='ltr'><strong>Jam</strong></span> <span class='ocrx_word' id='word_1_375' title='bbox 1067 1807 1113 1834; x_wconf 91' lang='lat' dir='ltr'><strong>ubi</strong></span> <span class='ocrx_word' id='word_1_376' title='bbox 1129 1806 1227 1834; x_wconf 71' lang='lat' dir='ltr'><strong>Veteris</strong></span> <span class='ocrx_word' id='word_1_377' title='bbox 1241 1805 1335 1833; x_wconf 73' lang='lat' dir='ltr'><strong>Roma:</strong></span> <span class='ocrx_word' id='word_1_378' title='bbox 1348 1810 1418 1831; x_wconf 83' lang='lat' dir='ltr'><strong>nova</strong></span> <span class='ocrx_word' id='word_1_379' title='bbox 1432 1806 1533 1831; x_wconf 80' lang='lat' dir='ltr'><strong>sortem</strong></span> <span class='ocrx_word' id='word_1_380' title='bbox 1544 1801 1696 1837; x_wconf 88' lang='lat' dir='ltr'><strong>occupavit.</strong></span> 
     </span>
    </p>
   </div>
   <div class='ocr_carea' id='block_1_46' title="bbox 850 1847 1699 1888">
    <p class='ocr_par' dir='ltr' id='par_1_53' title="bbox 850 1847 1699 1888">
     <span class='ocr_line' id='line_1_95' title="bbox 850 1847 1699 1888; baseline -0.008 -6"><span class='ocrx_word' id='word_1_381' title='bbox 850 1871 861 1876; x_wconf 96' lang='lat'><strong>-</strong></span> <span class='ocrx_word' id='word_1_382' title='bbox 915 1858 1143 1888; x_wconf 74' lang='lat' dir='ltr'><strong>communemque</strong></span> <span class='ocrx_word' id='word_1_383' title='bbox 1178 1851 1329 1887; x_wconf 83' lang='lat' dir='ltr'><strong>potentiam</strong></span> <span class='ocrx_word' id='word_1_384' title='bbox 1352 1850 1459 1885; x_wconf 84' lang='lat' dir='ltr'><strong>adepta.</strong></span> <span class='ocrx_word' id='word_1_385' title='bbox 1495 1847 1699 1884; x_wconf 75' lang='lat' dir='ltr'><strong>superstitionis</strong></span> 
     </span>
    </p>
   </div>
   <div class='ocr_carea' id='block_1_47' title="bbox 914 1894 1700 1934">
    <p class='ocr_par' dir='ltr' id='par_1_54' title="bbox 914 1894 1700 1934">
     <span class='ocr_line' id='line_1_96' title="bbox 914 1894 1700 1934; baseline -0.01 -6"><span class='ocrx_word' id='word_1_386' title='bbox 914 1907 1034 1928; x_wconf 85' lang='lat' dir='ltr'><strong>errorem</strong></span> <span class='ocrx_word' id='word_1_387' title='bbox 1050 1899 1077 1926; x_wconf 90' lang='lat' dir='ltr'><strong>in</strong></span> <span class='ocrx_word' id='word_1_388' title='bbox 1097 1899 1169 1934; x_wconf 84' lang='lat' dir='ltr'><strong>piam</strong></span> <span class='ocrx_word' id='word_1_389' title='bbox 1185 1897 1295 1931; x_wconf 84' lang='lat' dir='ltr'><strong>Deoque</strong></span> <span class='ocrx_word' id='word_1_390' title='bbox 1316 1895 1426 1930; x_wconf 76' lang='lat' dir='ltr'><strong>dignam</strong></span> <span class='ocrx_word' id='word_1_391' title='bbox 1442 1894 1599 1930; x_wconf 76' lang='lat' dir='ltr'><strong>religionem</strong></span> <span class='ocrx_word' id='word_1_392' title='bbox 1630 1901 1700 1921; x_wconf 89' lang='lat' dir='ltr'><strong>con-</strong></span> 
     </span>
    </p>
   </div>
   <div class='ocr_carea' id='block_1_48' title="bbox 913 1938 1696 1979">
    <p class='ocr_par' dir='ltr' id='par_1_55' title="bbox 913 1938 1696 1979">
     <span class='ocr_line' id='line_1_97' title="bbox 913 1938 1696 1979; baseline -0.01 -6"><span class='ocrx_word' id='word_1_393' title='bbox 913 1945 994 1973; x_wconf 89' lang='lat' dir='ltr'><strong>vertit</strong></span> <span class='ocrx_word' id='word_1_394' title='bbox 1009 1954 1017 1979; x_wconf 81' lang='lat'><strong>;</strong></span> <span class='ocrx_word' id='word_1_395' title='bbox 1036 1949 1102 1972; x_wconf 90' lang='lat' dir='ltr'><strong>tunc</strong></span> <span class='ocrx_word' id='word_1_396' title='bbox 1117 1943 1250 1971; x_wconf 81' lang='lat' dir='ltr'><strong>diabolica</strong></span> <span class='ocrx_word' id='word_1_397' title='bbox 1277 1948 1387 1977; x_wconf 85' lang='lat' dir='ltr'><strong>quoque</strong></span> <span class='ocrx_word' id='word_1_398' title='bbox 1402 1939 1531 1977; x_wconf 81' lang='lat' dir='ltr'><strong>mysteria</strong></span> <span class='ocrx_word' id='word_1_399' title='bbox 1546 1946 1579 1966; x_wconf 82' lang='lat' dir='ltr'><strong>ac</strong></span> <span class='ocrx_word' id='word_1_400' title='bbox 1590 1938 1696 1966; x_wconf 44' lang='lat' dir='ltr'><strong>saerilii</strong></span> 
     </span>
    </p>
   </div>
   <div class='ocr_carea' id='block_1_49' title="bbox 914 1984 1699 2029">
    <p class='ocr_par' dir='ltr' id='par_1_56' title="bbox 914 1984 1699 2029">
     <span class='ocr_line' id='line_1_98' title="bbox 914 1984 1699 2029; baseline -0.009 -10"><span class='ocrx_word' id='word_1_401' title='bbox 914 1992 956 2019; x_wconf 89' lang='lat' dir='ltr'><strong>cia</strong></span> <span class='ocrx_word' id='word_1_402' title='bbox 980 1990 1084 2029; x_wconf 74' lang='lat' dir='ltr'><strong>sanctis</strong></span> <span class='ocrx_word' id='word_1_403' title='bbox 1099 1989 1210 2024; x_wconf 87' lang='lat' dir='ltr'><strong>Deoque</strong></span> <span class='ocrx_word' id='word_1_404' title='bbox 1222 1988 1312 2023; x_wconf 72' lang='lat' dir='ltr'><strong>dignis</strong></span> <span class='ocrx_word' id='word_1_405' title='bbox 1327 1985 1496 2014; x_wconf 68' lang='lat' dir='ltr'><strong>caeremoniis</strong></span> <span class='ocrx_word' id='word_1_406' title='bbox 1511 1984 1699 2012; x_wconf 60' lang='lat' dir='ltr'><strong>commutavit.</strong></span> 
     </span>
    </p>
   </div>
   <div class='ocr_carea' id='block_1_50' title="bbox 914 2028 1701 2069">
    <p class='ocr_par' dir='ltr' id='par_1_57' title="bbox 914 2028 1701 2069">
     <span class='ocr_line' id='line_1_99' title="bbox 914 2028 1701 2069; baseline -0.011 -6"><span class='ocrx_word' id='word_1_407' title='bbox 914 2036 1020 2063; x_wconf 82' lang='lat' dir='ltr'><strong>idcirco</strong></span> <span class='ocrx_word' id='word_1_408' title='bbox 1048 2035 1134 2069; x_wconf 89' lang='lat' dir='ltr'><strong>pritua</strong></span> <span class='ocrx_word' id='word_1_409' title='bbox 1152 2032 1320 2068; x_wconf 85' lang='lat' dir='ltr'><strong>Septembris</strong></span> <span class='ocrx_word' id='word_1_410' title='bbox 1334 2031 1378 2058; x_wconf 89' lang='lat' dir='ltr'><strong>die</strong></span> <span class='ocrx_word' id='word_1_411' title='bbox 1393 2030 1496 2057; x_wconf 82' lang='lat' dir='ltr'><strong>litaniis</strong></span> <span class='ocrx_word' id='word_1_412' title='bbox 1509 2028 1626 2064; x_wconf 85' lang='lat' dir='ltr'><strong>publicis</strong></span> <span class='ocrx_word' id='word_1_413' title='bbox 1638 2035 1701 2063; x_wconf 49' lang='lat' dir='ltr'><strong>prce</strong></span> 
     </span>
    </p>
   </div>
   <div class='ocr_carea' id='block_1_51' title="bbox 918 2074 1700 2116">
    <p class='ocr_par' dir='ltr' id='par_1_58' title="bbox 918 2074 1700 2116">
     <span class='ocr_line' id='line_1_100' title="bbox 918 2074 1700 2116; baseline -0.01 -7"><span class='ocrx_word' id='word_1_414' title='bbox 918 2081 1051 2116; x_wconf 82' lang='lat' dir='ltr'><strong>cihusque</strong></span> <span class='ocrx_word' id='word_1_415' title='bbox 1074 2078 1260 2115; x_wconf 82' lang='lat' dir='ltr'><strong>piacularibus</strong></span> <span class='ocrx_word' id='word_1_416' title='bbox 1274 2076 1371 2106; x_wconf 72' lang='lat' dir='ltr'><strong>,Deum</strong></span> <span class='ocrx_word' id='word_1_417' title='bbox 1396 2075 1544 2110; x_wconf 84' lang='lat' dir='ltr'><strong>propitiare</strong></span> <span class='ocrx_word' id='word_1_418' title='bbox 1561 2074 1700 2102; x_wconf 85' lang='lat' dir='ltr'><strong>decreviti</strong></span> 
     </span>
    </p>
   </div>
   <div class='ocr_carea' id='block_1_52' title="bbox 919 2121 1702 2163">
    <p class='ocr_par' dir='ltr' id='par_1_59' title="bbox 919 2121 1702 2163">
     <span class='ocr_line' id='line_1_101' title="bbox 919 2121 1702 2163; baseline -0.01 -8"><span class='ocrx_word' id='word_1_419' title='bbox 919 2127 1128 2163; x_wconf 83' lang='lat' dir='ltr'><strong>pontiiicemque</strong></span> <span class='ocrx_word' id='word_1_420' title='bbox 1144 2125 1241 2153; x_wconf 87' lang='lat' dir='ltr'><strong>adesse</strong></span> <span class='ocrx_word' id='word_1_421' title='bbox 1253 2123 1292 2152; x_wconf 89' lang='lat' dir='ltr'><strong>rei</strong></span> <span class='ocrx_word' id='word_1_422' title='bbox 1304 2131 1401 2155; x_wconf 80' lang='lat' dir='ltr'><strong>sacrae,</strong></span> <span class='ocrx_word' id='word_1_423' title='bbox 1416 2126 1499 2157; x_wconf 75' lang='lat' dir='ltr'><strong>atque</strong></span> <span class='ocrx_word' id='word_1_424' title='bbox 1519 2129 1583 2149; x_wconf 90' lang='lat' dir='ltr'><strong>ettm</strong></span> <span class='ocrx_word' id='word_1_425' title='bbox 1607 2121 1702 2156; x_wconf 66' lang='lat' dir='ltr'><strong>praeire</strong></span> 
     </span>
    </p>
   </div>
   <div class='ocr_carea' id='block_1_53' title="bbox 780 2162 1702 2210">
    <p class='ocr_par' dir='ltr' id='par_1_60' title="bbox 780 2162 1702 2210">
     <span class='ocr_line' id='line_1_102' title="bbox 780 2162 1702 2210; baseline -0.012 -6"><span class='ocrx_word' id='word_1_426' title='bbox 780 2178 806 2209; x_wconf 81' lang='grc' dir='ltr'>ἴς</span> <span class='ocrx_word' id='word_1_427' title='bbox 819 2185 863 2203; x_wconf 82' lang='grc' dir='ltr'><strong>τε-</strong></span> <span class='ocrx_word' id='word_1_428' title='bbox 877 2162 900 2192; x_wconf 63' lang='grc' dir='ltr'><strong>θ</strong></span> <span class='ocrx_word' id='word_1_429' title='bbox 920 2162 968 2210; x_wconf 77' lang='lat' dir='ltr'><strong>pia</strong></span> <span class='ocrx_word' id='word_1_430' title='bbox 983 2179 1009 2208; x_wconf 82' lang='lat' dir='ltr'><strong>et</strong></span> <span class='ocrx_word' id='word_1_431' title='bbox 1026 2173 1155 2202; x_wconf 83' lang='lat' dir='ltr'><strong>salutaria</strong></span> <span class='ocrx_word' id='word_1_432' title='bbox 1171 2178 1285 2200; x_wconf 87' lang='lat' dir='ltr'><strong>munera</strong></span> <span class='ocrx_word' id='word_1_433' title='bbox 1300 2178 1333 2198; x_wconf 90' lang='lat' dir='ltr'><strong>ac</strong></span> <span class='ocrx_word' id='word_1_434' title='bbox 1355 2168 1501 2197; x_wconf 81' lang='lat' dir='ltr'><strong>sacriﬁcia.</strong></span> <span class='ocrx_word' id='word_1_435' title='bbox 1519 2168 1605 2195; x_wconf 83' lang='lat' dir='ltr'><strong>Porro</strong></span> <span class='ocrx_word' id='word_1_436' title='bbox 1618 2167 1702 2194; x_wconf 91' lang='lat' dir='ltr'><strong>annui</strong></span> 
     </span>
    </p>
   </div>
   <div class='ocr_carea' id='block_1_54' title="bbox 839 2212 1701 2258">
    <p class='ocr_par' dir='ltr' id='par_1_61' title="bbox 839 2212 1701 2258">
     <span class='ocr_line' id='line_1_103' title="bbox 839 2212 1701 2258; baseline -0.013 -9"><span class='ocrx_word' id='word_1_437' title='bbox 839 2223 863 2249; x_wconf 73' lang='lat'><strong>3-</strong></span> <span class='ocrx_word' id='word_1_438' title='bbox 915 2222 984 2258; x_wconf 87' lang='lat' dir='ltr'><strong>cycli</strong></span> <span class='ocrx_word' id='word_1_439' title='bbox 995 2221 1138 2257; x_wconf 84' lang='lat' dir='ltr'><strong>appellatio</strong></span> <span class='ocrx_word' id='word_1_440' title='bbox 1146 2219 1271 2247; x_wconf 77' lang='lat' dir='ltr'><strong>Romano</strong></span> <span class='ocrx_word' id='word_1_441' title='bbox 1278 2215 1409 2245; x_wconf 86' lang='lat' dir='ltr'><strong>vocabulo</strong></span> <span class='ocrx_word' id='word_1_442' title='bbox 1420 2212 1701 2251; x_wconf 69' lang='lat' dir='ltr'><strong>signiticatindiciumt</strong></span> 
     </span>
    </p>
   </div>
   <div class='ocr_carea' id='block_1_55' title="bbox 854 2258 1703 2303">
    <p class='ocr_par' dir='ltr' id='par_1_62' title="bbox 854 2258 1703 2303">
     <span class='ocr_line' id='line_1_104' title="bbox 854 2258 1703 2303; baseline -0.015 -6"><span class='ocrx_word' id='word_1_443' title='bbox 854 2283 863 2289; x_wconf 91' lang='lat'><strong><em>-</em></strong></span> <span class='ocrx_word' id='word_1_444' title='bbox 915 2269 1040 2303; x_wconf 82' lang='lat' dir='ltr'><strong>Namque</strong></span> <span class='ocrx_word' id='word_1_445' title='bbox 1055 2265 1163 2294; x_wconf 90' lang='lat' dir='ltr'><strong>initium</strong></span> <span class='ocrx_word' id='word_1_446' title='bbox 1180 2264 1270 2292; x_wconf 85' lang='lat' dir='ltr'><strong>innuit</strong></span> <span class='ocrx_word' id='word_1_447' title='bbox 1281 2261 1423 2298; x_wconf 86' lang='lat' dir='ltr'><strong>periodum</strong></span> <span class='ocrx_word' id='word_1_448' title='bbox 1442 2269 1449 2288; x_wconf 89' lang='lat'><strong>:</strong></span> <span class='ocrx_word' id='word_1_449' title='bbox 1465 2265 1547 2295; x_wconf 89' lang='lat' dir='ltr'><strong>atque</strong></span> <span class='ocrx_word' id='word_1_450' title='bbox 1576 2258 1634 2285; x_wconf 61' lang='lat' dir='ltr'><strong>haec</strong></span> <span class='ocrx_word' id='word_1_451' title='bbox 1659 2261 1703 2285; x_wconf 84' lang='lat' dir='ltr'><strong>est</strong></span> 
     </span>
    </p>
   </div>
   <div class='ocr_carea' id='block_1_56' title="bbox 915 2304 1701 2343">
    <p class='ocr_par' dir='ltr' id='par_1_63' title="bbox 915 2304 1701 2343">
     <span class='ocr_line' id='line_1_105' title="bbox 915 2304 1701 2343; baseline -0.018 0"><span class='ocrx_word' id='word_1_452' title='bbox 915 2315 970 2343; x_wconf 91' lang='lat' dir='ltr'><strong>illis</strong></span> <span class='ocrx_word' id='word_1_453' title='bbox 994 2312 1118 2341; x_wconf 89' lang='lat' dir='ltr'><strong>indictio.</strong></span> <span class='ocrx_word' id='word_1_454' title='bbox 1138 2309 1243 2338; x_wconf 64' lang='lat' dir='ltr'><strong>Graecia</strong></span> <span class='ocrx_word' id='word_1_455' title='bbox 1258 2314 1367 2343; x_wconf 92' lang='lat' dir='ltr'><strong>quoque</strong></span> <span class='ocrx_word' id='word_1_456' title='bbox 1394 2305 1505 2333; x_wconf 87' lang='lat' dir='ltr'><strong>nomine</strong></span> <span class='ocrx_word' id='word_1_457' title='bbox 1526 2304 1564 2331; x_wconf 89' lang='lat' dir='ltr'><strong>rei</strong></span> <span class='ocrx_word' id='word_1_458' title='bbox 1580 2306 1701 2339; x_wconf 66' lang='lat' dir='ltr'><strong>congruo</strong></span> 
     </span>
    </p>
   </div>
   <div class='ocr_carea' id='block_1_57' title="bbox 918 2347 1702 2392">
    <p class='ocr_par' dir='ltr' id='par_1_64' title="bbox 918 2347 1702 2392">
     <span class='ocr_line' id='line_1_106' title="bbox 918 2347 1702 2392; baseline -0.017 -5"><span class='ocrx_word' id='word_1_459' title='bbox 918 2359 987 2387; x_wconf 77' lang='lat' dir='ltr'><strong>dixit</strong></span> <span class='ocrx_word' id='word_1_460' title='bbox 1002 2357 1166 2392; x_wconf 71' lang='grc' dir='ltr'><strong>ιπινέμησιν</strong></span> <span class='ocrx_word' id='word_1_461' title='bbox 1179 2351 1434 2390; x_wconf 72' lang='lat' dir='ltr'><strong>(distributionem).</strong></span> <span class='ocrx_word' id='word_1_462' title='bbox 1457 2349 1516 2377; x_wconf 78' lang='lat' dir='ltr'><strong>Non</strong></span> <span class='ocrx_word' id='word_1_463' title='bbox 1530 2348 1603 2377; x_wconf 89' lang='lat' dir='ltr'><strong>enim</strong></span> <span class='ocrx_word' id='word_1_464' title='bbox 1630 2347 1702 2384; x_wconf 84' lang='lat' dir='ltr'><strong>apud</strong></span> 
     </span>
    </p>
   </div>
   <div class='ocr_carea' id='block_1_58' title="bbox 770 2393 1702 2438">
    <p class='ocr_par' dir='ltr' id='par_1_65' title="bbox 770 2393 1702 2438">
     <span class='ocr_line' id='line_1_107' title="bbox 770 2393 1702 2438; baseline -0.015 -4"><span class='ocrx_word' id='word_1_465' title='bbox 770 2393 861 2438; x_wconf 53' lang='lat' dir='ltr'><strong>&#39;Eiir‘z;</strong></span> <span class='ocrx_word' id='word_1_466' title='bbox 917 2409 1023 2432; x_wconf 86' lang='lat' dir='ltr'><strong>veteres</strong></span> <span class='ocrx_word' id='word_1_467' title='bbox 1037 2402 1146 2430; x_wconf 88' lang='lat' dir='ltr'><strong>tributis</strong></span> <span class='ocrx_word' id='word_1_468' title='bbox 1157 2405 1215 2428; x_wconf 88' lang='lat' dir='ltr'><strong>erat</strong></span> <span class='ocrx_word' id='word_1_469' title='bbox 1227 2398 1376 2435; x_wconf 68' lang='lat' dir='ltr'><strong>praefinitus</strong></span> <span class='ocrx_word' id='word_1_470' title='bbox 1388 2400 1479 2425; x_wconf 88' lang='lat' dir='ltr'><strong>certus</strong></span> <span class='ocrx_word' id='word_1_471' title='bbox 1492 2400 1575 2430; x_wconf 89' lang='lat' dir='ltr'><strong>atque</strong></span> <span class='ocrx_word' id='word_1_472' title='bbox 1602 2393 1702 2421; x_wconf 56' lang='lat' dir='ltr'><strong>immo‘</strong></span> 
     </span>
    </p>
   </div>
   <div class='ocr_carea' id='block_1_59' title="bbox 791 2439 1703 2485">
    <p class='ocr_par' dir='ltr' id='par_1_66' title="bbox 791 2439 1703 2485">
     <span class='ocr_line' id='line_1_108' title="bbox 791 2439 1703 2485; baseline -0.015 -5"><span class='ocrx_word' id='word_1_473' title='bbox 791 2463 804 2485; x_wconf 78' lang='grc' dir='ltr'>ς</span> <span class='ocrx_word' id='word_1_474' title='bbox 831 2454 862 2478; x_wconf 86' lang='grc' dir='ltr'><strong>ὰ-</strong></span> <span class='ocrx_word' id='word_1_475' title='bbox 916 2450 980 2478; x_wconf 88' lang='lat' dir='ltr'><strong>bilis</strong></span> <span class='ocrx_word' id='word_1_476' title='bbox 998 2447 1157 2481; x_wconf 84' lang='lat' dir='ltr'><strong>limes;scd</strong></span> <span class='ocrx_word' id='word_1_477' title='bbox 1169 2453 1220 2482; x_wconf 86' lang='lat' dir='ltr'><strong>pro</strong></span> <span class='ocrx_word' id='word_1_478' title='bbox 1247 2444 1384 2472; x_wconf 80' lang='lat' dir='ltr'><strong>fructuum</strong></span> <span class='ocrx_word' id='word_1_479' title='bbox 1406 2446 1538 2477; x_wconf 90' lang='lat' dir='ltr'><strong>proventu</strong></span> <span class='ocrx_word' id='word_1_480' title='bbox 1568 2439 1703 2476; x_wconf 86' lang='lat' dir='ltr'><strong>stipendia</strong></span> 
     </span>
    </p>
   </div>
   <div class='ocr_carea' id='block_1_60' title="bbox 853 2486 1703 2526">
    <p class='ocr_par' dir='ltr' id='par_1_67' title="bbox 853 2486 1703 2526">
     <span class='ocr_line' id='line_1_109' title="bbox 853 2486 1703 2526; baseline -0.014 -3"><span class='ocrx_word' id='word_1_481' title='bbox 853 2490 873 2525; x_wconf 82' lang='grc' dir='ltr'><strong>ι’</strong></span> <span class='ocrx_word' id='word_1_482' title='bbox 920 2495 976 2522; x_wconf 88' lang='lat' dir='ltr'><strong>illis</strong></span> <span class='ocrx_word' id='word_1_483' title='bbox 992 2494 1141 2521; x_wconf 83' lang='lat' dir='ltr'><strong>clementer</strong></span> <span class='ocrx_word' id='word_1_484' title='bbox 1169 2490 1396 2526; x_wconf 86' lang='lat' dir='ltr'><strong>imperabantur:</strong></span> <span class='ocrx_word' id='word_1_485' title='bbox 1415 2489 1453 2515; x_wconf 89' lang='lat' dir='ltr'><strong>ita</strong></span> <span class='ocrx_word' id='word_1_486' title='bbox 1485 2491 1514 2514; x_wconf 91' lang='lat' dir='ltr'><strong>ut</strong></span> <span class='ocrx_word' id='word_1_487' title='bbox 1537 2486 1563 2513; x_wconf 89' lang='lat' dir='ltr'><strong>in</strong></span> <span class='ocrx_word' id='word_1_488' title='bbox 1588 2492 1703 2513; x_wconf 73' lang='lat' dir='ltr'><strong>annona:</strong></span> 
     </span>
    </p>
   </div>
   <div class='ocr_carea' id='block_1_61' title="bbox 914 2534 1701 2568">
    <p class='ocr_par' dir='ltr' id='par_1_68' title="bbox 914 2534 1701 2568">
     <span class='ocr_line' id='line_1_110' title="bbox 914 2534 1701 2568; baseline -0.013 -1"><span class='ocrx_word' id='word_1_489' title='bbox 914 2540 1046 2567; x_wconf 85' lang='lat' dir='ltr'><strong>charitate</strong></span> <span class='ocrx_word' id='word_1_490' title='bbox 1063 2538 1263 2568; x_wconf 81' lang='lat' dir='ltr'><strong>minuerentur.</strong></span> <span class='ocrx_word' id='word_1_491' title='bbox 1276 2536 1303 2562; x_wconf 90' lang='lat' dir='ltr'><strong>in</strong></span> <span class='ocrx_word' id='word_1_492' title='bbox 1316 2536 1438 2562; x_wconf 83' lang='lat' dir='ltr'><strong>ubertate</strong></span> <span class='ocrx_word' id='word_1_493' title='bbox 1454 2541 1506 2560; x_wconf 92' lang='lat' dir='ltr'><strong>non</strong></span> <span class='ocrx_word' id='word_1_494' title='bbox 1520 2534 1701 2568; x_wconf 72' lang='lat' dir='ltr'><strong>augerentur!</strong></span> 
     </span>
    </p>
   </div>
   <div class='ocr_carea' id='block_1_62' title="bbox 915 2578 1700 2622">
    <p class='ocr_par' dir='ltr' id='par_1_69' title="bbox 915 2578 1700 2622">
     <span class='ocr_line' id='line_1_111' title="bbox 915 2578 1700 2622; baseline -0.014 -8"><span class='ocrx_word' id='word_1_495' title='bbox 915 2593 1000 2622; x_wconf 89' lang='lat' dir='ltr'><strong>quare</strong></span> <span class='ocrx_word' id='word_1_496' title='bbox 1016 2585 1076 2613; x_wconf 87' lang='lat' dir='ltr'><strong>sine</strong></span> <span class='ocrx_word' id='word_1_497' title='bbox 1099 2584 1208 2611; x_wconf 89' lang='lat' dir='ltr'><strong>tristitia</strong></span> <span class='ocrx_word' id='word_1_498' title='bbox 1233 2581 1414 2617; x_wconf 59' lang='lat' dir='ltr'><strong>quaestoribus</strong></span> <span class='ocrx_word' id='word_1_499' title='bbox 1441 2580 1544 2616; x_wconf 83' lang='lat' dir='ltr'><strong>justum</strong></span> <span class='ocrx_word' id='word_1_500' title='bbox 1571 2578 1700 2606; x_wconf 86' lang='lat' dir='ltr'><strong>tributum</strong></span> 
     </span>
    </p>
   </div>
   <div class='ocr_carea' id='block_1_63' title="bbox 855 2623 1702 2668">
    <p class='ocr_par' dir='ltr' id='par_1_70' title="bbox 855 2623 1702 2668">
     <span class='ocr_line' id='line_1_112' title="bbox 855 2623 1702 2668; baseline -0.013 -8"><span class='ocrx_word' id='word_1_501' title='bbox 855 2638 862 2660; x_wconf 59' lang='grc' dir='ltr'>ξ</span> <span class='ocrx_word' id='word_1_502' title='bbox 916 2632 1120 2668; x_wconf 76' lang='lat' dir='ltr'><strong>pet-solvebatur</strong></span> <span class='ocrx_word' id='word_1_503' title='bbox 1139 2639 1146 2657; x_wconf 81' lang='lat'><strong>2</strong></span> <span class='ocrx_word' id='word_1_504' title='bbox 1164 2629 1312 2664; x_wconf 89' lang='lat' dir='ltr'><strong>etquidem</strong></span> <span class='ocrx_word' id='word_1_505' title='bbox 1331 2628 1378 2655; x_wconf 90' lang='lat' dir='ltr'><strong>ubi</strong></span> <span class='ocrx_word' id='word_1_506' title='bbox 1407 2634 1476 2661; x_wconf 83' lang='lat' dir='ltr'><strong>opus</strong></span> <span class='ocrx_word' id='word_1_507' title='bbox 1503 2630 1575 2653; x_wconf 75' lang='lat' dir='ltr'><strong>esset</strong></span> <span class='ocrx_word' id='word_1_508' title='bbox 1591 2633 1600 2652; x_wconf 73' lang='grc' dir='ltr'>ε</span> <span class='ocrx_word' id='word_1_509' title='bbox 1627 2623 1702 2654; x_wconf 83' lang='lat' dir='ltr'><strong>nulla</strong></span> 
     </span>
    </p>
   </div>
   <div class='ocr_carea' id='block_1_64' title="bbox 828 2700 948 2734">
    <p class='ocr_par' dir='ltr' id='par_1_71' title="bbox 828 2700 948 2734">
     <span class='ocr_line' id='line_1_113' title="bbox 828 2700 948 2734; baseline -0.008 0"><span class='ocrx_word' id='word_1_510' title='bbox 828 2700 948 2734; x_wconf 72' lang='lat' dir='ltr'><strong>[\“OTE.</strong></span> 
     </span>
    </p>
   </div>
   <div class='ocr_carea' id='block_1_65' title="bbox 616 2737 1701 2788">
    <p class='ocr_par' dir='ltr' id='par_1_72' title="bbox 616 2737 1701 2788">
     <span class='ocr_line' id='line_1_114' title="bbox 616 2737 1701 2788; baseline -0.017 -6"><span class='ocrx_word' id='word_1_511' title='bbox 616 2754 814 2788; x_wconf 78' lang='lat' dir='ltr'><strong>inopniitanum</strong></span> <span class='ocrx_word' id='word_1_512' title='bbox 830 2754 862 2779; x_wconf 81' lang='lat' dir='ltr'><strong>ad</strong></span> <span class='ocrx_word' id='word_1_513' title='bbox 952 2749 1006 2784; x_wconf 78' lang='grc'><strong>(18)</strong></span> <span class='ocrx_word' id='word_1_514' title='bbox 1024 2748 1061 2775; x_wconf 89' lang='lat' dir='ltr'><strong>De</strong></span> <span class='ocrx_word' id='word_1_515' title='bbox 1079 2748 1130 2788; x_wconf 81' lang='lat' dir='ltr'><strong>lt_a_c</strong></span> <span class='ocrx_word' id='word_1_516' title='bbox 1145 2746 1314 2788; x_wconf 44' lang='lat' dir='ltr'><strong>universa&quot;?</strong></span> <span class='ocrx_word' id='word_1_517' title='bbox 1340 2742 1435 2771; x_wconf 79' lang='lat' dir='ltr'><strong>confer</strong></span> <span class='ocrx_word' id='word_1_518' title='bbox 1450 2741 1589 2769; x_wconf 77' lang='lat' dir='ltr'><strong>Patavium</strong></span> <span class='ocrx_word' id='word_1_519' title='bbox 1605 2737 1701 2766; x_wconf 70' lang='lat' dir='ltr'><strong>Dbﬂh</strong></span> 
     </span>
    </p>
   </div>
   <div class='ocr_carea' id='block_1_66' title="bbox 613 2779 1312 2823">
    <p class='ocr_par' dir='ltr' id='par_1_73' title="bbox 613 2779 1312 2823">
     <span class='ocr_line' id='line_1_115' title="bbox 613 2779 1312 2823; baseline -0.016 -6"><span class='ocrx_word' id='word_1_520' title='bbox 613 2779 730 2817; x_wconf 53' lang='grc' dir='ltr'><strong>ὦῶεῶ</strong></span> <span class='ocrx_word' id='word_1_521' title='bbox 741 2789 863 2823; x_wconf 84' lang='lat' dir='ltr'><strong>disputat</strong></span> <span class='ocrx_word' id='word_1_522' title='bbox 919 2779 1077 2819; x_wconf 49' lang='lat' dir='ltr'><strong>terhpItom.</strong></span> <span class='ocrx_word' id='word_1_523' title='bbox 1094 2782 1126 2815; x_wconf 85' lang='lat' dir='ltr'><strong>Il,</strong></span> <span class='ocrx_word' id='word_1_524' title='bbox 1139 2788 1167 2816; x_wconf 84' lang='lat' dir='ltr'><strong>p.</strong></span> <span class='ocrx_word' id='word_1_525' title='bbox 1183 2779 1312 2808; x_wconf 75' lang='lat'><strong>566-368.</strong></span> 
     </span>
    </p>
   </div>
   <div class='ocr_carea' id='block_1_67' title="bbox 1506 2851 1545 2886">
    <p class='ocr_par' dir='ltr' id='par_1_74' title="bbox 1506 2851 1545 2886">
     <span class='ocr_line' id='line_1_116' title="bbox 1506 2851 1545 2886; baseline -0.026 0"><span class='ocrx_word' id='word_1_526' title='bbox 1506 2851 1545 2886; x_wconf 66' lang='lat' dir='ltr'><strong>Bb</strong></span> 
     </span>
    </p>
   </div>
  </div>
