3826 6206
131 305 143 318 ⁸
167 200 256 289 isi

953 195 1053 277 λι)
1082 190 1676 277 AMPIIIIDCHIUM
1699 183 2045 282 oti/nmo
2067 212 2370 276 cxxxrv.

3266 201 3369 272 738

167 337 313 407 ἄλλην
351 332 404 387 δὲ
439 325 690 404 πάτριον,
731 328 826 383 καὶ
853 328 954 400 τὴν
973 329 1166 400 λοιπήν
1193 345 1254 380 τε
1283 326 1378 381 καὶ
1399 323 1666 393 κυκλικὴν
1687 338 1701 352 ·

1839 339 1927 391 psa
1962 305 2488 393 prim'umsacratum
2509 314 2830 394 appellabat,
2853 323 3081 378 alterum
3114 323 3370 392 patrium,

168 427 421 502 ίερατικὴν
453 425 552 494 μὲν
581 422 674 476 οῦν
703 421 866 493 ⁴ἡνίκα
894 421 986 474 τὸν
1014 421 1328 491 Δίγόκερων
1349 421 1378 473 ὁ
1399 418 1548 489 ἣλιος
1573 432 1714 485 παρ-

169 524 267 588 ιὼν,
308 521 382 585 είς
421 513 650 588 αὔξησιν
707 516 833 584 ἄγει
865 515 963 584 τὴν
1001 514 1237 585 ἡμέραν.
1287 510 1436 580 Αὕτη
1473 509 1530 561 δὲ
1574 525 1713 576 συμ-

168 614 338 670 πίπτει
388 609 523 680 πρὸς
578 605 864 678 ἀκρίϐειαν
914 604 1012 673 μὲν
1039 603 1180 657 κατὰ
1237 601 1330 654 τὸν
1373 597 1712 667 καλούμενον

165 703 474 774 Δεκέμσριον
498 699 672 770 μῆνα·
697 697 832 769 πρὸς
858 695 1109 774 αἴσθησιν
1127 693 1182 747 δὲ
1204 693 1300 747 καὶ
1324 690 1558 763 μάλιστα
1585 687 1718 742 Ῥω·

171 770 460 870 μαίοις,νείς
512 792 604 846 τδν
645 770 974 860 Ἰανουάριόν
1023 787 1309 842 διαϐαίνει.
1344 785 1455 854 Τὴν
1507 783 1564 836 δὲ
1612 782 1717 833 πά-

169 889 349 962 τριονὸ
392 886 502 940 τῶν
562 884 748 956 μηνῶν
803 880 1136 953 καλούμενος
1182 880 1425 951 Μάρτιος
1476 875 1718 944 ἀπεκλη-

175 985 343 1056 ροῦτο’
390 981 480 1034 ὅτε
537 980 632 1034 καὶ
671 977 852 1033 ὃπλων
899 975 1112 1045 κίνησίς
1158 990 1218 1026 τε
1262 971 1357 1024 καὶ
1397 967 1721 1040 παρασκευὴ

171 1073 490 1128 ἐπεδείκνυτο
530 1069 841 1141 Ῥωμαίοις.
882 1067 985 1121 Τὸν
1005 1065 1062 1119 δι
1081 1083 1144 1134 γε
1179 1062 1553 1132 Σεπτέμϐριον
1579 1060 1722 1130 μῆνα

169 1167 438 1240 ήκυκλική
468 1181 528 1218 τε
551 1163 648 1218 καὶ⁵
673 1161 923 1233 πολιτικὴ
952 1161 1153 1230 ψῆφος,
1177 1158 1206 1212 ὃ
1236 1157 1297 1210 τὸ
1327 1156 1418 1210 σὺν
1438 1153 1723 1238 φιλύπονον

175 1231 517 1328 ἐπεζήτησεν,
571 1253 748 1326 ἀρχὴν
803 1231 1050 1319 ἀπέφηνε
1080 1248 1172 1303 τοῦ
1219 1243 1465 1300 ἐνιαυτοῦ
1494 1231 1625 1314 (1'7).
1659 1243 1724 1294 Ὃ

169 1350 251 1402 καὶ
272 1327 490 1417 γλῶσσα
524 1343 1017 1416 μὲνἝλληνίζουσα
1042 1339 1226 1392 καλεῖν
1255 1336 1576 1406 ἐπινέμησιν
1591 1327 1724 1396 οἶδε,

179 1441 428 1510 Ῥωμαῖοι
456 1440 513 1493 δὲ
542 1437 848 1493 ίνδικτιῶνα
870 1452 883 1465 ·
915 1436 1009 1488 καὶ
1037 1432 1240 1500 ταύτην
1262 1430 1322 1482 τὸ
1354 1429 1450 1498 μὲν
1475 1424 1725 1487 παλαιὸν,

167 1530 569 1602 πενταετηρίδος
610 1527 800 1599 χρόνος
857 1522 1176 1584 ἀνεκύκλου,
1221 1519 1279 1571 ὃν
1328 1518 1422 1570 καὶ
1469 1514 1728 1584 λοῦστρον

167 1624 396 1695 πατρίως
415 1618 665 1675 ἐκάλουν.
699 1619 929 1670 Ἔπειτα
949 1614 1005 1667 δὲ
1027 1612 1293 1682 τιμῶντες
1325 1609 1468 1676 ’Δρη
1503 1605 1614 1669 τὸν,
1651 1602 1726 1666 ὥς

168 1733 308 1785 φασι,
337 1714 570 1784 πάτριον
597 1711 782 1772 αὐτοῖς
801 1725 816 1740 ο
850 1707 972 1761 ἐπεὶ
1003 1705 1112 1759 τῶν
1139 1703 1384 1772 ἀστέρων
1413 1692 1570 1760 οὗτος
1593 1712 1724 1749 πεν-

167 1805 560 1874 τεκαιδεκαετία
592 1803 872 1872 ἐλάχιστον
887 1797 1085 1869 δρόμον
1111 1793 1287 1847 ἀνύων
1329 1792 1421 1844 τὸν
1449 1790 1578 1842 ίδιον
1629 1804 1727 1840 πε-

171 1899 403 1973 ραιοῦται
441 1894 940 1964 κύκλον,ίσόχρονον
963 1890 1142 1943 ἔθεντο
1171 1887 1265 1939 καὶ
1283 1885 1378 1955 τὴν
1407 1883 1728 1952 ἐπινέμησιν

167 1971 272 2064 ﬁco:
302 1991 401 2064 τὴν
434 1987 741 2044 ίνδικτιῶνα
786 1985 1066 2052 θέσπισμα
1092 1977 1365 2034 τελεῖσθαι
1384 1992 1398 2006 ο
1433 1973 1570 2028 ἀλλὰ
1597 1971 1728 2026 ταύ-

168 2087 256 2150 την
307 2080 409 2152 μὲν
457 2078 555 2150 τὴν
617 2075 818 2139 αἰτίαν,
871 2074 946 2136 ὡς
975 2070 1043 2125 ἂν
1085 2071 1120 2141 ή
1163 2068 1388 2122 ἐκείνων
1435 2066 1730 2136 ἀρχαιότης

168 2173 309 2245 φαίη,
353 2173 380 2225 ὁ
436 2167 744 2236 θεολογικὺς
781 2164 961 2221 αὐτῶν
997 2162 1092 2216 καὶ
1137 2160 1370 2231 κρύφιος
1424 2155 1730 2226 ὑπογράφει

166 2269 375 2339 τρόπος.
414 2266 490 2320 Οὐ
523 2263 716 2336 πόρρω
743 2259 799 2313 δὲ
831 2257 1034 2328 ταύτης
1061 2256 1156 2310 καὶ
1191 2257 1224 2325 ἡ
1244 2254 1496 2320 λέγουσα,
1522 2249 1603 2302 ὃτι
1631 2247 1730 2316 τὴν

167 2358 485 2431 ἰσημερινήν
515 2354 668 2426 ὥραν
715 2349 1112 2405 πεντεκαίδεκα
1141 2345 1350 2417 μορίοις
1399 2343 1511 2396 τισὶ
1543 2340 1730 2412 μαθὼν

164 2453 319 2520 ἐγγὺς
384 2445 877 2518 περιγραφομένην
937 2443 966 2494 ὁ
1017 2439 1366 2508 αὐταρχὴσας
1425 2431 1729 2500 Αὔγουστος

177 2543 488 2614 Ῥωμαίων,
519 2541 615 2595 καὶ
658 2538 756 2610 τὴν
788 2535 1158 2604 ἀνακύκλησιν
1197 2530 1290 2583 τοῦ
1349 2524 1596 2580 ἐνιαυτοῦ
1652 2526 1730 2587 εἰς

165 2638 248 2691 τὸν
279 2635 451 2688 αὐτὸν
497 2630 729 2703 ἀριθμὸν
777 2627 1064 2682 ἐδικαίωσε
1111 2620 1466 2693 περιορίζειν.
1514 2615 1732 2671 Πολιτι-

165 2730 386 2798 κὼτερον
427 2725 473 2781 δ’
503 2723 569 2779 ἂν
613 2720 822 2790 λὲγοιεν
868 2719 964 2774 καὶ
1001 2717 1052 2771 oi.
1073 2715 1206 2770 διότι
1237 2713 1511 2773 τοσούτοις
1557 2709 1732 2762 ἔτεσιν

177 2821 443 2890 Ἀντωνίῳ
487 2812 924 2870 συνυπατευκότι
967 2811 1069 2880 τήν
1097 2825 1157 2859 τε
1190 2805 1296 2859 τῶν
1324 2803 1520 2857 κοινῶν
1555 2815 1731 2871 πραγ-

168 2916 339 2984 μάτων
382 2908 763 2981 μεταχείρισιν
793 2905 949 2974 ἔσχεν
968 2917 984 2932 ⁸
1010 2897 1128 2954 εῐτα
1157 2899 1253 2951 καὶ
1286 2896 1468 2967 μάχην
1504 2891 1728 2962 συνῆψε,

1814 418 2038 471 tertium
2073 417 2353 488 politicum
2384 425 2439 470 et
2473 416 2760 486 cyclicum.
2820 416 3046 470 Sacrum
3098 425 3202 478 est,
3251 421 3372 468 cunt

1813 508 2146 578 Capricorno
2171 511 2252 564 Sol
2283 507 2570 579 egrediens
2597 507 2700 562 diei
2735 507 3070 562 incrementa
3095 507 3241 561 facit.
3263 505 3372 561 ΙΙοε

1815 609 1995 655 autem
2022 601 2353 656 adamussim
2389 599 2580 654 incidit
2614 599 2668 652 in
2707 595 3058 653 Decembrem
3093 609 3338 653 mensem
3361 605 3374 628 δ

1815 693 1908 746 sed
1941 699 2120 747 tamen
2149 693 2228 756 id,
2259 683 2520 746 Romanis
2550 691 2843 761 praecipue,
2877 689 3094 744 nonnisi
3115 687 3377 743 Januario

1817 782 2008 840 incnse
2041 785 2293 840 sentitur.
2347 784 2562 839 Initium
2596 797 2725 837 vero
2781 781 3014 853 patrium
3053 781 3378 851 appellatum

1819 874 1874 928 in
1903 886 2147 929 mensem
2173 874 2424 928 Martium
2462 873 2801 936 incurrebat,
2831 878 2942 943 quo
2964 877 3204 942 tempore
3233 885 3381 927 arma

1819 981 2038 1021 movere
2069 965 2246 1021 solent
2290 964 2522 1020 Romani
2550 976 2603 1020 et
2658 966 2725 1020 ad
2753 965 2952 1020 bellum
3013 963 3230 1018 instrui.
3287 961 3380 1017 Se;

1820 1058 2048 1129 ptembri
2089 1066 2273 1113 mense
2299 1058 2534 1128 denique
2579 1058 2782 1129 cyclico
2811 1058 3141 1127 politicoque
3194 1055 3374 1113 suﬂ‘ras

1822 1149 1912 1218 gio
1944 1150 2011 1231 de
2040 1163 2147 1218 quo
2177 1157 2231 1202 tu
2263 1149 2504 1204 studiose
2535 1148 2948 1217 rogas,initium
2979 1147 3106 1202 anni
3125 1155 3386 1202 statutum

1825 1243 1947 1297 fuit.
1979 1242 2044 1297 Et
2069 1257 2232 1313 quam
2267 1243 2484 1312 quidem
2517 1239 2700 1296 Graeca
2734 1252 2954 1310 quoque
2985 1240 3170 1309 lingtta
3213 1239 3376 1292 ἔπινέ·

1829 1351 1996 1404 μησιν
2024 1335 2294 1404 appeliare
2327 1335 2496 1399 novit,
2523 1331 2754 1387 Romani
2785 1340 2966 1388 autem
3013 1333 3388 1399 indictionem,

1827 1426 1967 1480 hanc
2010 1425 2138 1479 oliui
2173 1425 2594 1495 quinquennalis
2623 1423 2808 1495 cycius
2838 1424 3130 1478 reducebat
3158 1441 3171 1477 :
3228 1423 3390 1490 idque

1827 1517 1988 1571 etiam
2013 1516 2242 1570 lustrum
2275 1517 2497 1586 proprio
2517 1515 2777 1570 vocabulo
2807 1515 3167 1585 appellabant.
3193 1512 3390 1568 Deinde

1831 1609 1958 1679 quia
1989 1606 2213 1662 Martem
2243 1607 2512 1675 colebant,
2539 1623 2698 1676 quem
2732 1606 2815 1662 sui
2849 1606 3064 1676 generis
3109 1612 3389 1661 auctorem

1830 1701 2022 1765 aiunt;
2049 1709 2103 1753 et
2134 1699 2260 1769 quia
2297 1698 2399 1752 hoc
2427 1699 2578 1754 sidus
2609 1697 2915 1768 quindecim
2948 1699 3107 1752 annis
3137 1697 3385 1752 brevissi-

1831 1809 1980 1846 mum
2018 1807 2242 1846 cursum
2270 1791 2581 1855 absolvens,
2603 1805 2761 1845 suum
2791 1789 3000 1860 cyclum
3021 1790 3248 1860 perlicit,
3279 1789 3393 1858 pari

1831 1884 2116 1940 intervallo
2151 1883 2473 1954 ἐπινέμησιν
2504 1883 2618 1937 sive
2647 1881 2998 1936 indictionem
3057 1881 3172 1935 fieri
3206 1881 3395 1936 decrea

1830 1985 2046 2032 verunt.
2085 1969 2464 2031 Verumtamen
2497 1976 2637 2030 banc
2688 1988 2934 2040 causam,
2988 1984 3048 2029 ut
3096 1974 3154 2028 in
3207 1987 3398 2029 eorum

1832 2069 2252 2140 antiquitatibus
2281 2067 2475 2132 fertur,
2521 2067 2825 2137 theologica
2874 2064 3193 2121 eorumdem
3239 2075 3402 2135 atque

1831 2178 2029 2218 arcana
2061 2161 2198 2216 ratio
2227 2159 2504 2215 describit.
2535 2157 2722 2228 Neque
2756 2156 2824 2211 ab
2849 2156 2952 2211 hac
3004 2155 3160 2210 valde
3195 2155 3403 2210 abludit

1833 2256 2098 2312 sententia
2143 2252 2233 2307 illa
2267 2267 2388 2323 quae
2417 2253 2491 2306 ait
2544 2251 2848 2321 Augustum
2893 2249 3262 2304 Romanorum
3298 2249 3403 2302 im-l

1831 2355 2160 2418 peratorem,
2191 2361 2315 2400 cum
2370 2342 2682 2398 rescivisset
2713 2341 3141 2411 aequinoctialem
3191 2348 3401 2410 tempeé

1831 2447 2025 2494 statem
2064 2451 2097 2490 a
2150 2433 2427 2490 nonnullis
2444 2433 2506 2491 in
2525 2433 2832 2503 quindecim
2857 2438 3034 2502 partes
3063 2429 3250 2498 dividi,
3277 2432 3405 2485 anui

1833 2544 2052 2600 quoque
2073 2527 2353 2598 periodum
2389 2525 2580 2581 eodem
2616 2538 2842 2579 numero
2867 2523 3226 2578 deliniendam
3263 2539 3393 2577 cett-

1835 2622 2031 2676 suisse.
2067 2618 2171 2674 Sed
2203 2619 2416 2674 civilior
2434 2620 2518 2674 est
2561 2617 2829 2673 sententia
2887 2630 3000 2670 rem
3044 2615 3404 2686 repetentium

1835 2715 1903 2767 ab
1959 2712 2207 2780 Augusto
2239 2711 2333 2780 qui
2360 2710 2584 2764 totidem
2614 2709 2773 2763 annis
2807 2707 3171 2778 principatum
3210 2706 3265 2760 in
3307 2720 3406 2776 pa-

1837 2803 1937 2857 tria
1964 2819 2088 2858 cum
2113 2801 2351 2857 Antonio
2379 2801 2627 2870 gesserit,
2679 2813 2804 2852 cum
2861 2810 3057 2866 eoque'
3091 2795 3406 2866 reipublicae

1835 2897 2049 2951 clavum
2104 2895 2354 2960 tenuerit,
2398 2902 2513 2946 tum
2570 2892 2834 2947 adversus
2877 2905 3000 2945 cum
3051 2887 3406 2943 decertaret-it

168 3011 254 3062 ml.
271 3009 330 3061 τὸ
357 2987 485 3061 κατ’
503 3003 669 3059 αὐτοῦ
698 3001 956 3072 τρόπαιον
978 2991 1140 3058 εἷλεν,
1164 2996 1253 3047 ὅτε
1283 2991 1378 3045 καί
1395 2989 1556 3060 μηνὸς
1585 2989 1731 3040 ἱστα-

1841 2988 2284 3058 triumpbumque
2343 2985 2608 3050 retulerit,
2667 2992 2830 3055 atque
2876 2981 3166 3054 Egyptian]
3222 2992 3410 3036 mense

174 3101 326 3168 μένου
382 3096 763 3167 Σεπτεμϐρίου
817 3095 852 3164 ὴ
890 3093 1162 3158 Αἴγυπτος
1207 3083 1355 3156 αὐτῷ
1401 3083 1734 3154 δορυὰλωτος

171 3193 397 3264 κατέστη
435 3189 576 3260 (18).
611 3187 856 3242 Ἐτέλουν
892 3185 988 3254 μὲν
1023 3179 1116 3236 οὖν
1144 3178 1265 3234 καθ’
1299 3177 1534 3244 ἑκάστην
1563 3171 1736 3243 ἀρχὴν

170 3285 410 3340 ἐνιαυτοῦ
447 3281 755 3346 ἰδιαζούσας
784 3296 844 3330 τε
869 3276 1060 3336 θυσίας
1082 3273 1179 3327 καὶ
1198 3270 1440 3337 τελετὰς,
1466 3266 1738 3338 τιμῶντες

171 3382 257 3435 καὶ
288 3377 642 3446 ἱλασκόμενοι
667 3369 759 3436 οὓς
785 3369 1032 3441 ἐνόμιζον
1085 3368 1240 3422 αὐτοὶ
1271 3364 1422 3424 θεούς
1448 3375 1461 3388 ·
1503 3360 1736 3429 μάλιστα

169 3473 224 3528 δὲ
247 3471 389 3526 κατὰ
416 3469 515 3524 τὸν
547 3459 918 3536 Σεπτέμσριον
957 3463 1102 3533 μῆνα
1131 3454 1508 3529 λαμπρότερον
1554 3452 1737 3512 αὐτοῖς

170 3563 257 3616 καὶ
283 3559 695 3632 φιλοτιμότερον
745 3556 1043 3626 ἐπράττετο
1074 3549 1280 3603 ταῦτα.

235 3655 298 3726 β’.
346 3651 512 3708 Ἐπεὶ
540 3650 630 3704 οῦν
657 3649 755 3717 τῆς
784 3647 1020 3708 παλαιᾶς
1056 3641 1272 3712 Ῥώμης
1300 3643 1334 3709 ὴ
1365 3639 1460 3692 νέα
1485 3636 1575 3689 τὸν
1608 3635 1739 3702 κλῆ-

170 3764 259 3819 ρον
297 3745 512 3816 ὑπῆλθε
566 3743 660 3797 καὶ
709 3739 887 3795 κοινὸν
934 3738 1202 3806 ἐκτήσατο
1233 3733 1294 3786 τὸ
1349 3733 1572 3801 κράτος,
1613 3744 1738 3796 μετ-

167 3817 356 3909 έστησε
383 3838 443 3892 δὲ
472 3818 568 3888 τοῦ
599 3833 940 3902 σεϐάσματος
972 3829 1034 3880 τὸ
1063 3826 1262 3880 πλάνον
1295 3826 1372 3886 si;
1407 3821 1504 3892 τὴν
1540 3817 1737 3885 εὐσεδῆ

167 3947 223 3984 τε
251 3931 344 3984 καὶ
372 3927 498 3998 Θεῷ
535 3925 852 3995 πρέπουσαν
885 3913 1598 3991 λατρείαν,-συμμεθίστησι
1645 3909 1741 3961 καὶ

168 4022 261 4084 τὰς
283 4018 600 4091 δαιμονίους
638 4015 866 4076 τελετὰς
893 4012 989 4066 καὶ
1014 4007 1204 4071 θυσίας
1223 4007 1303 4070 είς
1324 4001 1652 4062 εύσεὸούσας
1679 4015 1738 4050 τε

167 4117 256 4168 καὶ
285 4114 611 4185 θεοπρεπεῖς
641 4107 944 4178 ἁγιστείας.
981 4105 1090 4160 Καὶ
1135 4101 1223 4156 διὰ
1248 4101 1404 4154 τοῦτο
1438 4097 1538 4167 τὴν
1586 4094 1739 4163 πρώ-

166 4225 262 4276 την
290 4207 386 4259 τοῦ
411 4198 786 4273 ὴπτεμῦρίου
813 4199 978 4271 μηνὸς
1009 4194 1308 4255 λιτανείαις
1328 4209 1390 4244 τε
1413 4186 1738 4259 δημοτελέσι

165 4301 256 4354 καὶ
284 4302 406 4362 ταῖς
453 4295 642 4356 ἄλλαις
675 4291 1009 4361 ἱλαστηρίοις
1045 4287 1237 4356 ,εὐχαῖς
1277 4284 1441 4352 νόμον
1471 4279 1621 4333 ἔθετο
1650 4281 1740 4330 ττθν

1837 3079 2140 3150 Septembri
2169 3080 2388 3132 ineunte
2415 3077 2582 3131 armis
2610 3075 2922 3130 obtinuerit.
2958 3071 3198 3142 Singulis
3226 3079 3407 3126 autem

1838 3174 1965 3227 anni
1990 3171 2163 3227 initiis
2197 3170 2495 3241 peculiaria
2554 3168 2820 3224 sacriﬁcia
2879 3165 3129 3236 ritusque
3179 3177 3408 3234 perages

1839 3267 1992 3332 baut,
2045 3265 2273 3321 honoris
2305 3279 2434 3333 ergo
2458 3270 2513 3316 et
2543 3259 2860 3332 placationis
2887 3268 3080 3314 eorum
3133 3272 3272 3327 quos
3305 3256 3406 3327 ipsi

1839 3358 2104 3430 putabant
2134 3357 2304 3411 deos:
2333 3354 2636 3426 praesertim
2688 3365 2820 3407 vero
2872 3361 3060 3406 mense
3107 3348 3411 3418 Septembri

1843 3448 2214 3520 splendidiora
2253 3446 2367 3500 inec
2395 3459 2552 3500 saera
2584 3453 2639 3497 ct
2686 3440 3031 3496 a’ccuratiora
3083 3439 3189 3493 diis
3240 3438 3406 3494 faeie-

1841 3540 1992 3594 banL

1915 3631 1970 3683 2.
1999 3629 2118 3684 iam
2151 3628 2243 3682 ubi
2275 3625 2470 3682 veteris
2499 3623 2688 3678 Roma:
2713 3633 2854 3675 nova
2882 3625 3083 3674 sortem
3105 3615 3411 3685 occupavit,

1846 3732 2303 3790 communemque
2375 3715 2675 3787 potentiam
2722 3713 2935 3781 adepta,
3009 3707 3417 3779 superstitionis

1845 3830 2084 3870 errorem
2117 3813 2171 3866 in
2212 3812 2355 3880 piam
2388 3808 2607 3876 Deoque
2651 3803 2869 3873 dignam
2904 3801 3215 3872 religionem
3279 3813 3418 3853 con-

1844 3905 2006 3960 vertit
2037 3922 2052 3971 ;
2089 3913 2221 3956 tunc
2251 3900 2518 3956 diabolica
2572 3909 2792 3966 quoque
2822 3891 3080 3964 mysteria
3113 3905 3177 3944 ac
3200 3888 3410 3944 sacriﬁ-

1846 3998 1929 4052 cia
1979 3995 2186 4070 sanctis
2216 3992 2437 4060 Deoque
2463 3989 2643 4058 dignis
2673 3981 3011 4041 caeremoniis
3041 3979 3416 4036 commutavit.

1847 4086 2058 4140 idcirco
2086 4067 2285 4152 prima
2322 4076 2658 4148 Septembris
2686 4074 2775 4128 die
2805 4071 3010 4126 litaniis
3038 4067 3271 4139 publicis
3296 4082 3420 4138 pres

1855 4176 2120 4245 cibusqu‘e
2167 4169 2539 4243 piacularibus
2591 4165 2760 4221 Deum
2811 4163 3106 4234 propitiare
3141 4160 3419 4216 decreviti

1856 4269 2274 4340 pontiiiccmque
2307 4264 2500 4319 adesse
2525 4260 2602 4316 rei
2627 4274 2820 4322 sacra},
2853 4265 3018 4325 atque
3057 4270 3183 4310 cum
3234 4253 3424 4324 praeire

166 4392 294 4445 Θεὸν
317 4339 682 4458 ὲξίλεοῦσθοίι,
715 4339 1062 4454 παρείῗθαί-’τε
1089 4339 1180 4432 τδν
1215 4339 1478 4445 διρχιερέα
1516 4371 1630 4432 τοῖς
1655 4385 1731 4420 τε·

1868 4364 1954 4434 pia
1984 4373 2036 4418 et
2070 4360 2328 4418 salutaria
2361 4370 2588 4412 munera
2619 4369 2684 4408 ac
2729 4349 3020 4407 sacriﬁcia.
3058 4347 3230 4401 Porro
3256 4345 3423 4399 annui

2148 4455 2158 4458 -
2245 4455 2254 4458 _
2312 4451 2347 4458 κ
2711 4445 2722 4458 ι
2787 4443 2798 4458 ι
2891 4441 2901 4458 9
2948 4435 3397 4458 ,,01!A-.!_J!-!.....

165 4484 476 4555 λουμένοις,
500 4480 610 4533 τῶν
643 4474 970 4546 ἱλαστηρίων
1021 4471 1116 4526 καὶ⁴
1151 4467 1438 4538 σωτηρίων
1465 4460 1744 4534 προηγού-

170 4594 326 4646 μενον
358 4571 656 4646 ίρουργιῶν
680 4587 740 4622 τε
779 4569 874 4622 καὶ
917 4564 1192 4633 θυμάτων.
1245 4560 1310 4612 'H
1347 4557 1402 4611 δέ
1447 4574 1510 4620 γε
1540 4558 1745 4608 ὲπωνυο

169 4669 266 4738 μία
294 4668 391 4722 τοῦ
429 4663 703 4719 ἐνιαυσίου
738 4660 938 4715 κύκλου
969 4659 1002 4726 ἡ
1037 4656 1135 4726 μὲν
1181 4651 1564 4720 Ῥωμαῖζουσα
1595 4643 1746 4716 φωνὴ

165 4760 226 4813 τὸ
250 4761 487 4830 μήνυμα
525 4755 782 4827 σημαίνει
803 4768 816 4783 ·
855 4747 1048 4822 μηνύει
1076 4747 1184 4816 γὰρ
1217 4746 1250 4815 ἡ
1280 4744 1422 4814 ἁρχὴ
1455 4741 1552 4811 τὴν
1579 4739 1737 4808 περίο

164 4851 280 4906 οδον
301 4869 316 4884 ο
354 4852 455 4904 καὶ
478 4847 637 4901 τοῦτο
658 4845 839 4906 αὐτοῖς
863 4846 1009 4895 ἐστιν
1043 4837 1327 4892 ίνδικτιών.
1376 4831 1439 4886 Ἢ
1461 4833 1518 4886 δὲ
1557 4830 1742 4892 Ἑλλὰς

171 4941 516 5014 φερωνύμως
545 4937 708 5008 ἔθηκε
755 4937 856 5004 τὴν
899 4930 1242 5000 ἐπινέμησιν.
1277 4927 1352 4979 Οὐ
1389 4926 1496 4993 γὰρ
1547 4925 1625 4984 εἰς
1681 4922 1742 4972 ἁ-

169 4997 948 5105 παρὰὄατον-καίὼρισμένον
979 4997 1142 5093 βάρος
1173 5022 1234 5072 τὸ
1262 5017 1489 5072 παλαιὸν
1508 5017 1560 5069 ’oi
1583 4997 1762 5082 φόρου

164 5127 276 5189 τοῖς
303 5122 572 5191 ὑπηκόοις
599 5121 884 5174 ἐτάττοντο
902 5114 1038 5181 ,ἀλλ’
1068 5115 1102 5182 ἡ
1132 5111 1241 5164 τῶν
1271 5107 1498 5180 καρπῶν
1523 5106 1738 5173 γένεσις

168 5216 266 5286 τὴν
301 5212 562 5277 σύνταξιν
596 5210 778 5270 αὐτοῖς
827 5200 1362 5276 ἐφιλανθρωπεύετο·
1406 5193 1741 5260 σπανίζουσα

170 5308 270 5377 μὲν
308 5307 425 5378 γὰρ
449 5307 778 5376 ηλάφρυνεν,
801 5297 1100 5366 εύθηνοῦσα
1126 5295 1181 5347 δὲ
1215 5295 1316 5346 οὐκ
1343 5291 1574 5359 ἐϐάρυνε
1598 5305 1612 5319 ο
1647 5286 1742 5340 καὶ

1850 4460 1987 4531 cycli
2009 4455 2295 4526 appellatio
2312 4451 2561 4506 Romano
2575 4443 2838 4501 vocabulo
2860 4439 3127 4514 signiticet
3140 4435 3422 4493 indicium:

1850 4528 2099 4620 Namque
2129 4545 2343 4602 initium
2379 4541 2559 4596 innuit
2583 4536 2866 4608 periodum
2903 4551 2918 4588 :
2950 4542 3114 4601 atque
3173 4528 3289 4582 haec
3339 4533 3426 4581 est

1850 4644 1959 4699 illis
2007 4619 2255 4696 indictio.
2296 4633 2505 4688 Graecia
2535 4642 2754 4699 quoque
2809 4623 3030 4679 nomine
3072 4619 3148 4674 rei
3181 4624 3423 4689 congruo

1855 4733 1992 4788 dixit
2024 4728 2350 4797 ἐπινέμησιν
2379 4715 2887 4792 (distributionem).
2935 4711 3051 4766 Non
3082 4709 3227 4764 enim
3281 4705 3424 4778 apud

1852 4833 2066 4877 veteres
2094 4817 2312 4873 tributis
2333 4823 2448 4868 erat
2474 4808 2771 4882 praeﬁnitus
2795 4813 2978 4861 certus
3006 4812 3170 4871 atque
3226 4799 3425 4853 immo;

1851 4915 1979 4970 bilis
2015 4914 2210 4974 limes;
2239 4907 2332 4963 scd
2359 4920 2459 4976 pro
2513 4902 2788 4956 fructuum
2834 4905 3096 4967 proventu
3158 4890 3427 4962 stipendia

1859 5005 1971 5058 illis
2004 5001 2302 5055 clementer
2357 4992 2812 5064 imperabantur:
2850 4989 2925 5042 ita
2991 4995 3047 5038 ut
3095 4985 3147 5037 in
3197 4996 3427 5037 annona:

1847 5095 2112 5149 cbaritate
2145 5090 2546 5148 minuerentur,
2573 5085 2627 5137 in
2653 5085 2898 5137 ubertate
2929 5095 3034 5132 non
3061 5080 3422 5147 augerentur:

1848 5202 2020 5258 quare
2053 5185 2171 5240 sine
2218 5180 2434 5234 tristitia
2487 5175 2849 5247 quaestoribus
2903 5173 3110 5243 justum
3163 5168 3422 5224 tributum

1852 5278 2260 5351 persolvebatur
2299 5292 2312 5326 :
2349 5270 2645 5342 etquidem
2684 5269 2775 5323 ubi
2835 5282 2973 5336 opus
3029 5274 3172 5319 esset
3205 5279 3220 5317 :
3277 5258 3425 5316 nulla

1675 5415 1914 5483 ΝΟΤΕ.

187 5601 194 5608 ,
237 5538 354 5608 (i7)
382 5535 519 5590 Vide
546 5532 928 5608 Kalendarium
981 5523 1649 5608 Constantino‘pulitaiium
1679 5523 1743 5574 ad

167 5591 314 5663 diem
335 5591 579 5676 'primam
610 5601 970 5676 Septembris,
996 5609 1050 5652 et
1073 5612 1194 5668 qua:
1225 5596 1294 5650 ibi
1322 5596 1478 5648 docte
1501 5591 1746 5662 disputat

169 5673 488 5748 Stephanus
505 5673 832 5729 Morcellius.

533 5775 798 5834 Panos.
845 5769 958 5829 Gn.
997 5767 1099 5828 Gl.

1924 5513 2033 5583 (18)
2068 5511 2142 5564 De
2179 5510 2280 5583 hac
2310 5505 2648 5583 universanre
2702 5498 2890 5555 confer
2921 5495 3200 5552 Petavium
3232 5487 3423 5542 Daem

1858 5572 2175 5654 ιεὴιρξιοιιι.
2208 5579 2272 5644 II,
2299 5591 2354 5646 p.
2386 5572 2644 5630 566-568.

3035 5717 3113 5785 ῧδ
