3828 6202
480 181 584 243 739
1543 202 1547 206 ‘
1633 183 1894 244 PHOTII
1934 183 1992 241 Pl

2143 180 2438 240 lARCH/E
2460 181 2565 240 (ΖΡ.
3571 195 3655 262 ’ῖιο

475 287 616 340 enim
646 286 886 342 instante
943 289 1292 353 necessitate,
1345 288 1607 345 tributum
1666 308 1891 362 prorsus
1937 308 1987 344 nt

2151 288 2422 354 διένειμεν
2440 289 2661 352 ἀλύπως
2691 290 2802 352 τοῖς
2829 289 3305 361 φορολογουμένρις
3327 294 3384 347 τδ
3407 297 3626 371 ἀνάλογον
3645 324 3658 341 -

473 379 827 447 exigebatur;
852 381 944 435 sed
975 383 1065 435 uni
1097 384 1451 453 sibiquisque
1469 384 1710 455 agricola
1743 387 1985 441 laboraba

2148 383 2242 434 καὶ
2272 381 2391 434 τότε
2426 383 2514 434 ὅτε
2560 383 2718 453 χρεία
2775 382 2978 448 ἐκάλει,
3033 383 3260 452 μηδενὸς
3307 387 3360 439 δὲ
3404 389 3536 454 ὄντος
3586 400 3659 453 τοῦ

474 469 660 539 Itaque
689 472 756 524 ab
785 473 1105 542 imperando
1130 477 1406 545 sigillatim
1434 481 1664 535 subditis
1693 481 1893 534 tributo
1951 496 1984 532 ιι

2150 471 2493 541 βιαζομένου,
2524 472 2634 524 οὐδ’
2664 473 2799 533 ὅλως
2820 475 2848 526 ὃ
2878 474 3042 543 φόρος
3090 475 3401 545 ἐπράττετο,
3444 483 3543 534 ἀλλ’
3572 488 3661 556 ὲγί.

471 568 560 612 cta
583 570 665 614 est
696 575 894 615 nomen
919 565 1247 634 ἐπινέμησις
1279 566 1406 620 anni
1430 570 1705 636 periodus.
1759 567 1865 634 Qui
1919 582 1982 622 ve

2148 580 2269 616 νετο
2296 563 2484 634 κέρδος
2511 566 2539 617 ὁ
2572 565 2731 628 πόνος
2753 565 2872 628 ὅλος
2904 568 3016 630 τοῖς
3044 570 3435 638 γεωργήσασιν.
3484 576 3562 644 Ἐξ
3581 577 3654 633 οὒῦ

471 665 500 704 a
527 651 747 706 victoria
775 654 840 706 ad
879 655 1094 709 Actium
1123 655 1474 714 indictionem
1501 660 1983 730 confingunt,dura

2147 657 2241 710 τοῦ
2275 651 2625 728 διαῖνέμεσθαι
2681 661 2792 720 τοῖς
2840 659 3102 729 ὑπηκόοις
3160 661 3256 731 τὴν
3308 663 3555 734 σύνταξιν,
3581 672 3655 744 τὴν

470 743 658 798 auditu
691 754 745 799 et
777 746 880 800 tide
914 748 1147 803 alienam
1179 750 1429 805 vocabuli
1450 753 1712 822 originem
1752 755 1804 807 vi
1850 769 1978 822 proc

2150 751 2466 819 ἐπωνυμίαν
2505 750 2662 820 ἔσχεν
2704 751 2859 821 ήτοῦ
2888 751 3138 805 ἐνιαυτοῦ
3181 755 3416 824 περίοδος
3453 761 3661 835 ἐπινέμη.

470 837 626 891 dunt.
660 837 762 892 Sed
795 849 971 893 tamen
1000 839 1137 906 hzec,
1165 851 1330 911 prout
1370 843 1632 897 memoria
1667 843 1798 897 mihi
1847 860 1982 914 supp

2149 858 2254 905 σις.
2283 843 2347 894 Οἱ
2373 841 2418 894 δ’
2447 842 2555 895 ἀπὸ
2569 842 2668 912 τῆς
2687 843 2815 913 περὶ
2838 844 3058 896 Ἀκτιον
3086 845 3242 914 νίκης
3274 847 3370 918 τὴν
3397 850 3655 908 ἱνδικτιῶνα

469 928 660 982 ditavit
695 931 761 984 ad
795 938 941 984 tuam
976 931 1460 1003 interrogationem
1515 934 1658 988 dicta
1707 935 1835 988 sint.
1888 935 1981 1001 Qu.

2149 934 2607 1004 συμπλάττοντες,
2638 936 2718 999 εἰς
2745 935 2806 987 τὸ
2837 936 3216 1008 λυπηρότατόν
3247 957 3306 992 τε
3348 944 3409 1012 τῇ
3440 945 3560 1015 ἀκοῇ
3587 951 3661 1001 κάι

469 1020 592 1074 situ
638 1035 702 1073 ex
740 1031 834 1074 tuo
881 1021 1094 1075 diutino
1123 1023 1368 1077 historiae
1394 1023 1576 1077 studio
1637 1024 1891 1078 haustum
1942 1029 1981 1079 al

2147 1026 2365 1089 πειθοῦς
2397 1027 2632 1097 ἀπέσχον
2657 1027 2875 1082 δοκοῦσί
2908 1046 2998 1098 μοι
3035 1029 3130 1094 τὴν
3153 1030 3294 1095 λέξιν
3340 1033 3657 1098 ἐκϐιάζεσθᾶι.

468 1112 593 1180 quid
631 1112 762 1165 mihi
799 1115 1110 1181 protuleris,
1143 1114 1412 1184 dietisque
1443 1115 1581 1170 meis
1631 1115 1927 1181 addideris,

2159 1117 2318 1171 Ἀλλά
2348 1119 2457 1190 γὰρ
2490 1119 2664 1172 ταῦτα
2711 1121 2810 1190 μὲν
2865 1122 3009 1175 κατά
3044 1121 3105 1174 τὸ
3138 1125 3422 1194 πρόχειρον
3450 1129 3534 1198 τῆς
3561 1131 3653 1200 μνή-

466 1203 600 1257 mihi
629 1203 1092 1273 jucundissimum
1131 1203 1247 1258 fore
1276 1207 1432 1260 scito.

2150 1228 2254 1279 μης
2303 1212 2432 1281 περὶ
2461 1206 2536 1265 ὧν
2564 1213 2863 1284 ἠρώτησας
2916 1214 3152 1285 ἀπεδόθη
3175 1232 3187 1245 ·
3221 1218 3269 1268 εἰ
3294 1217 3350 1268 δέ
3391 1235 3439 1270 τι
3482 1221 3662 1291 καὶτῆς

465 1296 706 1366 περὶτὴν
734 1293 973 1365 ἱστορίαν
1003 1293 1437 1367 βαθείαςσχολῆς
1500 1297 1938 1369 ἀνελκυσάμενος
1992 1300 2298 1367 ἐπιδείξεις,
2331 1305 2428 1356 καὶ
2484 1307 2595 1366 τοῖς
2653 1306 2966 1378 εἰρημένοις
3023 1305 3336 1378 προσθείης,
3403 1310 3488 1364 καὶ
3542 1314 3662 1368 τοῦτ)

444 1394 594 1463 ,ἡμῖν
624 1391 978 1461 χαριέστατον
1002 1389 1177 1446 ἔσται.

445 1505 789 1571 ὩΙῙᾸΕΞΤΙΟ
812 1507 1078 1562 CXXXV.
1137 1507 1329 1580 [CoisL
1371 1507 1573 1563 CLVII.
1631 1508 1788 1563 Taur.
1839 1507 1957 1562 (ΗΛ

1691 1525 1788 1563 mr.
1839 1507 2042 1579 CLVH
2678 1513 3007 1566 ΕΡΩΤΠΣΙΣ
3036 1518 3203 1572 ΡΛΕ’.

443 1587 651 1653 ῗΝοηηε
700 1600 809 1653 lucc
871 1602 1236 1685 contradicunt
1271 1602 1371 1685 alibi
1424 1600 1642 1654 invicem
1675 1616 1692 1652 :
1727 1599 1955 1685 qui:

2149 1599 2283 1685 Πίῖξς
2312 1603 2425 1685 οῷκ
2453 1602 2625 1685 ἔφεξιν
2643 1606 2930 1685 ,ἐναῙ-τέον
2963 1609 3027 1660 τὸ
3054 1609 3275 1685 λέγειν·
3309 1631 3327 1664 ι
3363 1616 3494 1668 Ἐαν
3511 1620 3586 1685 τίς
3605 1637 3661 1673 σε

528 1671 843 1737 percusserit
876 1674 930 1723 in
961 1672 1238 1753 magnam
1266 1671 1531 1753 deaftram,
1585 1681 1723 1753 uerte
1755 1673 1835 1723 illi
1865 1681 1913 1753 et
1962 1672 2040 1753 ql-

2212 1673 2448 1753 pctm'ap
2472 1674 2570 1753 ἐπὶ
2597 1675 2727 1753 τῂνΔ
2745 1675 2954 1738 δεξιὰν
2982 1671 3258 1746 σιαγόνα,
3305 1671 3660 1753 στρέψονάὖξ

533 1751 733 1801 teram;
776 1759 794 1791 ι
831 1750 885 1794 et
915 1760 927 1794 :
977 1759 993 1792 ι
1033 1740 1092 1794 Si
1125 1750 1298 1793 autem
1348 1742 1493 1806 bene,
1525 1740 1650 1810 quid
1682 1757 1761 1794 me
1782 1743 1939 1795 credis
1967 1743 1991 1794 2’
2018 1761 2037 1792 ›

2330 1740 2441 1795 καὶ
2463 1743 2576 1810 τὴν
2613 1740 2832 1812 ἄλλην.
2875 1765 2893 1796 ι
2928 1776 2993 1785 -
3027 1767 3045 1798 ι
3084 1740 3151 1804 Εἰ
3197 1740 3265 1804 δὲ
3288 1740 3490 1822 auidi},
3522 1740 3584 1812 ἀτί
3601 1740 3661 1832 με

2071 1815 2116 1875 Β
2213 1811 2442 1880 δέρεις;
2480 1834 2497 1864 ι

458 1958 712 2010 Editarum
742 1974 768 2009 a
805 1960 982 2009 Wolﬁo
1000 1961 1185 2011 decima
1207 1960 2222 2048 sextan(.(:7]ttt‘r'.:nl’:l.ti‘llo'l_.Itﬁknph'ﬁﬁ'iz‘ig
2246 1967 2494 2048 "Ealland.
2532 1969 2824 2048 Bibliotlnnt;
2855 1977 2986 2038 XIII,
3019 1993 3068 2042 p.
3101 1940 3329 2042 7é9-752,
3352 1998 3400 2031 ιι.
3428 1986 3501 2048 52)
3531 2014 3582 2024 -
3606 1991 3660 2038 De

460 2066 466 2074 ,
1315 2022 1554 2085 antilogia
1583 2022 1717 2074 inter
1744 2022 1934 2073 textum
1962 2026 2131 2076 Matth.
2161 2041 2205 2088 ι’,
2245 2030 2305 2078 39
2340 2040 2390 2080 et
2416 2034 2558 2082 Joan.
2603 2022 2840 2096 xvinﬂii.

533 2155 692 2212 Levis
751 2165 1068 2227 pacataeque
1132 2159 1568 2215 conversationis
1616 2159 2031 2216 fundamentum

2210 2166 2495 2230 Πολιτείας
2547 2171 2755 2240 ἡμέρου
2814 2173 2906 2225 καὶ
2949 2174 3314 2228 ἀστασιάστου
3342 2178 3556 2248 κρηπῖδα
3575 2197 3657 2249 πη-

454 2249 662 2317 jaeiens
726 2246 995 2313 Salvator,
1032 2251 1284 2319 pramepti
1335 2250 1510 2305 instar
1561 2250 1840 2305 inculcat:
1910 2271 1928 2303 ι

2147 2258 2267 2324 γνὺς
2300 2259 2328 2310 ὁ
2354 2259 2567 2330 Σωτὴρ,
2605 2280 2623 2311 ι
2653 2262 2798 2316 ’Ἐάν
2835 2264 2919 2326 τίς
2942 2282 3003 2316 σε
3038 2267 3248 2339 ραπίσῃ
3286 2246 3496 2340 ἐπὶίτὴν
3516 2246 3659 2336 δεξιάν

458 2342 582 2410 quis
610 2350 660 2394 te
684 2342 1017 2410 percusserit
1050 2340 1106 2393 in
1129 2341 1408 2395 maxillam
1441 2341 1744 2406 dexteram,
1776 2351 1923 2397 verte
1948 2343 1964 2396 i

2146 2349 2387 2416 σιαγόνα,
2423 2352 2656 2421 στρέψον
2690 2354 2838 2425 αὐτῷ
2859 2359 2953 2409 καὶ
2973 2357 3071 2429 τὴν
3095 2358 3292 2430 ἄλλην,
3323 2379 3341 2412 ι
3367 2361 3456 2431 τὴν
3480 2363 3658 2432 ἐντολὴν

455 2441 510 2486 et
561 2432 785 2486 alteram
815 2432 927 2496 ὀυς
966 2449 986 2482 ›
1023 2432 1138 2500 ipse
1165 2447 1316 2498 vero,
1348 2433 1417 2487 ab
1468 2433 1782 2490 hominibus
1839 2450 1962 2488 max

2146 2438 2336 2510 ταύτην
2393 2442 2792 2508 ὑποϐάλλεται,
2821 2447 2988 2509 αὐτὸς
3017 2447 3074 2500 δὲ
3117 2449 3364 2519 πληγάς,
3400 2452 3489 2513 τὰς
3517 2450 3568 2514 ἐξ
3587 2452 3658 2503 ἁν-

457 2520 563 2571 lam
599 2518 827 2572 alteram
884 2533 1200 2588 percussus,
1257 2535 1358 2590 pro
1389 2537 1455 2576 eo
1507 2523 1652 2593 quod
1693 2524 1915 2578 alteram
1955 2525 1969 2578 i

2147 2530 2392 2600 ὒρὼπων,
2424 2535 2518 2586 ἐπὶ
2567 2537 2772 2606 κόρρης
2819 2537 3001 2590 λαϐὼν
3027 2540 3150 2592 ἀντὶ
3177 2518 3272 2594 τοῦ
3297 2543 3526 2610 στρέψαι,
3560 2562 3575 2594 ι
3609 2544 3659 2596 Τί

453 2619 707 2676 verteret,
734 2612 1052 2680 respondit:
1092 2631 1110 2664 ι
1143 2613 1280 2679 Quid
1305 2629 1391 2669 me
1419 2618 1582 2672 caedis
1615 2617 1700 2671 ‘5?
1741 2637 1759 2669 ›
1795 2616 1868 2671 Ita
1902 2634 1965 2672 ve

2145 2641 2203 2692 με
2229 2625 2406 2696 δέρεις
2435 2645 2448 2693 ;
2477 2648 2496 2680 ι
2531 2629 2829 2699 ἠμείψατο.
2859 2633 3159 2703 Οὐδαμῶς,
3196 2635 3272 2699 ὡς
3323 2635 3386 2689 ἂν
3411 2639 3481 2699 είς
3502 2636 3554 2688 τὸ
3576 2637 3657 2689 ἀπ-

453 2703 584 2771 cgit,
631 2718 737 2756 non
785 2720 937 2771 sane,
973 2706 1135 2774 quasi
1167 2706 1573 2770 inconsiderate
1623 2720 1678 2765 et
1717 2711 1892 2765 obiter
1954 2713 1965 2765 i

2147 2717 2457 2783 ερίσκεπτον
2497 2720 2608 2790 (19)
2645 2725 3010 2795 περιτραπείη
3048 2725 3110 2778 τὸ
3153 2727 3444 2798 περίεργον
3472 2727 3570 2782 τῶν
3591 2728 3659 2780 λο-

439 2793 581 2845 olim
633 2794 947 2862 cogitasset,
1007 2804 1061 2849 et
1120 2811 1266 2852 nunc
1317 2814 1484 2868 opere
1547 2800 1666 2868 ipso
1717 2815 1951 2854 scrmom

2143 2812 2366 2880 γισμῶν,
2391 2817 2503 2876 τοῖς
2525 2814 2707 2886 ἔργοις
2731 2793 2823 2869 τὸν
2852 2793 3008 2886 λόγον
3030 2819 3140 2889 (‘20)
3164 2793 3655 2890 καταστρεψάμενος,

447 2900 610 2938 suum
652 2895 935 2941 everteret.
988 2885 1101 2942 lino
1133 2904 1262 2943 vero
1300 2893 1404 2946 hoc
1449 2892 1565 2960 ipso
1615 2892 1761 2946 facto
1802 2894 1959 2948 verbu

2145 2904 2330 2971 τρόπον
2382 2905 2438 2957 δέ
2500 2925 2622 2961 τινα
2674 2910 2874 2979 μᾶλλον
2923 2914 3027 2965 κάν
3066 2916 3130 2984 τῇ
3169 2915 3394 2987 τοιαύτῃ
3423 2913 3657 2986 πράξειτὺ

443 2975 582 3028 illud
609 2989 768 3028 suum
800 2976 987 3045 potius
1018 2979 1276 3032 aStruxit.
1309 2979 1443 3034 Nam
1478 2981 1551 3035 ibi
1615 2981 1833 3049 quidem
1890 2998 1955 3052 pr

2143 2994 2281 3064 Ξῆμα
2312 2975 2771 3069 βεϐαιωσάμενος.
2805 3004 2982 3055 Κάκεῖ
3011 2975 3246 3076 μένῐγὰρ
3292 3009 3323 3076 ἡ
3367 2975 3655 3075 ⁸παραίνεσις

449 3078 664 3137 ceptum
691 3070 806 3140 ejus
833 3079 1054 3124 mutuas
1114 3072 1346 3142 injurias
1404 3075 1678 3144 prohibet,
1742 3091 1837 3145 per
1887 3092 1958 3146 qu

2143 3085 2224 3154 τὴν
2259 3086 2553 3154 ἀμοιϐαίαν
2591 3093 2865 3164 τιμωρίαν
2910 3070 3406 3167 περιέκοπτεν,-δι’
3432 3070 3492 3168 ἧς
3523 3100 3590 3160 εἰς
3606 3097 3655 3149 τὸ

446 3163 725 3217 contentio
751 3163 806 3216 in
834 3164 1107 3220 inﬁnitum
1128 3167 1450 3235 producitur
1484 3186 1496 3221 :
1528 3167 1763 3237 ideoque
1788 3183 1819 3222 a
1849 3170 1958 3238 prin

2143 3176 2349 3248 ἱπειρον
2371 3182 2404 3248 ἡ
2434 3181 2620 3247 στάσις
2651 3185 3001 3255 προέρχεται.
3034 3188 3126 3240 Διὸ
3167 3189 3272 3258 τῆς
3325 3188 3531 3259 πρώτης
3555 3191 3655 3241 ἀντ·

447 3271 685 3324 quoque,
714 3271 835 3325 quae
870 3258 987 3311 ﬁeri
1023 3267 1257 3325 poterat,
1290 3259 1702 3313 retributionem
1751 3259 1959 3315 abstine

2143 3270 2518 3337 ιπιχειρήσεως
2567 3272 2881 3337 ἐξίστασθαι
2929 3274 3232 3340 διετάξατο.
3267 3280 3377 3330 Καὶ
3414 3276 3501 3329 νῦν
3529 3278 3577 3329 δέ
3605 3275 3655 3327 τὸ

441 3347 618 3414 jubet.
672 3346 817 3401 Idem
848 3363 980 3402 vero
1006 3349 1170 3402 etiam
1208 3364 1354 3402 nunc
1375 3349 1631 3405 faciebat.
1665 3347 1855 3419 Neque
1875 3351 1953 3406 eni

2143 3355 2254 3408 ιὺτὺ
2280 3357 2628 3430 διεπράξατο.
2653 3365 2727 3416 Οὐ
2755 3365 2864 3436 γὰρ
2896 3367 3112 3437 ἀμύνης
3157 3371 3305 3439 χειρὶ
3335 3370 3430 3440 τὴν
3461 3369 3655 3438 ῥαπίσα-

447 3440 640 3493 ultrice
674 3454 837 3493 manu
898 3441 1137 3511 injuriae,
1193 3457 1224 3496 a
1279 3443 1640 3512 percutientis
1706 3444 1797 3497 illa
1842 3442 1959 3498 fact;

2143 3462 2226 3499 ταν
2252 3448 2353 3518 τῆς
2379 3449 2590 3522 ὕϐρεως
2630 3453 2787 3525 δίκην
2829 3459 3219 3528 εἰσεπράξατο,
3275 3460 3587 3531 δικαιολογία
3609 3457 3655 3510 δὲ

444 3546 636 3601 poenas
661 3532 895 3600 repetiit,
945 3534 1038 3588 sed
1075 3534 1130 3587 in
1166 3533 1244 3587 rei
1272 3534 1669 3604 indignitatem,
1694 3550 1874 3590 causa:
1903 3549 1956 3590 su

1728 3550 1874 3590 ausa:
1903 3549 2018 3590 sua:
2123 3539 2259 3613 μόνῃ
2288 3543 2548 3611 ῥημάτων
2570 3545 2666 3616 τὴν
2699 3547 2913 3602 ἀδικίαν
2936 3550 3237 3622 διήλεγξεν.

441 3626 840 3695 patrocinatus,
880 3627 1060 3682 verbis
1093 3637 1301 3682 tantum
1331 3630 1733 3685 animadvertit.

514 3718 749 3787 Propius
803 3735 931 3773 vero
961 3719 1074 3784 illa,
1127 3737 1248 3790 quae
1304 3722 1407 3776 sibi
1450 3724 1678 3778 invicem
1715 3740 2016 3798 repugnare

2198 3721 2422 3793 ’Λχθείη
2443 3724 2488 3777 δ’
2532 3726 2598 3778 ἂν
2629 3729 2957 3802 οἰκειότερον
2987 3734 3068 3797 είς
3115 3738 3434 3806 συμφωνίαν
3483 3736 3651 3807 μᾶλλον

441 3819 722 3880 putantur,
764 3810 835 3865 ita
871 3813 1329 3868 conciliabuntur.
1390 3813 1469 3868 lbi
1503 3815 1710 3869 scilicet
1740 3816 1847 3872 illis
1869 3827 1953 3871 vel

2138 3812 2175 3864 τὸ
2201 3815 2455 3884 νομισθὲν
2496 3819 2983 3890 ἀντιφθέγγεσθαι,
3037 3829 3121 3880 ὃτι
3151 3829 3276 3881 ἐκεῖ
3301 3831 3397 3900 μὲν
3440 3833 3538 3892 τοίς
3559 3829 3650 3883 ἀδι-

441 3902 718 3964 resistere,
777 3902 872 3971 qui
929 3903 983 3956 in
1028 3918 1229 3971 corpus
1259 3915 1314 3960 et
1357 3920 1442 3971 ea,
1475 3921 1597 3976 qua:
1642 3907 1785 3962 circa
1809 3923 1953 3978 corp:

2138 3904 2301 3958 ιοῦσιν
2317 3908 2396 3971 είς
2419 3907 2481 3961 τὸ
2503 3911 2663 3982 σῶμα
2687 3917 2783 3968 καὶ
2811 3919 2944 3988 περὶ
2973 3918 3136 3988 σῶμα
3162 3923 3239 3992 μὴ
3257 3923 3363 3974 δεῖν
3387 3924 3650 3992 ἀπείρηκεν

438 4001 587 4057 sunt,
625 3993 860 4063 injurios
888 4009 946 4049 se
985 4004 1265 4064 praestant.
1323 3995 1425 4053 Hic
1453 4013 1582 4053 vero
1617 3998 1724 4053 nisi
1749 4000 1944 4054 crimin

2136 3998 2561 4058 ὶντανίστασθαι.
2635 4006 2900 4060 Ἐνταῦθα
2939 4010 2996 4063 δὲ
3054 4013 3267 4084 πλάνης
3319 4016 3540 4085 γραφὴν,
3574 4014 3648 4066 καὶ

439 4085 669 4145 tionem,
726 4087 886 4155 quasi
951 4097 1284 4157 perverteret
1335 4099 1391 4146 et
1422 4091 1702 4146 seduceret
1737 4092 1951 4147 homine

2135 4088 2318 4163 ιλάϐης
2350 4092 2675 4165 ἀνθρώπων,
2709 4098 2800 4163 οῦς
2822 4101 3024 4173 ὼδήγει
3066 4122 3125 4157 τε
3161 4109 3255 4159 καὶ
3289 4107 3520 4170 διέσωζε,
3548 4107 3647 4157 δ;ω·

437 4189 574 4243 quos
613 4177 730 4244 ipse
771 4177 916 4231 male
958 4179 1178 4233 habitus
1205 4192 1353 4235 recte
1393 4182 1624 4238 ducebat
1647 4195 1701 4238 et
1738 4185 1949 4240 servabt

2126 4184 2362 4252 ιόμενος,
2433 4189 2483 4238 εί
2523 4189 2660 4260 μηδὲ
2685 4193 2894 4262 ῥήμασι
2917 4197 3176 4269 διανέστη
3207 4200 3481 4265 λύσασθαι,
3507 4199 3538 4252 ἃ
3561 4215 3638 4250 κα-

436 4266 520 4319 vcl
562 4267 740 4321 verbis
774 4269 984 4322 amoliri
1014 4271 1363 4337 instituisset,
1401 4274 1618 4343 quando
1644 4275 1948 4332 calumniat

2132 4278 2467 4342 ῑασκευάζειν
2524 4284 2639 4346 τοῖς
2708 4287 3054 4358 ῥαπίσμασιν
3115 4294 3165 4344 ot
3222 4291 3644 4362 συκοφαντοῦντες

433 4371 526 4410 res
551 4357 626 4411 illi
659 4373 758 4413 sua
790 4359 1036 4430 colaphis
1063 4362 1282 4419 ﬁrmare
1306 4365 1614 4434 audebant;
1645 4367 1754 4424 illis
1788 4370 1945 4437 quide

2131 4371 2548 4441 μηχανήσαντο,
2577 4376 2827 4442 ἐκείνους
2872 4357 2973 4450 μὲν
2995 4383 3076 4445 εἰς
3100 4383 3296 4452 ἄφεσιν
3326 4383 3544 4438 ἀπέλυεν
3568 4379 3643 4434 τοῦ

433 4449 664 4505 liberam
731 4452 1061 4507 criminandi
1123 4464 1444 4524 potestatem
1517 4457 1757 4526 fecisset,
1816 4468 1893 4525 et,

2131 4462 2479 4533 ιγκλήματος,
2516 4469 2609 4520 καὶ
2643 4470 2780 4539 πρὸς
2808 4449 3009 4541 θράσος
3042 4449 3245 4544 μᾶλλον
3274 4475 3544 4547 ἐπέτριϐεν
3560 4474 3643 4542 τῆς

432 4542 620 4612 pejora
674 4543 961 4611 auderent,
1022 4557 1216 4601 auctor
1260 4547 1472 4614 fuisset,
1525 4565 1584 4605 se
1614 4551 1794 4620 ipsum
1822 4567 1944 4608 vero

2129 4557 2474 4628 ινοσιότητος,
2506 4561 2667 4616 αὐτὸν
2695 4563 2751 4614 δὲ
2778 4564 2875 4634 τῆς
2907 4568 3277 4636 συκοφαντίας
3307 4572 3398 4623 καὶ
3424 4569 3510 4622 τοῦ
3535 4565 3641 4636 ψεύ-

432 4632 705 4686 calumnia
756 4632 845 4686 illa
896 4645 952 4688 et
994 4637 1312 4703 mendaciis,
1375 4653 1499 4708 qua:
1532 4639 1696 4709 impie
1737 4641 1790 4694 in
1823 4641 1942 4712 ipsu

2127 4648 2250 4711 ἱους,
2287 4647 2430 4717 ἅπερ
2461 4650 2626 4704 αὐτοῦ
2675 4653 2951 4721 δυσσεϐῶς
3012 4661 3295 4732 κατέχεον,
3348 4663 3443 4715 οὐκ
3474 4663 3533 4715 ἂν
3560 4660 3639 4718 τὰς

433 4725 777 4791 evomebant,
848 4741 956 4781 non
999 4727 1301 4783 liberasset.
1363 4727 1465 4786 Ubi
1510 4731 1677 4802 igitur
1718 4733 1860 4789 inter
1889 4735 1945 4789 ha

2123 4738 2283 4802 ιίτίας
2319 4741 2607 4798 ἀπελύετο.
2647 4745 2756 4798 Ποῦ
2799 4751 3091 4822 τοιγαροῦν
3139 4757 3357 4809 ἐναντία
3408 4751 3635 4819 ταῦταοῆ

435 4828 613 4881 pugna
643 4825 746 4880 est,
781 4826 834 4872 et
861 4819 1136 4886 quomodo
1165 4820 1270 4874 sibi
1298 4823 1686 4878 contradicunt
1733 4839 1751 4880 :
1790 4826 1947 4881 caedet

2125 4831 2415 4900 ιαχόμενα,
2435 4830 2538 4886 Τὸν
2569 4814 2905 4905 ραπίσαντα
2925 4814 3000 4912 pi;
3035 4845 3456 4919 ἀντιρῤαπίσῃε,
3496 4814 3637 4895 τὸνδέ

432 4913 537 4958 tem
583 4915 633 4961 te
683 4923 751 4963 ne
784 4909 1024 4966 vicissim
1061 4914 1265 4980 caedas;
1324 4924 1399 4980 et,
1456 4917 1502 4972 si
1533 4918 1657 4986 quis
1690 4917 1869 4974 dicam
1905 4919 1944 4973 ti

2121 4923 2455 4993 γραφόμενόν
2488 4943 2547 4979 σε
2574 4927 2783 5000 πλάνης
2810 4933 2842 5002 ἢ
2871 4932 3189 4998 δυσσεϐείας
3212 4937 3244 5007 ἦ
3275 4938 3372 5008 τὴν
3398 4933 3633 5003 σωτηρίαν

430 4998 764 5055 seductionis
825 5011 919 5056 aut
973 5005 1714 5082 improbitatislscripserit,
1768 5020 1862 5066 aut
1920 5020 1942 5066 t

2121 5016 2482 5086 ιηρύττοντα,
2543 5021 2620 5085 ὡς
2674 5024 2972 5098 εἰσηγητὴν
3012 5031 3308 5096 ἀπωλείας,
3355 5030 3526 5085 τοῦτον
3572 5026 3633 5096 μὴ

534 5181 604 5212 ⁴⁸⁶
632 5185 825 5242 Matth.
860 5205 912 5252 v,
947 5191 1014 5243 39
1039 5209 1052 5255 ;
1082 5189 1210 5244 Luc.
1253 5209 1326 5257 vt,
1356 5194 1443 5249 9.9.
1555 5198 1599 5228 ⁸⁸
1626 5196 1782 5251 Joan.
1814 5215 1967 5265 xvnr,
2000 5202 2090 5256 ‘25.

1939 5400 2168 5461 NOTAE.

640 5547 1142 5633 ﬁequoryolbert:
1288 5555 1360 5608 ita
1411 5557 1585 5633 habet
1597 5575 1700 5628 pro
1722 5560 2184 5633 εὐπερίσκεπτον.

497 5617 610 5688 (20)
648 5617 719 5673 Ita
748 5619 930 5674 scribo
955 5636 1052 5690 pro
1077 5617 1399 5696 τῶνλόγων,
1451 5629 1589 5698 quod
1604 5617 1693 5686 'est
1719 5631 1773 5686 in
1805 5617 1980 5691 libris.
