  <div class='ocr_page' id='page_1' title='image "/cluster/home/n/w/nwhite01/storage/ocr_20150623/101 pt.1/mdp.39015061955830/394.png"; bbox 0 0 3826 6206; ppageno 0'>
   <div class='ocr_carea' id='block_1_1' title="bbox 177 224 264 292">
    <p class='ocr_par' dir='ltr' id='par_1_1' title="bbox 177 224 264 292">
     <span class='ocr_line' id='line_1_1' title="bbox 177 224 264 292; baseline -0.046 0"><span class='ocrx_word' id='word_1_1' title='bbox 177 224 264 292; x_wconf 69' lang='grc'><strong>’141</strong></span> 
     </span>
    </p>
   </div>
   <div class='ocr_carea' id='block_1_2' title="bbox 1079 197 2464 273">
    <p class='ocr_par' dir='ltr' id='par_1_2' title="bbox 1079 197 2464 273">
     <span class='ocr_line' id='line_1_2' title="bbox 1079 197 2464 273; baseline -0.009 -3"><span class='ocrx_word' id='word_1_2' title='bbox 1079 208 1177 269; x_wconf 82' lang='grc' dir='ltr'><strong>ΑΙ)</strong></span> <span class='ocrx_word' id='word_1_3' title='bbox 1214 202 1807 268; x_wconf 86' lang='lat' dir='ltr'><strong>AMPHILOCHIUM</strong></span> <span class='ocrx_word' id='word_1_4' title='bbox 1830 197 2172 273; x_wconf 66' lang='lat' dir='ltr'><strong>QUIESTIO</strong></span> <span class='ocrx_word' id='word_1_5' title='bbox 2201 197 2464 257; x_wconf 73' lang='lat' dir='ltr'><strong>CXXXV.</strong></span> 
     </span>
    </p>
   </div>
   <div class='ocr_carea' id='block_1_3' title="bbox 3271 185 3378 258">
    <p class='ocr_par' dir='ltr' id='par_1_3' title="bbox 3271 185 3378 258">
     <span class='ocr_line' id='line_1_3' title="bbox 3271 185 3378 258; baseline 0.037 -6"><span class='ocrx_word' id='word_1_6' title='bbox 3271 185 3378 258; x_wconf 58' lang='lat'><strong>7&amp;2</strong></span> 
     </span>
    </p>
   </div>
   <div class='ocr_carea' id='block_1_4' title="bbox 177 298 1740 404">
    <p class='ocr_par' dir='ltr' id='par_1_4' title="bbox 177 315 1740 404">
     <span class='ocr_line' id='line_1_4' title="bbox 177 315 1740 404; baseline -0.015 -16"><span class='ocrx_word' id='word_1_7' title='bbox 177 321 648 404; x_wconf 74' lang='grc' dir='ltr'>ἐπιτρέψῃςταῦτά</span> <span class='ocrx_word' id='word_1_8' title='bbox 677 341 759 376; x_wconf 87' lang='grc' dir='ltr'><strong>σοι</strong></span> <span class='ocrx_word' id='word_1_9' title='bbox 788 321 1107 392; x_wconf 83' lang='grc' dir='ltr'><strong>περιάπτειν</strong></span> <span class='ocrx_word' id='word_1_10' title='bbox 1129 363 1142 383; x_wconf 82' lang='lat'><strong>,</strong></span> <span class='ocrx_word' id='word_1_11' title='bbox 1182 320 1304 389; x_wconf 85' lang='grc' dir='ltr'>μηδ’</span> <span class='ocrx_word' id='word_1_12' title='bbox 1338 315 1706 372; x_wconf 82' lang='grc' dir='ltr'>ὑποκατακλι-</span> <span class='ocrx_word' id='word_1_13' title='bbox 1735 366 1740 376; x_wconf 70' lang='grc'><strong>,</strong></span> 
     </span>
    </p>
   </div>
   <div class='ocr_carea' id='block_1_5' title="bbox 1846 298 3379 404">
    <p class='ocr_par' dir='ltr' id='par_1_5' title="bbox 1846 298 3379 380">
     <span class='ocr_line' id='line_1_5' title="bbox 1846 298 3379 380; baseline -0.011 -15"><span class='ocrx_word' id='word_1_14' title='bbox 1846 311 2001 366; x_wconf 82' lang='lat' dir='ltr'><strong>alutis</strong></span> <span class='ocrx_word' id='word_1_15' title='bbox 2025 322 2353 380; x_wconf 80' lang='lat' dir='ltr'><strong>praeconem,</strong></span> <span class='ocrx_word' id='word_1_16' title='bbox 2399 303 2657 376; x_wconf 83' lang='lat' dir='ltr'><strong>perniciei</strong></span> <span class='ocrx_word' id='word_1_17' title='bbox 2696 304 2971 358; x_wconf 89' lang='lat' dir='ltr'><strong>doctorem</strong></span> <span class='ocrx_word' id='word_1_18' title='bbox 3017 298 3379 370; x_wconf 56' lang='lat' dir='ltr'><strong>pronuntiarit</strong></span> 
     </span>
    </p>
   </div>
   <div class='ocr_carea' id='block_1_6' title="bbox 178 407 1716 495">
    <p class='ocr_par' dir='ltr' id='par_1_6' title="bbox 178 407 1716 495">
     <span class='ocr_line' id='line_1_6' title="bbox 178 407 1716 495; baseline -0.013 -17"><span class='ocrx_word' id='word_1_19' title='bbox 178 431 277 490; x_wconf 66' lang='grc' dir='ltr'>θεὶς</span> <span class='ocrx_word' id='word_1_20' title='bbox 312 421 437 495; x_wconf 74' lang='grc'><strong>(21),</strong></span> <span class='ocrx_word' id='word_1_21' title='bbox 491 419 565 488; x_wconf 76' lang='grc' dir='ltr'>μὴ</span> <span class='ocrx_word' id='word_1_22' title='bbox 595 417 770 486; x_wconf 82' lang='grc' dir='ltr'>φωνῇ,</span> <span class='ocrx_word' id='word_1_23' title='bbox 825 413 901 484; x_wconf 84' lang='grc' dir='ltr'>μὴ</span> <span class='ocrx_word' id='word_1_24' title='bbox 929 412 1164 465; x_wconf 82' lang='grc' dir='ltr'><strong>διαθέσει</strong></span> <span class='ocrx_word' id='word_1_25' title='bbox 1203 409 1411 480; x_wconf 76' lang='grc' dir='ltr'>σιγώσῃ</span> <span class='ocrx_word' id='word_1_26' title='bbox 1448 409 1558 478; x_wconf 70' lang='lat'><strong>(9.2)</strong></span> <span class='ocrx_word' id='word_1_27' title='bbox 1595 407 1716 476; x_wconf 80' lang='grc' dir='ltr'>μηδ’</span> 
     </span>
    </p>
   </div>
   <div class='ocr_carea' id='block_1_7' title="bbox 177 498 1718 579">
    <p class='ocr_par' dir='ltr' id='par_1_7' title="bbox 177 498 1718 579">
     <span class='ocr_line' id='line_1_7' title="bbox 177 498 1718 579; baseline -0.016 -6"><span class='ocrx_word' id='word_1_28' title='bbox 177 521 314 574; x_wconf 81' lang='grc' dir='ltr'>ἄλλον</span> <span class='ocrx_word' id='word_1_29' title='bbox 340 510 472 566; x_wconf 72' lang='grc' dir='ltr'>εἶναι</span> <span class='ocrx_word' id='word_1_30' title='bbox 499 509 700 579; x_wconf 89' lang='grc' dir='ltr'>τρόπον</span> <span class='ocrx_word' id='word_1_31' title='bbox 725 507 972 566; x_wconf 78' lang='grc' dir='ltr'><strong>ὑπαίτιος</strong></span> <span class='ocrx_word' id='word_1_32' title='bbox 995 519 1012 569; x_wconf 89' lang='grc'>;</span> <span class='ocrx_word' id='word_1_33' title='bbox 1049 503 1210 555; x_wconf 79' lang='grc' dir='ltr'>Ἀλλὰ</span> <span class='ocrx_word' id='word_1_34' title='bbox 1233 501 1308 570; x_wconf 82' lang='grc' dir='ltr'><strong>τῷ</strong></span> <span class='ocrx_word' id='word_1_35' title='bbox 1338 502 1435 570; x_wconf 80' lang='grc' dir='ltr'>μὲν</span> <span class='ocrx_word' id='word_1_36' title='bbox 1454 501 1553 568; x_wconf 86' lang='grc' dir='ltr'><strong>τῆς</strong></span> <span class='ocrx_word' id='word_1_37' title='bbox 1582 498 1718 568; x_wconf 89' lang='grc' dir='ltr'>ἁλη-</span> 
     </span>
    </p>
   </div>
   <div class='ocr_carea' id='block_1_8' title="bbox 179 593 1719 671">
    <p class='ocr_par' dir='ltr' id='par_1_8' title="bbox 179 593 1719 671">
     <span class='ocr_line' id='line_1_8' title="bbox 179 593 1719 671; baseline -0.014 -7"><span class='ocrx_word' id='word_1_38' title='bbox 179 611 310 671; x_wconf 81' lang='grc' dir='ltr'>θείας</span> <span class='ocrx_word' id='word_1_39' title='bbox 359 602 705 671; x_wconf 81' lang='grc' dir='ltr'>φιλοθεάμονι</span> <span class='ocrx_word' id='word_1_40' title='bbox 750 598 871 651; x_wconf 80' lang='grc' dir='ltr'>οὐδὲ</span> <span class='ocrx_word' id='word_1_41' title='bbox 907 597 1178 667; x_wconf 81' lang='grc' dir='ltr'>πρόφασιν</span> <span class='ocrx_word' id='word_1_42' title='bbox 1216 593 1295 645; x_wconf 82' lang='grc' dir='ltr'>ἔτι</span> <span class='ocrx_word' id='word_1_43' title='bbox 1338 593 1407 644; x_wconf 75' lang='grc' dir='ltr'>τὰ</span> <span class='ocrx_word' id='word_1_44' title='bbox 1453 593 1719 660; x_wconf 81' lang='grc' dir='ltr'><strong>εἰρημένα</strong></span> 
     </span>
    </p>
   </div>
   <div class='ocr_carea' id='block_1_9' title="bbox 177 681 1714 770">
    <p class='ocr_par' dir='ltr' id='par_1_9' title="bbox 177 681 1714 770">
     <span class='ocr_line' id='line_1_9' title="bbox 177 681 1714 770; baseline -0.013 -16"><span class='ocrx_word' id='word_1_45' title='bbox 177 695 609 770; x_wconf 75' lang='grc' dir='ltr'>ἀμφισϐητήσεως</span> <span class='ocrx_word' id='word_1_46' title='bbox 638 690 944 746; x_wconf 82' lang='grc' dir='ltr'>ὑπολείπει.</span> <span class='ocrx_word' id='word_1_47' title='bbox 975 687 1049 740; x_wconf 83' lang='grc' dir='ltr'>Τὸ</span> <span class='ocrx_word' id='word_1_48' title='bbox 1079 687 1160 750; x_wconf 82' lang='grc' dir='ltr'>δὲ,</span> <span class='ocrx_word' id='word_1_49' title='bbox 1199 704 1218 736; x_wconf 76' lang='grc' dir='ltr'><strong>ι</strong></span> <span class='ocrx_word' id='word_1_50' title='bbox 1253 685 1343 754; x_wconf 73' lang='grc' dir='ltr'><strong>Μὴ</strong></span> <span class='ocrx_word' id='word_1_51' title='bbox 1363 683 1565 736; x_wconf 77' lang='grc' dir='ltr'>ποιεῖτε</span> <span class='ocrx_word' id='word_1_52' title='bbox 1604 681 1714 751; x_wconf 72' lang='lat'><strong>(9.5)</strong></span> 
     </span>
    </p>
   </div>
   <div class='ocr_carea' id='block_1_10' title="bbox 177 775 1712 864">
    <p class='ocr_par' dir='ltr' id='par_1_10' title="bbox 177 775 1712 864">
     <span class='ocr_line' id='line_1_10' title="bbox 177 775 1712 864; baseline -0.014 -17"><span class='ocrx_word' id='word_1_53' title='bbox 177 793 260 864; x_wconf 73' lang='grc' dir='ltr'>τὴν</span> <span class='ocrx_word' id='word_1_54' title='bbox 285 786 646 858; x_wconf 77' lang='grc' dir='ltr'><strong>ἐλεημοσύνην</strong></span> <span class='ocrx_word' id='word_1_55' title='bbox 676 783 831 853; x_wconf 82' lang='grc' dir='ltr'>ὑμῶν</span> <span class='ocrx_word' id='word_1_56' title='bbox 858 780 1165 852; x_wconf 75' lang='grc' dir='ltr'>ἔμπροσθεν</span> <span class='ocrx_word' id='word_1_57' title='bbox 1194 779 1302 831; x_wconf 86' lang='grc' dir='ltr'>τῶν</span> <span class='ocrx_word' id='word_1_58' title='bbox 1329 775 1653 850; x_wconf 77' lang='grc' dir='ltr'>ἀνθρώπωνο</span> <span class='ocrx_word' id='word_1_59' title='bbox 1694 794 1712 826; x_wconf 75' lang='grc' dir='ltr'><strong>ι</strong></span> 
     </span>
    </p>
   </div>
   <div class='ocr_carea' id='block_1_11' title="bbox 178 865 1722 944">
    <p class='ocr_par' dir='ltr' id='par_1_11' title="bbox 178 865 1722 944">
     <span class='ocr_line' id='line_1_11' title="bbox 178 865 1722 944; baseline -0.013 -9"><span class='ocrx_word' id='word_1_60' title='bbox 178 883 277 944; x_wconf 79' lang='grc' dir='ltr'>καὶ,</span> <span class='ocrx_word' id='word_1_61' title='bbox 315 898 332 931; x_wconf 83' lang='grc' dir='ltr'><strong>ι</strong></span> <span class='ocrx_word' id='word_1_62' title='bbox 371 878 434 930; x_wconf 87' lang='grc' dir='ltr'><strong>Ὃ</strong></span> <span class='ocrx_word' id='word_1_63' title='bbox 459 877 604 930; x_wconf 81' lang='grc' dir='ltr'>ποιεῖ</span> <span class='ocrx_word' id='word_1_64' title='bbox 638 875 673 941; x_wconf 85' lang='grc' dir='ltr'><strong>ἡ</strong></span> <span class='ocrx_word' id='word_1_65' title='bbox 708 874 858 938; x_wconf 79' lang='grc' dir='ltr'>δεξιά</span> <span class='ocrx_word' id='word_1_66' title='bbox 903 888 1020 936; x_wconf 88' lang='grc' dir='ltr'>σου,</span> <span class='ocrx_word' id='word_1_67' title='bbox 1061 871 1137 940; x_wconf 80' lang='grc' dir='ltr'>μὴ</span> <span class='ocrx_word' id='word_1_68' title='bbox 1158 869 1351 938; x_wconf 81' lang='grc' dir='ltr'><strong>γνώτω</strong></span> <span class='ocrx_word' id='word_1_69' title='bbox 1395 869 1429 938; x_wconf 81' lang='grc' dir='ltr'>ἡ</span> <span class='ocrx_word' id='word_1_70' title='bbox 1457 865 1722 936; x_wconf 85' lang='grc' dir='ltr'>ἀριστερά</span> 
     </span>
    </p>
   </div>
   <div class='ocr_carea' id='block_1_12' title="bbox 179 957 1721 1034">
    <p class='ocr_par' dir='ltr' id='par_1_12' title="bbox 179 957 1721 1034">
     <span class='ocr_line' id='line_1_12' title="bbox 179 957 1721 1034; baseline -0.011 -10"><span class='ocrx_word' id='word_1_71' title='bbox 179 987 288 1026; x_wconf 85' lang='grc' dir='ltr'>σου·</span> <span class='ocrx_word' id='word_1_72' title='bbox 325 991 342 1026; x_wconf 74' lang='grc' dir='ltr'><strong><em>ο</em></strong></span> <span class='ocrx_word' id='word_1_73' title='bbox 372 967 485 1032; x_wconf 71' lang='grc' dir='ltr'>καὶ,</span> <span class='ocrx_word' id='word_1_74' title='bbox 519 985 538 1016; x_wconf 81' lang='grc' dir='ltr'><strong>ι</strong></span> <span class='ocrx_word' id='word_1_75' title='bbox 569 966 740 1018; x_wconf 83' lang='grc' dir='ltr'>Ὀταν</span> <span class='ocrx_word' id='word_1_76' title='bbox 762 961 1053 1034; x_wconf 81' lang='grc' dir='ltr'>νηστεύῃς,</span> <span class='ocrx_word' id='word_1_77' title='bbox 1087 961 1162 1032; x_wconf 82' lang='grc' dir='ltr'>μὴ</span> <span class='ocrx_word' id='word_1_78' title='bbox 1191 959 1456 1030; x_wconf 74' lang='grc' dir='ltr'>σαλπίσῃς</span> <span class='ocrx_word' id='word_1_79' title='bbox 1481 957 1721 1026; x_wconf 77' lang='grc' dir='ltr'>ἔμπροσ-</span> 
     </span>
    </p>
   </div>
   <div class='ocr_carea' id='block_1_13' title="bbox 178 1047 1721 1128">
    <p class='ocr_par' dir='ltr' id='par_1_13' title="bbox 178 1047 1721 1128">
     <span class='ocr_line' id='line_1_13' title="bbox 178 1047 1721 1128; baseline -0.012 -11"><span class='ocrx_word' id='word_1_80' title='bbox 178 1063 256 1118; x_wconf 80' lang='grc' dir='ltr'><strong>θέν</strong></span> <span class='ocrx_word' id='word_1_81' title='bbox 284 1078 390 1122; x_wconf 86' lang='grc' dir='ltr'>σου,</span> <span class='ocrx_word' id='word_1_82' title='bbox 426 1059 616 1128; x_wconf 86' lang='grc' dir='ltr'>ὥσπερ</span> <span class='ocrx_word' id='word_1_83' title='bbox 663 1058 712 1110; x_wconf 84' lang='grc' dir='ltr'>οἱ</span> <span class='ocrx_word' id='word_1_84' title='bbox 759 1054 1075 1124; x_wconf 72' lang='grc' dir='ltr'>ὑποκριταὶ,</span> <span class='ocrx_word' id='word_1_85' title='bbox 1141 1072 1159 1104; x_wconf 74' lang='grc' dir='ltr'><strong>ι</strong></span> <span class='ocrx_word' id='word_1_86' title='bbox 1207 1052 1344 1124; x_wconf 72' lang='grc' dir='ltr'>πρὸς</span> <span class='ocrx_word' id='word_1_87' title='bbox 1391 1051 1472 1116; x_wconf 83' lang='grc' dir='ltr'><strong>τὸ,</strong></span> <span class='ocrx_word' id='word_1_88' title='bbox 1509 1070 1527 1100; x_wconf 75' lang='grc' dir='ltr'><strong>ι</strong></span> <span class='ocrx_word' id='word_1_89' title='bbox 1566 1047 1721 1101; x_wconf 74' lang='grc' dir='ltr'>Οὕτω</span> 
     </span>
    </p>
   </div>
   <div class='ocr_carea' id='block_1_14' title="bbox 175 1140 1718 1221">
    <p class='ocr_par' dir='ltr' id='par_1_14' title="bbox 175 1140 1718 1221">
     <span class='ocr_line' id='line_1_14' title="bbox 175 1140 1718 1221; baseline -0.01 -15"><span class='ocrx_word' id='word_1_90' title='bbox 175 1153 422 1221; x_wconf 78' lang='grc' dir='ltr'><strong>λαμψάτω</strong></span> <span class='ocrx_word' id='word_1_91' title='bbox 452 1149 514 1202; x_wconf 83' lang='grc' dir='ltr'><strong>τὸ</strong></span> <span class='ocrx_word' id='word_1_92' title='bbox 555 1148 671 1215; x_wconf 79' lang='grc' dir='ltr'>φῶς</span> <span class='ocrx_word' id='word_1_93' title='bbox 706 1145 861 1215; x_wconf 81' lang='grc' dir='ltr'>ὑμῶν</span> <span class='ocrx_word' id='word_1_94' title='bbox 910 1143 1220 1214; x_wconf 76' lang='grc' dir='ltr'>ἔμπροσθεν</span> <span class='ocrx_word' id='word_1_95' title='bbox 1256 1142 1364 1196; x_wconf 82' lang='grc' dir='ltr'>τῶν</span> <span class='ocrx_word' id='word_1_96' title='bbox 1425 1140 1718 1211; x_wconf 83' lang='grc' dir='ltr'>ἀθρώπων,</span> 
     </span>
    </p>
   </div>
   <div class='ocr_carea' id='block_1_15' title="bbox 175 1229 1722 1305">
    <p class='ocr_par' dir='ltr' id='par_1_15' title="bbox 175 1229 1722 1305">
     <span class='ocr_line' id='line_1_15' title="bbox 175 1229 1722 1305; baseline -0.01 -9"><span class='ocrx_word' id='word_1_97' title='bbox 175 1247 304 1305; x_wconf 84' lang='grc' dir='ltr'>ὅπως</span> <span class='ocrx_word' id='word_1_98' title='bbox 328 1242 476 1294; x_wconf 76' lang='grc' dir='ltr'>ἴδωσι</span> <span class='ocrx_word' id='word_1_99' title='bbox 510 1238 580 1291; x_wconf 77' lang='grc' dir='ltr'>τὰ</span> <span class='ocrx_word' id='word_1_100' title='bbox 629 1236 771 1290; x_wconf 90' lang='grc' dir='ltr'><strong>καλά</strong></span> <span class='ocrx_word' id='word_1_101' title='bbox 795 1235 950 1304; x_wconf 82' lang='grc' dir='ltr'>ὑμῶν</span> <span class='ocrx_word' id='word_1_102' title='bbox 981 1233 1146 1304; x_wconf 79' lang='grc' dir='ltr'>ἔργα,</span> <span class='ocrx_word' id='word_1_103' title='bbox 1172 1232 1266 1285; x_wconf 78' lang='grc' dir='ltr'><strong>καὶ</strong></span> <span class='ocrx_word' id='word_1_104' title='bbox 1318 1230 1584 1298; x_wconf 81' lang='grc' dir='ltr'>δοξάσωσι</span> <span class='ocrx_word' id='word_1_105' title='bbox 1631 1229 1722 1281; x_wconf 86' lang='grc' dir='ltr'><strong>τὸν</strong></span> 
     </span>
    </p>
   </div>
   <div class='ocr_carea' id='block_1_16' title="bbox 176 1321 1724 1403">
    <p class='ocr_par' dir='ltr' id='par_1_16' title="bbox 176 1321 1724 1403">
     <span class='ocr_line' id='line_1_16' title="bbox 176 1321 1724 1403; baseline -0.012 -15"><span class='ocrx_word' id='word_1_106' title='bbox 176 1333 376 1403; x_wconf 82' lang='grc' dir='ltr'><strong>Πατέρα</strong></span> <span class='ocrx_word' id='word_1_107' title='bbox 410 1329 564 1399; x_wconf 84' lang='grc' dir='ltr'>ὑμῶν</span> <span class='ocrx_word' id='word_1_108' title='bbox 592 1329 684 1381; x_wconf 85' lang='grc' dir='ltr'><strong>τὸν</strong></span> <span class='ocrx_word' id='word_1_109' title='bbox 712 1329 769 1379; x_wconf 83' lang='grc' dir='ltr'>ὲν</span> <span class='ocrx_word' id='word_1_110' title='bbox 799 1329 911 1390; x_wconf 71' lang='grc' dir='ltr'>τοῖς</span> <span class='ocrx_word' id='word_1_111' title='bbox 963 1325 1236 1393; x_wconf 77' lang='grc' dir='ltr'>οὐρανοῖς,</span> <span class='ocrx_word' id='word_1_112' title='bbox 1288 1341 1308 1373; x_wconf 81' lang='grc'>›</span> <span class='ocrx_word' id='word_1_113' title='bbox 1343 1321 1597 1376; x_wconf 78' lang='grc' dir='ltr'>τοσοῦτον</span> <span class='ocrx_word' id='word_1_114' title='bbox 1622 1322 1724 1371; x_wconf 84' lang='grc' dir='ltr'><strong>ἁπ-</strong></span> 
     </span>
    </p>
   </div>
   <div class='ocr_carea' id='block_1_17' title="bbox 179 1412 1722 1498">
    <p class='ocr_par' dir='ltr' id='par_1_17' title="bbox 179 1412 1722 1498">
     <span class='ocr_line' id='line_1_17' title="bbox 179 1412 1722 1498; baseline -0.013 -16"><span class='ocrx_word' id='word_1_115' title='bbox 179 1431 277 1498; x_wconf 89' lang='grc' dir='ltr'>έχει</span> <span class='ocrx_word' id='word_1_116' title='bbox 325 1425 417 1478; x_wconf 76' lang='grc' dir='ltr'>τοῦ</span> <span class='ocrx_word' id='word_1_117' title='bbox 458 1421 726 1497; x_wconf 83' lang='grc' dir='ltr'>μάχεσθαι</span> <span class='ocrx_word' id='word_1_118' title='bbox 773 1420 907 1487; x_wconf 69' lang='grc'><strong>(⁸24),</strong></span> <span class='ocrx_word' id='word_1_119' title='bbox 953 1417 1093 1469; x_wconf 82' lang='grc' dir='ltr'>ὥστε</span> <span class='ocrx_word' id='word_1_120' title='bbox 1121 1416 1216 1468; x_wconf 72' lang='grc' dir='ltr'><strong>καὶ</strong></span> <span class='ocrx_word' id='word_1_121' title='bbox 1248 1415 1345 1484; x_wconf 82' lang='grc' dir='ltr'><strong>τὴν</strong></span> <span class='ocrx_word' id='word_1_122' title='bbox 1373 1414 1455 1466; x_wconf 82' lang='grc' dir='ltr'><strong>ὅτι</strong></span> <span class='ocrx_word' id='word_1_123' title='bbox 1490 1412 1722 1482; x_wconf 76' lang='grc' dir='ltr'>μάλιστα</span> 
     </span>
    </p>
   </div>
   <div class='ocr_carea' id='block_1_18' title="bbox 180 1503 1738 1589">
    <p class='ocr_par' dir='ltr' id='par_1_18' title="bbox 180 1503 1738 1589">
     <span class='ocr_line' id='line_1_18' title="bbox 180 1503 1738 1589; baseline -0.013 -15"><span class='ocrx_word' id='word_1_124' title='bbox 180 1516 482 1589; x_wconf 79' lang='grc' dir='ltr'>συμφωνίαν</span> <span class='ocrx_word' id='word_1_125' title='bbox 514 1513 694 1584; x_wconf 88' lang='grc' dir='ltr'>κρίσει</span> <span class='ocrx_word' id='word_1_126' title='bbox 715 1514 781 1581; x_wconf 84' lang='grc' dir='ltr'>τῇ</span> <span class='ocrx_word' id='word_1_127' title='bbox 811 1513 918 1580; x_wconf 79' lang='grc' dir='ltr'><strong>ἐμῇ</strong></span> <span class='ocrx_word' id='word_1_128' title='bbox 949 1505 1372 1570; x_wconf 79' lang='grc' dir='ltr'>κατασκευάζει.</span> <span class='ocrx_word' id='word_1_129' title='bbox 1411 1504 1595 1557; x_wconf 80' lang='grc' dir='ltr'>Κακία</span> <span class='ocrx_word' id='word_1_130' title='bbox 1629 1503 1738 1572; x_wconf 43' lang='grc' dir='ltr'>μὲν,</span> 
     </span>
    </p>
   </div>
   <div class='ocr_carea' id='block_1_19' title="bbox 177 1593 1724 1682">
    <p class='ocr_par' dir='ltr' id='par_1_19' title="bbox 177 1593 1724 1682">
     <span class='ocr_line' id='line_1_19' title="bbox 177 1593 1724 1682; baseline -0.016 -16"><span class='ocrx_word' id='word_1_131' title='bbox 177 1612 273 1682; x_wconf 81' lang='grc' dir='ltr'><strong>γὰρ</strong></span> <span class='ocrx_word' id='word_1_132' title='bbox 305 1606 622 1676; x_wconf 81' lang='grc' dir='ltr'>ἠὲπίδειξις</span> <span class='ocrx_word' id='word_1_133' title='bbox 647 1604 740 1656; x_wconf 75' lang='grc' dir='ltr'>καὶ</span> <span class='ocrx_word' id='word_1_134' title='bbox 777 1602 837 1661; x_wconf 78' lang='grc' dir='ltr'>τὺ</span> <span class='ocrx_word' id='word_1_135' title='bbox 869 1602 933 1673; x_wconf 88' lang='grc' dir='ltr'><strong>θη</strong></span> <span class='ocrx_word' id='word_1_136' title='bbox 947 1599 1105 1670; x_wconf 85' lang='grc' dir='ltr'>ράσαι</span> <span class='ocrx_word' id='word_1_137' title='bbox 1149 1598 1263 1668; x_wconf 75' lang='lat'><strong>(9.5)</strong></span> <span class='ocrx_word' id='word_1_138' title='bbox 1296 1595 1478 1662; x_wconf 84' lang='grc' dir='ltr'>δόξαν,</span> <span class='ocrx_word' id='word_1_139' title='bbox 1509 1593 1724 1662; x_wconf 79' lang='grc' dir='ltr'>νέμεσίν</span> 
     </span>
    </p>
   </div>
   <div class='ocr_carea' id='block_1_20' title="bbox 1819 393 3380 468">
    <p class='ocr_par' dir='ltr' id='par_1_20' title="bbox 1819 393 3380 468">
     <span class='ocr_line' id='line_1_20' title="bbox 1819 393 3380 468; baseline -0.006 -12"><span class='ocrx_word' id='word_1_140' title='bbox 1819 403 1971 456; x_wconf 88' lang='lat' dir='ltr'><strong>illum</strong></span> <span class='ocrx_word' id='word_1_141' title='bbox 2013 402 2116 455; x_wconf 88' lang='lat' dir='ltr'><strong>ista</strong></span> <span class='ocrx_word' id='word_1_142' title='bbox 2144 400 2244 455; x_wconf 93' lang='lat' dir='ltr'><strong>tibi</strong></span> <span class='ocrx_word' id='word_1_143' title='bbox 2275 399 2572 468; x_wconf 76' lang='lat' dir='ltr'><strong>impingere</strong></span> <span class='ocrx_word' id='word_1_144' title='bbox 2601 411 2669 450; x_wconf 89' lang='lat' dir='ltr'><strong>ne</strong></span> <span class='ocrx_word' id='word_1_145' title='bbox 2701 395 2949 464; x_wconf 75' lang='lat' dir='ltr'><strong>patiaris,</strong></span> <span class='ocrx_word' id='word_1_146' title='bbox 2996 407 3193 463; x_wconf 87' lang='lat' dir='ltr'><strong>neque,</strong></span> <span class='ocrx_word' id='word_1_147' title='bbox 3254 393 3380 446; x_wconf 86' lang='lat' dir='ltr'><strong>sub-</strong></span> 
     </span>
    </p>
   </div>
   <div class='ocr_carea' id='block_1_21' title="bbox 1818 483 3382 557">
    <p class='ocr_par' dir='ltr' id='par_1_21' title="bbox 1818 483 3382 557">
     <span class='ocr_line' id='line_1_21' title="bbox 1818 483 3382 557; baseline -0.008 -8"><span class='ocrx_word' id='word_1_148' title='bbox 1818 495 2038 550; x_wconf 75' lang='lat' dir='ltr'><strong>mittens</strong></span> <span class='ocrx_word' id='word_1_149' title='bbox 2095 503 2171 557; x_wconf 88' lang='lat' dir='ltr'><strong>te,</strong></span> <span class='ocrx_word' id='word_1_150' title='bbox 2229 492 2313 546; x_wconf 86' lang='lat' dir='ltr'><strong>vel</strong></span> <span class='ocrx_word' id='word_1_151' title='bbox 2347 505 2496 554; x_wconf 88' lang='lat' dir='ltr'><strong>voce,</strong></span> <span class='ocrx_word' id='word_1_152' title='bbox 2550 488 2632 542; x_wconf 90' lang='lat' dir='ltr'><strong>vel</strong></span> <span class='ocrx_word' id='word_1_153' title='bbox 2663 487 2871 542; x_wconf 85' lang='lat' dir='ltr'><strong>silentis</strong></span> <span class='ocrx_word' id='word_1_154' title='bbox 2899 486 3106 552; x_wconf 87' lang='lat' dir='ltr'><strong>habitu,</strong></span> <span class='ocrx_word' id='word_1_155' title='bbox 3159 484 3240 538; x_wconf 83' lang='lat' dir='ltr'><strong>vel</strong></span> <span class='ocrx_word' id='word_1_156' title='bbox 3273 483 3382 548; x_wconf 69' lang='lat' dir='ltr'><strong>ulla</strong></span> 
     </span>
    </p>
   </div>
   <div class='ocr_carea' id='block_1_22' title="bbox 1819 577 3386 651">
    <p class='ocr_par' dir='ltr' id='par_1_22' title="bbox 1819 577 3386 651">
     <span class='ocr_line' id='line_1_22' title="bbox 1819 577 3386 651; baseline -0.007 -11"><span class='ocrx_word' id='word_1_157' title='bbox 1819 587 1921 640; x_wconf 90' lang='lat' dir='ltr'><strong>alia</strong></span> <span class='ocrx_word' id='word_1_158' title='bbox 1962 585 2176 640; x_wconf 77' lang='lat' dir='ltr'><strong>ratione</strong></span> <span class='ocrx_word' id='word_1_159' title='bbox 2225 599 2354 639; x_wconf 88' lang='lat' dir='ltr'><strong>reus</strong></span> <span class='ocrx_word' id='word_1_160' title='bbox 2403 583 2577 651; x_wconf 59' lang='lat' dir='ltr'><strong>culpa;</strong></span> <span class='ocrx_word' id='word_1_161' title='bbox 2625 580 2876 635; x_wconf 84' lang='lat' dir='ltr'><strong>videaris.</strong></span> <span class='ocrx_word' id='word_1_162' title='bbox 2937 577 3121 647; x_wconf 87' lang='lat' dir='ltr'><strong>itaque</strong></span> <span class='ocrx_word' id='word_1_163' title='bbox 3159 579 3386 639; x_wconf 86' lang='lat' dir='ltr'><strong>cordato</strong></span> 
     </span>
    </p>
   </div>
   <div class='ocr_carea' id='block_1_23' title="bbox 1819 667 3378 747">
    <p class='ocr_par' dir='ltr' id='par_1_23' title="bbox 1819 667 3378 747">
     <span class='ocr_line' id='line_1_23' title="bbox 1819 667 3378 747; baseline -0.006 -15"><span class='ocrx_word' id='word_1_164' title='bbox 1819 678 2016 747; x_wconf 82' lang='lat' dir='ltr'><strong>cuique</strong></span> <span class='ocrx_word' id='word_1_165' title='bbox 2063 677 2306 731; x_wconf 76' lang='lat' dir='ltr'><strong>veritatis</strong></span> <span class='ocrx_word' id='word_1_166' title='bbox 2371 673 2662 729; x_wconf 84' lang='lat' dir='ltr'><strong>scrutatori</strong></span> <span class='ocrx_word' id='word_1_167' title='bbox 2701 687 2797 726; x_wconf 88' lang='lat' dir='ltr'><strong>nec</strong></span> <span class='ocrx_word' id='word_1_168' title='bbox 2837 671 3057 724; x_wconf 86' lang='lat' dir='ltr'><strong>minima</strong></span> <span class='ocrx_word' id='word_1_169' title='bbox 3095 667 3378 730; x_wconf 81' lang='lat' dir='ltr'><strong>dubitandi</strong></span> 
     </span>
    </p>
   </div>
   <div class='ocr_carea' id='block_1_24' title="bbox 1820 761 3386 824">
    <p class='ocr_par' dir='ltr' id='par_1_24' title="bbox 1820 761 3386 824">
     <span class='ocr_line' id='line_1_24' title="bbox 1820 761 3386 824; baseline -0.006 0"><span class='ocrx_word' id='word_1_170' title='bbox 1820 785 1985 824; x_wconf 87' lang='lat' dir='ltr'><strong>causa</strong></span> <span class='ocrx_word' id='word_1_171' title='bbox 2033 784 2100 824; x_wconf 77' lang='lat' dir='ltr'><strong>ex</strong></span> <span class='ocrx_word' id='word_1_172' title='bbox 2134 769 2296 823; x_wconf 91' lang='lat' dir='ltr'><strong>dictis</strong></span> <span class='ocrx_word' id='word_1_173' title='bbox 2329 767 2434 822; x_wconf 87' lang='lat' dir='ltr'><strong>illis</strong></span> <span class='ocrx_word' id='word_1_174' title='bbox 2456 767 2838 821; x_wconf 85' lang='lat' dir='ltr'><strong>subnascetur.</strong></span> <span class='ocrx_word' id='word_1_175' title='bbox 2897 763 2989 817; x_wconf 89' lang='lat' dir='ltr'><strong>llla</strong></span> <span class='ocrx_word' id='word_1_176' title='bbox 3016 777 3144 816; x_wconf 87' lang='lat' dir='ltr'><strong>vero</strong></span> <span class='ocrx_word' id='word_1_177' title='bbox 3173 761 3386 821; x_wconf 86' lang='lat' dir='ltr'><strong>Domini</strong></span> 
     </span>
    </p>
   </div>
   <div class='ocr_carea' id='block_1_25' title="bbox 1820 855 3388 933">
    <p class='ocr_par' dir='ltr' id='par_1_25' title="bbox 1820 855 3388 933">
     <span class='ocr_line' id='line_1_25' title="bbox 1820 855 3388 933; baseline -0.006 -20"><span class='ocrx_word' id='word_1_178' title='bbox 1820 861 1963 914; x_wconf 91' lang='lat' dir='ltr'><strong>dicta</strong></span> <span class='ocrx_word' id='word_1_179' title='bbox 2016 877 2030 913; x_wconf 92' lang='lat'><strong>:</strong></span> <span class='ocrx_word' id='word_1_180' title='bbox 2097 879 2116 909; x_wconf 77' lang='grc' dir='ltr'><strong>ι</strong></span> <span class='ocrx_word' id='word_1_181' title='bbox 2148 857 2225 911; x_wconf 93' lang='lat' dir='ltr'><strong>Ne</strong></span> <span class='ocrx_word' id='word_1_182' title='bbox 2269 856 2484 913; x_wconf 82' lang='lat' dir='ltr'><strong>faciatis</strong></span> <span class='ocrx_word' id='word_1_183' title='bbox 2534 855 2907 933; x_wconf 82' lang='lat' dir='ltr'><strong>eleemosynas</strong></span> <span class='ocrx_word' id='word_1_184' title='bbox 2947 861 3157 913; x_wconf 81' lang='lat' dir='ltr'><strong>vestras</strong></span> <span class='ocrx_word' id='word_1_185' title='bbox 3204 866 3388 909; x_wconf 87' lang='lat' dir='ltr'><strong>coram</strong></span> 
     </span>
    </p>
   </div>
   <div class='ocr_carea' id='block_1_26' title="bbox 1823 945 3393 1016">
    <p class='ocr_par' dir='ltr' id='par_1_26' title="bbox 1823 945 3393 1016">
     <span class='ocr_line' id='line_1_26' title="bbox 1823 945 3393 1016; baseline -0.006 -11"><span class='ocrx_word' id='word_1_186' title='bbox 1823 951 2135 1007; x_wconf 86' lang='lat' dir='ltr'><strong>hominibus</strong></span> <span class='ocrx_word' id='word_1_187' title='bbox 2159 949 2240 1016; x_wconf 62' lang='grc' dir='ltr'><strong>δας</strong></span> <span class='ocrx_word' id='word_1_188' title='bbox 2275 968 2292 1000; x_wconf 78' lang='grc' dir='ltr'><strong>ι</strong></span> <span class='ocrx_word' id='word_1_189' title='bbox 2353 960 2406 1003; x_wconf 83' lang='grc' dir='ltr'><strong>οι</strong></span> <span class='ocrx_word' id='word_1_190' title='bbox 2464 966 2478 1000; x_wconf 91' lang='lat'>:</span> <span class='ocrx_word' id='word_1_191' title='bbox 2545 965 2564 998; x_wconf 75' lang='grc' dir='ltr'><strong>ι</strong></span> <span class='ocrx_word' id='word_1_192' title='bbox 2594 945 2726 1014; x_wconf 65' lang='lat' dir='ltr'><strong>Quae</strong></span> <span class='ocrx_word' id='word_1_193' title='bbox 2763 945 2895 1001; x_wconf 82' lang='lat' dir='ltr'><strong>facit</strong></span> <span class='ocrx_word' id='word_1_194' title='bbox 2934 945 3153 1000; x_wconf 78' lang='lat' dir='ltr'><strong>dextera</strong></span> <span class='ocrx_word' id='word_1_195' title='bbox 3179 953 3292 1006; x_wconf 90' lang='lat' dir='ltr'><strong>tua,</strong></span> <span class='ocrx_word' id='word_1_196' title='bbox 3329 957 3393 1003; x_wconf 89' lang='lat' dir='ltr'><strong>ea</strong></span> 
     </span>
    </p>
   </div>
   <div class='ocr_carea' id='block_1_27' title="bbox 1824 1031 3393 1103">
    <p class='ocr_par' dir='ltr' id='par_1_27' title="bbox 1824 1031 3393 1103">
     <span class='ocr_line' id='line_1_27' title="bbox 1824 1031 3393 1103; baseline -0.006 -9"><span class='ocrx_word' id='word_1_197' title='bbox 1824 1056 1928 1094; x_wconf 91' lang='lat' dir='ltr'><strong>non</strong></span> <span class='ocrx_word' id='word_1_198' title='bbox 1976 1040 2123 1093; x_wconf 90' lang='lat' dir='ltr'><strong>norit</strong></span> <span class='ocrx_word' id='word_1_199' title='bbox 2173 1038 2394 1092; x_wconf 88' lang='lat' dir='ltr'><strong>sinistra</strong></span> <span class='ocrx_word' id='word_1_200' title='bbox 2418 1044 2508 1090; x_wconf 88' lang='lat' dir='ltr'><strong>tua</strong></span> <span class='ocrx_word' id='word_1_201' title='bbox 2535 1036 2577 1067; x_wconf 68' lang='grc'><strong>⁸⁷</strong></span> <span class='ocrx_word' id='word_1_202' title='bbox 2607 1054 2621 1099; x_wconf 89' lang='grc'><strong>;</strong></span> <span class='ocrx_word' id='word_1_203' title='bbox 2657 1055 2676 1088; x_wconf 73' lang='grc' dir='ltr'><strong><em>ι</em></strong></span> <span class='ocrx_word' id='word_1_204' title='bbox 2721 1043 2774 1089; x_wconf 90' lang='lat' dir='ltr'><strong>et</strong></span> <span class='ocrx_word' id='word_1_205' title='bbox 2824 1055 2838 1091; x_wconf 89' lang='lat'><strong>:</strong></span> <span class='ocrx_word' id='word_1_206' title='bbox 2899 1055 2918 1086; x_wconf 80' lang='grc' dir='ltr'><strong>ι</strong></span> <span class='ocrx_word' id='word_1_207' title='bbox 2951 1035 3007 1088; x_wconf 92' lang='lat' dir='ltr'><strong>Si</strong></span> <span class='ocrx_word' id='word_1_208' title='bbox 3036 1031 3393 1103; x_wconf 84' lang='lat' dir='ltr'><strong>jejunaveris,</strong></span> 
     </span>
    </p>
   </div>
   <div class='ocr_carea' id='block_1_28' title="bbox 1823 1126 3397 1198">
    <p class='ocr_par' dir='ltr' id='par_1_28' title="bbox 1823 1126 3397 1198">
     <span class='ocr_line' id='line_1_28' title="bbox 1823 1126 3397 1198; baseline -0.004 -14"><span class='ocrx_word' id='word_1_209' title='bbox 1823 1146 1890 1184; x_wconf 87' lang='lat' dir='ltr'><strong>ne</strong></span> <span class='ocrx_word' id='word_1_210' title='bbox 1939 1130 2196 1185; x_wconf 88' lang='lat' dir='ltr'><strong>buccines</strong></span> <span class='ocrx_word' id='word_1_211' title='bbox 2244 1137 2370 1183; x_wconf 83' lang='lat' dir='ltr'><strong>ante</strong></span> <span class='ocrx_word' id='word_1_212' title='bbox 2427 1138 2497 1192; x_wconf 89' lang='lat' dir='ltr'><strong>te,</strong></span> <span class='ocrx_word' id='word_1_213' title='bbox 2556 1137 2615 1180; x_wconf 88' lang='lat' dir='ltr'><strong>ut</strong></span> <span class='ocrx_word' id='word_1_214' title='bbox 2671 1128 2965 1198; x_wconf 81' lang='lat' dir='ltr'><strong>hypocritae</strong></span> <span class='ocrx_word' id='word_1_215' title='bbox 2986 1126 3070 1192; x_wconf 67' lang='lat'><strong>‘3;</strong></span> <span class='ocrx_word' id='word_1_216' title='bbox 3105 1144 3124 1177; x_wconf 70' lang='grc' dir='ltr'><strong>ι</strong></span> <span class='ocrx_word' id='word_1_217' title='bbox 3185 1133 3397 1184; x_wconf 86' lang='lat' dir='ltr'><strong>tantum</strong></span> 
     </span>
    </p>
   </div>
   <div class='ocr_carea' id='block_1_29' title="bbox 1823 1218 3393 1287">
    <p class='ocr_par' dir='ltr' id='par_1_29' title="bbox 1823 1218 3393 1287">
     <span class='ocr_line' id='line_1_29' title="bbox 1823 1218 3393 1287; baseline -0.009 -9"><span class='ocrx_word' id='word_1_218' title='bbox 1823 1224 1993 1287; x_wconf 85' lang='lat' dir='ltr'><strong>abest,</strong></span> <span class='ocrx_word' id='word_1_219' title='bbox 2042 1230 2102 1275; x_wconf 89' lang='lat' dir='ltr'><strong>ut</strong></span> <span class='ocrx_word' id='word_1_220' title='bbox 2137 1236 2260 1276; x_wconf 92' lang='lat' dir='ltr'><strong>cum</strong></span> <span class='ocrx_word' id='word_1_221' title='bbox 2308 1220 2418 1274; x_wconf 89' lang='lat' dir='ltr'><strong>illis</strong></span> <span class='ocrx_word' id='word_1_222' title='bbox 2461 1238 2474 1274; x_wconf 90' lang='lat'><strong>:</strong></span> <span class='ocrx_word' id='word_1_223' title='bbox 2535 1239 2552 1271; x_wconf 87' lang='grc' dir='ltr'><strong>ι</strong></span> <span class='ocrx_word' id='word_1_224' title='bbox 2578 1219 2654 1272; x_wconf 87' lang='lat' dir='ltr'><strong>lta</strong></span> <span class='ocrx_word' id='word_1_225' title='bbox 2689 1220 2862 1273; x_wconf 90' lang='lat' dir='ltr'><strong>luceat</strong></span> <span class='ocrx_word' id='word_1_226' title='bbox 2885 1218 2979 1272; x_wconf 72' lang='lat' dir='ltr'><strong>lux</strong></span> <span class='ocrx_word' id='word_1_227' title='bbox 3009 1227 3184 1273; x_wconf 84' lang='lat' dir='ltr'><strong>vestra</strong></span> <span class='ocrx_word' id='word_1_228' title='bbox 3209 1229 3393 1269; x_wconf 89' lang='lat' dir='ltr'><strong>coram</strong></span> 
     </span>
    </p>
   </div>
   <div class='ocr_carea' id='block_1_30' title="bbox 1824 1307 3404 1378">
    <p class='ocr_par' dir='ltr' id='par_1_30' title="bbox 1824 1307 3404 1378">
     <span class='ocr_line' id='line_1_30' title="bbox 1824 1307 3404 1378; baseline -0.001 -12"><span class='ocrx_word' id='word_1_229' title='bbox 1824 1311 2169 1376; x_wconf 87' lang='lat' dir='ltr'><strong>hominibus,</strong></span> <span class='ocrx_word' id='word_1_230' title='bbox 2251 1319 2311 1363; x_wconf 94' lang='lat' dir='ltr'><strong>ut</strong></span> <span class='ocrx_word' id='word_1_231' title='bbox 2359 1310 2499 1364; x_wconf 87' lang='lat' dir='ltr'><strong>bona</strong></span> <span class='ocrx_word' id='word_1_232' title='bbox 2567 1318 2744 1364; x_wconf 84' lang='lat' dir='ltr'><strong>vestra</strong></span> <span class='ocrx_word' id='word_1_233' title='bbox 2807 1324 2972 1378; x_wconf 84' lang='lat' dir='ltr'><strong>opera</strong></span> <span class='ocrx_word' id='word_1_234' title='bbox 3031 1307 3291 1371; x_wconf 84' lang='lat' dir='ltr'><strong>videant,</strong></span> <span class='ocrx_word' id='word_1_235' title='bbox 3345 1312 3404 1365; x_wconf 69' lang='lat' dir='ltr'><strong>Pi</strong></span> 
     </span>
    </p>
   </div>
   <div class='ocr_carea' id='block_1_31' title="bbox 1825 1400 3399 1468">
    <p class='ocr_par' dir='ltr' id='par_1_31' title="bbox 1825 1400 3399 1468">
     <span class='ocr_line' id='line_1_31' title="bbox 1825 1400 3399 1468; baseline -0.004 -11"><span class='ocrx_word' id='word_1_236' title='bbox 1825 1403 2041 1457; x_wconf 86' lang='lat' dir='ltr'><strong>Patrem</strong></span> <span class='ocrx_word' id='word_1_237' title='bbox 2078 1411 2316 1456; x_wconf 87' lang='lat' dir='ltr'><strong>vestrum</strong></span> <span class='ocrx_word' id='word_1_238' title='bbox 2349 1403 2402 1455; x_wconf 91' lang='lat' dir='ltr'><strong>in</strong></span> <span class='ocrx_word' id='word_1_239' title='bbox 2429 1403 2582 1457; x_wconf 59' lang='lat' dir='ltr'><strong>caelis</strong></span> <span class='ocrx_word' id='word_1_240' title='bbox 2613 1401 2834 1454; x_wconf 87' lang='lat' dir='ltr'><strong>laudent</strong></span> <span class='ocrx_word' id='word_1_241' title='bbox 2857 1400 2900 1431; x_wconf 69' lang='grc' dir='ltr'><strong>δ’</strong></span> <span class='ocrx_word' id='word_1_242' title='bbox 2922 1441 2935 1461; x_wconf 91' lang='grc'><strong>,</strong></span> <span class='ocrx_word' id='word_1_243' title='bbox 2972 1419 2990 1449; x_wconf 82' lang='grc'><strong>)</strong></span> <span class='ocrx_word' id='word_1_244' title='bbox 3041 1407 3306 1468; x_wconf 82' lang='lat' dir='ltr'><strong>pugnent,</strong></span> <span class='ocrx_word' id='word_1_245' title='bbox 3337 1407 3399 1450; x_wconf 93' lang='lat' dir='ltr'><strong>ut</strong></span> 
     </span>
    </p>
   </div>
   <div class='ocr_carea' id='block_1_32' title="bbox 1828 1491 3398 1565">
    <p class='ocr_par' dir='ltr' id='par_1_32' title="bbox 1828 1491 3398 1565">
     <span class='ocr_line' id='line_1_32' title="bbox 1828 1491 3398 1565; baseline -0.004 -16"><span class='ocrx_word' id='word_1_246' title='bbox 1828 1509 1953 1549; x_wconf 89' lang='lat' dir='ltr'><strong>meo</strong></span> <span class='ocrx_word' id='word_1_247' title='bbox 2007 1496 2223 1565; x_wconf 91' lang='lat' dir='ltr'><strong>quidem</strong></span> <span class='ocrx_word' id='word_1_248' title='bbox 2275 1494 2484 1562; x_wconf 84' lang='lat' dir='ltr'><strong>judicio</strong></span> <span class='ocrx_word' id='word_1_249' title='bbox 2535 1509 2720 1551; x_wconf 87' lang='lat' dir='ltr'><strong>secum</strong></span> <span class='ocrx_word' id='word_1_250' title='bbox 2756 1492 2984 1549; x_wconf 85' lang='lat' dir='ltr'><strong>invicem</strong></span> <span class='ocrx_word' id='word_1_251' title='bbox 3027 1491 3240 1560; x_wconf 79' lang='lat' dir='ltr'><strong>egregie</strong></span> <span class='ocrx_word' id='word_1_252' title='bbox 3263 1505 3398 1544; x_wconf 90' lang='lat' dir='ltr'><strong>con-</strong></span> 
     </span>
    </p>
   </div>
   <div class='ocr_carea' id='block_1_33' title="bbox 1829 1581 3402 1656">
    <p class='ocr_par' dir='ltr' id='par_1_33' title="bbox 1829 1581 3402 1656">
     <span class='ocr_line' id='line_1_33' title="bbox 1829 1581 3402 1656; baseline -0.004 -15"><span class='ocrx_word' id='word_1_253' title='bbox 1829 1587 2060 1656; x_wconf 90' lang='lat' dir='ltr'><strong>spirent.</strong></span> <span class='ocrx_word' id='word_1_254' title='bbox 2112 1585 2311 1640; x_wconf 81' lang='lat' dir='ltr'><strong>Vitium</strong></span> <span class='ocrx_word' id='word_1_255' title='bbox 2335 1587 2478 1641; x_wconf 88' lang='lat' dir='ltr'><strong>enim</strong></span> <span class='ocrx_word' id='word_1_256' title='bbox 2504 1595 2588 1639; x_wconf 91' lang='lat' dir='ltr'><strong>est</strong></span> <span class='ocrx_word' id='word_1_257' title='bbox 2623 1586 2913 1640; x_wconf 89' lang='lat' dir='ltr'><strong>ostentatio</strong></span> <span class='ocrx_word' id='word_1_258' title='bbox 2947 1585 3144 1647; x_wconf 88' lang='lat' dir='ltr'><strong>omnis,</strong></span> <span class='ocrx_word' id='word_1_259' title='bbox 3200 1591 3283 1644; x_wconf 64' lang='lat' dir='ltr'><strong>et.</strong></span> <span class='ocrx_word' id='word_1_260' title='bbox 3318 1581 3402 1636; x_wconf 76' lang='lat' dir='ltr'><strong>af-</strong></span> 
     </span>
    </p>
   </div>
   <div class='ocr_carea' id='block_1_34' title="bbox 179 1675 1740 1772">
    <p class='ocr_par' dir='ltr' id='par_1_34' title="bbox 179 1675 1737 1772">
     <span class='ocr_line' id='line_1_34' title="bbox 179 1675 1737 1772; baseline -0.014 -15"><span class='ocrx_word' id='word_1_261' title='bbox 179 1675 230 1758; x_wconf 73' lang='grc' dir='ltr'><strong>τε</strong></span> <span class='ocrx_word' id='word_1_262' title='bbox 246 1675 348 1755; x_wconf 41' lang='grc' dir='ltr'>’σὺν</span> <span class='ocrx_word' id='word_1_263' title='bbox 367 1701 492 1772; x_wconf 81' lang='grc' dir='ltr'>δίκῃ</span> <span class='ocrx_word' id='word_1_264' title='bbox 522 1699 616 1750; x_wconf 73' lang='grc' dir='ltr'><strong>καὶ</strong></span> <span class='ocrx_word' id='word_1_265' title='bbox 635 1697 824 1766; x_wconf 75' lang='grc' dir='ltr'>ψόγον,</span> <span class='ocrx_word' id='word_1_266' title='bbox 847 1695 910 1746; x_wconf 81' lang='grc' dir='ltr'><strong>οὐ</strong></span> <span class='ocrx_word' id='word_1_267' title='bbox 937 1693 1282 1762; x_wconf 84' lang='grc' dir='ltr'>γραφόμενον</span> <span class='ocrx_word' id='word_1_268' title='bbox 1307 1688 1415 1741; x_wconf 74' lang='grc' dir='ltr'><strong>ἀπὸ</strong></span> <span class='ocrx_word' id='word_1_269' title='bbox 1436 1685 1544 1738; x_wconf 85' lang='grc' dir='ltr'>τῶν</span> <span class='ocrx_word' id='word_1_270' title='bbox 1572 1702 1737 1772; x_wconf 54' lang='grc' dir='ltr'>σπου-ξ</span> 
     </span>
    </p>
   </div>
   <div class='ocr_carea' id='block_1_35' title="bbox 1846 1675 3404 1772">
    <p class='ocr_par' dir='ltr' id='par_1_35' title="bbox 1846 1675 3404 1747">
     <span class='ocr_line' id='line_1_35' title="bbox 1846 1675 3404 1747; baseline -0.004 -15"><span class='ocrx_word' id='word_1_271' title='bbox 1846 1677 2098 1732; x_wconf 79' lang='lat' dir='ltr'><strong>iectatum</strong></span> <span class='ocrx_word' id='word_1_272' title='bbox 2155 1676 2343 1747; x_wconf 80' lang='lat' dir='ltr'><strong>gloriae</strong></span> <span class='ocrx_word' id='word_1_273' title='bbox 2394 1676 2658 1742; x_wconf 88' lang='lat' dir='ltr'><strong>studium,</strong></span> <span class='ocrx_word' id='word_1_274' title='bbox 2715 1675 3114 1743; x_wconf 85' lang='lat' dir='ltr'><strong>vindictamque</strong></span> <span class='ocrx_word' id='word_1_275' title='bbox 3139 1683 3195 1728; x_wconf 91' lang='lat' dir='ltr'><strong>et</strong></span> <span class='ocrx_word' id='word_1_276' title='bbox 3219 1687 3404 1742; x_wconf 84' lang='lat' dir='ltr'><strong>repre-</strong></span> 
     </span>
    </p>
   </div>
   <div class='ocr_carea' id='block_1_36' title="bbox 184 1771 1738 1858">
    <p class='ocr_par' dir='ltr' id='par_1_36' title="bbox 184 1771 1738 1858">
     <span class='ocr_line' id='line_1_36' title="bbox 184 1771 1738 1858; baseline -0.015 -11"><span class='ocrx_word' id='word_1_277' title='bbox 184 1793 354 1858; x_wconf 72' lang='grc' dir='ltr'>δαίων,</span> <span class='ocrx_word' id='word_1_278' title='bbox 385 1771 634 1844; x_wconf 80' lang='grc' dir='ltr'>κινοῦσα.</span> <span class='ocrx_word' id='word_1_279' title='bbox 677 1785 742 1837; x_wconf 79' lang='grc' dir='ltr'><strong>Ἦ</strong></span> <span class='ocrx_word' id='word_1_280' title='bbox 771 1783 828 1836; x_wconf 86' lang='grc' dir='ltr'>δὲ</span> <span class='ocrx_word' id='word_1_281' title='bbox 853 1781 998 1851; x_wconf 84' lang='grc' dir='ltr'>φυγὴ</span> <span class='ocrx_word' id='word_1_282' title='bbox 1025 1780 1124 1848; x_wconf 73' lang='grc' dir='ltr'><strong>τῆς</strong></span> <span class='ocrx_word' id='word_1_283' title='bbox 1153 1775 1457 1840; x_wconf 82' lang='grc' dir='ltr'>κενοδοξίας</span> <span class='ocrx_word' id='word_1_284' title='bbox 1479 1775 1646 1843; x_wconf 84' lang='grc' dir='ltr'>ἀρετή</span> <span class='ocrx_word' id='word_1_285' title='bbox 1676 1771 1738 1824; x_wconf 84' lang='grc' dir='ltr'><strong>τέ</strong></span> 
     </span>
    </p>
   </div>
   <div class='ocr_carea' id='block_1_37' title="bbox 182 1864 1739 1948">
    <p class='ocr_par' dir='ltr' id='par_1_37' title="bbox 182 1864 1739 1948">
     <span class='ocr_line' id='line_1_37' title="bbox 182 1864 1739 1948; baseline -0.015 -8"><span class='ocrx_word' id='word_1_286' title='bbox 182 1889 314 1940; x_wconf 82' lang='grc' dir='ltr'>ἐστιν</span> <span class='ocrx_word' id='word_1_287' title='bbox 345 1883 437 1936; x_wconf 78' lang='grc' dir='ltr'>καὶ</span> <span class='ocrx_word' id='word_1_288' title='bbox 479 1877 680 1948; x_wconf 81' lang='grc' dir='ltr'>σεμνοῦ</span> <span class='ocrx_word' id='word_1_289' title='bbox 709 1875 875 1946; x_wconf 72' lang='grc' dir='ltr'>ἣθους</span> <span class='ocrx_word' id='word_1_290' title='bbox 905 1872 1001 1927; x_wconf 70' lang='grc' dir='ltr'><strong>καὶ</strong></span> <span class='ocrx_word' id='word_1_291' title='bbox 1025 1871 1134 1923; x_wconf 83' lang='grc' dir='ltr'>τῶν</span> <span class='ocrx_word' id='word_1_292' title='bbox 1172 1869 1404 1922; x_wconf 84' lang='grc' dir='ltr'>συνετῶν</span> <span class='ocrx_word' id='word_1_293' title='bbox 1436 1864 1739 1936; x_wconf 84' lang='grc' dir='ltr'>ἀνθρώπων</span> 
     </span>
    </p>
   </div>
   <div class='ocr_carea' id='block_1_38' title="bbox 181 1956 1739 2039">
    <p class='ocr_par' dir='ltr' id='par_1_38' title="bbox 181 1956 1739 2039">
     <span class='ocr_line' id='line_1_38' title="bbox 181 1956 1739 2039; baseline -0.013 -10"><span class='ocrx_word' id='word_1_294' title='bbox 181 1975 480 2029; x_wconf 86' lang='grc' dir='ltr'>ἀποτίκτειν</span> <span class='ocrx_word' id='word_1_295' title='bbox 510 1966 654 2024; x_wconf 78' lang='grc' dir='ltr'>οἶδεν</span> <span class='ocrx_word' id='word_1_296' title='bbox 680 1968 760 2029; x_wconf 80' lang='grc' dir='ltr'>εἰς</span> <span class='ocrx_word' id='word_1_297' title='bbox 784 1965 918 2019; x_wconf 79' lang='grc' dir='ltr'>Θεὸν</span> <span class='ocrx_word' id='word_1_298' title='bbox 947 1963 1044 2039; x_wconf 79' lang='grc' dir='ltr'>τὴν</span> <span class='ocrx_word' id='word_1_299' title='bbox 1083 1961 1432 2032; x_wconf 78' lang='grc' dir='ltr'>εὐχαριστίαν</span> <span class='ocrx_word' id='word_1_300' title='bbox 1453 2001 1467 2025; x_wconf 93' lang='grc'><strong>,</strong></span> <span class='ocrx_word' id='word_1_301' title='bbox 1497 1959 1580 2011; x_wconf 81' lang='grc' dir='ltr'><strong>ὅτι</strong></span> <span class='ocrx_word' id='word_1_302' title='bbox 1616 1956 1739 2026; x_wconf 81' lang='grc' dir='ltr'>βλέ-</span> 
     </span>
    </p>
   </div>
   <div class='ocr_carea' id='block_1_39' title="bbox 180 2047 1740 2135">
    <p class='ocr_par' dir='ltr' id='par_1_39' title="bbox 180 2047 1740 2135">
     <span class='ocr_line' id='line_1_39' title="bbox 180 2047 1740 2135; baseline -0.014 -15"><span class='ocrx_word' id='word_1_303' title='bbox 180 2083 326 2123; x_wconf 87' lang='grc' dir='ltr'>πουσι</span> <span class='ocrx_word' id='word_1_304' title='bbox 353 2065 453 2135; x_wconf 83' lang='grc' dir='ltr'>μὲν</span> <span class='ocrx_word' id='word_1_305' title='bbox 499 2059 824 2124; x_wconf 81' lang='grc' dir='ltr'>δοξοκοπίαν</span> <span class='ocrx_word' id='word_1_306' title='bbox 855 2053 1291 2124; x_wconf 84' lang='grc' dir='ltr'>ἀτιμαζομένην,</span> <span class='ocrx_word' id='word_1_307' title='bbox 1338 2049 1538 2120; x_wconf 85' lang='grc' dir='ltr'>ἀρετὴν</span> <span class='ocrx_word' id='word_1_308' title='bbox 1569 2047 1626 2100; x_wconf 86' lang='grc' dir='ltr'>δὲ</span> <span class='ocrx_word' id='word_1_309' title='bbox 1657 2065 1740 2098; x_wconf 87' lang='grc' dir='ltr'>τι-</span> 
     </span>
    </p>
   </div>
   <div class='ocr_carea' id='block_1_40' title="bbox 180 2139 1742 2230">
    <p class='ocr_par' dir='ltr' id='par_1_40' title="bbox 180 2139 1742 2230">
     <span class='ocr_line' id='line_1_40' title="bbox 180 2139 1742 2230; baseline -0.015 -17"><span class='ocrx_word' id='word_1_310' title='bbox 180 2160 446 2230; x_wconf 82' lang='grc' dir='ltr'>μωμένην.</span> <span class='ocrx_word' id='word_1_311' title='bbox 473 2155 601 2217; x_wconf 86' lang='grc' dir='ltr'>Πῶς</span> <span class='ocrx_word' id='word_1_312' title='bbox 623 2152 715 2204; x_wconf 77' lang='grc' dir='ltr'><strong>οὖν</strong></span> <span class='ocrx_word' id='word_1_313' title='bbox 752 2151 802 2202; x_wconf 78' lang='grc' dir='ltr'>οἱ</span> <span class='ocrx_word' id='word_1_314' title='bbox 835 2147 1237 2216; x_wconf 78' lang='grc' dir='ltr'>ἐνδεικνύμενοι</span> <span class='ocrx_word' id='word_1_315' title='bbox 1261 2145 1418 2210; x_wconf 79' lang='grc' dir='ltr'>δόξαν</span> <span class='ocrx_word' id='word_1_316' title='bbox 1447 2141 1508 2206; x_wconf 78' lang='grc' dir='ltr'>ἐξ</span> <span class='ocrx_word' id='word_1_317' title='bbox 1535 2139 1742 2210; x_wconf 78' lang='grc' dir='ltr'>ἀνθρὼ-</span> 
     </span>
    </p>
   </div>
   <div class='ocr_carea' id='block_1_41' title="bbox 180 2231 1740 2317">
    <p class='ocr_par' dir='ltr' id='par_1_41' title="bbox 180 2231 1740 2317">
     <span class='ocr_line' id='line_1_41' title="bbox 180 2231 1740 2317; baseline -0.013 -16"><span class='ocrx_word' id='word_1_318' title='bbox 180 2266 284 2301; x_wconf 84' lang='grc' dir='ltr'><strong>πων</strong></span> <span class='ocrx_word' id='word_1_319' title='bbox 320 2247 621 2317; x_wconf 82' lang='grc' dir='ltr'>θηρῶνται,</span> <span class='ocrx_word' id='word_1_320' title='bbox 652 2241 712 2310; x_wconf 76' lang='grc' dir='ltr'>ἐξ</span> <span class='ocrx_word' id='word_1_321' title='bbox 759 2231 821 2292; x_wconf 76' lang='grc' dir='ltr'><strong>οὗ</strong></span> <span class='ocrx_word' id='word_1_322' title='bbox 869 2237 1070 2309; x_wconf 81' lang='grc' dir='ltr'>μᾶλλον</span> <span class='ocrx_word' id='word_1_323' title='bbox 1107 2237 1290 2298; x_wconf 83' lang='grc' dir='ltr'>αὐτοῖς</span> <span class='ocrx_word' id='word_1_324' title='bbox 1317 2234 1512 2288; x_wconf 68' lang='grc' dir='ltr'>ἕπεται</span> <span class='ocrx_word' id='word_1_325' title='bbox 1541 2231 1740 2302; x_wconf 53' lang='grc' dir='ltr'>ψόγος</span> 
     </span>
    </p>
   </div>
   <div class='ocr_carea' id='block_1_42' title="bbox 180 2323 1743 2405">
    <p class='ocr_par' dir='ltr' id='par_1_42' title="bbox 180 2323 1743 2405">
     <span class='ocr_line' id='line_1_42' title="bbox 180 2323 1743 2405; baseline -0.012 -13"><span class='ocrx_word' id='word_1_326' title='bbox 180 2340 279 2399; x_wconf 74' lang='grc' dir='ltr'><strong>Καὶ</strong></span> <span class='ocrx_word' id='word_1_327' title='bbox 317 2339 430 2401; x_wconf 83' lang='grc' dir='ltr'>πῶς</span> <span class='ocrx_word' id='word_1_328' title='bbox 466 2336 728 2405; x_wconf 79' lang='grc' dir='ltr'>ἀπέχουσι</span> <span class='ocrx_word' id='word_1_329' title='bbox 771 2331 862 2384; x_wconf 79' lang='grc' dir='ltr'>τὸν</span> <span class='ocrx_word' id='word_1_330' title='bbox 896 2329 1088 2401; x_wconf 73' lang='grc' dir='ltr'>μισθὸν</span> <span class='ocrx_word' id='word_1_331' title='bbox 1131 2327 1343 2392; x_wconf 80' lang='grc' dir='ltr'>αὑτῶν;</span> <span class='ocrx_word' id='word_1_332' title='bbox 1393 2326 1494 2378; x_wconf 78' lang='grc' dir='ltr'><strong>οὐκ</strong></span> <span class='ocrx_word' id='word_1_333' title='bbox 1544 2323 1652 2377; x_wconf 88' lang='grc' dir='ltr'><strong>ἀπό</strong></span> <span class='ocrx_word' id='word_1_334' title='bbox 1681 2340 1743 2390; x_wconf 92' lang='grc' dir='ltr'><strong>γε</strong></span> 
     </span>
    </p>
   </div>
   <div class='ocr_carea' id='block_1_43' title="bbox 179 2415 1736 2498">
    <p class='ocr_par' dir='ltr' id='par_1_43' title="bbox 179 2415 1736 2498">
     <span class='ocr_line' id='line_1_43' title="bbox 179 2415 1736 2498; baseline -0.011 -15"><span class='ocrx_word' id='word_1_335' title='bbox 179 2432 275 2483; x_wconf 81' lang='grc' dir='ltr'><strong>τῶν</strong></span> <span class='ocrx_word' id='word_1_336' title='bbox 312 2428 577 2498; x_wconf 73' lang='grc' dir='ltr'>θεοφιλῶν</span> <span class='ocrx_word' id='word_1_337' title='bbox 607 2427 702 2480; x_wconf 80' lang='grc' dir='ltr'><strong>καὶ</strong></span> <span class='ocrx_word' id='word_1_338' title='bbox 743 2421 1044 2479; x_wconf 81' lang='grc' dir='ltr'>σπουδαίων</span> <span class='ocrx_word' id='word_1_339' title='bbox 1067 2462 1080 2485; x_wconf 94' lang='grc'><strong>,</strong></span> <span class='ocrx_word' id='word_1_340' title='bbox 1123 2421 1248 2480; x_wconf 69' lang='grc' dir='ltr'>τοὺς</span> <span class='ocrx_word' id='word_1_341' title='bbox 1279 2418 1338 2470; x_wconf 76' lang='grc' dir='ltr'><strong>δὲ</strong></span> <span class='ocrx_word' id='word_1_342' title='bbox 1371 2417 1598 2478; x_wconf 77' lang='grc' dir='ltr'>πολλοὺς</span> <span class='ocrx_word' id='word_1_343' title='bbox 1642 2415 1736 2468; x_wconf 74' lang='grc' dir='ltr'><strong>καὶ</strong></span> 
     </span>
    </p>
   </div>
   <div class='ocr_carea' id='block_1_44' title="bbox 180 2507 1743 2592">
    <p class='ocr_par' dir='ltr' id='par_1_44' title="bbox 180 2507 1743 2592">
     <span class='ocr_line' id='line_1_44' title="bbox 180 2507 1743 2592; baseline -0.012 -15"><span class='ocrx_word' id='word_1_344' title='bbox 180 2524 450 2592; x_wconf 83' lang='grc' dir='ltr'>ἀγελαίους</span> <span class='ocrx_word' id='word_1_345' title='bbox 478 2519 590 2590; x_wconf 77' lang='lat'><strong>(9.6)</strong></span> <span class='ocrx_word' id='word_1_346' title='bbox 621 2513 1049 2576; x_wconf 84' lang='grc' dir='ltr'>διαπλανῶντες,</span> <span class='ocrx_word' id='word_1_347' title='bbox 1077 2512 1172 2564; x_wconf 83' lang='grc' dir='ltr'>καὶ</span> <span class='ocrx_word' id='word_1_348' title='bbox 1211 2510 1378 2581; x_wconf 75' lang='grc' dir='ltr'>μηδὲν</span> <span class='ocrx_word' id='word_1_349' title='bbox 1409 2509 1569 2560; x_wconf 86' lang='grc' dir='ltr'>πλέον</span> <span class='ocrx_word' id='word_1_350' title='bbox 1600 2507 1743 2576; x_wconf 77' lang='grc' dir='ltr'>ἔχον-</span> 
     </span>
    </p>
   </div>
   <div class='ocr_carea' id='block_1_45' title="bbox 181 2596 1748 2675">
    <p class='ocr_par' dir='ltr' id='par_1_45' title="bbox 181 2596 1748 2675">
     <span class='ocr_line' id='line_1_45' title="bbox 181 2596 1748 2675; baseline -0.011 -11"><span class='ocrx_word' id='word_1_351' title='bbox 181 2627 270 2671; x_wconf 81' lang='grc' dir='ltr'><strong>τας</strong></span> <span class='ocrx_word' id='word_1_352' title='bbox 294 2605 694 2675; x_wconf 78' lang='grc' dir='ltr'>διασκέψασθαι</span> <span class='ocrx_word' id='word_1_353' title='bbox 723 2601 820 2656; x_wconf 80' lang='grc' dir='ltr'>τοῦ</span> <span class='ocrx_word' id='word_1_354' title='bbox 851 2601 1204 2670; x_wconf 76' lang='grc' dir='ltr'>φαινομένου.</span> <span class='ocrx_word' id='word_1_355' title='bbox 1245 2599 1308 2651; x_wconf 80' lang='grc' dir='ltr'><strong>Εἰ</strong></span> <span class='ocrx_word' id='word_1_356' title='bbox 1351 2597 1530 2649; x_wconf 81' lang='grc' dir='ltr'>τοίνυν</span> <span class='ocrx_word' id='word_1_357' title='bbox 1559 2596 1620 2648; x_wconf 75' lang='grc' dir='ltr'>τὸ</span> <span class='ocrx_word' id='word_1_358' title='bbox 1657 2612 1748 2647; x_wconf 91' lang='grc' dir='ltr'>κε-</span> 
     </span>
    </p>
   </div>
   <div class='ocr_carea' id='block_1_46' title="bbox 182 2686 1746 2768">
    <p class='ocr_par' dir='ltr' id='par_1_46' title="bbox 182 2686 1746 2768">
     <span class='ocr_line' id='line_1_46' title="bbox 182 2686 1746 2768; baseline -0.011 -14"><span class='ocrx_word' id='word_1_359' title='bbox 182 2700 376 2764; x_wconf 75' lang='grc' dir='ltr'>νόδοξον</span> <span class='ocrx_word' id='word_1_360' title='bbox 403 2698 644 2768; x_wconf 81' lang='grc' dir='ltr'>φαύλους</span> <span class='ocrx_word' id='word_1_361' title='bbox 675 2695 844 2760; x_wconf 84' lang='grc' dir='ltr'>ποιεῖ,</span> <span class='ocrx_word' id='word_1_362' title='bbox 873 2692 966 2744; x_wconf 75' lang='grc' dir='ltr'><strong>καὶ</strong></span> <span class='ocrx_word' id='word_1_363' title='bbox 998 2691 1098 2760; x_wconf 81' lang='grc' dir='ltr'>τὴν</span> <span class='ocrx_word' id='word_1_364' title='bbox 1121 2688 1181 2752; x_wconf 75' lang='grc' dir='ltr'>ἐξ</span> <span class='ocrx_word' id='word_1_365' title='bbox 1201 2686 1503 2758; x_wconf 82' lang='grc' dir='ltr'>ἀνθρώπων</span> <span class='ocrx_word' id='word_1_366' title='bbox 1527 2687 1746 2755; x_wconf 86' lang='grc' dir='ltr'>νέμεσιν</span> 
     </span>
    </p>
   </div>
   <div class='ocr_carea' id='block_1_47' title="bbox 183 2775 1749 2863">
    <p class='ocr_par' dir='ltr' id='par_1_47' title="bbox 183 2775 1749 2863">
     <span class='ocr_line' id='line_1_47' title="bbox 183 2775 1749 2863; baseline -0.011 -21"><span class='ocrx_word' id='word_1_367' title='bbox 183 2790 396 2860; x_wconf 76' lang='grc' dir='ltr'>ἐγείρει,</span> <span class='ocrx_word' id='word_1_368' title='bbox 439 2789 476 2863; x_wconf 81' lang='grc' dir='ltr'>ὴ</span> <span class='ocrx_word' id='word_1_369' title='bbox 510 2786 568 2838; x_wconf 83' lang='grc' dir='ltr'>δὲ</span> <span class='ocrx_word' id='word_1_370' title='bbox 615 2783 807 2836; x_wconf 87' lang='grc' dir='ltr'>τούτου</span> <span class='ocrx_word' id='word_1_371' title='bbox 855 2779 1003 2850; x_wconf 76' lang='grc' dir='ltr'>φυγὴ</span> <span class='ocrx_word' id='word_1_372' title='bbox 1035 2777 1297 2831; x_wconf 86' lang='grc' dir='ltr'>τάναντία</span> <span class='ocrx_word' id='word_1_373' title='bbox 1349 2776 1598 2845; x_wconf 81' lang='grc' dir='ltr'>πράττει,</span> <span class='ocrx_word' id='word_1_374' title='bbox 1653 2775 1749 2828; x_wconf 68' lang='grc' dir='ltr'><strong>καὶ</strong></span> 
     </span>
    </p>
   </div>
   <div class='ocr_carea' id='block_1_48' title="bbox 180 2867 1747 2946">
    <p class='ocr_par' dir='ltr' id='par_1_48' title="bbox 180 2867 1747 2946">
     <span class='ocr_line' id='line_1_48' title="bbox 180 2867 1747 2946; baseline -0.013 -9"><span class='ocrx_word' id='word_1_375' title='bbox 180 2882 298 2945; x_wconf 80' lang='grc' dir='ltr'>τοὺς</span> <span class='ocrx_word' id='word_1_376' title='bbox 315 2877 760 2946; x_wconf 76' lang='grc' dir='ltr'>ἐπιεικεστέρους</span> <span class='ocrx_word' id='word_1_377' title='bbox 781 2876 860 2936; x_wconf 84' lang='grc' dir='ltr'><strong>εἰς</strong></span> <span class='ocrx_word' id='word_1_378' title='bbox 875 2871 1182 2939; x_wconf 82' lang='grc' dir='ltr'>δοξολογίαν</span> <span class='ocrx_word' id='word_1_379' title='bbox 1205 2867 1338 2921; x_wconf 81' lang='grc' dir='ltr'>Θεοῦ</span> <span class='ocrx_word' id='word_1_380' title='bbox 1361 2867 1747 2938; x_wconf 84' lang='grc' dir='ltr'>παραπέμπει,</span> 
     </span>
    </p>
   </div>
   <div class='ocr_carea' id='block_1_49' title="bbox 183 2956 1750 3043">
    <p class='ocr_par' dir='ltr' id='par_1_49' title="bbox 183 2956 1750 3043">
     <span class='ocr_line' id='line_1_49' title="bbox 183 2956 1750 3043; baseline -0.011 -15"><span class='ocrx_word' id='word_1_381' title='bbox 183 2974 290 3034; x_wconf 80' lang='grc' dir='ltr'>πῶς</span> <span class='ocrx_word' id='word_1_382' title='bbox 320 2973 442 3043; x_wconf 77' lang='grc' dir='ltr'>οὐχὶ</span> <span class='ocrx_word' id='word_1_383' title='bbox 483 2967 810 3026; x_wconf 81' lang='grc' dir='ltr'>συστατικὸν</span> <span class='ocrx_word' id='word_1_384' title='bbox 837 2967 1155 3040; x_wconf 84' lang='grc' dir='ltr'>εὑρίσκεται</span> <span class='ocrx_word' id='word_1_385' title='bbox 1190 2961 1389 3031; x_wconf 83' lang='grc' dir='ltr'>μᾶλλον</span> <span class='ocrx_word' id='word_1_386' title='bbox 1409 2959 1504 3011; x_wconf 79' lang='grc' dir='ltr'><strong>τοῦ</strong></span> <span class='ocrx_word' id='word_1_387' title='bbox 1533 2958 1644 3027; x_wconf 70' lang='lat'><strong>(27)</strong></span> <span class='ocrx_word' id='word_1_388' title='bbox 1675 2956 1750 3027; x_wconf 82' lang='grc' dir='ltr'>μὴ</span> 
     </span>
    </p>
   </div>
   <div class='ocr_carea' id='block_1_50' title="bbox 1838 1766 3402 1838">
    <p class='ocr_par' dir='ltr' id='par_1_50' title="bbox 1838 1766 3402 1838">
     <span class='ocr_line' id='line_1_50' title="bbox 1838 1766 3402 1838; baseline -0.003 -14"><span class='ocrx_word' id='word_1_389' title='bbox 1838 1770 2187 1834; x_wconf 89' lang='lat' dir='ltr'><strong>bensionem,</strong></span> <span class='ocrx_word' id='word_1_390' title='bbox 2246 1783 2367 1838; x_wconf 74' lang='lat' dir='ltr'><strong>qua:</strong></span> <span class='ocrx_word' id='word_1_391' title='bbox 2393 1768 2635 1836; x_wconf 85' lang='lat' dir='ltr'><strong>alioquin</strong></span> <span class='ocrx_word' id='word_1_392' title='bbox 2671 1783 2731 1820; x_wconf 80' lang='lat' dir='ltr'><strong>ex</strong></span> <span class='ocrx_word' id='word_1_393' title='bbox 2786 1767 2950 1821; x_wconf 84' lang='lat' dir='ltr'><strong>rebus</strong></span> <span class='ocrx_word' id='word_1_394' title='bbox 2981 1766 3259 1837; x_wconf 81' lang='lat' dir='ltr'><strong>praeclaris</strong></span> <span class='ocrx_word' id='word_1_395' title='bbox 3295 1779 3402 1820; x_wconf 90' lang='lat' dir='ltr'><strong>non</strong></span> 
     </span>
    </p>
   </div>
   <div class='ocr_carea' id='block_1_51' title="bbox 1837 1856 3409 1928">
    <p class='ocr_par' dir='ltr' id='par_1_51' title="bbox 1837 1856 3409 1928">
     <span class='ocr_line' id='line_1_51' title="bbox 1837 1856 3409 1928; baseline -0.004 -12"><span class='ocrx_word' id='word_1_396' title='bbox 1837 1864 2102 1928; x_wconf 84' lang='lat' dir='ltr'><strong>nascitur,</strong></span> <span class='ocrx_word' id='word_1_397' title='bbox 2153 1862 2357 1916; x_wconf 86' lang='lat' dir='ltr'><strong>excitat</strong></span> <span class='ocrx_word' id='word_1_398' title='bbox 2387 1879 2402 1915; x_wconf 91' lang='lat'><strong>:</strong></span> <span class='ocrx_word' id='word_1_399' title='bbox 2433 1876 2587 1914; x_wconf 61' lang='lat' dir='ltr'><strong>vanae</strong></span> <span class='ocrx_word' id='word_1_400' title='bbox 2615 1875 2742 1918; x_wconf 82' lang='lat' dir='ltr'><strong>vero</strong></span> <span class='ocrx_word' id='word_1_401' title='bbox 2774 1859 2959 1928; x_wconf 67' lang='lat' dir='ltr'><strong>gloriae</strong></span> <span class='ocrx_word' id='word_1_402' title='bbox 3001 1856 3126 1925; x_wconf 70' lang='lat' dir='ltr'><strong>fuga</strong></span> <span class='ocrx_word' id='word_1_403' title='bbox 3154 1869 3207 1911; x_wconf 87' lang='lat' dir='ltr'><strong>et</strong></span> <span class='ocrx_word' id='word_1_404' title='bbox 3235 1857 3409 1915; x_wconf 84' lang='lat' dir='ltr'><strong>virtus</strong></span> 
     </span>
    </p>
   </div>
   <div class='ocr_carea' id='block_1_52' title="bbox 1838 1946 3408 2020">
    <p class='ocr_par' dir='ltr' id='par_1_52' title="bbox 1838 1946 3408 2020">
     <span class='ocr_line' id='line_1_52' title="bbox 1838 1946 3408 2020; baseline -0.006 -12"><span class='ocrx_word' id='word_1_405' title='bbox 1838 1965 1940 2020; x_wconf 83' lang='lat' dir='ltr'><strong>est,</strong></span> <span class='ocrx_word' id='word_1_406' title='bbox 1995 1964 2050 2008; x_wconf 85' lang='lat' dir='ltr'><strong>et</strong></span> <span class='ocrx_word' id='word_1_407' title='bbox 2103 1955 2366 2007; x_wconf 90' lang='lat' dir='ltr'><strong>honestos</strong></span> <span class='ocrx_word' id='word_1_408' title='bbox 2412 1953 2588 2014; x_wconf 89' lang='lat' dir='ltr'><strong>decet,</strong></span> <span class='ocrx_word' id='word_1_409' title='bbox 2647 1950 3012 2018; x_wconf 87' lang='lat' dir='ltr'><strong>cordatosque</strong></span> <span class='ocrx_word' id='word_1_410' title='bbox 3063 1947 3312 2001; x_wconf 89' lang='lat' dir='ltr'><strong>homines</strong></span> <span class='ocrx_word' id='word_1_411' title='bbox 3342 1946 3408 2000; x_wconf 89' lang='lat' dir='ltr'><strong>ad</strong></span> 
     </span>
    </p>
   </div>
   <div class='ocr_carea' id='block_1_53' title="bbox 1840 2039 3410 2116">
    <p class='ocr_par' dir='ltr' id='par_1_53' title="bbox 1840 2039 3410 2116">
     <span class='ocr_line' id='line_1_53' title="bbox 1840 2039 3410 2116; baseline -0.006 -16"><span class='ocrx_word' id='word_1_412' title='bbox 1840 2047 2041 2116; x_wconf 74' lang='lat' dir='ltr'><strong>gratias</strong></span> <span class='ocrx_word' id='word_1_413' title='bbox 2068 2045 2175 2100; x_wconf 89' lang='lat' dir='ltr'><strong>Deo</strong></span> <span class='ocrx_word' id='word_1_414' title='bbox 2201 2044 2437 2114; x_wconf 79' lang='lat' dir='ltr'><strong>agendas</strong></span> <span class='ocrx_word' id='word_1_415' title='bbox 2476 2053 2774 2111; x_wconf 86' lang='lat' dir='ltr'><strong>permovet,</strong></span> <span class='ocrx_word' id='word_1_416' title='bbox 2810 2039 3029 2110; x_wconf 86' lang='lat' dir='ltr'><strong>quando</strong></span> <span class='ocrx_word' id='word_1_417' title='bbox 3055 2039 3410 2092; x_wconf 89' lang='lat' dir='ltr'><strong>ambitionem</strong></span> 
     </span>
    </p>
   </div>
   <div class='ocr_carea' id='block_1_54' title="bbox 1842 2129 3411 2202">
    <p class='ocr_par' dir='ltr' id='par_1_54' title="bbox 1842 2129 3411 2202">
     <span class='ocr_line' id='line_1_54' title="bbox 1842 2129 3411 2202; baseline -0.008 -9"><span class='ocrx_word' id='word_1_418' title='bbox 1842 2138 2140 2202; x_wconf 86' lang='lat' dir='ltr'><strong>contemni,</strong></span> <span class='ocrx_word' id='word_1_419' title='bbox 2187 2138 2446 2191; x_wconf 78' lang='lat' dir='ltr'><strong>virtutem</strong></span> <span class='ocrx_word' id='word_1_420' title='bbox 2485 2150 2618 2190; x_wconf 86' lang='lat' dir='ltr'><strong>vero</strong></span> <span class='ocrx_word' id='word_1_421' title='bbox 2666 2135 2720 2187; x_wconf 92' lang='lat' dir='ltr'><strong>in</strong></span> <span class='ocrx_word' id='word_1_422' title='bbox 2767 2133 2940 2202; x_wconf 90' lang='lat' dir='ltr'><strong>pretio</strong></span> <span class='ocrx_word' id='word_1_423' title='bbox 2987 2130 3174 2185; x_wconf 87' lang='lat' dir='ltr'><strong>haberi</strong></span> <span class='ocrx_word' id='word_1_424' title='bbox 3209 2129 3411 2182; x_wconf 85' lang='lat' dir='ltr'><strong>vident.</strong></span> 
     </span>
    </p>
   </div>
   <div class='ocr_carea' id='block_1_55' title="bbox 1843 2220 3414 2298">
    <p class='ocr_par' dir='ltr' id='par_1_55' title="bbox 1843 2220 3414 2298">
     <span class='ocr_line' id='line_1_55' title="bbox 1843 2220 3414 2298; baseline -0.01 -12"><span class='ocrx_word' id='word_1_425' title='bbox 1843 2231 2126 2298; x_wconf 79' lang='lat' dir='ltr'><strong>Quomodo</strong></span> <span class='ocrx_word' id='word_1_426' title='bbox 2160 2230 2342 2297; x_wconf 84' lang='lat' dir='ltr'><strong>itaque</strong></span> <span class='ocrx_word' id='word_1_427' title='bbox 2361 2235 2698 2282; x_wconf 87' lang='lat' dir='ltr'><strong>ostentantes</strong></span> <span class='ocrx_word' id='word_1_428' title='bbox 2725 2240 2783 2279; x_wconf 89' lang='lat' dir='ltr'><strong>se</strong></span> <span class='ocrx_word' id='word_1_429' title='bbox 2808 2224 3036 2295; x_wconf 76' lang='lat' dir='ltr'><strong>gloriam</strong></span> <span class='ocrx_word' id='word_1_430' title='bbox 3065 2222 3132 2275; x_wconf 87' lang='lat' dir='ltr'><strong>ab</strong></span> <span class='ocrx_word' id='word_1_431' title='bbox 3173 2220 3382 2274; x_wconf 81' lang='lat' dir='ltr'><strong>homini</strong></span> <span class='ocrx_word' id='word_1_432' title='bbox 3401 2249 3414 2261; x_wconf 71' lang='grc' dir='ltr'><strong>ι</strong></span> 
     </span>
    </p>
   </div>
   <div class='ocr_carea' id='block_1_56' title="bbox 1844 2310 3416 2388">
    <p class='ocr_par' dir='ltr' id='par_1_56' title="bbox 1844 2310 3416 2388">
     <span class='ocr_line' id='line_1_56' title="bbox 1844 2310 3416 2388; baseline -0.009 -11"><span class='ocrx_word' id='word_1_433' title='bbox 1844 2323 1949 2377; x_wconf 91' lang='lat' dir='ltr'><strong>bus</strong></span> <span class='ocrx_word' id='word_1_434' title='bbox 2014 2329 2392 2388; x_wconf 87' lang='lat' dir='ltr'><strong>aucupantur,</strong></span> <span class='ocrx_word' id='word_1_435' title='bbox 2457 2318 2603 2372; x_wconf 90' lang='lat' dir='ltr'><strong>unde</strong></span> <span class='ocrx_word' id='word_1_436' title='bbox 2662 2315 2994 2370; x_wconf 85' lang='lat' dir='ltr'><strong>contumelia</strong></span> <span class='ocrx_word' id='word_1_437' title='bbox 3054 2313 3238 2386; x_wconf 90' lang='lat' dir='ltr'><strong>potius</strong></span> <span class='ocrx_word' id='word_1_438' title='bbox 3308 2310 3416 2364; x_wconf 88' lang='lat' dir='ltr'><strong>illis</strong></span> 
     </span>
    </p>
   </div>
   <div class='ocr_carea' id='block_1_57' title="bbox 1845 2399 3418 2481">
    <p class='ocr_par' dir='ltr' id='par_1_57' title="bbox 1845 2399 3418 2481">
     <span class='ocr_line' id='line_1_57' title="bbox 1845 2399 3418 2481; baseline -0.011 -11"><span class='ocrx_word' id='word_1_439' title='bbox 1845 2414 2130 2470; x_wconf 69' lang='lat' dir='ltr'><strong>nascitur?</strong></span> <span class='ocrx_word' id='word_1_440' title='bbox 2193 2410 2262 2465; x_wconf 89' lang='lat' dir='ltr'><strong>Et</strong></span> <span class='ocrx_word' id='word_1_441' title='bbox 2292 2409 2566 2481; x_wconf 90' lang='lat' dir='ltr'><strong>quomodo</strong></span> <span class='ocrx_word' id='word_1_442' title='bbox 2594 2407 2842 2462; x_wconf 86' lang='lat' dir='ltr'><strong>referunt</strong></span> <span class='ocrx_word' id='word_1_443' title='bbox 2874 2405 3176 2459; x_wconf 86' lang='lat' dir='ltr'><strong>mercedem</strong></span> <span class='ocrx_word' id='word_1_444' title='bbox 3221 2399 3418 2458; x_wconf 83' lang='lat' dir='ltr'><strong>suam?</strong></span> 
     </span>
    </p>
   </div>
   <div class='ocr_carea' id='block_1_58' title="bbox 1845 2491 3421 2565">
    <p class='ocr_par' dir='ltr' id='par_1_58' title="bbox 1845 2491 3421 2565">
     <span class='ocr_line' id='line_1_58' title="bbox 1845 2491 3421 2565; baseline -0.01 -5"><span class='ocrx_word' id='word_1_445' title='bbox 1845 2521 1954 2560; x_wconf 89' lang='lat' dir='ltr'><strong>non</strong></span> <span class='ocrx_word' id='word_1_446' title='bbox 1986 2518 2119 2559; x_wconf 89' lang='lat' dir='ltr'><strong>sane</strong></span> <span class='ocrx_word' id='word_1_447' title='bbox 2145 2502 2214 2556; x_wconf 90' lang='lat' dir='ltr'><strong>ab</strong></span> <span class='ocrx_word' id='word_1_448' title='bbox 2249 2501 2585 2565; x_wconf 89' lang='lat' dir='ltr'><strong>hominibus,</strong></span> <span class='ocrx_word' id='word_1_449' title='bbox 2621 2499 2731 2552; x_wconf 89' lang='lat' dir='ltr'><strong>Deo</strong></span> <span class='ocrx_word' id='word_1_450' title='bbox 2763 2496 2946 2552; x_wconf 89' lang='lat' dir='ltr'><strong>charis</strong></span> <span class='ocrx_word' id='word_1_451' title='bbox 2972 2505 3025 2550; x_wconf 91' lang='lat' dir='ltr'><strong>et</strong></span> <span class='ocrx_word' id='word_1_452' title='bbox 3057 2494 3280 2548; x_wconf 83' lang='lat' dir='ltr'><strong>virtutis</strong></span> <span class='ocrx_word' id='word_1_453' title='bbox 3306 2491 3421 2546; x_wconf 59' lang='lat' dir='ltr'><strong>cule</strong></span> 
     </span>
    </p>
   </div>
   <div class='ocr_carea' id='block_1_59' title="bbox 1848 2587 3420 2663">
    <p class='ocr_par' dir='ltr' id='par_1_59' title="bbox 1848 2587 3420 2663">
     <span class='ocr_line' id='line_1_59' title="bbox 1848 2587 3420 2663; baseline -0.007 -12"><span class='ocrx_word' id='word_1_454' title='bbox 1848 2596 2078 2659; x_wconf 85' lang='lat' dir='ltr'><strong>toribus,</strong></span> <span class='ocrx_word' id='word_1_455' title='bbox 2133 2594 2225 2649; x_wconf 86' lang='lat' dir='ltr'><strong>sed</strong></span> <span class='ocrx_word' id='word_1_456' title='bbox 2252 2608 2283 2647; x_wconf 87' lang='lat' dir='ltr'><strong>a</strong></span> <span class='ocrx_word' id='word_1_457' title='bbox 2316 2594 2479 2663; x_wconf 81' lang='lat' dir='ltr'><strong>vulgo</strong></span> <span class='ocrx_word' id='word_1_458' title='bbox 2502 2602 2556 2646; x_wconf 89' lang='lat' dir='ltr'><strong>et</strong></span> <span class='ocrx_word' id='word_1_459' title='bbox 2591 2591 2854 2662; x_wconf 78' lang='lat' dir='ltr'><strong>gregariis</strong></span> <span class='ocrx_word' id='word_1_460' title='bbox 2885 2587 3221 2650; x_wconf 86' lang='lat' dir='ltr'><strong>hominibus,</strong></span> <span class='ocrx_word' id='word_1_461' title='bbox 3258 2599 3420 2655; x_wconf 87' lang='lat' dir='ltr'><strong>quos,</strong></span> 
     </span>
    </p>
   </div>
   <div class='ocr_carea' id='block_1_60' title="bbox 1851 2678 3423 2758">
    <p class='ocr_par' dir='ltr' id='par_1_60' title="bbox 1851 2678 3423 2758">
     <span class='ocr_line' id='line_1_60' title="bbox 1851 2678 3423 2758; baseline -0.008 -15"><span class='ocrx_word' id='word_1_462' title='bbox 1851 2698 2109 2758; x_wconf 87' lang='lat' dir='ltr'><strong>tanquam</strong></span> <span class='ocrx_word' id='word_1_463' title='bbox 2142 2695 2363 2741; x_wconf 82' lang='lat' dir='ltr'><strong>externa</strong></span> <span class='ocrx_word' id='word_1_464' title='bbox 2406 2692 2618 2738; x_wconf 90' lang='lat' dir='ltr'><strong>tantum</strong></span> <span class='ocrx_word' id='word_1_465' title='bbox 2659 2683 2909 2753; x_wconf 89' lang='lat' dir='ltr'><strong>judicare</strong></span> <span class='ocrx_word' id='word_1_466' title='bbox 2958 2684 3223 2744; x_wconf 87' lang='lat' dir='ltr'><strong>valentes,</strong></span> <span class='ocrx_word' id='word_1_467' title='bbox 3272 2678 3423 2733; x_wconf 73' lang='lat' dir='ltr'><strong>deci—</strong></span> 
     </span>
    </p>
   </div>
   <div class='ocr_carea' id='block_1_61' title="bbox 1850 2770 3422 2850">
    <p class='ocr_par' dir='ltr' id='par_1_61' title="bbox 1850 2770 3422 2850">
     <span class='ocr_line' id='line_1_61' title="bbox 1850 2770 3422 2850; baseline -0.006 -17"><span class='ocrx_word' id='word_1_468' title='bbox 1850 2783 2032 2850; x_wconf 85' lang='lat' dir='ltr'><strong>piunt.</strong></span> <span class='ocrx_word' id='word_1_469' title='bbox 2102 2777 2258 2844; x_wconf 84' lang='lat' dir='ltr'><strong>Quod</strong></span> <span class='ocrx_word' id='word_1_470' title='bbox 2319 2777 2365 2831; x_wconf 88' lang='lat' dir='ltr'><strong>si</strong></span> <span class='ocrx_word' id='word_1_471' title='bbox 2427 2779 2608 2845; x_wconf 89' lang='lat' dir='ltr'><strong>itaque</strong></span> <span class='ocrx_word' id='word_1_472' title='bbox 2649 2789 2803 2828; x_wconf 69' lang='lat' dir='ltr'><strong>vana:</strong></span> <span class='ocrx_word' id='word_1_473' title='bbox 2835 2773 3022 2843; x_wconf 70' lang='lat' dir='ltr'><strong>gloria:</strong></span> <span class='ocrx_word' id='word_1_474' title='bbox 3051 2772 3295 2827; x_wconf 87' lang='lat' dir='ltr'><strong>studium</strong></span> <span class='ocrx_word' id='word_1_475' title='bbox 3320 2770 3422 2824; x_wconf 89' lang='lat' dir='ltr'><strong>ho-</strong></span> 
     </span>
    </p>
   </div>
   <div class='ocr_carea' id='block_1_62' title="bbox 1852 2863 3424 2934">
    <p class='ocr_par' dir='ltr' id='par_1_62' title="bbox 1852 2863 3424 2934">
     <span class='ocr_line' id='line_1_62' title="bbox 1852 2863 3424 2934; baseline -0.006 -10"><span class='ocrx_word' id='word_1_476' title='bbox 1852 2870 2028 2924; x_wconf 89' lang='lat' dir='ltr'><strong>mines</strong></span> <span class='ocrx_word' id='word_1_477' title='bbox 2062 2869 2235 2923; x_wconf 91' lang='lat' dir='ltr'><strong>malos</strong></span> <span class='ocrx_word' id='word_1_478' title='bbox 2267 2866 2446 2931; x_wconf 78' lang='lat' dir='ltr'><strong>eﬂicit,</strong></span> <span class='ocrx_word' id='word_1_479' title='bbox 2484 2867 2878 2934; x_wconf 81' lang='lat' dir='ltr'><strong>hominumque</strong></span> <span class='ocrx_word' id='word_1_480' title='bbox 2917 2863 3176 2916; x_wconf 71' lang='lat' dir='ltr'><strong>invidiam</strong></span> <span class='ocrx_word' id='word_1_481' title='bbox 3224 2863 3424 2928; x_wconf 88' lang='lat' dir='ltr'><strong>irritat,</strong></span> 
     </span>
    </p>
   </div>
   <div class='ocr_carea' id='block_1_63' title="bbox 1852 2955 3425 3030">
    <p class='ocr_par' dir='ltr' id='par_1_63' title="bbox 1852 2955 3425 3030">
     <span class='ocr_line' id='line_1_63' title="bbox 1852 2955 3425 3030; baseline -0.004 -16"><span class='ocrx_word' id='word_1_482' title='bbox 1852 2961 2093 3028; x_wconf 87' lang='lat' dir='ltr'><strong>ejusdem</strong></span> <span class='ocrx_word' id='word_1_483' title='bbox 2121 2975 2248 3014; x_wconf 87' lang='lat' dir='ltr'><strong>vero</strong></span> <span class='ocrx_word' id='word_1_484' title='bbox 2275 2959 2402 3030; x_wconf 81' lang='lat' dir='ltr'><strong>fuga</strong></span> <span class='ocrx_word' id='word_1_485' title='bbox 2441 2959 2623 3012; x_wconf 90' lang='lat' dir='ltr'><strong>omnia</strong></span> <span class='ocrx_word' id='word_1_486' title='bbox 2655 2957 2759 3011; x_wconf 90' lang='lat' dir='ltr'><strong>alia</strong></span> <span class='ocrx_word' id='word_1_487' title='bbox 2788 2956 3066 3017; x_wconf 88' lang='lat' dir='ltr'><strong>conciliat,</strong></span> <span class='ocrx_word' id='word_1_488' title='bbox 3096 2963 3150 3008; x_wconf 83' lang='lat' dir='ltr'><strong>et.</strong></span> <span class='ocrx_word' id='word_1_489' title='bbox 3191 2955 3425 3025; x_wconf 86' lang='lat' dir='ltr'><strong>optimos</strong></span> 
     </span>
    </p>
   </div>
   <div class='ocr_carea' id='block_1_64' title="bbox 182 3039 1740 3130">
    <p class='ocr_par' dir='ltr' id='par_1_64' title="bbox 182 3039 1740 3130">
     <span class='ocr_line' id='line_1_64' title="bbox 182 3039 1740 3130; baseline -0.015 -8"><span class='ocrx_word' id='word_1_490' title='bbox 182 3039 603 3126; x_wconf 72' lang='grc' dir='ltr'>ἐπιδείκνυσθαι,</span> <span class='ocrx_word' id='word_1_491' title='bbox 625 3059 759 3130; x_wconf 81' lang='grc' dir='ltr'>μηδὲ</span> <span class='ocrx_word' id='word_1_492' title='bbox 779 3055 1077 3126; x_wconf 78' lang='grc' dir='ltr'>κενοδοξεῖν</span> <span class='ocrx_word' id='word_1_493' title='bbox 1099 3055 1160 3105; x_wconf 87' lang='grc' dir='ltr'><strong>τό</strong></span> <span class='ocrx_word' id='word_1_494' title='bbox 1180 3070 1193 3082; x_wconf 91' lang='grc'><strong>·</strong></span> <span class='ocrx_word' id='word_1_495' title='bbox 1223 3071 1240 3103; x_wconf 78' lang='grc' dir='ltr'><strong>ι</strong></span> <span class='ocrx_word' id='word_1_496' title='bbox 1277 3051 1462 3114; x_wconf 79' lang='grc' dir='ltr'>Οὕτως</span> <span class='ocrx_word' id='word_1_497' title='bbox 1483 3048 1740 3118; x_wconf 76' lang='grc' dir='ltr'>λαμψάτα</span> 
     </span>
    </p>
   </div>
   <div class='ocr_carea' id='block_1_65' title="bbox 1846 3039 3425 3130">
    <p class='ocr_par' dir='ltr' id='par_1_65' title="bbox 1855 3048 3425 3121">
     <span class='ocr_line' id='line_1_65' title="bbox 1855 3048 3425 3121; baseline -0.003 -16"><span class='ocrx_word' id='word_1_498' title='bbox 1855 3067 2101 3121; x_wconf 86' lang='lat' dir='ltr'><strong>quosque</strong></span> <span class='ocrx_word' id='word_1_499' title='bbox 2133 3052 2196 3105; x_wconf 87' lang='lat' dir='ltr'><strong>ad</strong></span> <span class='ocrx_word' id='word_1_500' title='bbox 2251 3051 2420 3104; x_wconf 80' lang='lat' dir='ltr'><strong>divini</strong></span> <span class='ocrx_word' id='word_1_501' title='bbox 2459 3049 2710 3103; x_wconf 89' lang='lat' dir='ltr'><strong>Numinis</strong></span> <span class='ocrx_word' id='word_1_502' title='bbox 2741 3049 2949 3102; x_wconf 89' lang='lat' dir='ltr'><strong>laudem</strong></span> <span class='ocrx_word' id='word_1_503' title='bbox 2979 3048 3189 3110; x_wconf 88' lang='lat' dir='ltr'><strong>incitat,</strong></span> <span class='ocrx_word' id='word_1_504' title='bbox 3245 3061 3425 3101; x_wconf 87' lang='lat' dir='ltr'><strong>nonne</strong></span> 
     </span>
    </p>
   </div>
   <div class='ocr_carea' id='block_1_66' title="bbox 180 3143 1466 3226">
    <p class='ocr_par' dir='ltr' id='par_1_66' title="bbox 180 3143 1466 3226">
     <span class='ocr_line' id='line_1_66' title="bbox 180 3143 1466 3226; baseline -0.013 -15"><span class='ocrx_word' id='word_1_505' title='bbox 180 3156 237 3216; x_wconf 75' lang='grc' dir='ltr'>τὸ</span> <span class='ocrx_word' id='word_1_506' title='bbox 265 3157 376 3226; x_wconf 81' lang='grc' dir='ltr'><strong>φῶς</strong></span> <span class='ocrx_word' id='word_1_507' title='bbox 399 3155 558 3224; x_wconf 79' lang='grc' dir='ltr'>ὑμῶν</span> <span class='ocrx_word' id='word_1_508' title='bbox 589 3149 898 3223; x_wconf 77' lang='grc' dir='ltr'>ἔμπροσθεν</span> <span class='ocrx_word' id='word_1_509' title='bbox 924 3148 1031 3200; x_wconf 81' lang='grc' dir='ltr'>τῶν</span> <span class='ocrx_word' id='word_1_510' title='bbox 1061 3143 1366 3216; x_wconf 81' lang='grc' dir='ltr'>ἀνθρώπων</span> <span class='ocrx_word' id='word_1_511' title='bbox 1391 3159 1406 3207; x_wconf 92' lang='grc'>;</span> <span class='ocrx_word' id='word_1_512' title='bbox 1445 3162 1466 3195; x_wconf 70' lang='grc' dir='ltr'><strong>ι</strong></span> 
     </span>
    </p>
   </div>
   <div class='ocr_carea' id='block_1_67' title="bbox 1857 3140 3426 3211">
    <p class='ocr_par' dir='ltr' id='par_1_67' title="bbox 1857 3140 3426 3211">
     <span class='ocr_line' id='line_1_67' title="bbox 1857 3140 3426 3211; baseline -0.004 -16"><span class='ocrx_word' id='word_1_513' title='bbox 1857 3143 2060 3196; x_wconf 90' lang='lat' dir='ltr'><strong>dictum</strong></span> <span class='ocrx_word' id='word_1_514' title='bbox 2108 3143 2239 3197; x_wconf 86' lang='lat' dir='ltr'><strong>illud</strong></span> <span class='ocrx_word' id='word_1_515' title='bbox 2295 3161 2309 3194; x_wconf 85' lang='lat'>:</span> <span class='ocrx_word' id='word_1_516' title='bbox 2374 3141 2496 3196; x_wconf 73' lang='lat' dir='ltr'><strong>clta</strong></span> <span class='ocrx_word' id='word_1_517' title='bbox 2531 3140 2807 3211; x_wconf 83' lang='lat' dir='ltr'><strong>splendeat</strong></span> <span class='ocrx_word' id='word_1_518' title='bbox 2865 3141 2956 3193; x_wconf 78' lang='lat' dir='ltr'><strong>lux</strong></span> <span class='ocrx_word' id='word_1_519' title='bbox 3006 3150 3190 3193; x_wconf 85' lang='lat' dir='ltr'><strong>vestra</strong></span> <span class='ocrx_word' id='word_1_520' title='bbox 3239 3153 3426 3192; x_wconf 90' lang='lat' dir='ltr'><strong>coram</strong></span> 
     </span>
    </p>
   </div>
   <div class='ocr_carea' id='block_1_68' title="bbox 184 3235 3427 3316">
    <p class='ocr_par' dir='ltr' id='par_1_68' title="bbox 184 3235 3427 3316">
     <span class='ocr_line' id='line_1_68' title="bbox 184 3235 3427 3316; baseline -0.006 -9"><span class='ocrx_word' id='word_1_521' title='bbox 184 3252 579 3316; x_wconf 50' lang='lat' dir='ltr'><strong>hominibus“</strong></span> <span class='ocrx_word' id='word_1_522' title='bbox 644 3243 1027 3303; x_wconf 87' lang='lat' dir='ltr'><strong>commendare</strong></span> <span class='ocrx_word' id='word_1_523' title='bbox 1067 3242 1172 3295; x_wconf 85' lang='lat' dir='ltr'><strong>hoc</strong></span> <span class='ocrx_word' id='word_1_524' title='bbox 1254 3241 1310 3294; x_wconf 90' lang='lat' dir='ltr'><strong>in</strong></span> <span class='ocrx_word' id='word_1_525' title='bbox 1360 3239 1554 3312; x_wconf 84' lang='lat' dir='ltr'><strong>primis</strong></span> <span class='ocrx_word' id='word_1_526' title='bbox 1629 3236 2055 3303; x_wconf 75' lang='lat' dir='ltr'><strong>existimabitur,</strong></span> <span class='ocrx_word' id='word_1_527' title='bbox 2122 3255 2191 3295; x_wconf 92' lang='lat' dir='ltr'><strong>ne</strong></span> <span class='ocrx_word' id='word_1_528' title='bbox 2263 3240 2386 3315; x_wconf 88' lang='lat' dir='ltr'><strong>quis</strong></span> <span class='ocrx_word' id='word_1_529' title='bbox 2465 3253 2524 3293; x_wconf 80' lang='lat' dir='ltr'><strong>se</strong></span> <span class='ocrx_word' id='word_1_530' title='bbox 2579 3246 2814 3292; x_wconf 87' lang='lat' dir='ltr'><strong>ostentet</strong></span> <span class='ocrx_word' id='word_1_531' title='bbox 2865 3247 2920 3290; x_wconf 91' lang='lat' dir='ltr'><strong>et</strong></span> <span class='ocrx_word' id='word_1_532' title='bbox 2960 3251 3156 3291; x_wconf 86' lang='lat' dir='ltr'><strong>vanam</strong></span> <span class='ocrx_word' id='word_1_533' title='bbox 3200 3235 3427 3307; x_wconf 78' lang='lat' dir='ltr'><strong>gloriam</strong></span> 
     </span>
    </p>
   </div>
   <div class='ocr_carea' id='block_1_69' title="bbox 183 3340 518 3414">
    <p class='ocr_par' dir='ltr' id='par_1_69' title="bbox 183 3340 518 3414">
     <span class='ocr_line' id='line_1_69' title="bbox 183 3340 518 3414; baseline -0.021 -14"><span class='ocrx_word' id='word_1_534' title='bbox 183 3340 518 3414; x_wconf 76' lang='lat' dir='ltr'><strong>aucupetur?</strong></span> 
     </span>
    </p>
   </div>
   <div class='ocr_carea' id='block_1_70' title="bbox 257 3426 1747 3511">
    <p class='ocr_par' dir='ltr' id='par_1_70' title="bbox 257 3426 1747 3511">
     <span class='ocr_line' id='line_1_70' title="bbox 257 3426 1747 3511; baseline -0.015 -11"><span class='ocrx_word' id='word_1_535' title='bbox 257 3446 417 3500; x_wconf 76' lang='grc' dir='ltr'>’Δλλὰ</span> <span class='ocrx_word' id='word_1_536' title='bbox 443 3443 563 3506; x_wconf 78' lang='grc' dir='ltr'><strong>πῶς</strong></span> <span class='ocrx_word' id='word_1_537' title='bbox 595 3442 798 3511; x_wconf 76' lang='grc' dir='ltr'>λάμψει</span> <span class='ocrx_word' id='word_1_538' title='bbox 829 3439 891 3491; x_wconf 81' lang='grc' dir='ltr'><strong>τὸ</strong></span> <span class='ocrx_word' id='word_1_539' title='bbox 921 3438 1035 3506; x_wconf 81' lang='grc' dir='ltr'><strong>φῶς</strong></span> <span class='ocrx_word' id='word_1_540' title='bbox 1069 3433 1380 3506; x_wconf 81' lang='grc' dir='ltr'>ἔμπροσθεν</span> <span class='ocrx_word' id='word_1_541' title='bbox 1404 3429 1514 3484; x_wconf 85' lang='grc' dir='ltr'><strong>τῶν</strong></span> <span class='ocrx_word' id='word_1_542' title='bbox 1536 3426 1747 3496; x_wconf 65' lang='grc' dir='ltr'>ἀνθρώ.</span> 
     </span>
    </p>
   </div>
   <div class='ocr_carea' id='block_1_71' title="bbox 182 3522 1747 3609">
    <p class='ocr_par' dir='ltr' id='par_1_71' title="bbox 182 3522 1747 3609">
     <span class='ocr_line' id='line_1_71' title="bbox 182 3522 1747 3609; baseline -0.014 -17"><span class='ocrx_word' id='word_1_543' title='bbox 182 3555 313 3603; x_wconf 83' lang='grc' dir='ltr'>πων,</span> <span class='ocrx_word' id='word_1_544' title='bbox 347 3537 518 3609; x_wconf 80' lang='grc' dir='ltr'>μηδὲν</span> <span class='ocrx_word' id='word_1_545' title='bbox 555 3534 663 3586; x_wconf 80' lang='grc' dir='ltr'>τῶν</span> <span class='ocrx_word' id='word_1_546' title='bbox 691 3535 747 3585; x_wconf 85' lang='grc' dir='ltr'><strong>ὲν</strong></span> <span class='ocrx_word' id='word_1_547' title='bbox 771 3533 950 3602; x_wconf 81' lang='grc' dir='ltr'>κρυφῇ</span> <span class='ocrx_word' id='word_1_548' title='bbox 985 3526 1378 3601; x_wconf 82' lang='grc' dir='ltr'>πραττομένων</span> <span class='ocrx_word' id='word_1_549' title='bbox 1420 3522 1747 3584; x_wconf 85' lang='grc' dir='ltr'>συνιέντων;</span> 
     </span>
    </p>
   </div>
   <div class='ocr_carea' id='block_1_72' title="bbox 182 3613 1750 3703">
    <p class='ocr_par' dir='ltr' id='par_1_72' title="bbox 182 3613 1750 3703">
     <span class='ocr_line' id='line_1_72' title="bbox 182 3613 1750 3703; baseline -0.014 -18"><span class='ocrx_word' id='word_1_550' title='bbox 182 3631 409 3703; x_wconf 78' lang='grc' dir='ltr'>Εἴρηται</span> <span class='ocrx_word' id='word_1_551' title='bbox 445 3629 546 3700; x_wconf 79' lang='grc' dir='ltr'>μὲν</span> <span class='ocrx_word' id='word_1_552' title='bbox 575 3628 697 3698; x_wconf 68' lang='grc' dir='ltr'>ἤδη.</span> <span class='ocrx_word' id='word_1_553' title='bbox 725 3625 872 3694; x_wconf 84' lang='grc' dir='ltr'><strong>Πλὴν</strong></span> <span class='ocrx_word' id='word_1_554' title='bbox 895 3622 1040 3676; x_wconf 74' lang='grc' dir='ltr'>οὕτω</span> <span class='ocrx_word' id='word_1_555' title='bbox 1068 3619 1290 3694; x_wconf 83' lang='grc' dir='ltr'>μᾶλλον.</span> <span class='ocrx_word' id='word_1_556' title='bbox 1322 3617 1382 3668; x_wconf 86' lang='grc' dir='ltr'><strong>Ὀ</strong></span> <span class='ocrx_word' id='word_1_557' title='bbox 1405 3614 1513 3683; x_wconf 82' lang='grc' dir='ltr'><strong>γὰρ</strong></span> <span class='ocrx_word' id='word_1_558' title='bbox 1541 3613 1750 3703; x_wconf 73' lang='grc' dir='ltr'>βλέπων</span> 
     </span>
    </p>
   </div>
   <div class='ocr_carea' id='block_1_73' title="bbox 183 3699 1752 3791">
    <p class='ocr_par' dir='ltr' id='par_1_73' title="bbox 183 3699 1752 3791">
     <span class='ocr_line' id='line_1_73' title="bbox 183 3699 1752 3791; baseline -0.014 -19"><span class='ocrx_word' id='word_1_559' title='bbox 183 3699 342 3791; x_wconf 27' lang='lat' dir='ltr'><strong>ivvat}:</strong></span> <span class='ocrx_word' id='word_1_560' title='bbox 367 3699 602 3790; x_wconf 82' lang='grc' dir='ltr'>κρυπτῷ</span> <span class='ocrx_word' id='word_1_561' title='bbox 652 3713 862 3787; x_wconf 83' lang='grc' dir='ltr'>Πατὴρ,</span> <span class='ocrx_word' id='word_1_562' title='bbox 918 3709 1079 3771; x_wconf 76' lang='grc' dir='ltr'>αὐτὸς</span> <span class='ocrx_word' id='word_1_563' title='bbox 1125 3708 1224 3776; x_wconf 80' lang='grc' dir='ltr'>τῆς</span> <span class='ocrx_word' id='word_1_564' title='bbox 1263 3705 1410 3758; x_wconf 71' lang='grc' dir='ltr'>ἔνδον</span> <span class='ocrx_word' id='word_1_565' title='bbox 1461 3699 1752 3791; x_wconf 68' lang='grc' dir='ltr'>ἀστραπῆς</span> 
     </span>
    </p>
   </div>
   <div class='ocr_carea' id='block_1_74' title="bbox 182 3789 1752 3882">
    <p class='ocr_par' dir='ltr' id='par_1_74' title="bbox 182 3789 1752 3882">
     <span class='ocr_line' id='line_1_74' title="bbox 182 3789 1752 3882; baseline -0.018 -15"><span class='ocrx_word' id='word_1_566' title='bbox 182 3816 278 3882; x_wconf 77' lang='grc' dir='ltr'>τὴν</span> <span class='ocrx_word' id='word_1_567' title='bbox 315 3789 518 3881; x_wconf 81' lang='grc' dir='ltr'>αἴγλην</span> <span class='ocrx_word' id='word_1_568' title='bbox 585 3804 808 3867; x_wconf 84' lang='grc' dir='ltr'>δυνατός</span> <span class='ocrx_word' id='word_1_569' title='bbox 838 3805 987 3859; x_wconf 78' lang='grc' dir='ltr'>ἐστιν</span> <span class='ocrx_word' id='word_1_570' title='bbox 1024 3801 1104 3858; x_wconf 86' lang='grc' dir='ltr'>εἰς</span> <span class='ocrx_word' id='word_1_571' title='bbox 1136 3800 1198 3850; x_wconf 83' lang='grc' dir='ltr'><strong>τὸ</strong></span> <span class='ocrx_word' id='word_1_572' title='bbox 1244 3793 1474 3864; x_wconf 72' lang='grc' dir='ltr'>φανερὸν</span> <span class='ocrx_word' id='word_1_573' title='bbox 1518 3789 1752 3882; x_wconf 72' lang='grc' dir='ltr'>ἐναυγὰ-</span> 
     </span>
    </p>
   </div>
   <div class='ocr_carea' id='block_1_75' title="bbox 185 3880 1754 3956">
    <p class='ocr_par' dir='ltr' id='par_1_75' title="bbox 185 3880 1754 3956">
     <span class='ocr_line' id='line_1_75' title="bbox 185 3880 1754 3956; baseline -0.011 -9"><span class='ocrx_word' id='word_1_574' title='bbox 185 3880 290 3950; x_wconf 83' lang='grc' dir='ltr'>σαι.</span> <span class='ocrx_word' id='word_1_575' title='bbox 340 3880 555 3956; x_wconf 65' lang='grc' dir='ltr'>Ἄλλως</span> <span class='ocrx_word' id='word_1_576' title='bbox 584 3911 644 3947; x_wconf 88' lang='grc' dir='ltr'><strong>τε</strong></span> <span class='ocrx_word' id='word_1_577' title='bbox 683 3892 833 3948; x_wconf 58' lang='grc' dir='ltr'>δυσνιν</span> <span class='ocrx_word' id='word_1_578' title='bbox 874 3889 905 3942; x_wconf 88' lang='grc' dir='ltr'><strong>ό</strong></span> <span class='ocrx_word' id='word_1_579' title='bbox 956 3886 1243 3947; x_wconf 86' lang='grc' dir='ltr'>σπουδαῖος</span> <span class='ocrx_word' id='word_1_580' title='bbox 1291 3880 1754 3954; x_wconf 79' lang='grc' dir='ltr'>χαρακτηρίζεται</span> 
     </span>
    </p>
   </div>
   <div class='ocr_carea' id='block_1_76' title="bbox 183 3970 1753 4057">
    <p class='ocr_par' dir='ltr' id='par_1_76' title="bbox 183 3970 1753 4057">
     <span class='ocr_line' id='line_1_76' title="bbox 183 3970 1753 4057; baseline -0.011 -18"><span class='ocrx_word' id='word_1_581' title='bbox 183 3988 437 4057; x_wconf 86' lang='grc' dir='ltr'>τρόποις,</span> <span class='ocrx_word' id='word_1_582' title='bbox 495 3986 590 4039; x_wconf 71' lang='grc' dir='ltr'><strong>καὶ</strong></span> <span class='ocrx_word' id='word_1_583' title='bbox 662 3984 784 4037; x_wconf 77' lang='grc' dir='ltr'>δυσὶ</span> <span class='ocrx_word' id='word_1_584' title='bbox 849 3982 1087 4053; x_wconf 84' lang='grc' dir='ltr'>μάλιστα</span> <span class='ocrx_word' id='word_1_585' title='bbox 1146 3975 1419 4050; x_wconf 76' lang='grc' dir='ltr'>γράφεται</span> <span class='ocrx_word' id='word_1_586' title='bbox 1474 3970 1753 4042; x_wconf 84' lang='grc' dir='ltr'>χρώμασι,</span> 
     </span>
    </p>
   </div>
   <div class='ocr_carea' id='block_1_77' title="bbox 181 4062 1757 4151">
    <p class='ocr_par' dir='ltr' id='par_1_77' title="bbox 181 4062 1757 4151">
     <span class='ocr_line' id='line_1_77' title="bbox 181 4062 1757 4151; baseline -0.015 -16"><span class='ocrx_word' id='word_1_587' title='bbox 181 4080 385 4151; x_wconf 51' lang='lat'><strong>151(28)</strong></span> <span class='ocrx_word' id='word_1_588' title='bbox 417 4077 545 4132; x_wconf 87' lang='grc' dir='ltr'>καθ’</span> <span class='ocrx_word' id='word_1_589' title='bbox 579 4077 839 4147; x_wconf 84' lang='grc' dir='ltr'>ὁμοίωσιν</span> <span class='ocrx_word' id='word_1_590' title='bbox 883 4069 980 4126; x_wconf 83' lang='grc' dir='ltr'>τοῦ</span> <span class='ocrx_word' id='word_1_591' title='bbox 1012 4071 1256 4125; x_wconf 83' lang='grc' dir='ltr'>Πλάστου</span> <span class='ocrx_word' id='word_1_592' title='bbox 1304 4066 1515 4136; x_wconf 83' lang='grc' dir='ltr'>ἀρετῶν</span> <span class='ocrx_word' id='word_1_593' title='bbox 1544 4062 1757 4151; x_wconf 83' lang='grc' dir='ltr'>αἱρέσει</span> 
     </span>
    </p>
   </div>
   <div class='ocr_carea' id='block_1_78' title="bbox 184 4150 1754 4240">
    <p class='ocr_par' dir='ltr' id='par_1_78' title="bbox 184 4150 1754 4240">
     <span class='ocr_line' id='line_1_78' title="bbox 184 4150 1754 4240; baseline -0.013 -14"><span class='ocrx_word' id='word_1_594' title='bbox 184 4150 510 4234; x_wconf 75' lang='grc' dir='ltr'>καὶκακίας</span> <span class='ocrx_word' id='word_1_595' title='bbox 542 4173 712 4240; x_wconf 80' lang='grc' dir='ltr'>φυγῇ.</span> <span class='ocrx_word' id='word_1_596' title='bbox 749 4169 812 4221; x_wconf 85' lang='grc' dir='ltr'>Ἢ</span> <span class='ocrx_word' id='word_1_597' title='bbox 847 4167 947 4237; x_wconf 75' lang='grc' dir='ltr'>μὲν</span> <span class='ocrx_word' id='word_1_598' title='bbox 984 4159 1078 4217; x_wconf 82' lang='grc' dir='ltr'><strong>οὖν</strong></span> <span class='ocrx_word' id='word_1_599' title='bbox 1107 4161 1207 4230; x_wconf 81' lang='grc' dir='ltr'><strong>τῆς</strong></span> <span class='ocrx_word' id='word_1_600' title='bbox 1231 4158 1430 4218; x_wconf 87' lang='grc' dir='ltr'>κακίας</span> <span class='ocrx_word' id='word_1_601' title='bbox 1463 4154 1611 4230; x_wconf 78' lang='grc' dir='ltr'>φυγὴ</span> <span class='ocrx_word' id='word_1_602' title='bbox 1641 4150 1754 4224; x_wconf 70' lang='lat'><strong>(29)</strong></span> 
     </span>
    </p>
   </div>
   <div class='ocr_carea' id='block_1_79' title="bbox 183 4241 1758 4330">
    <p class='ocr_par' dir='ltr' id='par_1_79' title="bbox 183 4241 1758 4330">
     <span class='ocr_line' id='line_1_79' title="bbox 183 4241 1758 4330; baseline -0.013 -17"><span class='ocrx_word' id='word_1_603' title='bbox 183 4256 391 4330; x_wconf 85' lang='grc' dir='ltr'>λάμπει</span> <span class='ocrx_word' id='word_1_604' title='bbox 423 4260 642 4319; x_wconf 83' lang='grc' dir='ltr'>πάντως</span> <span class='ocrx_word' id='word_1_605' title='bbox 681 4254 993 4329; x_wconf 69' lang='grc' dir='ltr'>ἔμπροσθεν</span> <span class='ocrx_word' id='word_1_606' title='bbox 1024 4250 1133 4303; x_wconf 86' lang='grc' dir='ltr'><strong>τῶν</strong></span> <span class='ocrx_word' id='word_1_607' title='bbox 1180 4246 1505 4317; x_wconf 84' lang='grc' dir='ltr'>ἀνθρώπων,</span> <span class='ocrx_word' id='word_1_608' title='bbox 1529 4243 1634 4297; x_wconf 79' lang='grc' dir='ltr'><strong>κᾶν</strong></span> <span class='ocrx_word' id='word_1_609' title='bbox 1649 4241 1758 4294; x_wconf 76' lang='grc' dir='ltr'>ἔσω</span> 
     </span>
    </p>
   </div>
   <div class='ocr_carea' id='block_1_80' title="bbox 184 4333 1759 4420">
    <p class='ocr_par' dir='ltr' id='par_1_80' title="bbox 184 4333 1759 4420">
     <span class='ocr_line' id='line_1_80' title="bbox 184 4333 1759 4420; baseline -0.009 -20"><span class='ocrx_word' id='word_1_610' title='bbox 184 4364 264 4411; x_wconf 88' lang='grc' dir='ltr'><strong>τις</strong></span> <span class='ocrx_word' id='word_1_611' title='bbox 298 4348 440 4420; x_wconf 81' lang='lat'><strong>(&#39;50),</strong></span> <span class='ocrx_word' id='word_1_612' title='bbox 475 4349 576 4416; x_wconf 84' lang='grc' dir='ltr'>ὅση</span> <span class='ocrx_word' id='word_1_613' title='bbox 615 4347 877 4416; x_wconf 86' lang='grc' dir='ltr'>δύναμις,</span> <span class='ocrx_word' id='word_1_614' title='bbox 920 4343 1130 4414; x_wconf 78' lang='grc' dir='ltr'>κατέχῃ</span> <span class='ocrx_word' id='word_1_615' title='bbox 1176 4341 1276 4410; x_wconf 86' lang='grc' dir='ltr'>τὴν</span> <span class='ocrx_word' id='word_1_616' title='bbox 1305 4335 1654 4408; x_wconf 87' lang='grc' dir='ltr'>λαμπηδόνα.</span> <span class='ocrx_word' id='word_1_617' title='bbox 1685 4333 1759 4387; x_wconf 78' lang='grc' dir='ltr'><strong>Τὸ</strong></span> 
     </span>
    </p>
   </div>
   <div class='ocr_carea' id='block_1_81' title="bbox 185 4426 1760 4510">
    <p class='ocr_par' dir='ltr' id='par_1_81' title="bbox 185 4426 1760 4510">
     <span class='ocr_line' id='line_1_81' title="bbox 185 4426 1760 4510; baseline -0.01 -17"><span class='ocrx_word' id='word_1_618' title='bbox 185 4438 293 4508; x_wconf 84' lang='grc' dir='ltr'>γὰρ</span> <span class='ocrx_word' id='word_1_619' title='bbox 327 4439 406 4509; x_wconf 79' lang='grc' dir='ltr'>μὴ</span> <span class='ocrx_word' id='word_1_620' title='bbox 439 4442 601 4510; x_wconf 82' lang='grc' dir='ltr'>χεῖρα</span> <span class='ocrx_word' id='word_1_621' title='bbox 641 4438 810 4491; x_wconf 88' lang='grc' dir='ltr'>κακὸν</span> <span class='ocrx_word' id='word_1_622' title='bbox 833 4431 996 4498; x_wconf 82' lang='grc' dir='ltr'>εἶναι,</span> <span class='ocrx_word' id='word_1_623' title='bbox 1036 4433 1110 4503; x_wconf 85' lang='grc' dir='ltr'><strong>μὴ</strong></span> <span class='ocrx_word' id='word_1_624' title='bbox 1145 4433 1276 4500; x_wconf 81' lang='grc' dir='ltr'>περὶ</span> <span class='ocrx_word' id='word_1_625' title='bbox 1305 4427 1486 4498; x_wconf 78' lang='grc' dir='ltr'>ὓϐριν,</span> <span class='ocrx_word' id='word_1_626' title='bbox 1521 4427 1597 4498; x_wconf 83' lang='grc' dir='ltr'>μὴ</span> <span class='ocrx_word' id='word_1_627' title='bbox 1631 4426 1760 4495; x_wconf 76' lang='grc' dir='ltr'>περὶ</span> 
     </span>
    </p>
   </div>
   <div class='ocr_carea' id='block_1_82' title="bbox 1929 3415 3427 3488">
    <p class='ocr_par' dir='ltr' id='par_1_82' title="bbox 1929 3415 3427 3488">
     <span class='ocr_line' id='line_1_82' title="bbox 1929 3415 3427 3488; baseline -0.003 -13"><span class='ocrx_word' id='word_1_628' title='bbox 1929 3420 2218 3488; x_wconf 85' lang='lat' dir='ltr'><strong>Quomodo</strong></span> <span class='ocrx_word' id='word_1_629' title='bbox 2276 3436 2407 3474; x_wconf 80' lang='lat' dir='ltr'><strong>vero</strong></span> <span class='ocrx_word' id='word_1_630' title='bbox 2457 3419 2659 3473; x_wconf 88' lang='lat' dir='ltr'><strong>lucebit</strong></span> <span class='ocrx_word' id='word_1_631' title='bbox 2708 3419 2799 3471; x_wconf 80' lang='lat' dir='ltr'><strong>lux</strong></span> <span class='ocrx_word' id='word_1_632' title='bbox 2855 3431 3037 3471; x_wconf 90' lang='lat' dir='ltr'><strong>coram</strong></span> <span class='ocrx_word' id='word_1_633' title='bbox 3092 3415 3427 3482; x_wconf 84' lang='lat' dir='ltr'><strong>hominibus,</strong></span> 
     </span>
    </p>
   </div>
   <div class='ocr_carea' id='block_1_83' title="bbox 1858 3507 3430 3584">
    <p class='ocr_par' dir='ltr' id='par_1_83' title="bbox 1858 3507 3430 3584">
     <span class='ocr_line' id='line_1_83' title="bbox 1858 3507 3430 3584; baseline -0.005 -18"><span class='ocrx_word' id='word_1_634' title='bbox 1858 3515 1950 3584; x_wconf 86' lang='lat' dir='ltr'><strong>qui</strong></span> <span class='ocrx_word' id='word_1_635' title='bbox 1994 3513 2131 3568; x_wconf 85' lang='lat' dir='ltr'><strong>nihil</strong></span> <span class='ocrx_word' id='word_1_636' title='bbox 2158 3526 2372 3575; x_wconf 89' lang='lat' dir='ltr'><strong>eorum,</strong></span> <span class='ocrx_word' id='word_1_637' title='bbox 2432 3527 2552 3579; x_wconf 63' lang='lat' dir='ltr'><strong>quae</strong></span> <span class='ocrx_word' id='word_1_638' title='bbox 2580 3511 2639 3564; x_wconf 90' lang='lat' dir='ltr'><strong>in</strong></span> <span class='ocrx_word' id='word_1_639' title='bbox 2678 3509 2913 3564; x_wconf 85' lang='lat' dir='ltr'><strong>obscuro</strong></span> <span class='ocrx_word' id='word_1_640' title='bbox 2942 3519 3199 3578; x_wconf 83' lang='lat' dir='ltr'><strong>aguntur,</strong></span> <span class='ocrx_word' id='word_1_641' title='bbox 3219 3507 3430 3578; x_wconf 60' lang='lat' dir='ltr'><strong>perspi.</strong></span> 
     </span>
    </p>
   </div>
   <div class='ocr_carea' id='block_1_84' title="bbox 1855 3599 3432 3675">
    <p class='ocr_par' dir='ltr' id='par_1_84' title="bbox 1855 3599 3432 3675">
     <span class='ocr_line' id='line_1_84' title="bbox 1855 3599 3432 3675; baseline -0.007 -12"><span class='ocrx_word' id='word_1_642' title='bbox 1855 3609 2046 3663; x_wconf 82' lang='lat' dir='ltr'><strong>ciunt?</strong></span> <span class='ocrx_word' id='word_1_643' title='bbox 2106 3605 2165 3660; x_wconf 84' lang='lat' dir='ltr'><strong>id</strong></span> <span class='ocrx_word' id='word_1_644' title='bbox 2221 3605 2441 3675; x_wconf 89' lang='lat' dir='ltr'><strong>quidem</strong></span> <span class='ocrx_word' id='word_1_645' title='bbox 2498 3604 2606 3674; x_wconf 89' lang='lat' dir='ltr'><strong>jam</strong></span> <span class='ocrx_word' id='word_1_646' title='bbox 2637 3601 2948 3672; x_wconf 77' lang='lat' dir='ltr'><strong>expositum</strong></span> <span class='ocrx_word' id='word_1_647' title='bbox 2975 3610 3077 3666; x_wconf 89' lang='lat' dir='ltr'><strong>est,</strong></span> <span class='ocrx_word' id='word_1_648' title='bbox 3121 3599 3216 3654; x_wconf 88' lang='lat' dir='ltr'><strong>sed</strong></span> <span class='ocrx_word' id='word_1_649' title='bbox 3251 3615 3318 3654; x_wconf 82' lang='lat' dir='ltr'><strong>ex</strong></span> <span class='ocrx_word' id='word_1_650' title='bbox 3349 3613 3432 3652; x_wconf 58' lang='lat' dir='ltr'><strong>SC?</strong></span> 
     </span>
    </p>
   </div>
   <div class='ocr_carea' id='block_1_85' title="bbox 1856 3691 3432 3770">
    <p class='ocr_par' dir='ltr' id='par_1_85' title="bbox 1856 3691 3432 3770">
     <span class='ocr_line' id='line_1_85' title="bbox 1856 3691 3432 3770; baseline -0.004 -18"><span class='ocrx_word' id='word_1_651' title='bbox 1856 3699 2149 3770; x_wconf 83' lang='lat' dir='ltr'><strong>quentibus</strong></span> <span class='ocrx_word' id='word_1_652' title='bbox 2188 3698 2424 3765; x_wconf 89' lang='lat' dir='ltr'><strong>amplius</strong></span> <span class='ocrx_word' id='word_1_653' title='bbox 2451 3696 2803 3766; x_wconf 84' lang='lat' dir='ltr'><strong>intelligetur.</strong></span> <span class='ocrx_word' id='word_1_654' title='bbox 2867 3693 3028 3748; x_wconf 89' lang='lat' dir='ltr'><strong>Pater</strong></span> <span class='ocrx_word' id='word_1_655' title='bbox 3073 3693 3301 3754; x_wconf 86' lang='lat' dir='ltr'><strong>scilicet,</strong></span> <span class='ocrx_word' id='word_1_656' title='bbox 3334 3691 3432 3770; x_wconf 80' lang='lat' dir='ltr'><strong>qui</strong></span> 
     </span>
    </p>
   </div>
   <div class='ocr_carea' id='block_1_86' title="bbox 1855 3768 3427 3858">
    <p class='ocr_par' dir='ltr' id='par_1_86' title="bbox 1855 3768 3427 3858">
     <span class='ocr_line' id='line_1_86' title="bbox 1855 3768 3427 3858; baseline -0.006 -13"><span class='ocrx_word' id='word_1_657' title='bbox 1855 3768 2088 3845; x_wconf 86' lang='lat' dir='ltr'><strong>obscura</strong></span> <span class='ocrx_word' id='word_1_658' title='bbox 2146 3788 2430 3858; x_wconf 86' lang='lat' dir='ltr'><strong>perspicit,</strong></span> <span class='ocrx_word' id='word_1_659' title='bbox 2507 3787 2852 3856; x_wconf 83' lang='lat' dir='ltr'><strong>splendorem</strong></span> <span class='ocrx_word' id='word_1_660' title='bbox 2901 3786 3050 3840; x_wconf 86' lang='lat' dir='ltr'><strong>intus</strong></span> <span class='ocrx_word' id='word_1_661' title='bbox 3086 3768 3427 3840; x_wconf 87' lang='lat' dir='ltr'><strong>latentemin</strong></span> 
     </span>
    </p>
   </div>
   <div class='ocr_carea' id='block_1_87' title="bbox 1857 3872 3432 3949">
    <p class='ocr_par' dir='ltr' id='par_1_87' title="bbox 1857 3872 3432 3949">
     <span class='ocr_line' id='line_1_87' title="bbox 1857 3872 3432 3949; baseline -0.004 -17"><span class='ocrx_word' id='word_1_662' title='bbox 1857 3879 2103 3949; x_wconf 83' lang='lat' dir='ltr'><strong>apricum</strong></span> <span class='ocrx_word' id='word_1_663' title='bbox 2187 3876 2434 3946; x_wconf 83' lang='lat' dir='ltr'><strong>proferre</strong></span> <span class='ocrx_word' id='word_1_664' title='bbox 2481 3884 2676 3942; x_wconf 87' lang='lat' dir='ltr'><strong>potest.</strong></span> <span class='ocrx_word' id='word_1_665' title='bbox 2746 3872 3014 3927; x_wconf 87' lang='lat' dir='ltr'><strong>Praeterea</strong></span> <span class='ocrx_word' id='word_1_666' title='bbox 3069 3887 3198 3926; x_wconf 88' lang='lat' dir='ltr'><strong>vero</strong></span> <span class='ocrx_word' id='word_1_667' title='bbox 3254 3872 3432 3926; x_wconf 82' lang='lat' dir='ltr'><strong>b0nus</strong></span> 
     </span>
    </p>
   </div>
   <div class='ocr_carea' id='block_1_88' title="bbox 1858 3963 3433 4037">
    <p class='ocr_par' dir='ltr' id='par_1_88' title="bbox 1858 3963 3433 4037">
     <span class='ocr_line' id='line_1_88' title="bbox 1858 3963 3433 4037; baseline -0.005 -14"><span class='ocrx_word' id='word_1_668' title='bbox 1858 3969 2090 4037; x_wconf 87' lang='lat' dir='ltr'><strong>quisque</strong></span> <span class='ocrx_word' id='word_1_669' title='bbox 2142 3982 2210 4021; x_wconf 84' lang='lat' dir='ltr'><strong>ex</strong></span> <span class='ocrx_word' id='word_1_670' title='bbox 2247 3967 2456 4021; x_wconf 86' lang='lat' dir='ltr'><strong>duabus</strong></span> <span class='ocrx_word' id='word_1_671' title='bbox 2488 3967 2652 4020; x_wconf 86' lang='lat' dir='ltr'><strong>rebus</strong></span> <span class='ocrx_word' id='word_1_672' title='bbox 2690 3964 3053 4032; x_wconf 81' lang='lat' dir='ltr'><strong>cognoscitur,</strong></span> <span class='ocrx_word' id='word_1_673' title='bbox 3115 3974 3170 4016; x_wconf 90' lang='lat' dir='ltr'><strong>et</strong></span> <span class='ocrx_word' id='word_1_674' title='bbox 3220 3963 3433 4016; x_wconf 85' lang='lat' dir='ltr'><strong>duabus</strong></span> 
     </span>
    </p>
   </div>
   <div class='ocr_carea' id='block_1_89' title="bbox 1859 4055 3430 4130">
    <p class='ocr_par' dir='ltr' id='par_1_89' title="bbox 1859 4055 3430 4130">
     <span class='ocr_line' id='line_1_89' title="bbox 1859 4055 3430 4130; baseline -0.003 -17"><span class='ocrx_word' id='word_1_675' title='bbox 1859 4060 2204 4130; x_wconf 82' lang='lat' dir='ltr'><strong>potissimum</strong></span> <span class='ocrx_word' id='word_1_676' title='bbox 2270 4059 2412 4112; x_wconf 85' lang='lat' dir='ltr'><strong>notis</strong></span> <span class='ocrx_word' id='word_1_677' title='bbox 2453 4056 2826 4124; x_wconf 80' lang='lat' dir='ltr'><strong>distinguitur,</strong></span> <span class='ocrx_word' id='word_1_678' title='bbox 2893 4056 3020 4110; x_wconf 90' lang='lat' dir='ltr'><strong>hinc</strong></span> <span class='ocrx_word' id='word_1_679' title='bbox 3064 4071 3130 4107; x_wconf 83' lang='lat' dir='ltr'><strong>ex</strong></span> <span class='ocrx_word' id='word_1_680' title='bbox 3167 4055 3430 4109; x_wconf 87' lang='lat' dir='ltr'><strong>virtutum</strong></span> 
     </span>
    </p>
   </div>
   <div class='ocr_carea' id='block_1_90' title="bbox 1859 4145 3431 4219">
    <p class='ocr_par' dir='ltr' id='par_1_90' title="bbox 1859 4145 3431 4219">
     <span class='ocr_line' id='line_1_90' title="bbox 1859 4145 3431 4219; baseline -0.006 -13"><span class='ocrx_word' id='word_1_681' title='bbox 1859 4151 2062 4213; x_wconf 84' lang='lat' dir='ltr'><strong>studio,</strong></span> <span class='ocrx_word' id='word_1_682' title='bbox 2119 4164 2231 4219; x_wconf 90' lang='lat' dir='ltr'><strong>quo</strong></span> <span class='ocrx_word' id='word_1_683' title='bbox 2288 4148 2561 4203; x_wconf 85' lang='lat' dir='ltr'><strong>conditori</strong></span> <span class='ocrx_word' id='word_1_684' title='bbox 2617 4149 2676 4201; x_wconf 87' lang='lat' dir='ltr'><strong>tit</strong></span> <span class='ocrx_word' id='word_1_685' title='bbox 2730 4147 2949 4213; x_wconf 86' lang='lat' dir='ltr'><strong>similis,</strong></span> <span class='ocrx_word' id='word_1_686' title='bbox 3000 4147 3131 4200; x_wconf 86' lang='lat' dir='ltr'><strong>hinc</strong></span> <span class='ocrx_word' id='word_1_687' title='bbox 3183 4161 3248 4201; x_wconf 74' lang='lat' dir='ltr'><strong>ex</strong></span> <span class='ocrx_word' id='word_1_688' title='bbox 3303 4145 3431 4214; x_wconf 78' lang='lat' dir='ltr'><strong>fuga</strong></span> 
     </span>
    </p>
   </div>
   <div class='ocr_carea' id='block_1_91' title="bbox 1859 4237 3437 4309">
    <p class='ocr_par' dir='ltr' id='par_1_91' title="bbox 1859 4237 3437 4309">
     <span class='ocr_line' id='line_1_91' title="bbox 1859 4237 3437 4309; baseline -0.003 -13"><span class='ocrx_word' id='word_1_689' title='bbox 1859 4242 2140 4296; x_wconf 85' lang='lat' dir='ltr'><strong>vitiorum.</strong></span> <span class='ocrx_word' id='word_1_690' title='bbox 2197 4239 2316 4295; x_wconf 80' lang='lat' dir='ltr'><strong>Jam</strong></span> <span class='ocrx_word' id='word_1_691' title='bbox 2342 4255 2470 4294; x_wconf 85' lang='lat' dir='ltr'><strong>vero</strong></span> <span class='ocrx_word' id='word_1_692' title='bbox 2508 4239 2766 4294; x_wconf 86' lang='lat' dir='ltr'><strong>vitiorum</strong></span> <span class='ocrx_word' id='word_1_693' title='bbox 2791 4238 2915 4308; x_wconf 79' lang='lat' dir='ltr'><strong>fuga</strong></span> <span class='ocrx_word' id='word_1_694' title='bbox 2955 4253 3167 4307; x_wconf 85' lang='lat' dir='ltr'><strong>semper</strong></span> <span class='ocrx_word' id='word_1_695' title='bbox 3189 4237 3437 4309; x_wconf 88' lang='lat' dir='ltr'><strong>splendet</strong></span> 
     </span>
    </p>
   </div>
   <div class='ocr_carea' id='block_1_92' title="bbox 1862 4330 3430 4401">
    <p class='ocr_par' dir='ltr' id='par_1_92' title="bbox 1862 4330 3430 4401">
     <span class='ocr_line' id='line_1_92' title="bbox 1862 4330 3430 4401; baseline -0.003 -13"><span class='ocrx_word' id='word_1_696' title='bbox 1862 4348 2048 4388; x_wconf 87' lang='lat' dir='ltr'><strong>coram</strong></span> <span class='ocrx_word' id='word_1_697' title='bbox 2113 4333 2452 4398; x_wconf 91' lang='lat' dir='ltr'><strong>hominibus,</strong></span> <span class='ocrx_word' id='word_1_698' title='bbox 2519 4332 2734 4386; x_wconf 84' lang='lat' dir='ltr'><strong>etiamsi</strong></span> <span class='ocrx_word' id='word_1_699' title='bbox 2786 4331 2931 4401; x_wconf 86' lang='lat' dir='ltr'><strong>quis,</strong></span> <span class='ocrx_word' id='word_1_700' title='bbox 2994 4330 3174 4400; x_wconf 89' lang='lat' dir='ltr'><strong>quoad</strong></span> <span class='ocrx_word' id='word_1_701' title='bbox 3233 4339 3430 4399; x_wconf 85' lang='lat' dir='ltr'><strong>potest,</strong></span> 
     </span>
    </p>
   </div>
   <div class='ocr_carea' id='block_1_93' title="bbox 1864 4425 3435 4498">
    <p class='ocr_par' dir='ltr' id='par_1_93' title="bbox 1864 4425 3435 4498">
     <span class='ocr_line' id='line_1_93' title="bbox 1864 4425 3435 4498; baseline -0.004 -15"><span class='ocrx_word' id='word_1_702' title='bbox 1864 4430 2168 4498; x_wconf 90' lang='lat' dir='ltr'><strong>lampadem</strong></span> <span class='ocrx_word' id='word_1_703' title='bbox 2201 4431 2342 4483; x_wconf 88' lang='lat' dir='ltr'><strong>intra</strong></span> <span class='ocrx_word' id='word_1_704' title='bbox 2366 4444 2426 4484; x_wconf 87' lang='lat' dir='ltr'><strong>se</strong></span> <span class='ocrx_word' id='word_1_705' title='bbox 2464 4429 2761 4483; x_wconf 88' lang='lat' dir='ltr'><strong>contineat.</strong></span> <span class='ocrx_word' id='word_1_706' title='bbox 2825 4426 2883 4480; x_wconf 92' lang='lat' dir='ltr'><strong>Si</strong></span> <span class='ocrx_word' id='word_1_707' title='bbox 2931 4426 3057 4494; x_wconf 90' lang='lat' dir='ltr'><strong>quis</strong></span> <span class='ocrx_word' id='word_1_708' title='bbox 3079 4425 3226 4479; x_wconf 91' lang='lat' dir='ltr'><strong>enim</strong></span> <span class='ocrx_word' id='word_1_709' title='bbox 3267 4439 3435 4486; x_wconf 85' lang='lat' dir='ltr'><strong>manu</strong></span> 
     </span>
    </p>
   </div>
   <div class='ocr_carea' id='block_1_94' title="bbox 185 4517 1740 4602">
    <p class='ocr_par' dir='ltr' id='par_1_94' title="bbox 185 4519 1740 4602">
     <span class='ocr_line' id='line_1_94' title="bbox 185 4519 1740 4602; baseline -0.009 -18"><span class='ocrx_word' id='word_1_710' title='bbox 185 4532 470 4602; x_wconf 82' lang='grc' dir='ltr'>χρήματα,</span> <span class='ocrx_word' id='word_1_711' title='bbox 505 4531 628 4600; x_wconf 80' lang='grc' dir='ltr'>μηδ’</span> <span class='ocrx_word' id='word_1_712' title='bbox 647 4528 859 4601; x_wconf 84' lang='grc' dir='ltr'>ἀκρατῆ</span> <span class='ocrx_word' id='word_1_713' title='bbox 885 4527 1138 4594; x_wconf 81' lang='grc' dir='ltr'>γλῶσσαν</span> <span class='ocrx_word' id='word_1_714' title='bbox 1161 4523 1290 4592; x_wconf 75' lang='grc' dir='ltr'>περὶ</span> <span class='ocrx_word' id='word_1_715' title='bbox 1317 4520 1595 4590; x_wconf 77' lang='grc' dir='ltr'>διαϐολὴν,</span> <span class='ocrx_word' id='word_1_716' title='bbox 1627 4519 1740 4588; x_wconf 74' lang='grc' dir='ltr'>περ¹</span> 
     </span>
    </p>
   </div>
   <div class='ocr_carea' id='block_1_95' title="bbox 1846 4517 3434 4602">
    <p class='ocr_par' dir='ltr' id='par_1_95' title="bbox 1860 4517 3434 4591">
     <span class='ocr_line' id='line_1_95' title="bbox 1860 4517 3434 4591; baseline -0.001 -15"><span class='ocrx_word' id='word_1_717' title='bbox 1860 4538 1965 4576; x_wconf 90' lang='lat' dir='ltr'><strong>non</strong></span> <span class='ocrx_word' id='word_1_718' title='bbox 2003 4518 2247 4576; x_wconf 87' lang='lat' dir='ltr'><strong>abutitur</strong></span> <span class='ocrx_word' id='word_1_719' title='bbox 2293 4522 2437 4576; x_wconf 84' lang='lat' dir='ltr'><strong>circa</strong></span> <span class='ocrx_word' id='word_1_720' title='bbox 2492 4522 2723 4591; x_wconf 83' lang='lat' dir='ltr'><strong>injurias</strong></span> <span class='ocrx_word' id='word_1_721' title='bbox 2764 4529 2819 4574; x_wconf 89' lang='lat' dir='ltr'><strong>et</strong></span> <span class='ocrx_word' id='word_1_722' title='bbox 2875 4521 3018 4575; x_wconf 84' lang='lat' dir='ltr'><strong>circa</strong></span> <span class='ocrx_word' id='word_1_723' title='bbox 3045 4517 3363 4587; x_wconf 84' lang='lat' dir='ltr'><strong>pecuniam;</strong></span> <span class='ocrx_word' id='word_1_724' title='bbox 3389 4517 3434 4574; x_wconf 84' lang='lat' dir='ltr'><strong>si</strong></span> 
     </span>
    </p>
   </div>
   <div class='ocr_carea' id='block_1_96' title="bbox 185 4609 1756 4690">
    <p class='ocr_par' dir='ltr' id='par_1_96' title="bbox 185 4609 1756 4690">
     <span class='ocr_line' id='line_1_96' title="bbox 185 4609 1756 4690; baseline -0.006 -18"><span class='ocrx_word' id='word_1_725' title='bbox 185 4620 403 4690; x_wconf 81' lang='grc' dir='ltr'>ὅρκους,</span> <span class='ocrx_word' id='word_1_726' title='bbox 447 4621 575 4690; x_wconf 73' lang='grc' dir='ltr'>περὶ</span> <span class='ocrx_word' id='word_1_727' title='bbox 601 4621 782 4689; x_wconf 81' lang='grc' dir='ltr'>ὃμοια,</span> <span class='ocrx_word' id='word_1_728' title='bbox 817 4617 910 4669; x_wconf 78' lang='grc' dir='ltr'><strong>καὶ</strong></span> <span class='ocrx_word' id='word_1_729' title='bbox 938 4613 1127 4676; x_wconf 83' lang='grc' dir='ltr'>ἁπλῶς</span> <span class='ocrx_word' id='word_1_730' title='bbox 1161 4615 1220 4664; x_wconf 84' lang='grc' dir='ltr'><strong>ὲν</strong></span> <span class='ocrx_word' id='word_1_731' title='bbox 1255 4612 1393 4663; x_wconf 81' lang='grc' dir='ltr'>πᾶσι</span> <span class='ocrx_word' id='word_1_732' title='bbox 1421 4611 1531 4681; x_wconf 77' lang='grc'><strong>(51)</strong></span> <span class='ocrx_word' id='word_1_733' title='bbox 1565 4609 1756 4680; x_wconf 73' lang='grc' dir='ltr'>μηδενὶ</span> 
     </span>
    </p>
   </div>
   <div class='ocr_carea' id='block_1_97' title="bbox 1862 4607 3433 4684">
    <p class='ocr_par' dir='ltr' id='par_1_97' title="bbox 1862 4607 3433 4684">
     <span class='ocr_line' id='line_1_97' title="bbox 1862 4607 3433 4684; baseline -0.004 -17"><span class='ocrx_word' id='word_1_734' title='bbox 1862 4615 2061 4684; x_wconf 68' lang='lat' dir='ltr'><strong>linguae</strong></span> <span class='ocrx_word' id='word_1_735' title='bbox 2121 4623 2389 4683; x_wconf 86' lang='lat' dir='ltr'><strong>temperat</strong></span> <span class='ocrx_word' id='word_1_736' title='bbox 2453 4613 2599 4667; x_wconf 86' lang='lat' dir='ltr'><strong>circa</strong></span> <span class='ocrx_word' id='word_1_737' title='bbox 2650 4612 2974 4675; x_wconf 87' lang='lat' dir='ltr'><strong>calumnias,</strong></span> <span class='ocrx_word' id='word_1_738' title='bbox 3025 4607 3433 4680; x_wconf 82' lang='lat' dir='ltr'><strong>jusjurandum,</strong></span> 
     </span>
    </p>
   </div>
   <div class='ocr_carea' id='block_1_98' title="bbox 255 4751 1927 4827">
    <p class='ocr_par' dir='ltr' id='par_1_98' title="bbox 255 4751 1927 4827">
     <span class='ocr_line' id='line_1_98' title="bbox 255 4751 1927 4827; baseline -0.007 -10"><span class='ocrx_word' id='word_1_739' title='bbox 255 4761 305 4794; x_wconf 76' lang='lat'><strong>“</strong></span> <span class='ocrx_word' id='word_1_740' title='bbox 334 4761 528 4819; x_wconf 82' lang='lat' dir='ltr'><strong>Matth.</strong></span> <span class='ocrx_word' id='word_1_741' title='bbox 558 4778 632 4827; x_wconf 84' lang='lat' dir='ltr'><strong>Vl,</strong></span> <span class='ocrx_word' id='word_1_742' title='bbox 672 4761 724 4814; x_wconf 81' lang='lat' dir='ltr'><strong>l.</strong></span> <span class='ocrx_word' id='word_1_743' title='bbox 759 4759 803 4800; x_wconf 66' lang='grc' dir='ltr'><strong>δ’</strong></span> <span class='ocrx_word' id='word_1_744' title='bbox 835 4755 968 4815; x_wconf 81' lang='lat' dir='ltr'><strong>ibid.</strong></span> <span class='ocrx_word' id='word_1_745' title='bbox 1002 4755 1057 4808; x_wconf 77' lang='grc' dir='ltr'>ὅ.</span> <span class='ocrx_word' id='word_1_746' title='bbox 1091 4753 1136 4784; x_wconf 71' lang='grc'><strong>⁸⁸</strong></span> <span class='ocrx_word' id='word_1_747' title='bbox 1172 4752 1304 4810; x_wconf 88' lang='lat' dir='ltr'><strong>ibid.</strong></span> <span class='ocrx_word' id='word_1_748' title='bbox 1338 4753 1424 4806; x_wconf 74' lang='lat' dir='ltr'><strong>ili.</strong></span> <span class='ocrx_word' id='word_1_749' title='bbox 1458 4753 1501 4786; x_wconf 62' lang='grc' dir='ltr'><strong>δ’</strong></span> <span class='ocrx_word' id='word_1_750' title='bbox 1538 4751 1730 4808; x_wconf 81' lang='lat' dir='ltr'><strong>Matth.“</strong></span> <span class='ocrx_word' id='word_1_751' title='bbox 1757 4769 1813 4816; x_wconf 82' lang='grc' dir='ltr'><strong>ν,</strong></span> <span class='ocrx_word' id='word_1_752' title='bbox 1843 4753 1927 4812; x_wconf 80' lang='lat' dir='ltr'><strong>i6.</strong></span> 
     </span>
    </p>
   </div>
   <div class='ocr_carea' id='block_1_99' title="bbox 1704 4925 1937 4985">
    <p class='ocr_par' dir='ltr' id='par_1_99' title="bbox 1704 4925 1937 4985">
     <span class='ocr_line' id='line_1_99' title="bbox 1704 4925 1937 4985; baseline -0.009 -3"><span class='ocrx_word' id='word_1_753' title='bbox 1704 4925 1937 4985; x_wconf 67' lang='lat' dir='ltr'><strong>NOTIE.</strong></span> 
     </span>
    </p>
   </div>
   <div class='ocr_carea' id='block_1_100' title="bbox 255 5051 1058 5127">
    <p class='ocr_par' dir='ltr' id='par_1_100' title="bbox 255 5051 1058 5127">
     <span class='ocr_line' id='line_1_100' title="bbox 255 5051 1058 5127; baseline -0.006 -16"><span class='ocrx_word' id='word_1_754' title='bbox 255 5057 376 5127; x_wconf 69' lang='grc'><strong>(21)</strong></span> <span class='ocrx_word' id='word_1_755' title='bbox 405 5054 504 5127; x_wconf 84' lang='lat' dir='ltr'><strong>_Ms.</strong></span> <span class='ocrx_word' id='word_1_756' title='bbox 537 5051 1027 5127; x_wconf 70' lang='grc' dir='ltr'>ὑποκατακληθείς.</span> <span class='ocrx_word' id='word_1_757' title='bbox 1055 5110 1058 5112; x_wconf 23' lang='grc' dir='ltr'>ν</span> 
     </span>
    </p>
   </div>
   <div class='ocr_carea' id='block_1_101' title="bbox 257 5118 1257 5195">
    <p class='ocr_par' dir='ltr' id='par_1_101' title="bbox 257 5118 1257 5195">
     <span class='ocr_line' id='line_1_101' title="bbox 257 5118 1257 5195; baseline -0.009 -16"><span class='ocrx_word' id='word_1_758' title='bbox 257 5118 374 5195; x_wconf 69' lang='grc'><strong>(22)</strong></span> <span class='ocrx_word' id='word_1_759' title='bbox 405 5125 482 5178; x_wconf 85' lang='lat' dir='ltr'><strong>lla</strong></span> <span class='ocrx_word' id='word_1_760' title='bbox 514 5133 660 5179; x_wconf 87' lang='lat' dir='ltr'><strong>recte</strong></span> <span class='ocrx_word' id='word_1_761' title='bbox 685 5123 838 5177; x_wconf 89' lang='lat' dir='ltr'><strong>Colb.</strong></span> <span class='ocrx_word' id='word_1_762' title='bbox 865 5118 964 5192; x_wconf 91' lang='lat' dir='ltr'><strong>pro</strong></span> <span class='ocrx_word' id='word_1_763' title='bbox 993 5118 1257 5191; x_wconf 82' lang='grc' dir='ltr'>στιγώσῃ.</span> 
     </span>
    </p>
   </div>
   <div class='ocr_carea' id='block_1_102' title="bbox 257 5195 1042 5264">
    <p class='ocr_par' dir='ltr' id='par_1_102' title="bbox 257 5195 1042 5264">
     <span class='ocr_line' id='line_1_102' title="bbox 257 5195 1042 5264; baseline -0.005 -16"><span class='ocrx_word' id='word_1_764' title='bbox 257 5197 375 5264; x_wconf 69' lang='grc'><strong>(25)</strong></span> <span class='ocrx_word' id='word_1_765' title='bbox 415 5195 592 5248; x_wconf 82' lang='lat' dir='ltr'><strong>Codex</strong></span> <span class='ocrx_word' id='word_1_766' title='bbox 620 5196 756 5248; x_wconf 87' lang='lat' dir='ltr'><strong>alter</strong></span> <span class='ocrx_word' id='word_1_767' title='bbox 772 5195 1042 5264; x_wconf 70' lang='grc' dir='ltr'>ποιεῖται.</span> 
     </span>
    </p>
   </div>
   <div class='ocr_carea' id='block_1_103' title="bbox 257 5243 1766 5335">
    <p class='ocr_par' dir='ltr' id='par_1_103' title="bbox 257 5243 1766 5335">
     <span class='ocr_line' id='line_1_103' title="bbox 257 5243 1766 5335; baseline -0.011 -15"><span class='ocrx_word' id='word_1_768' title='bbox 257 5243 374 5335; x_wconf 60' lang='lat' dir='ltr'><strong>iiii</strong></span> <span class='ocrx_word' id='word_1_769' title='bbox 424 5243 1158 5334; x_wconf 50' lang='lat' dir='ltr'><strong>7i;;;.;&quot;;sa&quot;gaxgaa.,</strong></span> <span class='ocrx_word' id='word_1_770' title='bbox 1203 5243 1359 5314; x_wconf 86' lang='lat' dir='ltr'><strong>Colb.</strong></span> <span class='ocrx_word' id='word_1_771' title='bbox 1417 5271 1517 5328; x_wconf 92' lang='lat' dir='ltr'><strong>pro</strong></span> <span class='ocrx_word' id='word_1_772' title='bbox 1571 5253 1766 5324; x_wconf 79' lang='grc' dir='ltr'>ἀπεχε-</span> 
     </span>
    </p>
   </div>
   <div class='ocr_carea' id='block_1_104' title="bbox 256 5355 334 5389">
    <p class='ocr_par' dir='ltr' id='par_1_104' title="bbox 256 5355 334 5389">
     <span class='ocr_line' id='line_1_104' title="bbox 256 5355 334 5389; baseline 0.013 -5"><span class='ocrx_word' id='word_1_773' title='bbox 256 5355 334 5389; x_wconf 81' lang='grc' dir='ltr'><strong>αι.</strong></span> 
     </span>
    </p>
   </div>
   <div class='ocr_carea' id='block_1_105' title="bbox 260 5401 1028 5476">
    <p class='ocr_par' dir='ltr' id='par_1_105' title="bbox 260 5401 1028 5476">
     <span class='ocr_line' id='line_1_105' title="bbox 260 5401 1028 5476; baseline -0.007 -15"><span class='ocrx_word' id='word_1_774' title='bbox 260 5405 378 5476; x_wconf 69' lang='grc' dir='ltr'><strong>(ἳὸ)</strong></span> <span class='ocrx_word' id='word_1_775' title='bbox 407 5405 554 5476; x_wconf 80' lang='lat' dir='ltr'><strong>Idem</strong></span> <span class='ocrx_word' id='word_1_776' title='bbox 579 5420 678 5475; x_wconf 88' lang='lat' dir='ltr'><strong>pro</strong></span> <span class='ocrx_word' id='word_1_777' title='bbox 711 5404 886 5474; x_wconf 87' lang='grc' dir='ltr'>θήρης</span> <span class='ocrx_word' id='word_1_778' title='bbox 914 5401 1028 5456; x_wconf 90' lang='grc' dir='ltr'>καί.</span> 
     </span>
    </p>
   </div>
   <div class='ocr_carea' id='block_1_106' title="bbox 259 5466 1759 5547">
    <p class='ocr_par' dir='ltr' id='par_1_106' title="bbox 259 5466 1759 5547">
     <span class='ocr_line' id='line_1_106' title="bbox 259 5466 1759 5547; baseline -0.011 -16"><span class='ocrx_word' id='word_1_779' title='bbox 259 5466 379 5547; x_wconf 76' lang='grc'><strong>(26)</strong></span> <span class='ocrx_word' id='word_1_780' title='bbox 408 5475 500 5547; x_wconf 88' lang='lat' dir='ltr'><strong>Sic</strong></span> <span class='ocrx_word' id='word_1_781' title='bbox 527 5466 705 5530; x_wconf 64' lang='lat' dir='ltr'><strong>sc&#39;ribo</strong></span> <span class='ocrx_word' id='word_1_782' title='bbox 726 5466 823 5545; x_wconf 79' lang='lat' dir='ltr'><strong>pro</strong></span> <span class='ocrx_word' id='word_1_783' title='bbox 843 5466 1067 5544; x_wconf 74' lang='grc' dir='ltr'>’ἔχοντες</span> <span class='ocrx_word' id='word_1_784' title='bbox 1089 5487 1102 5501; x_wconf 77' lang='grc' dir='ltr'><strong>ο</strong></span> <span class='ocrx_word' id='word_1_785' title='bbox 1139 5470 1374 5525; x_wconf 80' lang='lat' dir='ltr'><strong>refertur</strong></span> <span class='ocrx_word' id='word_1_786' title='bbox 1399 5467 1542 5522; x_wconf 89' lang='lat' dir='ltr'><strong>enim</strong></span> <span class='ocrx_word' id='word_1_787' title='bbox 1571 5466 1637 5519; x_wconf 90' lang='lat' dir='ltr'><strong>ad</strong></span> <span class='ocrx_word' id='word_1_788' title='bbox 1663 5476 1759 5516; x_wconf 86' lang='lat' dir='ltr'><strong>vo-</strong></span> 
     </span>
    </p>
   </div>
   <div class='ocr_carea' id='block_1_107' title="bbox 183 5545 651 5613">
    <p class='ocr_par' dir='ltr' id='par_1_107' title="bbox 183 5545 651 5613">
     <span class='ocr_line' id='line_1_107' title="bbox 183 5545 651 5613; baseline -0.002 -14"><span class='ocrx_word' id='word_1_789' title='bbox 183 5545 309 5608; x_wconf 72' lang='lat' dir='ltr'><strong>cem</strong></span> <span class='ocrx_word' id='word_1_790' title='bbox 341 5545 651 5613; x_wconf 86' lang='grc' dir='ltr'>ἀγελαίους.</span> 
     </span>
    </p>
   </div>
   <div class='ocr_carea' id='block_1_108' title="bbox 261 5603 1760 5690">
    <p class='ocr_par' dir='ltr' id='par_1_108' title="bbox 261 5603 1760 5690">
     <span class='ocr_line' id='line_1_108' title="bbox 261 5603 1760 5690; baseline -0.015 -8"><span class='ocrx_word' id='word_1_791' title='bbox 261 5603 494 5686; x_wconf 44' lang='grc' dir='ltr'><strong>(τηιεοῦ</strong></span> <span class='ocrx_word' id='word_1_792' title='bbox 523 5603 712 5690; x_wconf 74' lang='lat' dir='ltr'><strong>scripsi</strong></span> <span class='ocrx_word' id='word_1_793' title='bbox 735 5630 834 5690; x_wconf 86' lang='lat' dir='ltr'><strong>pro</strong></span> <span class='ocrx_word' id='word_1_794' title='bbox 866 5613 947 5680; x_wconf 85' lang='grc' dir='ltr'><strong>τό,</strong></span> <span class='ocrx_word' id='word_1_795' title='bbox 1005 5623 1060 5668; x_wconf 88' lang='lat' dir='ltr'><strong>et</strong></span> <span class='ocrx_word' id='word_1_796' title='bbox 1109 5628 1232 5669; x_wconf 83' lang='lat' dir='ltr'><strong>mox</strong></span> <span class='ocrx_word' id='word_1_797' title='bbox 1288 5609 1369 5676; x_wconf 86' lang='grc' dir='ltr'><strong>τό,</strong></span> <span class='ocrx_word' id='word_1_798' title='bbox 1415 5622 1511 5678; x_wconf 85' lang='lat' dir='ltr'><strong>pro</strong></span> <span class='ocrx_word' id='word_1_799' title='bbox 1542 5606 1655 5664; x_wconf 78' lang='grc' dir='ltr'>τοῦ.</span> <span class='ocrx_word' id='word_1_800' title='bbox 1691 5603 1760 5662; x_wconf 80' lang='lat' dir='ltr'><strong>Ita</strong></span> 
     </span>
    </p>
   </div>
   <div class='ocr_carea' id='block_1_109' title="bbox 1853 5037 2422 5105">
    <p class='ocr_par' dir='ltr' id='par_1_109' title="bbox 1853 5037 2422 5105">
     <span class='ocr_line' id='line_1_109' title="bbox 1853 5037 2422 5105; baseline -0.011 -10"><span class='ocrx_word' id='word_1_801' title='bbox 1853 5041 1998 5100; x_wconf 89' lang='lat' dir='ltr'><strong>enim</strong></span> <span class='ocrx_word' id='word_1_802' title='bbox 2033 5053 2229 5094; x_wconf 87' lang='lat' dir='ltr'><strong>sensus</strong></span> <span class='ocrx_word' id='word_1_803' title='bbox 2248 5037 2422 5105; x_wconf 88' lang='lat' dir='ltr'><strong>jubet,</strong></span> 
     </span>
    </p>
   </div>
   <div class='ocr_carea' id='block_1_110' title="bbox 1929 5103 2774 5179">
    <p class='ocr_par' dir='ltr' id='par_1_110' title="bbox 1929 5103 2774 5179">
     <span class='ocr_line' id='line_1_110' title="bbox 1929 5103 2774 5179; baseline -0.007 -16"><span class='ocrx_word' id='word_1_804' title='bbox 1929 5111 2043 5179; x_wconf 62' lang='grc' dir='ltr'><strong>(ἳὸ)</strong></span> <span class='ocrx_word' id='word_1_805' title='bbox 2075 5111 2151 5162; x_wconf 86' lang='lat' dir='ltr'><strong>Ita</strong></span> <span class='ocrx_word' id='word_1_806' title='bbox 2175 5103 2533 5179; x_wconf 65' lang='lat' dir='ltr'><strong>scribendum</strong></span> <span class='ocrx_word' id='word_1_807' title='bbox 2563 5120 2665 5179; x_wconf 86' lang='lat' dir='ltr'><strong>pro</strong></span> <span class='ocrx_word' id='word_1_808' title='bbox 2695 5103 2774 5157; x_wconf 89' lang='grc' dir='ltr'><strong>τό.</strong></span> 
     </span>
    </p>
   </div>
   <div class='ocr_carea' id='block_1_111' title="bbox 1932 5173 3433 5252">
    <p class='ocr_par' dir='ltr' id='par_1_111' title="bbox 1932 5173 3433 5252">
     <span class='ocr_line' id='line_1_111' title="bbox 1932 5173 3433 5252; baseline -0.005 -18"><span class='ocrx_word' id='word_1_809' title='bbox 1932 5173 2048 5252; x_wconf 66' lang='grc'><strong>(29)</strong></span> <span class='ocrx_word' id='word_1_810' title='bbox 2070 5181 2106 5249; x_wconf 82' lang='grc' dir='ltr'><strong>ἡ</strong></span> <span class='ocrx_word' id='word_1_811' title='bbox 2130 5177 2232 5252; x_wconf 81' lang='grc' dir='ltr'>μὲν</span> <span class='ocrx_word' id='word_1_812' title='bbox 2264 5174 2358 5230; x_wconf 83' lang='grc' dir='ltr'><strong>οὖν</strong></span> <span class='ocrx_word' id='word_1_813' title='bbox 2378 5178 2487 5252; x_wconf 32' lang='grc' dir='ltr'>,τῆς</span> <span class='ocrx_word' id='word_1_814' title='bbox 2517 5173 2712 5252; x_wconf 80' lang='grc' dir='ltr'>κακίας</span> <span class='ocrx_word' id='word_1_815' title='bbox 2735 5176 2886 5252; x_wconf 67' lang='grc' dir='ltr'>φυγή</span> <span class='ocrx_word' id='word_1_816' title='bbox 2903 5177 3074 5230; x_wconf 89' lang='lat' dir='ltr'><strong>debeo</strong></span> <span class='ocrx_word' id='word_1_817' title='bbox 3099 5173 3433 5252; x_wconf 65' lang='lat' dir='ltr'><strong>Qoibertino,</strong></span> 
     </span>
    </p>
   </div>
   <div class='ocr_carea' id='block_1_112' title="bbox 1863 5246 3435 5320">
    <p class='ocr_par' dir='ltr' id='par_1_112' title="bbox 1863 5246 3435 5320">
     <span class='ocr_line' id='line_1_112' title="bbox 1863 5246 3435 5320; baseline -0.006 -17"><span class='ocrx_word' id='word_1_818' title='bbox 1863 5246 1988 5320; x_wconf 76' lang='lat' dir='ltr'><strong>quae</strong></span> <span class='ocrx_word' id='word_1_819' title='bbox 2029 5246 2198 5304; x_wconf 68' lang='lat' dir='ltr'><strong>verba</strong></span> <span class='ocrx_word' id='word_1_820' title='bbox 2241 5264 2309 5302; x_wconf 83' lang='lat' dir='ltr'><strong>ex</strong></span> <span class='ocrx_word' id='word_1_821' title='bbox 2345 5246 2703 5320; x_wconf 89' lang='lat' dir='ltr'><strong>altero_male</strong></span> <span class='ocrx_word' id='word_1_822' title='bbox 2734 5246 3054 5320; x_wconf 68' lang='lat' dir='ltr'><strong>exciderant</strong></span> <span class='ocrx_word' id='word_1_823' title='bbox 3090 5247 3161 5298; x_wconf 92' lang='lat' dir='ltr'><strong>ob</strong></span> <span class='ocrx_word' id='word_1_824' title='bbox 3190 5247 3435 5312; x_wconf 67' lang='lat' dir='ltr'><strong>proxima</strong></span> 
     </span>
    </p>
   </div>
   <div class='ocr_carea' id='block_1_113' title="bbox 1867 5316 2820 5388">
    <p class='ocr_par' dir='ltr' id='par_1_113' title="bbox 1867 5316 2820 5388">
     <span class='ocr_line' id='line_1_113' title="bbox 1867 5316 2820 5388; baseline -0.006 -12"><span class='ocrx_word' id='word_1_825' title='bbox 1867 5316 2195 5376; x_wconf 76' lang='lat' dir='ltr'><strong>antecedens</strong></span> <span class='ocrx_word' id='word_1_826' title='bbox 2223 5335 2237 5371; x_wconf 90' lang='lat'><strong>:</strong></span> <span class='ocrx_word' id='word_1_827' title='bbox 2297 5319 2392 5370; x_wconf 77' lang='grc' dir='ltr'><strong>καὶ</strong></span> <span class='ocrx_word' id='word_1_828' title='bbox 2419 5316 2620 5378; x_wconf 90' lang='grc' dir='ltr'>κακίας</span> <span class='ocrx_word' id='word_1_829' title='bbox 2651 5319 2820 5388; x_wconf 72' lang='grc' dir='ltr'>φυγῇ.</span> 
     </span>
    </p>
   </div>
   <div class='ocr_carea' id='block_1_114' title="bbox 1944 5385 2739 5462">
    <p class='ocr_par' dir='ltr' id='par_1_114' title="bbox 1944 5385 2739 5462">
     <span class='ocr_line' id='line_1_114' title="bbox 1944 5385 2739 5462; baseline -0.005 -18"><span class='ocrx_word' id='word_1_830' title='bbox 1944 5390 2060 5462; x_wconf 69' lang='lat'><strong>(30)</strong></span> <span class='ocrx_word' id='word_1_831' title='bbox 2083 5389 2230 5462; x_wconf 73' lang='lat' dir='ltr'><strong>idem</strong></span> <span class='ocrx_word' id='word_1_832' title='bbox 2265 5388 2420 5462; x_wconf 80' lang='lat' dir='ltr'><strong>Golb.</strong></span> <span class='ocrx_word' id='word_1_833' title='bbox 2444 5403 2550 5462; x_wconf 87' lang='lat' dir='ltr'><strong>pro</strong></span> <span class='ocrx_word' id='word_1_834' title='bbox 2576 5385 2739 5440; x_wconf 80' lang='grc' dir='ltr'>ὲσώσ.</span> 
     </span>
    </p>
   </div>
   <div class='ocr_carea' id='block_1_115' title="bbox 1869 5455 3436 5593">
    <p class='ocr_par' dir='ltr' id='par_1_115' title="bbox 1869 5455 3436 5593">
     <span class='ocr_line' id='line_1_115' title="bbox 1869 5455 3436 5593; baseline -0.011 -74"><span class='ocrx_word' id='word_1_835' title='bbox 1869 5533 1891 5588; x_wconf 54' lang='grc' dir='ltr'><em>ὶ</em></span> <span class='ocrx_word' id='word_1_836' title='bbox 1939 5455 2052 5593; x_wconf 54' lang='lat'><strong>$551)</strong></span> <span class='ocrx_word' id='word_1_837' title='bbox 2082 5458 2174 5514; x_wconf 86' lang='lat' dir='ltr'><strong>Sic</strong></span> <span class='ocrx_word' id='word_1_838' title='bbox 2205 5455 2553 5520; x_wconf 84' lang='lat' dir='ltr'><strong>scribendum</strong></span> <span class='ocrx_word' id='word_1_839' title='bbox 2588 5472 2687 5534; x_wconf 89' lang='lat' dir='ltr'><strong>pro</strong></span> <span class='ocrx_word' id='word_1_840' title='bbox 2713 5456 2882 5538; x_wconf 68' lang='grc' dir='ltr'>πάσῃ,</span> <span class='ocrx_word' id='word_1_841' title='bbox 2903 5463 2959 5511; x_wconf 87' lang='lat' dir='ltr'><strong>et</strong></span> <span class='ocrx_word' id='word_1_842' title='bbox 2989 5470 3111 5516; x_wconf 78' lang='lat' dir='ltr'><strong>mox</strong></span> <span class='ocrx_word' id='word_1_843' title='bbox 3141 5455 3313 5529; x_wconf 62' lang='grc' dir='ltr'><strong>λαῦᾗν</strong></span> <span class='ocrx_word' id='word_1_844' title='bbox 3337 5468 3436 5529; x_wconf 62' lang='lat' dir='ltr'><strong>pro</strong></span> 
     </span>
     <span class='ocr_line' id='line_1_116' title="bbox 1889 5551 2072 5593; baseline 0 -8"><span class='ocrx_word' id='word_1_845' title='bbox 1889 5551 1936 5586; x_wconf 64' lang='grc' dir='ltr'>,τι</span> <span class='ocrx_word' id='word_1_846' title='bbox 1976 5551 2072 5593; x_wconf 82' lang='grc' dir='ltr'>ειν,</span> 
     </span>
    </p>
   </div>
   <div class='ocr_carea' id='block_1_116' title="bbox 1889 5551 2072 5594">
    <p class='ocr_par' dir='ltr' id='par_1_116' title="bbox 1889 5551 2072 5594">
     <span class='ocr_line' id='line_1_117' title="bbox 1889 5551 2072 5594; baseline 0.011 -9"><span class='ocrx_word' id='word_1_847' title='bbox 1889 5551 2072 5594; x_wconf 67' lang='grc' dir='ltr'>ιαοειν,</span> 
     </span>
    </p>
   </div>
  </div>
