3828 6202
429 220 536 284 ’143

1577 230 1838 292 ΡΗΟΤΙΙ
1877 231 2376 292 ΡΑΤΒΙΑΒΟΗΑΞ
2401 235 2507 295 CP.

3513 239 3599 305 iu

426 340 482 387 et
529 330 692 402 hujus
734 334 949 403 generis
976 337 1120 403 alia;
1181 338 1229 394 si
1253 338 1488 411 denique
1510 342 1714 398 nullam
1741 344 1977 414 cuiquan

2101 344 2372 415 μηδεμίαν
2399 345 2571 415 λαϐὴν
2599 345 2936 418 ἐμπαρέχειν
2955 359 2969 375 ο
3000 339 3172 398 ταῦτα
3193 349 3285 400 καὶ
3315 346 3374 401 τὰ
3399 353 3602 406 τοιαῦτα.

425 421 886 481 animadvertendi
948 431 1001 482 in
1056 447 1114 484 se
1171 435 1514 489 occasionem
1568 437 1796 506 praebet;
1855 440 1990 506 hare,

427 515 672 585 inquam,
723 527 778 574 et
831 521 940 592 hic,
968 525 1188 592 similia,
1250 527 1434 584 invitis
1467 530 1628 585 etiam
1667 533 1846 598 nobis,
1872 533 1992 587 illu-

424 615 590 661 strem
623 617 680 663 et
701 611 1065 668 clarissimam
1095 615 1271 670 lucem
1303 618 1582 674 hominum
1609 623 1782 679 oculis
1811 624 1991 678 offun-

421 697 578 753 dunt.
631 693 777 755 Ideni
806 704 910 760 hoc
939 705 1099 762 divus
1132 706 1355 775 Paulus,
1387 711 1671 767 Timotheo
1702 716 1989 770 sacerdotii

421 789 566 860 leges
589 791 889 860 inculcaus,
925 797 1000 851 ait
1061 814 1077 852 :
1143 818 1161 851 ι
1191 797 1414 870 Oportet
1442 819 1570 858 vero
1590 803 1751 860 illum
1786 807 1988 862 bonum

420 883 792 939 testimonium
809 889 974 943 etiam
997 889 1066 944 ab
1092 893 1330 948 externis
1355 894 1634 952 habere".
1663 915 1682 948 ›
1721 898 1987 955 Vitiorum

419 988 583 1042 porro
613 975 739 1046 fuga
767 979 946 1046 ellicit,
1008 991 1068 1036 ut
1092 982 1295 1039 Judaeis
1325 995 1376 1038 et
1414 988 1736 1054 gentilibus,
1789 1001 1847 1046 et
1893 994 1989 1046 toti

415 1064 674 1124 Ecclesiae
711 1070 916 1127 Christi
965 1089 1071 1128 non
1100 1076 1209 1130 siut
1237 1077 1560 1135 oﬂ‘endiculo
1589 1081 1657 1136 ⁵⁸.
1711 1081 1989 1154 Jejunium

414 1175 565 1224 vero,
618 1172 674 1218 et
722 1179 1020 1235 pauperum
1053 1169 1354 1235 miseratio,
1406 1172 1766 1245 lacrymaeque
1795 1179 1988 1232 oculo-

415 1267 534 1306 rum
565 1261 620 1308 et
651 1254 859 1310 intenta
905 1261 1148 1328 precatio
1194 1263 1332 1317 clam
1364 1265 1477 1320 fieri
1530 1279 1749 1334 amant;
1797 1273 1985 1326 eadem

412 1358 544 1398 vero
573 1345 756 1400 itidem
785 1347 968 1418 fugam
1009 1353 1264 1408 vitiorum
1291 1356 1375 1411 sui
1401 1358 1605 1412 habent
1635 1360 1985 1431 interpretem

383 1437 580 1490 .altum
612 1438 960 1509 clamantem,
987 1455 1041 1498 et
1077 1462 1380 1516 prmeoncm
1415 1451 1703 1518 illustrem,
1733 1458 1985 1524 quando-

385 1527 628 1593 nquidem
660 1529 752 1584 illa
795 1531 1079 1589 hominum
1129 1539 1321 1594 oculos
1352 1540 1587 1609 primum
1613 1547 1986 1617 perstringens

375 1618 636 1675 Iocculla:
675 1622 840 1677 etiam
881 1625 1100 1682 virtutis
1167 1630 1512 1699 splendorem
1582 1651 1769 1691 secum
1817 1638 1982 1702 ferre,

406 1720 458 1765 et
478 1714 654 1770 oculis
677 1715 924 1786 ingerere
953 1723 1256 1776 consuevit.

479 1804 622 1859 Sunt
653 1821 784 1862 vero
823 1809 1010 1876 etiam,
1073 1824 1201 1866 sunt
1253 1813 1477 1870 virtutes
1515 1820 1806 1886 nonnullae,
1839 1837 1978 1892 quas

407 1896 460 1950 in
490 1897 729 1952 medium
764 1899 1034 1968 proferre,
1070 1904 1307 1960 maxime
1344 1923 1476 1961 vero
1530 1909 1671 1972 illos,
1727 1913 1821 1980 qui
1858 1914 1978 1968 aliis

407 1989 645 2060 praefecti
673 2002 822 2060 sunt,
859 2005 1091 2064 Oportet.
1125 1996 1402 2054 Justitiam
1434 2010 1586 2071 puto,
1617 2012 1672 2058 et
1697 2004 1974 2073 pietatem.

405 2098 706 2154 carumque
767 2087 1060 2152 vindicem,
1121 2088 1517 2160 fortitudinem,
1586 2094 1838 2167 aliasque
1869 2098 1978 2153 illis

405 2176 614 2232 amnes.
664 2175 955 2248 Propterea
1011 2197 1110 2237 nec
1155 2184 1275 2238 illas
1325 2185 1583 2242 Servator
1634 2189 1688 2242 iu
1741 2190 1978 2245 obscuro

406 2267 597 2322 haberi
649 2267 826 2339 jubet,
869 2273 960 2326 sed
987 2272 1252 2343 jejunium
1292 2278 1494 2344 potius,
1550 2279 1974 2351 clecmosynam,

404 2360 601 2430 hisque
638 2361 864 2418 similes.
914 2364 971 2418 1ιι
1021 2367 1279 2420 omuibus
1315 2377 1494 2423 tamen
1538 2370 1690 2438 illud,
1725 2373 1870 2441 quod
1906 2375 1975 2430 ad

401 2455 826 2510 ostentationem
883 2468 938 2510 et
993 2473 1146 2514 vana:
1215 2461 1400 2530 gloria:
1450 2463 1688 2518 studium
1746 2478 1972 2537 spectat,

402 2548 590 2616 procul
632 2563 755 2604 esse
795 2551 930 2612 vult.
988 2563 1148 2623 atque
1209 2554 1260 2608 id
1305 2555 1524 2623 quidem
1559 2572 1656 2627 per
1709 2560 1977 2614 occultum

401 2637 556 2704 illud,
581 2648 636 2692 et
675 2649 1004 2712 praeceptum
1071 2661 1086 2697 :
1121 2661 1168 2710 ιι
1191 2641 1269 2698 Ne
1324 2647 1461 2700 sciat
1505 2648 1728 2703 dextera
1758 2659 1849 2704 tua
1888 2666 1974 2714 ea,

399 2742 522 2796 quae
550 2739 681 2783 sunt
735 2730 1047 2798 sinistrae,»
1110 2733 1332 2789 indicat.
1401 2736 1507 2802 Qui
1568 2753 1694 2794 vero
1737 2750 1975 2795 mentem

399 2835 590 2888 puram
635 2829 690 2876 et
729 2821 921 2878 affectu
957 2815 1295 2895 superiorem
1346 2828 1529 2897 habet,
1579 2831 1695 2887 sive
1725 2830 1774 2885 is
1804 2832 1974 2900 domi,

399 2913 515 2967 sive
544 2915 598 2967 in
619 2914 871 2980 ecclesia,
927 2917 1043 2974 sive
1090 2919 1146 2973 in
1181 2921 1356 2976 media
1398 2923 1534 2978 urbe
1559 2924 1759 2980 bonum
1788 2924 1974 2992 faciat,

398 3018 729 3080 praeceptum
765 3009 983 3066 Domini
1013 3014 1364 3071 curatissime
1384 3017 1660 3072 observat.
1710 3016 1804 3072 llle
1829 3021 1974 3073 enim

399 3115 509 3156 non
550 3102 616 3156 ad
653 3104 1095 3172 ostentationem,
1163 3121 1338 3178 neque
1380 3125 1476 3178 per
1497 3126 1650 3166 vanae
1675 3115 1861 3182 gloria:
1883 3133 1979 3170 au-

397 3193 621 3264 cupium
658 3210 756 3249 sua
794 3197 925 3265 agit,
959 3198 1056 3252 sed
1094 3212 1260 3268 opere
1287 3215 1388 3256 suo
1413 3211 1721 3270 spectantes
1751 3208 1980 3275 quosvis

401 3287 468 3340 ad
523 3287 738 3342 Iaudem
764 3287 947 3344 Patris
995 3291 1285 3346 convertit.
1343 3283 1652 3360 Quoniam'
1683 3313 1815 3353 vero
1868 3315 1977 3354 non

403 3379 606 3435 multos
636 3381 774 3435 tales
795 3381 1040 3435 videmus
1089 3384 1357 3452 \praaclari
1387 3385 1532 3440 enim
1551 3387 1732 3458 operis
1749 3389 1980 3446 altitudo

400 3476 636 3524 mentem
673 3485 858 3523 secum
912 3472 1110 3536 evehit,
1167 3489 1478 3546 vanumque
1509 3477 1696 3549 gloria:
1733 3481 1976 3536 studium

401 3574 566 3630 grave
629 3561 795 3614 telum
876 3563 1146 3628 demittit,
1220 3578 1520 3638 pectusque
1575 3570 1742 3626 etiam
1808 3574 1979 3644 probe

401 3650 671 3705 munitum
706 3650 899 3706 laedere
924 3663 976 3707 et
998 3654 1062 3708 ad
1095 3654 1350 3710 inferiora
1375 3657 1717 3726 prmeipitare
1752 3664 1975 3730 potest),

400 3741 575 3795 multo
628 3743 798 3798 tutius
843 3754 947 3808 est,
980 3745 1025 3800 si
1081 3746 1219 3800 bona
1279 3757 1440 3817 atque
1479 3763 1542 3804 ea
1574 3750 1630 3803 in
1662 3752 1874 3821 primis,
1909 3753 1978 3808 de

399 3835 598 3902 quibus
653 3836 915 3904 diximus,
965 3837 1020 3892 in
1059 3839 1276 3894 occulto
1305 3851 1648 3910 praestentur.
1704 3843 1808 3910 Qui
1839 3861 1973 3901 vero

398 3937 556 3983 extra
583 3945 801 3984 omnem
849 3931 938 3985 teli
973 3931 1136 4002 hujus
1190 3935 1396 4003 jactum
1443 3937 1602 4006 positi
1656 3949 1818 4006 sunt,
1867 3940 1975 3995 illis

396 4023 656 4077 virtutem
687 4023 850 4078 etiam
883 4023 938 4076 in
975 4029 1162 4094 aprico
1208 4034 1263 4081 et
1291 4027 1468 4098 palam
1491 4032 1793 4086 consectari
1826 4032 1971 4086 licet.

399 4114 479 4168 lla
512 4113 764 4169 Salvator
797 4128 1018 4185 quoque
1062 4125 1248 4170 noster
1281 4131 1675 4188 nonnunquam
1708 4121 1973 4176 miracula

397 4223 496 4278 sua
524 4206 666 4262 inter
693 4207 902 4263 medios
933 4209 1186 4263 homines
1207 4218 1260 4264 et
1283 4209 1335 4262 in
1363 4211 1653 4281 synagogis
1683 4214 1969 4282 patrabat;

399 4315 795 4370 nonnunquam
849 4315 980 4355 vero
1026 4301 1116 4356 illa
1165 4301 1433 4370 publicari
1479 4318 1590 4357 non
1637 4305 1970 4373 patiebatur.

2096 435 2191 486 καὶ
2227 434 2495 504 μηδαμῶς
2530 433 2872 504 βουλομένων
2920 433 3077 504 ἡμῶν
3115 433 3354 504 λαμπρὸν
3380 435 3605 509 ἀναστρά-

2094 541 2218 577 πτει
2248 527 2343 580 καὶ
2366 525 2513 596 μέγα
2535 526 2650 596 φῶς
2665 529 2778 592 τοῖς
2799 525 3321 597 ἀνθρώποις.ιΤοῠτο
3343 528 3428 580 καὶ
3455 529 3606 594 decio;

2095 615 2328 682 Παῦλος,
2365 615 2603 687 θεσμοὺς
2632 618 2732 687 τῆς
2779 617 3082 688 ἱερωσύνης
3128 618 3445 689 ὑπογράφων
3473 621 3609 690 Tuto-

2093 708 2217 778 Οέῳ,
2259 709 2438 776 λέγει’
2477 729 2495 762 ι
2548 712 2640 763 Δεῖ
2669 710 2725 763 δὲ
2771 709 2936 764 αὑτὸν
2987 710 3080 763 καὶ
3128 711 3425 782 μαρτυρίαν
3469 713 3608 786 καλὴν

2091 801 2237 871 ἔχειν
2260 803 2324 856 ἐκ
2352 802 2461 856 τῶν
2499 803 2720 868 ἔξωθεν.
2772 823 2790 856 ι
2844 804 3007 857 Ἀλλά
3031 805 3126 858 καὶ
3166 805 3229 858 τὸ
3277 806 3612 876 άπροσκόπους

2092 891 2343 959 γενέσθαι
2387 893 2660 958 Ἰουδαίοις
2693 911 2753 947 τε
2782 875 2877 947 καὶ
2921 895 3169 966 Ἕλλησι,
3201 897 3292 948 καὶ
3318 875 3381 968 τῇ
3415 897 3610 968 Ἐκκλη-

2093 987 2184 1057 σία
2217 987 2365 1058 πάσῃ
2392 986 2487 1040 τοῦ
2527 988 2789 1060 Χριστοῦ,
2835 989 2869 1058 ἡ
2899 989 2999 1058 τῆς
3031 987 3228 1051 κακίας
3253 988 3513 1059 συνίστησι
3539 992 3614 1043 καὶ

2092 1077 2489 1142 κατασκευάζει
2511 1080 2682 1151 φυγή.
2702 1080 2948 1150 Νηστεία
2974 1080 3053 1139 δὲ,
3077 1081 3170 1133 καὶ
3197 1081 3432 1149 πενήτων
3446 1077 3612 1146 οἶκτος,

2091 1170 2186 1222 καὶ
2215 1170 2454 1241 δάκρυον
2488 1171 2548 1236 ἐξ
2586 1173 2872 1243 ὀμμάτων,
2906 1173 3000 1226 καὶ
3025 1174 3336 1243 προσευχῆς
3350 1174 3486 1237 τόνος
3502 1174 3616 1242 φιλεί

2093 1261 2190 1330 μὲν
2217 1265 2316 1333 τῆς
2347 1264 2615 1334 ἐργασίας
2655 1265 2716 1318 τὸ
2745 1265 2999 1337 κρύφιον,
3023 1264 3175 1317 οὐδὲν
3202 1262 3264 1318 δὲ
3290 1259 3444 1336 ἦττον
3483 1282 3617 1334 μηνυ-

2089 1352 2189 1424 τὴν
2243 1354 2630 1424 μεγαλόφωνον
2675 1357 2770 1410 καί
2813 1357 3034 1427 κήρυκα
3066 1355 3381 1425 διαπρύσιον
3427 1356 3514 1428 τὴν
3537 1358 3617 1425 τῆς

2089 1449 2284 1510 κακίας
2318 1446 2433 1517 ἔχει
2463 1449 2643 1519 φυγὴν
2662 1490 2676 1514 ,
2709 1449 2830 1518 ἥτις
2861 1451 2976 1511 τοῖς
3008 1446 3317 1519 ἀνθρώποις
3345 1449 3617 1520 προεκλάμο

2087 1538 2238 1608 ψασα
2271 1540 2701 1609 συνεφέλκεσθαι
2738 1559 2853 1604 πως
2882 1542 2976 1593 καὶ
3021 1539 3444 1608 συνδιοιλάμπειν
3479 1541 3615 1611 φιλεῖ,

2019 1695 2061 1752 Β
2089 1630 2178 1682 καί
2212 1630 2311 1700 τῆς
2332 1630 2567 1701 κρυφίου
2602 1631 2805 1702 άρετῆς
2831 1631 2930 1701 τὴν
2962 1631 3353 1702 μαρμαρυγήν.

2158 1811 2278 1866 Εἰσὶ
2312 1813 2357 1866 δ’
2391 1813 2506 1880 οὖν,
2537 1815 2644 1868 είσί
2687 1831 2833 1878 τινες
2885 1815 3100 1887 ἀρεταὶ,
3145 1815 3213 1879 ἃς
3253 1816 3333 1879 είς
3381 1815 3438 1868 τὺ
3486 1816 3620 1885 μέσον

2085 1904 2230 1968 εἰκὸς
2285 1905 2549 1976 πράττειν
2601 1907 2696 1959 καὶ
2747 1906 2983 1976 μάλιστα
3038 1908 3166 1972 τοὺς
3234 1907 3618 1978 προεστηκότας,

2084 1996 2708 2070 δικαιοσύνη,φημὶ,καὶ
2741 1999 3016 2062 εὐσέϐεια,
3048 2000 3192 2071 καὶὴ
3225 1999 3422 2068 ταύτης
3441 2001 3620 2068 πρόμαο

2085 2104 2180 2159 χος
2206 2089 2450 2161 ἀνδρεία,
2471 2091 2565 2144 καὶ
2592 2091 2714 2144 ὅσαι
2751 2091 3047 2162 συνέριθοι.
3079 2091 3280 2162 Διόπερ
3309 2091 3422 2145 οὐδὲ
3451 2089 3619 2153 ταύτας

2083 2181 2111 2231 ὁ
2159 2180 2349 2251 Σωτὴρ
2400 2179 2480 2251 τῷ
2541 2181 2858 2236 λανθάνοντι
2914 2182 3355 2253 περιγράφεσθαι
3419 2180 3616 2241 κελεύει,

2084 2271 2339 2337 νηστείαν
2367 2271 2423 2324 δὲ
2445 2272 2538 2324 καὶ
2569 2271 2963 2344 ἐλεημοσύνην,
2993 2275 3088 2326 καὶ
3127 2273 3180 2326 εί
3209 2291 3262 2326 τι
3285 2273 3476 2344 ὅμοιον.
3502 2273 3619 2341 Πλὴν

2085 2364 2180 2415 ἐπὶ
2211 2363 2403 2416 πασῶν
2436 2381 2498 2432 γε
2528 2363 2589 2416 τὸ
2629 2364 2764 2436 πρὸς
2785 2364 3044 2430 ἐπίδειξίν
3076 2382 3137 2418 τε
3173 2365 3354 2419 καὶτὸ
3383 2363 3622 2428 κενόδοξον

2085 2453 2338 2526 ἐξορίζει,
2372 2455 2650 2510 καὶτοῦτο
2675 2455 2827 2527 αὐτῷ
2859 2457 2920 2509 τὸ
2939 2459 3198 2527 κρύφιον
3230 2457 3341 2530 (32)
3386 2457 3619 2528 βούλεται,

2013 2546 2016 2552 ’
2082 2548 2178 2600 καὶ
2209 2547 2268 2600 τὸ
2305 2545 2380 2618 μὴ
2400 2545 2604 2616 γνῶναι
2639 2548 2738 2618 τὴν
2781 2548 2964 2613 δεξιὰν
2999 2548 3070 2602 τὰ
3112 2549 3220 2620 τῆς
3255 2549 3544 2622 ἀριστερᾶς.
3575 2551 3622 2600 ὐ

2006 3056 2051 3116 C

2083 2642 2138 2696 δὲ
2163 2641 2580 2713 καθαρεύουσαν
2595 2643 2696 2713 τὴν
2719 2643 2949 2714 γνώμην
2974 2643 3114 2715 ἔχων
3141 2645 3240 2698 καὶ
3267 2643 3527 2713 άνωτέραν
3543 2641 3619 2694 τοῦ

2083 2734 2309 2800 πάθους,
2341 2734 2406 2788 ἄν
2431 2751 2490 2789 τε
2529 2736 2586 2787 ἐν
2608 2735 2775 2805 οἰκίᾳ,
2804 2735 2869 2788 ἄν
2889 2752 2950 2788 τε
2976 2735 3340 2806 ὲνίέκκλησὶᾳ
3359 2777 3371 2798 ,
3403 2735 3464 2788 ἄν
3485 2751 3537 2786 τε
3576 2735 3620 2784 ἐν

2083 2829 2219 2899 αὐτῇ
2245 2833 2387 2900 μέσῃ
2416 2827 2569 2880 πόλει
2617 2828 2832 2899 πράττῃ
2856 2827 2915 2880 τὸ
2946 2827 3133 2890 καλὸν,
3161 2827 3281 2896 τῆς
3327 2823 3623 2890 Δεσποτικῆς

2084 2925 2228 2975 ἐστιν
2259 2921 2481 2991 ἐντολῆς
2527 2921 2924 2992 ἀκριϐέστατος
2972 2919 3167 2989 φύλαξ,
3233 2919 3402 2982 Αὐτός
3445 2936 3500 2971 τε
3536 2918 3623 2985 γὰρ

2083 3016 2144 3068 οὐ
2174 3015 2309 3086 πρὸς
2355 3015 2615 3082 ἐπίδειξιν
2647 3014 2766 3067 οὐδὲ
2806 3014 2970 3082 κενῆς
3018 3011 3178 3081 δόξης
3226 3012 3488 3083 προϐολὴν
3543 3008 3624 3077 τὴν

2085 3107 2282 3178 πρᾶξιν
2313 3109 2569 3171 ποιεῖται,
2603 3108 2696 3160 καὶ
2721 3105 2798 3176 τῷ
2828 3105 2974 3176 ἔργῳ
3010 3105 3140 3168 τοὺς
3175 3103 3417 3174 ὁρῶντας
3451 3103 3523 3164 είς
3546 3099 3624 3170 τὴν

2080 3199 2175 3252 τοῦ
2240 3199 2454 3269 Πατρδς
2505 3197 2663 3263 δόξαν
2723 3197 3064 3270 ἐπιστρέφει.
3117 3196 3269 3267 Πλὴν
3313 3194 3529 3263 ἐπείπερ
3575 3191 3625 3242 οὑ

2081 3291 2309 3355 πολλοὺς
2350 3292 2567 3364 ὁρῶμεν
2618 3292 2723 3362 (ὅτι
2765 3291 3061 3360 συνανυψοῖ
3085 3290 3268 3358 ἑαυτῷ
3295 3289 3356 3342 τὸ
3392 3287 3516 3356 ὕψος
3549 3282 3625 3336 τοῦ

2081 3383 2502 3454 κατορθώματος
2524 3398 2537 3412 ·
2576 3381 2805 3454 σφοδρὸν
2831 3383 2938 3454 γάρ
2964 3383 3162 3453 ἀφίησι
3192 3380 3433 3436 κάτωθεν
3461 3380 3492 3448 η
3517 3374 3628 3445 κενὴ

2079 3474 2204 3538 δόξα
2228 3474 2289 3526 τὸ
2319 3473 2496 3544 βέλος,
2531 3474 2626 3526 καὶ
2647 3472 2850 3542 δυνατὴ
2869 3472 2981 3542 (55)
3006 3471 3271 3533 πολλάκις
3298 3471 3390 3523 καὶ
3430 3464 3627 3536 στεῤῥὶιν

2077 3563 2208 3638 ἦθος
2229 3565 2496 3629 διελάσαι,
2523 3564 2618 3618 καὶ
2641 3565 2774 3634 πρὸς
2797 3564 2866 3616 τὰ
2894 3563 3046 3617 κάτω
3069 3559 3442 3632 περιτρέψαι),
3472 3558 3626 3656 ἀσφα-

2078 3659 2308 3732 λεστέρα
2338 3658 2576 3729 πολλῷή
2616 3659 2674 3711 ἐν
2716 3656 2795 3726 τῷ
2828 3655 3080 3728 κρυπτῷ,
3133 3655 3230 3707 καὶ
3279 3653 3502 3724 μάλιστα
3537 3653 3629 3700 τᾶν

2079 3753 2451 3822 εἰσαγομένων
2484 3751 2801 3822 εὑρίσκεται
2848 3750 3107 3822 ἐργασία.
3142 3747 3273 3812 Τοῖς
3311 3747 3355 3801 δ’
3392 3746 3490 3812 ἔξω
3515 3760 3630 3796 παν·

2077 3845 2268 3908 τελοῦς
2305 3845 2498 3915 βέλους
2527 3846 2812 3913 γεγονόσιν
2845 3841 3125 3902 ἀκώλυτος
3151 3843 3185 3912 ἡ
3219 3843 3279 3894 ἐν
3305 3835 3514 3910 φανερῷ
3548 3835 3629 3887 καὶ

2076 3937 2313 4008 δημοσίᾳ
2359 3937 2732 4008 πραττομένη.
2779 3937 2931 3988 Ἐπεὶ
2957 3934 3052 3988 καὶ
3082 3937 3110 3989 ὁ
3156 3933 3349 4006 Σωτὴρ
3383 3930 3504 3984 ποτὲ
3547 3928 3632 3998 μὲν

2077 4031 2158 4093 είς
2210 4029 2413 4100 μέσους
2467 4031 2561 4082 καὶ
2607 4030 2666 4082 ἐν
2713 4031 2833 4092 ταῖς
2879 4029 3229 4096 συναγωγαῖς
3281 4025 3350 4079 τὰ
3403 4021 3627 4093 θαύματα

2077 4119 2350 4180 ἐπετέλει,
2383 4118 2498 4172 ἐσθ’
2525 4119 2614 4171 ὅτε
2660 4119 2717 4173 δέ
2747 4120 2847 4172 οὑκ
2880 4120 2968 4172 εία
3005 4117 3430 4189 δημοσιεύεσθαι
3458 4113 3624 4167 ταῦτα.

2076 4212 2150 4266 Τὸ
2187 4211 2306 4282 μὲν,
2337 4211 2421 4263 ὅτι
2448 4211 2701 4280 καθάπερ
2723 4213 2819 4265 καὶ
2841 4214 2952 4274 τοῖς
2977 4209 3161 4274 ἄλλοις
3189 4211 3420 4265 πάθεσιν
3443 4210 3627 4278 ἀπροσ-

2077 4307 2345 4370 πέλαστος
2373 4307 2511 4370 ὅλως
2553 4301 2642 4377 ἦν,
2676 4305 2820 4359 οὕτω
2849 4307 2942 4360 καὶ
2982 4305 3078 4377 τὴν
3105 4304 3415 4370 κενοδοξίαν
3442 4302 3625 4372 ἀπρόσ-

395 4393 639 4448 Alterum
661 4393 882 4465 quidem
912 4408 1102 4448 eorum
1127 4392 1380 4458 faciebat,
1411 4395 1580 4464 quod,
1601 4397 1748 4452 sicut
1765 4397 1971 4453 affecti-

2084 4414 2188 4449 ιτον
2217 4399 2468 4466 κατεῖχεν
2501 4413 2516 4427 ο
2550 4397 2610 4449 τὸ
2636 4397 2716 4461 δὲ,
2741 4397 2941 4449 κανόνα
2975 4398 3070 4449 καὶ
3109 4397 3368 4467 γνώμονα
3399 4391 3624 4463 παρέχων

393 4486 498 4542 bus
549 4485 673 4541 aliis
717 4485 972 4541 omnibus
1005 4500 1232 4555 prorsus
1262 4501 1370 4540 non
1403 4495 1523 4541 erat
1557 4488 1852 4554 obnoxius,
1893 4489 1968 4544 ita

2076 4493 2230 4560 ἡμῖν,
2261 4489 2486 4560 φεύγειν
2521 4507 2580 4542 τε
2605 4491 2702 4552 τὰς
2737 4489 3046 4554 magism,
3094 4491 3191 4544 καὶ
3220 4491 3349 4550 τοὺς
3376 4483 3620 4551 πεπλανη·

394 4595 495 4635 nec
521 4580 869 4636 ostentationi
909 4576 1150 4649 patebat.
1182 4578 1430 4636 Alterum
1461 4595 1612 4646 vero,
1638 4591 1696 4636 ut
1724 4582 1967 4652 regulam

2084 4584 2274 4652 μένους
2301 4581 2410 4637 τῶν
2441 4581 2652 4635 πολλῶν
2691 4581 3076 4651 διακρούεσθαι
3121 4582 3399 4644 ἐπαίνους.
3435 4578 3625 4631 Τελειο-

391 4682 448 4726 et
473 4672 784 4742 exemplum
814 4672 975 4726 nobis
997 4670 1288 4742 praaberet,
1331 4670 1400 4726 ad
1435 4671 1750 4742 fugiendam
1780 4684 1968 4729 osten-

395 4764 688 4830 tationem,
749 4773 803 4820 et
849 4763 1193 4819 errabundos
1242 4764 1388 4835 vulgi
1452 4765 1678 4834 plausus
1737 4766 1967 4822 sollicite

392 4856 666 4911 vitandos.
694 4855 1193 4929 PerfeCtiusitaque
1207 4865 1265 4913 et
1291 4856 1658 4928 perfectorum
1681 4858 1963 4914 hominum

2074 4675 2208 4745 τέρα
2234 4675 2333 4746 μὲν
2361 4673 2455 4728 οὖν
2485 4676 2580 4727 καί
2604 4673 2849 4739 τελείων,
2905 4673 3094 4745 ῶσπερ
3130 4674 3364 4744 ἔφαμεν,
3404 4674 3435 4743 ἡ
3478 4673 3532 4723 ἐν
3561 4667 3626 4735 τῷ

2077 4767 2227 4836 μέσῳ
2254 4765 2473 4836 πρᾶξις,
2505 4765 2887 4837 ἀσφαλεστέρα
2934 4764 2991 4818 δέ
3041 4769 3075 4836 η
3099 4766 3456 4820 λανθάνουσα.
3499 4761 3624 4814 Ἐκεῖ

2075 4858 2176 4927 μὲν
2203 4859 2310 4928 γὰρ
2351 4859 2614 4922 πολλάκις
2645 4856 2882 4911 λαθοῦσα
2917 4859 3291 4912 συνεισδύεται
3322 4861 3385 4928 τῇ
3413 4857 3566 4927 ἀρετῇ
3595 4855 3621 4921 ἡ

387 4957 496 5013 est,
539 4951 685 5018 quod
739 4949 1000 5014 diximus,
1054 4950 1332 5019 publicum
1363 4949 1584 5005 virtutis
1629 4950 1872 5005 studium
1913 4961 1968 5005 et

2084 4951 2262 5014 κακία,
2298 4951 2531 5004 ἐνταῦθα
2561 4951 2616 5004 δὲ
2655 4953 2778 5019 τόγε
2811 4951 2899 5003 ἐπ’
2932 4953 3070 5022 αὐτῇ
3099 4955 3161 5022 τῇ
3205 4952 3419 5021 κρυφίῳ
3449 4946 3620 5018 πράξει

387 5041 732 5106 exercitium,
774 5043 945 5096 tutius
979 5058 1108 5096 vero
1138 5041 1439 5096 occultum.
1490 5039 1566 5098 lbi
1617 5043 1764 5097 enim
1789 5043 1964 5098 latens

452 5245 502 5279 ⁸⁸
533 5245 551 5302 Ι
580 5243 723 5300 Tim.
752 5261 838 5313 ιιι,
869 5244 919 5298 7.
956 5245 1000 5278 ⁸⁸
1029 5243 1048 5298 l
1074 5244 1198 5299 Cor.
1229 5260 1284 5310 x,
1305 5242 1396 5297 '52.

2071 5043 2518 5114 ἀποτετείχισται
2573 5044 2850 5107 παντελῶς
2891 5045 3031 5115 αὐτῇ
3081 5045 3196 5113 (54)
3257 5047 3292 5116 ἡ
3335 5041 3619 5100 διείσδυσις.

1971 5403 2178 5462 NOT/E
2189 5443 2203 5460 .

450 5609 564 5678 (52)
595 5611 654 5662 ἐν
675 5608 754 5679 τῷ
783 5607 1036 5679 κρυπτῷ,
1072 5608 1260 5664 Matth.
1284 5625 1357 5676 Vt,
1389 5611 1443 5666 4.

450 5681 564 5752 (33)
586 5680 723 5736 Cum
745 5679 898 5736 Colb.
924 5696 1024 5750 pro
1055 5681 1141 5734 διὰ
1173 5680 1242 5733 τί.

2134 5617 2246 5700 (54)
2281 5619 2466 5673 Malim
2527 5620 2719 5691 αὐτῆς,
2759 5622 2971 5679 scilicet
3022 5617 3241 5687 κακίας.
3289 5620 3370 5678 rel
3419 5620 3544 5686 αὕτη
3581 5613 3611 5674 ἡ

2059 5686 2364 5753 διεισδυσις.
